3846 6220
103 311 232 364 809
1187 316 1250 370 IN
1281 317 1575 374 CANTICA
1614 317 1885 374 CANTIC.
1914 320 2193 377 HOMILIA
2233 323 2316 378 Ill.
3263 328 3368 382 810

101 423 320 498 ὥσπερ
350 427 442 480 ἐπὶ
471 427 565 481 τοῦ
599 431 726 484 Σινᾶ
759 435 1339 504 προπαρασκευασθεὶς
1363 440 1473 500 τοῖς
1500 437 1700 508 καθαρ-

1807 443 1970 496 tertio
2009 443 2202 514 dignus
2227 452 2502 510 censetur,
2546 459 2759 498 summo
2798 459 2975 509 mane,
3018 454 3076 498 ut
3121 447 3169 499 ei
3224 445 3368 502 Dens

101 516 268 582 ρεοις
311 518 341 568 6
398 517 612 588 Ἰσραὴλ
645 522 703 572 ἐν
728 521 965 592 ἡμέραις
1011 523 1125 588 δύο,
1160 528 1227 596 τῇ
1259 525 1418 597 τρίτῃ
1448 528 1587 580 κατὰ
1611 528 1700 579 τὸν

1805 543 2080 601 appareat,
2114 552 2222 588 nun
2255 536 2489 604 amplius
2513 542 2811 605 occupatus
2834 536 2888 589 in
2925 535 3171 591 lavandis
3199 538 3369 591 vesti-

97 606 323 677 ὄρθρον
371 609 619 674 ἀξιοῦται
663 609 764 680 τῆς
802 611 1156 681 θεοφανείας,
1203 617 1384 669 οὐκέτι
1435 619 1562 688 περὶ
1605 618 1704 688 τὴν

99 694 323 747 πλύσιν
348 696 457 749 τῶν
487 697 717 768 ἱματίων
760 699 985 770 ἄσχολος
1034 701 1143 766 ὢν,
1191 704 1305 757 ἀλλ’
1351 705 1512 759 αὑτὸν
1556 705 1706 776 δεχό-

104 801 290 852 μενος
337 785 593 855 ἐμφανῶς
624 787 714 839 τὸν
746 787 877 842 Θεὸν
898 829 914 854 ,
969 781 1030 842 οὗ
1083 791 1242 861 χάριν
1278 791 1368 844 τὸν
1397 792 1497 863 τῆς
1528 792 1705 863 ψυχῆς

102 875 298 945 ῥύπον
327 876 413 929 διά
445 876 553 930 τῶν
584 878 963 947 προλαϐόντων
995 881 1304 951 καθαρσίων
1333 883 1698 938 ἀπεπλύνατοο

100 967 266 1021 οὕτω
306 969 404 1022 καὶ
447 969 541 1023 νῦν
569 973 601 1042 η
633 972 693 1024 έν
736 975 848 1033 τοῖς
877 972 1116 1042 φθάσασι
1152 974 1330 1043 λόγοις
1361 977 1700 1048 γεγενημένη

99 1060 231 1112 τῶν
259 1061 560 1132 προοιμίων
587 1061 682 1114 τοῦ
721 1063 998 1136 ’ᾼσματος
1025 1066 1227 1136 θεωρία
1256 1068 1398 1120 κατὰ
1432 1068 1529 1132 τάς
1565 1086 1700 1140 προ-

99 1150 394 1216 λαὸούσας
425 1153 518 1204 δύο
565 1154 801 1224 ἡμέρας,
847 1155 1099 1210 τοσοῦτον
1129 1157 1428 1228 ὠφέλησεν,
1459 1159 1582 1212 ὅσον
1610 1161 1703 1212 ὲκ-

104 1243 330 1297 πλῦναι
367 1245 460 1298 καὶ
487 1245 794 1299 ἀποκλύσαι
822 1247 915 1300 τοῦ
945 1248 1115 1319 ῥύπου
1149 1251 1246 1320 τῆς
1287 1249 1487 1320 σαρκὸς
1517 1250 1614 1320 τὴν
1644 1252 1700 1302 ἐν

96 1339 231 1399 τοῖς
258 1336 572 1406 λεγομένοις
600 1337 856 1392 διάνοιαν.
890 1340 1062 1403 Αὐτὸς
1093 1341 1150 1393 δὲ
1174 1343 1202 1394 6
1235 1341 1366 1405 Θεὸς
1391 1343 1562 1410 Λόγος
1606 1341 1701 1412 σή-

105 1446 312 1499 μερον,
335 1430 457 1499 ἥτις
479 1431 594 1482 ἐστὶ
615 1431 791 1502 τρίτη,
815 1435 954 1502 μετὰ
986 1433 1082 1503 τὴν
1101 1433 1322 1505 πρώτην
1341 1451 1399 1486 τε
1418 1435 1512 1486 καὶ⁵
1529 1433 1702 1486 δευτέ-

102 1539 220 1594 ραν
263 1521 552 1592 κάθαρσιν,
583 1524 996 1593 ἐπιφανήσεται,
1023 1525 1083 1576 οὐ
1117 1524 1320 1594 γνόφῳ,
1354 1524 1447 1578 καὶ
1481 1522 1701 1594 θυέλλῃ,

98 1612 213 1663 καὶ
236 1611 538 1680 σάλπιγγος
560 1613 698 1682 ἡχῳ,
723 1613 816 1664 καὶ
837 1613 971 1684 πυρὶ
989 1612 1118 1681 φοϐε
1127 1614 1234 1684 ρῶς
1254 1615 1318 1668 ὲκ
1333 1613 1605 1684 πυθμένος
1620 1615 1700 1676 εἰς

1805 1633 1982 1694 gente,
2009 1638 2251 1697 apertam
2293 1636 2348 1683 et
2385 1629 2729 1685 manifestam
2764 1646 2918 1685 suam
2953 1631 3200 1701 praebens
3227 1645 3364 1700 prte-

98 1702 435 1774 ἀκρώρειαν
460 1701 554 1755 τοῦ
583 1703 742 1774 ὄρους
780 1701 877 1773 τὴν
907 1705 1164 1776 περιοχὴν
1197 1705 1568 1776 διασμύχοντι,
1599 1721 1700 1773 φα-

1805 1717 2052 1785 sentiam,
2102 1720 2196 1775 sed
2237 1721 2519 1789 iucundus
2552 1731 2607 1777 et
2659 1722 2894 1778 affabilis
2932 1738 2994 1777 es
3047 1723 3230 1792 specie
3275 1721 3367 1775 illa

97 1796 284 1865 νερὰν
313 1797 405 1848 καὶ
427 1795 678 1864 ἐπίδηλον
706 1793 900 1847 ἑαυτοῦ
927 1796 1022 1866 τὴν
1046 1798 1345 1868 παρουσίαν
1366 1797 1700 1868 ποιούμενος·

1805 1809 2032 1863 terribili
2065 1810 2131 1864 ad
2157 1825 2374 1880 sponsae
2397 1812 2641 1884 laetitiam
2674 1828 2733 1869 se
2775 1790 3154 1866 transmutans
3176 1818 3232 1866 et
3269 1825 3365 1865 ac-

97 1886 233 1939 ἀλλ’
260 1887 393 1958 ἡδὺς
412 1885 506 1940 καὶ
519 1887 863 1955 εὐπρόσιτος,
885 1888 948 1940 ἐκ
971 1887 1064 1941 τοῦ
1094 1888 1326 1960 φοϐεροῦ
1351 1889 1523 1953 είδους
1555 1888 1699 1942 ὲκεί-

1805 1901 2174 1956 commodans.
2204 1900 2336 1956 Nam
2369 1918 2495 1957 cum
2523 1919 2723 1974 sponsa
2751 1903 3056 1974 rogavisset
3112 1910 3170 1956 ut
3203 1902 3372 1956 sciret

97 1998 206 2034 νου
268 1980 408 2050 πρὸς
463 1982 563 2050 τὴν
618 1983 894 2054 νυμφικὴν
951 1981 1290 2053 εὐφροσύνην
1355 1980 1700 2052 μεθαρμοσά-

1805 1991 1920 2046 loca
1953 1993 2174 2062 quietis,
2213 1996 2496 2066 inquibus
2541 1997 2718 2052 bonus
2759 2006 2947 2066 pastor
2979 2007 3252 2057 versatur,
3299 2009 3370 2048 ne

104 2088 304 2140 μενος.
354 2071 466 2140 Τῆς
508 2072 616 2142 γὰρ
643 2073 862 2143 νύμφης
883 2071 1168 2144 δεηθείσης
1205 2072 1397 2142 μαθεῖν
1429 2073 1554 2134 τοὺς
1597 2071 1699 2141 τῆς

1805 2083 1933 2152 quid
1973 2099 2163 2138 eorum
2193 2101 2316 2154 qua:
2357 2087 2521 2141 nollet
2559 2087 2792 2157 amplius
2845 2087 2948 2157 ipsi
2980 2086 3196 2140 accidat
3243 2100 3369 2154 pro.

99 2159 484 2224 ἀναπαύσεως
509 2162 726 2225 τόπους,
761 2164 818 2214 ὲν
851 2157 932 2225 οίς
956 2164 984 2214 6
1007 2160 1210 2229 ἀγαθὸς
1241 2161 1443 2231 ποιμὴν
1469 2159 1564 2231 τὴν
1585 2159 1700 2212 δια-

1805 2182 1920 2244 pter
1952 2174 2388 2244 ignorationem,
2417 2177 2613 2232 deinde
2644 2191 2767 2231 cum
2801 2177 2963 2231 amici
2993 2177 3042 2232 ei
3081 2177 3371 2246 exposuis-

97 2251 312 2321 τριϐὴν
336 2251 468 2321 ἔχει,
493 2251 633 2306 ὥστε
657 2255 731 2324 μή
758 2271 809 2306 τι
839 2253 982 2308 κατά
1007 2252 1230 2321 ἄγνοιαν
1257 2253 1365 2306 τῶν
1393 2252 1700 2323 ἀϐουλήτων

1805 2273 1924 2320 sent
1978 2267 2102 2334 quis
2130 2267 2202 2321 sit
2231 2276 2413 2322 certus
2436 2268 2602 2337 iudex
2632 2268 2899 2330 veritatis,
2927 2283 3121 2337 nempe
3147 2278 3206 2321 ut
3251 2268 3369 2321 ani-

102 2343 351 2393 παθεῖνο
401 2337 521 2396 εἶτα
568 2343 676 2396 τῶν
721 2344 890 2413 φίλων
928 2344 993 2397 τδ
1036 2345 1275 2414 ἀσφαλὲς
1320 2345 1418 2414 τῆς
1447 2343 1700 2415 ἀληθείας

1805 2370 1887 2408 ma
1915 2355 1982 2409 ad
2009 2357 2241 2425 seipsam
2282 2359 2534 2427 aspiciat,
2569 2367 2624 2412 et
2659 2374 2718 2415 se
2742 2367 3040 2428 cognoscat
3071 2376 3084 2410 :
3131 2357 3368 2427 seipsam

100 2433 407 2502 κριτήριον
455 2435 915 2505 ὑφηγησαμένων,
969 2436 1030 2489 τὸ
1076 2437 1212 2508 πρὸς
1255 2438 1450 2507 ἑαυτὴν
1485 2436 1700 2506 βλέπειν

1805 2447 1944 2499 enim
1994 2448 2264 2515 ignorare,
2317 2449 2742 2517 pronuntiarunt
2789 2463 2912 2502 esse
2946 2445 3269 2516 principium
3315 2453 3368 2499 et

99 2525 209 2595 τὴν
243 2525 446 2597 ψυχὴν,
493 2527 586 2579 καὶ
632 2527 825 2599 ἑαυτὴν
872 2528 1161 2596 γινώσκειν
1196 2545 1209 2559 ο
1257 2529 1320 2581 τὸ
1365 2529 1474 2599 γὰρ
1503 2527 1700 2599 ἑαυτὴν

1805 2540 2251 2608 consequentiam
2285 2539 2567 2594 nesciendi
2597 2538 2816 2609 quidem
2847 2538 3056 2608 aliquid
3100 2537 3246 2592 aliud
3271 2551 3368 2591 eo-

99 2618 356 2684 ἀγνοείν,
381 2619 553 2689 ἀρχὴν
582 2621 928 2691 ἀπεφήναντο
959 2622 1054 2674 καὶ
1076 2620 1395 2674 ἀκολουθίαν
1423 2617 1561 2673 εἶναι
1605 2619 1700 2673 τοῦ

1805 2642 1922 2682 runt
1969 2645 2092 2698 quae
2137 2638 2393 2699 Oportet;
2452 2631 2726 2701 quomodo
2771 2631 2917 2685 enim
2967 2631 3174 2700 aliquid
3220 2629 3367 2682 aliud

104 2707 258 2776 μηδὲ
289 2707 419 2760 ἄλλο
451 2725 502 2761 τι
535 2708 642 2761 τῶν
673 2709 900 2762 δεόντων
934 2710 1149 2762 εἰδέναι.
1179 2708 1303 2772 Πῶς
1336 2708 1444 2779 γὰρ
1482 2708 1547 2762 ἂν
1576 2708 1700 2762 ἄλλο

1805 2719 1976 2775 discet
2002 2722 2094 2790 qui
2126 2721 2362 2791 seipsum
2396 2721 2644 2792 ignorat?
2673 2730 2792 2792 post
2824 2722 2939 2777 haec
2969 2729 3227 2790 tanquam
3255 2721 3367 2789 jam

100 2816 159 2852 τι
198 2799 405 2868 μάθοι,
444 2800 636 2853 ἑαυτὸν
679 2801 924 2868 ἀγνοῶν;
966 2801 1090 2854 Ἐπὶ
1123 2801 1332 2862 τούτοις
1379 2800 1455 2862 ὡς
1505 2801 1700 2864 ἱκανῶς

1805 2812 1936 2866 satis
1980 2820 2309 2882 expurgata,
2365 2830 2487 2883 qua:
2531 2817 2727 2868 anima:
2777 2813 3142 2883 principatum
3200 2821 3367 2877 tenet,

101 2890 216 2960 ἤδη
247 2890 344 2942 τοῦ
377 2889 700 2961 ἡγεμονικοῦ
729 2892 827 2960 τῆς
845 2889 1026 2960 ψυχῆς
1053 2887 1700 2959 κεκαθαρμένου,ὲπανα-

1805 2903 2081 2967 facultate,
2125 2905 2302 2959 oritur
2343 2904 2580 2960 Verbum
2634 2921 2847 2976 sponsae
2896 2905 3255 2964 desideranti.
3304 2921 3370 2960 ea

99 2978 298 3032 τέλλει
328 2981 394 3049 τῇ
429 2977 668 3050 ποθούσῃ
695 2980 724 3032 6
762 2978 920 3046 λόγος
946 3017 961 3042 ,
993 2976 1306 3048 προτροπὴν
1337 2976 1473 3047 πρὸς
1515 2977 1577 3029 τὸ
1614 2975 1700 3028 τέ-

1805 3011 1922 3065 [ιυω
1965 3008 2094 3052 sunt
2136 2999 2429 3069 praesentia
2472 2975 2813 3069 accipiendo,
2852 2999 3152 3054 adhortans
3196 3015 3262 3052 an
3316 2999 3371 3053 id

104 3070 264 3123 λειον
311 3069 632 3140 ποιούμενος
674 3069 762 3124 διὰ
804 3069 903 3139 τῆς
949 3067 1217 3137 ἀποδοχῆς
1258 3066 1365 3119 τῶν
1394 3065 1694 3136 παρόντων.

117 3157 183 3182 Ἀ
216 3155 331 3182 μὲ...
378 3155 463 3182 ὶ-Χ
508 3158 620 3182 --τι
649 3155 1064 3182 ..-....-n.,'..._-...
1091 3154 1308 3182 l--.....-
1341 3153 1698 3182 -..-2n--1A-u

1805 3089 1946 3158 quod
1967 3099 2051 3146 est
2079 3091 2344 3147 divinius.
2376 3090 2522 3146 Laus
2548 3093 2692 3147 enim
2718 3106 2902 3146 rerum
2923 3100 3069 3147 recte
3093 3099 3370 3162 gestarum

117 3157 183 3208 Ὀ
215 3155 332 3226 γάρ
378 3155 468 3207 ἐπὶ
508 3158 620 3218 τοῖς
649 3155 1064 3226 κατορθώμασιν
1089 3154 1308 3218 ἔπαινος
1340 3153 1698 3226 σφοδροτέραν

1805 3180 1955 3236 aﬂ‘ert
1994 3181 2256 3253 majorem
2291 3185 2458 3239 animi
2504 3185 2844 3238 alacritatem
2888 3185 2958 3239 ad
3002 3183 3058 3239 id
3108 3185 3255 3254 quod
3286 3193 3372 3239 est

103 3249 230 3310 τοῖς
273 3245 652 3316 κατορθώσασι
683 3247 782 3316 τὴν
825 3245 961 3316 πρὸς
1002 3245 1064 3298 τὸ
1111 3247 1357 3316 κρεῖττον
1394 3245 1701 3316 προθυμίαν
1801 3273 2015 3328 melius.

105 3339 389 3408 ἐντίθησι.

183 3433 290 3496 Τίς
311 3428 407 3485 οὖν
433 3435 462 3486 6
489 3432 639 3504 παρὰ
672 3431 768 3485 τοῦ
803 3430 1056 3503 ἀληθινοῦ
1086 3429 1261 3498 Λόγου
1301 3429 1539 3500 γεγονὼς
1567 3430 1702 3500 πρὸς

103 3526 214 3596 τὴν
252 3522 524 3594 παρθένον
561 3524 752 3592 λόγος;
802 3522 882 3592 Τῇ
914 3525 1074 3588 ἵππῳ
1096 3541 1238 3593 μου,
1270 3523 1454 3594 φησὶν,
1490 3523 1560 3575 ἐν
1593 3521 1700 3587 ἀρ..

103 3633 270 3688 μασι
295 3614 508 3684 Φαραὼ
551 3615 828 3684 ὠμοίωσὰ
859 3632 952 3682 σε,
985 3615 1025 3682 ἡ
1072 3615 1340 3682 πλησίον
1365 3631 1506 3684 μου.
1559 3613 1699 3666 Ἀλλ’

108 3702 311 3777 ἐπειδὴ
362 3708 462 3760 οὐκ
507 3706 651 3760 ἔστιν
683 3710 747 3760 ἐκ
791 3707 886 3760 τοῦ
935 3707 1226 3778 προχείρου
1258 3706 1356 3776 τὴν
1401 3705 1510 3758 τῶν
1553 3707 1702 3776 εἰρη-

111 3800 304 3870 μένων
337 3797 612 3869 θεωρῆσαι
639 3798 896 3863 διάνοιαν,
921 3799 1172 3864 ἐξετάσαι
1201 3799 1467 3869 προσήκει
1491 3798 1560 3852 δι’
1585 3800 1701 3852 επι-

1801 624 1926 688 bus,
1971 625 2065 680 sed
2111 628 2288 696 ipsum
2340 626 2506 682 Deum
2540 635 2728 696 aperte
2773 627 3102 696 suscipiens,
3152 637 3370 696 propter

1802 716 1946 786 quod
1978 718 2174 772 anima:
2200 719 2391 773 sordes
2420 734 2515 789 per
2546 719 2913 789 przecedentes
2961 719 3210 772 abluerat
3240 734 3371 787 pur-

1801 809 2047 878 gationes
2071 828 2084 867 :
2105 810 2176 864 ita
2201 812 2363 865 etiam
2390 826 2556 876 nunc,
2584 826 2704 880 qua:
2734 810 2791 864 in
2813 811 2881 865 iis
2904 826 3024 880 qua:
3047 811 3198 880 prius
3225 809 3369 864 dicta

1803 907 1931 952 sunt
1972 899 2074 952 fuit
2122 901 2508 969 contemplatio
2535 902 2923 971 procemiorum
2955 901 3168 957 Cantici
3198 901 3366 954 canti-

1802 1005 2018 1055 corum,
2047 991 2261 1046 duobus
2283 992 2476 1048 diebus
2509 993 2944 1063 praecedentibus
2972 1001 3216 1048 :tantum
3245 1006 3368 1062 pro-

1802 1076 1906 1131 fuit
1955 1086 2017 1133 ut
2061 1079 2306 1134 ablueret
2348 1089 2402 1134 et.
2451 1083 2771 1136 etnundaret
2817 1097 2847 1136 a
2884 1081 3141 1137 sordibus
3184 1080 3369 1134 carnis

1802 1182 2023 1223 sensum
2057 1169 2154 1239 qui
2200 1177 2285 1222 est
2330 1169 2385 1222 in
2433 1168 2501 1224 iis
2534 1185 2654 1238 quae
2704 1168 2978 1224 dicuntur.
3017 1167 3141 1239 Ipse
3187 1179 3365 1222 autem

1802 1257 1946 1316 Deus
1974 1261 2207 1316 Verbum
2235 1263 2416 1328 hodie,
2461 1264 2554 1332 qui
2595 1269 2680 1316 est
2719 1262 2835 1316 dies
2875 1262 3089 1327 tertius,
3139 1276 3366 1330 appare-

1801 1351 1883 1405 bit
1905 1362 2027 1422 post
2056 1354 2287 1422 primam
2313 1365 2366 1409 et
2399 1354 2700 1410 secundam
2736 1357 3136 1424 purgationem,
3167 1370 3273 1408 non
3312 1353 3365 1404 in

1801 1443 2034 1513 caligine
2064 1452 2120 1498 et
2151 1445 2411 1514 procella,
2442 1455 2497 1501 et
2535 1461 2672 1502 sono
2703 1447 2863 1511 tubae,
2897 1453 2950 1501 et
2982 1447 3211 1501 terribili
3243 1447 3367 1514 igne

1801 1548 1831 1586 a
1861 1535 2044 1590 radice
2075 1551 2246 1606 usque
2266 1537 2332 1591 ad
2357 1538 2612 1592 verticem
2643 1539 2840 1594 montis
2868 1538 3133 1592 ambitum
3159 1537 3368 1592 abster-

1871 3428 2140 3495 Quidnam
2212 3445 2342 3502 ergo
2401 3429 2535 3484 dicit
2588 3446 2778 3486 verum
2832 3429 3071 3486 Verbum
3129 3429 3371 3501 virgini?

1803 3519 2083 3590 Equitatui
2113 3537 2250 3584 meo,
2297 3521 2495 3591 inquit,
2537 3522 2590 3574 in
2623 3520 2866 3575 curribus
2906 3519 3203 3573 Pharaonis
3234 3522 3374 3574 assi-

1803 3613 1987 3666 milavi
2021 3623 2089 3674 te,
2116 3614 2412 3684 propinqua
2439 3629 2574 3666 mea.
2607 3612 2712 3666 Sed
2746 3612 3001 3682 quoniam
3033 3627 3096 3666 ex
3129 3626 3194 3665 eo
3224 3610 3372 3680 (ιυυά

1801 3711 1886 3758 est
1922 3703 1977 3757 in
2005 3713 2291 3774 promptu,
2330 3720 2437 3758 non
2479 3701 2637 3757 facile
2670 3709 2848 3772 potest
2875 3700 3212 3756 considerari
3244 3717 3373 3754 sen-

1803 3813 1899 3852 sus
1927 3812 2116 3852 eormn
2148 3813 2268 3865 qua:
2295 3796 2443 3850 dicta
2487 3803 2637 3860 sunt,
2673 3792 3097 3849 examinandum
3136 3801 3220 3846 est
3248 3793 3364 3845 dili-

1801 3895 1992 3958 genter
2033 3885 2086 3940 id
2122 3885 2267 3956 quod
2314 3895 2400 3942 est
2446 3886 2808 3956 propositum,
2859 3883 3041 3955 quoad
3087 3884 3208 3949 ejus
3257 3884 3370 3938 fieri

1804 3978 2021 4046 poterit.
2067 3977 2240 4029 Aliam
2292 3983 2614 4046 potestatem
2658 3974 2925 4046 equitatui
2947 3973 3248 4030 Pharaonis
3275 3975 3374 4028 ob-

1798 4067 1998 4136 jectam
2054 4066 2353 4121 didicimus
2405 4065 2474 4120 ah
2517 4065 2774 4132 historia,
2826 4079 3020 4135 nempe
3067 4066 3266 4119 nubem
3319 4074 3377 4120 et

1803 4161 2008 4229 virgam
2057 4169 2112 4212 et
2168 4159 2464 4212 violentum
2514 4171 2579 4210 ac
2626 4157 2996 4212 vehementem
3046 4165 3265 4211 ventum
3317 4166 3373 4212 et

110 3887 371 3958 μελείας,
397 3886 575 3950 καθὼς
603 3887 668 3940 ἂν
693 3884 802 3940 οἷόν
826 3904 886 3940 τε
912 3884 967 3960 ᾔ,
1002 3887 1063 3939 τὸ
1089 3887 1468 3957 προκείμενον.
1503 3887 1703 3959 Ἄλλην

107 3977 354 4046 δύναμιν
386 3977 484 4047 τὴν
509 3977 920 4047 ἁντιταχθεῖσαν
944 3980 1008 4048 τῇ
1043 3978 1194 4048 ἵππῳ
1219 3976 1313 4030 τοῦ
1329 3977 1526 4049 Φαραὼ
1552 3980 1702 4049 παρά

107 4070 215 4139 τῆς
243 4069 484 4137 ἱστορίας
508 4068 804 4138 ἐμάθομεν,
826 4069 1055 4140 νεφέλην
1084 4070 1176 4122 καὶ
1202 4069 1394 4139 ῥάϐδον
1415 4071 1507 4122 καλ⁹
1531 4069 1702 4139 βίαιον

109 4161 324 4230 ἄνεμον
358 4159 452 4212 καὶ
480 4157 713 4226 πέλαγος
738 4159 858 4231 διχῆ
886 4159 1285 4230 διαιρούμενον,
1320 4161 1412 4213 καὶ
1444 4160 1605 4230 βυθὸν
1643 4164 1702 4214 ὲν

111 4251 290 4313 κόνει,
329 4251 422 4303 καὶ
471 4251 567 4320 τὴν
618 4253 681 4304 ἐκ
724 4252 986 4322 κυμάτων
1025 4251 1378 4322 τειχοποιίαν,
1413 4253 1506 4306 καὶ
1532 4252 1700 4323 ξηρὰν

1805 4265 1956 4304 mare
1994 4247 2246 4304 bifariam
2283 4248 2541 4314 divisum,
2575 4257 2628 4304 et
2675 4249 3003 4318 profundum
3040 4250 3093 4303 in
3129 4250 3370 4318 pulvere,

109 4345 379 4406 ἄῦυσσον,
406 4343 504 4414 τὴν
531 4343 619 4396 διὰ
649 4345 814 4414 μέσου
843 4344 950 4397 τῶν
976 4345 1034 4411 ἐξ
1065 4345 1254 4409 ὓδατος
1281 4346 1473 4415 πηγῶν
1493 4363 1700 4415 χερσω-

1805 4348 1857 4394 et
1910 4354 1974 4394 ex
2036 4338 2202 4394 undis
2253 4337 2505 4394 eﬂ‘ectnm
2563 4353 2780 4392 murum
2838 4346 2895 4393 et
2955 4339 3158 4393 siccam
3206 4339 3372 4408 abys-

110 4436 306 4488 θεῖσαν
326 4453 342 4466 ο
378 4434 443 4487 δι’
472 4428 547 4488 ὧν
577 4435 829 4488 ἁπάντων
861 4434 1068 4503 ἐγίνετο
1107 4437 1220 4498 τοῖς
1265 4435 1624 4505 Ἰσραηλίταις
1668 4437 1700 4504 ἡ

1805 4447 1926 4486 sum
1982 4447 2074 4500 per
2127 4431 2482 4486 intermedios
2528 4431 2582 4484 in
2627 4432 2786 4501 aquis
2837 4445 3024 4485 muros
3075 4431 3370 4484 arefactam

111 4529 390 4600 σωτηρία,
442 4530 779 4600 πανστρατιᾷ
817 4526 912 4580 τοῦ
960 4526 1157 4596 Φαραὼ
1210 4525 1347 4595 μετὰ
1384 4525 1489 4577 τῶν
1521 4525 1699 4577 ἵππων

110 4637 171 4672 τε
196 4620 298 4672 καὶ
327 4618 584 4688 ἁρμάτων
616 4615 1084 4685 συγκαλυφθέντος
1113 4617 1225 4677 τοῖς
1256 4614 1509 4684 κύμασιν.
1540 4615 1700 4668 Οὐδε-

115 4713 252 4780 μιᾶς
297 4709 480 4762 τοίνυν
526 4710 754 4778 ἱππικῆς
801 4708 1081 4777 δυνάμεως
1129 4706 1573 4776 ἀντεισαχθείσης
1621 4705 1698 4775 τῷ

111 4800 405 4870 Αἰγυπτίῳ
434 4801 677 4871 στρατῷ,
727 4800 927 4870 ἄπορον
959 4798 1024 4852 ἂν
1056 4798 1139 4868 εἴη
1171 4797 1361 4866 μαθεῖν
1386 4798 1514 4867 ποίᾳ.
1546 4798 1698 4867 ἵππῳ

111 4899 180 4969 τῇ
234 4893 559 4963 διαφανείσῃ
618 4892 761 4946 κατά
813 4892 922 4944 τῶν
977 4889 1290 4958 Αἰγυπτίων
1346 4889 1606 4958 ἁρμάτων
1663 4891 1695 4960 ὴ

113 4987 306 5055 νύμφη
341 4983 492 5054 παρά
514 4982 610 5035 τοῦ
650 4982 807 5049 λόγου
838 4981 934 5032 νῦν
961 4978 1404 5050 προσεικάζεται.
1439 4979 1517 5047 Τῇ
1549 4978 1701 5047 ἵππῳ

116 5095 221 5145 μου
248 5074 384 5144 γάρ,
423 5073 578 5144 φησὶ,
610 5075 675 5143 τῇ
705 5076 762 5126 ὲν
805 5074 917 5134 τοῖς
953 5072 1162 5141 ἅρμασι
1205 5068 1300 5122 τοῦ
1343 5068 1544 5138 Φαραὼ
1577 5086 1703 5121 κατ-

113 5163 459 5236 ειργασμένη
497 5163 593 5232 τὴν
618 5163 795 5232 νίκην,
837 5160 1096 5231 ὠμοίωσά
1127 5177 1210 5224 σε,
1254 5161 1286 5230 ἡ
1319 5160 1542 5230 πλησίον
1577 5177 1698 5230 μου.

113 5254 190 5312 Ἷι
237 5256 402 5324 δῆλόν
449 5257 616 5318 ἐστιν,
655 5257 739 5308 ὅτι
780 5253 966 5325 ὥσπερ
998 5255 1099 5306 οὐκ
1145 5253 1260 5304 ἔστι
1289 5252 1375 5304 διά
1399 5249 1703 5321 ναυμαχίας

113 5347 424 5419 ἡττηθῆναί
465 5364 636 5410 τινας,
672 5345 1012 5417 μὴ,ναυτίου
1059 5343 1289 5414 στρατοῦ
1333 5343 1432 5412 τὴν
1474 5345 1532 5394 ὲν
1583 5344 1701 5404 ταῖς

115 5440 280 5495 ναυσὶ
319 5437 428 5489 τῶν
459 5437 714 5490 ἐναντίων
746 5435 974 5506 δύναμιν
1016 5434 1421 5496 καταλύσαντος
1457 5450 1470 5463 ·
1526 5431 1700 5494 οὕτως

115 5531 240 5584 οὐδὲ
273 5528 340 5582 ἂν
372 5530 430 5579 ἐν
467 5526 779 5598 ἱππομαχίᾳ⁹
828 5545 912 5589 τις
959 5525 1220 5597 ἡττηθείη
1247 5565 1260 5588 ,
1310 5526 1384 5596 μή
1432 5542 1578 5587 τινος
1611 5526 1698 5577 ίπ-

116 5624 288 5691 πικῆς
315 5623 380 5673 ὲκ
406 5619 513 5672 τῶν
546 5619 801 5672 ἐναντίων
831 5619 1242 5690 ἀντιταχθείσης
1273 5618 1586 5688 δυνάμεως;
1636 5617 1697 5669 Et

211 5713 396 5764 τοίνυν
421 5711 479 5762 τὸ
505 5709 793 5782 κράτιστον
820 5712 918 5778 τῆς
943 5710 1051 5764 τῶν
1076 5710 1385 5780 Αἰγυπτίων
1416 5711 1696 5781 στρατιᾶς,

325 5807 600 5869 ΡΑΤιιοι..
649 5805 764 5864 Gn.
806 5804 1016 5865 XLIV.

1803 4530 1858 4576 et
1880 4522 2190 4585 solidatam,
2223 4537 2320 4592 per
2361 4537 2481 4590 quae
2502 4523 2686 4575 omnia
2722 4523 2870 4576 salus
2901 4529 3054 4590 parta
3080 4529 3164 4576 est
3191 4520 3371 4576 Israe-

1805 4611 1939 4677 litis,
1964 4629 2088 4666 cum
2126 4613 2336 4667 Pharao
2365 4629 2490 4668 cum
2519 4621 2630 4667 toto
2655 4613 2920 4675 exercitu,
2956 4619 3010 4667 et
3035 4627 3159 4666 cum
3190 4614 3368 4683 equis,

1803 4713 1857 4758 et
1917 4705 2176 4759 curribus
2235 4703 2395 4760 undis
2446 4704 2610 4758 fuerit
2679 4703 2928 4760 obrutus.
2977 4702 3155 4758 Nullis
3206 4705 3372 4773 igitur

1801 4799 1976 4868 copiis
2000 4797 2346 4866 equestribus
2378 4797 2609 4864 objectis
2643 4797 3023 4868 .‘Egyptiorum
3069 4796 3358 4859 exercitui,

1803 4903 1912 4942 non
1950 4888 2108 4942 facile
2138 4887 2303 4942 fuerit
2335 4891 2478 4943 scire
2505 4889 2724 4942 cuinam
2755 4889 3022 4958 equitatui
3068 4891 3161 4958 qui
3208 4904 3372 4958 appa—

1804 4979 1974 5031 ruerit
2006 4986 2196 5031 contra
2241 4993 2439 5032 currus
2486 4977 2794 5049 Egyptios,
2841 4993 2988 5032 nunc
3039 4977 3374 5033 assimiletur

1805 5081 2025 5135 sponsa.
2101 5065 2378 5135 Equitatui
2433 5082 2576 5126 meo.
2625 5069 2820 5136 inquit,
2870 5069 2963 5137 qui
3015 5068 3070 5121 in
3119 5070 3374 5125 curribus

1806 5157 2105 5211 Pharaonis
2135 5157 2433 5226 reportavit
2463 5161 2773 5225 victoriam,
2809 5160 3106 5217 assimilavi
3144 5169 3216 5226 te,
3249 5176 3375 5229 pro-

1807 5247 2011 5316 pinqua
2061 5262 2200 5300 mea.
2249 5248 2445 5302 Annon
2495 5259 2579 5304 est
2624 5251 2726 5303 hoc
2773 5251 3151 5314 manifestum,
3223 5252 3371 5321 quod

1806 5337 2082 5407 quomodo
2134 5338 2249 5392 fieri
2295 5355 2404 5394 non
2478 5351 2658 5410 potest
2718 5351 2775 5395 ut
2834 5344 3012 5396 navali
3064 5342 3254 5414 praelio
3302 5345 3373 5398 sit

1805 5437 1959 5500 parta
2001 5432 2230 5484 victoria
2260 5471 2274 5494 ,
2305 5433 2407 5486 nisi
2445 5434 2697 5487 muniens
2727 5434 3000 5490 exercitus
3050 5437 3373 5490 demerserit

1807 5521 2105 5575 exercitum
2139 5523 2373 5578 hostium
2408 5526 2501 5595 qui
2533 5533 2615 5580 est
2655 5525 2710 5578 in
2752 5528 2978 5582 navibus
3010 5544 3026 5583 ί
3062 5528 3133 5581 ita
3167 5542 3268 5582 nec
3316 5529 3370 5581 in

1805 5614 2042 5681 equestri
2102 5616 2287 5683 praalio
2349 5617 2529 5673 victus
2589 5617 2754 5674 fuerit
2812 5620 3105 5690 quispiam,
3165 5621 3208 5674 si
3263 5635 3371 5673 non

1805 5709 2001 5777 aliqua:
2046 5713 2328 5776 equestres
2382 5709 2553 5778 copiae
2626 5710 2971 5765 inimicorum
3023 5727 3086 5765 ex
3146 5710 3376 5776 adverso

2888 5805 2962 5864 ⁵³6

2889 5847 2924 5862 -
