3846 6220
491 327 589 386 811
1755 331 1812 387 S.
1837 329 2010 388 GREG

2250 331 2480 390 YSSENI
3661 330 3769 390 813

491 443 778 502 steterint?
831 443 1099 510 Quoniam
1136 457 1264 516 ergo
1324 443 1377 500 id
1424 444 1568 516 quod
1607 454 1725 501 erat
1776 446 2010 501 validissi

2240 465 2376 512 ππος
2411 445 2498 520 ἦν,
2539 448 2635 520 τὴν
2669 449 2998 520 ἐπαχθεῖσαν
3047 448 3182 520 αὖτῇ
3229 447 3370 502 κατὰ
3400 447 3461 501 τὸ
3496 449 3759 518 ἀόρατον

492 553 639 592 mum
678 536 950 592 exercitus
993 535 1371 608 Egyptiorum
1423 538 1696 607 equitatus
1745 546 1895 601 erat,
1948 540 2011 592 vi:

2241 557 2408 611 θαμιν,
2431 541 2498 593 δι’
2522 536 2589 613 ἧς
2623 542 2657 611 ἡ
2683 541 2806 611 νίκη
2836 540 2978 593 κατὰ
3012 539 3121 592 τῶν
3148 540 3457 608 Αἰγυπτίων
3497 539 3760 607 ἐγένετο,

493 629 781 683 adversum
815 627 938 683 illos
967 627 1196 694 illatam,
1228 643 1350 698 quae
1395 644 1502 683 non
1533 628 1761 684 cadebat
1789 631 1893 685 sub
1924 645 2012 684 oct

2243 650 2323 687 τον
2359 635 2388 686 6
2429 633 2584 701 λόγος
2635 633 2947 703 ὠνόμασεν·
2994 632 3289 703 ῂσθᾶνοντο
3330 631 3441 702 γὰρ
3491 633 3762 684 κάκεῖνοι

492 721 597 782 los,
629 734 728 790 per
757 734 920 790 quam
953 719 1221 774 adversus
1255 718 1540 792 Egyptios
1571 729 1726 790 parta
1759 729 1843 777 est
1885 721 2011 776 τίοι(

2244 724 2251 774 i
2283 724 2641 794 πολεμοῦντος
2661 764 2676 787 ,
2719 725 2814 778 καὶ
2841 725 2977 796 πρὸς
3014 723 3273 794 ἀλλήλους
3307 722 3502 789 ἐϐόων,
3540 723 3763 793 Κύριος

490 812 668 876 toria,
717 812 1023 882 equitatum
1076 808 1360 882 Scriptura
1405 813 1758 868 nominavit:
1801 828 1927 867 nam
1979 814 2009 867 il

2237 815 2386 886 λεμεϊ
2417 816 2543 878 τοὺς
2569 815 2918 884 Αἰγυπτίους,
2957 815 3052 868 καὶ
3091 815 3350 885 φύγωμεν
3398 815 3512 868 ἀπὸ
3567 831 3756 885 προσ-

490 918 708 974 quoque
752 902 1059 958 sentiebant
1101 918 1225 956 eum
1261 904 1695 975 belligerantem,
1727 913 1782 958 et
1829 905 2009 960 inter:

2242 922 2308 958 Ὀυ
2340 905 2563 976 Κυρίου.
2586 904 2752 975 Δῆλον
2781 904 2838 957 δὲ
2861 905 2940 958 ὅτι
2963 903 3380 975 καταλλήλωςτῇ
3412 905 3761 973 παρασκευῇ

493 994 821 1057 clamabant,
855 993 1120 1050 Dominus
1153 993 1355 1050 bellum
1388 997 1530 1066 gerit
1578 997 1841 1052 adversus
1890 995 2012 1068 Eg}

2242 1015 2264 1049 ν
2313 997 2568 1050 ἐναντίων
2613 998 2642 1050 6
2673 995 2923 1068 ἀληθινὸς
2970 997 3402 1068 ἀρχιστράτηγος
3443 997 3553 1067 τὴν
3616 997 3761 1049 ἰδίαν

493 1086 659 1157 ptios,
687 1094 743 1141 et
767 1085 1039 1156 fugiamus
1068 1103 1097 1142 a
1135 1087 1273 1143 facie
1308 1087 1542 1146 Domini.
1599 1089 1695 1145 Est
1723 1097 1902 1144 autem
1934 1105 2012 1160 pel

2242 1087 2458 1152 ἰώπλιζε
2481 1087 2726 1158 δύναμιν.
2762 1088 2969 1142 Οὐκοῦν
2990 1084 3060 1159 ἦν
3101 1105 3185 1152 τις
3225 1090 3452 1159 ἀόρατος
3478 1089 3761 1158 δύναμις.

490 1177 766 1246 spicumn,
794 1177 940 1247 quod
971 1187 1131 1248 prout
1178 1177 1343 1234 fuerit
1385 1178 1650 1235 instructa
1697 1181 1840 1234 acies
1867 1180 2009 1234 advel

2246 1178 2328 1231 διὰ
2371 1178 2479 1231 τῶν
2510 1179 2638 1250 περὶ
2667 1178 2764 1250 τὴν
2793 1179 3067 1233 Θάλασσαν
3099 1179 3388 1251 θαυμάτων
3430 1180 3765 1251 ἐνεργοῦσα

491 1271 800 1332 sariorum,
838 1280 1004 1325 verus
1053 1269 1349 1340 imperator
1393 1272 1670 1326 exercitus
1713 1287 1844 1327 suas
1883 1287 2010 1324 arm:

2241 1288 2267 1322 ν
2293 1269 2602 1337 Αἰγυπτίων
2637 1270 2728 1324 τὸν
2765 1270 3004 1342 ὄλεθρον,
3041 1271 3108 1340 ην
3147 1269 3309 1324 ῐππον
3334 1271 3363 1322 6
3404 1270 3570 1337 λόγος
3608 1269 3760 1321 ὠνό-

490 1357 700 1426 c0pias.
737 1357 865 1410 Erat
895 1373 1027 1428 ergo
1053 1359 1300 1428 quaedam
1347 1359 1526 1416 virtus
1562 1377 1667 1414 non
1718 1362 1919 1416 cadens
1956 1377 2009 1415 su

2244 1379 2352 1415 σεν.
2405 1361 2720 1432 Ἀγγελικὴν
2764 1362 2821 1415 δὲ
2850 1361 3052 1433 ταύτην
3089 1361 3342 1432 στρατιὰν
3369 1359 3758 1429 ὑπονοοῦμεν,

491 1457 795 1520 aspectum,
829 1465 951 1521 quae
982 1467 1076 1520 per
1109 1454 1372 1508 miracula
1415 1470 1536 1524 qua:
1580 1453 1780 1508 fiebant
1811 1455 1863 1509 in
1899 1470 2010 1509 mar

2242 1453 2287 1524 pi.
2343 1449 2411 1524 ἦς
2455 1471 2618 1523 φησιν
2665 1456 2694 1507 ό
2761 1455 3080 1524 προφήτηςο
3143 1453 3224 1506 ὅτι
3292 1453 3598 1521 Ἔπιόἠσῃ
3653 1451 3761 1505 ἐπὶ

491 1539 760 1611 Egyptiis
788 1540 1048 1597 afferebat
1075 1545 1325 1609 exitium,
1369 1561 1532 1615 quam
1563 1544 1846 1616 Scriptura
1882 1562 2006 1600 nom

2235 1545 2299 1610 ὺς
2345 1546 2568 1611 ἵππους
2598 1562 2714 1598 σου
2737 1585 2751 1609 ,
2794 1546 2889 1598 καὶ
2919 1546 2958 1613 ἠ
3004 1545 3258 1598 ἱππασιά
3289 1560 3405 1597 σου
3443 1548 3754 1614 σωτηρία.

492 1635 646 1688 navit
677 1649 872 1705 equos.
904 1636 1224 1708 Angelicum
1255 1645 1436 1693 autem
1470 1641 1768 1694 exercitum
1792 1654 1914 1694 eum
1937 1654 2011 1695 es:

2241 1637 2326 1690 λλὰ
2355 1639 2448 1691 καὶ
2489 1637 2732 1709 ἅρματος
2762 1639 2982 1708 μνήμην
3009 1636 3144 1690 Θεοῦ
3180 1638 3473 1707 ἐποιήσατο
3506 1640 3539 1690 6
3578 1638 3760 1691 Δαεὶδ

487 1725 901 1792 existimamus,
933 1726 1002 1781 de
1067 1742 1178 1796 quo
1226 1727 1358 1782 dicit
1427 1729 1686 1798 pr0phcta
1732 1747 1747 1782 :
1799 1729 2006 1782 Ascend.

2240 1745 2360 1792 ξων·
2398 1729 2469 1782 Τὸ
2501 1729 2658 1798 ἅρμα
2680 1727 2786 1782 τοῦ
2812 1728 2958 1782 Θεοῦ
2988 1728 3434 1797 μυριοπλάσιον
3456 1744 3472 1758 °
3532 1723 3582 1797 ᾧ
3609 1727 3759 1778 ὑπο-

488 1831 646 1885 equas
701 1827 839 1882 tuos,
883 1783 933 1872 et
973 1783 1239 1889 equitatus
1279 1830 1356 1873 est
1401 1783 1492 1873 tua
1529 1783 1762 1875 salus".
1812 1819 1917 1874 Sed
1963 1819 2006 1872 D

2236 1818 2482 1890 ὑγνυνται
2525 1820 2635 1874 τῶν
2683 1821 3053 1893 εὐθηνούντων
3100 1823 3156 1873 αί
3207 1818 3462 1890 χιλιάδες.
3529 1817 3666 1870 Ἔτι
3698 1817 3755 1868 δὲ

490 1925 708 1980 quoque
755 1926 953 1967 currus
1002 1911 1168 1967 David
1218 1910 1347 1968 fecit
1397 1914 1760 1977 mentionem,
1814 1913 2000 1967 dicens

2237 1913 2258 1957 ὶ
2283 1912 2317 1982 ἡ
2345 1911 2434 1964 τὸν
2460 1912 2745 1983 προφήτην
2791 1911 2970 1964 Ἠλίαν
2998 1911 3273 1980 μεταίσιον
3303 1912 3368 1963 ἐκ
3399 1912 3504 1978 γῆς
3530 1911 3632 1962 ἐπὶ
3659 1910 3756 1962 τὺν

491 2001 694 2058 Currite
727 2002 824 2058 Dei
853 2005 1028 2059 decem
1056 2006 1289 2076 millibus
1324 2007 1680 2076 multiplex”,
1710 2006 1797 2060 cui
1829 2005 2010 2074 stibqu

2234 2003 2400 2076 Béptov
2430 2005 2606 2075 χῶρον
2637 2003 3090 2073 ἀναλαμϐάνουσα
3117 2000 3343 2071 δύναμις
3396 2001 3477 2072 τῷ
3505 2001 3626 2052 τῶν
3658 2001 3753 2052 ἶπ-

490 2105 695 2166 guntur
733 2097 901 2152 millia
949 2113 1136 2154 eorum
1183 2100 1277 2168 qui
1321 2098 1582 2171 dirigunt.
1638 2098 1901 2153 Prazterea
1937 2113 2008 2168 qu

2236 2113 2280 2147 ›ν
2313 2095 2535 2165 ὀνόματι
2567 2094 2720 2164 παρὰ
2748 2094 2845 2164 τῆς
2879 2094 3099 2165 Γραφῆς
3127 2092 3472 2163 ὀνομάζεται,
3517 2093 3619 2144 καὶ
3651 2092 3755 2144 αὖ·

491 2186 666 2242 Eliam
699 2189 986 2244 sublimem
1016 2205 1048 2245 e
1076 2197 1221 2244 terra
1264 2189 1332 2244 ad
1362 2191 1538 2245 locum
1585 2190 1880 2244 zethereum
1918 2189 2010 2241 toll

2238 2205 2255 2240 ν
2276 2188 2333 2241 δὲ
2359 2189 2450 2240 τὸν
2474 2188 2757 2257 προφήτην
2787 2187 2938 2258 ἆρμα
2964 2186 3112 2254 λέγει
3140 2184 3234 2238 τοῦ
3278 2183 3496 2255 Ἰσραὴλ
3527 2185 3628 2238 καὶ
3658 2185 3757 2235 ἰπ-

488 2281 669 2335 virtus
694 2323 711 2348 ,
758 2296 1022 2351 equorum
1068 2281 1287 2338 nomine
1335 2283 1651 2336 nominatur
1679 2297 1710 2334 a
1749 2280 2007 2352 Scriptur;

2240 2298 2273 2334 α
2301 2284 2334 2351 ἡ
2367 2281 2594 2352 ἱστορία,
2639 2281 2748 2333 Καὶ
2781 2281 2907 2344 τοὺς
2951 2277 3360 2349 περιοδεύοντας
3407 2279 3598 2330 πᾶσαν
3645 2277 3754 2346 τὴν

492 2371 804 2438 Quinetiam
834 2373 1014 2443 ipsum
1049 2373 1365 2443 prophetam
1404 2373 1538 2428 dicit
1571 2372 1800 2428 historia
1833 2387 2011 2426 ωτι-ιιι

2234 2371 2504 2440 ιουμένην,
2555 2369 2620 2421 δι’
2661 2362 2737 2422 ὧν
2769 2367 3135 2432 κατοικίζεται
3164 2368 3257 2421 καὶ
3289 2366 3589 2438 ἡσυχάζει,
3641 2367 3753 2420 Ζα-

491 2462 708 2520 lsraelis
735 2473 790 2520 et
810 2465 1046 2535 equitem
1065 2464 1131 2519 “.
1163 2464 1267 2521 Eos
1301 2481 1519 2536 quoque
1545 2465 1636 2535 qui
1661 2473 1830 2520 totum
1868 2465 2010 2520 OPbCl

2241 2462 2356 2533 ρίας
2382 2463 2410 2515 ό
2442 2463 2722 2532 προφήτης
2769 2462 2968 2523 ἵππους
3009 2460 3286 2531 ὠνόμασε.
3315 2457 3753 2527 διαλεγομένους

492 2564 654 2613 ωτι-ιιι
681 2557 988 2620 obiverunt,
1021 2572 1118 2627 per
1143 2573 1283 2628 quos
1324 2567 1471 2612 terra
1519 2557 1795 2611 habitatur
1823 2566 1876 2612 et
1907 2557 2011 2626 QUlt

2230 2554 2301 2616 >ὸς
2327 2554 2418 2606 τὸν
2447 2553 2700 2622 ἱππότην,
2748 2552 2838 2605 τὸν
2891 2551 3288 2622 μέσον,ἑστῶτα
3315 2549 3427 2602 τῶν
3454 2550 3553 2602 δύο
3580 2550 3749 2620 ὀρῶν.

493 2648 620 2714 scit,
667 2649 961 2704 Zacharias
1012 2651 1276 2720 pr0pheta
1326 2649 1626 2704 nominavit
1671 2664 1842 2719 equos
1888 2649 2012 2702 diSSt

2234 2643 2374 2697 ικοῦν
2399 2645 2514 2697 ἔστι
2549 2661 2630 2707 τις
2663 2646 2828 2708 ἵππος
2857 2644 2934 2714 τῷ
2962 2645 3022 2696 τὸ
3054 2646 3160 2698 πᾶν
3186 2642 3544 2713 κεκτημένῳ·
3579 2645 3615 2713 ἡ
3647 2641 3753 2712 μὲν

492 2751 673 2795 rentes
700 2757 820 2794 cum
847 2741 1052 2810 equite,
1080 2749 1259 2796 stante
1293 2740 1348 2795 in
1397 2741 1576 2796 medio
1613 2739 1844 2795 duorum
1905 2755 2011 2793 mor

2232 2753 2256 2787 ν
2296 2737 2578 2805 προφήτην
2606 2735 2913 2803 ἀνάγουσα·
2949 2735 2982 2806 ἡ
3024 2735 3079 2788 δὲ
3118 2734 3215 2805 τὴν
3242 2731 3574 2802 οἰκουμένην
3613 2730 3751 2784 οἰκί-

491 2831 715 2886 tium".
771 2831 866 2885 Est
897 2847 1027 2902 ergo
1057 2847 1232 2902 equus
1271 2832 1320 2886 ei
1353 2832 1446 2902 qui
1493 2830 1898 2885 universitatem
1934 2844 2010 2898 po:

2231 2843 2364 2880 uca°
2400 2829 2432 2898 ἡ
2457 2827 2517 2880 δὲ
2547 2827 2987 2897 ὑποζευγνυμένη
3025 2825 3103 2895 τῷ
3129 2825 3330 2896 ἆρματι
3349 2842 3363 2855 ο
3409 2824 3546 2894 ἄλλη
3578 2824 3636 2877 δὲ
3661 2824 3749 2875 τόν

495 2923 637 2978 sidet
684 2942 698 2979 :
753 2923 894 2978 alius
940 2923 1157 2993 quidem
1204 2938 1423 2979 sursum
1463 2923 1660 2976 tollens
1705 2922 2014 2992 prephetam

2229 2919 2298 2971 ιον
2332 2919 2526 2988 ἔποχον
2557 2921 2648 2972 ἐπὶ
2674 2919 2916 2990 σωτηρίᾳ
2947 2917 3056 2970 τῶν
3087 2915 3388 2987 ἀνθρώπων
3433 2914 3748 2983 λαμϐάνον-

492 3015 638 3070 alius
687 3024 870 3070 autem
932 3013 1141 3070 faciens
1196 3023 1256 3068 ut
1310 3015 1585 3068 habitetur
1640 3014 1790 3068 orbis
1851 3020 2009 3069 terrae

2223 3029 2280 3062 ιο
2333 3011 2467 3081 ἄλλη
2509 3011 2567 3064 δὲ
2609 3012 2707 3082 τὴν
2753 3011 3055 3078 Αἰγυπτίαν
3103 3009 3448 3064 καταλύουσα
3488 3011 3742 3078 δύναμιν.

493 3105 636 3161 alius
687 3114 866 3161 autem
920 3107 1012 3174 qui
1091 3105 1340 3176 jungitur
1420 3105 1648 3169 currui;
1726 3105 1866 3160 alius
1935 3105 2012 3160 ilel

2228 3103 2376 3171 )λλῆς
2403 3103 2581 3158 τοίνυν
2610 3103 2775 3174 οὔσης
2809 3107 2866 3157 ὲν
2898 3107 3019 3167 ταῖς
3050 3102 3220 3166 θείαις
3247 3103 3495 3174 Γραφαίς
3521 3103 3636 3172 τῆς
3664 3101 3747 3153 διὰ

491 3197 587 3266 qui
649 3195 816 3251 Deum
849 3196 1074 3266 saccipit
1143 3204 1416 3251 vectorem
1476 3195 1543 3248 ad
1601 3195 1829 3250 salutem
1887 3196 2010 3248 hom

2228 3195 2270 3246 ιν
2297 3195 2584 3265 ἐνεργειῶν
2615 3195 2942 3266 φαινομένης
2968 3196 3248 3264 διαφορᾶς,
3278 3197 3344 3264 τῇ
3381 3195 3747 3264 καθαιρετικῇ

492 3303 647 3351 num,
669 3287 810 3342 alius
830 3296 1009 3342 autem
1039 3286 1131 3355 qui
1157 3286 1438 3358 Egyptias
1474 3286 1655 3341 obruit
1685 3287 1890 3356 copias.
1924 3285 2002 3340 Cu

2233 3303 2260 3347 ς
2301 3288 2675 3357 Αἰγυπτιακῆς
2712 3287 2990 3358 δυνάμεως
3030 3288 3180 3357 ἵππῳ
3230 3287 3641 3358 παρεικάζεται
3716 3290 3747 3354 ἡ

492 3393 624 3449 ergo
659 3378 712 3432 in
744 3378 946 3433 divinis
976 3377 1132 3447 equis
1162 3392 1357 3449 magna
1410 3377 1500 3440 sit,
1533 3392 1654 3447 qua:
1707 3386 1935 3447 apparet
1966 3393 2011 3448 p4

2227 3375 2250 3427 ὴ
2301 3376 2394 3429 τοῦ
2440 3377 2639 3448 δρόμου
2682 3378 2781 3446 τῆς
2838 3379 3040 3447 ἀρετῆς
3081 3377 3158 3446 τῷ
3203 3377 3322 3448 Θεῷ
3366 3377 3746 3446 πλησιάσασα.

495 3471 845 3540 operationes
895 3468 1236 3535 differentia,
1274 3467 1613 3524 assimilatur
1665 3469 1927 3537 equitatui
1969 3484 2014 3536 ψ

2230 3469 2318 3520 ιτω
2349 3467 2457 3538 γάρ
2489 3485 2621 3538 φησι
2653 3468 2786 3539 πρὸς
2813 3469 2995 3538 αὐτὴν
3019 3468 3238 3536 όΑόγος
3271 3485 3284 3500 ·
3339 3468 3423 3520 ὅτι
3476 3467 3559 3536 Τῇ
3588 3470 3749 3531 ἵππῳ

494 3561 781 3634 Αζεγριὶιιε
810 3559 986 3632 perdit
1013 3560 1222 3630 cepias,
1267 3575 1332 3614 ea
1359 3574 1480 3631 quae
1506 3574 1605 3630 per
1631 3574 1853 3614 cursum
1887 3561 2013 3612 virtu

2229 3576 2276 3612 >υ
2324 3559 2394 3611 ἐν
2438 3558 2661 3628 ἅρμασι
2707 3557 2916 3626 Φαραὼ
2961 3557 3235 3628 ὡμοίωσά
3269 3573 3364 3623 σε,
3387 3561 3425 3627 ἡ
3471 3562 3748 3626 πλησίστ-

493 3654 565 3708 tis
595 3651 704 3707 Deo
728 3651 1201 3721 appropinquavit.
1251 3647 1327 3704 Ita
1355 3651 1498 3704 enim
1527 3649 1576 3704 ei
1605 3648 1737 3702 dicit
1769 3646 2008 3702 Verbum

2229 3670 2296 3704 vv.
2339 3651 2570 3715 Πολλοὺς
2613 3651 2669 3705 δὲ
2701 3651 2796 3705 καὶ
2831 3650 3099 3722 μεγάλους
3140 3649 3394 3714 ἐπαίνους
3424 3654 3454 3704 6
3481 3651 3650 3718 λόγος
3690 3654 3748 3704 ἐν

495 3744 660 3816 Equis
714 3744 844 3798 meis
889 3744 943 3796 in
995 3742 1238 3796 curribus
1296 3740 1602 3796 Pharaonis
1649 3740 1944 3794 assimilavi
1989 3749 2014 3791 ι.

2229 3741 2339 3813 υτῷ
2372 3742 2707 3813 περιείληφεο
2737 3743 2831 3796 καί
2854 3759 2938 3804 τις
2966 3741 3406 3814 κατορθωμάτων
3438 3743 3748 3812 κατάλογός

493 3837 786 3907 propinqua
820 3851 956 3888 mea.
984 3833 1180 3888 Multas
1213 3841 1392 3887 autem
1435 3847 1640 3902 easque
1691 3846 1918 3902 magnas
1947 3831 2012 3884 la:

2230 3852 2328 3897 τιν,
2360 3835 2393 3905 ἡ
2423 3835 2559 3904 πρὸς
2585 3834 2684 3905 τὴν
2720 3834 2887 3888 ἵππον
2920 3833 3122 3904 ταύτην
3150 3833 3427 3904 ὁμοίωσις.
3462 3835 3611 3888 Ὅσα
3641 3835 3749 3904 γάρ

493 3928 592 3983 des
650 3925 815 3982 simul
867 3923 1092 3979 verbum
1149 3921 1656 3992 complectiturzet
1707 3927 1793 3975 est
1839 3918 2012 3991 quidai

2231 3925 2253 3978 ῦ
2301 3926 2513 3998 Ἰσραὴλ
2553 3929 2610 3980 ὲν
2649 3927 2715 3996 τῇ
2769 3925 3032 3996 παροικίᾳ
3075 3925 3185 3977 τῶν
3236 3924 3559 3991 Αἰγυπτίων
3612 3943 3750 3994 μνη-

494 4018 717 4075 laudum
759 4017 1040 4087 catalogus
1072 4030 1192 4086 qua:
1223 4014 1308 4069 his
1346 4013 1503 4084 equis
1532 4011 1674 4066 facta
1714 4011 1815 4066 fuit
1843 4011 2007 4066 assim

2229 4017 2466 4078 ινεύεται,
2494 4015 2831 4086 ήδουλεία,ή
2861 4013 3103 4083 καλάμη,
3136 4015 3164 4066 6
3189 4012 3378 4083 πηλὸς,
3400 4014 3436 4083 ή
3471 4013 3748 4076 πλινθεία,

495 4109 648 4164 latio.
690 4108 1037 4176 Quaecunque
1065 4105 1210 4160 enim
1237 4103 1305 4160 de
1335 4103 1535 4158 lsraele
1561 4111 2014 4157 commemoranti

2230 4111 2310 4162 ίσα
2338 4111 2370 4179 ἡ
2405 4108 2532 4179 περὶ
2557 4106 2656 4179 τὴν
2681 4107 2782 4176 γῆν
2812 4105 3055 4176 ἀσχολία,
3099 4105 3145 4157 οἰ
3171 4103 3398 4174 χαλεποὶ
3427 4103 3539 4156 τῶν
3569 4106 3749 4158 τοιού-

495 4199 552 4255 in
602 4200 825 4270 regione
869 4195 1273 4268 Egyptiorum,
1321 4195 1579 4258 servitus,
1633 4193 1824 4263 paleae,
1861 4193 2014 4245 lutun

2227 4218 2266 4253 ιν
2315 4201 2490 4272 ἔργων
2541 4199 2849 4262 ἐπιστάται,
2891 4197 2940 4250 οἱ
2991 4195 3080 4248 τὸν
3125 4195 3350 4266 πήλινον
3386 4196 3590 4260 αὐτοὺς
3625 4197 3746 4250 καθ’

491 4291 713 4357 lateres,
750 4291 1003 4344 universa
1025 4288 1171 4343 circa
1199 4295 1402 4342 terram
1427 4285 1713 4357 occupatio
1739 4294 1792 4339 et
1819 4283 2010 4338 amictit

2229 4293 2396 4362 άστην
2425 4291 2638 4362 ἡμέραν
2673 4287 3030 4350 ἀπαιτοῦντες
3072 4286 3256 4357 φόρον,
3285 4286 3356 4339 δι’
3383 4286 3482 4350 οὓς
3506 4288 3569 4340 τὸ
3602 4289 3746 4358 ὕδωρ

492 4383 618 4440 duri
650 4397 839 4438 eorum
868 4395 1092 4451 operum
1125 4377 1386 4450 praefecti,
1433 4380 1528 4448 qui
1573 4374 1817 4446 quotidie
1855 4375 1924 4429 ab
1977 4391 2007 4429 e

2222 4381 2301 4456 ’μα
2333 4385 2561 4452 γίνεται,
2609 4381 2704 4434 καὶ
2746 4381 2803 4433 τὸ
2837 4379 2952 4448 φῶς
2988 4379 3317 4442 σκοτίζεται,
3354 4378 3450 4430 καὶ
3479 4378 3741 4448 βάτραχοι

492 4475 699 4530 luteum
747 4472 1034 4542 exigebant
1087 4471 1376 4532 tributum,
1406 4477 1626 4540 propter
1669 4482 1808 4537 quos
1835 4481 1974 4536 aqua
2003 4470 2011 4518 l

2224 4480 2270 4541 ῖς
2315 4476 2482 4537 οἴκοις
2519 4474 2850 4544 εἰσέρπουσι,
2896 4471 2989 4523 καὶ
3043 4471 3077 4540 ἡ
3135 4469 3401 4540 καμιναία
3439 4470 3593 4533 κόνις
3647 4471 3743 4532 τὰς

492 4566 737 4636 sanguis,
761 4571 814 4618 et
844 4563 933 4617 lux
966 4562 1315 4624 obscuratur,
1347 4567 1400 4614 et
1432 4573 1580 4613 ranae
1611 4565 1836 4627 serpunt
1874 4556 1927 4609 in
1963 4555 2011 4610 dt

2222 4567 2452 4630 .υκτίδας
2479 4566 2585 4619 ἀπὸ
2612 4564 2722 4618 τῶν
2754 4565 3021 4634 σωμάτων
3050 4561 3299 4625 ἁναζέειν
3331 4565 3499 4624 ποιεί,
3541 4562 3639 4615 καὶ
3676 4563 3741 4615 τὰ

493 4673 634 4722 mos,
683 4665 738 4712 et
780 4671 810 4711 e
845 4656 1064 4711 camino
1105 4654 1286 4724 pulvis
1333 4652 1465 4707 facit
1509 4652 1757 4723 pustulas
1799 4652 1984 4705 enasci

2221 4659 2283 4712 ιϐ’
2315 4659 2542 4712 ἕκαστον
2584 4658 2780 4720 πάντα,
2814 4658 2846 4726 ἡ
2891 4656 3076 4726 ἀκρίς,
3104 4655 3155 4706 οἰ
3212 4653 3462 4717 σκνίπες,
3508 4656 3538 4709 6
3581 4655 3740 4724 βροῦ-

491 4749 840 4818 corporibus,
889 4756 966 4811 et,
1011 4754 1072 4801 ut
1121 4747 1288 4802 semel
1338 4746 1517 4800 dicam
1568 4743 1772 4806 omnia,
1825 4743 2010 4798 locust:

2217 4768 2272 4816 ις,
2312 4751 2346 4821 ἡ
2379 4748 2608 4820 χάλαζα,
2656 4748 2765 4801 τῶν
2818 4747 3177 4818 πρωτοτόκων
3220 4745 3291 4797 τὰ
3331 4745 3516 4816 πάθηο
3567 4746 3736 4800 ταῦτα

490 4841 777 4914 cyuiphes,
807 4839 1069 4901 bruchus,
1100 4839 1328 4910 grando,
1359 4853 1478 4908 quae
1506 4837 1826 4893 acciderunt
1848 4837 2009 4908 primr

2215 4843 2337 4896 Ξιντα
2379 4842 2475 4895 καὶ
2501 4842 2601 4894 ὅσα
2635 4839 2770 4908 πρὸς
2807 4840 2869 4892 τὸ
2897 4841 3146 4909 κρεῖττον
3183 4837 3218 4908 ἡ
3248 4837 3464 4908 ἱστορία
3495 4837 3734 4904 διέξεισι,

490 4933 692 5004 genitis
724 4949 738 4987 :
777 4932 890 4985 haec
936 4932 1141 4995 omnia,
1185 4938 1240 4986 et
1284 4946 1622 5000 quazcunque
1650 4931 1844 4984 melius
1873 4945 2009 4999 persr

2216 4935 2220 4950 '
2245 4927 2320 4987 ὧν
2349 4933 2558 5000 γίνεται
2600 4934 2711 4994 τοῖς
2751 4929 3111 5001 Ἰσραηλίταις
3139 4929 3172 4998 ἡ
3203 4927 3475 5000 σωτηρία,
3503 4929 3735 4982 ἐπαίνων

489 5024 678 5095 quitur
703 5023 954 5086 historia,
983 5037 1078 5091 per
1107 5037 1228 5091 quae
1254 5022 1556 5092 acquiritur
1588 5021 1738 5077 salus
1772 5021 2008 5076 lsraeliti:

2211 5027 2303 5078 ῖτὶν
2355 5025 2609 5086 ὑπόθεσις
2654 5025 2720 5093 τῇ
2756 5022 2832 5092 τῷ
2871 5021 2990 5092 Θεῷ
3022 5021 3402 5092 συναπτομένη
3439 5020 3613 5092 ψυχῇ,
3663 5022 3730 5074 Οὐ

487 5124 575 5170 est
602 5113 826 5168 laudum
860 5122 1242 5184 argumentum
1281 5113 1477 5167 anima:
1524 5127 1645 5182 qua:
1683 5111 1790 5166 Deo
1823 5112 2005 5180 conjut

2210 5119 2264 5188 ἰρ
2296 5117 2361 5170 ἂν
2385 5113 2641 5185 ὡμοιώθη
2670 5117 2737 5184 τῇ
2770 5113 2994 5184 δυνάμει
3039 5113 3243 5182 ἐκείνῃ,
3270 5114 3339 5183 τῇ
3379 5112 3729 5184 καθαιρετικῇ

397 5268 405 5277 _
489 5209 659 5281 gitur.
689 5205 809 5262 Non
839 5206 984 5261 enim
1029 5214 1177 5262 esset
1205 5207 1506 5262 assimilata
1541 5207 1618 5260 illi
1664 5207 1916 5261 exercitui

2210 5209 2267 5262 ὒν
2288 5209 2598 5276 Αἰγυπτίων
2631 5205 2835 5265 κακῶν,
2865 5205 2931 5258 δι’
2959 5201 3028 5277 ἦς
3057 5203 3435 5275 ἐλευθεροῦται
3464 5206 3494 5256 6
3529 5203 3729 5275 Ἰσραὴλ

488 5303 663 5358 malos
689 5299 864 5370 perdit
893 5299 1195 5370 Egyptios,
1225 5313 1322 5368 per
1348 5313 1508 5368 quem
1539 5313 1570 5352 a
1600 5299 1739 5353 mala
1768 5298 2007 5369 tyrannici

2211 5303 2259 5372 ᾖς
2308 5301 2547 5370 πονηρᾶς
2596 5296 2929 5368 τυραννίδος,
2977 5297 3025 5347 εἰ
3076 5295 3151 5366 μὴ
3192 5293 3370 5347 ταῦτα
3418 5295 3600 5349 πάντα
3649 5297 3730 5347 καὶ

490 5395 754 5450 liberatur
785 5393 948 5448 Israel
975 5431 992 5457 ,
1028 5391 1134 5447 nisi
1172 5406 1234 5446 ea
1268 5393 1450 5446 omnia
1482 5399 1630 5448 recte
1667 5403 1814 5461 gesta
1847 5406 2004 5446 essen

2206 5390 2328 5460 ιύτῃ
2369 5388 2713 5459 κατώρθωτο,
2747 5387 2816 5440 τά
2842 5403 2901 5439 τε
2932 5384 3291 5456 καθαιρετικὰ
3315 5385 3416 5455 τῆς
3439 5386 3725 5454 Αἰγύπτου,

491 5500 612 5554 quae
643 5495 697 5540 et
729 5484 1019 5556 Egyptum
1046 5482 1299 5553 perdunt,
1323 5491 1376 5537 et
1408 5492 1599 5551 parant
1631 5483 1732 5537 iter
1761 5483 1828 5536 ad
1863 5482 2010 5537 Deun

2204 5483 2252 5536 αἱ
2280 5484 2347 5535 τά
2377 5480 2861 5551 παρασκευαστικά
2901 5479 3002 5549 τῆς
3035 5479 3170 5550 πρὸς
3199 5478 3292 5530 τὸν
3322 5477 3462 5531 Θεὸν
3494 5480 3723 5550 πορείας,

489 5591 679 5630 eorum
709 5577 803 5646 qui
833 5591 862 5630 a
894 5577 1024 5631 limo
1047 5575 1301 5647 Egyptio
1328 5575 1567 5645 migrant
1600 5575 1667 5629 ad
1701 5582 1903 5631 terram
1935 5592 2008 5644 pri

2205 5575 2266 5628 Iw
2297 5571 2749 5645 μετοικιζομένων
2793 5571 2929 5643 πρὸς
2967 5571 3066 5641 τὴν
3111 5573 3214 5642 γῆν
3260 5570 3362 5641 τῆς
3409 5572 3724 5641 ἐπαγγελίας

562 5747 832 5806 “Hahae.
868 5765 951 5816 ιιι,
989 5750 1044 5806 8.
1129 5749 1176 5782 ’³
1217 5749 1364 5809 Psal.
1419 5766 1566 5808 van
1591 5793 1608 5821 ,
1652 5751 1742 5808 l8.
1823 5752 1868 5784 "
1906 5751 1972 5806 IV
2005 5751 2081 5809 Re

1325 5751 1364 5809 ι.
1419 5766 1566 5808 van
1591 5793 1608 5821 ,
1652 5751 1742 5808 l8.
1823 5752 1868 5784 "
1906 5751 1972 5806 IV
2005 5751 2140 5826 Reg.
2177 5769 2237 5820 ιι,
2271 5752 2358 5808 ll.
2433 5756 2480 5787 ³⁸
2505 5753 2674 5811 Zach.
2715 5769 2755 5820 ι,
2786 5753 2840 5810 8.
