  <div class='ocr_page' id='page_1' title='image "/cluster/home/n/w/nwhite01/storage/ocr_20150623/44/nnc1.0037127462/418.png"; bbox 0 0 3846 6220; ppageno 0'>
   <div class='ocr_carea' id='block_1_1' title="bbox 83 347 202 402">
    <p class='ocr_par' dir='ltr' id='par_1_1' title="bbox 83 347 202 402">
     <span class='ocr_line' id='line_1_1' title="bbox 83 347 202 402; baseline 0.017 -2"><span class='ocrx_word' id='word_1_1' title='bbox 83 347 202 402; x_wconf 65' lang='grc'><strong>815</strong></span> 
     </span>
    </p>
   </div>
   <div class='ocr_carea' id='block_1_2' title="bbox 1125 337 2288 401">
    <p class='ocr_par' dir='ltr' id='par_1_2' title="bbox 1125 337 2288 401">
     <span class='ocr_line' id='line_1_2' title="bbox 1125 337 2288 401; baseline 0.001 -4"><span class='ocrx_word' id='word_1_2' title='bbox 1125 342 1189 397; x_wconf 82' lang='grc' dir='ltr'><strong>ΙΝ</strong></span> <span class='ocrx_word' id='word_1_3' title='bbox 1227 341 1522 401; x_wconf 73' lang='lat' dir='ltr'><strong>CANTECA</strong></span> <span class='ocrx_word' id='word_1_4' title='bbox 1561 337 1832 397; x_wconf 79' lang='lat' dir='ltr'><strong>CANTIC.</strong></span> <span class='ocrx_word' id='word_1_5' title='bbox 1878 339 2163 397; x_wconf 66' lang='lat' dir='ltr'><strong>l-IOMILIA</strong></span> <span class='ocrx_word' id='word_1_6' title='bbox 2202 342 2288 399; x_wconf 88' lang='lat' dir='ltr'><strong>Ill.</strong></span> 
     </span>
    </p>
   </div>
   <div class='ocr_carea' id='block_1_3' title="bbox 3241 348 3347 404">
    <p class='ocr_par' dir='ltr' id='par_1_3' title="bbox 3241 348 3347 404">
     <span class='ocr_line' id='line_1_3' title="bbox 3241 348 3347 404; baseline 0.019 -2"><span class='ocrx_word' id='word_1_7' title='bbox 3241 348 3347 404; x_wconf 68' lang='lat' dir='ltr'><strong>illi»</strong></span> 
     </span>
    </p>
   </div>
   <div class='ocr_carea' id='block_1_4' title="bbox 83 462 1677 537">
    <p class='ocr_par' dir='ltr' id='par_1_4' title="bbox 83 463 1677 537">
     <span class='ocr_line' id='line_1_4' title="bbox 83 463 1677 537; baseline 0 -22"><span class='ocrx_word' id='word_1_8' title='bbox 83 464 205 517; x_wconf 79' lang='grc' dir='ltr'><strong>ἀπὸ</strong></span> <span class='ocrx_word' id='word_1_9' title='bbox 257 465 359 536; x_wconf 85' lang='grc' dir='ltr'>τῆς</span> <span class='ocrx_word' id='word_1_10' title='bbox 409 465 705 534; x_wconf 75' lang='grc' dir='ltr'><strong>Αἰγυπτίας</strong></span> <span class='ocrx_word' id='word_1_11' title='bbox 760 465 922 531; x_wconf 86' lang='grc' dir='ltr'>ἰλύος.</span> <span class='ocrx_word' id='word_1_12' title='bbox 977 464 1186 519; x_wconf 80' lang='grc' dir='ltr'>Οὐκοῦν</span> <span class='ocrx_word' id='word_1_13' title='bbox 1232 465 1450 537; x_wconf 82' lang='grc' dir='ltr'>ἐπειδὴ,</span> <span class='ocrx_word' id='word_1_14' title='bbox 1499 463 1677 526; x_wconf 83' lang='grc' dir='ltr'>καθώς</span> 
     </span>
    </p>
   </div>
   <div class='ocr_carea' id='block_1_5' title="bbox 1782 462 3346 537">
    <p class='ocr_par' dir='ltr' id='par_1_5' title="bbox 1784 462 3346 533">
     <span class='ocr_line' id='line_1_5' title="bbox 1784 462 3346 533; baseline 0.004 -19"><span class='ocrx_word' id='word_1_15' title='bbox 1784 462 2085 518; x_wconf 83' lang='lat' dir='ltr'><strong>missionis.</strong></span> <span class='ocrx_word' id='word_1_16' title='bbox 2118 462 2287 533; x_wconf 94' lang='lat' dir='ltr'><strong>Igitur</strong></span> <span class='ocrx_word' id='word_1_17' title='bbox 2311 462 2774 533; x_wconf 89' lang='lat' dir='ltr'><strong>quandoquidem,</strong></span> <span class='ocrx_word' id='word_1_18' title='bbox 2797 465 2937 519; x_wconf 87' lang='lat' dir='ltr'><strong>sicut</strong></span> <span class='ocrx_word' id='word_1_19' title='bbox 2968 464 3102 519; x_wconf 78' lang='lat' dir='ltr'><strong>dicit</strong></span> <span class='ocrx_word' id='word_1_20' title='bbox 3126 465 3346 521; x_wconf 81' lang='lat' dir='ltr'><strong>divinus</strong></span> 
     </span>
    </p>
   </div>
   <div class='ocr_carea' id='block_1_6' title="bbox 83 554 1678 625">
    <p class='ocr_par' dir='ltr' id='par_1_6' title="bbox 83 554 1678 625">
     <span class='ocr_line' id='line_1_6' title="bbox 83 554 1678 625; baseline -0.001 -18"><span class='ocrx_word' id='word_1_21' title='bbox 83 557 318 625; x_wconf 75' lang='grc' dir='ltr'>φησινό</span> <span class='ocrx_word' id='word_1_22' title='bbox 371 555 513 618; x_wconf 80' lang='grc' dir='ltr'>θεῖος</span> <span class='ocrx_word' id='word_1_23' title='bbox 574 556 930 621; x_wconf 83' lang='grc' dir='ltr'>’Λπόστολος,</span> <span class='ocrx_word' id='word_1_24' title='bbox 975 557 1153 609; x_wconf 78' lang='grc' dir='ltr'>πάντα</span> <span class='ocrx_word' id='word_1_25' title='bbox 1199 556 1335 625; x_wconf 82' lang='grc' dir='ltr'>πρὸς</span> <span class='ocrx_word' id='word_1_26' title='bbox 1397 554 1678 609; x_wconf 81' lang='grc' dir='ltr'>νουθεσίαν</span> 
     </span>
    </p>
   </div>
   <div class='ocr_carea' id='block_1_7' title="bbox 85 647 1675 720">
    <p class='ocr_par' dir='ltr' id='par_1_7' title="bbox 85 647 1675 720">
     <span class='ocr_line' id='line_1_7' title="bbox 85 647 1675 720; baseline -0.001 -20"><span class='ocrx_word' id='word_1_27' title='bbox 85 647 258 716; x_wconf 77' lang='grc' dir='ltr'>ἡμῶν</span> <span class='ocrx_word' id='word_1_28' title='bbox 307 649 758 719; x_wconf 82' lang='grc' dir='ltr'>ἀναγέγραπται,</span> <span class='ocrx_word' id='word_1_29' title='bbox 808 651 909 705; x_wconf 83' lang='grc' dir='ltr'><strong>ὅσα</strong></span> <span class='ocrx_word' id='word_1_30' title='bbox 955 651 990 720; x_wconf 79' lang='grc' dir='ltr'><strong>ἡ</strong></span> <span class='ocrx_word' id='word_1_31' title='bbox 1044 649 1399 711; x_wconf 76' lang='grc' dir='ltr'><strong>θεόπνευστος</strong></span> <span class='ocrx_word' id='word_1_32' title='bbox 1433 647 1675 716; x_wconf 80' lang='grc' dir='ltr'><strong>περιέχει</strong></span> 
     </span>
    </p>
   </div>
   <div class='ocr_carea' id='block_1_8' title="bbox 87 736 1676 814">
    <p class='ocr_par' dir='ltr' id='par_1_8' title="bbox 87 736 1676 814">
     <span class='ocr_line' id='line_1_8' title="bbox 87 736 1676 814; baseline -0.001 -22"><span class='ocrx_word' id='word_1_33' title='bbox 87 736 292 808; x_wconf 81' lang='grc' dir='ltr'>Γραφή</span> <span class='ocrx_word' id='word_1_34' title='bbox 314 755 328 769; x_wconf 89' lang='grc'><strong>·</strong></span> <span class='ocrx_word' id='word_1_35' title='bbox 371 739 524 792; x_wconf 83' lang='grc' dir='ltr'>οὐδὲν</span> <span class='ocrx_word' id='word_1_36' title='bbox 549 739 679 794; x_wconf 79' lang='grc' dir='ltr'>ἄλλο</span> <span class='ocrx_word' id='word_1_37' title='bbox 707 740 741 810; x_wconf 79' lang='grc' dir='ltr'><strong>ἢ</strong></span> <span class='ocrx_word' id='word_1_38' title='bbox 775 740 1131 810; x_wconf 77' lang='grc' dir='ltr'>συμϐουλεύει</span> <span class='ocrx_word' id='word_1_39' title='bbox 1160 738 1261 814; x_wconf 44' lang='lat'><strong>6:31,</strong></span> <span class='ocrx_word' id='word_1_40' title='bbox 1277 739 1388 792; x_wconf 87' lang='grc' dir='ltr'><strong>τῶν</strong></span> <span class='ocrx_word' id='word_1_41' title='bbox 1416 739 1551 809; x_wconf 85' lang='grc' dir='ltr'>πρὸς</span> <span class='ocrx_word' id='word_1_42' title='bbox 1581 737 1676 807; x_wconf 84' lang='grc' dir='ltr'>τὴν</span> 
     </span>
    </p>
   </div>
   <div class='ocr_carea' id='block_1_9' title="bbox 83 829 1677 906">
    <p class='ocr_par' dir='ltr' id='par_1_9' title="bbox 83 829 1677 906">
     <span class='ocr_line' id='line_1_9' title="bbox 83 829 1677 906; baseline 0.01 -25"><span class='ocrx_word' id='word_1_43' title='bbox 83 829 326 900; x_wconf 78' lang='grc' dir='ltr'>νύμφην</span> <span class='ocrx_word' id='word_1_44' title='bbox 357 832 662 903; x_wconf 76' lang='grc' dir='ltr'><strong>εἰρημένων</strong></span> <span class='ocrx_word' id='word_1_45' title='bbox 703 836 732 887; x_wconf 89' lang='grc' dir='ltr'><strong>ό</strong></span> <span class='ocrx_word' id='word_1_46' title='bbox 767 835 936 903; x_wconf 87' lang='grc' dir='ltr'><strong>Λόγος</strong></span> <span class='ocrx_word' id='word_1_47' title='bbox 963 836 1116 906; x_wconf 80' lang='grc' dir='ltr'>ἡμῖν,</span> <span class='ocrx_word' id='word_1_48' title='bbox 1152 837 1232 888; x_wconf 85' lang='grc' dir='ltr'><strong>ὅτι</strong></span> <span class='ocrx_word' id='word_1_49' title='bbox 1264 833 1371 906; x_wconf 81' lang='grc' dir='ltr'><strong>χρὴ</strong></span> <span class='ocrx_word' id='word_1_50' title='bbox 1405 834 1497 887; x_wconf 76' lang='grc' dir='ltr'><strong>καὶ</strong></span> <span class='ocrx_word' id='word_1_51' title='bbox 1529 835 1677 904; x_wconf 77' lang='grc' dir='ltr'><strong>ἡμᾶς</strong></span> 
     </span>
    </p>
   </div>
   <div class='ocr_carea' id='block_1_10' title="bbox 84 918 1677 993">
    <p class='ocr_par' dir='ltr' id='par_1_10' title="bbox 84 918 1677 993">
     <span class='ocr_line' id='line_1_10' title="bbox 84 918 1677 993; baseline 0.003 -22"><span class='ocrx_word' id='word_1_52' title='bbox 84 918 298 991; x_wconf 77' lang='grc' dir='ltr'>ἔποχον</span> <span class='ocrx_word' id='word_1_53' title='bbox 326 921 655 992; x_wconf 80' lang='grc' dir='ltr'><strong>δεξαμένους</strong></span> <span class='ocrx_word' id='word_1_54' title='bbox 679 923 765 992; x_wconf 79' lang='grc' dir='ltr'><strong>ἐφ’</strong></span> <span class='ocrx_word' id='word_1_55' title='bbox 789 923 997 977; x_wconf 83' lang='grc' dir='ltr'>ἑαυτῶν</span> <span class='ocrx_word' id='word_1_56' title='bbox 1029 925 1118 978; x_wconf 86' lang='grc' dir='ltr'><strong>τὸν</strong></span> <span class='ocrx_word' id='word_1_57' title='bbox 1161 926 1331 993; x_wconf 83' lang='grc' dir='ltr'>Λόγον</span> <span class='ocrx_word' id='word_1_58' title='bbox 1356 965 1371 990; x_wconf 92' lang='grc'><strong>,</strong></span> <span class='ocrx_word' id='word_1_59' title='bbox 1419 925 1512 978; x_wconf 74' lang='grc' dir='ltr'><strong>καὶ</strong></span> <span class='ocrx_word' id='word_1_60' title='bbox 1545 941 1677 977; x_wconf 88' lang='grc' dir='ltr'>κατ-</span> 
     </span>
    </p>
   </div>
   <div class='ocr_carea' id='block_1_11' title="bbox 86 1013 1675 1086">
    <p class='ocr_par' dir='ltr' id='par_1_11' title="bbox 86 1013 1675 1086">
     <span class='ocr_line' id='line_1_11' title="bbox 86 1013 1675 1086; baseline 0.003 -24"><span class='ocrx_word' id='word_1_61' title='bbox 86 1013 546 1084; x_wconf 82' lang='grc' dir='ltr'>αγωνισαμένους</span> <span class='ocrx_word' id='word_1_62' title='bbox 574 1014 673 1086; x_wconf 79' lang='grc' dir='ltr'><strong>τὴν</strong></span> <span class='ocrx_word' id='word_1_63' title='bbox 699 1014 1001 1083; x_wconf 74' lang='grc' dir='ltr'><strong>Αἰγυπτίαν</strong></span> <span class='ocrx_word' id='word_1_64' title='bbox 1050 1015 1214 1068; x_wconf 76' lang='grc' dir='ltr'>ἵππον</span> <span class='ocrx_word' id='word_1_65' title='bbox 1254 1016 1435 1079; x_wconf 81' lang='grc' dir='ltr'>αὐτοῖς</span> <span class='ocrx_word' id='word_1_66' title='bbox 1468 1016 1675 1086; x_wconf 77' lang='grc' dir='ltr'>ἅρμασι</span> 
     </span>
    </p>
   </div>
   <div class='ocr_carea' id='block_1_12' title="bbox 86 1105 1676 1180">
    <p class='ocr_par' dir='ltr' id='par_1_12' title="bbox 86 1105 1676 1180">
     <span class='ocr_line' id='line_1_12' title="bbox 86 1105 1676 1180; baseline 0.001 -21"><span class='ocrx_word' id='word_1_67' title='bbox 86 1107 192 1159; x_wconf 73' lang='grc' dir='ltr'>καὶ</span> <span class='ocrx_word' id='word_1_68' title='bbox 242 1105 576 1170; x_wconf 77' lang='grc' dir='ltr'>ἀναϐάταις,</span> <span class='ocrx_word' id='word_1_69' title='bbox 610 1106 705 1160; x_wconf 76' lang='grc' dir='ltr'>καὶ</span> <span class='ocrx_word' id='word_1_70' title='bbox 738 1108 918 1161; x_wconf 78' lang='grc' dir='ltr'>πᾶσαν</span> <span class='ocrx_word' id='word_1_71' title='bbox 960 1107 1138 1163; x_wconf 78' lang='grc' dir='ltr'>αὐτῶν</span> <span class='ocrx_word' id='word_1_72' title='bbox 1176 1108 1272 1180; x_wconf 84' lang='grc' dir='ltr'><strong>τὴν</strong></span> <span class='ocrx_word' id='word_1_73' title='bbox 1307 1108 1549 1180; x_wconf 82' lang='grc' dir='ltr'>πονηρὰν</span> <span class='ocrx_word' id='word_1_74' title='bbox 1588 1109 1676 1161; x_wconf 89' lang='grc' dir='ltr'>δυ-</span> 
     </span>
    </p>
   </div>
   <div class='ocr_carea' id='block_1_13' title="bbox 84 1197 1673 1271">
    <p class='ocr_par' dir='ltr' id='par_1_13' title="bbox 84 1197 1673 1271">
     <span class='ocr_line' id='line_1_13' title="bbox 84 1197 1673 1271; baseline 0.001 -21"><span class='ocrx_word' id='word_1_75' title='bbox 84 1198 355 1251; x_wconf 85' lang='grc' dir='ltr'>ναστείαν</span> <span class='ocrx_word' id='word_1_76' title='bbox 381 1197 460 1268; x_wconf 78' lang='grc' dir='ltr'><strong>τῷ</strong></span> <span class='ocrx_word' id='word_1_77' title='bbox 487 1198 642 1253; x_wconf 79' lang='grc' dir='ltr'>ὕδατι</span> <span class='ocrx_word' id='word_1_78' title='bbox 665 1200 1121 1264; x_wconf 78' lang='grc' dir='ltr'>καταπνίξαντας.</span> <span class='ocrx_word' id='word_1_79' title='bbox 1150 1199 1321 1264; x_wconf 79' lang='grc' dir='ltr'>οὕτως</span> <span class='ocrx_word' id='word_1_80' title='bbox 1346 1200 1673 1271; x_wconf 83' lang='grc' dir='ltr'>ὁμοιωθῆναι</span> 
     </span>
    </p>
   </div>
   <div class='ocr_carea' id='block_1_14' title="bbox 83 1291 1676 1364">
    <p class='ocr_par' dir='ltr' id='par_1_14' title="bbox 83 1291 1676 1364">
     <span class='ocr_line' id='line_1_14' title="bbox 83 1291 1676 1364; baseline 0.001 -22"><span class='ocrx_word' id='word_1_81' title='bbox 83 1293 156 1362; x_wconf 80' lang='grc' dir='ltr'>τῇ</span> <span class='ocrx_word' id='word_1_82' title='bbox 188 1291 426 1362; x_wconf 84' lang='grc' dir='ltr'>δυνάμει</span> <span class='ocrx_word' id='word_1_83' title='bbox 448 1291 652 1363; x_wconf 79' lang='grc' dir='ltr'>ἐκείνῃ,</span> <span class='ocrx_word' id='word_1_84' title='bbox 686 1291 938 1364; x_wconf 83' lang='grc' dir='ltr'>καθάπερ</span> <span class='ocrx_word' id='word_1_85' title='bbox 967 1293 1089 1347; x_wconf 83' lang='grc' dir='ltr'>τινὰ</span> <span class='ocrx_word' id='word_1_86' title='bbox 1119 1293 1283 1346; x_wconf 76' lang='grc' dir='ltr'>ἵππον</span> <span class='ocrx_word' id='word_1_87' title='bbox 1310 1293 1407 1363; x_wconf 80' lang='grc' dir='ltr'>τὴν</span> <span class='ocrx_word' id='word_1_88' title='bbox 1439 1294 1676 1347; x_wconf 75' lang='grc' dir='ltr'>ἀντικει-</span> 
     </span>
    </p>
   </div>
   <div class='ocr_carea' id='block_1_15' title="bbox 89 1383 1677 1455">
    <p class='ocr_par' dir='ltr' id='par_1_15' title="bbox 89 1383 1677 1455">
     <span class='ocr_line' id='line_1_15' title="bbox 89 1383 1677 1455; baseline 0.001 -20"><span class='ocrx_word' id='word_1_89' title='bbox 89 1383 268 1453; x_wconf 88' lang='grc' dir='ltr'>μένην</span> <span class='ocrx_word' id='word_1_90' title='bbox 301 1383 564 1455; x_wconf 81' lang='grc' dir='ltr'>στρατιὰν</span> <span class='ocrx_word' id='word_1_91' title='bbox 589 1383 884 1452; x_wconf 81' lang='grc' dir='ltr'>ὲναφέντας</span> <span class='ocrx_word' id='word_1_92' title='bbox 912 1385 990 1455; x_wconf 83' lang='grc' dir='ltr'>τῷ</span> <span class='ocrx_word' id='word_1_93' title='bbox 1021 1385 1192 1439; x_wconf 78' lang='grc' dir='ltr'>ὕδατι.</span> <span class='ocrx_word' id='word_1_94' title='bbox 1226 1385 1312 1448; x_wconf 84' lang='grc' dir='ltr'>Ὠς</span> <span class='ocrx_word' id='word_1_95' title='bbox 1341 1386 1383 1436; x_wconf 88' lang='grc' dir='ltr'>δ’</span> <span class='ocrx_word' id='word_1_96' title='bbox 1414 1385 1480 1438; x_wconf 84' lang='grc' dir='ltr'>ἂν</span> <span class='ocrx_word' id='word_1_97' title='bbox 1511 1385 1677 1452; x_wconf 75' lang='grc' dir='ltr'>σαφέ-</span> 
     </span>
    </p>
   </div>
   <div class='ocr_carea' id='block_1_16' title="bbox 87 1466 1676 1548">
    <p class='ocr_par' dir='ltr' id='par_1_16' title="bbox 87 1466 1676 1548">
     <span class='ocr_line' id='line_1_16' title="bbox 87 1466 1676 1548; baseline 0.003 -22"><span class='ocrx_word' id='word_1_98' title='bbox 87 1492 294 1545; x_wconf 88' lang='grc' dir='ltr'>στερον</span> <span class='ocrx_word' id='word_1_99' title='bbox 343 1466 611 1547; x_wconf 79' lang='grc' dir='ltr'>μάθοιμεν</span> <span class='ocrx_word' id='word_1_100' title='bbox 637 1475 700 1529; x_wconf 77' lang='grc' dir='ltr'><strong>τὸ</strong></span> <span class='ocrx_word' id='word_1_101' title='bbox 731 1476 1041 1548; x_wconf 86' lang='grc' dir='ltr'>λεγόμενον,</span> <span class='ocrx_word' id='word_1_102' title='bbox 1071 1476 1313 1532; x_wconf 79' lang='grc' dir='ltr'>τοιοῦτόν</span> <span class='ocrx_word' id='word_1_103' title='bbox 1342 1479 1516 1533; x_wconf 79' lang='grc' dir='ltr'>ἐστιν’</span> <span class='ocrx_word' id='word_1_104' title='bbox 1560 1478 1676 1530; x_wconf 79' lang='grc' dir='ltr'>Οὐκ</span> 
     </span>
    </p>
   </div>
   <div class='ocr_carea' id='block_1_17' title="bbox 84 1567 1676 1642">
    <p class='ocr_par' dir='ltr' id='par_1_17' title="bbox 84 1567 1676 1642">
     <span class='ocr_line' id='line_1_17' title="bbox 84 1567 1676 1642; baseline 0.002 -24"><span class='ocrx_word' id='word_1_105' title='bbox 84 1567 246 1621; x_wconf 83' lang='grc' dir='ltr'>ἔστιν</span> <span class='ocrx_word' id='word_1_106' title='bbox 290 1569 626 1638; x_wconf 82' lang='grc' dir='ltr'>ὁμοιωθῆναι</span> <span class='ocrx_word' id='word_1_107' title='bbox 671 1571 737 1640; x_wconf 82' lang='grc' dir='ltr'>τῇ</span> <span class='ocrx_word' id='word_1_108' title='bbox 785 1569 956 1641; x_wconf 84' lang='grc' dir='ltr'>ἵππῳ,</span> <span class='ocrx_word' id='word_1_109' title='bbox 989 1569 1055 1624; x_wconf 87' lang='grc' dir='ltr'>δι’</span> <span class='ocrx_word' id='word_1_110' title='bbox 1093 1569 1161 1642; x_wconf 74' lang='grc' dir='ltr'>ἧς</span> <span class='ocrx_word' id='word_1_111' title='bbox 1206 1569 1276 1623; x_wconf 83' lang='grc' dir='ltr'>τὰ</span> <span class='ocrx_word' id='word_1_112' title='bbox 1309 1569 1530 1641; x_wconf 77' lang='grc' dir='ltr'>ἅρματα</span> <span class='ocrx_word' id='word_1_113' title='bbox 1567 1569 1676 1622; x_wconf 83' lang='grc' dir='ltr'><strong>τῶν</strong></span> 
     </span>
    </p>
   </div>
   <div class='ocr_carea' id='block_1_18' title="bbox 83 1659 1674 1735">
    <p class='ocr_par' dir='ltr' id='par_1_18' title="bbox 83 1659 1674 1735">
     <span class='ocr_line' id='line_1_18' title="bbox 83 1659 1674 1735; baseline 0.001 -22"><span class='ocrx_word' id='word_1_114' title='bbox 83 1663 416 1729; x_wconf 75' lang='grc' dir='ltr'>Αἰγυπτίων</span> <span class='ocrx_word' id='word_1_115' title='bbox 440 1661 517 1733; x_wconf 82' lang='grc' dir='ltr'>τῷ</span> <span class='ocrx_word' id='word_1_116' title='bbox 540 1661 686 1733; x_wconf 84' lang='grc' dir='ltr'>βυθῷ</span> <span class='ocrx_word' id='word_1_117' title='bbox 708 1663 1040 1734; x_wconf 87' lang='grc' dir='ltr'>κατεπόνθη,</span> <span class='ocrx_word' id='word_1_118' title='bbox 1069 1665 1116 1716; x_wconf 86' lang='grc' dir='ltr'><strong>εἰ</strong></span> <span class='ocrx_word' id='word_1_119' title='bbox 1145 1665 1219 1735; x_wconf 86' lang='grc' dir='ltr'>μή</span> <span class='ocrx_word' id='word_1_120' title='bbox 1237 1680 1322 1725; x_wconf 89' lang='grc' dir='ltr'><strong>τις</strong></span> <span class='ocrx_word' id='word_1_121' title='bbox 1345 1661 1434 1715; x_wconf 85' lang='grc' dir='ltr'>διὰ</span> <span class='ocrx_word' id='word_1_122' title='bbox 1456 1659 1549 1715; x_wconf 82' lang='grc' dir='ltr'>τοῦ</span> <span class='ocrx_word' id='word_1_123' title='bbox 1570 1679 1674 1732; x_wconf 88' lang='grc' dir='ltr'>μυ-</span> 
     </span>
    </p>
   </div>
   <div class='ocr_carea' id='block_1_19' title="bbox 90 1751 1674 1827">
    <p class='ocr_par' dir='ltr' id='par_1_19' title="bbox 90 1751 1674 1827">
     <span class='ocr_line' id='line_1_19' title="bbox 90 1751 1674 1827; baseline 0.001 -22"><span class='ocrx_word' id='word_1_124' title='bbox 90 1751 298 1806; x_wconf 87' lang='grc' dir='ltr'>στικοῦ</span> <span class='ocrx_word' id='word_1_125' title='bbox 352 1752 542 1817; x_wconf 83' lang='grc' dir='ltr'>ὓδατος</span> <span class='ocrx_word' id='word_1_126' title='bbox 570 1756 667 1825; x_wconf 82' lang='grc' dir='ltr'>τῆς</span> <span class='ocrx_word' id='word_1_127' title='bbox 717 1754 812 1808; x_wconf 89' lang='lat'><strong>106</strong></span> <span class='ocrx_word' id='word_1_128' title='bbox 844 1756 1217 1827; x_wconf 85' lang='grc' dir='ltr'>ἀντικειμένου</span> <span class='ocrx_word' id='word_1_129' title='bbox 1251 1755 1494 1818; x_wconf 79' lang='grc' dir='ltr'>δουλείας</span> <span class='ocrx_word' id='word_1_130' title='bbox 1523 1754 1674 1808; x_wconf 84' lang='grc' dir='ltr'>ἐλευ-</span> 
     </span>
    </p>
   </div>
   <div class='ocr_carea' id='block_1_20' title="bbox 82 1842 1671 1917">
    <p class='ocr_par' dir='ltr' id='par_1_20' title="bbox 82 1842 1671 1917">
     <span class='ocr_line' id='line_1_20' title="bbox 82 1842 1671 1917; baseline 0.003 -23"><span class='ocrx_word' id='word_1_131' title='bbox 82 1842 451 1914; x_wconf 84' lang='grc' dir='ltr'>θερούμενος,</span> <span class='ocrx_word' id='word_1_132' title='bbox 485 1847 594 1898; x_wconf 78' lang='grc' dir='ltr'><strong>πᾶν</strong></span> <span class='ocrx_word' id='word_1_133' title='bbox 623 1845 990 1915; x_wconf 81' lang='grc' dir='ltr'>Αἰγυπτιάζον</span> <span class='ocrx_word' id='word_1_134' title='bbox 1015 1847 1212 1917; x_wconf 87' lang='grc' dir='ltr'>νόημα,</span> <span class='ocrx_word' id='word_1_135' title='bbox 1241 1846 1334 1900; x_wconf 76' lang='grc' dir='ltr'>καὶ</span> <span class='ocrx_word' id='word_1_136' title='bbox 1365 1847 1542 1900; x_wconf 85' lang='grc' dir='ltr'>πᾶσαν</span> <span class='ocrx_word' id='word_1_137' title='bbox 1575 1845 1671 1898; x_wconf 84' lang='grc' dir='ltr'><strong>ἀλ-</strong></span> 
     </span>
    </p>
   </div>
   <div class='ocr_carea' id='block_1_21' title="bbox 81 1932 1673 2007">
    <p class='ocr_par' dir='ltr' id='par_1_21' title="bbox 81 1932 1673 2007">
     <span class='ocr_line' id='line_1_21' title="bbox 81 1932 1673 2007; baseline 0.003 -24"><span class='ocrx_word' id='word_1_138' title='bbox 81 1932 330 2000; x_wconf 74' lang='grc' dir='ltr'>λόφυλον</span> <span class='ocrx_word' id='word_1_139' title='bbox 371 1933 567 1989; x_wconf 84' lang='grc' dir='ltr'>κακίαν</span> <span class='ocrx_word' id='word_1_140' title='bbox 610 1951 669 1988; x_wconf 89' lang='grc' dir='ltr'><strong>τε</strong></span> <span class='ocrx_word' id='word_1_141' title='bbox 715 1936 809 1989; x_wconf 74' lang='grc' dir='ltr'><strong>καὶ</strong></span> <span class='ocrx_word' id='word_1_142' title='bbox 839 1935 1113 2007; x_wconf 75' lang='grc' dir='ltr'>ἁμαρτίαν</span> <span class='ocrx_word' id='word_1_143' title='bbox 1142 1935 1221 2005; x_wconf 79' lang='grc' dir='ltr'>τῷ</span> <span class='ocrx_word' id='word_1_144' title='bbox 1263 1935 1412 1989; x_wconf 73' lang='grc' dir='ltr'>ὕδατι</span> <span class='ocrx_word' id='word_1_145' title='bbox 1455 1935 1673 1990; x_wconf 91' lang='grc' dir='ltr'>καταλι-</span> 
     </span>
    </p>
   </div>
   <div class='ocr_carea' id='block_1_22' title="bbox 81 2023 1673 2098">
    <p class='ocr_par' dir='ltr' id='par_1_22' title="bbox 81 2023 1673 2098">
     <span class='ocr_line' id='line_1_22' title="bbox 81 2023 1673 2098; baseline 0.001 -21"><span class='ocrx_word' id='word_1_146' title='bbox 81 2023 213 2077; x_wconf 83' lang='grc' dir='ltr'><strong>πὼν</strong></span> <span class='ocrx_word' id='word_1_147' title='bbox 239 2065 255 2088; x_wconf 94' lang='grc'><strong>,</strong></span> <span class='ocrx_word' id='word_1_148' title='bbox 308 2023 547 2097; x_wconf 80' lang='grc' dir='ltr'>καθαρὸς</span> <span class='ocrx_word' id='word_1_149' title='bbox 579 2025 782 2098; x_wconf 83' lang='grc' dir='ltr'>ἀναδύῃ</span> <span class='ocrx_word' id='word_1_150' title='bbox 807 2065 822 2090; x_wconf 89' lang='grc'><strong>,</strong></span> <span class='ocrx_word' id='word_1_151' title='bbox 877 2025 1043 2097; x_wconf 83' lang='grc' dir='ltr'>μηδὲν</span> <span class='ocrx_word' id='word_1_152' title='bbox 1073 2027 1171 2097; x_wconf 83' lang='grc' dir='ltr'><strong>τῆς</strong></span> <span class='ocrx_word' id='word_1_153' title='bbox 1200 2025 1501 2096; x_wconf 77' lang='grc' dir='ltr'>Αἰγυπτίας</span> <span class='ocrx_word' id='word_1_154' title='bbox 1545 2044 1673 2080; x_wconf 90' lang='grc' dir='ltr'>συν-</span> 
     </span>
    </p>
   </div>
   <div class='ocr_carea' id='block_1_23' title="bbox 81 2115 1671 2188">
    <p class='ocr_par' dir='ltr' id='par_1_23' title="bbox 81 2115 1671 2188">
     <span class='ocr_line' id='line_1_23' title="bbox 81 2115 1671 2188; baseline 0.004 -22"><span class='ocrx_word' id='word_1_155' title='bbox 81 2115 400 2186; x_wconf 61' lang='grc' dir='ltr'>ειδήσεως,</span> <span class='ocrx_word' id='word_1_156' title='bbox 445 2115 524 2185; x_wconf 79' lang='grc' dir='ltr'><strong>τῷ</strong></span> <span class='ocrx_word' id='word_1_157' title='bbox 599 2115 737 2187; x_wconf 81' lang='grc' dir='ltr'>μετὰ</span> <span class='ocrx_word' id='word_1_158' title='bbox 812 2115 982 2170; x_wconf 79' lang='grc' dir='ltr'>ταῦτα</span> <span class='ocrx_word' id='word_1_159' title='bbox 1047 2115 1148 2185; x_wconf 85' lang='grc' dir='ltr'><strong>βίῳ</strong></span> <span class='ocrx_word' id='word_1_160' title='bbox 1217 2117 1671 2188; x_wconf 85' lang='grc' dir='ltr'>συνεπαγόμενος.</span> 
     </span>
    </p>
   </div>
   <div class='ocr_carea' id='block_1_24' title="bbox 92 2205 1674 2279">
    <p class='ocr_par' dir='ltr' id='par_1_24' title="bbox 92 2205 1674 2279">
     <span class='ocr_line' id='line_1_24' title="bbox 92 2205 1674 2279; baseline 0.003 -22"><span class='ocrx_word' id='word_1_161' title='bbox 92 2205 154 2257; x_wconf 91' lang='lat'><strong>&#39;0</strong></span> <span class='ocrx_word' id='word_1_162' title='bbox 193 2205 314 2276; x_wconf 74' lang='grc' dir='ltr'><strong>γὰρ</strong></span> <span class='ocrx_word' id='word_1_163' title='bbox 351 2206 594 2277; x_wconf 76' lang='grc' dir='ltr'>ἀκριϐῶς</span> <span class='ocrx_word' id='word_1_164' title='bbox 627 2206 816 2261; x_wconf 84' lang='grc' dir='ltr'>πασῶν</span> <span class='ocrx_word' id='word_1_165' title='bbox 850 2206 1197 2279; x_wconf 84' lang='grc' dir='ltr'>καθαρεύσας</span> <span class='ocrx_word' id='word_1_166' title='bbox 1223 2207 1333 2262; x_wconf 91' lang='grc' dir='ltr'><strong>τῶν</strong></span> <span class='ocrx_word' id='word_1_167' title='bbox 1359 2209 1674 2278; x_wconf 77' lang='grc' dir='ltr'>Αἰγυπτίων</span> 
     </span>
    </p>
   </div>
   <div class='ocr_carea' id='block_1_25' title="bbox 80 2297 1670 2373">
    <p class='ocr_par' dir='ltr' id='par_1_25' title="bbox 80 2297 1670 2373">
     <span class='ocr_line' id='line_1_25' title="bbox 80 2297 1670 2373; baseline 0.004 -23"><span class='ocrx_word' id='word_1_168' title='bbox 80 2297 344 2369; x_wconf 83' lang='grc' dir='ltr'>πληγῶν,</span> <span class='ocrx_word' id='word_1_169' title='bbox 390 2299 618 2371; x_wconf 80' lang='grc' dir='ltr'>αἵματος</span> <span class='ocrx_word' id='word_1_170' title='bbox 639 2339 655 2364; x_wconf 92' lang='grc'><strong>,</strong></span> <span class='ocrx_word' id='word_1_171' title='bbox 707 2301 801 2355; x_wconf 79' lang='grc' dir='ltr'><strong>καὶ</strong></span> <span class='ocrx_word' id='word_1_172' title='bbox 845 2301 1152 2373; x_wconf 85' lang='grc' dir='ltr'>βατράχων,</span> <span class='ocrx_word' id='word_1_173' title='bbox 1201 2303 1296 2355; x_wconf 83' lang='grc' dir='ltr'><strong>καὶ</strong></span> <span class='ocrx_word' id='word_1_174' title='bbox 1346 2302 1670 2372; x_wconf 83' lang='grc' dir='ltr'>φλυκτίδων,</span> 
     </span>
    </p>
   </div>
   <div class='ocr_carea' id='block_1_26' title="bbox 80 2390 1670 2466">
    <p class='ocr_par' dir='ltr' id='par_1_26' title="bbox 80 2390 1670 2466">
     <span class='ocr_line' id='line_1_26' title="bbox 80 2390 1670 2466; baseline 0.004 -23"><span class='ocrx_word' id='word_1_175' title='bbox 80 2392 180 2443; x_wconf 73' lang='grc' dir='ltr'><strong>καὶ</strong></span> <span class='ocrx_word' id='word_1_176' title='bbox 210 2390 464 2462; x_wconf 81' lang='grc' dir='ltr'>σκότους,</span> <span class='ocrx_word' id='word_1_177' title='bbox 494 2391 713 2460; x_wconf 84' lang='grc' dir='ltr'>ἀκρίδος</span> <span class='ocrx_word' id='word_1_178' title='bbox 740 2408 802 2445; x_wconf 89' lang='grc' dir='ltr'><strong>τε</strong></span> <span class='ocrx_word' id='word_1_179' title='bbox 839 2393 934 2446; x_wconf 73' lang='grc' dir='ltr'><strong>καὶ</strong></span> <span class='ocrx_word' id='word_1_180' title='bbox 972 2393 1234 2455; x_wconf 86' lang='grc' dir='ltr'>σκνιπῶν,</span> <span class='ocrx_word' id='word_1_181' title='bbox 1262 2393 1357 2448; x_wconf 75' lang='grc' dir='ltr'><strong>καὶ</strong></span> <span class='ocrx_word' id='word_1_182' title='bbox 1393 2394 1635 2466; x_wconf 82' lang='grc' dir='ltr'>χαλάζης</span> <span class='ocrx_word' id='word_1_183' title='bbox 1655 2436 1670 2456; x_wconf 84' lang='grc'><strong>,</strong></span> 
     </span>
    </p>
   </div>
   <div class='ocr_carea' id='block_1_27' title="bbox 81 2479 1672 2556">
    <p class='ocr_par' dir='ltr' id='par_1_27' title="bbox 81 2479 1672 2556">
     <span class='ocr_line' id='line_1_27' title="bbox 81 2479 1672 2556; baseline 0.004 -24"><span class='ocrx_word' id='word_1_184' title='bbox 81 2481 179 2533; x_wconf 78' lang='grc' dir='ltr'><strong>καὶ</strong></span> <span class='ocrx_word' id='word_1_185' title='bbox 218 2480 324 2551; x_wconf 84' lang='grc' dir='ltr'>τῆς</span> <span class='ocrx_word' id='word_1_186' title='bbox 355 2479 448 2534; x_wconf 81' lang='grc' dir='ltr'>τοῦ</span> <span class='ocrx_word' id='word_1_187' title='bbox 481 2481 652 2552; x_wconf 86' lang='grc' dir='ltr'>πυρὸς</span> <span class='ocrx_word' id='word_1_188' title='bbox 685 2483 1012 2556; x_wconf 74' lang='grc' dir='ltr'>ἐπομϐρίας,</span> <span class='ocrx_word' id='word_1_189' title='bbox 1062 2485 1157 2538; x_wconf 82' lang='grc' dir='ltr'>καὶ</span> <span class='ocrx_word' id='word_1_190' title='bbox 1191 2484 1301 2538; x_wconf 89' lang='grc' dir='ltr'><strong>τῶν</strong></span> <span class='ocrx_word' id='word_1_191' title='bbox 1331 2485 1555 2552; x_wconf 88' lang='grc' dir='ltr'>λοιπῶν,</span> <span class='ocrx_word' id='word_1_192' title='bbox 1582 2482 1672 2540; x_wconf 81' lang='grc' dir='ltr'><strong>’ὧν</strong></span> 
     </span>
    </p>
   </div>
   <div class='ocr_carea' id='block_1_28' title="bbox 82 2568 1674 2649">
    <p class='ocr_par' dir='ltr' id='par_1_28' title="bbox 82 2568 1674 2649">
     <span class='ocr_line' id='line_1_28' title="bbox 82 2568 1674 2649; baseline 0.005 -26"><span class='ocrx_word' id='word_1_193' title='bbox 82 2572 344 2642; x_wconf 76' lang='grc' dir='ltr'>ἱστορίας</span> <span class='ocrx_word' id='word_1_194' title='bbox 386 2568 657 2644; x_wconf 82' lang='grc' dir='ltr'>μέμνηται</span> <span class='ocrx_word' id='word_1_195' title='bbox 701 2573 876 2642; x_wconf 84' lang='grc' dir='ltr'>λόγος,</span> <span class='ocrx_word' id='word_1_196' title='bbox 912 2568 1066 2639; x_wconf 79' lang='grc' dir='ltr'>οὗτος</span> <span class='ocrx_word' id='word_1_197' title='bbox 1103 2575 1254 2641; x_wconf 82' lang='grc' dir='ltr'>ἄξιός</span> <span class='ocrx_word' id='word_1_198' title='bbox 1295 2579 1444 2630; x_wconf 81' lang='grc' dir='ltr'>ἐστιν</span> <span class='ocrx_word' id='word_1_199' title='bbox 1476 2578 1674 2649; x_wconf 81' lang='grc' dir='ltr'>ὁμοιω-</span> 
     </span>
    </p>
   </div>
   <div class='ocr_carea' id='block_1_29' title="bbox 79 2660 1670 2738">
    <p class='ocr_par' dir='ltr' id='par_1_29' title="bbox 79 2660 1670 2738">
     <span class='ocr_line' id='line_1_29' title="bbox 79 2660 1670 2738; baseline 0.004 -23"><span class='ocrx_word' id='word_1_200' title='bbox 79 2664 258 2732; x_wconf 75' lang='grc' dir='ltr'>θῆναι</span> <span class='ocrx_word' id='word_1_201' title='bbox 281 2664 351 2733; x_wconf 82' lang='grc' dir='ltr'>τῇ</span> <span class='ocrx_word' id='word_1_202' title='bbox 383 2663 607 2734; x_wconf 81' lang='grc' dir='ltr'>δυνάμει</span> <span class='ocrx_word' id='word_1_203' title='bbox 634 2666 838 2738; x_wconf 78' lang='grc' dir='ltr'>ἐκείνῃ,</span> <span class='ocrx_word' id='word_1_204' title='bbox 865 2660 934 2738; x_wconf 82' lang='grc' dir='ltr'>ἧς</span> <span class='ocrx_word' id='word_1_205' title='bbox 961 2665 1154 2737; x_wconf 79' lang='grc' dir='ltr'>ἔποχος</span> <span class='ocrx_word' id='word_1_206' title='bbox 1184 2667 1213 2718; x_wconf 85' lang='grc' dir='ltr'><strong>ὁ</strong></span> <span class='ocrx_word' id='word_1_207' title='bbox 1241 2668 1413 2736; x_wconf 88' lang='grc' dir='ltr'>Λόγος</span> <span class='ocrx_word' id='word_1_208' title='bbox 1440 2669 1670 2737; x_wconf 87' lang='grc' dir='ltr'>γίνεται.</span> 
     </span>
    </p>
   </div>
   <div class='ocr_carea' id='block_1_30' title="bbox 80 2755 1671 2832">
    <p class='ocr_par' dir='ltr' id='par_1_30' title="bbox 80 2755 1671 2832">
     <span class='ocr_line' id='line_1_30' title="bbox 80 2755 1671 2832; baseline 0.004 -25"><span class='ocrx_word' id='word_1_209' title='bbox 80 2757 324 2819; x_wconf 78' lang='grc' dir='ltr'>Πάντως</span> <span class='ocrx_word' id='word_1_210' title='bbox 353 2756 410 2809; x_wconf 82' lang='grc' dir='ltr'><strong>δὲ</strong></span> <span class='ocrx_word' id='word_1_211' title='bbox 435 2755 535 2809; x_wconf 86' lang='grc' dir='ltr'><strong>οὐκ</strong></span> <span class='ocrx_word' id='word_1_212' title='bbox 563 2757 862 2829; x_wconf 77' lang='grc' dir='ltr'>ἀγνοοῦμεν</span> <span class='ocrx_word' id='word_1_213' title='bbox 889 2757 958 2812; x_wconf 83' lang='grc' dir='ltr'>τὰ</span> <span class='ocrx_word' id='word_1_214' title='bbox 982 2759 1069 2812; x_wconf 84' lang='grc' dir='ltr'><strong>διὰ</strong></span> <span class='ocrx_word' id='word_1_215' title='bbox 1088 2759 1198 2812; x_wconf 89' lang='grc' dir='ltr'><strong>τῶν</strong></span> <span class='ocrx_word' id='word_1_216' title='bbox 1220 2758 1443 2830; x_wconf 87' lang='grc' dir='ltr'>πληγῶν</span> <span class='ocrx_word' id='word_1_217' title='bbox 1475 2777 1671 2832; x_wconf 86' lang='grc' dir='ltr'>σημαι-</span> 
     </span>
    </p>
   </div>
   <div class='ocr_carea' id='block_1_31' title="bbox 80 2846 1670 2923">
    <p class='ocr_par' dir='ltr' id='par_1_31' title="bbox 80 2846 1670 2923">
     <span class='ocr_line' id='line_1_31' title="bbox 80 2846 1670 2923; baseline 0.004 -23"><span class='ocrx_word' id='word_1_218' title='bbox 80 2849 320 2916; x_wconf 79' lang='grc' dir='ltr'>νόμενα,</span> <span class='ocrx_word' id='word_1_219' title='bbox 354 2847 470 2912; x_wconf 90' lang='grc' dir='ltr'><strong>πῶς</strong></span> <span class='ocrx_word' id='word_1_220' title='bbox 496 2847 702 2916; x_wconf 80' lang='grc' dir='ltr'>γίνεται</span> <span class='ocrx_word' id='word_1_221' title='bbox 723 2853 836 2913; x_wconf 88' lang='grc' dir='ltr'>τοῖς</span> <span class='ocrx_word' id='word_1_222' title='bbox 864 2850 1180 2919; x_wconf 80' lang='grc' dir='ltr'>Αἰγυπτίοις</span> <span class='ocrx_word' id='word_1_223' title='bbox 1201 2850 1262 2903; x_wconf 77' lang='grc' dir='ltr'><strong>τὸ</strong></span> <span class='ocrx_word' id='word_1_224' title='bbox 1297 2846 1436 2921; x_wconf 73' lang='grc' dir='ltr'>αἷμα</span> <span class='ocrx_word' id='word_1_225' title='bbox 1465 2851 1670 2923; x_wconf 83' lang='grc' dir='ltr'>πληγὴ.</span> 
     </span>
    </p>
   </div>
   <div class='ocr_carea' id='block_1_32' title="bbox 81 2939 1673 3014">
    <p class='ocr_par' dir='ltr' id='par_1_32' title="bbox 81 2939 1673 3014">
     <span class='ocr_line' id='line_1_32' title="bbox 81 2939 1673 3014; baseline 0.004 -22"><span class='ocrx_word' id='word_1_226' title='bbox 81 2941 184 2992; x_wconf 67' lang='grc' dir='ltr'>καὶ</span> <span class='ocrx_word' id='word_1_227' title='bbox 225 2941 261 3009; x_wconf 87' lang='grc' dir='ltr'>ἠ</span> <span class='ocrx_word' id='word_1_228' title='bbox 299 2940 409 2993; x_wconf 90' lang='grc' dir='ltr'><strong>τῶν</strong></span> <span class='ocrx_word' id='word_1_229' title='bbox 438 2939 720 3013; x_wconf 83' lang='grc' dir='ltr'>βατράχων</span> <span class='ocrx_word' id='word_1_230' title='bbox 746 2942 912 3014; x_wconf 79' lang='grc' dir='ltr'>ὀσμὴ,</span> <span class='ocrx_word' id='word_1_231' title='bbox 944 2944 1038 2997; x_wconf 78' lang='grc' dir='ltr'><strong>καὶ</strong></span> <span class='ocrx_word' id='word_1_232' title='bbox 1065 2944 1099 3014; x_wconf 85' lang='grc' dir='ltr'>ὴ</span> <span class='ocrx_word' id='word_1_233' title='bbox 1145 2943 1240 2997; x_wconf 82' lang='grc' dir='ltr'><strong>τοῦ</strong></span> <span class='ocrx_word' id='word_1_234' title='bbox 1284 2945 1463 3014; x_wconf 87' lang='grc' dir='ltr'>φωτὸς</span> <span class='ocrx_word' id='word_1_235' title='bbox 1500 2946 1581 3009; x_wconf 89' lang='grc' dir='ltr'><strong>εἰς</strong></span> <span class='ocrx_word' id='word_1_236' title='bbox 1611 2946 1673 3000; x_wconf 86' lang='grc' dir='ltr'><strong>τὸ</strong></span> 
     </span>
    </p>
   </div>
   <div class='ocr_carea' id='block_1_33' title="bbox 83 3031 1674 3103">
    <p class='ocr_par' dir='ltr' id='par_1_33' title="bbox 83 3031 1674 3103">
     <span class='ocr_line' id='line_1_33' title="bbox 83 3031 1674 3103; baseline 0.003 -19"><span class='ocrx_word' id='word_1_237' title='bbox 83 3032 289 3094; x_wconf 83' lang='grc' dir='ltr'>σκότος</span> <span class='ocrx_word' id='word_1_238' title='bbox 347 3031 614 3103; x_wconf 80' lang='grc' dir='ltr'>μεταϐολὴ</span> <span class='ocrx_word' id='word_1_239' title='bbox 635 3074 648 3098; x_wconf 91' lang='grc'><strong>,</strong></span> <span class='ocrx_word' id='word_1_240' title='bbox 681 3032 777 3086; x_wconf 72' lang='grc' dir='ltr'><strong>καὶ</strong></span> <span class='ocrx_word' id='word_1_241' title='bbox 803 3032 872 3086; x_wconf 83' lang='grc' dir='ltr'>τὰ</span> <span class='ocrx_word' id='word_1_242' title='bbox 923 3031 1046 3088; x_wconf 79' lang='grc' dir='ltr'>καθ’</span> <span class='ocrx_word' id='word_1_243' title='bbox 1083 3035 1311 3088; x_wconf 73' lang='grc' dir='ltr'>ἕκαστον</span> <span class='ocrx_word' id='word_1_244' title='bbox 1339 3034 1535 3089; x_wconf 87' lang='grc' dir='ltr'>πάντα.</span> <span class='ocrx_word' id='word_1_245' title='bbox 1577 3035 1674 3100; x_wconf 86' lang='grc' dir='ltr'><strong>Τίς</strong></span> 
     </span>
    </p>
   </div>
   <div class='ocr_carea' id='block_1_34' title="bbox 1779 554 3347 626">
    <p class='ocr_par' dir='ltr' id='par_1_34' title="bbox 1779 554 3347 626">
     <span class='ocr_line' id='line_1_34' title="bbox 1779 554 3347 626; baseline 0.004 -22"><span class='ocrx_word' id='word_1_246' title='bbox 1779 554 2153 621; x_wconf 78' lang='lat' dir='ltr'><strong>Apostolus&quot;,</strong></span> <span class='ocrx_word' id='word_1_247' title='bbox 2190 555 2372 608; x_wconf 83' lang='lat' dir='ltr'><strong>omnia</strong></span> <span class='ocrx_word' id='word_1_248' title='bbox 2403 557 2606 626; x_wconf 90' lang='lat' dir='ltr'><strong>scripta</strong></span> <span class='ocrx_word' id='word_1_249' title='bbox 2633 563 2762 609; x_wconf 91' lang='lat' dir='ltr'><strong>sunt</strong></span> <span class='ocrx_word' id='word_1_250' title='bbox 2787 557 2853 609; x_wconf 85' lang='lat' dir='ltr'><strong>ad</strong></span> <span class='ocrx_word' id='word_1_251' title='bbox 2884 565 3130 610; x_wconf 91' lang='lat' dir='ltr'><strong>nostram</strong></span> <span class='ocrx_word' id='word_1_252' title='bbox 3167 559 3347 613; x_wconf 84' lang='lat' dir='ltr'><strong>admo-</strong></span> 
     </span>
    </p>
   </div>
   <div class='ocr_carea' id='block_1_35' title="bbox 1781 643 3347 716">
    <p class='ocr_par' dir='ltr' id='par_1_35' title="bbox 1781 643 3347 716">
     <span class='ocr_line' id='line_1_35' title="bbox 1781 643 3347 716; baseline 0.005 -20"><span class='ocrx_word' id='word_1_253' title='bbox 1781 643 2076 709; x_wconf 85' lang='lat' dir='ltr'><strong>nitionem,</strong></span> <span class='ocrx_word' id='word_1_254' title='bbox 2132 662 2254 715; x_wconf 65' lang='lat' dir='ltr'><strong>quae</strong></span> <span class='ocrx_word' id='word_1_255' title='bbox 2283 646 2544 702; x_wconf 89' lang='lat' dir='ltr'><strong>divinitus</strong></span> <span class='ocrx_word' id='word_1_256' title='bbox 2594 646 2856 716; x_wconf 89' lang='lat' dir='ltr'><strong>inspirata</strong></span> <span class='ocrx_word' id='word_1_257' title='bbox 2905 651 3149 704; x_wconf 85' lang='lat' dir='ltr'><strong>continet</strong></span> <span class='ocrx_word' id='word_1_258' title='bbox 3197 647 3347 704; x_wconf 89' lang='lat' dir='ltr'><strong>Scri-</strong></span> 
     </span>
    </p>
   </div>
   <div class='ocr_carea' id='block_1_36' title="bbox 1783 735 3345 810">
    <p class='ocr_par' dir='ltr' id='par_1_36' title="bbox 1783 735 3345 810">
     <span class='ocr_line' id='line_1_36' title="bbox 1783 735 3345 810; baseline 0.006 -24"><span class='ocrx_word' id='word_1_259' title='bbox 1783 742 1938 801; x_wconf 85' lang='lat' dir='ltr'><strong>ptura</strong></span> <span class='ocrx_word' id='word_1_260' title='bbox 1968 754 1982 789; x_wconf 86' lang='lat'><strong><em>:</em></strong></span> <span class='ocrx_word' id='word_1_261' title='bbox 2015 735 2150 790; x_wconf 90' lang='lat' dir='ltr'><strong>nihil</strong></span> <span class='ocrx_word' id='word_1_262' title='bbox 2181 737 2326 792; x_wconf 90' lang='lat' dir='ltr'><strong>aliud</strong></span> <span class='ocrx_word' id='word_1_263' title='bbox 2378 738 2534 794; x_wconf 90' lang='lat' dir='ltr'><strong>nobis</strong></span> <span class='ocrx_word' id='word_1_264' title='bbox 2582 741 2822 795; x_wconf 88' lang='lat' dir='ltr'><strong>consulit</strong></span> <span class='ocrx_word' id='word_1_265' title='bbox 2851 739 3090 796; x_wconf 81' lang='lat' dir='ltr'><strong>Verbum</strong></span> <span class='ocrx_word' id='word_1_266' title='bbox 3137 757 3234 810; x_wconf 90' lang='lat' dir='ltr'><strong>per</strong></span> <span class='ocrx_word' id='word_1_267' title='bbox 3281 757 3345 798; x_wconf 88' lang='lat' dir='ltr'><strong>ea</strong></span> 
     </span>
    </p>
   </div>
   <div class='ocr_carea' id='block_1_37' title="bbox 1779 827 3348 902">
    <p class='ocr_par' dir='ltr' id='par_1_37' title="bbox 1779 827 3348 902">
     <span class='ocr_line' id='line_1_37' title="bbox 1779 827 3348 902; baseline 0.007 -25"><span class='ocrx_word' id='word_1_268' title='bbox 1779 842 1899 894; x_wconf 68' lang='lat' dir='ltr'><strong>qua:</strong></span> <span class='ocrx_word' id='word_1_269' title='bbox 1923 827 2066 882; x_wconf 90' lang='lat' dir='ltr'><strong>dicta</strong></span> <span class='ocrx_word' id='word_1_270' title='bbox 2091 837 2219 884; x_wconf 91' lang='lat' dir='ltr'><strong>sunt</strong></span> <span class='ocrx_word' id='word_1_271' title='bbox 2246 844 2480 898; x_wconf 64' lang='lat' dir='ltr'><strong>sponsae,</strong></span> <span class='ocrx_word' id='word_1_272' title='bbox 2512 847 2673 901; x_wconf 90' lang='lat' dir='ltr'><strong>quam</strong></span> <span class='ocrx_word' id='word_1_273' title='bbox 2702 832 2846 902; x_wconf 91' lang='lat' dir='ltr'><strong>quod</strong></span> <span class='ocrx_word' id='word_1_274' title='bbox 2878 849 2981 888; x_wconf 89' lang='lat' dir='ltr'><strong>nos</strong></span> <span class='ocrx_word' id='word_1_275' title='bbox 3011 842 3228 902; x_wconf 84' lang='lat' dir='ltr'><strong>oportet</strong></span> <span class='ocrx_word' id='word_1_276' title='bbox 3253 850 3348 888; x_wconf 86' lang='lat' dir='ltr'><strong>su-</strong></span> 
     </span>
    </p>
   </div>
   <div class='ocr_carea' id='block_1_38' title="bbox 1778 921 3344 997">
    <p class='ocr_par' dir='ltr' id='par_1_38' title="bbox 1778 921 3344 997">
     <span class='ocr_line' id='line_1_38' title="bbox 1778 921 3344 997; baseline 0.008 -28"><span class='ocrx_word' id='word_1_277' title='bbox 1778 933 1876 988; x_wconf 84' lang='lat' dir='ltr'><strong>pra</strong></span> <span class='ocrx_word' id='word_1_278' title='bbox 1906 935 2006 976; x_wconf 91' lang='lat' dir='ltr'><strong>nos</strong></span> <span class='ocrx_word' id='word_1_279' title='bbox 2032 929 2290 991; x_wconf 90' lang='lat' dir='ltr'><strong>suscepto</strong></span> <span class='ocrx_word' id='word_1_280' title='bbox 2319 921 2497 978; x_wconf 81' lang='lat' dir='ltr'><strong>Verbo</strong></span> <span class='ocrx_word' id='word_1_281' title='bbox 2537 934 2774 990; x_wconf 89' lang='lat' dir='ltr'><strong>vectore,</strong></span> <span class='ocrx_word' id='word_1_282' title='bbox 2820 934 2876 981; x_wconf 93' lang='lat' dir='ltr'><strong>et</strong></span> <span class='ocrx_word' id='word_1_283' title='bbox 2908 925 3137 982; x_wconf 80' lang='lat' dir='ltr'><strong>devictis</strong></span> <span class='ocrx_word' id='word_1_284' title='bbox 3187 929 3344 997; x_wconf 84' lang='lat' dir='ltr'><strong>equis</strong></span> 
     </span>
    </p>
   </div>
   <div class='ocr_carea' id='block_1_39' title="bbox 1779 1007 3342 1084">
    <p class='ocr_par' dir='ltr' id='par_1_39' title="bbox 1779 1007 3342 1084">
     <span class='ocr_line' id='line_1_39' title="bbox 1779 1007 3342 1084; baseline 0.007 -21"><span class='ocrx_word' id='word_1_285' title='bbox 1779 1007 2074 1080; x_wconf 67' lang='lat' dir='ltr'><strong>Egyptiis,</strong></span> <span class='ocrx_word' id='word_1_286' title='bbox 2120 1027 2245 1066; x_wconf 88' lang='lat' dir='ltr'><strong>cum</strong></span> <span class='ocrx_word' id='word_1_287' title='bbox 2293 1014 2430 1084; x_wconf 89' lang='lat' dir='ltr'><strong>ipsis</strong></span> <span class='ocrx_word' id='word_1_288' title='bbox 2479 1017 2732 1072; x_wconf 89' lang='lat' dir='ltr'><strong>curribus</strong></span> <span class='ocrx_word' id='word_1_289' title='bbox 2761 1027 2813 1071; x_wconf 91' lang='lat' dir='ltr'><strong>et</strong></span> <span class='ocrx_word' id='word_1_290' title='bbox 2843 1019 3250 1084; x_wconf 87' lang='lat' dir='ltr'><strong>ascensoribus,</strong></span> <span class='ocrx_word' id='word_1_291' title='bbox 3286 1028 3342 1074; x_wconf 91' lang='lat' dir='ltr'><strong>et</strong></span> 
     </span>
    </p>
   </div>
   <div class='ocr_carea' id='block_1_40' title="bbox 1778 1103 3342 1176">
    <p class='ocr_par' dir='ltr' id='par_1_40' title="bbox 1778 1103 3342 1176">
     <span class='ocr_line' id='line_1_40' title="bbox 1778 1103 3342 1176; baseline 0.007 -23"><span class='ocrx_word' id='word_1_292' title='bbox 1778 1103 2031 1158; x_wconf 89' lang='lat' dir='ltr'><strong>omnibus</strong></span> <span class='ocrx_word' id='word_1_293' title='bbox 2062 1103 2326 1174; x_wconf 83' lang='lat' dir='ltr'><strong>improbis</strong></span> <span class='ocrx_word' id='word_1_294' title='bbox 2363 1106 2538 1176; x_wconf 85' lang='lat' dir='ltr'><strong>copiis</strong></span> <span class='ocrx_word' id='word_1_295' title='bbox 2584 1105 2886 1173; x_wconf 65' lang='lat' dir='ltr'><strong>suffocatis,</strong></span> <span class='ocrx_word' id='word_1_296' title='bbox 2939 1109 3014 1163; x_wconf 90' lang='lat' dir='ltr'><strong>ita</strong></span> <span class='ocrx_word' id='word_1_297' title='bbox 3045 1110 3342 1165; x_wconf 89' lang='lat' dir='ltr'><strong>assimilari</strong></span> 
     </span>
    </p>
   </div>
   <div class='ocr_carea' id='block_1_41' title="bbox 1781 1191 3341 1269">
    <p class='ocr_par' dir='ltr' id='par_1_41' title="bbox 1781 1191 3341 1269">
     <span class='ocr_line' id='line_1_41' title="bbox 1781 1191 3341 1269; baseline 0.008 -26"><span class='ocrx_word' id='word_1_298' title='bbox 1781 1191 1889 1246; x_wconf 88' lang='lat' dir='ltr'><strong>illis</strong></span> <span class='ocrx_word' id='word_1_299' title='bbox 1917 1192 2111 1263; x_wconf 80' lang='lat' dir='ltr'><strong>capiis.</strong></span> <span class='ocrx_word' id='word_1_300' title='bbox 2143 1204 2401 1264; x_wconf 91' lang='lat' dir='ltr'><strong>tanquam</strong></span> <span class='ocrx_word' id='word_1_301' title='bbox 2429 1197 2730 1267; x_wconf 87' lang='lat' dir='ltr'><strong>equitatum</strong></span> <span class='ocrx_word' id='word_1_302' title='bbox 2757 1197 3067 1268; x_wconf 88' lang='lat' dir='ltr'><strong>quemdam,</strong></span> <span class='ocrx_word' id='word_1_303' title='bbox 3108 1214 3203 1254; x_wconf 87' lang='lat' dir='ltr'><strong>eos</strong></span> <span class='ocrx_word' id='word_1_304' title='bbox 3247 1201 3341 1269; x_wconf 86' lang='lat' dir='ltr'><strong>qui</strong></span> 
     </span>
    </p>
   </div>
   <div class='ocr_carea' id='block_1_42' title="bbox 1778 1283 3344 1358">
    <p class='ocr_par' dir='ltr' id='par_1_42' title="bbox 1778 1283 3344 1358">
     <span class='ocr_line' id='line_1_42' title="bbox 1778 1283 3344 1358; baseline 0.006 -23"><span class='ocrx_word' id='word_1_305' title='bbox 1778 1283 2150 1340; x_wconf 88' lang='lat' dir='ltr'><strong>adversarium</strong></span> <span class='ocrx_word' id='word_1_306' title='bbox 2179 1287 2476 1342; x_wconf 76' lang='lat' dir='ltr'><strong>exercitum</strong></span> <span class='ocrx_word' id='word_1_307' title='bbox 2519 1287 2573 1341; x_wconf 91' lang='lat' dir='ltr'><strong>in</strong></span> <span class='ocrx_word' id='word_1_308' title='bbox 2617 1302 2812 1358; x_wconf 89' lang='lat' dir='ltr'><strong>aquam</strong></span> <span class='ocrx_word' id='word_1_309' title='bbox 2842 1288 3240 1346; x_wconf 87' lang='lat' dir='ltr'><strong>demerserunt.</strong></span> <span class='ocrx_word' id='word_1_310' title='bbox 3276 1291 3344 1346; x_wconf 89' lang='lat' dir='ltr'><strong>Ut</strong></span> 
     </span>
    </p>
   </div>
   <div class='ocr_carea' id='block_1_43' title="bbox 1779 1377 3346 1449">
    <p class='ocr_par' dir='ltr' id='par_1_43' title="bbox 1779 1377 3346 1449">
     <span class='ocr_line' id='line_1_43' title="bbox 1779 1377 3346 1449; baseline 0.006 -22"><span class='ocrx_word' id='word_1_311' title='bbox 1779 1383 1956 1430; x_wconf 90' lang='lat' dir='ltr'><strong>autem</strong></span> <span class='ocrx_word' id='word_1_312' title='bbox 1989 1377 2231 1445; x_wconf 89' lang='lat' dir='ltr'><strong>apertius</strong></span> <span class='ocrx_word' id='word_1_313' title='bbox 2276 1377 2644 1447; x_wconf 78' lang='lat' dir='ltr'><strong>intelligamus</strong></span> <span class='ocrx_word' id='word_1_314' title='bbox 2691 1379 2837 1449; x_wconf 89' lang='lat' dir='ltr'><strong>quod</strong></span> <span class='ocrx_word' id='word_1_315' title='bbox 2888 1379 3110 1445; x_wconf 86' lang='lat' dir='ltr'><strong>dicitur,</strong></span> <span class='ocrx_word' id='word_1_316' title='bbox 3163 1382 3216 1435; x_wconf 92' lang='lat' dir='ltr'><strong>id</strong></span> <span class='ocrx_word' id='word_1_317' title='bbox 3259 1393 3346 1439; x_wconf 89' lang='lat' dir='ltr'><strong>est</strong></span> 
     </span>
    </p>
   </div>
   <div class='ocr_carea' id='block_1_44' title="bbox 1776 1464 3343 1543">
    <p class='ocr_par' dir='ltr' id='par_1_44' title="bbox 1776 1464 3343 1543">
     <span class='ocr_line' id='line_1_44' title="bbox 1776 1464 3343 1543; baseline 0.004 -24"><span class='ocrx_word' id='word_1_318' title='bbox 1776 1467 2045 1536; x_wconf 82' lang='lat' dir='ltr'><strong>ejusmodi</strong></span> <span class='ocrx_word' id='word_1_319' title='bbox 2066 1483 2080 1522; x_wconf 89' lang='lat'><strong>:</strong></span> <span class='ocrx_word' id='word_1_320' title='bbox 2101 1464 2245 1521; x_wconf 86' lang='lat' dir='ltr'><strong>Fieri</strong></span> <span class='ocrx_word' id='word_1_321' title='bbox 2267 1482 2372 1524; x_wconf 92' lang='lat' dir='ltr'><strong>non</strong></span> <span class='ocrx_word' id='word_1_322' title='bbox 2393 1478 2571 1540; x_wconf 78' lang='lat' dir='ltr'><strong>potest</strong></span> <span class='ocrx_word' id='word_1_323' title='bbox 2599 1480 2656 1526; x_wconf 95' lang='lat' dir='ltr'><strong>ut</strong></span> <span class='ocrx_word' id='word_1_324' title='bbox 2687 1472 3022 1527; x_wconf 88' lang='lat' dir='ltr'><strong>assimiletur</strong></span> <span class='ocrx_word' id='word_1_325' title='bbox 3054 1473 3343 1543; x_wconf 85' lang='lat' dir='ltr'><strong>quisquam</strong></span> 
     </span>
    </p>
   </div>
   <div class='ocr_carea' id='block_1_45' title="bbox 1776 1559 3343 1629">
    <p class='ocr_par' dir='ltr' id='par_1_45' title="bbox 1776 1559 3343 1629">
     <span class='ocr_line' id='line_1_45' title="bbox 1776 1559 3343 1629; baseline 0.004 -17"><span class='ocrx_word' id='word_1_326' title='bbox 1776 1559 1953 1626; x_wconf 90' lang='lat' dir='ltr'><strong>equis,</strong></span> <span class='ocrx_word' id='word_1_327' title='bbox 1979 1573 2076 1628; x_wconf 86' lang='lat' dir='ltr'><strong>per</strong></span> <span class='ocrx_word' id='word_1_328' title='bbox 2101 1574 2240 1629; x_wconf 90' lang='lat' dir='ltr'><strong>quos</strong></span> <span class='ocrx_word' id='word_1_329' title='bbox 2271 1559 2324 1613; x_wconf 93' lang='lat' dir='ltr'><strong>in</strong></span> <span class='ocrx_word' id='word_1_330' title='bbox 2357 1561 2684 1628; x_wconf 89' lang='lat' dir='ltr'><strong>profundum</strong></span> <span class='ocrx_word' id='word_1_331' title='bbox 2721 1571 2852 1618; x_wconf 92' lang='lat' dir='ltr'><strong>sunt</strong></span> <span class='ocrx_word' id='word_1_332' title='bbox 2881 1564 3116 1618; x_wconf 84' lang='lat' dir='ltr'><strong>demersi</strong></span> <span class='ocrx_word' id='word_1_333' title='bbox 3147 1579 3343 1619; x_wconf 88' lang='lat' dir='ltr'><strong>currus</strong></span> 
     </span>
    </p>
   </div>
   <div class='ocr_carea' id='block_1_46' title="bbox 1774 1648 3342 1725">
    <p class='ocr_par' dir='ltr' id='par_1_46' title="bbox 1774 1648 3342 1725">
     <span class='ocr_line' id='line_1_46' title="bbox 1774 1648 3342 1725; baseline 0.003 -22"><span class='ocrx_word' id='word_1_334' title='bbox 1774 1648 2175 1721; x_wconf 63' lang='lat' dir='ltr'><strong>Egyptiorum,</strong></span> <span class='ocrx_word' id='word_1_335' title='bbox 2205 1651 2311 1705; x_wconf 90' lang='lat' dir='ltr'><strong>nisi</strong></span> <span class='ocrx_word' id='word_1_336' title='bbox 2347 1667 2442 1722; x_wconf 91' lang='lat' dir='ltr'><strong>per</strong></span> <span class='ocrx_word' id='word_1_337' title='bbox 2473 1667 2671 1722; x_wconf 90' lang='lat' dir='ltr'><strong>aquam</strong></span> <span class='ocrx_word' id='word_1_338' title='bbox 2701 1654 2990 1725; x_wconf 86' lang='lat' dir='ltr'><strong>mysticam</strong></span> <span class='ocrx_word' id='word_1_339' title='bbox 3020 1655 3286 1710; x_wconf 89' lang='lat' dir='ltr'><strong>liberatus</strong></span> <span class='ocrx_word' id='word_1_340' title='bbox 3312 1671 3342 1708; x_wconf 90' lang='lat' dir='ltr'><strong>a</strong></span> 
     </span>
    </p>
   </div>
   <div class='ocr_carea' id='block_1_47' title="bbox 1779 1733 3344 1818">
    <p class='ocr_par' dir='ltr' id='par_1_47' title="bbox 1779 1733 3344 1818">
     <span class='ocr_line' id='line_1_47' title="bbox 1779 1733 3344 1818; baseline 0.004 -23"><span class='ocrx_word' id='word_1_341' title='bbox 1779 1742 2039 1798; x_wconf 84' lang='lat' dir='ltr'><strong>servitute</strong></span> <span class='ocrx_word' id='word_1_342' title='bbox 2087 1742 2420 1808; x_wconf 86' lang='lat' dir='ltr'><strong>adversarii,</strong></span> <span class='ocrx_word' id='word_1_343' title='bbox 2469 1745 2618 1800; x_wconf 90' lang='lat' dir='ltr'><strong>omni</strong></span> <span class='ocrx_word' id='word_1_344' title='bbox 2679 1761 2844 1802; x_wconf 88' lang='lat' dir='ltr'><strong>sensu</strong></span> <span class='ocrx_word' id='word_1_345' title='bbox 2899 1733 3244 1818; x_wconf 64' lang='lat' dir='ltr'><strong>Egyptiaco,</strong></span> <span class='ocrx_word' id='word_1_346' title='bbox 3290 1756 3344 1802; x_wconf 90' lang='lat' dir='ltr'><strong>et</strong></span> 
     </span>
    </p>
   </div>
   <div class='ocr_carea' id='block_1_48' title="bbox 1781 1833 3344 1909">
    <p class='ocr_par' dir='ltr' id='par_1_48' title="bbox 1781 1833 3344 1909">
     <span class='ocr_line' id='line_1_48' title="bbox 1781 1833 3344 1909; baseline 0.004 -23"><span class='ocrx_word' id='word_1_347' title='bbox 1781 1833 1931 1886; x_wconf 87' lang='lat' dir='ltr'><strong>omni</strong></span> <span class='ocrx_word' id='word_1_348' title='bbox 1953 1841 2181 1887; x_wconf 86' lang='lat' dir='ltr'><strong>externo</strong></span> <span class='ocrx_word' id='word_1_349' title='bbox 2212 1833 2347 1888; x_wconf 92' lang='lat' dir='ltr'><strong>vitio</strong></span> <span class='ocrx_word' id='word_1_350' title='bbox 2371 1843 2425 1890; x_wconf 89' lang='lat' dir='ltr'><strong>et</strong></span> <span class='ocrx_word' id='word_1_351' title='bbox 2455 1843 2681 1906; x_wconf 86' lang='lat' dir='ltr'><strong>peccato</strong></span> <span class='ocrx_word' id='word_1_352' title='bbox 2713 1837 2768 1891; x_wconf 91' lang='lat' dir='ltr'><strong>in</strong></span> <span class='ocrx_word' id='word_1_353' title='bbox 2802 1852 2939 1907; x_wconf 90' lang='lat' dir='ltr'><strong>aqua</strong></span> <span class='ocrx_word' id='word_1_354' title='bbox 2963 1837 3178 1901; x_wconf 78' lang='lat' dir='ltr'><strong>relicto,</strong></span> <span class='ocrx_word' id='word_1_355' title='bbox 3208 1854 3344 1909; x_wconf 90' lang='lat' dir='ltr'><strong>pure</strong></span> 
     </span>
    </p>
   </div>
   <div class='ocr_carea' id='block_1_49' title="bbox 1779 1926 3342 1998">
    <p class='ocr_par' dir='ltr' id='par_1_49' title="bbox 1779 1926 3342 1998">
     <span class='ocr_line' id='line_1_49' title="bbox 1779 1926 3342 1998; baseline 0.002 -17"><span class='ocrx_word' id='word_1_356' title='bbox 1779 1935 2043 1998; x_wconf 86' lang='lat' dir='ltr'><strong>emergat,</strong></span> <span class='ocrx_word' id='word_1_357' title='bbox 2075 1926 2411 1998; x_wconf 70' lang='lat' dir='ltr'><strong>Egyptiacze</strong></span> <span class='ocrx_word' id='word_1_358' title='bbox 2441 1929 2791 1983; x_wconf 82' lang='lat' dir='ltr'><strong>conscientiae</strong></span> <span class='ocrx_word' id='word_1_359' title='bbox 2836 1929 2972 1983; x_wconf 87' lang='lat' dir='ltr'><strong>nihil</strong></span> <span class='ocrx_word' id='word_1_360' title='bbox 3016 1944 3201 1984; x_wconf 88' lang='lat' dir='ltr'><strong>secum</strong></span> <span class='ocrx_word' id='word_1_361' title='bbox 3244 1930 3342 1984; x_wconf 88' lang='lat' dir='ltr'><strong>ad-</strong></span> 
     </span>
    </p>
   </div>
   <div class='ocr_carea' id='block_1_50' title="bbox 1779 2013 3341 2087">
    <p class='ocr_par' dir='ltr' id='par_1_50' title="bbox 1779 2013 3341 2087">
     <span class='ocr_line' id='line_1_50' title="bbox 1779 2013 3341 2087; baseline 0.008 -25"><span class='ocrx_word' id='word_1_362' title='bbox 1779 2013 1987 2070; x_wconf 86' lang='lat' dir='ltr'><strong>ducens</strong></span> <span class='ocrx_word' id='word_1_363' title='bbox 2035 2015 2088 2069; x_wconf 90' lang='lat' dir='ltr'><strong>in</strong></span> <span class='ocrx_word' id='word_1_364' title='bbox 2137 2016 2304 2072; x_wconf 87' lang='lat' dir='ltr'><strong>vitam</strong></span> <span class='ocrx_word' id='word_1_365' title='bbox 2349 2024 2540 2087; x_wconf 89' lang='lat' dir='ltr'><strong>postea</strong></span> <span class='ocrx_word' id='word_1_366' title='bbox 2586 2017 2850 2072; x_wconf 87' lang='lat' dir='ltr'><strong>futuram.</strong></span> <span class='ocrx_word' id='word_1_367' title='bbox 2900 2017 3004 2085; x_wconf 85' lang='lat' dir='ltr'><strong>Qui</strong></span> <span class='ocrx_word' id='word_1_368' title='bbox 3055 2021 3201 2075; x_wconf 92' lang='lat' dir='ltr'><strong>enim</strong></span> <span class='ocrx_word' id='word_1_369' title='bbox 3255 2028 3341 2077; x_wconf 91' lang='lat' dir='ltr'><strong>est</strong></span> 
     </span>
    </p>
   </div>
   <div class='ocr_carea' id='block_1_51' title="bbox 1780 2107 3340 2183">
    <p class='ocr_par' dir='ltr' id='par_1_51' title="bbox 1780 2107 3340 2183">
     <span class='ocr_line' id='line_1_51' title="bbox 1780 2107 3340 2183; baseline 0.006 -21"><span class='ocrx_word' id='word_1_370' title='bbox 1780 2107 1941 2176; x_wconf 86' lang='lat' dir='ltr'><strong>plane</strong></span> <span class='ocrx_word' id='word_1_371' title='bbox 1963 2123 2130 2179; x_wconf 90' lang='lat' dir='ltr'><strong>purus</strong></span> <span class='ocrx_word' id='word_1_372' title='bbox 2154 2109 2223 2165; x_wconf 90' lang='lat' dir='ltr'><strong>ab</strong></span> <span class='ocrx_word' id='word_1_373' title='bbox 2247 2111 2502 2167; x_wconf 89' lang='lat' dir='ltr'><strong>omnibus</strong></span> <span class='ocrx_word' id='word_1_374' title='bbox 2529 2112 2700 2180; x_wconf 78' lang='lat' dir='ltr'><strong>plagis</strong></span> <span class='ocrx_word' id='word_1_375' title='bbox 2728 2111 3020 2182; x_wconf 62' lang='lat' dir='ltr'><strong>Egyptiis,</strong></span> <span class='ocrx_word' id='word_1_376' title='bbox 3053 2113 3340 2183; x_wconf 78' lang='lat' dir='ltr'><strong>sanguine,</strong></span> 
     </span>
    </p>
   </div>
   <div class='ocr_carea' id='block_1_52' title="bbox 1779 2199 3343 2274">
    <p class='ocr_par' dir='ltr' id='par_1_52' title="bbox 1779 2199 3343 2274">
     <span class='ocr_line' id='line_1_52' title="bbox 1779 2199 3343 2274; baseline 0.004 -23"><span class='ocrx_word' id='word_1_377' title='bbox 1779 2205 1834 2251; x_wconf 91' lang='lat' dir='ltr'><strong>et</strong></span> <span class='ocrx_word' id='word_1_378' title='bbox 1863 2199 2037 2262; x_wconf 83' lang='lat' dir='ltr'><strong>ranis,</strong></span> <span class='ocrx_word' id='word_1_379' title='bbox 2081 2208 2134 2254; x_wconf 92' lang='lat' dir='ltr'><strong>et</strong></span> <span class='ocrx_word' id='word_1_380' title='bbox 2179 2201 2439 2270; x_wconf 91' lang='lat' dir='ltr'><strong>pustulis,</strong></span> <span class='ocrx_word' id='word_1_381' title='bbox 2483 2208 2538 2256; x_wconf 90' lang='lat' dir='ltr'><strong>et</strong></span> <span class='ocrx_word' id='word_1_382' title='bbox 2586 2202 2847 2266; x_wconf 90' lang='lat' dir='ltr'><strong>tenebris,</strong></span> <span class='ocrx_word' id='word_1_383' title='bbox 2901 2202 3239 2274; x_wconf 91' lang='lat' dir='ltr'><strong>locustisque</strong></span> <span class='ocrx_word' id='word_1_384' title='bbox 3286 2214 3343 2260; x_wconf 92' lang='lat' dir='ltr'><strong>et</strong></span> 
     </span>
    </p>
   </div>
   <div class='ocr_carea' id='block_1_53' title="bbox 1779 2287 3344 2365">
    <p class='ocr_par' dir='ltr' id='par_1_53' title="bbox 1779 2287 3344 2365">
     <span class='ocr_line' id='line_1_53' title="bbox 1779 2287 3344 2365; baseline 0.006 -23"><span class='ocrx_word' id='word_1_385' title='bbox 1779 2287 2156 2358; x_wconf 89' lang='lat' dir='ltr'><strong>scynipbibus,</strong></span> <span class='ocrx_word' id='word_1_386' title='bbox 2173 2297 2228 2344; x_wconf 90' lang='lat' dir='ltr'><strong>et</strong></span> <span class='ocrx_word' id='word_1_387' title='bbox 2248 2291 2534 2361; x_wconf 81' lang='lat' dir='ltr'><strong>grandine,</strong></span> <span class='ocrx_word' id='word_1_388' title='bbox 2555 2302 2609 2347; x_wconf 90' lang='lat' dir='ltr'><strong>et</strong></span> <span class='ocrx_word' id='word_1_389' title='bbox 2638 2292 2812 2348; x_wconf 92' lang='lat' dir='ltr'><strong>imbre</strong></span> <span class='ocrx_word' id='word_1_390' title='bbox 2840 2293 3000 2365; x_wconf 81' lang='lat' dir='ltr'><strong>ignis,</strong></span> <span class='ocrx_word' id='word_1_391' title='bbox 3031 2303 3086 2350; x_wconf 91' lang='lat' dir='ltr'><strong>et</strong></span> <span class='ocrx_word' id='word_1_392' title='bbox 3131 2296 3344 2352; x_wconf 73' lang='lat' dir='ltr'><strong>caeteris</strong></span> 
     </span>
    </p>
   </div>
   <div class='ocr_carea' id='block_1_54' title="bbox 1780 2381 3345 2458">
    <p class='ocr_par' dir='ltr' id='par_1_54' title="bbox 1780 2381 3345 2458">
     <span class='ocr_line' id='line_1_54' title="bbox 1780 2381 3345 2458; baseline 0.006 -27"><span class='ocrx_word' id='word_1_393' title='bbox 1780 2394 2011 2448; x_wconf 89' lang='lat' dir='ltr'><strong>quorum</strong></span> <span class='ocrx_word' id='word_1_394' title='bbox 2039 2381 2222 2436; x_wconf 90' lang='lat' dir='ltr'><strong>divina</strong></span> <span class='ocrx_word' id='word_1_395' title='bbox 2253 2381 2498 2435; x_wconf 86' lang='lat' dir='ltr'><strong>meminit</strong></span> <span class='ocrx_word' id='word_1_396' title='bbox 2531 2383 2780 2447; x_wconf 86' lang='lat' dir='ltr'><strong>historia,</strong></span> <span class='ocrx_word' id='word_1_397' title='bbox 2829 2384 2876 2440; x_wconf 91' lang='lat' dir='ltr'><strong>is</strong></span> <span class='ocrx_word' id='word_1_398' title='bbox 2910 2385 3108 2457; x_wconf 84' lang='lat' dir='ltr'><strong>dignus</strong></span> <span class='ocrx_word' id='word_1_399' title='bbox 3139 2395 3224 2442; x_wconf 88' lang='lat' dir='ltr'><strong>est</strong></span> <span class='ocrx_word' id='word_1_400' title='bbox 3250 2388 3345 2458; x_wconf 90' lang='lat' dir='ltr'><strong>qui</strong></span> 
     </span>
    </p>
   </div>
   <div class='ocr_carea' id='block_1_55' title="bbox 1780 2475 3344 2549">
    <p class='ocr_par' dir='ltr' id='par_1_55' title="bbox 1780 2475 3344 2549">
     <span class='ocr_line' id='line_1_55' title="bbox 1780 2475 3344 2549; baseline 0.004 -20"><span class='ocrx_word' id='word_1_401' title='bbox 1780 2475 2110 2532; x_wconf 88' lang='lat' dir='ltr'><strong>assimiletur</strong></span> <span class='ocrx_word' id='word_1_402' title='bbox 2153 2477 2232 2532; x_wconf 91' lang='lat' dir='ltr'><strong>illi</strong></span> <span class='ocrx_word' id='word_1_403' title='bbox 2279 2478 2468 2534; x_wconf 85' lang='lat' dir='ltr'><strong>virtuti</strong></span> <span class='ocrx_word' id='word_1_404' title='bbox 2517 2479 2677 2549; x_wconf 87' lang='lat' dir='ltr'><strong>cujus</strong></span> <span class='ocrx_word' id='word_1_405' title='bbox 2718 2480 2954 2535; x_wconf 84' lang='lat' dir='ltr'><strong>Verbum</strong></span> <span class='ocrx_word' id='word_1_406' title='bbox 3007 2488 3094 2537; x_wconf 91' lang='lat' dir='ltr'><strong>est</strong></span> <span class='ocrx_word' id='word_1_407' title='bbox 3134 2490 3344 2537; x_wconf 86' lang='lat' dir='ltr'><strong>vector.</strong></span> 
     </span>
    </p>
   </div>
   <div class='ocr_carea' id='block_1_56' title="bbox 1780 2565 3344 2644">
    <p class='ocr_par' dir='ltr' id='par_1_56' title="bbox 1780 2565 3344 2644">
     <span class='ocr_line' id='line_1_56' title="bbox 1780 2565 3344 2644; baseline 0.004 -23"><span class='ocrx_word' id='word_1_408' title='bbox 1780 2565 2014 2623; x_wconf 89' lang='lat' dir='ltr'><strong>Omnino</strong></span> <span class='ocrx_word' id='word_1_409' title='bbox 2042 2575 2223 2624; x_wconf 90' lang='lat' dir='ltr'><strong>autem</strong></span> <span class='ocrx_word' id='word_1_410' title='bbox 2259 2582 2372 2624; x_wconf 90' lang='lat' dir='ltr'><strong>non</strong></span> <span class='ocrx_word' id='word_1_411' title='bbox 2402 2569 2716 2641; x_wconf 76' lang='lat' dir='ltr'><strong>ignoramus</strong></span> <span class='ocrx_word' id='word_1_412' title='bbox 2751 2586 2815 2628; x_wconf 94' lang='lat' dir='ltr'><strong>ea</strong></span> <span class='ocrx_word' id='word_1_413' title='bbox 2860 2588 2981 2642; x_wconf 72' lang='lat' dir='ltr'><strong>quae</strong></span> <span class='ocrx_word' id='word_1_414' title='bbox 3028 2573 3344 2644; x_wconf 80' lang='lat' dir='ltr'><strong>significan-</strong></span> 
     </span>
    </p>
   </div>
   <div class='ocr_carea' id='block_1_57' title="bbox 1780 2652 3346 2735">
    <p class='ocr_par' dir='ltr' id='par_1_57' title="bbox 1780 2652 3346 2735">
     <span class='ocr_line' id='line_1_57' title="bbox 1780 2652 3346 2735; baseline 0.004 -24"><span class='ocrx_word' id='word_1_415' title='bbox 1780 2666 1870 2712; x_wconf 91' lang='lat' dir='ltr'><strong>tur</strong></span> <span class='ocrx_word' id='word_1_416' title='bbox 1901 2674 1998 2729; x_wconf 86' lang='lat' dir='ltr'><strong>per</strong></span> <span class='ocrx_word' id='word_1_417' title='bbox 2045 2659 2254 2732; x_wconf 88' lang='lat' dir='ltr'><strong>plagas,</strong></span> <span class='ocrx_word' id='word_1_418' title='bbox 2290 2652 2750 2730; x_wconf 84' lang='lat' dir='ltr'><strong>quemadmodum</strong></span> <span class='ocrx_word' id='word_1_419' title='bbox 2800 2661 3071 2735; x_wconf 66' lang='lat' dir='ltr'><strong>Egyptiis</strong></span> <span class='ocrx_word' id='word_1_420' title='bbox 3123 2665 3346 2735; x_wconf 84' lang='lat' dir='ltr'><strong>sanguis</strong></span> 
     </span>
    </p>
   </div>
   <div class='ocr_carea' id='block_1_58' title="bbox 1782 2749 3346 2822">
    <p class='ocr_par' dir='ltr' id='par_1_58' title="bbox 1782 2749 3346 2822">
     <span class='ocr_line' id='line_1_58' title="bbox 1782 2749 3346 2822; baseline 0.006 -20"><span class='ocrx_word' id='word_1_421' title='bbox 1782 2749 1884 2804; x_wconf 85' lang='lat' dir='ltr'><strong>fuit</strong></span> <span class='ocrx_word' id='word_1_422' title='bbox 1929 2751 2110 2822; x_wconf 87' lang='lat' dir='ltr'><strong>plaga,</strong></span> <span class='ocrx_word' id='word_1_423' title='bbox 2161 2763 2216 2807; x_wconf 93' lang='lat' dir='ltr'><strong>et</strong></span> <span class='ocrx_word' id='word_1_424' title='bbox 2247 2753 2384 2807; x_wconf 91' lang='lat' dir='ltr'><strong>odor</strong></span> <span class='ocrx_word' id='word_1_425' title='bbox 2411 2767 2692 2818; x_wconf 85' lang='lat' dir='ltr'><strong>ranarum,</strong></span> <span class='ocrx_word' id='word_1_426' title='bbox 2735 2763 2790 2809; x_wconf 90' lang='lat' dir='ltr'><strong>et</strong></span> <span class='ocrx_word' id='word_1_427' title='bbox 2832 2755 2972 2810; x_wconf 86' lang='lat' dir='ltr'><strong>lucis</strong></span> <span class='ocrx_word' id='word_1_428' title='bbox 3004 2755 3058 2810; x_wconf 94' lang='lat' dir='ltr'><strong>in</strong></span> <span class='ocrx_word' id='word_1_429' title='bbox 3092 2757 3346 2812; x_wconf 88' lang='lat' dir='ltr'><strong>tenebras</strong></span> 
     </span>
    </p>
   </div>
   <div class='ocr_carea' id='block_1_59' title="bbox 1780 2842 3348 2916">
    <p class='ocr_par' dir='ltr' id='par_1_59' title="bbox 1780 2842 3348 2916">
     <span class='ocr_line' id='line_1_59' title="bbox 1780 2842 3348 2916; baseline 0.004 -21"><span class='ocrx_word' id='word_1_430' title='bbox 1780 2842 2030 2909; x_wconf 86' lang='lat' dir='ltr'><strong>mutatio,</strong></span> <span class='ocrx_word' id='word_1_431' title='bbox 2063 2851 2119 2897; x_wconf 91' lang='lat' dir='ltr'><strong>et</strong></span> <span class='ocrx_word' id='word_1_432' title='bbox 2157 2849 2352 2897; x_wconf 71' lang='lat' dir='ltr'><strong>caatera</strong></span> <span class='ocrx_word' id='word_1_433' title='bbox 2402 2844 2606 2899; x_wconf 90' lang='lat' dir='ltr'><strong>omnia.</strong></span> <span class='ocrx_word' id='word_1_434' title='bbox 2659 2843 2794 2910; x_wconf 84' lang='lat' dir='ltr'><strong>Quis</strong></span> <span class='ocrx_word' id='word_1_435' title='bbox 2836 2846 2981 2900; x_wconf 87' lang='lat' dir='ltr'><strong>enim</strong></span> <span class='ocrx_word' id='word_1_436' title='bbox 3031 2848 3206 2903; x_wconf 79' lang='lat' dir='ltr'><strong>nescit</strong></span> <span class='ocrx_word' id='word_1_437' title='bbox 3251 2863 3348 2916; x_wconf 91' lang='lat' dir='ltr'><strong>per</strong></span> 
     </span>
    </p>
   </div>
   <div class='ocr_carea' id='block_1_60' title="bbox 1780 2934 3348 3010">
    <p class='ocr_par' dir='ltr' id='par_1_60' title="bbox 1780 2934 3348 3010">
     <span class='ocr_line' id='line_1_60' title="bbox 1780 2934 3348 3010; baseline 0.005 -24"><span class='ocrx_word' id='word_1_438' title='bbox 1780 2934 2087 3003; x_wconf 86' lang='lat' dir='ltr'><strong>rujusmodi</strong></span> <span class='ocrx_word' id='word_1_439' title='bbox 2119 2936 2289 2989; x_wconf 86' lang='lat' dir='ltr'><strong>vitam</strong></span> <span class='ocrx_word' id='word_1_440' title='bbox 2322 2937 2381 2990; x_wconf 86' lang='lat' dir='ltr'><strong>fit</strong></span> <span class='ocrx_word' id='word_1_441' title='bbox 2423 2937 2649 3007; x_wconf 85' lang='lat' dir='ltr'><strong>sanguis</strong></span> <span class='ocrx_word' id='word_1_442' title='bbox 2679 2938 2972 3008; x_wconf 87' lang='lat' dir='ltr'><strong>quispiam,</strong></span> <span class='ocrx_word' id='word_1_443' title='bbox 3008 2940 3076 2994; x_wconf 90' lang='lat' dir='ltr'><strong>ab</strong></span> <span class='ocrx_word' id='word_1_444' title='bbox 3103 2955 3169 2994; x_wconf 94' lang='lat' dir='ltr'><strong>eo</strong></span> <span class='ocrx_word' id='word_1_445' title='bbox 3200 2939 3348 3010; x_wconf 91' lang='lat' dir='ltr'><strong>quod</strong></span> 
     </span>
    </p>
   </div>
   <div class='ocr_carea' id='block_1_61' title="bbox 1780 3025 3349 3100">
    <p class='ocr_par' dir='ltr' id='par_1_61' title="bbox 1780 3025 3349 3100">
     <span class='ocr_line' id='line_1_61' title="bbox 1780 3025 3349 3100; baseline 0.004 -22"><span class='ocrx_word' id='word_1_446' title='bbox 1780 3025 1932 3094; x_wconf 90' lang='lat' dir='ltr'><strong>prius</strong></span> <span class='ocrx_word' id='word_1_447' title='bbox 1980 3035 2099 3081; x_wconf 90' lang='lat' dir='ltr'><strong>erat</strong></span> <span class='ocrx_word' id='word_1_448' title='bbox 2129 3028 2366 3097; x_wconf 87' lang='lat' dir='ltr'><strong>potabile</strong></span> <span class='ocrx_word' id='word_1_449' title='bbox 2420 3037 2665 3086; x_wconf 89' lang='lat' dir='ltr'><strong>mutatus</strong></span> <span class='ocrx_word' id='word_1_450' title='bbox 2692 3030 2764 3085; x_wconf 30' lang='lat' dir='ltr'><strong>vin</strong></span> <span class='ocrx_word' id='word_1_451' title='bbox 2799 3031 3207 3100; x_wconf 89' lang='lat' dir='ltr'><strong>corruptionem</strong></span> <span class='ocrx_word' id='word_1_452' title='bbox 3246 3047 3262 3085; x_wconf 88' lang='lat'><strong>:</strong></span> <span class='ocrx_word' id='word_1_453' title='bbox 3293 3040 3349 3087; x_wconf 89' lang='lat' dir='ltr'><strong>et</strong></span> 
     </span>
    </p>
   </div>
   <div class='ocr_carea' id='block_1_62' title="bbox 82 3117 1677 3212">
    <p class='ocr_par' dir='ltr' id='par_1_62' title="bbox 82 3117 1673 3197">
     <span class='ocr_line' id='line_1_62' title="bbox 82 3117 1673 3197; baseline 0.004 -23"><span class='ocrx_word' id='word_1_454' title='bbox 82 3125 199 3194; x_wconf 73' lang='grc' dir='ltr'><strong>γὰρ</strong></span> <span class='ocrx_word' id='word_1_455' title='bbox 241 3123 346 3175; x_wconf 77' lang='grc' dir='ltr'><strong>οὐκ</strong></span> <span class='ocrx_word' id='word_1_456' title='bbox 374 3117 482 3176; x_wconf 76' lang='grc' dir='ltr'>οἶδε</span> <span class='ocrx_word' id='word_1_457' title='bbox 509 3122 596 3176; x_wconf 78' lang='grc' dir='ltr'>διὰ</span> <span class='ocrx_word' id='word_1_458' title='bbox 627 3125 873 3178; x_wconf 87' lang='grc' dir='ltr'>ποταποῦ</span> <span class='ocrx_word' id='word_1_459' title='bbox 909 3123 1025 3194; x_wconf 86' lang='grc' dir='ltr'>βίου</span> <span class='ocrx_word' id='word_1_460' title='bbox 1056 3121 1197 3197; x_wconf 76' lang='grc' dir='ltr'>αἷμὰ</span> <span class='ocrx_word' id='word_1_461' title='bbox 1221 3144 1304 3190; x_wconf 90' lang='grc' dir='ltr'><strong>τις</strong></span> <span class='ocrx_word' id='word_1_462' title='bbox 1335 3127 1567 3194; x_wconf 89' lang='grc' dir='ltr'>γίνεται,</span> <span class='ocrx_word' id='word_1_463' title='bbox 1607 3129 1673 3181; x_wconf 80' lang='grc' dir='ltr'>ἐκ</span> 
     </span>
    </p>
   </div>
   <div class='ocr_carea' id='block_1_63' title="bbox 1782 3117 3345 3212">
    <p class='ocr_par' dir='ltr' id='par_1_63' title="bbox 1782 3117 3345 3193">
     <span class='ocr_line' id='line_1_63' title="bbox 1782 3117 3345 3193; baseline 0.004 -21"><span class='ocrx_word' id='word_1_464' title='bbox 1782 3117 1912 3186; x_wconf 90' lang='lat' dir='ltr'><strong>quid</strong></span> <span class='ocrx_word' id='word_1_465' title='bbox 1954 3117 2179 3183; x_wconf 87' lang='lat' dir='ltr'><strong>faciens,</strong></span> <span class='ocrx_word' id='word_1_466' title='bbox 2208 3120 2356 3176; x_wconf 89' lang='lat' dir='ltr'><strong>domi</strong></span> <span class='ocrx_word' id='word_1_467' title='bbox 2404 3137 2517 3178; x_wconf 69' lang='lat' dir='ltr'><strong>sum</strong></span> <span class='ocrx_word' id='word_1_468' title='bbox 2565 3132 2818 3193; x_wconf 88' lang='lat' dir='ltr'><strong>procreat</strong></span> <span class='ocrx_word' id='word_1_469' title='bbox 2849 3130 3048 3178; x_wconf 84' lang='lat' dir='ltr'><strong>tetrum</strong></span> <span class='ocrx_word' id='word_1_470' title='bbox 3085 3139 3345 3179; x_wconf 88' lang='lat' dir='ltr'><strong>ranarum</strong></span> 
     </span>
    </p>
   </div>
   <div class='ocr_carea' id='block_1_64' title="bbox 86 3215 1711 3292">
    <p class='ocr_par' dir='ltr' id='par_1_64' title="bbox 86 3215 1711 3292">
     <span class='ocr_line' id='line_1_64' title="bbox 86 3215 1711 3292; baseline 0.01 -30"><span class='ocrx_word' id='word_1_471' title='bbox 86 3215 334 3285; x_wconf 70' lang='grc' dir='ltr'>ποτίμου</span> <span class='ocrx_word' id='word_1_472' title='bbox 374 3215 468 3268; x_wconf 80' lang='grc' dir='ltr'>τοῦ</span> <span class='ocrx_word' id='word_1_473' title='bbox 512 3216 774 3289; x_wconf 88' lang='grc' dir='ltr'>πρότερον</span> <span class='ocrx_word' id='word_1_474' title='bbox 804 3218 884 3282; x_wconf 86' lang='grc' dir='ltr'><strong>εἰς</strong></span> <span class='ocrx_word' id='word_1_475' title='bbox 923 3217 1224 3290; x_wconf 80' lang='grc' dir='ltr'>διαφθορὰν</span> <span class='ocrx_word' id='word_1_476' title='bbox 1271 3219 1670 3292; x_wconf 82' lang='grc' dir='ltr'>ἀλλοιούμενος·</span> <span class='ocrx_word' id='word_1_477' title='bbox 1696 3218 1711 3231; x_wconf 66' lang='grc'>”</span> 
     </span>
    </p>
   </div>
   <div class='ocr_carea' id='block_1_65' title="bbox 85 3305 1676 3384">
    <p class='ocr_par' dir='ltr' id='par_1_65' title="bbox 85 3305 1676 3384">
     <span class='ocr_line' id='line_1_65' title="bbox 85 3305 1676 3384; baseline 0.005 -26"><span class='ocrx_word' id='word_1_478' title='bbox 85 3307 189 3360; x_wconf 78' lang='grc' dir='ltr'><strong>καὶ</strong></span> <span class='ocrx_word' id='word_1_479' title='bbox 213 3307 270 3359; x_wconf 85' lang='grc' dir='ltr'><strong>τί</strong></span> <span class='ocrx_word' id='word_1_480' title='bbox 304 3306 474 3359; x_wconf 88' lang='grc' dir='ltr'>ποιῶν</span> <span class='ocrx_word' id='word_1_481' title='bbox 501 3305 756 3376; x_wconf 79' lang='grc' dir='ltr'>ζωογονεῖ</span> <span class='ocrx_word' id='word_1_482' title='bbox 776 3308 855 3379; x_wconf 83' lang='grc' dir='ltr'>τῷ</span> <span class='ocrx_word' id='word_1_483' title='bbox 891 3310 1007 3380; x_wconf 83' lang='grc' dir='ltr'>ἰδίῳ</span> <span class='ocrx_word' id='word_1_484' title='bbox 1038 3310 1172 3381; x_wconf 78' lang='grc' dir='ltr'>οἴκῳ</span> <span class='ocrx_word' id='word_1_485' title='bbox 1201 3310 1303 3384; x_wconf 80' lang='grc' dir='ltr'><strong>τὴν</strong></span> <span class='ocrx_word' id='word_1_486' title='bbox 1335 3311 1444 3365; x_wconf 90' lang='grc' dir='ltr'><strong>τῶν</strong></span> <span class='ocrx_word' id='word_1_487' title='bbox 1471 3313 1676 3384; x_wconf 80' lang='grc' dir='ltr'>βατρά-</span> 
     </span>
    </p>
   </div>
   <div class='ocr_carea' id='block_1_66' title="bbox 86 3398 1673 3474">
    <p class='ocr_par' dir='ltr' id='par_1_66' title="bbox 86 3398 1673 3474">
     <span class='ocr_line' id='line_1_66' title="bbox 86 3398 1673 3474; baseline 0.005 -24"><span class='ocrx_word' id='word_1_488' title='bbox 86 3416 204 3468; x_wconf 88' lang='grc' dir='ltr'><strong>χων</strong></span> <span class='ocrx_word' id='word_1_489' title='bbox 239 3398 526 3450; x_wconf 74' lang='grc' dir='ltr'>δυσωδίανο</span> <span class='ocrx_word' id='word_1_490' title='bbox 555 3399 651 3452; x_wconf 75' lang='grc' dir='ltr'><strong>καὶ</strong></span> <span class='ocrx_word' id='word_1_491' title='bbox 680 3398 797 3462; x_wconf 86' lang='grc' dir='ltr'><strong>πῶς</strong></span> <span class='ocrx_word' id='word_1_492' title='bbox 825 3405 1111 3471; x_wconf 85' lang='grc' dir='ltr'>μεταποιεῖ</span> <span class='ocrx_word' id='word_1_493' title='bbox 1135 3403 1227 3456; x_wconf 85' lang='grc' dir='ltr'><strong>τὸν</strong></span> <span class='ocrx_word' id='word_1_494' title='bbox 1251 3405 1510 3473; x_wconf 70' lang='grc' dir='ltr'>φωτεινόν</span> <span class='ocrx_word' id='word_1_495' title='bbox 1538 3405 1673 3474; x_wconf 78' lang='grc' dir='ltr'>βίον,</span> 
     </span>
    </p>
   </div>
   <div class='ocr_carea' id='block_1_67' title="bbox 88 3488 1675 3567">
    <p class='ocr_par' dir='ltr' id='par_1_67' title="bbox 88 3488 1675 3567">
     <span class='ocr_line' id='line_1_67' title="bbox 88 3488 1675 3567; baseline 0.006 -26"><span class='ocrx_word' id='word_1_496' title='bbox 88 3491 172 3553; x_wconf 87' lang='grc' dir='ltr'><strong>εἰς</strong></span> <span class='ocrx_word' id='word_1_497' title='bbox 196 3489 342 3559; x_wconf 79' lang='grc' dir='ltr'>ἔργα</span> <span class='ocrx_word' id='word_1_498' title='bbox 372 3490 528 3543; x_wconf 78' lang='grc' dir='ltr'>νυκτὶ</span> <span class='ocrx_word' id='word_1_499' title='bbox 569 3489 699 3559; x_wconf 81' lang='grc' dir='ltr'>φίλα</span> <span class='ocrx_word' id='word_1_500' title='bbox 726 3493 817 3543; x_wconf 74' lang='grc' dir='ltr'>καὶ</span> <span class='ocrx_word' id='word_1_501' title='bbox 851 3488 1084 3564; x_wconf 82' lang='grc' dir='ltr'>ζοφώδη,</span> <span class='ocrx_word' id='word_1_502' title='bbox 1117 3493 1184 3547; x_wconf 91' lang='grc' dir='ltr'>δι’</span> <span class='ocrx_word' id='word_1_503' title='bbox 1219 3490 1294 3548; x_wconf 83' lang='grc' dir='ltr'>ὧν</span> <span class='ocrx_word' id='word_1_504' title='bbox 1324 3498 1358 3566; x_wconf 82' lang='grc' dir='ltr'>ἡ</span> <span class='ocrx_word' id='word_1_505' title='bbox 1393 3496 1492 3567; x_wconf 84' lang='grc' dir='ltr'>τῆς</span> <span class='ocrx_word' id='word_1_506' title='bbox 1520 3497 1675 3565; x_wconf 87' lang='grc' dir='ltr'>γεέν-</span> 
     </span>
    </p>
   </div>
   <div class='ocr_carea' id='block_1_68' title="bbox 90 3582 1674 3658">
    <p class='ocr_par' dir='ltr' id='par_1_68' title="bbox 90 3582 1674 3658">
     <span class='ocr_line' id='line_1_68' title="bbox 90 3582 1674 3658; baseline 0.005 -24"><span class='ocrx_word' id='word_1_507' title='bbox 90 3601 191 3652; x_wconf 80' lang='grc' dir='ltr'><strong>νης</strong></span> <span class='ocrx_word' id='word_1_508' title='bbox 219 3582 457 3651; x_wconf 80' lang='grc' dir='ltr'>κάμινος</span> <span class='ocrx_word' id='word_1_509' title='bbox 480 3582 579 3647; x_wconf 73' lang='grc' dir='ltr'>τὰς</span> <span class='ocrx_word' id='word_1_510' title='bbox 605 3583 844 3656; x_wconf 84' lang='grc' dir='ltr'>πονηρὰς</span> <span class='ocrx_word' id='word_1_511' title='bbox 863 3587 963 3656; x_wconf 84' lang='grc' dir='ltr'>τῆς</span> <span class='ocrx_word' id='word_1_512' title='bbox 981 3586 1356 3658; x_wconf 87' lang='grc' dir='ltr'>κατακρίσεως</span> <span class='ocrx_word' id='word_1_513' title='bbox 1381 3587 1674 3657; x_wconf 82' lang='grc' dir='ltr'>φλυκτίδας</span> 
     </span>
    </p>
   </div>
   <div class='ocr_carea' id='block_1_69' title="bbox 90 3674 1674 3739">
    <p class='ocr_par' dir='ltr' id='par_1_69' title="bbox 90 3674 1674 3739">
     <span class='ocr_line' id='line_1_69' title="bbox 90 3674 1674 3739; baseline 0.004 -13"><span class='ocrx_word' id='word_1_514' title='bbox 90 3674 352 3738; x_wconf 77' lang='grc' dir='ltr'>ἀναζέειν</span> <span class='ocrx_word' id='word_1_515' title='bbox 395 3677 573 3739; x_wconf 87' lang='grc' dir='ltr'>ποιεῖ;</span> <span class='ocrx_word' id='word_1_516' title='bbox 604 3675 760 3729; x_wconf 77' lang='grc' dir='ltr'>Οὕτω</span> <span class='ocrx_word' id='word_1_517' title='bbox 792 3675 849 3728; x_wconf 84' lang='grc' dir='ltr'>δὲ</span> <span class='ocrx_word' id='word_1_518' title='bbox 881 3677 975 3731; x_wconf 75' lang='grc' dir='ltr'>καὶ</span> <span class='ocrx_word' id='word_1_519' title='bbox 998 3677 1065 3730; x_wconf 83' lang='grc' dir='ltr'>τὰ</span> <span class='ocrx_word' id='word_1_520' title='bbox 1080 3678 1200 3731; x_wconf 84' lang='grc' dir='ltr'>καθ’</span> <span class='ocrx_word' id='word_1_521' title='bbox 1225 3678 1456 3732; x_wconf 74' lang='grc' dir='ltr'>ἕκαστον</span> <span class='ocrx_word' id='word_1_522' title='bbox 1476 3679 1586 3733; x_wconf 88' lang='grc' dir='ltr'><strong>τῶν</strong></span> <span class='ocrx_word' id='word_1_523' title='bbox 1615 3680 1674 3732; x_wconf 84' lang='grc' dir='ltr'><strong>ἐν</strong></span> 
     </span>
    </p>
   </div>
   <div class='ocr_carea' id='block_1_70' title="bbox 93 3766 1677 3840">
    <p class='ocr_par' dir='ltr' id='par_1_70' title="bbox 93 3766 1677 3840">
     <span class='ocr_line' id='line_1_70' title="bbox 93 3766 1677 3840; baseline 0.005 -22"><span class='ocrx_word' id='word_1_524' title='bbox 93 3766 365 3835; x_wconf 73' lang='grc' dir='ltr'>Αἰγύπτῳ</span> <span class='ocrx_word' id='word_1_525' title='bbox 401 3767 585 3820; x_wconf 76' lang='grc' dir='ltr'>κακῶν</span> <span class='ocrx_word' id='word_1_526' title='bbox 613 3769 791 3840; x_wconf 78' lang='grc' dir='ltr'>ῥᾴδιον</span> <span class='ocrx_word' id='word_1_527' title='bbox 834 3769 1154 3839; x_wconf 78' lang='grc' dir='ltr'>μεταϐαλεῖν</span> <span class='ocrx_word' id='word_1_528' title='bbox 1183 3773 1264 3835; x_wconf 88' lang='grc' dir='ltr'><strong>εἰς</strong></span> <span class='ocrx_word' id='word_1_529' title='bbox 1309 3772 1588 3827; x_wconf 76' lang='grc' dir='ltr'>παίδευσιν</span> <span class='ocrx_word' id='word_1_530' title='bbox 1617 3790 1677 3826; x_wconf 88' lang='grc' dir='ltr'><strong>τε</strong></span> 
     </span>
    </p>
   </div>
   <div class='ocr_carea' id='block_1_71' title="bbox 91 3860 1680 3936">
    <p class='ocr_par' dir='ltr' id='par_1_71' title="bbox 91 3860 1680 3936">
     <span class='ocr_line' id='line_1_71' title="bbox 91 3860 1680 3936; baseline 0.004 -24"><span class='ocrx_word' id='word_1_531' title='bbox 91 3862 190 3912; x_wconf 73' lang='grc' dir='ltr'><strong>καὶ</strong></span> <span class='ocrx_word' id='word_1_532' title='bbox 240 3860 618 3931; x_wconf 68' lang='grc' dir='ltr'>σωφρονισμὸν</span> <span class='ocrx_word' id='word_1_533' title='bbox 656 3862 750 3916; x_wconf 81' lang='grc' dir='ltr'>τοῦ</span> <span class='ocrx_word' id='word_1_534' title='bbox 782 3862 1089 3930; x_wconf 84' lang='grc' dir='ltr'>ἀκούοντος,</span> <span class='ocrx_word' id='word_1_535' title='bbox 1129 3863 1267 3918; x_wconf 83' lang='grc' dir='ltr'>ἀλλὰ</span> <span class='ocrx_word' id='word_1_536' title='bbox 1313 3865 1566 3936; x_wconf 69' lang='grc' dir='ltr'>περιττὸν</span> <span class='ocrx_word' id='word_1_537' title='bbox 1614 3865 1680 3919; x_wconf 85' lang='grc' dir='ltr'><strong>ἂν</strong></span> 
     </span>
    </p>
   </div>
   <div class='ocr_carea' id='block_1_72' title="bbox 94 3948 1536 4023">
    <p class='ocr_par' dir='ltr' id='par_1_72' title="bbox 94 3948 1536 4023">
     <span class='ocr_line' id='line_1_72' title="bbox 94 3948 1536 4023; baseline 0.004 -21"><span class='ocrx_word' id='word_1_538' title='bbox 94 3948 181 4020; x_wconf 76' lang='grc' dir='ltr'><strong>εἴη</strong></span> <span class='ocrx_word' id='word_1_539' title='bbox 218 3949 485 4020; x_wconf 79' lang='grc' dir='ltr'>μηκύνειν</span> <span class='ocrx_word' id='word_1_540' title='bbox 517 3950 604 4003; x_wconf 84' lang='grc' dir='ltr'><strong>διὰ</strong></span> <span class='ocrx_word' id='word_1_541' title='bbox 637 3951 746 4004; x_wconf 89' lang='grc' dir='ltr'><strong>τῶν</strong></span> <span class='ocrx_word' id='word_1_542' title='bbox 774 3951 1217 4023; x_wconf 87' lang='grc' dir='ltr'>ὁμολογουμένων</span> <span class='ocrx_word' id='word_1_543' title='bbox 1244 3953 1334 4006; x_wconf 80' lang='grc' dir='ltr'><strong>τὸν</strong></span> <span class='ocrx_word' id='word_1_544' title='bbox 1361 3953 1536 4022; x_wconf 88' lang='grc' dir='ltr'>λόγον.</span> 
     </span>
    </p>
   </div>
   <div class='ocr_carea' id='block_1_73' title="bbox 169 4040 1680 4117">
    <p class='ocr_par' dir='ltr' id='par_1_73' title="bbox 169 4040 1680 4117">
     <span class='ocr_line' id='line_1_73' title="bbox 169 4040 1680 4117; baseline 0.005 -26"><span class='ocrx_word' id='word_1_545' title='bbox 169 4040 394 4092; x_wconf 83' lang='grc' dir='ltr'>Τούτων</span> <span class='ocrx_word' id='word_1_546' title='bbox 434 4041 611 4096; x_wconf 90' lang='grc' dir='ltr'>τοίνυν</span> <span class='ocrx_word' id='word_1_547' title='bbox 643 4044 736 4096; x_wconf 71' lang='grc' dir='ltr'><strong>καὶ</strong></span> <span class='ocrx_word' id='word_1_548' title='bbox 770 4043 877 4098; x_wconf 89' lang='grc' dir='ltr'><strong>τῶν</strong></span> <span class='ocrx_word' id='word_1_549' title='bbox 908 4045 1165 4098; x_wconf 86' lang='grc' dir='ltr'>τοιούτων</span> <span class='ocrx_word' id='word_1_550' title='bbox 1201 4045 1487 4117; x_wconf 85' lang='grc' dir='ltr'>κρείττους</span> <span class='ocrx_word' id='word_1_551' title='bbox 1527 4046 1680 4115; x_wconf 70' lang='grc' dir='ltr'>γενόο</span> 
     </span>
    </p>
   </div>
   <div class='ocr_carea' id='block_1_74' title="bbox 1777 3209 3350 3282">
    <p class='ocr_par' dir='ltr' id='par_1_74' title="bbox 1777 3209 3350 3282">
     <span class='ocr_line' id='line_1_74' title="bbox 1777 3209 3350 3282; baseline 0.003 -18"><span class='ocrx_word' id='word_1_552' title='bbox 1777 3209 1999 3265; x_wconf 91' lang='lat' dir='ltr'><strong>odorem</strong></span> <span class='ocrx_word' id='word_1_553' title='bbox 2035 3229 2050 3266; x_wconf 87' lang='lat'><strong>:</strong></span> <span class='ocrx_word' id='word_1_554' title='bbox 2101 3219 2158 3267; x_wconf 90' lang='lat' dir='ltr'><strong>et</strong></span> <span class='ocrx_word' id='word_1_555' title='bbox 2187 3212 2646 3282; x_wconf 88' lang='lat' dir='ltr'><strong>quemadmodum</strong></span> <span class='ocrx_word' id='word_1_556' title='bbox 2679 3220 3012 3269; x_wconf 85' lang='lat' dir='ltr'><strong>transmutat</strong></span> <span class='ocrx_word' id='word_1_557' title='bbox 3063 3215 3229 3270; x_wconf 88' lang='lat' dir='ltr'><strong>vitam</strong></span> <span class='ocrx_word' id='word_1_558' title='bbox 3266 3215 3350 3268; x_wconf 91' lang='lat' dir='ltr'><strong>lu-</strong></span> 
     </span>
    </p>
   </div>
   <div class='ocr_carea' id='block_1_75' title="bbox 1779 3301 3350 3375">
    <p class='ocr_par' dir='ltr' id='par_1_75' title="bbox 1779 3301 3350 3375">
     <span class='ocr_line' id='line_1_75' title="bbox 1779 3301 3350 3375; baseline 0.004 -21"><span class='ocrx_word' id='word_1_559' title='bbox 1779 3301 1957 3356; x_wconf 90' lang='lat' dir='ltr'><strong>cidam</strong></span> <span class='ocrx_word' id='word_1_560' title='bbox 1985 3301 2043 3356; x_wconf 89' lang='lat' dir='ltr'><strong>in</strong></span> <span class='ocrx_word' id='word_1_561' title='bbox 2073 3317 2240 3373; x_wconf 88' lang='lat' dir='ltr'><strong>opera</strong></span> <span class='ocrx_word' id='word_1_562' title='bbox 2289 3304 2464 3359; x_wconf 89' lang='lat' dir='ltr'><strong>amica</strong></span> <span class='ocrx_word' id='word_1_563' title='bbox 2493 3305 2642 3359; x_wconf 87' lang='lat' dir='ltr'><strong>nocti</strong></span> <span class='ocrx_word' id='word_1_564' title='bbox 2672 3312 2728 3358; x_wconf 92' lang='lat' dir='ltr'><strong>ct</strong></span> <span class='ocrx_word' id='word_1_565' title='bbox 2770 3305 3033 3370; x_wconf 86' lang='lat' dir='ltr'><strong>tenebris,</strong></span> <span class='ocrx_word' id='word_1_566' title='bbox 3077 3320 3176 3375; x_wconf 89' lang='lat' dir='ltr'><strong>per</strong></span> <span class='ocrx_word' id='word_1_567' title='bbox 3228 3321 3350 3375; x_wconf 81' lang='lat' dir='ltr'><strong>quae</strong></span> 
     </span>
    </p>
   </div>
   <div class='ocr_carea' id='block_1_76' title="bbox 1780 3392 3350 3468">
    <p class='ocr_par' dir='ltr' id='par_1_76' title="bbox 1780 3392 3350 3468">
     <span class='ocr_line' id='line_1_76' title="bbox 1780 3392 3350 3468; baseline 0.004 -23"><span class='ocrx_word' id='word_1_568' title='bbox 1780 3392 1975 3448; x_wconf 81' lang='lat' dir='ltr'><strong>fornax</strong></span> <span class='ocrx_word' id='word_1_569' title='bbox 2039 3395 2301 3465; x_wconf 67' lang='lat' dir='ltr'><strong>gehennae</strong></span> <span class='ocrx_word' id='word_1_570' title='bbox 2369 3394 2501 3450; x_wconf 81' lang='lat' dir='ltr'><strong>facit</strong></span> <span class='ocrx_word' id='word_1_571' title='bbox 2558 3396 2790 3450; x_wconf 88' lang='lat' dir='ltr'><strong>ebullire</strong></span> <span class='ocrx_word' id='word_1_572' title='bbox 2865 3397 3038 3452; x_wconf 88' lang='lat' dir='ltr'><strong>malas</strong></span> <span class='ocrx_word' id='word_1_573' title='bbox 3101 3398 3350 3468; x_wconf 86' lang='lat' dir='ltr'><strong>pustulas</strong></span> 
     </span>
    </p>
   </div>
   <div class='ocr_carea' id='block_1_77' title="bbox 1779 3481 3350 3555">
    <p class='ocr_par' dir='ltr' id='par_1_77' title="bbox 1779 3481 3350 3555">
     <span class='ocr_line' id='line_1_77' title="bbox 1779 3481 3350 3555; baseline 0.003 -21"><span class='ocrx_word' id='word_1_574' title='bbox 1779 3481 2192 3539; x_wconf 85' lang='lat' dir='ltr'><strong>damnationis?</strong></span> <span class='ocrx_word' id='word_1_575' title='bbox 2242 3484 2321 3539; x_wconf 90' lang='lat' dir='ltr'><strong>Ita</strong></span> <span class='ocrx_word' id='word_1_576' title='bbox 2363 3493 2545 3540; x_wconf 91' lang='lat' dir='ltr'><strong>autem</strong></span> <span class='ocrx_word' id='word_1_577' title='bbox 2598 3484 3026 3555; x_wconf 89' lang='lat' dir='ltr'><strong>unumquodque</strong></span> <span class='ocrx_word' id='word_1_578' title='bbox 3071 3500 3134 3540; x_wconf 81' lang='lat' dir='ltr'><strong>ex</strong></span> <span class='ocrx_word' id='word_1_579' title='bbox 3192 3484 3350 3539; x_wconf 88' lang='lat' dir='ltr'><strong>malis</strong></span> 
     </span>
    </p>
   </div>
   <div class='ocr_carea' id='block_1_78' title="bbox 1783 3573 3350 3645">
    <p class='ocr_par' dir='ltr' id='par_1_78' title="bbox 1783 3573 3350 3645">
     <span class='ocr_line' id='line_1_78' title="bbox 1783 3573 3350 3645; baseline 0.003 -19"><span class='ocrx_word' id='word_1_580' title='bbox 1783 3588 1905 3641; x_wconf 74' lang='lat' dir='ltr'><strong>quae</strong></span> <span class='ocrx_word' id='word_1_581' title='bbox 1956 3581 2087 3628; x_wconf 90' lang='lat' dir='ltr'><strong>sunt</strong></span> <span class='ocrx_word' id='word_1_582' title='bbox 2133 3574 2188 3628; x_wconf 93' lang='lat' dir='ltr'><strong>in</strong></span> <span class='ocrx_word' id='word_1_583' title='bbox 2237 3573 2495 3645; x_wconf 67' lang='lat' dir='ltr'><strong>Aﬂgypto,</strong></span> <span class='ocrx_word' id='word_1_584' title='bbox 2550 3574 2711 3630; x_wconf 78' lang='lat' dir='ltr'><strong>facile</strong></span> <span class='ocrx_word' id='word_1_585' title='bbox 2748 3586 2833 3632; x_wconf 88' lang='lat' dir='ltr'><strong>est</strong></span> <span class='ocrx_word' id='word_1_586' title='bbox 2878 3584 3248 3629; x_wconf 85' lang='lat' dir='ltr'><strong>transmutare</strong></span> <span class='ocrx_word' id='word_1_587' title='bbox 3283 3576 3350 3630; x_wconf 89' lang='lat' dir='ltr'><strong>ad</strong></span> 
     </span>
    </p>
   </div>
   <div class='ocr_carea' id='block_1_79' title="bbox 1783 3665 3353 3737">
    <p class='ocr_par' dir='ltr' id='par_1_79' title="bbox 1783 3665 3353 3737">
     <span class='ocr_line' id='line_1_79' title="bbox 1783 3665 3353 3737; baseline 0.001 -19"><span class='ocrx_word' id='word_1_588' title='bbox 1783 3665 2143 3720; x_wconf 90' lang='lat' dir='ltr'><strong>eruditionem</strong></span> <span class='ocrx_word' id='word_1_589' title='bbox 2179 3673 2234 3721; x_wconf 92' lang='lat' dir='ltr'><strong>et</strong></span> <span class='ocrx_word' id='word_1_590' title='bbox 2262 3667 2690 3737; x_wconf 86' lang='lat' dir='ltr'><strong>castigationem</strong></span> <span class='ocrx_word' id='word_1_591' title='bbox 2718 3667 3007 3722; x_wconf 86' lang='lat' dir='ltr'><strong>auditoris.</strong></span> <span class='ocrx_word' id='word_1_592' title='bbox 3048 3666 3151 3722; x_wconf 85' lang='lat' dir='ltr'><strong>Sed</strong></span> <span class='ocrx_word' id='word_1_593' title='bbox 3188 3669 3353 3722; x_wconf 77' lang='lat' dir='ltr'><strong>fuerit</strong></span> 
     </span>
    </p>
   </div>
   <div class='ocr_carea' id='block_1_80' title="bbox 1785 3757 3353 3826">
    <p class='ocr_par' dir='ltr' id='par_1_80' title="bbox 1785 3757 3353 3826">
     <span class='ocr_line' id='line_1_80' title="bbox 1785 3757 3353 3826; baseline 0.001 -16"><span class='ocrx_word' id='word_1_594' title='bbox 1785 3769 2248 3824; x_wconf 86' lang='lat' dir='ltr'><strong>supervacaneum</strong></span> <span class='ocrx_word' id='word_1_595' title='bbox 2305 3757 2598 3812; x_wconf 82' lang='lat' dir='ltr'><strong>extendere</strong></span> <span class='ocrx_word' id='word_1_596' title='bbox 2655 3757 2957 3811; x_wconf 88' lang='lat' dir='ltr'><strong>orationem</strong></span> <span class='ocrx_word' id='word_1_597' title='bbox 3021 3772 3118 3826; x_wconf 90' lang='lat' dir='ltr'><strong>per</strong></span> <span class='ocrx_word' id='word_1_598' title='bbox 3162 3772 3228 3813; x_wconf 89' lang='lat' dir='ltr'><strong>ea</strong></span> <span class='ocrx_word' id='word_1_599' title='bbox 3283 3758 3353 3811; x_wconf 84' lang='lat' dir='ltr'><strong>de</strong></span> 
     </span>
    </p>
   </div>
   <div class='ocr_carea' id='block_1_81' title="bbox 1785 3847 2255 3916">
    <p class='ocr_par' dir='ltr' id='par_1_81' title="bbox 1785 3847 2255 3916">
     <span class='ocr_line' id='line_1_81' title="bbox 1785 3847 2255 3916; baseline 0 -16"><span class='ocrx_word' id='word_1_600' title='bbox 1785 3847 1990 3916; x_wconf 91' lang='lat' dir='ltr'><strong>quibus</strong></span> <span class='ocrx_word' id='word_1_601' title='bbox 2018 3853 2255 3903; x_wconf 87' lang='lat' dir='ltr'><strong>constat.</strong></span> 
     </span>
    </p>
   </div>
   <div class='ocr_carea' id='block_1_82' title="bbox 1848 4047 3339 4120">
    <p class='ocr_par' dir='ltr' id='par_1_82' title="bbox 1848 4047 3339 4120">
     <span class='ocr_line' id='line_1_82' title="bbox 1848 4047 3339 4120; baseline -0.001 -16"><span class='ocrx_word' id='word_1_602' title='bbox 1848 4047 1987 4104; x_wconf 87' lang='lat' dir='ltr'><strong>Cum</strong></span> <span class='ocrx_word' id='word_1_603' title='bbox 2007 4047 2096 4104; x_wconf 89' lang='lat' dir='ltr'><strong>his</strong></span> <span class='ocrx_word' id='word_1_604' title='bbox 2121 4063 2251 4120; x_wconf 90' lang='lat' dir='ltr'><strong>ergo</strong></span> <span class='ocrx_word' id='word_1_605' title='bbox 2271 4056 2326 4104; x_wconf 91' lang='lat' dir='ltr'><strong>et</strong></span> <span class='ocrx_word' id='word_1_606' title='bbox 2348 4063 2470 4119; x_wconf 80' lang='lat' dir='ltr'><strong>quae</strong></span> <span class='ocrx_word' id='word_1_607' title='bbox 2498 4055 2626 4104; x_wconf 91' lang='lat' dir='ltr'><strong>sunt</strong></span> <span class='ocrx_word' id='word_1_608' title='bbox 2651 4047 2968 4118; x_wconf 86' lang='lat' dir='ltr'><strong>bujusmodi</strong></span> <span class='ocrx_word' id='word_1_609' title='bbox 2994 4048 3339 4102; x_wconf 86' lang='lat' dir='ltr'><strong>evaserimus</strong></span> 
     </span>
    </p>
   </div>
   <div class='ocr_carea' id='block_1_83' title="bbox 99 4129 1677 4213">
    <p class='ocr_par' dir='ltr' id='par_1_83' title="bbox 99 4129 1677 4204">
     <span class='ocr_line' id='line_1_83' title="bbox 99 4129 1677 4204; baseline 0.006 -23"><span class='ocrx_word' id='word_1_610' title='bbox 99 4146 276 4199; x_wconf 86' lang='grc' dir='ltr'>μενοι,</span> <span class='ocrx_word' id='word_1_611' title='bbox 312 4130 408 4182; x_wconf 77' lang='grc' dir='ltr'><strong>καὶ</strong></span> <span class='ocrx_word' id='word_1_612' title='bbox 438 4129 516 4201; x_wconf 85' lang='grc' dir='ltr'>τῷ</span> <span class='ocrx_word' id='word_1_613' title='bbox 547 4130 667 4200; x_wconf 87' lang='grc' dir='ltr'><strong>Θεῷ</strong></span> <span class='ocrx_word' id='word_1_614' title='bbox 707 4132 1125 4204; x_wconf 83' lang='grc' dir='ltr'>πλησιάσαντες,</span> <span class='ocrx_word' id='word_1_615' title='bbox 1160 4135 1256 4188; x_wconf 73' lang='grc' dir='ltr'><strong>καὶ</strong></span> <span class='ocrx_word' id='word_1_616' title='bbox 1281 4136 1434 4189; x_wconf 77' lang='grc' dir='ltr'><strong>αύτοί¹</strong></span> <span class='ocrx_word' id='word_1_617' title='bbox 1467 4137 1677 4200; x_wconf 81' lang='grc' dir='ltr'>πάντως</span> 
     </span>
    </p>
   </div>
   <div class='ocr_carea' id='block_1_84' title="bbox 1782 4129 3352 4213">
    <p class='ocr_par' dir='ltr' id='par_1_84' title="bbox 1782 4140 3352 4213">
     <span class='ocr_line' id='line_1_84' title="bbox 1782 4140 3352 4213; baseline -0.003 -16"><span class='ocrx_word' id='word_1_618' title='bbox 1782 4141 2095 4212; x_wconf 88' lang='lat' dir='ltr'><strong>superiores</strong></span> <span class='ocrx_word' id='word_1_619' title='bbox 2114 4183 2130 4208; x_wconf 93' lang='lat'><strong>,</strong></span> <span class='ocrx_word' id='word_1_620' title='bbox 2160 4149 2217 4196; x_wconf 90' lang='lat' dir='ltr'><strong>et</strong></span> <span class='ocrx_word' id='word_1_621' title='bbox 2246 4141 2356 4197; x_wconf 91' lang='lat' dir='ltr'><strong>Deo</strong></span> <span class='ocrx_word' id='word_1_622' title='bbox 2387 4140 3011 4213; x_wconf 88' lang='lat' dir='ltr'><strong>appr0pinquaverimus</strong></span> <span class='ocrx_word' id='word_1_623' title='bbox 3035 4179 3050 4203; x_wconf 92' lang='lat'><strong>,</strong></span> <span class='ocrx_word' id='word_1_624' title='bbox 3078 4140 3182 4209; x_wconf 89' lang='lat' dir='ltr'><strong>ipsi</strong></span> <span class='ocrx_word' id='word_1_625' title='bbox 3212 4155 3352 4209; x_wconf 93' lang='lat' dir='ltr'><strong>quo-</strong></span> 
     </span>
    </p>
   </div>
   <div class='ocr_carea' id='block_1_85' title="bbox 94 4222 1677 4301">
    <p class='ocr_par' dir='ltr' id='par_1_85' title="bbox 94 4222 1677 4297">
     <span class='ocr_line' id='line_1_85' title="bbox 94 4222 1677 4297; baseline 0.004 -22"><span class='ocrx_word' id='word_1_626' title='bbox 94 4222 471 4292; x_wconf 81' lang='grc' dir='ltr'>ἁκουσόμεθα·</span> <span class='ocrx_word' id='word_1_627' title='bbox 505 4224 584 4278; x_wconf 84' lang='grc' dir='ltr'>ὅτι</span> <span class='ocrx_word' id='word_1_628' title='bbox 618 4223 698 4295; x_wconf 76' lang='grc' dir='ltr'><strong>Τῇ</strong></span> <span class='ocrx_word' id='word_1_629' title='bbox 728 4227 890 4292; x_wconf 78' lang='grc' dir='ltr'>ἵππῳ</span> <span class='ocrx_word' id='word_1_630' title='bbox 924 4245 1045 4296; x_wconf 81' lang='grc' dir='ltr'><strong>μου</strong></span> <span class='ocrx_word' id='word_1_631' title='bbox 1085 4227 1156 4280; x_wconf 85' lang='grc' dir='ltr'><strong>ἐν</strong></span> <span class='ocrx_word' id='word_1_632' title='bbox 1205 4226 1431 4297; x_wconf 78' lang='grc' dir='ltr'>ἅρμασι</span> <span class='ocrx_word' id='word_1_633' title='bbox 1472 4228 1677 4296; x_wconf 82' lang='grc' dir='ltr'>Φαραὼ</span> 
     </span>
    </p>
   </div>
   <div class='ocr_carea' id='block_1_86' title="bbox 1782 4222 3349 4301">
    <p class='ocr_par' dir='ltr' id='par_1_86' title="bbox 1782 4227 3349 4301">
     <span class='ocr_line' id='line_1_86' title="bbox 1782 4227 3349 4301; baseline -0.002 -17"><span class='ocrx_word' id='word_1_634' title='bbox 1782 4247 1888 4301; x_wconf 91' lang='lat' dir='ltr'><strong>que</strong></span> <span class='ocrx_word' id='word_1_635' title='bbox 1915 4230 2143 4285; x_wconf 89' lang='lat' dir='ltr'><strong>omnino</strong></span> <span class='ocrx_word' id='word_1_636' title='bbox 2177 4231 2463 4286; x_wconf 89' lang='lat' dir='ltr'><strong>audiemus</strong></span> <span class='ocrx_word' id='word_1_637' title='bbox 2505 4247 2518 4281; x_wconf 92' lang='lat'><strong>:</strong></span> <span class='ocrx_word' id='word_1_638' title='bbox 2567 4229 2845 4300; x_wconf 82' lang='lat' dir='ltr'><strong>Equitatui</strong></span> <span class='ocrx_word' id='word_1_639' title='bbox 2876 4246 2991 4284; x_wconf 82' lang='lat' dir='ltr'><strong>meo</strong></span> <span class='ocrx_word' id='word_1_640' title='bbox 3023 4230 3079 4283; x_wconf 76' lang='lat' dir='ltr'><strong>in</strong></span> <span class='ocrx_word' id='word_1_641' title='bbox 3105 4227 3349 4282; x_wconf 81' lang='lat' dir='ltr'><strong>curribus</strong></span> 
     </span>
    </p>
   </div>
   <div class='ocr_carea' id='block_1_87' title="bbox 93 4313 1677 4396">
    <p class='ocr_par' dir='ltr' id='par_1_87' title="bbox 93 4313 1677 4388">
     <span class='ocr_line' id='line_1_87' title="bbox 93 4313 1677 4388; baseline 0.005 -24"><span class='ocrx_word' id='word_1_642' title='bbox 93 4313 383 4380; x_wconf 81' lang='grc' dir='ltr'>ὡμοιωσά</span> <span class='ocrx_word' id='word_1_643' title='bbox 409 4329 502 4376; x_wconf 84' lang='grc' dir='ltr'><strong>σε,</strong></span> <span class='ocrx_word' id='word_1_644' title='bbox 533 4315 572 4382; x_wconf 78' lang='grc' dir='ltr'><strong><em>ἠ</em></strong></span> <span class='ocrx_word' id='word_1_645' title='bbox 618 4317 883 4382; x_wconf 78' lang='grc' dir='ltr'>πλησίον</span> <span class='ocrx_word' id='word_1_646' title='bbox 922 4335 1062 4386; x_wconf 80' lang='grc' dir='ltr'>μου.</span> <span class='ocrx_word' id='word_1_647' title='bbox 1125 4317 1286 4370; x_wconf 85' lang='grc' dir='ltr'>Ἀλλὰ</span> <span class='ocrx_word' id='word_1_648' title='bbox 1326 4318 1486 4372; x_wconf 86' lang='grc' dir='ltr'>λυπεῖ</span> <span class='ocrx_word' id='word_1_649' title='bbox 1519 4319 1677 4388; x_wconf 84' lang='grc' dir='ltr'>τυχὸν</span> 
     </span>
    </p>
   </div>
   <div class='ocr_carea' id='block_1_88' title="bbox 1782 4313 3347 4396">
    <p class='ocr_par' dir='ltr' id='par_1_88' title="bbox 1787 4321 3347 4393">
     <span class='ocr_line' id='line_1_88' title="bbox 1787 4321 3347 4393; baseline -0.003 -16"><span class='ocrx_word' id='word_1_650' title='bbox 1787 4323 2088 4379; x_wconf 77' lang='lat' dir='ltr'><strong>Pharaonis</strong></span> <span class='ocrx_word' id='word_1_651' title='bbox 2119 4333 2169 4377; x_wconf 80' lang='lat' dir='ltr'><strong>te</strong></span> <span class='ocrx_word' id='word_1_652' title='bbox 2188 4323 2506 4386; x_wconf 79' lang='lat' dir='ltr'><strong>assimilavi,</strong></span> <span class='ocrx_word' id='word_1_653' title='bbox 2526 4324 2817 4393; x_wconf 82' lang='lat' dir='ltr'><strong>propinqua</strong></span> <span class='ocrx_word' id='word_1_654' title='bbox 2845 4339 2982 4388; x_wconf 90' lang='lat' dir='ltr'><strong>mea;</strong></span> <span class='ocrx_word' id='word_1_655' title='bbox 3009 4322 3103 4378; x_wconf 86' lang='lat' dir='ltr'><strong>sed</strong></span> <span class='ocrx_word' id='word_1_656' title='bbox 3127 4338 3222 4377; x_wconf 91' lang='lat' dir='ltr'><strong>eos</strong></span> <span class='ocrx_word' id='word_1_657' title='bbox 3253 4321 3347 4391; x_wconf 90' lang='lat' dir='ltr'><strong>qui</strong></span> 
     </span>
    </p>
   </div>
   <div class='ocr_carea' id='block_1_89' title="bbox 94 4405 1678 4481">
    <p class='ocr_par' dir='ltr' id='par_1_89' title="bbox 94 4405 1678 4481">
     <span class='ocr_line' id='line_1_89' title="bbox 94 4405 1678 4481; baseline 0.004 -24"><span class='ocrx_word' id='word_1_658' title='bbox 94 4407 230 4468; x_wconf 71' lang='grc' dir='ltr'>τοὺς</span> <span class='ocrx_word' id='word_1_659' title='bbox 276 4405 562 4478; x_wconf 77' lang='grc' dir='ltr'>σώφρονας</span> <span class='ocrx_word' id='word_1_660' title='bbox 610 4409 704 4461; x_wconf 73' lang='grc' dir='ltr'><strong>καὶ</strong></span> <span class='ocrx_word' id='word_1_661' title='bbox 749 4409 986 4479; x_wconf 83' lang='grc' dir='ltr'>καθαρὸν</span> <span class='ocrx_word' id='word_1_662' title='bbox 1033 4409 1406 4481; x_wconf 80' lang='grc' dir='ltr'>ὲξησκηκότας</span> <span class='ocrx_word' id='word_1_663' title='bbox 1458 4410 1590 4480; x_wconf 85' lang='grc' dir='ltr'>βίον.</span> <span class='ocrx_word' id='word_1_664' title='bbox 1644 4411 1678 4481; x_wconf 83' lang='grc' dir='ltr'>ἡ</span> 
     </span>
    </p>
   </div>
   <div class='ocr_carea' id='block_1_90' title="bbox 95 4497 1680 4573">
    <p class='ocr_par' dir='ltr' id='par_1_90' title="bbox 95 4497 1680 4573">
     <span class='ocr_line' id='line_1_90' title="bbox 95 4497 1680 4573; baseline 0.004 -23"><span class='ocrx_word' id='word_1_665' title='bbox 95 4498 241 4568; x_wconf 72' lang='grc' dir='ltr'>πρὸς</span> <span class='ocrx_word' id='word_1_666' title='bbox 263 4497 356 4550; x_wconf 83' lang='grc' dir='ltr'><strong>τὸν</strong></span> <span class='ocrx_word' id='word_1_667' title='bbox 383 4497 547 4551; x_wconf 78' lang='grc' dir='ltr'>ἵππον</span> <span class='ocrx_word' id='word_1_668' title='bbox 576 4500 851 4569; x_wconf 62' lang='grc' dir='ltr'>όμοὲωσιςο</span> <span class='ocrx_word' id='word_1_669' title='bbox 877 4499 1010 4554; x_wconf 88' lang='grc' dir='ltr'>διότι</span> <span class='ocrx_word' id='word_1_670' title='bbox 1041 4501 1224 4555; x_wconf 81' lang='grc' dir='ltr'>πολλοὶ</span> <span class='ocrx_word' id='word_1_671' title='bbox 1245 4502 1351 4554; x_wconf 89' lang='grc' dir='ltr'><strong>τῶν</strong></span> <span class='ocrx_word' id='word_1_672' title='bbox 1385 4502 1680 4573; x_wconf 80' lang='grc' dir='ltr'>προφητῶν</span> 
     </span>
    </p>
   </div>
   <div class='ocr_carea' id='block_1_91' title="bbox 97 4586 1680 4662">
    <p class='ocr_par' dir='ltr' id='par_1_91' title="bbox 97 4586 1680 4662">
     <span class='ocr_line' id='line_1_91' title="bbox 97 4586 1680 4662; baseline 0.006 -23"><span class='ocrx_word' id='word_1_673' title='bbox 97 4586 541 4658; x_wconf 81' lang='grc' dir='ltr'>ἀπαγορεύουσιν</span> <span class='ocrx_word' id='word_1_674' title='bbox 575 4592 704 4660; x_wconf 83' lang='grc' dir='ltr'>ἡμῖν</span> <span class='ocrx_word' id='word_1_675' title='bbox 736 4590 796 4643; x_wconf 85' lang='grc' dir='ltr'><strong>τὸ</strong></span> <span class='ocrx_word' id='word_1_676' title='bbox 837 4591 1151 4662; x_wconf 75' lang='grc' dir='ltr'>ὁμοιοῦσθαι</span> <span class='ocrx_word' id='word_1_677' title='bbox 1192 4596 1304 4656; x_wconf 85' lang='grc' dir='ltr'>τοῖς</span> <span class='ocrx_word' id='word_1_678' title='bbox 1347 4595 1554 4659; x_wconf 82' lang='grc' dir='ltr'>ἵπποις,</span> <span class='ocrx_word' id='word_1_679' title='bbox 1587 4589 1680 4648; x_wconf 80' lang='lat'><strong>106</strong></span> 
     </span>
    </p>
   </div>
   <div class='ocr_carea' id='block_1_92' title="bbox 99 4679 1683 4754">
    <p class='ocr_par' dir='ltr' id='par_1_92' title="bbox 99 4679 1683 4754">
     <span class='ocr_line' id='line_1_92' title="bbox 99 4679 1683 4754; baseline 0.001 -20"><span class='ocrx_word' id='word_1_680' title='bbox 99 4683 203 4750; x_wconf 71' lang='grc' dir='ltr'><strong>μὲν</strong></span> <span class='ocrx_word' id='word_1_681' title='bbox 254 4679 521 4750; x_wconf 83' lang='grc' dir='ltr'>Ἱερεμίου</span> <span class='ocrx_word' id='word_1_682' title='bbox 546 4680 644 4751; x_wconf 81' lang='grc' dir='ltr'><strong>τὴν</strong></span> <span class='ocrx_word' id='word_1_683' title='bbox 689 4683 939 4753; x_wconf 79' lang='grc' dir='ltr'>μοιχικὴν</span> <span class='ocrx_word' id='word_1_684' title='bbox 979 4681 1183 4736; x_wconf 89' lang='grc' dir='ltr'>λύσσαν</span> <span class='ocrx_word' id='word_1_685' title='bbox 1217 4682 1296 4752; x_wconf 83' lang='grc' dir='ltr'>τῷ</span> <span class='ocrx_word' id='word_1_686' title='bbox 1322 4684 1545 4754; x_wconf 88' lang='grc' dir='ltr'>ὀνόματι</span> <span class='ocrx_word' id='word_1_687' title='bbox 1572 4685 1683 4740; x_wconf 89' lang='grc' dir='ltr'><strong>τῶν</strong></span> 
     </span>
    </p>
   </div>
   <div class='ocr_carea' id='block_1_93' title="bbox 98 4768 1684 4844">
    <p class='ocr_par' dir='ltr' id='par_1_93' title="bbox 98 4768 1684 4844">
     <span class='ocr_line' id='line_1_93' title="bbox 98 4768 1684 4844; baseline 0.005 -22"><span class='ocrx_word' id='word_1_688' title='bbox 98 4773 289 4824; x_wconf 83' lang='grc' dir='ltr'>ἵππων</span> <span class='ocrx_word' id='word_1_689' title='bbox 320 4771 784 4840; x_wconf 76' lang='grc' dir='ltr'>διασημᾶναντος,</span> <span class='ocrx_word' id='word_1_690' title='bbox 821 4774 878 4825; x_wconf 85' lang='grc' dir='ltr'>ὲν</span> <span class='ocrx_word' id='word_1_691' title='bbox 914 4768 996 4836; x_wconf 75' lang='grc' dir='ltr'>οἷς</span> <span class='ocrx_word' id='word_1_692' title='bbox 1024 4789 1206 4842; x_wconf 83' lang='grc' dir='ltr'>φησιν·</span> <span class='ocrx_word' id='word_1_693' title='bbox 1251 4774 1458 4828; x_wconf 80' lang='grc' dir='ltr'>Ἵπποι</span> <span class='ocrx_word' id='word_1_694' title='bbox 1499 4779 1684 4844; x_wconf 80' lang='grc' dir='ltr'>θηλυ-</span> 
     </span>
    </p>
   </div>
   <div class='ocr_carea' id='block_1_94' title="bbox 95 4860 1682 4934">
    <p class='ocr_par' dir='ltr' id='par_1_94' title="bbox 95 4860 1682 4934">
     <span class='ocr_line' id='line_1_94' title="bbox 95 4860 1682 4934; baseline 0.002 -18"><span class='ocrx_word' id='word_1_695' title='bbox 95 4860 314 4931; x_wconf 76' lang='grc' dir='ltr'>μανεῖς</span> <span class='ocrx_word' id='word_1_696' title='bbox 331 4860 728 4929; x_wconf 73' lang='grc' dir='ltr'>ἐγενήθησαν,</span> <span class='ocrx_word' id='word_1_697' title='bbox 754 4863 1011 4929; x_wconf 79' lang='grc' dir='ltr'>ἕκαστος</span> <span class='ocrx_word' id='word_1_698' title='bbox 1030 4863 1128 4917; x_wconf 82' lang='grc' dir='ltr'><strong>ἐπὶ</strong></span> <span class='ocrx_word' id='word_1_699' title='bbox 1157 4863 1270 4932; x_wconf 79' lang='grc' dir='ltr'><strong>τὴν</strong></span> <span class='ocrx_word' id='word_1_700' title='bbox 1299 4865 1551 4934; x_wconf 79' lang='grc' dir='ltr'>γυναῖκα</span> <span class='ocrx_word' id='word_1_701' title='bbox 1576 4866 1682 4919; x_wconf 85' lang='grc' dir='ltr'>τοῦ</span> 
     </span>
    </p>
   </div>
   <div class='ocr_carea' id='block_1_95' title="bbox 100 4952 1684 5025">
    <p class='ocr_par' dir='ltr' id='par_1_95' title="bbox 100 4952 1684 5025">
     <span class='ocr_line' id='line_1_95' title="bbox 100 4952 1684 5025; baseline 0.003 -20"><span class='ocrx_word' id='word_1_702' title='bbox 100 4953 378 5018; x_wconf 77' lang='grc' dir='ltr'>πλησίον</span> <span class='ocrx_word' id='word_1_703' title='bbox 407 4952 595 5006; x_wconf 83' lang='grc' dir='ltr'>αὑτοῦ</span> <span class='ocrx_word' id='word_1_704' title='bbox 626 4953 971 5024; x_wconf 50' lang='grc' dir='ltr'>ἐχρεμέτιζε</span> <span class='ocrx_word' id='word_1_705' title='bbox 1018 4953 1113 5007; x_wconf 89' lang='lat'><strong>106</strong></span> <span class='ocrx_word' id='word_1_706' title='bbox 1139 4955 1196 5008; x_wconf 84' lang='grc' dir='ltr'>δὲ</span> <span class='ocrx_word' id='word_1_707' title='bbox 1237 4955 1473 5025; x_wconf 86' lang='grc' dir='ltr'>μεγάλου</span> <span class='ocrx_word' id='word_1_708' title='bbox 1520 4957 1684 5011; x_wconf 69' lang='grc' dir='ltr'>Δαϐὶδ</span> 
     </span>
    </p>
   </div>
   <div class='ocr_carea' id='block_1_96' title="bbox 101 5043 1683 5118">
    <p class='ocr_par' dir='ltr' id='par_1_96' title="bbox 101 5043 1683 5118">
     <span class='ocr_line' id='line_1_96' title="bbox 101 5043 1683 5118; baseline 0.004 -23"><span class='ocrx_word' id='word_1_709' title='bbox 101 5043 339 5114; x_wconf 73' lang='grc' dir='ltr'>φοϐερὸν</span> <span class='ocrx_word' id='word_1_710' title='bbox 362 5043 683 5115; x_wconf 87' lang='grc' dir='ltr'>ποιουμένου</span> <span class='ocrx_word' id='word_1_711' title='bbox 709 5044 771 5097; x_wconf 85' lang='grc' dir='ltr'><strong>τὸ</strong></span> <span class='ocrx_word' id='word_1_712' title='bbox 796 5045 872 5109; x_wconf 88' lang='grc' dir='ltr'>ὡς</span> <span class='ocrx_word' id='word_1_713' title='bbox 903 5045 1066 5100; x_wconf 79' lang='grc' dir='ltr'>ἵππον</span> <span class='ocrx_word' id='word_1_714' title='bbox 1089 5045 1207 5100; x_wconf 71' lang='grc' dir='ltr'>τινὰ</span> <span class='ocrx_word' id='word_1_715' title='bbox 1235 5047 1328 5100; x_wconf 73' lang='grc' dir='ltr'><strong>καὶ</strong></span> <span class='ocrx_word' id='word_1_716' title='bbox 1356 5048 1580 5118; x_wconf 80' lang='grc' dir='ltr'>ἡμίονον</span> <span class='ocrx_word' id='word_1_717' title='bbox 1605 5047 1683 5116; x_wconf 84' lang='grc' dir='ltr'>γί-</span> 
     </span>
    </p>
   </div>
   <div class='ocr_carea' id='block_1_97' title="bbox 100 5127 1685 5209">
    <p class='ocr_par' dir='ltr' id='par_1_97' title="bbox 100 5127 1685 5209">
     <span class='ocr_line' id='line_1_97' title="bbox 100 5127 1685 5209; baseline 0.004 -24"><span class='ocrx_word' id='word_1_718' title='bbox 100 5133 316 5195; x_wconf 78' lang='grc' dir='ltr'>νεσθαι,</span> <span class='ocrx_word' id='word_1_719' title='bbox 343 5127 420 5185; x_wconf 85' lang='grc' dir='ltr'>ὧν</span> <span class='ocrx_word' id='word_1_720' title='bbox 445 5133 654 5187; x_wconf 88' lang='grc' dir='ltr'>κελεύει</span> <span class='ocrx_word' id='word_1_721' title='bbox 681 5137 975 5205; x_wconf 82' lang='grc' dir='ltr'>κατασχεῖν</span> <span class='ocrx_word' id='word_1_722' title='bbox 1005 5137 1064 5188; x_wconf 86' lang='grc' dir='ltr'>ὲν</span> <span class='ocrx_word' id='word_1_723' title='bbox 1091 5135 1255 5207; x_wconf 87' lang='grc' dir='ltr'>κημῷ</span> <span class='ocrx_word' id='word_1_724' title='bbox 1286 5153 1345 5189; x_wconf 88' lang='grc' dir='ltr'><strong>τε</strong></span> <span class='ocrx_word' id='word_1_725' title='bbox 1367 5139 1462 5191; x_wconf 78' lang='grc' dir='ltr'><strong>καὶ</strong></span> <span class='ocrx_word' id='word_1_726' title='bbox 1482 5137 1685 5209; x_wconf 90' lang='grc' dir='ltr'>χαλινῷ</span> 
     </span>
    </p>
   </div>
   <div class='ocr_carea' id='block_1_98' title="bbox 101 5224 1683 5302">
    <p class='ocr_par' dir='ltr' id='par_1_98' title="bbox 101 5224 1683 5302">
     <span class='ocr_line' id='line_1_98' title="bbox 101 5224 1683 5302; baseline 0.005 -26"><span class='ocrx_word' id='word_1_727' title='bbox 101 5224 204 5284; x_wconf 70' lang='grc' dir='ltr'><strong>τὰς</strong></span> <span class='ocrx_word' id='word_1_728' title='bbox 253 5224 529 5291; x_wconf 87' lang='grc' dir='ltr'>σιαγόνας.</span> <span class='ocrx_word' id='word_1_729' title='bbox 575 5225 674 5280; x_wconf 76' lang='grc' dir='ltr'><strong>Διὰ</strong></span> <span class='ocrx_word' id='word_1_730' title='bbox 718 5226 878 5279; x_wconf 89' lang='lat'><strong>10610</strong></span> <span class='ocrx_word' id='word_1_731' title='bbox 923 5227 1326 5298; x_wconf 86' lang='grc' dir='ltr'>παραμυθεῖται</span> <span class='ocrx_word' id='word_1_732' title='bbox 1365 5229 1444 5301; x_wconf 84' lang='grc' dir='ltr'>τῷ</span> <span class='ocrx_word' id='word_1_733' title='bbox 1482 5232 1683 5302; x_wconf 76' lang='grc' dir='ltr'>ἐφεξῆς</span> 
     </span>
    </p>
   </div>
   <div class='ocr_carea' id='block_1_99' title="bbox 100 5315 1682 5386">
    <p class='ocr_par' dir='ltr' id='par_1_99' title="bbox 100 5315 1682 5386">
     <span class='ocr_line' id='line_1_99' title="bbox 100 5315 1682 5386; baseline 0.005 -18"><span class='ocrx_word' id='word_1_734' title='bbox 100 5317 248 5385; x_wconf 77' lang='grc' dir='ltr'>λόγῳ</span> <span class='ocrx_word' id='word_1_735' title='bbox 280 5315 379 5386; x_wconf 81' lang='grc' dir='ltr'>τὴν</span> <span class='ocrx_word' id='word_1_736' title='bbox 409 5315 662 5386; x_wconf 82' lang='grc' dir='ltr'>τοιαύτην</span> <span class='ocrx_word' id='word_1_737' title='bbox 693 5317 950 5383; x_wconf 83' lang='grc' dir='ltr'>διάνοιαν,</span> <span class='ocrx_word' id='word_1_738' title='bbox 980 5317 1174 5386; x_wconf 76' lang='grc' dir='ltr'>λέγων·</span> <span class='ocrx_word' id='word_1_739' title='bbox 1215 5320 1298 5372; x_wconf 80' lang='grc' dir='ltr'>ὅτι</span> <span class='ocrx_word' id='word_1_740' title='bbox 1327 5321 1403 5372; x_wconf 83' lang='grc' dir='ltr'><strong>Οὐ</strong></span> <span class='ocrx_word' id='word_1_741' title='bbox 1437 5323 1682 5376; x_wconf 81' lang='grc' dir='ltr'>τοιαῦταί</span> 
     </span>
    </p>
   </div>
   <div class='ocr_carea' id='block_1_100' title="bbox 104 5407 1684 5484">
    <p class='ocr_par' dir='ltr' id='par_1_100' title="bbox 104 5407 1684 5484">
     <span class='ocr_line' id='line_1_100' title="bbox 104 5407 1684 5484; baseline 0.004 -24"><span class='ocrx_word' id='word_1_742' title='bbox 104 5424 201 5460; x_wconf 80' lang='grc' dir='ltr'><strong>σου</strong></span> <span class='ocrx_word' id='word_1_743' title='bbox 233 5408 371 5460; x_wconf 71' lang='grc' dir='ltr'>εἰσὶν</span> <span class='ocrx_word' id='word_1_744' title='bbox 396 5408 452 5460; x_wconf 86' lang='grc' dir='ltr'><strong>αἰ</strong></span> <span class='ocrx_word' id='word_1_745' title='bbox 478 5409 740 5477; x_wconf 87' lang='grc' dir='ltr'>σιαγόνες,</span> <span class='ocrx_word' id='word_1_746' title='bbox 771 5410 877 5463; x_wconf 84' lang='grc' dir='ltr'>κᾶν</span> <span class='ocrx_word' id='word_1_747' title='bbox 903 5411 1069 5473; x_wconf 81' lang='grc' dir='ltr'>ἵππος</span> <span class='ocrx_word' id='word_1_748' title='bbox 1095 5407 1183 5483; x_wconf 83' lang='grc' dir='ltr'>ᾖς,</span> <span class='ocrx_word' id='word_1_749' title='bbox 1223 5413 1299 5473; x_wconf 85' lang='grc' dir='ltr'>ὼς</span> <span class='ocrx_word' id='word_1_750' title='bbox 1331 5430 1398 5480; x_wconf 90' lang='grc' dir='ltr'><strong>κη</strong></span> <span class='ocrx_word' id='word_1_751' title='bbox 1409 5414 1510 5482; x_wconf 83' lang='grc' dir='ltr'>μοῦ</span> <span class='ocrx_word' id='word_1_752' title='bbox 1544 5414 1684 5484; x_wconf 72' lang='grc' dir='ltr'>χρῄ-</span> 
     </span>
    </p>
   </div>
   <div class='ocr_carea' id='block_1_101' title="bbox 104 5499 1682 5573">
    <p class='ocr_par' dir='ltr' id='par_1_101' title="bbox 104 5499 1682 5573">
     <span class='ocr_line' id='line_1_101' title="bbox 104 5499 1682 5573; baseline 0.003 -20"><span class='ocrx_word' id='word_1_753' title='bbox 104 5499 222 5563; x_wconf 82' lang='grc' dir='ltr'>ζειν</span> <span class='ocrx_word' id='word_1_754' title='bbox 256 5501 352 5554; x_wconf 85' lang='grc' dir='ltr'><strong>καὶ</strong></span> <span class='ocrx_word' id='word_1_755' title='bbox 380 5499 596 5570; x_wconf 76' lang='grc' dir='ltr'>χαλινοῦ</span> <span class='ocrx_word' id='word_1_756' title='bbox 628 5502 710 5564; x_wconf 88' lang='grc' dir='ltr'><strong>εἰς</strong></span> <span class='ocrx_word' id='word_1_757' title='bbox 747 5501 1002 5572; x_wconf 84' lang='grc' dir='ltr'>ἀγχόνην·</span> <span class='ocrx_word' id='word_1_758' title='bbox 1033 5502 1170 5556; x_wconf 85' lang='grc' dir='ltr'>ἀλλά</span> <span class='ocrx_word' id='word_1_759' title='bbox 1209 5520 1290 5556; x_wconf 92' lang='grc' dir='ltr'><strong>σοι</strong></span> <span class='ocrx_word' id='word_1_760' title='bbox 1324 5503 1411 5557; x_wconf 86' lang='grc' dir='ltr'>διὰ</span> <span class='ocrx_word' id='word_1_761' title='bbox 1438 5505 1538 5573; x_wconf 84' lang='grc' dir='ltr'>τῆς</span> <span class='ocrx_word' id='word_1_762' title='bbox 1577 5523 1682 5558; x_wconf 74' lang='grc' dir='ltr'>κα-</span> 
     </span>
    </p>
   </div>
   <div class='ocr_carea' id='block_1_102' title="bbox 103 5591 1678 5664">
    <p class='ocr_par' dir='ltr' id='par_1_102' title="bbox 103 5591 1678 5664">
     <span class='ocr_line' id='line_1_102' title="bbox 103 5591 1678 5664; baseline 0.004 -20"><span class='ocrx_word' id='word_1_763' title='bbox 103 5591 408 5662; x_wconf 74' lang='grc' dir='ltr'>θαρότητος</span> <span class='ocrx_word' id='word_1_764' title='bbox 449 5591 559 5646; x_wconf 89' lang='grc' dir='ltr'><strong>τῶν</strong></span> <span class='ocrx_word' id='word_1_765' title='bbox 603 5593 880 5664; x_wconf 85' lang='grc' dir='ltr'>τρυγόνων</span> <span class='ocrx_word' id='word_1_766' title='bbox 925 5595 957 5664; x_wconf 77' lang='grc' dir='ltr'><strong>ἡ</strong></span> <span class='ocrx_word' id='word_1_767' title='bbox 1001 5593 1204 5663; x_wconf 85' lang='grc' dir='ltr'>σιαγὼν</span> <span class='ocrx_word' id='word_1_768' title='bbox 1253 5595 1678 5659; x_wconf 76' lang='grc' dir='ltr'>καλλωπίζεται.</span> 
     </span>
    </p>
   </div>
   <div class='ocr_carea' id='block_1_103' title="bbox 180 5765 1710 5834">
    <p class='ocr_par' dir='ltr' id='par_1_103' title="bbox 180 5765 1710 5834">
     <span class='ocr_line' id='line_1_103' title="bbox 180 5765 1710 5834; baseline 0.002 -15"><span class='ocrx_word' id='word_1_769' title='bbox 180 5768 226 5798; x_wconf 74' lang='grc'><strong>³⁵</strong></span> <span class='ocrx_word' id='word_1_770' title='bbox 259 5765 432 5824; x_wconf 85' lang='lat' dir='ltr'><strong>lCor.</strong></span> <span class='ocrx_word' id='word_1_771' title='bbox 461 5783 518 5832; x_wconf 75' lang='grc' dir='ltr'>ι,</span> <span class='ocrx_word' id='word_1_772' title='bbox 544 5767 632 5822; x_wconf 85' lang='grc'><strong>11.</strong></span> <span class='ocrx_word' id='word_1_773' title='bbox 707 5768 755 5799; x_wconf 78' lang='grc'><strong>’⁷</strong></span> <span class='ocrx_word' id='word_1_774' title='bbox 778 5765 977 5822; x_wconf 80' lang='lat' dir='ltr'><strong>Jerem.</strong></span> <span class='ocrx_word' id='word_1_775' title='bbox 1014 5783 1067 5834; x_wconf 79' lang='grc' dir='ltr'><strong>ν,</strong></span> <span class='ocrx_word' id='word_1_776' title='bbox 1096 5769 1148 5826; x_wconf 92' lang='lat'><strong>8.</strong></span> <span class='ocrx_word' id='word_1_777' title='bbox 1225 5768 1268 5801; x_wconf 76' lang='grc'><strong>³³</strong></span> <span class='ocrx_word' id='word_1_778' title='bbox 1290 5767 1438 5826; x_wconf 87' lang='lat' dir='ltr'><strong>Psal.</strong></span> <span class='ocrx_word' id='word_1_779' title='bbox 1472 5785 1620 5834; x_wconf 71' lang='lat' dir='ltr'><strong>xxxi,</strong></span> <span class='ocrx_word' id='word_1_780' title='bbox 1656 5769 1710 5823; x_wconf 89' lang='lat'><strong>9.</strong></span> 
     </span>
    </p>
   </div>
   <div class='ocr_carea' id='block_1_104' title="bbox 1785 4409 3352 4482">
    <p class='ocr_par' dir='ltr' id='par_1_104' title="bbox 1785 4409 3352 4482">
     <span class='ocr_line' id='line_1_104' title="bbox 1785 4409 3352 4482; baseline -0.003 -16"><span class='ocrx_word' id='word_1_781' title='bbox 1785 4420 2135 4481; x_wconf 89' lang='lat' dir='ltr'><strong>temperatam</strong></span> <span class='ocrx_word' id='word_1_782' title='bbox 2173 4419 2227 4466; x_wconf 88' lang='lat' dir='ltr'><strong>et</strong></span> <span class='ocrx_word' id='word_1_783' title='bbox 2255 4427 2446 4482; x_wconf 88' lang='lat' dir='ltr'><strong>puram</strong></span> <span class='ocrx_word' id='word_1_784' title='bbox 2493 4413 2662 4466; x_wconf 83' lang='lat' dir='ltr'><strong>vitam</strong></span> <span class='ocrx_word' id='word_1_785' title='bbox 2697 4419 3084 4474; x_wconf 85' lang='lat' dir='ltr'><strong>exercuerunt,</strong></span> <span class='ocrx_word' id='word_1_786' title='bbox 3117 4409 3352 4465; x_wconf 86' lang='lat' dir='ltr'><strong>fortasse</strong></span> 
     </span>
    </p>
   </div>
   <div class='ocr_carea' id='block_1_105' title="bbox 1784 4500 3352 4570">
    <p class='ocr_par' dir='ltr' id='par_1_105' title="bbox 1784 4500 3352 4570">
     <span class='ocr_line' id='line_1_105' title="bbox 1784 4500 3352 4570; baseline -0.003 -15"><span class='ocrx_word' id='word_1_787' title='bbox 1784 4503 1927 4557; x_wconf 91' lang='lat' dir='ltr'><strong>male</strong></span> <span class='ocrx_word' id='word_1_788' title='bbox 1964 4502 2129 4556; x_wconf 86' lang='lat' dir='ltr'><strong>habet</strong></span> <span class='ocrx_word' id='word_1_789' title='bbox 2163 4501 2320 4565; x_wconf 87' lang='lat' dir='ltr'><strong>illud,</strong></span> <span class='ocrx_word' id='word_1_790' title='bbox 2358 4517 2419 4556; x_wconf 92' lang='lat' dir='ltr'><strong>se</strong></span> <span class='ocrx_word' id='word_1_791' title='bbox 2454 4516 2598 4570; x_wconf 90' lang='lat' dir='ltr'><strong>equo</strong></span> <span class='ocrx_word' id='word_1_792' title='bbox 2641 4515 2765 4556; x_wconf 90' lang='lat' dir='ltr'><strong>esse</strong></span> <span class='ocrx_word' id='word_1_793' title='bbox 2795 4500 3128 4556; x_wconf 87' lang='lat' dir='ltr'><strong>assimilatos</strong></span> <span class='ocrx_word' id='word_1_794' title='bbox 3174 4517 3187 4552; x_wconf 92' lang='lat'><strong>:</strong></span> <span class='ocrx_word' id='word_1_795' title='bbox 3225 4513 3352 4568; x_wconf 88' lang='lat' dir='ltr'><strong>pro-</strong></span> 
     </span>
    </p>
   </div>
   <div class='ocr_carea' id='block_1_106' title="bbox 1784 4591 3353 4664">
    <p class='ocr_par' dir='ltr' id='par_1_106' title="bbox 1784 4591 3353 4664">
     <span class='ocr_line' id='line_1_106' title="bbox 1784 4591 3353 4664; baseline -0.002 -17"><span class='ocrx_word' id='word_1_796' title='bbox 1784 4602 1970 4664; x_wconf 89' lang='lat' dir='ltr'><strong>pterea</strong></span> <span class='ocrx_word' id='word_1_797' title='bbox 2017 4593 2163 4664; x_wconf 85' lang='lat' dir='ltr'><strong>quod</strong></span> <span class='ocrx_word' id='word_1_798' title='bbox 2209 4593 2366 4647; x_wconf 90' lang='lat' dir='ltr'><strong>multi</strong></span> <span class='ocrx_word' id='word_1_799' title='bbox 2416 4593 2695 4663; x_wconf 70' lang='lat' dir='ltr'><strong>prepbetae</strong></span> <span class='ocrx_word' id='word_1_800' title='bbox 2738 4592 2898 4646; x_wconf 91' lang='lat' dir='ltr'><strong>nobis</strong></span> <span class='ocrx_word' id='word_1_801' title='bbox 2941 4591 3232 4662; x_wconf 80' lang='lat' dir='ltr'><strong>prohibent</strong></span> <span class='ocrx_word' id='word_1_802' title='bbox 3284 4605 3353 4644; x_wconf 91' lang='lat' dir='ltr'><strong>ne</strong></span> 
     </span>
    </p>
   </div>
   <div class='ocr_carea' id='block_1_107' title="bbox 1783 4680 3350 4752">
    <p class='ocr_par' dir='ltr' id='par_1_107' title="bbox 1783 4680 3350 4752">
     <span class='ocr_line' id='line_1_107' title="bbox 1783 4680 3350 4752; baseline -0.001 -14"><span class='ocrx_word' id='word_1_803' title='bbox 1783 4683 2152 4738; x_wconf 87' lang='lat' dir='ltr'><strong>assimilemur</strong></span> <span class='ocrx_word' id='word_1_804' title='bbox 2177 4682 2336 4752; x_wconf 91' lang='lat' dir='ltr'><strong>equis</strong></span> <span class='ocrx_word' id='word_1_805' title='bbox 2355 4724 2371 4746; x_wconf 93' lang='lat'><strong>,</strong></span> <span class='ocrx_word' id='word_1_806' title='bbox 2398 4697 2524 4737; x_wconf 92' lang='lat' dir='ltr'><strong>cum</strong></span> <span class='ocrx_word' id='word_1_807' title='bbox 2555 4680 2822 4738; x_wconf 78' lang='lat' dir='ltr'><strong>Jeremias</strong></span> <span class='ocrx_word' id='word_1_808' title='bbox 2853 4681 3070 4752; x_wconf 89' lang='lat' dir='ltr'><strong>quidem</strong></span> <span class='ocrx_word' id='word_1_809' title='bbox 3099 4681 3350 4736; x_wconf 82' lang='lat' dir='ltr'><strong>adulterii</strong></span> 
     </span>
    </p>
   </div>
   <div class='ocr_carea' id='block_1_108' title="bbox 1783 4773 3347 4844">
    <p class='ocr_par' dir='ltr' id='par_1_108' title="bbox 1783 4773 3347 4844">
     <span class='ocr_line' id='line_1_108' title="bbox 1783 4773 3347 4844; baseline 0 -17"><span class='ocrx_word' id='word_1_810' title='bbox 1783 4774 1990 4829; x_wconf 88' lang='lat' dir='ltr'><strong>rabiem</strong></span> <span class='ocrx_word' id='word_1_811' title='bbox 2019 4790 2288 4844; x_wconf 86' lang='lat' dir='ltr'><strong>equorum</strong></span> <span class='ocrx_word' id='word_1_812' title='bbox 2324 4774 2545 4828; x_wconf 90' lang='lat' dir='ltr'><strong>nomine</strong></span> <span class='ocrx_word' id='word_1_813' title='bbox 2575 4773 2984 4843; x_wconf 83' lang='lat' dir='ltr'><strong>significaverit,</strong></span> <span class='ocrx_word' id='word_1_814' title='bbox 3020 4788 3143 4826; x_wconf 91' lang='lat' dir='ltr'><strong>cum</strong></span> <span class='ocrx_word' id='word_1_815' title='bbox 3170 4773 3306 4827; x_wconf 91' lang='lat' dir='ltr'><strong>dicit</strong></span> <span class='ocrx_word' id='word_1_816' title='bbox 3332 4791 3347 4827; x_wconf 94' lang='lat'><strong>:</strong></span> 
     </span>
    </p>
   </div>
   <div class='ocr_carea' id='block_1_109' title="bbox 1784 4865 3350 4936">
    <p class='ocr_par' dir='ltr' id='par_1_109' title="bbox 1784 4865 3350 4936">
     <span class='ocr_line' id='line_1_109' title="bbox 1784 4865 3350 4936; baseline -0.001 -17"><span class='ocrx_word' id='word_1_817' title='bbox 1784 4865 1923 4936; x_wconf 80' lang='lat' dir='ltr'><strong>Equi</strong></span> <span class='ocrx_word' id='word_1_818' title='bbox 1957 4868 2014 4920; x_wconf 84' lang='lat' dir='ltr'><strong>in</strong></span> <span class='ocrx_word' id='word_1_819' title='bbox 2049 4866 2275 4936; x_wconf 78' lang='lat' dir='ltr'><strong>feminas</strong></span> <span class='ocrx_word' id='word_1_820' title='bbox 2309 4876 2578 4919; x_wconf 79' lang='lat' dir='ltr'><strong>currentes</strong></span> <span class='ocrx_word' id='word_1_821' title='bbox 2623 4865 2753 4933; x_wconf 78' lang='lat' dir='ltr'><strong>facti</strong></span> <span class='ocrx_word' id='word_1_822' title='bbox 2783 4875 2905 4919; x_wconf 82' lang='lat' dir='ltr'><strong>sunt</strong></span> <span class='ocrx_word' id='word_1_823' title='bbox 2937 4881 2954 4918; x_wconf 91' lang='lat'><em>:</em></span> <span class='ocrx_word' id='word_1_824' title='bbox 2997 4867 3350 4934; x_wconf 80' lang='lat' dir='ltr'><strong>unusquisque</strong></span> 
     </span>
    </p>
   </div>
   <div class='ocr_carea' id='block_1_110' title="bbox 1783 4955 3348 5024">
    <p class='ocr_par' dir='ltr' id='par_1_110' title="bbox 1783 4955 3348 5024">
     <span class='ocr_line' id='line_1_110' title="bbox 1783 4955 3348 5024; baseline 0.001 -14"><span class='ocrx_word' id='word_1_825' title='bbox 1783 4959 2052 5011; x_wconf 60' lang='lat' dir='ltr'><strong>[tinniebat</strong></span> <span class='ocrx_word' id='word_1_826' title='bbox 2075 4955 2144 5011; x_wconf 81' lang='lat' dir='ltr'><strong>ad</strong></span> <span class='ocrx_word' id='word_1_827' title='bbox 2176 4971 2393 5011; x_wconf 71' lang='lat' dir='ltr'><strong>uxorem</strong></span> <span class='ocrx_word' id='word_1_828' title='bbox 2416 4956 2647 5024; x_wconf 70' lang='lat' dir='ltr'><strong>prox-imi</strong></span> <span class='ocrx_word' id='word_1_829' title='bbox 2677 4957 2762 5011; x_wconf 82' lang='lat' dir='ltr'><strong>sui</strong></span> <span class='ocrx_word' id='word_1_830' title='bbox 2785 4957 2831 4991; x_wconf 79' lang='grc'><strong>⁸⁷</strong></span> <span class='ocrx_word' id='word_1_831' title='bbox 2861 4973 2876 5020; x_wconf 86' lang='lat'><strong>;</strong></span> <span class='ocrx_word' id='word_1_832' title='bbox 2911 4970 3141 5024; x_wconf 85' lang='lat' dir='ltr'><strong>magnus</strong></span> <span class='ocrx_word' id='word_1_833' title='bbox 3168 4967 3348 5011; x_wconf 86' lang='lat' dir='ltr'><strong>autem</strong></span> 
     </span>
    </p>
   </div>
   <div class='ocr_carea' id='block_1_111' title="bbox 1783 5047 3346 5118">
    <p class='ocr_par' dir='ltr' id='par_1_111' title="bbox 1783 5047 3346 5118">
     <span class='ocr_line' id='line_1_111' title="bbox 1783 5047 3346 5118; baseline -0.001 -15"><span class='ocrx_word' id='word_1_834' title='bbox 1783 5049 1954 5104; x_wconf 86' lang='lat' dir='ltr'><strong>David</strong></span> <span class='ocrx_word' id='word_1_835' title='bbox 1981 5064 2094 5104; x_wconf 88' lang='lat' dir='ltr'><strong>rem</strong></span> <span class='ocrx_word' id='word_1_836' title='bbox 2117 5048 2336 5103; x_wconf 82' lang='lat' dir='ltr'><strong>duxerit</strong></span> <span class='ocrx_word' id='word_1_837' title='bbox 2351 5063 2475 5103; x_wconf 89' lang='lat' dir='ltr'><strong>esse</strong></span> <span class='ocrx_word' id='word_1_838' title='bbox 2494 5048 2813 5111; x_wconf 88' lang='lat' dir='ltr'><strong>terribilem,</strong></span> <span class='ocrx_word' id='word_1_839' title='bbox 2838 5047 2952 5103; x_wconf 79' lang='lat' dir='ltr'><strong>fieri</strong></span> <span class='ocrx_word' id='word_1_840' title='bbox 2979 5049 3119 5103; x_wconf 90' lang='lat' dir='ltr'><strong>sicut</strong></span> <span class='ocrx_word' id='word_1_841' title='bbox 3145 5065 3346 5118; x_wconf 90' lang='lat' dir='ltr'><strong>equum</strong></span> 
     </span>
    </p>
   </div>
   <div class='ocr_carea' id='block_1_112' title="bbox 1784 5137 3349 5209">
    <p class='ocr_par' dir='ltr' id='par_1_112' title="bbox 1784 5137 3349 5209">
     <span class='ocr_line' id='line_1_112' title="bbox 1784 5137 3349 5209; baseline -0.004 -13"><span class='ocrx_word' id='word_1_842' title='bbox 1784 5151 1839 5196; x_wconf 91' lang='lat' dir='ltr'><strong>et</strong></span> <span class='ocrx_word' id='word_1_843' title='bbox 1866 5140 2072 5194; x_wconf 91' lang='lat' dir='ltr'><strong>mulum</strong></span> <span class='ocrx_word' id='word_1_844' title='bbox 2107 5158 2120 5194; x_wconf 90' lang='lat'><strong>:</strong></span> <span class='ocrx_word' id='word_1_845' title='bbox 2164 5153 2399 5209; x_wconf 92' lang='lat' dir='ltr'><strong>quorum</strong></span> <span class='ocrx_word' id='word_1_846' title='bbox 2439 5138 2595 5207; x_wconf 88' lang='lat' dir='ltr'><strong>jubet</strong></span> <span class='ocrx_word' id='word_1_847' title='bbox 2637 5139 2690 5191; x_wconf 92' lang='lat' dir='ltr'><strong>in</strong></span> <span class='ocrx_word' id='word_1_848' title='bbox 2721 5152 2876 5193; x_wconf 89' lang='lat' dir='ltr'><strong>camo</strong></span> <span class='ocrx_word' id='word_1_849' title='bbox 2897 5145 2952 5193; x_wconf 91' lang='lat' dir='ltr'><strong>et</strong></span> <span class='ocrx_word' id='word_1_850' title='bbox 2977 5137 3133 5192; x_wconf 86' lang='lat' dir='ltr'><strong>freno</strong></span> <span class='ocrx_word' id='word_1_851' title='bbox 3157 5140 3349 5192; x_wconf 71' lang='lat' dir='ltr'><strong>maxiL</strong></span> 
     </span>
    </p>
   </div>
   <div class='ocr_carea' id='block_1_113' title="bbox 1784 5227 3351 5301">
    <p class='ocr_par' dir='ltr' id='par_1_113' title="bbox 1784 5227 3351 5301">
     <span class='ocr_line' id='line_1_113' title="bbox 1784 5227 3351 5301; baseline -0.004 -15"><span class='ocrx_word' id='word_1_852' title='bbox 1784 5233 1868 5286; x_wconf 88' lang='lat' dir='ltr'><strong>las</strong></span> <span class='ocrx_word' id='word_1_853' title='bbox 1905 5230 2280 5301; x_wconf 86' lang='lat' dir='ltr'><strong>constringere</strong></span> <span class='ocrx_word' id='word_1_854' title='bbox 2300 5229 2368 5283; x_wconf 78' lang='grc'><strong>⁸³.</strong></span> <span class='ocrx_word' id='word_1_855' title='bbox 2404 5230 2468 5282; x_wconf 83' lang='lat' dir='ltr'><strong>Et</strong></span> <span class='ocrx_word' id='word_1_856' title='bbox 2502 5227 2622 5283; x_wconf 91' lang='lat' dir='ltr'><strong>ideo</strong></span> <span class='ocrx_word' id='word_1_857' title='bbox 2658 5243 2724 5283; x_wconf 92' lang='lat' dir='ltr'><strong>eo</strong></span> <span class='ocrx_word' id='word_1_858' title='bbox 2762 5227 2906 5296; x_wconf 91' lang='lat' dir='ltr'><strong>quod</strong></span> <span class='ocrx_word' id='word_1_859' title='bbox 2949 5227 3208 5296; x_wconf 86' lang='lat' dir='ltr'><strong>deinceps</strong></span> <span class='ocrx_word' id='word_1_860' title='bbox 3260 5243 3351 5281; x_wconf 90' lang='lat' dir='ltr'><strong>se-</strong></span> 
     </span>
    </p>
   </div>
   <div class='ocr_carea' id='block_1_114' title="bbox 1784 5303 3351 5391">
    <p class='ocr_par' dir='ltr' id='par_1_114' title="bbox 1784 5303 3351 5391">
     <span class='ocr_line' id='line_1_114' title="bbox 1784 5303 3351 5391; baseline -0.004 -16"><span class='ocrx_word' id='word_1_861' title='bbox 1784 5303 1994 5391; x_wconf 81' lang='lat' dir='ltr'><strong>quitur,</strong></span> <span class='ocrx_word' id='word_1_862' title='bbox 2029 5335 2152 5374; x_wconf 90' lang='lat' dir='ltr'><strong>eum</strong></span> <span class='ocrx_word' id='word_1_863' title='bbox 2210 5333 2430 5374; x_wconf 89' lang='lat' dir='ltr'><strong>sensum</strong></span> <span class='ocrx_word' id='word_1_864' title='bbox 2466 5317 2710 5386; x_wconf 88' lang='lat' dir='ltr'><strong>mitigat,</strong></span> <span class='ocrx_word' id='word_1_865' title='bbox 2755 5316 2945 5370; x_wconf 86' lang='lat' dir='ltr'><strong>dicens</strong></span> <span class='ocrx_word' id='word_1_866' title='bbox 2998 5335 3011 5368; x_wconf 88' lang='lat'><strong>:</strong></span> <span class='ocrx_word' id='word_1_867' title='bbox 3059 5314 3176 5369; x_wconf 84' lang='lat' dir='ltr'><strong>Non</strong></span> <span class='ocrx_word' id='word_1_868' title='bbox 3225 5327 3351 5371; x_wconf 86' lang='lat' dir='ltr'><strong>sunt</strong></span> 
     </span>
    </p>
   </div>
   <div class='ocr_carea' id='block_1_115' title="bbox 1786 5409 3349 5479">
    <p class='ocr_par' dir='ltr' id='par_1_115' title="bbox 1786 5409 3349 5479">
     <span class='ocr_line' id='line_1_115' title="bbox 1786 5409 3349 5479; baseline -0.004 -13"><span class='ocrx_word' id='word_1_869' title='bbox 1786 5412 2021 5467; x_wconf 73' lang='lat' dir='ltr'><strong>maxillae</strong></span> <span class='ocrx_word' id='word_1_870' title='bbox 2070 5419 2178 5465; x_wconf 78' lang='lat' dir='ltr'><strong>tuae</strong></span> <span class='ocrx_word' id='word_1_871' title='bbox 2221 5409 2528 5479; x_wconf 86' lang='lat' dir='ltr'><strong>ejusmodi,</strong></span> <span class='ocrx_word' id='word_1_872' title='bbox 2577 5417 2634 5461; x_wconf 87' lang='lat' dir='ltr'><strong>ut</strong></span> <span class='ocrx_word' id='word_1_873' title='bbox 2689 5409 2831 5463; x_wconf 89' lang='lat' dir='ltr'><strong>sicut</strong></span> <span class='ocrx_word' id='word_1_874' title='bbox 2877 5423 3051 5477; x_wconf 83' lang='lat' dir='ltr'><strong>equus</strong></span> <span class='ocrx_word' id='word_1_875' title='bbox 3099 5424 3253 5463; x_wconf 85' lang='lat' dir='ltr'><strong>camo</strong></span> <span class='ocrx_word' id='word_1_876' title='bbox 3301 5418 3349 5461; x_wconf 80' lang='lat' dir='ltr'><strong>et</strong></span> 
     </span>
    </p>
   </div>
   <div class='ocr_carea' id='block_1_116' title="bbox 1788 5498 3344 5572">
    <p class='ocr_par' dir='ltr' id='par_1_116' title="bbox 1788 5498 3344 5572">
     <span class='ocr_line' id='line_1_116' title="bbox 1788 5498 3344 5572; baseline -0.003 -16"><span class='ocrx_word' id='word_1_877' title='bbox 1788 5504 1942 5558; x_wconf 90' lang='lat' dir='ltr'><strong>freno</strong></span> <span class='ocrx_word' id='word_1_878' title='bbox 1962 5519 2102 5572; x_wconf 91' lang='lat' dir='ltr'><strong>opus</strong></span> <span class='ocrx_word' id='word_1_879' title='bbox 2124 5502 2324 5556; x_wconf 88' lang='lat' dir='ltr'><strong>habeas</strong></span> <span class='ocrx_word' id='word_1_880' title='bbox 2353 5509 2408 5554; x_wconf 88' lang='lat' dir='ltr'><strong>ut</strong></span> <span class='ocrx_word' id='word_1_881' title='bbox 2437 5500 2832 5570; x_wconf 89' lang='lat' dir='ltr'><strong>constringaris</strong></span> <span class='ocrx_word' id='word_1_882' title='bbox 2859 5514 2871 5549; x_wconf 91' lang='lat'>:</span> <span class='ocrx_word' id='word_1_883' title='bbox 2905 5498 3000 5552; x_wconf 85' lang='lat' dir='ltr'><strong>sed</strong></span> <span class='ocrx_word' id='word_1_884' title='bbox 3026 5515 3122 5569; x_wconf 87' lang='lat' dir='ltr'><strong>per</strong></span> <span class='ocrx_word' id='word_1_885' title='bbox 3151 5501 3344 5569; x_wconf 82' lang='lat' dir='ltr'><strong>purita-</strong></span> 
     </span>
    </p>
   </div>
   <div class='ocr_carea' id='block_1_117' title="bbox 1787 5590 3351 5664">
    <p class='ocr_par' dir='ltr' id='par_1_117' title="bbox 1787 5590 3351 5664">
     <span class='ocr_line' id='line_1_117' title="bbox 1787 5590 3351 5664; baseline -0.001 -16"><span class='ocrx_word' id='word_1_886' title='bbox 1787 5604 1894 5650; x_wconf 91' lang='lat' dir='ltr'><strong>tem</strong></span> <span class='ocrx_word' id='word_1_887' title='bbox 1922 5603 2194 5650; x_wconf 85' lang='lat' dir='ltr'><strong>turturum</strong></span> <span class='ocrx_word' id='word_1_888' title='bbox 2225 5593 2326 5649; x_wconf 89' lang='lat' dir='ltr'><strong>tibi</strong></span> <span class='ocrx_word' id='word_1_889' title='bbox 2352 5603 2580 5648; x_wconf 85' lang='lat' dir='ltr'><strong>ornatur</strong></span> <span class='ocrx_word' id='word_1_890' title='bbox 2602 5607 2760 5664; x_wconf 85' lang='lat' dir='ltr'><strong>gena.</strong></span> <span class='ocrx_word' id='word_1_891' title='bbox 2800 5590 2939 5646; x_wconf 89' lang='lat' dir='ltr'><strong>Dicit</strong></span> <span class='ocrx_word' id='word_1_892' title='bbox 2963 5592 3106 5645; x_wconf 89' lang='lat' dir='ltr'><strong>enim</strong></span> <span class='ocrx_word' id='word_1_893' title='bbox 3144 5590 3351 5656; x_wconf 82' lang='lat' dir='ltr'><strong>:Quam</strong></span> 
     </span>
    </p>
   </div>
  </div>
