3846 6220
459 360 563 415 815
1689 351 1744 409 S.
1787 351 2113 410 GREGORII
2152 351 2442 410 NYSSENI
3633 346 3728 400 816
3787 97 3824 370 ‘

459 473 691 540 pulchra:
727 470 884 540 factm
911 478 1033 524 sunt
1065 471 1160 524 tibi
1183 485 1325 540 genu:
1354 470 1490 523 sicut
1529 469 1780 522 turturis!
1817 468 1890 522 De
1923 467 2025 521 hae

2140 471 2261 540 bqat
2290 468 2420 540 γάρ’
2453 467 2514 521 Τί
2539 465 2925 532 ὼραιώθησαν
2958 465 3239 533 σιαγόνες
3265 478 3383 516 σου
3406 462 3494 527 ὡς
3519 463 3729 531 τρυγέ-

461 575 641 619 autem
671 577 769 618 ave
795 570 1070 617 testantur
1093 563 1189 632 qui
1230 563 1347 616 haec
1377 563 1780 623 observarunt,
1809 559 1953 631 quod
1985 560 2030 613 si

2140 579 2254 627 νες.
2281 561 2654 631 Μαρτυρεϊται
2690 558 2746 611 δὲ
2785 557 2936 628 παρὰ
2966 555 3074 609 τῶν
3097 555 3166 608 τὰ
3205 553 3435 608 τοιαῦτα
3472 559 3728 622 παρατε-

462 662 710 722 separata
743 650 906 706 fuerit
934 667 964 704 a
1005 651 1266 722 conjugin
1286 691 1299 712 ,
1339 658 1520 706 manet
1557 652 1814 721 deinceps
1842 651 2031 706 solita-

463 742 565 805 ria,
611 756 713 795 nec.
749 755 876 794 cum
910 741 1022 794 ullo
1053 740 1411 811 coniungitur
1439 759 1451 796 :
1491 740 1627 795 adeo
1667 749 1725 794 ut
1759 741 1814 794 in
1842 756 1904 795 ea
1944 754 2035 792 na-

465 829 713 883 turaliter
741 837 1066 884 exerceatur
1105 830 1491 900 temperantia.
1530 833 1824 901 Propterea
1865 829 2033 899 aenig-

464 923 662 976 matica
701 921 919 975 laudum
955 923 1355 993 significatione
1375 938 1404 977 a
1434 921 1617 978 Verbo
1639 922 2033 992 comprehensa

463 1022 549 1070 est
589 1014 703 1068 haec
749 1014 895 1074 avis,
951 1014 1098 1084 quod
1145 1030 1244 1084 pro
1292 1015 1449 1070 freno
1495 1014 1658 1070 fuerit
1703 1013 1874 1070 divini
1908 1013 2034 1083 equi

466 1107 700 1160 maxilla:
727 1106 958 1162 turturis
989 1107 1315 1162 assimilatio
1335 1147 1350 1167 ,
1379 1123 1476 1177 per
1500 1123 1662 1178 quam
1694 1106 2037 1177 signiﬁcatur

465 1199 632 1252 vitam
668 1214 858 1268 puram
891 1199 1018 1253 huic
1057 1213 1199 1268 equo
1228 1200 1541 1254 convenire.
1584 1199 1875 1269 Propterea
1909 1213 2034 1252 cum

465 1288 830 1345 admiratione
859 1290 908 1345 ei
935 1289 1070 1344 dicit
1100 1288 1336 1345 Verbum
1367 1309 1380 1344 :
1417 1291 1591 1357 Quam
1623 1291 1855 1358 pulchra
1882 1290 2037 1359 factae

465 1387 589 1432 sunt
631 1395 776 1449 gena:
820 1389 925 1433 tua:
967 1387 1023 1432 ut
1069 1380 1294 1434 turturis
1335 1395 1352 1434 :
1386 1379 1512 1434 huic
1541 1391 1719 1435 autem
1760 1379 2040 1447 subjungit

466 1469 628 1525 aliam
663 1485 882 1540 quoque
926 1469 1140 1525 laudem
1186 1486 1283 1542 per
1315 1470 1728 1526 similitudinem
1777 1489 1792 1526 :
1827 1471 2038 1526 Collum

470 1575 616 1617 tuum
659 1567 796 1617 sicut
843 1573 1066 1632 torques.
1103 1561 1238 1617 Nam
1289 1578 1413 1617 cum
1452 1563 1619 1618 semel
1661 1561 1944 1618 incidisset
1981 1562 2036 1615 in

467 1655 730 1723 tropicam
755 1653 1232 1724 signiﬁcationem,
1262 1670 1356 1724 per
1383 1671 1448 1710 ea
1476 1670 1598 1724 quae
1623 1655 1691 1708 de
1723 1653 1882 1723 equis
1912 1668 2040 1708 con-

467 1743 796 1807 siderantur,
833 1759 1046 1814 sponsae
1079 1745 1296 1800 laudem
1325 1747 1618 1816 excogitat.
1651 1745 1865 1799 Laudat
1889 1745 2034 1799 enim

2131 654 2470 726 τηρηκότων,
2514 651 2674 706 τοῦτο
2709 651 2770 704 τὸ
2809 651 2993 720 ὄρνεον
3039 647 3238 719 μένειν,
3273 649 3321 700 εί
3365 645 3730 715 διαζευχθεξη

2133 745 2233 814 τῆς
2275 743 2554 811 συζυγίας,
2591 744 2668 806 εἰς
2701 741 2760 795 τὸ
2789 740 2986 810 ἐφεξῆς
3013 738 3395 801 άσυνδύαστον,
3439 737 3538 800 ὡς
3576 754 3732 806 cpiam-

2135 838 2245 901 κῶς
2276 839 2333 891 ἐν
2364 836 2511 905 αὐτῷ
2536 836 2597 890 τὸ
2629 833 3022 904 κατορθοῦσθαι
3053 832 3151 902 τὴν
3194 830 3593 902 σωφροσύνην.
3639 829 3730 882 Διὰ

2132 930 2291 982 τοῦτο
2327 929 2388 981 τὸ
2439 928 2667 998 αἴνιγμα
2702 926 2809 980 τῶν
2848 925 3083 979 ἐπαίνων
3124 922 3584 994 συμπαρελήφθη
3631 924 3731 975 ὑπὸ

2133 1016 2228 1070 τοῦ
2248 1014 2424 1085 Λόγου
2442 1015 2599 1068 τοῦτο
2631 1014 2691 1067 τὸ
2717 1015 2922 1084 ὄρνεον,
2964 1013 3039 1076 ὡς
3067 1013 3189 1067 ἀντὶ
3214 1010 3431 1081 χαλινοῦ
3467 1009 3730 1077 γίνεσθαι

2134 1107 2200 1174 τῇ
2236 1103 2444 1172 σιαγόνι
2469 1103 2568 1173 τῆς
2598 1102 2746 1166 θείας
2774 1102 2942 1154 ἴππου
2968 1100 3068 1170 τὴν
3096 1099 3196 1168 τῆς
3227 1099 3494 1169 τρυγόνος
3521 1098 3729 1166 ὁμοίως

2138 1213 2243 1258 σιν,
2290 1194 2357 1247 δι’
2401 1187 2467 1264 ἦς
2513 1195 2546 1264 ἡ
2587 1191 2800 1262 καθαρὰ
2833 1190 2946 1260 ζωὴ
2996 1189 3322 1260 ἐπιπρέπειν
3371 1190 3434 1258 τῇ
3493 1187 3729 1254 τοιαύτῃ

2138 1286 2288 1352 ἵππῳ
2330 1283 2762 1354 διασημαίνεται.
2809 1281 2901 1334 Διὸ
2952 1277 3336 1350 θαυμαστικῶς
3394 1294 3545 1347 φησι
3594 1277 3730 1346 πρὸς

2136 1375 2306 1446 αὐτὴν
2333 1377 2362 1429 ό
2391 1376 2592 1443 Λόγος·
2628 1374 2688 1427 Τί
2730 1372 3120 1440 ὠραιὼθησαν
3147 1372 3426 1439 σιαγόνες
3466 1384 3609 1422 σου
3655 1369 3730 1430 ὡς

2137 1469 2436 1537 τρυγόνες.
2492 1466 2714 1534 Ἐπάγει
2741 1467 2799 1520 δὲ
2830 1466 3004 1535 τούτῳ
3037 1465 3130 1517 καὶ
3165 1463 3350 1533 ἕτερον
3393 1461 3459 1514 δι’
3520 1463 3727 1531 ὁμοιώ-

2140 1577 2276 1624 σεως
2304 1560 2540 1621 ἔπαινον,
2583 1559 2773 1626 λέγων·
2820 1557 3128 1626 Τρὰχηλός
3158 1570 3273 1608 σου
3303 1555 3382 1618 ὡς
3409 1553 3724 1621 ὀρμίσκοι.

2140 1657 2322 1723 Ἀπαξ
2371 1657 2480 1727 γὰρ
2507 1653 2764 1726 ἐμπεσὼν
2803 1657 2870 1725 τῇ
2899 1653 3132 1724 τροπικῇ
3181 1649 3444 1720 σημασίᾳ.
3487 1648 3588 1700 διὰ
3625 1647 3732 1700 τῶν

2139 1750 2271 1819 περὶ
2300 1749 2409 1801 τῶν
2443 1747 2625 1800 ἵππων
2655 1744 3042 1814 θεωρουμένων
3070 1742 3273 1794 ἐπινοεῖ
3300 1742 3365 1809 τῇ
3400 1737 3606 1808 νύμφῃ
3641 1738 3732 1788 τὸν

467 1834 688 1898 collum,
717 1835 862 1904 quod
888 1837 946 1890 in
971 1836 1198 1906 figuram
1224 1837 1418 1892 circuli
1445 1845 1535 1892 eat
1557 1837 1612 1890 in
1643 1853 1855 1908 gyrum,
1889 1836 2034 1905 quod

2145 1838 2388 1892 ἔπαινον.
2444 1836 2686 1889 Ἐπαινεῖ
2727 1833 2836 1904 γάρ
2885 1833 2977 1885 τὸν
3024 1828 3290 1900 τράχηλον
3340 1826 3432 1878 τὸν
3483 1827 3549 1877 ἐν
3593 1823 3727 1892 σχή·

467 1923 631 1977 etiam
657 1923 711 1978 in
751 1926 1005 1994 superbis
1031 1934 1086 1980 et
1123 1925 1396 1982 ferocibus
1428 1927 1586 1997 equis
1615 1928 1865 1981 videmus
1895 1925 2033 1980 fieri.

469 2011 768 2082 'l'orquium
806 2014 952 2070 enim
1002 2016 1213 2070 mentio
1251 2017 1460 2072 indicat
1501 2017 1768 2072 circulum
1815 2035 1829 2071 :
1878 2019 2038 2084 cujus

471 2103 639 2175 figura
667 2105 723 2160 in
745 2106 889 2160 collo
918 2114 1142 2164 ostensa
1183 2107 1362 2164 reddit
1395 2123 1594 2179 equum
1631 2109 1812 2180 seipso
1847 2109 2038 2164 decen-

470 2197 662 2251 tiorem
697 2216 709 2251 :
799 2213 1002 2269 orques
1043 2208 1226 2255 autem
1266 2199 1452 2256 Graece
1495 2201 1699 2256 dicitur
1751 2201 2036 2272 ὁρμίσκος,

468 2289 851 2344 diminutivum
897 2291 1017 2361 ejus
1049 2292 1196 2361 quod
1236 2300 1319 2348 est
1363 2293 1554 2364 ὅρμος.
1607 2294 1816 2366 ’Ὀρμος
1855 2302 2036 2349 autem

470 2379 691 2450 preprie
714 2378 934 2449 quidem
971 2381 1173 2436 dicitur
1210 2382 1265 2436 in
1295 2382 1430 2437 locis
1461 2383 1784 2444 maritimis,
1818 2383 1873 2437 in
1915 2383 2038 2454 qui-

468 2469 572 2525 bus
609 2470 762 2525 littus
810 2471 1142 2527 intrinsecus
1192 2473 1248 2527 in
1301 2473 1442 2529 luna:
1481 2474 1713 2529 formam
1758 2485 2035 2540 cavatum,

468 2563 592 2616 sinu
622 2577 770 2618 mare
798 2562 1023 2632 excipit,
1053 2570 1106 2619 et
1132 2579 1228 2633 per
1255 2580 1314 2620 se
1349 2564 1482 2620 facit
1513 2567 1797 2637 quiescere
1820 2584 1915 2624 eos
1943 2569 2036 2638 qui

466 2668 497 2707 e
545 2655 682 2708 mari
726 2652 1073 2726 adnavigant.
1126 2655 1202 2711 Ex
1248 2657 1561 2728 metaphora
1597 2667 1775 2714 autem
1819 2672 2038 2730 propter

469 2743 694 2817 figuram
728 2755 1112 2802 ornamentum
1155 2748 1282 2802 colli
1320 2748 1524 2804 dicitur
1571 2751 1760 2821 ὅρμος.
1809 2751 2038 2817 Quando

467 2847 646 2892 autem
679 2838 1004 2895 diminutive
1041 2839 1277 2896 dicimus
1307 2841 1570 2912 ὁρμίσκος
1603 2857 1701 2912 pro
1727 2844 1919 2914 ὅρμος,
1942 2860 2040 2914 per

469 2929 608 2983 hanc
640 2943 828 2983 vocem
876 2930 1269 3000 propemodum
1302 2933 1651 2988 ostendimus
1689 2935 1862 3003 ipsam
1894 2935 2040 2989 simi-

467 3021 774 3077 litudinem.
834 3022 976 3078 Colli
1028 3038 1158 3094 ergo
1213 3039 1341 3078 eum
1390 3027 1678 3095 torquibus
1736 3027 2038 3082 similitudo

467 3113 706 3167 ostendit
741 3112 911 3167 multa
948 3115 1196 3169 encomia
1237 3131 1358 3184 quae
1401 3131 1617 3186 sponsae
1655 3118 1990 3172 conveniunt
2021 3136 2035 3171 :

469 3200 712 3257 Primum
741 3203 994 3273 quidem,
1023 3205 1170 3274 quod
1214 3220 1388 3275 equus
1411 3207 1612 3261 collum
1647 3208 1704 3262 in
1731 3209 1918 3262 orbem
1950 3207 2040 3261 η..
2065 3192 2109 3253 (ἶ

468 3301 656 3357 ctens,
695 3293 766 3348 ad
793 3308 985 3349 omnes
1037 3309 1170 3350 suos
1216 3311 1440 3365 gressus
1487 3298 1702 3368 aspicit,
1735 3314 1846 3369 quo
1881 3299 1940 3352 fit
1981 3307 2041 3354 ut

472 3384 770 3440 inoffensus
796 3393 852 3440 et
874 3392 1024 3440 tutus
1051 3387 1121 3440 sit
1150 3402 1374 3456 gressus
1409 3387 1531 3458 ejus
1551 3429 1565 3452 ,
1597 3403 1770 3460 neque
1803 3391 1870 3444 ad
1911 3391 2042 3460 lapi-

468 3475 588 3530 dem
623 3474 924 3541 offendens,
981 3491 1156 3545 neque
1184 3477 1238 3530 in
1277 3476 1481 3532 fossam
1520 3490 1721 3533 temere
1770 3480 2035 3534 incidens.

468 3566 582 3623 iloc
607 3584 713 3622 non
745 3583 936 3636 parum
984 3565 1117 3622 facit
1147 3567 1213 3622 ad
1248 3568 1460 3624 laudem
1489 3569 1702 3636 animae,
1741 3585 1934 3641 nempe
1971 3571 2040 3625 ad

469 3661 706 3730 seipsam
736 3660 1002 3730 aspicere,
1037 3667 1093 3716 et
1126 3659 1401 3716 tutissime
1438 3662 1506 3716 ad
1535 3677 1757 3717 cursum
1795 3662 2040 3716 divinum

470 3753 761 3816 festinare,
821 3767 1163 3822 qumcunque
1224 3769 1288 3808 ex
1346 3754 1739 3808 tentationibus
1796 3753 1872 3808 illi
1913 3770 2041 3808 eve-

468 3845 626 3898 niunt
657 3843 722 3897 ad
752 3859 975 3899 cursum
1013 3844 1398 3914 impedimenta
1443 3844 1623 3900 vitans
1653 3853 1707 3899 et
1747 3861 2038 3909 superans.

469 3933 674 3990 Deinde
694 3945 874 3990 autem
901 3935 1076 4005 ipsum
1102 3950 1319 4005 quoque
1343 3934 1678 4004 primitivum
1704 3950 1902 3990 nomen
1928 3935 2039 3988 τῶν

466 4027 675 4098 ὅρμων,
725 4025 869 4081 unde
923 4034 1145 4096 propter
1200 4025 1385 4096 figurae
1445 4027 1857 4082 similitudinem
1910 4028 2038 4082 colli

467 4129 850 4176 ornamentum
903 4122 1245 4176 nominatum
1293 4121 1394 4176 fuit
1443 4124 1762 4195 όρμίσκος,
1812 4140 2037 4195 magnas

465 4213 736 4283 quasdam
766 4213 957 4269 laudes
1002 4214 1266 4277 continet,
1308 4215 1527 4284 quando
1590 4217 1701 4278 τοῖς
1730 4215 1947 4286 ὅρμοις,
1983 4217 2036 4270 id

468 4311 574 4362 est,
603 4301 911 4365 navalibus,
943 4303 1144 4357 collum
1170 4301 1336 4359 fuerit
1362 4305 1744 4360 assimilatum.
1778 4305 2035 4371 Quaenam

467 4404 647 4446 autem
692 4398 822 4446 sunt
849 4391 1038 4447 laudes
1064 4406 1185 4462 quae
1217 4391 1376 4448 nobis
1431 4407 1526 4463 per
1553 4393 1667 4447 haec
1693 4409 1724 4447 a
1751 4395 2034 4465 Scriptura

466 4481 845 4553 significantur
866 4482 889 4536 ‘l
908 4480 1307 4554 Navigantibus
1328 4499 1415 4539 res
1431 4483 1675 4554 jucunda
1696 4494 1749 4540 et
1773 4487 2033 4542 salutaris

465 4585 548 4633 est
576 4587 785 4646 portus,
808 4583 863 4630 et
884 4576 977 4646 qui
1002 4583 1289 4645 postquam
1313 4576 1368 4630 in
1388 4577 1527 4632 mari
1549 4577 1750 4632 fuerint
1766 4578 1954 4648 jactati
1978 4590 2033 4635 et

465 4667 678 4735 vexati,
709 4667 1066 4737 tranquillum
1094 4668 1327 4736 aliquem
1355 4677 1569 4736 portum
1601 4670 2030 4738 occupaverint,

468 4763 520 4816 in
553 4776 663 4831 quo
693 4759 1013 4815 afﬂictiones
1053 4776 1191 4830 quas
1218 4761 1274 4814 in
1309 4760 1446 4815 mari
1483 4760 1728 4829 perpessi
1759 4772 1893 4818 sunt
1929 4764 2032 4818 ob-

465 4853 569 4915 liti,
596 4853 697 4906 toti
726 4859 1016 4907 versantur
1050 4851 1104 4905 in
1135 4851 1342 4922 requie,
1393 4851 1584 4922 longos
1606 4853 1822 4908 labores
1849 4855 2036 4924 quiete

465 4953 798 5008 recreantes,
838 4958 948 5000 non
985 4951 1070 4999 est
1106 4945 1186 4998 eis
1220 4943 1489 5014 naufragii
1532 4953 1730 5007 metus,
1770 4961 1949 5016 neque
1980 4945 2037 5001 in

467 5035 608 5089 mari
641 5033 925 5088 latentium
974 5033 1214 5086 cautium
1263 5031 1540 5102 suspicio,
1593 5048 1691 5088 nec
1731 5036 2034 5105 perieulum

467 5125 808 5196 pradonum,
850 5139 1026 5194 neque
1052 5138 1082 5178 a
1113 5123 1330 5180 ﬂatibus
1377 5125 1740 5193 perturbatio,
1787 5142 1965 5196 neque
2003 5143 2034 5182 a

468 5216 741 5286 profundo
769 5231 870 5287 per
910 5225 1102 5278 ventos
1146 5217 1404 5271 tumescit
1445 5231 1597 5271 mare
1633 5235 1646 5270 :
1703 5218 1797 5272 sed
1839 5220 2036 5274 remoti

467 5317 598 5364 sunt
631 5309 699 5364 ab
725 5309 979 5364 omnibus
1008 5308 1275 5377 ejusmodi
1303 5308 1563 5378 periculis
1591 5309 1682 5378 qui
1715 5316 2036 5379 tempestate

464 5401 762 5470 jactantur,
801 5415 925 5456 cum
965 5414 1116 5454 mare
1152 5399 1224 5454 sit
1265 5399 1319 5453 in
1356 5409 1516 5470 portu
1549 5400 1925 5469 tranquillum.
1978 5399 2038 5455 Si

469 5494 593 5560 quis
617 5509 746 5562 ergo
767 5493 1005 5547 animam
1032 5507 1188 5547 suam
1218 5493 1293 5547 ita
1317 5493 1690 5554 constituerit,
1716 5500 1776 5546 ut
1805 5499 1925 5564 ipsa
1967 5494 2040 5549 sit

468 5586 763 5654 tranquilla
793 5585 848 5638 in
874 5585 1073 5654 quiete,
1109 5598 1218 5638 non
1257 5583 1462 5653 agitata
1502 5583 1781 5646 fluctibus,
1817 5584 2040 5638 minime

469 5684 650 5732 emota
684 5691 713 5728 a
739 5676 1023 5744 spiritibus
1054 5675 1446 5744 improbitatis,
1469 5691 1644 5744 neque
1672 5675 2039 5730 intumescens

472 5784 568 5836 per
598 5769 932 5838 superbiam,
979 5783 1156 5838 neque
1206 5784 1468 5840 spumans
1509 5769 1600 5823 ira:
1631 5768 1906 5834 fluctibus,
1940 5783 2035 5825 ne-

2143 1947 2270 2001 ματι
2299 1926 2498 1982 κύκλου
2519 1924 2874 1998 γυρούμενον,
2904 1923 2934 1976 ὃ
2956 1921 3020 1992 δὴ
3045 1919 3174 1990 περὶ
3199 1919 3324 1981 τοὺς
3345 1915 3601 1986 γαυροὺς
3620 1913 3728 1966 τῶν

2138 2022 2332 2075 πώλων
2382 2019 2598 2090 ὁρῶμεν
2641 2017 2944 2088 γινόμενον.
2996 2013 3059 2066 Ἦ
3107 2011 3216 2080 γὰρ
3273 2007 3382 2062 τῶν
3432 2005 3725 2076 όρμίσκων

2141 2114 2330 2184 μνήμη
2362 2111 2452 2165 τὸν
2471 2109 2669 2164 κύκλον
2699 2109 3066 2168 ἐνδείκνυται,
3093 2097 3154 2157 οἶδ
3183 2103 3243 2155 τὸ
3277 2100 3463 2170 σχῆμα
3501 2098 3602 2150 ἐπὶ
3631 2094 3726 2148 τοῦ

2137 2204 2360 2274 αὐχένος
2399 2200 2745 2271 δεικνύμενον
2782 2197 3214 2271 εὐπρεπέστερον
3244 2191 3437 2246 ἑαυτοῦ
3468 2189 3566 2243 τὸν
3609 2187 3725 2239 τεῶ-

2137 2297 2227 2350 λον
2274 2298 2434 2348 ποιεῖ·
2484 2295 2650 2365 ὅρμος
2694 2292 2750 2344 δὲ
2799 2290 3015 2359 λέγεται
3067 2287 3268 2358 κυρίως
3314 2284 3413 2355 μὲν
3461 2281 3562 2333 ἐπὶ
3613 2278 3723 2332 τῶν

2139 2386 2422 2458 παραλίων
2455 2385 2655 2447 τόπων,
2696 2385 2753 2435 ἐν
2794 2376 2876 2442 οἷς
2906 2382 2940 2449 ἠ
2985 2377 3120 2448 ὄχθη
3148 2373 3291 2432 κατὰ
3327 2373 3389 2425 τὸ
3429 2372 3588 2432 ἐντὸς
3625 2385 3722 2438 μη-

2139 2479 2343 2548 νοειδὴς
2383 2476 2760 2537 κοιλανθεῖσα,
2808 2468 3128 2540 ὑποδέχεταί
3174 2484 3235 2519 τε
3265 2464 3343 2535 τῷ
3391 2463 3586 2532 κόλπῳ
3623 2459 3723 2528 τὴν

2139 2571 2431 2635 Θάλασσαν,
2457 2569 2550 2622 καὶ
2577 2564 2846 2622 ἀναπαύει
2874 2563 2938 2617 δι’
2967 2562 3163 2630 ἐαυτῆς
3190 2559 3317 2621 τοὺς
3348 2558 3415 2608 ἐκ
3442 2555 3720 2619 πελάγους

2137 2662 2556 2734 προσπλέοντας.
2605 2659 2700 2711 Ἐκ
2730 2654 3042 2727 μεταφορᾶς
3084 2651 3142 2705 δὲ
3179 2649 3270 2703 διὰ
3299 2647 3395 2701 τοῦ
3435 2647 3720 2716 σχήματος

2137 2755 2166 2806 ό
2192 2750 2606 2824 περιτραχήλιος
2635 2748 2838 2818 κόσμος
2851 2747 3020 2816 ὅρμος
3039 2742 3277 2809 λέγεται.
3307 2738 3476 2790 Ὅταν
3501 2735 3560 2788 δὲ
3589 2735 3719 2786 ὐπο-

2138 2841 2461 2914 κοριστικῶς
2506 2839 2772 2911 ὁρμίσκον
2814 2839 2936 2891 ἀντὶ
2977 2837 3148 2905 ὅρμου
3197 2830 3464 2898 λέγωμεν,
3512 2825 3618 2896 τὴν
3663 2826 3717 2875 ἐν

2137 2934 2303 3004 ὀλίγῳ
2337 2934 2430 2986 τοῦ
2462 2934 2738 3003 σχήματος
2757 2928 3049 2999 ὁμοιότητα
3076 2923 3164 2976 διὰ
3189 2921 3287 2989 τῆς
3318 2915 3579 2985 τοιαύτης
3607 2931 3716 2982 qam-

2138 3023 2237 3093 νῆς
2267 3021 2674 3090 ἐνδεικνύμεθα.
2715 3017 2893 3074 Πολλὰ
2927 3016 3104 3070 τοίνυν
3143 3014 3222 3075 είς
3248 3007 3499 3078 ἐγκώμια
3534 3020 3719 3058 συντε-

2139 3116 2334 3169 λοῦντα
2364 3116 2464 3186 τὴν
2492 3113 2732 3184 νύμφην,
2756 3113 2790 3182 ή
2814 3111 2948 3181 πρὸς
2979 3109 3104 3169 τοὺς
3127 3103 3428 3175 ὁρμίσκους
3457 3098 3716 3168 ὁμοιότης

2139 3207 2233 3260 τοῦ
2273 3206 2547 3278 τραχήλου
2581 3203 2944 3258 ἐνδείκνυται·
2980 3199 3192 3269 πρῶτον
3236 3195 3333 3265 μὲν
3381 3194 3464 3246 ὅτι
3492 3193 3581 3252 εἰς
3624 3187 3717 3240 κύ-

2141 3299 2270 3351 κλου
2296 3298 2478 3368 σχῆμα
2517 3297 2785 3366 κάμπτων
2811 3295 2839 3346 ὁ
2871 3291 3049 3354 πῶλος
3073 3290 3164 3342 τὸν
3197 3286 3422 3356 αὐχένα,
3455 3281 3598 3351 πρὸς
3622 3280 3717 3339 τάς

2145 3391 2279 3455 ιδίας
2302 3390 2410 3442 τῶν
2439 3387 2614 3443 ποδῶν
2651 3387 2836 3457 βάσεις
2881 3385 3012 3456 ὁρᾷ·
3045 3382 3112 3434 δι’
3162 3375 3238 3433 ὧν
3275 3373 3632 3446 ἁπρόσκοπόν
3659 3387 3717 3422 τε

2141 3485 2234 3536 καὶ
2263 3480 2481 3551 ἀσφαλῆ
2513 3482 2744 3533 ποιεῖται
2763 3476 2852 3530 τὸν
2877 3476 3097 3547 δρόμον,
3126 3473 3262 3542 μήτε
3285 3469 3363 3538 τῷ
3395 3466 3536 3535 λίθῳ
3557 3481 3721 3536 προσο

2142 3573 2373 3634 πταίων,
2417 3571 2553 3641 μήτε
2584 3567 2932 3639 κενεμϐατίῖΝ
2977 3565 3056 3636 τῷ
3091 3563 3287 3634 βόθρῳ.
3339 3559 3513 3613 Τοῦτο
3552 3559 3612 3611 δὲ
3659 3558 3720 3610 οὐ

2143 3663 2337 3734 μικρόν
2371 3664 2518 3715 ἐστιν
2551 3662 2630 3724 είς
2673 3658 2945 3730 εὐφημίαν
2976 3656 3178 3727 ψυχῆς,
3207 3654 3265 3708 τὸ
3289 3695 3302 3714 ,
3337 3651 3476 3722 πρὸς
3516 3648 3722 3718 ἑαυτὴν

2143 3754 2378 3824 βλέπειν,
2408 3753 2502 3806 καὶ
2525 3751 2591 3804 δι’
2615 3750 2914 3821 ἀσφαλείας
2943 3749 3124 3817 πάσης
3153 3745 3288 3816 πρὸς
3311 3743 3403 3796 τὸν
3435 3742 3584 3795 θεῖον
3607 3742 3723 3812 δρό-

2143 3862 2242 3915 μον
2294 3842 2639 3912 ἐπείγεσθαι,
2693 3841 2872 3894 πάντα
2924 3838 2995 3893 τά
3050 3840 3115 3892 ἐκ
3178 3834 3504 3906 πειρασμῶν
3557 3851 3721 3886 τινων

2139 3936 2464 4006 ἐγγινόμενα
2493 3934 2629 4005 πρὸς
2673 3933 2764 3986 τὸν
2813 3931 3012 4001 δρόμον
3061 3928 3313 4000 ἐμπόδια,
3358 3925 3722 3994 διαλλομένην

2139 4030 2232 4080 καὶ¹
2256 4025 2705 4098 ὑπερδαίνουσαν.
2749 4023 2976 4078 Ἔπειτα
2999 4022 3054 4074 δὲ
3103 4019 3196 4073 καὶ
3235 4017 3367 4072 αὐτὸ
3401 4018 3466 4070 τὸ
3498 4017 3721 4086 πρωτόο

2137 4138 2305 4174 τυπον
2335 4119 2443 4172 τῶν
2477 4119 2663 4190 ὅρμων
2686 4116 2878 4185 ὄνομα,
2906 4113 3027 4168 ὅθεν
3050 4113 3140 4166 διὰ
3165 4111 3264 4181 τὴν
3298 4107 3394 4162 τοῦ
3436 4110 3722 4178 σχήματος

2139 4211 2449 4282 ὁμοιότητα,
2477 4213 2506 4264 ὁ
2531 4208 2908 4280 περιδέρῥαιος
2939 4206 3163 4274 κόσμιος
3208 4201 3473 4272 όρμίσκος
3502 4199 3721 4269 ὠνόμα-

2141 4322 2284 4366 σται,
2317 4302 2570 4374 μεγάλων
2607 4301 2768 4354 τινῶν
2797 4298 3088 4368 ἐγκωμίων
3118 4293 3424 4367 ὑπερϐολὴν
3446 4294 3718 4364 περιέχει,

2137 4397 2265 4450 ὅταν
2295 4394 2555 4466 ὡμοιώθη
2585 4395 2698 4456 τοῖς
2725 4393 2914 4464 ὅρμοις
2944 4392 2974 4443 ό
3012 4388 3303 4459 τράχηλος.
3337 4386 3476 4440 Τίνα
3503 4387 3564 4439 δέ
3605 4389 3718 4439 ἐστι

2139 4483 2208 4536 τὰ
2239 4481 2487 4551 ἐγκώμια
2525 4481 2596 4534 τά
2623 4479 2713 4534 διά
2739 4479 2944 4532 τούτων
2989 4479 3121 4548 ἡμῖν
3163 4476 3269 4530 ὑπὸ
3297 4475 3394 4528 τοῦ
3433 4475 3596 4544 λόγου
3624 4476 3717 4545 δη-

2141 4574 2374 4644 λούμενα
2398 4589 2414 4638 ;
2455 4571 2579 4624 Ἥδύ
2609 4589 2660 4624 τι
2682 4571 2775 4625 καὶ
2805 4570 3071 4640 σωτήριόν
3103 4571 3217 4622 ἐστι
3245 4570 3359 4632 “rei;
3384 4568 3720 4621 καταπλέων

2142 4682 2226 4718 σιν
2261 4667 2290 4719 ὁ
2332 4663 2519 4733 λιμὴν,
2556 4662 2651 4716 καὶ
2678 4661 2740 4715 τὸ
2781 4661 2918 4732 μετὰ
2956 4660 3056 4730 τὴν
3095 4661 3154 4712 ἐν
3182 4659 3430 4730 θαλάσσῃ
3473 4659 3718 4713 κακοπά-

2141 4757 2322 4820 θειαν,
2375 4757 2542 4827 ὅρμον
2596 4753 2721 4807 τινὰ
2773 4751 3096 4806 καταλαϐεῖν
3154 4751 3505 4818 εύδιάζοντα,
3562 4754 3623 4806 ἐν
3677 4745 3718 4818 ᾧ

2141 4849 2308 4920 λήθην
2343 4847 2700 4918 ποιησάμενοι
2740 4845 2848 4900 τῶν
2875 4845 2934 4898 ἐν
2973 4845 3214 4916 θαλάσσῃ
3241 4845 3452 4911 κακῶν,
3472 4845 3588 4900 ὅλοι
3623 4846 3717 4916 τῆς

2138 4939 2495 5002 ἀναπαύσεως
2559 4938 2839 5005 γίνονται,
2897 4938 3023 5000 τοὺς
3098 4937 3344 5007 μακροὺς
3405 4937 3611 5001 πόνους
3656 4935 3718 4990 δι’

2140 5033 2369 5102 ἡσυχίαν
2410 5030 2924 5101 παραμυθούμενοι,
2969 5030 3068 5082 οὐκ
3111 5029 3259 5082 ἐστιν
3300 5029 3489 5092 αὐτοῖς
3536 5029 3718 5084 οὐκέτι

2138 5124 2398 5190 ναυαγίου
2449 5122 2638 5191 φόϐος,
2681 5121 2805 5176 οὔτε
2849 5124 2882 5191 ἡ
2925 5121 3036 5174 τῶν
3081 5121 3299 5189 ὑφάλων
3328 5121 3582 5186 ὑπόνοια,
3601 5121 3716 5175 οὔτε

2145 5215 2416 5286 πειρατῶν
2437 5215 2700 5278 κίνδυνος,
2727 5213 2849 5267 οὔτε
2893 5215 3217 5283 πνευμάτων
3243 5213 3486 5285 ταραχὴ,
3523 5212 3652 5267 οὔτε
3686 5213 3716 5281 ἡ

2145 5310 2211 5360 ἐκ
2259 5306 2436 5377 βυθῶν
2469 5306 2843 5360 ἀνοιδαίνουσα
2888 5303 2978 5358 διὰ
3027 5303 3136 5357 τῶν
3168 5303 3392 5374 ἀνέμων
3434 5303 3714 5359 θάλασσα’

2145 5397 2282 5452 ἀλλὰ
2321 5399 2537 5452 πάντων
2581 5399 2690 5452 τῶν
2719 5398 2976 5451 τοιούτων
3016 5396 3276 5453 κινδύνων
3296 5397 3458 5461 ἐκτὸς
3484 5396 3715 5466 γίνονυαι

2144 5493 2194 5543 οἱ
2223 5491 2628 5562 χειμαζόμενοι,
2654 5490 2748 5544 τοῦ
2780 5491 3046 5560 πελάγους
3084 5490 3144 5542 ἐν
3171 5488 3252 5560 τῷ
3278 5489 3440 5561 ὅρμῳ
3463 5489 3714 5561 γαληνιά·

2147 5583 2350 5648 ζοντος.
2402 5583 2468 5636 Εί
2493 5583 2673 5637 τοίνυν
2700 5582 2842 5636 οὕτω
2871 5600 2955 5646 τις
2982 5584 3082 5654 τὴν
3113 5579 3308 5635 ἐαυτοῦ
3335 5581 3520 5652 ψυχὴν
3552 5596 3710 5635 κατα-

2147 5677 2415 5748 στήσειεν,
2454 5677 2532 5740 ὡς
2567 5677 2737 5748 αὑτήν
2761 5694 2822 5729 τε
2863 5677 3103 5746 γαλήνην
3132 5674 3276 5744 ἔχειν
3307 5677 3367 5727 ἐν
3391 5675 3630 5743 ἀκύμονι
3651 5673 3708 5738 τῇ

2146 5769 2375 5841 ἡσυχίᾳ,
2426 5769 2589 5840 μηδὲν
2627 5769 3102 5840 παρακινουμένην
3147 5769 3210 5820 ἐκ
3251 5767 3361 5822 τῶν
3399 5766 3712 5836 πνευμάτων
