3846 6220
144 253 254 312 817

1176 272 1244 328 ΙΝ
1280 276 1579 336 CANTICA
1627 279 1897 339 CANTIC.
1944 282 2230 340 HOIIILIA
2259 285 2347 341 ΙΙΙ.

3281 292 3387 349 818

140 375 245 444 τῆς
272 376 552 475 πονηρίας,
586 381 722 475 μήῌτε
749 382 816 475 δι’
845 383 1219 462 ὑπερηφανίας
1238 392 1714 468 οίδαίνουσαν,’μή-

1831 416 1936 472 quc
1965 402 2071 458 ulla
2104 403 2209 457 alia
2245 403 2512 458 undarum
2543 403 2710 458 animi
2745 405 3167 475 perturbatione,
3209 407 3386 464 ullave

141 469 346 557 τεῗτοίς
373 466 468 520 τοῦ
502 467 677 541 θυμοῦ
712 472 949 544 κύμασιν
985 477 1399 550 ὲξαφρίζουσαν,
1438 486 1576 557 μήτε
1603 466 1722 540 κατ’

142 554 356 609 ἀλλοτι
399 559 568 623 πάθος
616 562 1116 639 κλυδωνιζομένην,
1158 573 1253 625 καὶ
1290 554 1724 650 περιφερομένην

144 649 312 740 παντὶ
336 650 544 721 ἀνέμῳ,
566 652 646 723 τῷ
669 654 740 707 τὰ
769 658 986 713 ποικίλα
1012 660 1231 732 κύματα
1255 665 1365 719 τῶν
1389 649 1724 740 παθημάτων

141 737 413 808 ἐγείροντι
431 756 447 771 °
476 743 526 794 εί
558 743 736 796 τοίνυν
765 747 901 818 αὐτή
924 765 984 801 τε
1005 749 1180 815 οὕτως
1204 753 1339 823 ἔχοι,
1389 756 1482 808 καὶ
1513 737 1638 822 τοὺς
1665 761 1726 813 ὲν

133 825 221 899 Δτῷ
258 827 489 896 πελάγει
516 827 608 884 τοῦ
639 829 756 902 βίου
788 836 1217 910 χειμαζομένους
1266 844 1324 896 ὲν
1371 847 1492 909 ταῖς
1529 863 1724 901 παντο-

139 920 330 975 δαπῶν
363 923 472 977 τῶν
509 927 694 981 κακῶν
720 933 1038 1003 τρικυμίαις
1063 938 1120 989 ἐν
1150 936 1318 1010 ἑαυτῇ
1351 941 1720 1011 καταστέλλοι,

139 1011 264 1110 λίαν
284 1015 468 1079 αὐτοῖς
496 1017 590 1070 καὶ
637 1019 949 1092 ἀκύμαντον
982 1027 1082 1099 τὴν
1105 1027 1173 1082 δι’
1198 1031 1399 1104 ἀρετῆς
1451 1035 1596 1110 ζωὴν
1625 1039 1726 1108 ὑφ-

139 1104 466 1174 απλώσασα,
491 1107 631 1162 ὥστε
659 1115 785 1176 τοὺς
813 1114 873 1167 ὲν
905 1117 1042 1188 αὐτῇ
1070 1122 1362 1189 γεγονότας
1387 1104 1722 1197 ἐκτὺςγίνε-

140 1195 268 1250 σθαι
304 1197 414 1251 τῶν
459 1201 522 1253 ἐκ
560 1205 820 1273 ναυαγίου
861 1209 1077 1277 κακῶν,
1123 1213 1303 1279 καλῶς
1344 1220 1456 1281 τοῖς
1483 1220 1588 1272 ὑπὸ
1628 1220 1720 1275 τοῦ

135 1286 317 1355 Λόγου
349 1289 762 1362 ἐπαινουμένοις
793 1297 1078 1368 ὁρμίσκοις
1116 1302 1417 1374 ὁμοιοῦται,
1457 1311 1558 1380 τῆς
1585 1310 1724 1382 πλη-

137 1379 400 1452 θυντικῆς
439 1387 712 1456 σημασίας
765 1388 866 1461 τὴν
895 1392 954 1444 ἐν
986 1393 1202 1466 ἑκάστῳ
1230 1395 1360 1450 εἴδει
1397 1402 1496 1470 τῆς
1516 1379 1723 1472 ἀρετῆς

136 1472 457 1562 τελειότητα
475 1477 868 1550 σημαινούσης.
909 1479 975 1535 El
999 1483 1107 1556 γάρ
1128 1481 1198 1556 ἦν
1225 1487 1305 1541 ἑνὶ
1330 1488 1476 1560 μόνῳ
1505 1508 1724 1562 προσει-

136 1560 388 1652 κασμένη
414 1565 680 1638 όρμίσκῳ,
720 1570 918 1642 ἀτελὴς
961 1572 1028 1627 ἂν
1076 1575 1293 1642 πάντως
1321 1579 1351 1631 ὁ
1381 1560 1599 1645 ἔπαινος
1632 1578 1720 1652 ἦν,

134 1647 214 1744 ῶς
237 1650 300 1702 οὐ
319 1651 418 1744 τὴν
437 1655 604 1722 αὐτὴν
621 1661 715 1710 καὶ
733 1661 827 1713 ἐπὶ
841 1662 951 1716 τῶν
971 1663 1171 1721 λοιπῶν
1182 1669 1393 1738 ἀρετῶν
1415 1647 1722 1744 μαρτυρίαν

1823 501 1986 548 vento
2029 493 2158 560 lata,
2200 495 2292 562 qui
2342 495 2544 551 multos
2587 498 2788 552 excitat
2819 496 3017 553 ﬂuctus
3051 499 3220 554 animi
3251 500 3386 556 alle-

1825 595 2010 641 ctuum
2045 603 2058 640 :
2108 586 2155 642 si
2183 600 2313 656 ergo
2357 586 2474 656 ipsa
2509 588 2581 642 ita
2613 603 2672 644 se
2708 590 2924 657 habeat,
2967 601 3024 646 et
3070 607 3165 648 eos
3202 594 3297 662 qui
3333 595 3388 648 in

1824 677 1962 731 mari
1991 677 2116 731 vita:
2164 683 2483 746 tempestate
2525 680 2800 749 agitantur
2848 685 2902 735 in
2959 684 3189 739 summis
3229 700 3392 740 omne

1821 782 1996 838 genus
2041 768 2309 823 malorum
2343 769 2599 827 ﬂuctibus
2635 774 2776 842 apud
2807 789 2866 828 se
2891 774 2948 828 in
2976 776 3270 846 tranquillo
3299 791 3388 832 rc-

1825 859 2022 926 tineat,
2048 861 2129 915 eis
2159 861 2374 930 planam
2407 869 2461 917 et
2499 863 2662 919 nullis
2705 865 2963 934 procellis
3003 867 3262 938 agitatam
3294 883 3390 938 per

1825 952 2083 1007 virtutem
2116 953 2400 1022 explicans
2438 955 2603 1009 vitam
2641 973 2656 1007 :
2702 956 2838 1012 adeo
2869 965 2932 1012 ut
2968 959 3061 1028 qui
3088 959 3142 1013 in
3168 973 3229 1014 ea
3271 958 3391 1014 fue-

1825 1044 1935 1098 rint
1967 1043 2076 1099 sint
2102 1051 2257 1099 extra
2282 1045 2464 1098 omnia
2496 1047 2636 1099 mala
2667 1048 2960 1120 naufragii,
2996 1058 3142 1104 recte
3172 1065 3201 1104 a
3235 1049 3388 1105 Seria

1823 1146 1984 1205 ptura
2016 1135 2353 1190 assimilntur
2385 1137 2690 1206 όρμίσκοις,
2722 1139 2776 1192 id
2806 1148 2912 1204 est,
2937 1143 3242 1212 torquibus,
3271 1159 3390 1214 qua:

1823 1227 2122 1282 ctl‘eruntur
2147 1242 2371 1282 numero
2411 1229 2630 1298 plurali,
2658 1245 2792 1286 voce
2837 1232 3177 1301 signiﬁcante
3213 1235 3390 1303 perfe-

1823 1317 2064 1371 ctionem
2089 1317 2146 1372 in
2177 1333 2506 1388 unaquaque
2538 1319 2757 1376 virtute.
2790 1320 2847 1376 Si
2878 1323 3024 1378 enim
3051 1325 3146 1378 uni
3171 1325 3272 1380 soli
3297 1341 3388 1380 as-

1824 1407 2060 1462 similata
2105 1410 2285 1478 torqui
2329 1418 2496 1472 esset.
2546 1411 2666 1467 laus
2702 1413 2925 1468 omnino
2969 1423 3116 1470 esset
3159 1416 3386 1483 inutilis,

1823 1497 1968 1566 quod
1992 1512 2100 1552 non
2131 1497 2269 1552 idem
2299 1498 2523 1553 haberet
2551 1500 2926 1555 testimonium
2959 1502 3013 1555 in
3037 1503 3252 1559 caeteris
3275 1505 3388 1558 vir-

1825 1589 2074 1644 tutibus:
2111 1604 2257 1643 nunc
2301 1601 2482 1645 autem
2522 1592 2772 1647 oratione
2803 1594 3187 1662 complectitur
3231 1607 3390 1648 omne

1822 1672 2084 1726 virtutum
2131 1674 2530 1738 testimonium,
2571 1691 2692 1746 quae
2738 1676 2796 1731 ﬁt
2825 1679 3103 1745 torquium
3138 1679 3388 1733 multitu-

133 1737 277 1840 ἔχων
299 1759 315 1775 ο
351 1741 446 1796 νῦν
467 1744 522 1798 δὲ
543 1749 721 1804 πᾶσαν
739 1751 1102 1824 συλλαμϐάνει
1123 1757 1201 1829 τῷ
1217 1737 1359 1830 λόγῳ
1381 1737 1714 1836 τῶν-ἀρετῶν

1821 1762 1934 1818 dini
1970 1763 2316 1820 assimilatio.
2353 1766 2447 1820 Est
2473 1737 2823 1838 hoc-quoque
2853 1737 3332 1840 consilium,quod
3359 1784 3388 1822 a

134 1830 238 1901 τὴν
254 1836 558 1906 μαρτυρίαν
594 1842 627 1909 η
648 1841 783 1912 πρὸς
803 1843 864 1895 τὸ
883 1845 1086 1916 πλῆθος
1104 1848 1213 1903 τῶν
1232 1851 1507 1922 όρμίσκων
1523 1830 1721 1925 ὁμοίω-

138 1937 245 1984 σις.
269 1925 388 2017 βαι
412 1927 569 1982 τοῦτο
592 1932 866 2006 συμϐουλή
892 1937 975 2000 τίς
1007 1939 1122 1992 ἐστι
1149 1943 1302 2013 παρά
1327 1944 1420 1997 τοῦ
1445 1946 1616 2014 Λόγου
1641 1947 1718 2017 τῷ

135 2011 428 2108 κοινῷῌτῆς
460 2019 784 2092 Ἐκκλησίας
819 2011 1311 2103 προσαγομένηξτὸ
1336 2035 1410 2106 μὴ
1436 2011 1545 2090 δεῖν
1571 2011 1716 2108 ἡμᾶς

137 2104 366 2201 πρὸς-ἒν
385 2124 440 2201 τι
476 2111 588 2165 τῶν
619 2113 838 2182 ἀγαθῶν
879 2119 1195 2189 βλέποντας,
1243 2104 1462 2197 ἀμελῶς
1496 2104 1625 2201 περί
1649 2132 1716 2186 τὰ

135 2191 303 2290 λοιπά
327 2200 436 2252 τῶν
460 2204 899 2278 κατορθωμάτων
924 2211 1088 2282 ἔχειν.
1123 2215 1262 2268 Ἀλλ’
1285 2191 1352 2270 *εἴ
1381 2236 1463 2272 σοι
1498 2191 1721 2290 γέγονεν

133 2286 308 2384 ὅρμος
330 2290 369 2384 η
398 2296 751 2384 σωφροσύνη,
801 2302 1051 2376 καθάπερ
1093 2307 1205 2361 τισὶ
1249 2286 1616 2382 μαργαρίταις
1643 2313 1722 2384 τῷ

135 2378 366 2468 καθαρῷ
390 2382 490 2454 βίῳ
517 2386 608 2439 τὸν
632 2390 900 2461 τράχηλον
934 2378 1267 2468 λαμπρύνων
1295 2418 1309 2431 ο
1331 2378 1474 2454 ἔστω
1516 2403 1598 2455 σοὶ
1628 2378 1724 2457 καὶ

130 2467 324 2539 ἕτερος
351 2471 541 2543 ὅρμος,
577 2478 606 2529 ὁ
638 2480 762 2543 τοὺς
803 2484 1020 2553 τιμίους
1047 2467 1230 2552 λίθους
1254 2490 1364 2543 τῶν
1403 2493 1636 2546 ἐντολῶν
1662 2496 1722 2548 έν

132 2557 317 2655 ἑαυτῷ
347 2565 678 2655 ⁴ιτεριείργων
697 2610 712 2632 ,
747 2573 840 2625 καὶ
871 2573 939 2626 δι’
972 2577 1166 2630 ἑαυτοῦ
1199 2580 1297 2650 τῆς
1334 2583 1533 2655 δέρῥης
1561 2585 1719 2639 πλεο-

131 2642 316 2746 νάζων
346 2647 407 2700 τὸ
435 2649 629 2714 κάλλος
649 2671 662 2685 ·
717 2655 858 2710 ἔστω
894 2661 976 2714 σοὶ
1007 2665 1102 2717 καὶ
1137 2642 1298 2731 ἄλλος
1329 2642 1531 2742 κόσμός
1559 2691 1716 2746 περι-

129 2737 406 2807 αυχένιος,
433 2742 464 2810 ή
487 2743 715 2817 εὐσεϐής
739 2765 800 2802 τε
823 2752 917 2804 καὶ
939 2754 1257 2822 ὑγιαίνουσα
1289 2760 1492 2827 πίστις,
1533 2766 1718 2836 κύκλῳ

131 2825 235 2920 τὸν
269 2828 371 2920 τῆς
404 2831 580 2903 ψυχῆς
619 2839 826 2909 αὐχένα
851 2844 1312 2916 διαλαμϐάνουσα.
1374 2825 1541 2920 Οὗτός
1569 2825 1716 2914 ἐστιν

130 2917 162 2968 ό
183 2916 364 3016 κλοιὸς
390 2924 663 3016 όχρύσεος
692 2931 720 2982 ὁ
745 2933 811 2986 ὲκ
836 2934 931 2987 τοῦ
963 2937 1242 3010 ἀκηράτου
1271 2946 1370 3015 τῆς
1390 2916 1716 3016 θεογνωσίας

1821 1853 2006 1910 Verbo
2043 1858 2318 1925 praebetur
2363 1859 2460 1912 toti
2504 1858 2782 1926 Ecclesia,
2845 1877 2954 1916 non
2989 1869 3243 1932 oportere
3289 1877 3390 1916 nos

1820 1945 1885 1998 ad
1910 1961 2076 1999 unum
2095 1947 2313 2017 aliquod
2335 1948 2535 2002 bonum
2560 1949 2911 2020 aspicientes,
2930 1951 2985 2005 in
3007 1951 3220 2007 caeteris
3242 1961 3390 2007 recte

1819 2035 1982 2091 factis
2016 2052 2141 2093 esse
2162 2039 2516 2110 negligentes.
2583 2039 2689 2096 Sed
2716 2041 2763 2097 si
2794 2042 2866 2097 sit
2898 2043 2994 2097 tibi
3027 2044 3227 2098 monile
3255 2052 3388 2098 tem-

1817 2128 2098 2197 perantiae,
2129 2130 2298 2184 veluti
2339 2131 2668 2199 quibusdam
2712 2134 3054 2203 margaritis,
3103 2149 3239 2204 pura
3279 2134 3390 2190 vita

1816 2219 1870 2274 in
1892 2221 2034 2274 collo
2066 2221 2420 2290 resplendcns
2453 2241 2466 2276 :
2518 2223 2589 2278 sit
2623 2224 2720 2278 tibi
2775 2225 2923 2281 aliud
2955 2226 3186 2291 monile,
3240 2229 3385 2297 quod

1818 2312 2093 2382 pretiosas
2116 2327 2368 2381 gemmas
2392 2323 2791 2385 praeceptorum
2821 2316 2874 2370 in
2912 2332 2972 2372 se
3003 2318 3302 2383 contineat,
3333 2330 3388 2373 et

1819 2417 1916 2472 per
1945 2418 2006 2458 se
2038 2404 2093 2456 in
2124 2403 2339 2459 cervice
2365 2406 2642 2476 copiosam
2685 2408 2992 2478 suppeditet
3030 2410 3390 2479 pulchritudi—

1819 2508 1968 2547 nem.
2004 2492 2084 2548 Sit
2114 2494 2278 2548 etiam
2299 2495 2399 2550 tibi
2427 2496 2576 2551 aliud
2601 2497 2725 2552 colli
2753 2509 3157 2566 ornamentum,
3196 2516 3388 2571 nempe

1818 2585 2028 2654 pietas,
2071 2593 2333 2656 rectaque
2360 2595 2414 2641 et
2447 2603 2580 2643 sana
2617 2589 2776 2655 lides,
2824 2591 2881 2644 in
2930 2591 3117 2646 orbem
3150 2593 3387 2647 circum-

1819 2678 1956 2731 dans
1985 2677 2184 2732 collum
2211 2679 2423 2732 animae.
2467 2677 2581 2732 Hoc
2623 2688 2708 2734 est
2732 2679 2936 2736 collare
2962 2696 3211 2750 aureum,
3241 2685 3385 2753 quod

1818 2783 1884 2823 ex
1914 2769 2132 2825 sincero
2167 2785 2307 2825 auro
2331 2769 2424 2825 Dei
2451 2771 2784 2842 cognitionis
2808 2772 2954 2829 circa
2984 2775 3186 2829 collum
3219 2775 3386 2830 reful-

1819 2866 1909 2930 get
1940 2877 1955 2915 :
2000 2861 2067 2916 de
2089 2876 2196 2930 quo
2223 2861 2355 2915 dicit
2388 2862 2756 2931 proverbium,
2786 2862 3056 2918 Coronam
3087 2866 3387 2936 gratiarum

1823 2951 2050 3020 accipies
2078 2961 2167 3005 tuo
2200 2952 2384 3022 capiti,
2413 2961 2461 3006 et
2493 2961 2700 3022 torques
2735 2969 2922 3008 aureos
2951 2955 3086 3009 collo
3118 2955 3294 3010 tuo".

133 3010 472 3114 χρυσίουτῶ
492 3020 748 3114 τραχηλῳ
768 3025 1244 3100 περιλαμπόμενος
1268 3050 1280 3062 ·
1319 3010 1447 3105 περὶ
1468 3010 1528 3092 ob
1553 3010 1716 3110 φησιν
1755 3039 1788 3109 ἡ
1836 3010 2134 3112 παροιμίαο
2181 3010 2276 3096 ὅτι,
2330 3010 2636 3111 Στέφανόν
2676 3045 2934 3112 χαρίτων
2961 3044 3105 3114 δέξῃ
3141 3045 3229 3114 σῇ
3289 3063 3390 3100 κο-

125 3101 322 3171 ρυφῇ,
483 3111 692 3165 κλοιὸν
719 3118 985 3183 χρύσεον
1010 3122 1144 3191 περὶ
1166 3123 1246 3190 τῷ
1273 3101 1570 3197 τραχήλιᾴ

204 3196 498 3295 μὲνοῦν
514 3202 602 3259 διὰ
618 3205 725 3259 τῶν
741 3210 1020 3280 ὁρμίσκων
1039 3217 1314 3292 συμϐουλὴ
1334 3221 1577 3295 τοιαύτη.
1601 3224 1714 3278 Και-

1897 3224 2076 3292 Atque
2122 3231 2208 3276 est
2255 3221 2471 3291 quidem
2507 3221 2775 3290 ejusmodi
2813 3222 3102 3277 consilium
3137 3239 3234 3294 per
3274 3233 3390 3278 tor-

139 3286 232 3386 ρὺς
254 3289 320 3386 ςῖν
337 3291 432 3386 ,εἴη
453 3295 546 3386 καλ.
560 3296 651 3350 τὸν
675 3299 870 3372 ἐφεξῆς
886 3303 1042 3373 λόγον
1066 3286 1381 3378 προσθεῖναι
1401 3316 1464 3384 τῇ
1494 3286 1714 3386 θεωρίᾳ,

133 3376 207 3474 δν
221 3378 270 3429 oi
288 3378 431 3474 φίλοι
454 3383 545 3436 τοῦ
569 3389 800 3458 νυμφίου
822 3393 956 3463 πρὸς
977 3396 1075 3468 τὴν
1094 3376 1360 3472 παρθένον
1375 3376 1712 3474 πεποίηνταιί

139 3469 300 3565 ἐστι
315 3470 372 3524 δὲ
394 3475 426 3542 η
445 3475 587 3540 λέξις
607 3478 743 3550 αὕτη
762 3499 775 3512 ·
802 3483 1156 3557 Ὀμοιώματα
1177 3469 1433 3559 χρυσίου
1455 3469 1718 3565 arat-riam-

261 3575 363 3654 σοι
381 3565 527 3631 μετὰ
548 3571 886 3639 στιγμάτων
910 3577 1015 3631 τοῦ
1042 3581 1303 3651 ἀργύρου
1318 3601 1333 3616 ο
1359 3585 1471 3654 ἕως
1493 3590 1526 3642 d
1543 3561 1719 3652 fiam.-

301 3651 719 3751 ἐν-ἀκακλίσει
743 3665 951 3721 αὐτοῦ.
979 3649 1200 3725 Τούτων
1220 3673 1297 3737 δὲ,
1331 3676 1409 3747 τῷ
1445 3649 1556 3747 μὲν*
1577 3681 1717 3751 πρὸς

135 3741 227 3842 ⁸τὸν
243 3743 438 3842 εξρμδν
453 3746 700 3842 βλέποντι
717 3757 815 3824 τῆς
837 3762 1301 3834 προαποδοθείσης
1315 3741 1714 3842 ἡμῖν-θεωρίας,

134 3831 284 3886 δοκεῖ
313 3851 432 3899 πως
473 3840 504 3909 ἡ
545 3839 750 3896 διάνοια
780 3850 1149 3921 συνηρτῆσθαι
1183 3831 1278 3907 καὶ
1419 3831 1714 3913 ἀκόλουθον

137 3923 299 4023 ἔχειν.
339 3925 404 4023 ’ξί
427 3929 482 3982 δὲ
511 3931 654 3999 λέξις
682 3936 1058 4006 ἐμϐαθύνουσα
1085 3949 1202 4010 ταῖς
1226 3953 1512 4018 τροπικαῖς
1539 3969 1716 4023 σημα-

140 4013 305 4078 σίαις,
351 4017 786 4094 δυσκατανόητον
825 4032 970 4083 ποιεῖ
999 4031 1061 4084 τὸ
1101 4033 1188 4088 διὰ
1228 4036 1339 4090 τῶν
1377 4013 1714 4110 αἰνιγμάτων

135 4102 486 4201 δηλούμενον.
547 4112 762 4186 Ἐπειδὴ
809 4117 918 4190 γὰρ
964 4123 1026 4174 τὸ
1063 4122 1163 4193 τῆς
1211 4125 1385 4198 ψυχῆς
1428 4102 1622 4192 κάλλος
1646 4133 1711 4201 τῇ

139 4194 388 4292 ἵππῳ-τῇ
418 4200 770 4278 καθαιρετικῇ
798 4208 905 4262 τῶν
940 4213 1252 4281 Αἰγυπτίων
1289 4194 1563 4290 ’ἀρμάτων
1607 4194 1714 4292 ago:

136 4286 416 4388 ωμοιώθη,
444 4293 688 4388 τουτέστι
716 4301 782 4369 τῇ
806 4299 1070 4377 ἀγγελικῇ
1102 4286 1361 4381 στρατιᾷζ
1382 4286 1450 4383 τῆ
1480 4314 1536 4367 δὲ
1563 4286 1714 4388 ἵππῳ

137 4377 322 4450 ἐκείνῃ
354 4383 519 4450 φησὶν
543 4385 570 4436 ό
595 4387 756 4451 καλὸς
780 4390 1064 4465 ἐπιϐάτης,
1088 4377 1315 4467 χαλινὸν*
1330 4402 1427 4472 μὲν
1439 4377 1588 4460 ἐἶναι

137 4468 507 4540 καθαρότητα,
543 4477 608 4540 ῆν
637 4477 725 4532 διά
751 4481 843 4534 τοῦ
873 4483 1137 4540 ὁμοιῶσαι
1178 4490 1277 4540 τὰς
1306 4495 1560 4540 σιαγόνας
1591 4502 1713 4540 ταῖτ-

135 4485 414 4542 καυαροτη

1825 3329 1982 3383 ques.
2014 3311 2252 3382 Tempus
2295 3319 2379 3366 est
2416 3319 2594 3364 autem
2625 3311 2926 3367 deducendi
2953 3311 3022 3366 ad
3055 3318 3388 3384 contempla-

1818 3406 2022 3459 tionem
2055 3418 2119 3458 ea
2144 3417 2362 3473 quoque
2389 3403 2552 3457 verba
2599 3418 2720 3473 quae
2759 3403 2920 3456 amici
2957 3405 3142 3474 sponsi
3179 3404 3386 3460 faciunt

1818 3495 1886 3548 ad
1948 3494 2228 3563 virginem.
2277 3492 2372 3548 Est
2427 3502 2608 3548 autem
2665 3494 2976 3560 hujusmodi
3033 3495 3234 3557 dictio,
3297 3495 3390 3551 Si-

1818 3583 2142 3638 militudines
2197 3584 2318 3638 auri
2359 3583 2613 3652 faciemus
2653 3585 2748 3638 tibi
2796 3601 2914 3662 eum
2966 3589 3106 3641 notis
3141 3590 3387 3658 argenti:

1816 3677 1978 3730 donec
2015 3690 2110 3730 rea:
2151 3677 2208 3728 in
2247 3674 2491 3729 accubitu
2533 3691 2650 3730 suo.
2706 3674 2906 3751 Eorum
2936 3685 3140 3743 autem,
3179 3681 3229 3734 ei
3263 3681 3390 3750 qui-

1817 3767 1938 3822 dem
1972 3766 2064 3837 qui
2097 3766 2292 3836 aspicit
2339 3764 2404 3818 ad
2454 3765 2649 3819 seriem
2689 3767 2844 3836 prius
2877 3767 3020 3823 data:
3059 3771 3218 3825 nobis
3247 3785 3384 3826 con-

1817 3858 2206 3928 templationis,
2241 3857 2458 3912 videtur
2499 3855 2900 3927 quodammodo
2951 3860 3227 3930 perfectus
3259 3865 3382 3918 e'ssc

1816 3967 2012 4008 sensus
2045 3959 2101 4007 et
2140 3951 2341 4006 habere
2373 3949 2839 4020 consequentiam.
2891 3951 3157 4008 Dictionis
3208 3969 3386 4007 autem

1815 4052 2106 4098 contextus
2131 4041 2430 4112 profundas
2453 4042 2659 4096 habens
2681 4043 2920 4118 tropicas
2942 4044 3386 4114 signiﬁcationes,

1815 4135 1978 4190 elﬁcit
2006 4145 2065 4189 ut
2088 4135 2162 4190 sit
2187 4134 2469 4190 intellectu
2493 4133 2729 4199 difﬁcile,
2759 4137 2902 4204 quod
2925 4138 3264 4208 signiﬁcatur
3290 4153 3388 4207 per

1815 4227 2124 4293 aenigmata.
2171 4223 2309 4279 Nam
2335 4225 2594 4294 quoniam
2634 4225 2984 4295 pulchritudo
3018 4205 3223 4282 anima;
3252 4230 3390 4284 assi-

1817 4318 2003 4372 milata
2030 4315 2134 4372 fuit
2157 4317 2315 4386 equis
2345 4317 2436 4385 qui
2464 4331 2661 4371 currus
2691 4317 2923 4386 perdunt
2949 4316 3262 4389 Egyptios,
3287 4319 3389 4373 hoc

1815 4416 1901 4464 est
1932 4408 2200 4463 exercitui
2234 4407 2483 4478 angelico
2526 4425 2539 4460 :
2573 4407 2684 4463 illis
2716 4414 2898 4464 autem
2940 4409 3096 4479 equis
3131 4408 3261 4462 dicit
3292 4409 3390 4464 bo-

421 4490 507 4538 τα,
543 4477 608 4546 ἣν
637 4477 725 4532 διά
751 4481 843 4534 τοῦ
873 4483 1137 4554 ὁμοιῶσαι
1178 4490 1277 4554 τὰς
1306 4495 1560 4563 σιαγόνας
1591 4477 1713 4562 ταῖς

1819 4517 1922 4557 nus
1939 4515 2197 4557 ascensor
2226 4499 2438 4554 frenum
2474 4501 2694 4569 quidem
2725 4515 2849 4556 esse
2874 4502 3193 4570 puritatem,
3219 4517 3382 4570 quam

136 4563 395 4662 τρυγόσιν
427 4565 750 4638 ἐνεσήμαινε
774 4589 788 4603 ·
845 4575 1048 4644 κόσμον
1088 4579 1146 4632 δὲ
1180 4561 1560 4654 περιαυχένιον
1585 4561 1714 4654 τοὺς

1818 4592 2143 4662 signiﬁcavit
2166 4607 2268 4661 per
2298 4591 2404 4644 hoc
2425 4561 2572 4659 quod
2601 4591 2926 4646 assimilavit
2953 4606 3122 4661 genas
3160 4595 3388 4647 turturi-

139 4651 415 4748 ποικίλους
439 4655 642 4726 ὅρμους
666 4663 792 4726 τοὺς
826 4664 914 4719 διά
948 4667 1056 4721 τῶν
1089 4651 1297 4743 ἀρετῶν
1340 4651 1714 4748 περιστίλϐονζ

134 4757 234 4841 τας
254 4759 268 4772 ·
288 4743 577 4841 βούλονταί
600 4767 723 4805 τινα
749 4756 843 4809 καὶ
870 4759 918 4810 οἱ
953 4760 1096 4828 φίλοι
1125 4743 1454 4838 προσθήκη-ν
1477 4770 1556 4841 τῷ
1581 4772 1715 4825 κάλ-

136 4833 217 4886 λει
248 4835 354 4905 τῆς
389 4837 554 4932 ἵππου
605 4845 954 4916 ποιήσασθαι,
1008 4853 1066 4918 ἐξ
1106 4833 1464 4926 ὁμοιωμάτων
1489 4833 1712 4932 χρυσίου

138 4929 611 4998 κατακοσμοῦντες
651 4935 721 4989 τά
760 4940 991 5013 φάλερα,
1022 4940 1103 5009 οἷς
1148 4949 1448 5014 ὲνστίζουσι
1481 4929 1576 5006 καὶ
1617 4955 1712 5008 τοῦ

137 5019 401 5116 ἀργυρίου
429 5021 530 5093 τὴν
564 5025 909 5104 καθαρότητα
927 5075 940 5097 ,
991 5033 1066 5099 ὡς
1095 5037 1162 5091 ἂν
1199 5041 1398 5110 μᾶλλον
1423 5045 1716 5116 διαλάμποι

136 5108 200 5160 τὸ
220 5111 417 5209 κάλλος
453 5116 548 5209 τοῦ
586 5124 1071 5194 προκοσμήματος,
1099 5108 1394 5204 τῆςγαύγῆς
1426 5135 1520 5189 τοῦ
1545 5108 1715 5209 ἀργύ-

139 5217 234 5269 ρου
267 5203 404 5300 προς
439 5207 538 5280 τὴν
578 5210 898 5282 λαμπηδόνα
942 5217 1037 5271 τοῦ
1081 5224 1304 5291 χρυσίου
1347 5203 1714 5300 συγκιρναμέσ

137 5305 252 5359 νης.
281 5382 294 5387 Α
319 5293 640 5387 Ἀναγκαῖον
683 5301 729 5354 δ’
766 5303 833 5357 ἂν
872 5305 959 5377 εἴη
998 5307 1098 5373 τὰς
1144 5293 1715 5387 τροπικὰςγὲμφάσεις

138 5382 555 5481 καταλιπόντας,
577 5389 891 5466 ὠφελούσης
919 5400 1067 5468 ἡμᾶς
1098 5403 1331 5468 διανοίας
1371 5407 1446 5478 μὴ
1476 5382 1712 5481 άποστῆέ

139 5489 228 5528 σαι
259 5473 350 5529 τὸν
378 5476 553 5546 λόγον.
615 5485 993 5562 Προσεικάσθη
1045 5494 1142 5564 μὲν
1183 5498 1364 5572 ἐκείνῃ
1394 5503 1459 5572 τῇ
1491 5503 1643 5574 ἵππῳ
1675 5506 1707 5576 ἡ

213 5652 256 5682 ⁸⁵³
276 5651 439 5709 Prov.
484 5675 520 5723 ι,
554 5659 606 5713 8.

1811 4686 1916 4740 bus
1949 4703 1962 4738 :
2004 4690 2255 4738 ornatum
2279 4692 2460 4737 autem
2486 4691 2542 4736 et
2567 4682 2792 4744 collare,
2828 4684 2978 4737 varia
3009 4685 3230 4738 monilia
3266 4700 3386 4754 qua:

1813 4776 2158 4845 resplendent
2204 4791 2302 4844 per
2339 4775 2600 4841 virtutes;
2648 4776 2844 4829 volunt
2885 4777 3048 4830 etiam
3083 4779 3246 4832 amici
3283 4779 3378 4831 ali-

1813 4880 1977 4934 quam
2010 4863 2124 4918 ﬁeri
2159 4863 2529 4919 accessionem
2569 4863 2692 4933 equi
2732 4864 3151 4934 pulchritudini,
3182 4881 3387 4920 ornan-

1812 4965 1895 5010 tes
1912 4955 2162 5025 phaleras
2179 4970 2243 5009 ex
2257 4955 2375 5008 auri
2392 4953 2861 5017 similitudinibus,
2888 4955 3086 5023 quibus
3100 4955 3260 5008 etiam
3279 4956 3379 5008 im-

1816 5045 2061 5114 primunt
2094 5051 2254 5098 notas
2274 5044 2532 5114 puritatis
2557 5045 2788 5114 argenti,
2819 5052 2877 5098 ut
2901 5045 3073 5114 magis
3101 5045 3386 5114 splendeat

1815 5134 2173 5206 pulchritudo
2209 5135 2540 5193 ornamenti.
2574 5136 2782 5204 fulgore
2823 5137 3032 5204 argenti
3065 5144 3382 5211 contempe-

1815 5235 1936 5281 rato
1960 5242 2084 5281 cum
2107 5227 2287 5282 nitore
2313 5227 2454 5281 auri.
2481 5226 2714 5282 Necesse
2741 5235 2920 5281 autem
2949 5225 3132 5291 fuerit,
3157 5229 3382 5296 tropicis

1815 5318 2022 5374 relictis
2070 5317 2580 5389 signiﬁcationibus,
2621 5333 2730 5371 non
2773 5317 3054 5372 dimovere
3079 5319 3384 5372 orationem

1819 5413 1888 5467 ab
1915 5427 1981 5467 co
2025 5428 2188 5467 sensu
2231 5411 2322 5481 qui
2373 5411 2530 5466 nobis
2564 5410 2758 5480 prosit.
2818 5409 2933 5464 lllis
2977 5409 3195 5478 quidem
3227 5410 3382 5478 equis

1820 5505 1920 5559 fuit
1949 5504 2247 5560 assimilata
2273 5517 2393 5573 quae
2417 5518 2513 5572 per
2537 5503 2768 5558 virtutes
2797 5509 3023 5572 purgata
3050 5501 3150 5555 fuit
3175 5503 3376 5556 anima.
