3846 6220
471 297 577 352 8l9

1701 304 1758 360 S.
1785 302 2112 360 GREGORII
2151 302 2436 360 NYSSEN

467 408 573 464 Sed
609 407 850 463 nondum
875 419 992 465 erat
1021 409 1199 467 Verbo
1231 413 1497 485 subjecta,
1526 432 1706 488 neque
1740 418 1794 472 in
1831 434 1889 475 se
1912 434 2036 489 pur-

2144 418 2224 472 διά
2249 419 2356 474 τῶν
2383 419 2591 492 ἀρετῶν
2627 419 3004 493 κεκαθαρμένη
3037 417 3204 489 ψυχή.
3264 417 3410 470 Ἀλλ’
3442 414 3621 468 οὔπω
3645 412 3722 466 τοῦ

465 501 605 553 tavit
630 515 778 566 eum,
806 502 899 572 qui
923 512 1142 574 propter
1167 505 1396 561 salutem
1419 509 1720 564 vehebatur
1743 510 1830 566 his
1853 512 2034 581 equis.

466 591 768 662 Oportebat
795 595 940 649 enim
985 597 1221 666 primum
1264 615 1361 669 per
1395 603 1579 655 omnia
1628 614 1882 658 ornatum
1912 619 2036 658 esse

466 700 694 752 equum,
731 694 786 739 et
829 685 1025 740 deinde
1062 703 1186 742 eum
1223 705 1402 759 regem
1447 699 1720 746 vectorem
1765 693 2032 762 accipere.

465 772 548 824 Au
580 780 758 827 autem
781 788 845 828 ex
870 773 979 828 alto
1004 790 1205 846 equum
1233 778 1335 833 sibi
1353 781 1746 842 accommodet,
1767 782 1814 837 is
1843 782 1958 852 qui,
1978 791 2038 836 ut

466 863 602 917 dicit
634 861 936 934 Pmpheta,
981 881 1148 938 super
1180 883 1280 925 nos
1312 885 1483 941 equos
1512 874 1778 938 ascendit,
1818 881 1874 929 et
1913 890 2039 943 pro—

467 965 588 1022 pler
626 965 870 1011 nostram
901 959 1130 1015 salutem
1165 976 1330 1032 super
1362 979 1464 1020 nos
1503 965 1730 1034 equitat,
1775 982 1843 1020 an
1872 967 2036 1021 etiam

468 1047 538 1099 sit
571 1049 622 1100 in
654 1049 833 1113 nobis,
863 1052 956 1120 qui
983 1051 1248 1107 inhabitat
1271 1061 1326 1109 et
1348 1055 1670 1122 inambulat,
1687 1057 1811 1111 etin
1841 1057 2038 1112 animae

468 1147 673 1193 nostrae
706 1139 970 1210 profunda
998 1151 1259 1213 permeat,
1292 1145 1427 1200 nihil
1451 1146 1617 1202 refert
1644 1149 1788 1218 quod
1821 1149 1886 1202 ad
1915 1164 2039 1203 sen-

469 1243 589 1281 sum
621 1230 834 1284 attinet.
864 1230 964 1286 Cui
994 1233 1138 1287 enim
1166 1241 1252 1289 est
1275 1251 1444 1289 unum
1475 1252 1541 1291 ex
1569 1239 1857 1300 ambobus.
1890 1239 2035 1307 quod

470 1321 736 1389 reliquum
763 1331 846 1376 est
865 1324 1026 1378 etiam
1057 1341 1116 1382 se
1138 1334 1283 1383 recte
1307 1328 1487 1383 habet.
1515 1327 1649 1383 Nam
1674 1338 1727 1384 et
1748 1331 1838 1400 qui
1866 1330 2034 1386 Deum

469 1427 636 1480 supra
665 1429 724 1468 se
757 1415 942 1481 habet,
972 1419 1198 1474 omnino
1229 1419 1395 1475 etiam
1434 1419 1488 1474 in
1526 1437 1585 1478 se
1612 1421 1772 1476 habet
1803 1442 1814 1477 :
1860 1434 1914 1478 et
1943 1425 2036 1495 qui

470 1502 522 1552 in
553 1516 612 1556 se
633 1507 861 1574 accepit,
886 1509 1030 1562 suhit
1061 1525 1184 1565 eum
1209 1511 1300 1582 qui
1336 1511 1391 1565 in
1421 1513 1603 1582 seipso
1631 1524 1733 1569 est.
1767 1513 1879 1570 Rex
1909 1532 2037 1587 ergo

467 1601 553 1646 est
577 1595 865 1662 quieturus
894 1613 1058 1666 super
1087 1601 1233 1656 hunc
1263 1617 1490 1672 equum.
1540 1601 1598 1657 In
1639 1603 1824 1659 divina
1854 1614 2035 1661 autem

467 1692 734 1754 potestate
750 1683 892 1744 idem
916 1700 1019 1753 est,
1037 1701 1094 1745 ut
1115 1691 1320 1746 dictum
1340 1701 1442 1758 est,
1458 1693 1632 1748 sessio
1651 1702 1704 1749 et
1727 1697 2036 1763 accubitus,

2140 511 2312 580 Λόγου
2341 513 2559 580 γέγονεν
2581 511 2906 582 ὑποχείριος,
2928 510 3047 564 οὑδέ
3074 509 3377 563 ἐϐάστασεν
3409 509 3506 576 ἐφ’
3536 504 3724 571 ἑαυτῆς

2137 601 2230 655 τὸν
2245 603 2336 656 ἐπὶ
2353 603 2594 676 σωτηρίᾳ
2607 605 2718 667 τοῖς
2734 603 2992 667 τοιούτοις
3005 600 3196 672 ἐποχοὺ
3204 617 3364 670 μενον
3379 593 3724 664 ἵπποις-Χρῆ

2139 695 2248 764 γάρ
2280 693 2494 765 πρῶτον
2530 693 2618 747 διὰ
2654 695 2871 747 πάντων
2907 690 3386 762 κατακοσμηθῆναι
3405 689 3516 741 τὸν
3543 688 3724 748 ἵππον,

2141 781 2240 837 εἷθ’
2267 784 2438 848 οὑτως
2464 785 2555 837 τὸν
2578 782 2802 853 βασιλέα
2823 782 3014 853 ἔποχον
3044 781 3312 848 δέξασθαι.
3335 779 3472 833 Εἴτε
3501 777 3568 830 δὲ
3590 777 3723 830 ἀνω-

2140 875 2230 929 θεν
2256 875 2432 947 ἑαυτῷ
2451 873 2751 946 ἐφαρμόζοι
2773 875 2862 928 τὸν
2887 874 3068 938 ἵππον,
3090 875 3118 926 6
3149 871 3288 927 κατά
3306 871 3396 924 τὸν
3417 869 3726 940 Προφήτην

2139 965 2429 1019 ἐπιϐαίνων
2460 965 2545 1034 ἐφ’
2589 966 2735 1036 ἡμᾶς
2782 963 2908 1027 τοὺς
2937 964 3168 1026 ἵππους,
3214 961 3306 1014 καὶ
3333 960 3428 1012 ἐπὶ
3468 957 3724 1025 σωτηρία

2141 1059 2174 1127 ἡ
2182 1055 2297 1126 μῶν
2320 1055 2688 1126 ἱππαζόμενος
2713 1070 2726 1084 ⁸
2756 1055 2864 1108 εἴτε
2887 1054 2981 1106 καὶ
3004 1054 3060 1106 ἐν
3082 1054 3213 1123 ἡμῖν
3234 1051 3471 1119 γένοιτο,
3493 1046 3727 1101 ὲνοικῶν

2138 1165 2198 1200 τε
2225 1147 2318 1200 καὶ
2338 1145 2748 1218 ἐμπεριπατῶν,
2769 1144 2861 1198 καὶ
2879 1145 2971 1197 ἐπὶ
2989 1143 3058 1196 τά
3079 1143 3214 1213 βάθη
3229 1141 3327 1212 τῆς
3346 1140 3542 1210 ψυχῆς
3569 1137 3722 1208 ἡμῶν

2139 1238 2502 1308 διαδυόμενος,
2531 1236 2684 1290 οὐδὲν
2709 1235 2954 1307 διαφέρει
2973 1234 3114 1287 κατά
3139 1233 3237 1304 τὴν
3257 1231 3495 1284 ἔννοιαν.
3522 1223 3601 1300 τῼ
3624 1226 3728 1296 γὰρ

2141 1327 2206 1382 ἂν
2226 1327 2286 1380 τὸ
2324 1326 2382 1380 ἓν
2419 1327 2477 1392 ἐξ
2504 1326 2825 1398 ἀμφοτέρων
2855 1325 3096 1395 γένηται,
3139 1319 3601 1392 συγκατωρθώθη
3642 1319 3730 1369 καὶ

2137 1419 2198 1472 τὸ
2220 1419 2556 1490 λειπόμενον.
2580 1419 2650 1471 '0
2671 1435 2730 1470 τε
2745 1418 2852 1490 γὰρ
2873 1419 2956 1487 ἐφ’
2977 1414 3167 1470 ἑαυτοῦ
3183 1413 3273 1469 τδν
3288 1412 3422 1466 Θεὸν
3438 1412 3621 1482 ἔχων,
3639 1412 3728 1461 καὶ

2139 1510 2197 1562 ἐν
2219 1509 2393 1579 ἐαυτῷ
2413 1509 2626 1571 πάντως
2646 1507 2758 1579 ἔχει
2772 1524 2786 1538 ο
2808 1509 2898 1562 καὶ
2915 1509 2943 1560 6
2959 1511 3016 1561 ὲν
3032 1505 3206 1577 ἐαυτῷ
3223 1505 3527 1575 δεξάμενος
3552 1502 3729 1569 ὑπέϐη

2137 1601 2229 1654 τὸν
2257 1601 2314 1654 ἐν
2351 1601 2497 1673 αὑτῷ
2527 1602 2804 1674 γεγονότα.
2847 1599 3054 1654 Οὐκοῦν
3087 1599 3266 1670 μέλλει
3288 1600 3316 1652 6
3352 1597 3626 1668 βασιλεὺς
3650 1595 3724 1664 τῷ

2141 1693 2292 1764 ἵππῳ
2319 1693 2494 1766 τούτῳ
2521 1692 2979 1748 ἐπαναπαὺεσθαι.
3013 1691 3219 1744 Ταὺτδν
3238 1690 3295 1744 δέ
3323 1691 3477 1743 ἐστιν
3506 1688 3607 1742 ἐπὶ
3635 1687 3728 1754 τῆς

468 1777 737 1834 utrumvis
752 1778 894 1834 enim
911 1795 976 1835 ex
991 1783 1256 1839 ambobus
1269 1785 1323 1837 in
1336 1785 1492 1840 nobis
1509 1785 1692 1853 fuerit,
1708 1802 1805 1857 par
1818 1797 1901 1845 est
1917 1807 2039 1860 gra-

2144 1783 2292 1849 θείας
2323 1784 2620 1856 δυνάμεως,
2646 1783 2827 1848 καθὼς
2855 1784 3089 1855 εἴρηται,
3116 1781 3352 1853 καθέδρα
3378 1798 3438 1834 τε
3465 1780 3573 1833 καὶ
3597 1779 3728 1832 ἀνά-

468 1867 562 1920 tia.
584 1868 722 1933 Quia
744 1885 874 1941 ergo
892 1881 1158 1929 stratores
1176 1875 1318 1946 regis
1336 1891 1536 1948 equum
1559 1894 1655 1948 per
1676 1880 2038 1949 praecedentia

466 1969 787 2015 ornamenta
804 1970 990 2032 aptum
1013 1964 1219 2020 faciunt
1240 1965 1306 2021 ad
1322 1983 1444 2024 eum
1463 1970 1874 2041 excipiendum:
1893 1973 2035 2028 idem

465 2057 548 2103 est
581 2058 762 2106 autem
793 2051 964 2108 Deum
996 2055 1050 2108 in
1094 2056 1279 2128 aliquo
1305 2072 1450 2124 esse,
1495 2070 1550 2114 et
1573 2076 1698 2117 esse
1738 2079 1904 2133 super
1937 2065 2038 2119 ali-

466 2155 627 2204 quem
649 2159 662 2194 :
687 2142 876 2198 relicta
897 2148 1288 2217 consequentia
1309 2156 1364 2203 et
1385 2148 1781 2220 signiﬁcatione
1803 2153 2033 2222 tropica,

465 2229 705 2284 ministri
733 2233 823 2302 qui
843 2243 1035 2303 parant
1055 2251 1279 2306 equum,
1306 2237 1558 2294 fecerunt
1578 2240 1847 2296 lecticam.
1867 2241 2038 2314 Opor-

466 2327 543 2373 tet
586 2321 730 2376 enim
779 2339 910 2389 nos,
968 2325 1166 2396 inquit,
1225 2327 1408 2385 facere
1457 2331 1576 2385 auri
1625 2331 2039 2399 similitudines,

466 2424 588 2464 cum
620 2413 762 2468 notis
787 2417 1020 2485 argenti,
1058 2433 1180 2488 qua:
1215 2419 1342 2489 equi
1386 2419 1617 2476 formam
1653 2423 1936 2478 decorant.
1972 2423 2041 2480 Ut

467 2502 562 2564 sit.
602 2504 798 2576 inquit,
835 2519 930 2562 rex
981 2524 1091 2564 non
1125 2510 1180 2564 in
1227 2510 1508 2578 cathedra,
1539 2511 1634 2568 sed
1678 2514 1732 2568 in
1783 2517 2038 2570 accubitu

468 2607 590 2648 SIIO.

2143 1877 2354 1940 κλισις·
2416 1878 2674 1948 ὁπότερον
2714 1877 2823 1948 γὰρ
2869 1877 2936 1930 ἂν
2989 1875 3047 1942 ἐξ
3106 1873 3427 1944 ἀμφοτέρων
3484 1874 3552 1925 ἐν
3599 1872 3732 1941 ἡμίν

2140 1969 2387 2038 γένηται,
2418 1969 2478 2022 τὸ
2504 1969 2616 2024 ἴσον
2640 1969 2674 2039 ἡ
2703 1968 2860 2040 χάρις
2887 1966 3018 2037 ἔχει.
3071 1965 3284 2035 Ἐπειδὴ
3301 1964 3486 2016 τοίνυν
3515 1965 3569 2015 οί
3592 1964 3729 2014 ἑτοι-

2145 2057 2348 2125 μασταὶ
2381 2057 2475 2110 τοῦ
2525 2057 2806 2128 βασιλέως,
2847 2056 3062 2110 εὑθετον
3095 2055 3228 2128 πρὸς
3270 2052 3546 2123 ὑποδοχὴν
3578 2051 3730 2119 αὐτῴ

2140 2149 2229 2202 διά
2256 2148 2365 2203 τῶν
2393 2149 2873 2220 προκοσμημάτων
2908 2149 2998 2204 τὸν
3033 2149 3199 2202 ἵππον
3237 2146 3487 2200 ποιοῦσι-
3525 2146 3731 2199 ταύτὸν

2140 2239 2198 2293 δέ
2241 2242 2385 2294 ἐστιν
2427 2242 2519 2294 ἐπὶ
2547 2241 2706 2306 Θεοῦ,
2745 2241 2806 2294 τὸ
2834 2241 2891 2294 ἐν
2919 2258 3023 2294 τινι
3054 2241 3147 2293 καὶ
3173 2240 3233 2292 τὸ
3261 2239 3353 2291 ἐπί
3388 2254 3544 2301 τινος
3578 2236 3729 2304 γενέ-

2139 2331 2263 2386 σθαι
2283 2349 2296 2361 ·
2329 2332 2716 2392 καταλιπόντες
2750 2331 2813 2384 τὸ
2843 2329 2982 2385 κατὰ
3021 2331 3119 2401 τὴν
3148 2329 3412 2400 τροπικὴν
3438 2327 3730 2398 σημασίαν

2136 2423 2447 2490 ἀκόλουθον,
2469 2424 2518 2476 oi
2547 2422 2996 2494 παρασκευασταὶ
3025 2423 3119 2476 καὶ
3150 2421 3505 2491 θεράποντες,
3538 2419 3730 2486 κλίνην

2137 2515 2228 2566 τὸν
2251 2514 2416 2568 ἵππον
2451 2513 2732 2584 ἐποίησαν.
2766 2511 2888 2584 Χρὴ
2927 2513 3036 2584 γὰρ
3073 2513 3220 2583 ἡμᾶς
3246 2550 3262 2575 ,
3292 2512 3478 2580 φησιν,
3519 2505 3726 2580 ὁμοίως

2141 2623 2287 2676 ματα
2314 2605 2538 2677 χρυσίου
2558 2609 2777 2678 ποιῆσαι
2800 2605 2938 2676 μετὰ
2966 2605 3278 2674 στιγμάτων
3295 2602 3392 2655 τοῦ
3425 2600 3726 2672 ἀργυρίου,

464 2686 536 2740 τὰ
565 2687 660 2741 τοῦ
695 2688 860 2744 ἵππου
899 2688 997 2761 τὴν
1037 2691 1251 2765 μορφὴν
1300 2693 1624 2764 ὼραΐζοντα.
1657 2695 1775 2752 Ἵνα
1816 2695 2039 2767 γένηται
2077 2699 2107 2752 6
2139 2698 2389 2770 βασιλεὺς
2415 2701 2514 2754 οὐκ
2542 2701 2599 2753 ὲν
2628 2699 2882 2771 καθέδρᾳ,
2911 2698 3094 2768 φησὶν,
3130 2696 3245 2750 ἀλλ’
3303 2697 3364 2748 ἐν
3435 2692 3728 2748 ἀνακλίσει

465 2777 651 2832 αὑτοῦ.

551 2876 730 2945 Atque
790 2875 1050 2932 dictionis
1101 2877 1322 2948 quidem
1396 2880 1839 2950 consequentia,
1899 2881 2043 2938 sicut

466 2967 708 3022 ostendit
737 2963 1040 3038 Scriptura,
1074 2968 1179 3023 hoc
1209 2968 1372 3025 modo
1397 2984 1459 3026 se
1485 2971 1679 3039 habet;
1704 2987 1804 3042 par
1827 2980 1914 3028 est
1943 2989 2040 3027 au-

466 3067 575 3111 tem
611 3058 714 3113 hoc
771 3074 880 3114 non
927 3062 1341 3129 praetermittere
1387 3060 1891 3128 inconsideratum,
1938 3079 2038 3117 cur

466 3163 579 3202 non
601 3148 778 3218 ipsum
815 3163 1008 3203 aurum
1033 3150 1332 3205 assumitur
1361 3150 1428 3204 ad
1463 3161 1718 3206 ornatum
1745 3191 1759 3216 ,
1791 3152 1887 3206 sed
1919 3152 2038 3207 auri

466 3240 898 3310 similitudines;
936 3249 992 3297 et
1019 3258 1128 3296 non
1151 3244 1331 3313 ipsum
1357 3252 1664 3312 argentum.
1695 3243 1792 3300 sed
1818 3261 1942 3314 qua:
1972 3261 2039 3300 ex

468 3333 571 3385 hac
609 3333 836 3388 materia
865 3333 1149 3404 impressae
1177 3341 1306 3390 sunt
1341 3343 1482 3389 nota:
1511 3337 1630 3391 auri
1665 3337 2035 3395 similitudini.

467 3421 623 3487 Quod
645 3437 774 3492 ergo
803 3422 872 3478 de
899 3425 983 3479 his
1018 3426 1178 3480 nobis
1226 3424 1370 3480 venit
1402 3425 1456 3480 in
1485 3435 1743 3491 mentem,
1771 3437 1857 3483 est
1887 3428 2041 3497 ejus-

469 3513 654 3569 modi:
679 3513 944 3571 Universa
973 3515 1225 3572 doctrina
1265 3520 1333 3575 de
1384 3519 1643 3574 inell'abili
1666 3531 1861 3575 natura
1888 3560 1904 3584 ,
1934 3521 2037 3575 etsi

469 3607 705 3662 maxime
754 3608 863 3663 Deo
914 3610 1328 3666 convenientem
1380 3620 1434 3667 et
1474 3613 1747 3667 excelsam
1797 3613 2043 3668 videatur

467 3696 757 3752 ostendere
786 3699 1110 3756 sententiam
1131 3740 1148 3768 ,
1175 3700 1296 3757 auri
1317 3712 1445 3759 sunt
1475 3703 1891 3768 similitudines.
1931 3721 2041 3760 non

468 3794 649 3849 autem
707 3788 886 3857 ipsum
941 3803 1159 3846 aurum.
1222 3791 1341 3847 Non
1387 3802 1563 3862 potest
1613 3793 1758 3848 enltn
1811 3794 1930 3849 ﬁeri
1986 3803 2044 3847 ut

469 3875 628 3945 plene
662 3885 716 3930 et
748 3878 988 3947 perfecte
1018 3881 1338 3938 ostendatur
1369 3883 1572 3938 bonum
1611 3885 1760 3955 quod
1819 3893 2044 3955 superat

471 3967 895 4039 intelligentiam
923 3980 978 4026 et
1007 3975 1212 4029 mentis
1239 3977 1689 4046 conceptionem:
1721 3977 1936 4033 etiamsi
1973 3979 2045 4033 sit

469 4057 674 4116 Paulus
699 4063 992 4133 quispiam,
1018 4066 1113 4135 qui
1147 4067 1200 4120 in
1233 4067 1486 4135 paradiso
1515 4070 1732 4124 arcanis
1767 4071 2044 4141 mysteriis

469 4153 573 4208 fuit
603 4155 890 4216 initiatus,
921 4158 1138 4214 etiamsi
1180 4159 1415 4214 audierit
1453 4161 1615 4215 verba
1647 4161 1941 4217 inetl'abilia
1976 4163 2044 4228 ³⁰,

469 4255 693 4300 manent
726 4245 1028 4302 iueﬂabiles
1055 4249 1122 4304 de
1163 4248 1269 4305 Deo
1298 4251 1690 4322 intelligentiae.
1725 4253 1868 4307 Dicit
1897 4253 2043 4308 enim

467 4337 635 4391 verba
679 4353 805 4392 esse
839 4337 1131 4392 ineﬂ‘abilia
1167 4340 1360 4394 harum
1402 4341 1907 4413 intelligentiarum.
1939 4343 2040 4409 Qui
2077 4378 2119 4432 ι)

465 4443 598 4498 ergo
647 4430 804 4484 nobis
846 4429 1082 4486 afferunt
1109 4431 1282 4486 bonas
1324 4433 1538 4502 aliquas
1565 4435 2043 4492 considerationes

466 4520 535 4574 de
565 4521 926 4592 intelligentia
966 4524 1355 4594 mysteriorum
1382 4564 1398 4590 ,
1450 4526 1634 4581 dicere
1672 4526 1890 4597 quidem
1932 4543 2042 4582 non

466 4621 698 4678 possunt
726 4610 1190 4680 quemadmodum
1240 4629 1300 4668 se
1334 4613 1496 4668 habet
1547 4614 1792 4684 ipsorum
1822 4627 2040 4682 natura,

466 4703 658 4758 dicunt
680 4712 861 4759 autem
889 4705 1236 4774 splendorem
1276 4707 1483 4775 gloriae,
1523 4707 1748 4778 figuram
1784 4711 2042 4764 substan-

465 4795 575 4856 tize,
618 4794 848 4847 formam
881 4792 976 4849 Dei
1003 4834 1017 4858 ,
1043 4794 1277 4852 Verbum
1301 4797 1356 4851 in
1386 4797 1660 4868 principio
1678 4838 1692 4864 ,
1715 4796 1884 4854 Deum
1911 4799 2040 4854 Ver-

464 4885 617 4940 bum.
640 4885 771 4952 Quae
791 4885 1009 4956 quidem
1048 4889 1230 4941 omnia
1260 4889 1418 4944 nobis
1439 4929 1456 4953 ,
1490 4889 1584 4960 qui
1613 4889 1859 4945 divinum
1888 4892 2042 4945 illum

464 4975 786 5031 thesaurum
823 4993 933 5031 non
963 4978 1314 5048 aspeximus,
1364 4979 1623 5035 videntur
1659 4997 1784 5038 esse
1811 4998 2044 5049 aurum;

466 5069 535 5123 iis
562 5075 744 5122 autem
773 5070 866 5140 qui
904 5079 1137 5140 possunt
1177 5072 1424 5142 aspicere
1460 5074 1529 5128 ad
1560 5075 1870 5139 veritatem,
1915 5083 2048 5129 sunt

465 5159 589 5213 auri
620 5160 927 5216 similitudo
954 5171 1006 5215 et
1035 5177 1145 5217 non
1180 5178 1374 5218 aurum
1402 5205 1418 5232 ,
1445 5181 1718 5236 apparens
1746 5167 1798 5220 in
1829 5167 2047 5222 subtili-

462 5251 568 5308 bus
609 5253 758 5306 notis
789 5253 1022 5323 argenti.
1059 5255 1359 5324 Argentum
1412 5265 1596 5311 autem
1638 5265 1722 5312 est
1753 5259 2043 5312 verborum

464 5343 820 5414 significatio,
845 5345 989 5398 sicut
1017 5344 1474 5416 dicitScriptura,
1507 5350 1790 5417 Argentum
1817 5350 2040 5418 ignitum

466 5435 650 5505 lingua
677 5436 838 5504 justi.
871 5436 1029 5502 Quod
1077 5454 1209 5509 ergo
1257 5455 1352 5508 per
1380 5440 1498 5494 haec
1549 5440 1887 5510 significatur
1914 5479 1929 5503 ,
1960 5449 2043 5494 est

463 5525 816 5592 huiusmodi,
871 5545 1064 5598 nempe
1127 5531 1273 5600 quod
1331 5532 1514 5586 divina
1577 5541 1769 5587 natura
1823 5541 2042 5602 superat

532 5701 580 5733 ³⁸
603 5701 640 5755 ιι
670 5703 795 5758 (lor.
836 5721 932 5766 xu,
971 5706 1026 5760 ι.

2220 2882 2286 2935 Ἦ
2318 2882 2416 2952 μὲν
2449 2877 2543 2935 οὖν
2571 2878 2857 2934 ἀκολουθία
2885 2879 2981 2950 τῆς
3023 2875 3240 2943 λέξεως.
3275 2873 3457 2937 καθὼς
3489 2875 3522 2927 6
3558 2876 3727 2942 Λόγκ

2141 2971 2406 3037 ὑπέδειξε,
2449 2969 2634 3023 τοῦτον
2667 2968 2776 3038 ἔχει
2801 2967 2891 3020 τὸν
2924 2967 3123 3037 τρόπον
3147 2981 3161 2995 ο
3188 2963 3335 3028 ἀξιον
3368 2963 3426 3015 δὲ
3454 2962 3625 3015 τοῦτο
3655 2962 3727 3033 μὴ

2141 3061 2520 3133 παραδραμεῖν
2569 3060 2912 3131 ἀθεώρητον,
2946 3058 2998 3111 τί
3041 3057 3104 3128 δή
3161 3072 3290 3108 ποτε
3334 3055 3436 3107 οὑκ
3482 3054 3627 3107 αὑτὸ
3669 3053 3729 3106 τὸ

2145 3155 2365 3228 χρυσίον
2391 3156 2471 3218 είς
2504 3152 2706 3223 κόσμον
2747 3148 3253 3222 παραλαμϐάνεται,
3292 3147 3428 3202 ἀλλά
3458 3146 3560 3200 τοῦ
3593 3165 3725 3216 χρυ-

2144 3249 2258 3302 σίου
2296 3245 2366 3299 τά
2392 3243 2711 3316 ὁμοιώματα
2732 3261 2746 3275 ο
2768 3243 2858 3296 καὶ
2905 3243 3005 3295 οὑκ
3045 3241 3206 3302 αὑτὸς
3234 3241 3263 3293 ὁ
3290 3240 3557 3310 ἄργυρος,
3594 3239 3728 3292 ἀλλὰ

2143 3339 2212 3392 τά
2245 3337 2304 3402 ἐξ
2337 3336 2469 3407 ὕλης
2488 3335 2688 3405 ταύτης
2715 3334 2793 3405 τῷ
2823 3332 3128 3404 ὁμοιώματι
3153 3331 3245 3386 τοῦ
3277 3333 3500 3404 χρυσίου
3529 3337 3730 3408 ἐγκρο-

2143 3430 2381 3502 τοὺμενα
2429 3428 2721 3499 στίγματα.
2757 3428 2822 3481 Ὀ
2853 3427 3032 3480 τοίνυν
3089 3427 3218 3498 περὶ
3249 3426 3457 3480 τούτων
3489 3428 3731 3497 ὑπενοή-

2146 3538 2337 3592 σαμεν,
2362 3517 2604 3574 τοιοῦτόν
2636 3520 2774 3571 ἐστι’
2807 3517 2962 3570 Πᾶσα
2994 3517 3028 3588 ἡ
3059 3518 3188 3587 περὶ
3219 3517 3316 3586 τῆς
3341 3517 3591 3588 ἀρρήτου
3633 3518 3734 3586 φῦ-

2147 3631 2286 3677 σεως
2313 3610 2651 3674 διδασκαλία,
2685 3609 2789 3662 κάν
2833 3610 2915 3663 ὃτι
2965 3609 3200 3681 μάλιστα
3251 3609 3402 3662 δοκεῖ
3443 3610 3734 3682 θεοπρεπῆ

2143 3723 2263 3759 τινα
2306 3705 2399 3758 καὶ
2447 3702 2654 3775 ὑψηλὴν
2692 3701 2976 3772 ἐμφαίνειν
3023 3701 3281 3766 διάνοιαν,
3308 3701 3569 3772 ὁμοίωμα
3601 3720 3736 3773 χρυ-

2145 3797 2260 3849 σίου
2295 3796 2460 3857 ἐστὶν,
2489 3795 2591 3848 οὐκ
2626 3793 2757 3847 αὐτὸ
2785 3793 2846 3847 τὸ
2881 3793 3122 3865 χρυσίον.
3153 3793 3229 3846 Οὐ
3265 3793 3373 3863 γάρ
3399 3792 3517 3846 ἐστι
3563 3809 3738 3864 παρα-

2149 3887 2346 3956 στῆσαι
2391 3885 2460 3938 δι’
2492 3885 2775 3956 ἀκριϐείας
2805 3884 2866 3938 τδ
2907 3885 3046 3955 ὑπὲρ
3079 3884 3286 3938 ἔννοιαν
3330 3884 3543 3952 ἀγαθόν
3579 3902 3594 3914 °
3631 3886 3738 3938 κᾶν

2145 3977 2356 4041 nam;
2376 3995 2459 4040 τις
2485 3973 2543 4048 ᾖ,
2573 3977 2602 4029 6
2627 3978 2684 4030 ἐν
2710 3976 3020 4046 παραδείσῳ
3052 3976 3276 4045 μυηθεὶς
3305 3975 3372 4027 τὰ
3416 3976 3734 4047 ἀπόρρητα,

2145 4069 2249 4122 κᾶν
2276 4069 2384 4122 τῶν
2405 4068 2689 4138 ἀλαλήτων
2717 4067 2976 4138 ῥημάτων
3007 4066 3439 4138 ἐπακροάσηται,
3458 4067 3738 4138 ἀνέκφραο

2149 4177 2249 4212 στα
2291 4159 2439 4229 μένει
2467 4158 2595 4229 περὶ
2619 4157 2756 4211 Θεοῦ
2775 4158 2844 4212 τά
2867 4160 3130 4230 νοήματα.
3159 4161 3408 4230 ’Λρρητα
3432 4158 3543 4228 γάρ
3567 4176 3734 4228 φησιν

2147 4248 2284 4305 εἶναι
2325 4250 2434 4303 τῶν
2482 4252 2771 4321 νοημάτων
2816 4251 3018 4305 τούτων
3045 4253 3113 4306 τά
3157 4253 3397 4322 ῥήματα.
3446 4252 3511 4304 Οἱ
3551 4251 3734 4303 τοίνυν

2149 4344 2274 4406 τοὺς
2301 4342 2598 4414 λογισμούς
2630 4361 2781 4406 τινας
2823 4345 2955 4414 ἡμῖν
3001 4342 3238 4412 ἀγαθοὺς
3269 4343 3579 4406 ὲντιθέντες
3608 4342 3736 4413 περὶ

2147 4435 2246 4503 τῆς
2271 4433 2378 4486 τῶν
2410 4433 2721 4502 μυστηρίων
2742 4433 3062 4504 ἐννοήσεως,
3097 4433 3227 4486 αὑτὸ
3253 4431 3353 4503 μὲν
3380 4433 3560 4485 εἰπεῖν
3589 4435 3735 4495 ὅπως

2145 4525 2259 4596 ἔχει
2293 4525 2506 4594 φύσεως
2543 4524 2883 4588 ἀδυνατοῦσι,
2913 4523 3133 4594 λέγουσι
3163 4525 3223 4578 δὲ
3254 4524 3611 4596 ἀπαύγασμα
3653 4525 3736 4578 δό-

2145 4616 2260 4688 ξης,
2304 4617 2398 4670 καὶ
2430 4616 2754 4686 χαρακτῆρα
2785 4617 2884 4687 τῆς
2907 4617 3280 4680 ὑποστάσεως,
3323 4617 3542 4688 μορφὴν
3575 4614 3734 4680 Θεοῦ,

2143 4708 2315 4776 Λόγον
2341 4709 2398 4763 ἐν
2420 4709 2583 4779 ἀρχῇ,
2628 4708 2800 4776 Λόγον
2832 4708 2988 4762 Θεόν.
3021 4707 3201 4778 "Amp
3246 4707 3427 4760 πάντα
3472 4708 3610 4778 ἡμῖν
3644 4707 3736 4778 μὲν

2142 4802 2256 4862 τοῖς
2287 4799 2535 4862 ἀθεάτοις
2570 4798 2776 4852 ἐκείνου
2823 4797 2920 4851 τοῦ
2952 4797 3252 4868 θησαυροῦ,
3285 4797 3512 4869 χρυσίον
3542 4798 3734 4851 δοκεῖ·

2145 4895 2258 4957 τοῖς
2296 4892 2355 4946 δὲ
2400 4893 2715 4964 δυναμένοις
2759 4889 3087 4945 ἀναϐλέπειν
3129 4889 3265 4961 πρὸς
3302 4889 3404 4961 τὴν
3448 4890 3735 4961 ἀλήθειαν,

2147 4985 2400 5056 ὁμοίωμά
2444 4986 2562 5038 ἐστι
2611 4983 2832 5056 χρυσίου
2872 4984 2969 5038 καὶ
3005 4984 3069 5038 οὑ
3115 4982 3363 5055 χρυσίον,
3404 4985 3466 5036 ἐν
3498 4987 3616 5049 τοῖς
3657 4985 3730 5038 λε-

2151 5080 2305 5141 πτοῖς
2343 5077 2434 5130 τοῦ
2487 5078 2729 5150 ἀργύρου
2779 5078 3197 5148 διαφαινόμενον
3252 5076 3572 5146 στίγμασιν.
3622 5080 3732 5148 Ἀρ-

2151 5167 2338 5238 γύριον
2383 5165 2440 5219 δὲ
2468 5168 2500 5237 ἡ
2537 5166 2815 5238 ῥηματικὴ
2855 5166 3098 5236 σημασία
3129 5165 3267 5227 ἐστὶ,
3292 5163 3481 5229 καθώς
3508 5182 3676 5235 φησιν
3701 5165 3731 5232 ἡ

2152 5257 2371 5328 Γραφή·
2404 5257 2683 5326 Ἀργυρος
2729 5255 3152 5326 πεπηρωμένος
3180 5255 3437 5324 γλῶσσα
3476 5255 3728 5310 δικαίου.

2151 5347 2224 5400 Τὸ
2249 5346 2431 5400 τοίνυν
2461 5346 2552 5400 διὰ
2571 5347 2777 5400 τούτων
2799 5346 3145 5416 δηλούμενον,
3173 5346 3421 5400 τοιοῦτόν
3456 5348 3630 5407 ἐστιν,
3655 5348 3731 5399 ὅτι

2151 5443 2182 5511 ἡ
2217 5441 2335 5493 θεία
2378 5439 2537 5509 φύσις
2578 5440 2755 5510 πάσης
2786 5438 3110 5510 ὑπέρκειται
3156 5437 3576 5508 καταληπτικῆς
3619 5435 3726 5490 διας

2150 5531 2311 5597 νοίας.
2351 5532 2422 5583 Τὸ
2447 5531 2501 5584 δὲ
2536 5529 2663 5601 περὶ
2691 5530 2861 5601 αὐτῆς
2908 5531 3040 5601 ἡμῖν
3079 5528 3470 5600 ἐγγιγνόμενον
3519 5527 3726 5598 νόημα,

3633 298 3723 353 εει)
3801 298 3813 370 '1
