3846 6220
153 263 253 319 82!

1184 264 1252 320 IN
1291 263 1588 322 CANTICA
1623 261 1895 320 CANTIC.
1948 260 2232 318 HOMILIA
2271 261 2357 316 Ill.

3307 255 3413 314 82?.

151 378 409 450 ὁμοίωμά
437 384 551 434 ἐστι
573 381 668 436 τοῦ
696 380 1051 455 ζητουμένου.
1073 385 1148 437 Οὐ
1183 385 1291 456 γὰρ
1313 384 1444 438 αὐτὸ
1467 384 1735 438 δείκνυσιν

1844 396 2057 438 omnem
2095 395 2216 452 quae
2247 375 2662 448 comprehcndit
2703 373 3108 448 cogitationem.
3139 371 3270 440 Qum
3313 389 3412 428 au-

153 474 335 525 ἐκεῖνο
371 473 430 525 τὸ
450 469 608 537 εἶδος,
640 473 668 525 ὃ
693 473 815 527 οὔτε
851 492 935 538 τις
969 471 1126 539 εἶδεν,
1161 475 1284 530 οὔτε
1335 476 1461 529 ίδεῖν
1492 475 1738 540 δύναται,

151 563 295 617 ἀλλὰ
341 564 409 617 δι’
450 565 716 638 ἐσόπτρου
761 567 854 619 καὶ
891 568 959 620 δι’
989 566 1309 638 αἰνίγματος
1355 566 1590 637 ἐμφασίν
1617 583 1739 619 τινα

153 658 486 726 σκιογραφεῖ
515 657 609 710 τοῦ
670 656 1024 728 ζητουμένου,
1063 659 1126 712 ἐκ
1151 676 1296 722 τινος
1329 658 1591 728 εἰκασμοῦ
1621 660 1738 720 ταῖς

151 745 356 816 ψυχαῖς
382 748 760 818 ὲγγινομένην.
799 748 911 810 Πᾶς
935 747 990 800 δὲ
1011 748 1168 815 λόγος
1201 746 1307 800 τῶν
1327 746 1583 800 τοιούτων
1610 763 1735 816 νοη-

155 837 351 906 μάτων
396 835 747 907 σημαντικὸς,
790 837 1023 907 στιγμῆς
1055 853 1201 900 τινος
1227 835 1469 907 ἀμεροῦς
1507 833 1739 902 δύναμιν

151 928 295 998 ἔχει,
327 929 402 998 μὴ
428 929 720 998 δυνάμενος
750 928 990 999 ἐμφῆναι
1017 929 1153 1000 ὅπερ
1180 928 1438 1000 ήδιάνοια
1461 927 1735 996 βούλεται·

151 1021 236 1082 ὼς
283 1015 426 1074 εἶναι
469 1021 649 1074 πᾶσαν
681 1020 779 1090 μὲν
827 1019 1062 1073 διάνοιαν
1097 1020 1414 1090 κατωτέραν
1445 1018 1543 1088 τῆς
1590 1017 1740 1080 θείας

151 1112 544 1181 κατανοήσεως
583 1127 597 1142 ·
637 1113 810 1165 πάντα
860 1111 917 1164 δὲ
954 1110 1112 1178 λόγον
1163 1109 1584 1180 ἑρμηνευτικὸν,
1625 1125 1741 1160 στι-

151 1202 308 1274 γμὴν
332 1202 586 1273 βραχεῖαν
617 1203 792 1256 δοκεῖν
843 1204 916 1274 μὴ
951 1201 1254 1272 δυναμένην
1290 1201 1368 1272 τῷ
1406 1200 1597 1254 πλάτει
1644 1199 1742 1267 τῆς

150 1294 402 1357 διανοίας
435 1294 963 1351 συνεπεκτείνεσθαι.
995 1294 1106 1364 Τὴν
1129 1288 1220 1347 οὖν
1243 1293 1330 1347 διά
1350 1292 1457 1346 τῶν
1486 1292 1742 1346 τοιούτων

152 1385 454 1454 νοημάτων
502 1385 1018 1454 χειραγωγουμένην
1066 1383 1243 1453 ψυχὴν
1301 1383 1436 1453 πρὸς
1491 1381 1589 1453 τὴν
1635 1381 1741 1434 τῶν

152 1475 422 1545 ἀλήπτων
459 1475 738 1545 περίνοιαν
768 1475 855 1528 διά
884 1475 1051 1545 μόνης
1084 1473 1318 1537 πίστεως
1345 1473 1652 1537 είσοικίζειν
1684 1473 1742 1525 ἐν

149 1569 332 1638 ἑαυτῇ
358 1567 503 1635 λέγει
525 1567 632 1622 δεῖν
650 1568 748 1638 τὴν
781 1567 957 1620 πάντα
990 1565 1114 1620 νοῦν
1152 1566 1525 1638 ὑπερέχουσαν
1557 1564 1739 1636 φύσιν.

152 1659 278 1712 Καὶ
308 1657 466 1712 τοῦτό
510 1660 626 1712 ἐστι
675 1658 738 1712 τὸ
771 1657 922 1730 παρά
965 1657 1071 1711 τῶν
1101 1657 1270 1726 φίλων
1297 1656 1586 1726 λεγόμενον
1607 1670 1622 1682 ⁸
1659 1656 1743 1708 ὅτι

154 1750 262 1804 Σοὶ
311 1751 646 1820 ποιήσωμεν,
681 1744 728 1803 ὧ
754 1749 922 1820 ψυχὴ,
957 1751 1024 1820 τῇ
1068 1748 1249 1811 καλῶς
1284 1747 1419 1819 πρὸς
1447 1747 1538 1800 τὸν
1579 1747 1744 1799 ἵππον
1775 1737 1814 1792 Β

152 1840 602 1912 ἀπεικασθείσῃ,
652 1839 954 1910 ίνδάλματά
1001 1856 1124 1892 τινα
1183 1839 1282 1908 τῆς
1333 1837 1588 1910 ἀληθείας
1649 1836 1743 1890 καὶ⁵

151 1931 508 2003 ὁμοιώματα.
555 1932 788 2002 Τοιαύτη
831 1933 942 2004 γὰρ
996 1931 1200 1986 τούτων
1236 1931 1409 1998 λόγων
1437 1929 1676 2002 ἀργύρου
1708 1931 1742 2000 ἡ

149 2023 408 2092 δύναμις,
425 2023 499 2085 ὡς
522 2023 835 2092 ἐναύσματα
857 2040 978 2076 τινα
1003 2022 1383 2093 σπινθηροειδῆ
1399 2022 1572 2075 δοκεῖν
1597 2017 1736 2074 εἶναι

149 2115 231 2166 τὰ
276 2115 517 2184 ῥήματα,
557 2113 630 2186 μὴ
684 2115 956 2184 δυνάμενα
993 2115 1060 2169 δι’
1088 2113 1372 2184 ἀκριϐείας
1414 2113 1651 2184 ἐμφῆναι
1683 2113 1744 2166 τὸ

149 2203 480 2272 ἐγκείμενον
513 2203 710 2274 νόημα.
730 2205 802 2257 Σὺ
817 2204 872 2256 δὲ
889 2204 1059 2257 ταῦτα
1075 2203 1362 2275 δεξαμένη,
1377 2203 1664 2272 ὑποζύγιόν
1685 2222 1745 2257 τε

151 2297 262 2350 καὶ
285 2297 600 2366 οἰκητήριον
621 2297 825 2368 γενήσῃ
853 2295 942 2348 διὰ
967 2296 1203 2357 πίστεως
1230 2294 1322 2348 τοῦ
1357 2312 1437 2348 σοι
1463 2295 1743 2349 ἐνανακλί-

1844 481 1951 528 tem
1975 472 2042 527 de
2069 487 2134 528 ea
2171 471 2329 525 nobis
2351 467 2494 526 inest
2528 467 2908 538 intelligentia,
2944 466 3250 534 mentisque
3278 479 3412 520 con-

1841 564 2040 633 ceptio,
2067 571 2152 618 est
2174 562 2477 618 similitudo
2503 563 2623 630 ejus
2645 559 2792 631 quod
2819 558 3102 630 quaeritur.
3122 556 3239 612 Non
3264 557 3408 611 enim

1843 655 2086 711 ostendit
2121 655 2296 725 ipsam
2348 653 2494 708 illius
2537 651 2804 712 formam,
2845 664 3009 720 quam
3038 663 3214 718 neque
3257 652 3408 701 novit

1843 746 2115 816 quispiam
2141 785 2156 809 ,
2194 760 2376 814 neque
2410 758 2572 798 nosse
2598 752 2694 798 aut
2721 741 2905 796 videre
2938 747 3152 810 potest,
3189 738 3283 794 sed
3314 752 3408 808 per

1845 840 2125 910 speculum
2148 847 2202 893 et
2223 838 2452 909 aenigma
2478 837 2740 893 describit
2766 833 3057 906 quamdam
3093 833 3239 888 illius
3262 833 3408 900 quod

1843 931 2108 1001 quaeritur
2131 937 2482 1000 apparentem
2512 927 2772 997 speciem,
2797 941 2919 996 qua:
2950 925 3093 982 inest
3116 925 3313 980 animis
3341 941 3407 979 ex

1843 1021 2077 1093 quadam
2105 1021 2446 1090 conjectura.
2473 1018 2663 1073 Omnis
2685 1024 2864 1072 autem
2893 1017 3066 1072 oratio
3099 1031 3223 1087 quae
3250 1016 3410 1085 signi-

1846 1113 1963 1168 ﬁcat
2018 1112 2330 1182 hujusmodi
2383 1111 2583 1166 mentis
2621 1108 3044 1179 conceptiones,
3093 1107 3255 1162 habet
3301 1107 3407 1160 vim

1843 1202 2127 1274 cujusdam
2154 1203 2344 1274 puncti
2368 1201 2661 1266 individui,
2688 1214 2799 1255 non
2845 1200 3031 1254 valens
3056 1199 3328 1268 explicare
3356 1197 3408 1252 id

1843 1297 1988 1366 quod
2025 1296 2142 1350 vult
2168 1295 2368 1350 mentis
2401 1293 2693 1366 cogitatio:
2723 1289 2859 1346 adeo
2891 1298 2951 1344 ut
2980 1290 3160 1345 omnis
3189 1289 3408 1359 quidem

1843 1387 2102 1457 cogitatio
2150 1384 2457 1454 mentisque
2511 1383 2796 1452 conceptio
2843 1383 2913 1436 sit
2955 1381 3095 1435 infra
3128 1381 3220 1436 Dei
3257 1396 3410 1436 com-

1845 1477 2286 1548 prehensionem.
2335 1473 2525 1530 Omnis
2579 1481 2757 1529 autem
2819 1473 3184 1543 interpretans
3237 1472 3410 1526 oratio

1843 1570 2060 1625 videtur
2085 1583 2208 1623 esse
2239 1569 2402 1622 breve
2433 1574 2714 1636 punctum,
2759 1573 2818 1619 ut
2847 1580 2971 1634 quae
2999 1579 3108 1618 non
3133 1562 3308 1634 possit
3335 1563 3410 1617 si-

1846 1661 1957 1715 mul
1980 1658 2201 1716 extendi
2231 1673 2357 1714 cum
2403 1657 2688 1712 latitudine
2717 1656 3068 1727 cogitationis
3104 1655 3410 1725 mentisque

1843 1750 2242 1821 conceptionis.
2294 1749 2546 1803 Animam
2585 1763 2752 1812 ergo,
2805 1763 2922 1818 qua:
2966 1763 3061 1818 per
3097 1746 3408 1816 hujusmodi

1845 1844 2042 1897 mentis
2073 1842 2468 1911 conceptiones
2502 1847 2760 1910 tanquam
2791 1854 2953 1893 manu
2988 1838 3207 1893 ducitur
3229 1838 3294 1892 ad
3321 1853 3408 1893 eo-

1844 1950 1966 1988 rum
1997 1949 2118 2005 quae
2150 1934 2270 2004 capi
2316 1948 2424 1988 non
2461 1939 2695 2002 possunt
2723 1931 3132 2003 cogitationem,
3155 1931 3288 1986 dicit
3317 1946 3412 2000 per

1845 2025 2018 2079 solam
2051 2023 2207 2079 Iidem
2243 2032 2498 2094 oportere
2533 2022 2601 2076 ad
2635 2036 2789 2077 suam
2822 2019 3167 2075 introducere
3200 2021 3410 2075 habita-

1846 2117 2047 2171 tionem
2070 2123 2321 2170 naturam
2353 2115 2500 2168 illam
2523 2129 2647 2181 quae
2692 2127 2908 2168 omnem
2955 2119 3175 2184 superat
3211 2110 3400 2166 intelli-

1843 2208 2104 2278 gentiam.
2133 2205 2200 2260 Et
2249 2206 2353 2260 hoc
2383 2214 2467 2260 est
2497 2205 2630 2261 illud
2661 2204 2806 2275 quod
2835 2204 3034 2260 dicitur
3070 2203 3140 2259 ab
3175 2203 3367 2258 amicis
3392 2221 3407 2257 :

1847 2298 1989 2362 Tibi,
2023 2314 2055 2352 ο
2085 2300 2289 2361 anima,
2321 2314 2443 2369 quae
2478 2306 2626 2353 recte
2659 2297 2816 2366 equis
2853 2312 2914 2352 es
2948 2295 3250 2352 assimilata
3276 2337 3291 2357 ,
3334 2294 3412 2348 fa-

147 2388 353 2440 νεσθαι
405 2386 689 2455 μέλλοντος
722 2387 812 2439 διά
863 2386 962 2455 τῆς
991 2387 1048 2437 ἐν
1083 2386 1165 2438 σοὶ
1210 2385 1612 2454 κατοικήσεως·
1651 2383 1745 2437 τοῦ

147 2478 274 2550 γὰρ
300 2478 464 2531 αὑτοῦ
494 2479 586 2530 καὶ
607 2477 792 2548 θρόνος
813 2472 975 2528 εἶκαὶ
1004 2471 1152 2539 οἶκος
1185 2477 1410 2548 γενήσῃ.
1430 2476 1583 2545 Τάχα
1609 2475 1652 2527 δ’
1682 2475 1746 2527 ἄν

149 2587 249 2630 τις
295 2570 439 2621 εἴποι
464 2568 562 2638 τὴν
596 2569 804 2622 Παύλου
829 2567 1027 2638 ψυχὴν,
1059 2567 1151 2619 καὶ
1185 2566 1346 2629 εἴτις
1384 2567 1516 2636 ἄλλη
1555 2566 1744 2636 γέγονε

151 2659 536 2728 κατ’ἐκείνην,
558 2658 665 2710 τῶν
695 2657 947 2710 τοιούτων
967 2645 1245 2723 ἀξιοῦσθαι
1270 2656 1549 2728 ῥημάτων.
1577 2657 1749 2709 Ἐκεῖ-

150 2770 256 2815 νος
301 2751 407 2823 γάρ
447 2751 637 2816 σκεῦος
669 2752 896 2822 ἐκλογῆς
934 2749 1081 2814 ἅπαξ
1125 2749 1203 2820 τῷ
1238 2751 1483 2822 Δεσπότῃ
1520 2752 1746 2822 γενόμε-

151 2858 278 2904 νος,
319 2841 412 2894 καὶ
460 2843 543 2909 ἐφ’
580 2839 772 2892 ἐαυτοῦ
804 2841 898 2892 καὶ
926 2841 984 2892 ἐν
1015 2837 1193 2909 ἐαυτῷ
1230 2834 1342 2910 εἶχε
1374 2838 1464 2891 τὸν
1512 2840 1744 2910 Κύριονο

149 2933 221 2983 ὲν
261 2933 362 3000 μὲν
393 2929 468 3000 τῷ
516 2929 805 3000 βαστάζειν
835 2928 998 2983 αὐτοῦ
1027 2930 1088 2982 τὸ
1115 2930 1285 3000 ὄνομα
1323 2931 1562 2984 ἐναντίον
1582 2932 1748 2986 ἐθνῶν

153 3023 262 3074 καὶ
297 3021 558 3090 βασιλέων
599 3021 762 3084 ἵππος
792 3021 1080 3090 γενόμενος
1105 3037 1118 3051 ·
1144 3022 1202 3073 ἐν
1223 3020 1281 3073 δὲ
1323 3020 1400 3090 τῷ
1434 3022 1629 3091 μηκέτι
1651 3023 1748 3075 a6-

1846 2393 2054 2446 ciemus
2103 2391 2348 2460 quaedam
2403 2389 2651 2444 veritatis
2696 2389 2992 2445 simulacra
3037 2395 3092 2444 et
3146 2387 3407 2458 quasdam

1847 2482 2249 2537 similitudines.
2279 2481 2602 2550 llujusmodi
2631 2488 2716 2536 est
2740 2482 2882 2535 enim
2906 2481 3098 2534 horum
3122 2479 3408 2534 verborum

1847 2574 2054 2642 argenti
2082 2573 2184 2634 vis.
2216 2580 2274 2626 ut
2302 2574 2637 2629 suscitabula
2665 2573 2910 2642 quaedam
2942 2573 3098 2643 ignea
3127 2571 3410 2626 videantur

1847 2679 1968 2718 esse
2013 2663 2176 2719 verba
2199 2703 2215 2727 ,
2260 2681 2380 2734 ηυδε
2414 2681 2522 2719 non
2576 2674 2804 2736 possunt
2854 2669 3111 2718 accurate
3139 2670 3193 2718 et
3220 2668 3409 2716 exacte

1848 2753 2152 2818 ostendere,
2183 2770 2304 2825 qua).
2333 2755 2497 2820 inest,
2530 2756 2727 2810 mentis
2758 2754 3187 2824 conceptionem.
3213 2751 3292 2806 Tu
3315 2767 3411 2806 au-

1850 2851 1956 2899 tem
1987 2845 2072 2901 bis
2100 2847 2335 2916 acceptis
2358 2888 2372 2911 ,
2405 2846 2500 2902 ﬁes
2541 2863 2638 2917 per
2689 2847 2846 2901 [idem
2887 2846 3171 2916 subjugale
3197 2845 3412 2912 jumen-

1849 2943 1962 2989 tum
1987 2945 2042 2990 et
2075 2936 2442 2992 habitaculum
2471 2938 2590 3008 ejus
2624 2940 2715 3008 qui
2741 2939 2794 2992 in
2825 2945 2878 2992 te
2921 2947 3005 2993 est
3033 2936 3410 2997 habitaturus,

1851 3042 1946 3095 per
1993 3041 2113 3081 eam
2161 3042 2282 3095 quae
2312 3039 2392 3082 est
2451 3030 2503 3082 in
2546 3039 2597 3082 te
2654 3029 3075 3092 habitationem;
3105 3027 3226 3096 ejus
3266 3025 3410 3080 enim

150 3113 259 3164 τὸν
290 3111 411 3182 ζῇν.
433 3111 546 3164 ἀλλ’
581 3113 638 3164 ἐν
667 3110 845 3181 ἐαυτῷ
872 3109 1134 3163 δεικνύειν
1175 3109 1352 3174 ζῶντα
1381 3113 1584 3164 ἐκεῖνον
1605 3153 1620 3176 ,
1649 3117 1742 3168 καὶ

146 3203 396 3273 δοκιμὴν
445 3203 640 3256 διδόναι
677 3203 770 3255 τοῦ
809 3205 866 3255 ὲν
895 3201 1043 3272 αύτῷ
1068 3201 1352 3265 λαλοῦντος
1384 3203 1641 3273 Χριστοῦ,
1660 3201 1740 3258 οἴ-

151 3312 262 3356 κος
323 3294 714 3365 περιληπτικὸς
765 3295 863 3365 τῆς
908 3294 1278 3365 ἀπεριλήπτου
1323 3296 1612 3366 γενόμενος
1642 3301 1743 3367 φύ-

153 3402 325 3446 σεως.

1849 3118 1945 3174 ﬁes
1969 3126 2023 3173 et
2049 3119 2207 3174 sedes
2230 3130 2284 3174 et
2309 3121 2524 3174 domus.
2550 3118 2806 3175 Fortasse
2828 3126 3006 3174 autem
3028 3118 3227 3172 dixerit
3253 3118 3410 3186 quis-

1845 3209 1987 3276 piam
2017 3207 2167 3262 Pauli
2202 3209 2462 3274 animam,
2488 3217 2583 3262 aut
2617 3209 2661 3264 si
2687 3223 2794 3279 qua
2831 3209 2934 3262 alia
2986 3207 3034 3262 ei
3065 3206 3228 3261 fuerit
3256 3206 3411 3260 simi-

1846 3299 1919 3353 lis
1944 3339 1959 3363 ,
2002 3299 2222 3370 dignam
2259 3315 2382 3355 esse
2409 3299 2476 3354 de
2512 3315 2617 3369 qua
2659 3299 2776 3353 ham
2818 3299 2982 3354 verba
3013 3297 3285 3353 dicantur.
3320 3297 3414 3350 Ille

1845 3392 1990 3446 enim
2019 3391 2189 3446 semel
2233 3390 2410 3446 factus
2443 3405 2540 3445 vas
2581 3390 2864 3445 electionis
2889 3429 2904 3453 ,
2944 3404 3108 3458 supra
3161 3404 3221 3443 se
3271 3397 3321 3442 et
3357 3388 3411 3440 in

149 3493 224 3532 se
270 3477 502 3532 habebat
539 3475 828 3534 Dominum
855 3498 866 3533 :
892 3494 1068 3548 equus
1097 3477 1317 3548 quidem
1363 3478 1541 3536 factus
1591 3480 1644 3534 in
1676 3497 1744 3536 eo
1815 3483 1959 3553 quod
2033 3491 2272 3551 portaret
2315 3484 2436 3554 ejus
2468 3498 2666 3538 nomen
2701 3481 2768 3536 ad
2803 3490 2992 3553 gentes
3032 3488 3086 3535 et
3133 3494 3287 3550 reges
3316 3477 3358 3508 ³⁸
3393 3495 3407 3531 :

151 3585 218 3621 Ill
255 3583 323 3622 eo
351 3576 527 3621 autem
561 3567 708 3636 quod
739 3568 855 3637 ipse
884 3585 992 3623 non
1021 3571 1256 3640 amplius
1289 3571 1514 3636 viveret,
1540 3573 1634 3628 sed
1673 3574 1822 3629 illum
1847 3577 1903 3629 iu
1927 3591 1986 3630 se
2013 3575 2323 3630 ostenderet
2389 3575 2682 3638 viventem,
2741 3584 2795 3628 et
2857 3573 3011 3628 daret
3071 3571 3414 3640 experimen-

153 3667 283 3711 tum
306 3655 511 3711 Christi
548 3657 601 3710 in
631 3672 690 3712 se
720 3658 992 3726 loquentis
1015 3659 1082 3724 ³’,
1116 3658 1344 3714 eﬂ'ectus
1373 3661 1572 3717 domus
1602 3665 1888 3720 continens
1949 3665 2096 3720 illam
2167 3673 2422 3720 naturam
2479 3680 2600 3734 qua:
2664 3680 2773 3718 non
2798 3671 2978 3733 potest
2997 3659 3409 3731 comprehendi.

238 3749 427 3804 Ταῦτα
448 3750 556 3805 τῶν
576 3752 744 3820 φίλων
763 3753 856 3806 τοῦ
879 3754 1111 3822 νυμφίου
1141 3757 1207 3825 τῇ
1234 3754 1449 3827 καθαρᾷ
1487 3757 1579 3810 καὶ
1601 3774 1740 3828 παρ-

1915 3759 2050 3814 Cum
2102 3759 2264 3814 amici
2315 3758 2503 3828 sponsi
2549 3757 2663 3812 haec
2706 3772 2858 3827 parte
2895 3755 3172 3810 dedissent
3218 3749 3410 3820 virgini

148 3843 307 3912 θένῳ
339 3842 717 3913 χαρισαμένων
735 3844 880 3916 ψυχῇ
903 3839 1034 3914 (εἷεν
1050 3845 1093 3898 δ’
1124 3839 1268 3900 οὗτοι
1296 3847 1364 3900 τὰ
1390 3847 1746 3919 λειτουργικά

150 3933 458 4002 πνεύματα
484 3935 552 3987 τὰ
592 3935 670 3998 εὶς
699 3934 974 3988 διακονίαν
1011 3935 1469 4006 ἀποστελλόμενα,
1503 3937 1590 3990 διὰ
1619 3940 1744 4002 τοὺς

155 4021 466 4093 μέλλοντας
499 4021 855 4094 κληρονομεῖν
893 4025 1208 4095 σωτηρίαν),
1246 4025 1576 4098 τελειότερόν
1626 4043 1745 4090 πως

1845 3849 1922 3919 (hi
1953 3860 2132 3904 autem
2155 3858 2282 3905 sunt
2309 3849 2754 3904 administratorii
2781 3847 3027 3918 spiritus,
3049 3845 3140 3915 qui
3175 3843 3405 3896 mittun-

1843 3949 1934 3995 tur
1963 3940 2032 3994 ad
2064 3941 2427 3996 ministerium
2458 3982 2473 4005 ,
2518 3949 2738 4012 propter
2778 3954 2873 3995 eos
2917 3937 3012 4008 qui
3057 3944 3186 3991 sunt
3242 3933 3409 3990 futuri

1844 4031 2090 4087 hatredes
2130 4033 2325 4087 salutis
2358 4033 2464 4104 ³³),
2504 4047 2706 4104 sponsa
2753 4031 2811 4084 ﬁt
2851 4025 3252 4100 quodammodo
3299 4039 3406 4094 per-

150 4114 375 4182 γίνεται
405 4115 472 4184 τῇ
503 4113 786 4186 προσθήκῃ
817 4113 923 4167 τῶν
954 4118 1304 4186 χαρισμάτων
1333 4120 1364 4186 ἡ
1398 4117 1605 4190 νύμφη.
1633 4120 1744 4175 Καὶ

152 4203 372 4272 μᾶλλον
419 4205 826 4272 προσεγγίσασα
858 4205 939 4275 τῷ
972 4205 1319 4277 ποθουμένῳ,
1354 4208 1482 4278 πρὶν
1518 4208 1579 4260 τὸ
1612 4208 1740 4262 κάλ-

148 4297 252 4358 λος
282 4293 447 4346 αὐτοῦ
478 4297 589 4357 τοῖς
607 4295 900 4366 ὀφθαλμοῖς
931 4297 1260 4367 ἐμφανῆναι,
1283 4299 1372 4352 διὰ
1391 4300 1489 4370 τῆς
1507 4301 1742 4370 ὀσφραν-

147 4389 322 4456 τικῆς
347 4386 648 4457 αἰσθήσεως
684 4387 775 4440 τοῦ
821 4385 1154 4459 ζητουμένου
1183 4389 1506 4458 ἐφάπτεται,
1529 4386 1640 4444 οἷόν
1666 4409 1740 4445 τι·

147 4497 250 4542 νος
275 4479 484 4548 χρωτὸς
515 4478 747 4548 ἰδιότητα
776 4479 1110 4551 όσφραντικῇ
1147 4479 1372 4550 δυνάμει
1403 4483 1740 4552 κατανοήσα-

1846 4121 2042 4177 tectior
2087 4137 2182 4192 per
2233 4122 2529 4189 gratiarum
2586 4120 2978 4176 accessionem.
3035 4117 3280 4186 Cumque
3342 4114 3408 4167 ad

1847 4231 1972 4271 eum
2032 4231 2192 4285 quem
2259 4215 2602 4271 desiderabat
2666 4213 2838 4285 magis
2897 4209 3408 4281 appropinquasset.

1846 4307 2164 4377 priusquam
2197 4307 2317 4376 ejus
2341 4306 2690 4377 pulchritudo
2721 4304 2897 4359 oculis
2924 4303 3289 4373 apparuisset,
3317 4316 3412 4370 pcr

1847 4400 2115 4455 odorandi
2161 4398 2474 4454 facultatem
2505 4413 2628 4453 eum
2657 4413 2818 4467 quem
2863 4393 3141 4464 quaerebat
3169 4390 3405 4462 attingit,

1845 4499 1901 4546 et
1955 4492 2116 4546 veluti
2173 4491 2457 4560 cujusdam
2506 4490 2707 4544 coloris
2766 4487 3097 4558 proprietate
3148 4488 3217 4537 ab
3274 4486 3411 4538 odo-

147 4585 253 4630 σα,
310 4567 405 4619 καί
455 4585 617 4638 φησιν
661 4570 1031 4636 ἐπεγνωκέναι
1079 4571 1244 4624 αὑτοῦ
1293 4573 1391 4642 τὴν
1454 4573 1628 4642 ὀσμὴν
1673 4576 1740 4644 τῇ

1849 4583 2004 4636 randi
2054 4581 2310 4636 facultate
2338 4581 2745 4641 animadversa,
2778 4579 2910 4634 dicit
2947 4594 3006 4632 se
3047 4577 3167 4646 ejus
3207 4589 3411 4644 cogno-

144 4657 364 4727 εὐωδίᾳ
413 4657 507 4712 τοῦ
555 4658 746 4729 μύρου,
781 4653 841 4712 οὗ
879 4660 1069 4732 νάρδος
1111 4662 1227 4714 ἐστὶ
1257 4662 1319 4715 τὸ
1347 4663 1538 4733 ὄνομα,
1567 4663 1742 4736 ταύτῃ

145 4750 301 4819 πρὸς
327 4749 455 4812 τοὺς
485 4749 670 4817 φίλους
693 4753 758 4821 τῇ
792 4754 940 4822 φωνῇ
987 4753 1304 4823 χρησαμένη
1326 4792 1340 4816 ,
1367 4755 1597 4822 Νάρδος
1621 4772 1742 4823 μου

146 4841 392 4894 ἔδωκεν
435 4841 636 4910 ὀσμὴν
669 4842 878 4897 αὐτοῦ.
924 4843 1135 4914 ’Ὠσπερ
1167 4844 1357 4914 ὑμεῖς,
1391 4846 1587 4917 φησὶν,
1635 4847 1737 4899 ούκ

149 4933 296 4989 αὐτὸ
322 4933 384 4985 τὸ
411 4935 684 5004 ἀκήρατον
715 4935 812 5004 τῆς
840 4933 1089 5004 θεότητος
1130 4935 1371 5005 χρυσίον,
1402 4936 1517 4988 ἀλλ’
1542 4935 1739 5007 ὁμοιώ-

151 5045 312 5095 ματα
343 5026 430 5080 διὰ
457 5027 567 5080 τῶν
605 5027 868 5098 χωρητῶν
910 5029 1042 5098 ἡμῖν
1072 5029 1356 5097 νοημάτων
1390 5029 1480 5082 τοῦ
1515 5031 1739 5100 χρυσίου

149 5117 477 5191 χαρίζεσθε,
521 5119 580 5170 οὐ
617 5117 879 5186 τηλαυγεῖ
912 5117 990 5189 τῷ
1026 5117 1169 5188 λόγῳ
1206 5120 1275 5172 τά
1307 5117 1426 5172 κατ’
1457 5122 1619 5175 αὑτὸν
1649 5123 1741 5175 ὲκο

149 5207 554 5272 καλύπτοντες,
580 5207 715 5261 ἀλλά
741 5207 827 5261 διά
852 5207 952 5277 τῆς
981 5207 1310 5279 βραδύτητος
1334 5210 1444 5264 τῶν
1469 5211 1563 5264 τοῦ
1590 5211 1739 5279 λογι-

147 5301 260 5356 κοῦ
284 5299 528 5370 ἀργύρου
556 5299 885 5369 στιγμάτων,
915 5300 1182 5369 ἐμφάσεις
1207 5303 1357 5366 τινὰς
1387 5304 1738 5374 παρασχόμε-

147 5411 242 5448 νοι
264 5393 362 5447 τοῦ
395 5393 747 5465 ζητουμένου·
781 5397 923 5450 οὕτω
948 5397 1104 5466 κάγὼ
1131 5399 1218 5452 διὰ
1241 5400 1336 5470 τῆς
1357 5400 1613 5464 εὐπνοίας
1641 5401 1736 5454 τοῦ

143 5484 300 5559 ἐμοῦ
339 5484 532 5555 μύρου,
558 5485 656 5556 τὴν
687 5487 856 5558 αὐτὴν
892 5489 1099 5542 ἐκείνου
1131 5490 1355 5544 εὐωδίαν
1387 5493 1451 5560 τῇ
1483 5491 1735 5562 αἰσθήσει

237 5663 283 5695 ³⁸
310 5664 431 5718 Act.
482 5679 562 5726 lx.
608 5665 673 5720 15

748 5666 790 5696 ³³
829 5664 869 5719 ll
899 5666 1024 5721 Cor.
1059 5683 1174 5731 xm,
1211 5667 1259 5720 5.
1343 5663 1566 5721 J'°llcbr.
1595 5683 1632 5730 ι,
1669 5666 1756 5720 Η.

1841 4675 1986 4730 visse
2028 4674 2289 4738 odorem,
2327 4689 2518 4742 nempe
2570 4672 2829 4743 unguenti
2881 4685 3105 4726 suavem
3165 4668 3408 4728 odorem,

1840 4765 2002 4834 cujus
2061 4780 2258 4820 nomen
2315 4773 2399 4820 est
2463 4763 2664 4820 nat-dus
2699 4804 2712 4826 ,
2773 4764 2875 4818 hac
2938 4778 3073 4816 voce
3129 4769 3290 4814 utens
3340 4760 3405 4811 ad

1841 4859 2066 4924 amicos,
2100 4856 2317 4912 Nardus
2360 4874 2474 4911 mea
2502 4857 2646 4910 dedit
2683 4857 2891 4910 odorem
2922 4871 3093 4908 suum.
3127 4851 3410 4918 Quomodo

1845 4950 1992 5005 cnim
2021 4951 2367 5020 vos,inquit,
2424 4967 2531 5005 non
2567 4952 2745 5021 ipsum
2787 4951 3060 5005 sincerum
3105 4961 3295 5000 aurum
3335 4945 3412 4998 di-

1843 5040 2106 5104 vinitatis,
2149 5040 2240 5096 sed
2288 5056 2384 5110 per
2427 5057 2521 5096 eas
2571 5041 2767 5096 mentis
2818 5037 3219 5106 conceptiones,
3271 5050 3410 5104 quas

1843 5147 2039 5201 capere
2067 5147 2381 5202 possumus,
2414 5134 2570 5187 nobis
2598 5133 2812 5188 donatis
2838 5131 2958 5183 auri
2991 5126 3404 5188 similitudines,

1843 5240 1951 5278 non
2001 5224 2240 5278 dilucida
2273 5225 2520 5279 oratione
2567 5240 2686 5294 quae
2735 5231 2863 5278 sunt
2906 5222 3028 5290 ejus
3077 5217 3408 5287 aperientes.

1844 5313 1938 5368 sed
1967 5330 2061 5383 per
2087 5315 2314 5384 exiguas
2344 5316 2553 5369 ratione
2586 5314 2795 5383 praediti
2827 5310 3034 5380 argenti
3062 5317 3242 5369 notas,
3275 5321 3410 5374 prte-

1847 5405 2036 5459 bentes
2061 5407 2322 5474 quasdam
2349 5417 2668 5478 apparentes
2689 5404 2898 5474 species
2912 5403 3030 5471 ejus
3057 5399 3197 5470 quod
3213 5399 3410 5468 quaeri-

1844 5503 1958 5548 tur:
1982 5495 2050 5549 ita
2087 5513 2186 5568 ego
2207 5513 2419 5567 quoque
2440 5513 2535 5568 per
2560 5498 2693 5553 bene
2709 5497 3003 5567 spirantem
3023 5493 3125 5551 mei
3149 5488 3408 5562 unguenti
