3846 6220
479 252 582 304 89.5

1673 275 1730 331 S.
1771 274 2123 334 GllEGORil'
2157 282 2442 340 NYSSENI

3627 273 3724 331 se;
3809 253 3811 274 ¹

477 373 855 445 fragrantia"),
915 394 1079 436 sensu
1134 387 1349 456 percepi
1410 387 1554 444 illius
1610 390 1784 460 ipsius
1839 393 2038 449 bonum

2150 403 2552 474 παρεδεξάμην.
2601 403 2848 456 Τοιοῦτον
2886 402 2942 456 δέ
2986 419 3109 455 τινα
3152 399 3273 454 νοῦν
3315 400 3462 454 δοκεῖ
3512 417 3608 470 μοι
3671 401 3723 451 τὸ

475 465 724 521 odorem.
771 468 898 524 Mihi
930 480 1115 528 autem
1154 476 1204 529 id
1253 479 1397 546 quod
1429 481 1654 547 dicitur,
1688 482 1902 538 videtur
1946 485 2047 538 ha-

477 557 604 612 bere
650 561 815 615 talem
866 578 1088 619 sensum
1123 568 1611 640 :Quandoquidem
1661 576 1960 629 multorum
1993 583 2047 630 et

476 650 818 710 diversorum
871 670 1202 724 aromatum,
1245 664 1340 718 sed
1378 679 1486 719 non
1535 682 1602 720 ex
1650 668 1756 720 alia
1796 669 2045 737 proprie-

475 747 622 799 tate.
682 744 820 799 bene
875 749 1237 815 spirantium,
1307 754 1603 810 artiﬁciosa
1663 765 1717 811 et
1767 757 2047 812 moderata

478 832 668 886 mistio
700 836 808 890 tale
839 839 1375 909 cilicitunguentum,
1398 861 1460 900 ex
1488 847 1692 916 iisquae
1724 849 1886 902 simul
1923 849 2046 917 inji-

473 921 716 985 eiuntur,
752 943 858 981 una
901 930 1064 986 herba
1101 934 1402 1000 redolente,
1447 939 1533 992 cui
1566 955 1764 994 nomen
1805 948 1890 995 est
1922 956 2048 994 nar-

474 1013 600 1077 dus.
632 1031 826 1072 nomen
860 1023 1108 1089 praebens
1147 1029 1246 1080 toti
1288 1029 1676 1098 compositioni
1713 1050 1724 1084 :
1759 1031 1904 1101 quod
1941 1047 2044 1085 au~

473 1112 584 1157 tem
617 1121 680 1160 ex
713 1112 970 1166 omnibus
999 1119 1322 1174 aromatieis
1347 1121 1774 1189 proprietatibus
1797 1124 1852 1177 in
1881 1140 2045 1178 unam

471 1198 801 1290 conciliatur
863 1211 917 1255 et
977 1206 1246 1261 conﬂatur
1318 1209 1709 1280 fragrantiam,
1785 1223 2043 1284 tanquam

473 1289 652 1347 ipsum
703 1289 892 1354 sponsi
944 1305 1165 1347 suavem
1218 1296 1446 1352 odorem
1508 1312 1770 1370 purgatus
1815 1304 2045 1374 suscipit

473 1389 708 1432 sensus:
761 1381 875 1435 haec
909 1399 1006 1452 per
1042 1401 1104 1440 ea
1146 1403 1269 1456 quae
1307 1389 1451 1444 dicta
1489 1403 1618 1447 sunt
1661 1395 2043 1451 existimamus

474 1464 709 1524 Verbum
741 1487 843 1527 nos
871 1477 1111 1543 erudire,
1137 1480 1282 1548 quod
1318 1482 1449 1536 illud
1473 1483 1718 1553 quidem.
1753 1486 2044 1555 qualecun-

470 1576 578 1628 que
627 1565 699 1616 sit
749 1569 1049 1624 secundum
1102 1575 1431 1639 essentiam,
1482 1577 1629 1646 quod
1680 1593 1870 1633 eorum
1921 1595 2042 1651 quze

471 1664 620 1713 sunt,
652 1670 874 1726 superat
900 1675 1117 1716 omnem
1144 1666 1590 1723 constitutionem
1615 1678 1668 1724 et
1688 1669 2042 1727 administra-

471 1746 694 1811 tionem,
746 1749 1088 1808 inaccessum
1131 1765 1236 1818 est,
1274 1774 1450 1828 neque
1492 1763 1638 1832 tangi
1668 1771 1762 1814 aut
1791 1778 2040 1833 compre-
2069 1739 2113 1797 Β

469 1835 634 1891 heudi
677 1850 901 1909 potest:
944 1848 1035 1915 qui
1085 1863 1213 1902 vero
1253 1849 1308 1904 in
1355 1851 1517 1908 nobis
1547 1861 1632 1909 est
1678 1853 1856 1910 bonus
1903 1854 2039 1908 odor

470 1929 641 1984 instar
659 1937 920 2004 unguenti
947 1941 1290 2009 compositus
1318 1958 1412 2012 per
1433 1944 1727 2014 puritatem
1750 1947 2034 2012 virtutum,

470 2021 516 2073 is
540 2023 695 2077 nobis
721 2029 934 2083 exsistit
965 2030 1087 2086 loco
1115 2033 1285 2097 illius,
1319 2050 1416 2088 sua
1446 2039 1684 2106 puritate
1721 2039 1948 2094 imitans
1982 2039 2038 2093 id

467 2115 612 2181 quod
643 2125 726 2171 est
753 2127 947 2175 natura
990 2123 1267 2178 sincerum
1306 2135 1359 2180 et
1392 2127 1640 2184 interitui
1671 2130 1898 2185 minime
1937 2131 2037 2185 ob-

468 2205 721 2270 noxium,
751 2219 805 2264 et
828 2211 1070 2268 bonitate
1093 2215 1327 2281 bonum,
1361 2229 1415 2274 et
1443 2235 1510 2274 eo
1541 2221 1685 2290 quod
1722 2237 1830 2277 non
1855 2225 2040 2279 interit

467 2295 520 2348 id
553 2297 606 2349 in
634 2299 777 2366 quod
805 2317 913 2355 non
945 2304 1094 2358 cadit
1113 2305 1402 2376 interitus,
1429 2318 1484 2364 et
1509 2325 1574 2366 eo
1594 2312 1737 2381 quod
1761 2315 1960 2368 mutari
1985 2327 2041 2369 et

467 2387 684 2443 alterari
716 2407 824 2446 non
853 2403 1056 2463 potest,
1090 2396 1140 2450 id
1167 2398 1313 2466 quod
1343 2409 1428 2455 est
1453 2400 1792 2458 immutabile
1821 2413 1875 2458 et
1896 2405 2036 2460 inal-

466 2479 716 2546 terabile,
746 2489 800 2537 et
837 2485 1096 2543 omnibus
1141 2504 1262 2558 quae
1296 2490 1349 2544 in
1395 2492 1554 2546 nobis
1591 2502 1740 2550 recte
1769 2507 2038 2565 geruntur

465 2584 529 2623 cx
583 2572 807 2636 virtute,
852 2591 1036 2632 veram
1079 2580 1334 2636 virtutem
1388 2582 1766 2654 intelligimus,
1810 2586 1878 2642 de
1928 2603 2036 2653 qua

465 2660 598 2716 dicit
627 2664 846 2721 Abacuc
875 2670 1140 2738 propheta
1165 2672 1230 2736 “,
1247 2673 1392 2743 quod
1411 2677 1821 2746 comprehendit
1845 2695 2037 2737 omnes

465 2757 654 2810 cmlos.
680 2758 811 2824 Qum
839 2776 971 2831 ergo
1003 2763 1119 2818 haec
1150 2765 1378 2821 disserit
1409 2769 1553 2838 apud
1584 2770 1792 2826 amicos
1825 2773 2036 2841 sponsi,

467 2863 661 2918 ιιειιιρε
689 2851 832 2918 quod
867 2867 1028 2907 suum
1062 2854 1286 2910 odorem
1313 2855 1526 2912 dederit
1555 2859 1763 2915 nardus
1787 2879 1802 2927 ;
1842 2863 1957 2916 haec
1983 2871 2038 2917 et

465 2957 586 3006 qum
627 2951 758 2995 sunt
812 2943 1128 3012 hujusmodi
1167 2947 1298 3001 mihi
1344 2948 1559 3003 videtur
1601 2951 2036 3020 philosophando

2149 494 2435 565 λεγόμενον
2469 495 2640 566 ἔχειν·
2667 495 2882 566 Ἐπειδὴ
2917 494 3125 548 πολλῶν
3149 495 3244 546 καὶ
3265 493 3546 562 διαφόρων
3578 493 3719 560 ἀρω-

2149 583 2355 652 μάτων,
2403 584 2517 638 άλλ’
2561 585 2622 638 οὐ
2668 585 2789 637 κατ’
2819 585 2983 653 ἄλλην
3037 584 3270 653 ἰδιότητα
3319 580 3720 640 εὐπνοούντων,

2145 675 2365 742 τεχνική
2404 691 2486 736 τις
2516 675 2611 726 καὶ
2634 673 2903 744 ἔμμετρος
2935 671 3075 742 μίξις
3106 672 3168 723 τὸ
3198 670 3435 722 τοιοῦτον
3462 669 3720 739 ἀπεργά·

2147 762 2294 826 ζεται
2329 764 2516 834 μύρον,
2556 766 2683 834 μιᾶς
2723 780 2865 826 τινος
2895 763 3032 826 πόας
3069 760 3298 824 εὐώδους
3338 762 3403 812 ὲκ
3443 761 3562 812 τῶν
3600 777 3724 812 σνν-

2145 855 2577 926 εμὸαλλομένων,
2604 849 2826 930 ᾖὸνομα
2857 854 3046 924 νάρδος
3066 853 3230 916 ἐστὶν,
3261 852 3365 922 ὃλῳ
3395 851 3473 921 τῷ
3517 853 3720 904 exaud-

2147 963 2310 1016 σματι
2347 947 2724 1016 παρεχομένης
2761 946 2821 999 τὸ
2847 945 3042 1015 δνομα·
3074 944 3137 997 τὸ
3157 944 3212 998 δὲ
3245 946 3309 997 ἐκ
3337 943 3566 997 πάντων
3613 944 3723 996 τῶν

2145 1037 2509 1108 ἀρωματικῶν
2562 1037 2861 1106 ἰδιωμάτων
2919 1037 3000 1098 είς
3055 1035 3183 1105 μίαν
3230 1032 3723 1105 συνερανιζόμενον

2144 1129 2418 1192 εὐπνοιαν,
2449 1130 2524 1191 ὡς
2548 1129 2718 1197 αὐτὴν
2745 1127 2838 1180 τοῦ
2880 1128 3114 1198 νυμφίου
3158 1127 3254 1197 τὴν
3293 1125 3523 1179 εὐωδίαν
3554 1128 3590 1195 ἡ
3626 1141 3720 1178 κε-

2145 1222 2462 1292 καθαρμένη
2494 1221 2743 1290 αἴσθησις
2771 1219 3004 1290 δέχεται·
3036 1217 3208 1270 ταῦτα
3233 1217 3322 1270 διά
3348 1216 3460 1269 τῶν
3488 1215 3724 1287 εἰρημέ-

2143 1329 2248 1366 νων
2283 1310 2558 1364 παιδεύειν
2601 1311 2748 1380 ὴμᾶς
2783 1309 2874 1361 τὸν
2913 1309 3084 1376 Λόγον
3129 1307 3372 1378 οἰόμεθα,
3412 1307 3496 1359 ὅτι
3539 1308 3722 1358 tacetve

2146 1404 2242 1473 μὲν
2264 1403 2292 1454 ὃ
2313 1401 2366 1453 τί
2396 1418 2524 1454 ποτε
2546 1403 2664 1453 κατ’
2694 1400 2880 1452 οὐσίαν
2911 1399 3046 1460 ἐστὶ,
3075 1397 3136 1451 τὸ
3165 1398 3346 1469 πάσης
3378 1396 3720 1467 ὑπερκείμε-

2141 1509 2231 1546 νον
2271 1493 2368 1562 τῆς
2409 1491 2516 1544 τῶν
2549 1491 2714 1546 δντων
2763 1488 3074 1552 συστάσεως
3119 1505 3178 1542 τε
3228 1491 3322 1542 καὶ.
3363 1489 3716 1558 διοικήσεως,

2141 1583 2434 1654 ἀπρόσιτόν
2461 1599 2522 1635 τε
2552 1582 2646 1635 καὶ
2673 1582 2877 1650 ἀναφὲς
2909 1581 3004 1634 καὶ¹
3031 1579 3269 1650 ἄληπτον
3289 1596 3304 1609 ·
3346 1581 3378 1649 ἡ
3408 1579 3467 1632 δὲ
3492 1580 3555 1630 ὲν
3587 1581 3723 1649 ἡμῖν

2140 1675 2227 1729 διά
2268 1674 2366 1744 τῆς
2407 1674 2516 1727 τῶν
2555 1673 2762 1746 ἀρετῶν
2796 1671 3168 1743 καθαρότητος
3207 1669 3599 1741 μυρεψουμένη
3632 1668 3722 1721 εὐο

2138 1763 2290 1828 ωδία,
2329 1763 2442 1817 ἀντ’
2477 1763 2685 1816 ἐκείνου
2723 1763 2854 1833 ἡμῖν
2883 1761 3109 1829 γίνεται,
3145 1759 3453 1830 μιμουμένη
3484 1757 3570 1827 τῷ
3601 1757 3724 1810 καθ’

2138 1856 2336 1926 ἑαυτὴν
2356 1853 2578 1927 καθαρῷ
2606 1855 2667 1907 τὸ
2694 1856 2762 1924 τῇ
2793 1851 2955 1921 φύσει
2977 1853 3268 1922 ἀκήρατον,
3297 1851 3391 1903 καὶ
3418 1849 3498 1920 τῷ
3527 1848 3723 1917 ἀγαθῷ

2136 1949 2199 2001 τὸ
2237 1946 2462 2016 ἀγαθὸν,
2493 1950 2588 2001 καὶ
2623 1945 2701 2016 τῷ
2731 1944 2994 2014 ἀφθάρτῳ
3033 1945 3094 1996 τὸ
3135 1943 3440 2013 ἄφθαρτον,
3492 1943 3596 1995 καὶ
3645 1941 3725 2010 τῷ

2138 2039 2476 2109 ἀναλλοιὼτῳ
2517 2039 2576 2091 τὸ
2603 2035 2976 2098 ἀναλλοίωτον,
3014 2035 3108 2088 καὶ
3134 2037 3265 2088 πᾶσι
3300 2036 3413 2096 τοῖς
3443 2034 3569 2086 κατ’
3602 2035 3725 2102 ἀρευ

2137 2132 2237 2204 τὴν
2277 2132 2336 2186 ὲν
2385 2132 2516 2200 ἡμῖν
2555 2127 3006 2197 κατορθουμένοις
3043 2125 3141 2197 τὴν
3176 2125 3436 2196 ἀληθινὴν
3490 2124 3722 2195 ἀρετὴν,

2139 2225 2268 2295 περὶ
2298 2217 2366 2294 ἧς
2403 2238 2565 2291 φησιν
2609 2219 2926 2288 Ἀὖϐακούμ
2955 2219 2984 2272 ὁ
3015 2218 3322 2288 προφήτης,
3361 2217 3441 2280 ὡς
3469 2218 3602 2280 τοὺς
3631 2217 3722 2269 οὐ-

2142 2319 2335 2390 ρανούς
2356 2317 2564 2378 πάντας
2584 2312 2965 2380 διαλαδούσης.
2991 2311 3201 2364 Οὐκοῦν
3225 2309 3395 2364 ταῦτα
3422 2310 3564 2379 πρὸς
3591 2311 3719 2370 τοὺς

2140 2409 2326 2478 φίλους
2357 2406 2451 2460 τοῦ
2481 2405 2712 2475 νυμφίου
2742 2401 3032 2467 διεξιοῦσα,
3053 2400 3138 2455 ὅτι
3164 2399 3274 2471 Τὴν
3290 2400 3464 2471 ὀδμὴν
3491 2400 3664 2454 αὐτοῦ
3689 2401 3722 2469 ἡ

2139 2503 2246 2574 ἐμὴ
2286 2500 2480 2572 νάρδος
2519 2499 2642 2570 ἐμοὶ
2673 2499 2852 2552 δίδωσι
2874 2515 2887 2530 ·
2919 2495 3093 2550 ταῦτά
3129 2512 3218 2564 μοι
3255 2494 3351 2547 καὶ
3389 2493 3463 2546 τὰ
3493 2493 3723 2545 τοιαῦτα

2138 2594 2287 2647 δοκεῖ
2313 2590 2674 2662 φιλοσοφοῦσα
2703 2589 2904 2656 λέγειν,
2931 2589 3012 2642 ὅτι
3044 2587 3124 2648 είς
3155 2585 3264 2638 πᾶν
3293 2582 3458 2646 ἀνθος
3489 2583 3722 2645 εὐωδίας

2139 2687 2172 2758 ἢ
2205 2686 2404 2757 ἀρωμα
2430 2685 2494 2737 ἐκ
2518 2682 2628 2735 τῶν
2654 2681 2912 2735 ποικίλων
2943 2679 3043 2748 τῆς
3070 2676 3269 2748 ἀρετῆς
3301 2675 3589 2745 λειμώνων
3631 2676 3720 2724 ἁν-

2141 2776 2437 2844 θολογήσας
2456 2814 2470 2838 ,
2511 2773 2686 2826 πάντα
2715 2770 2909 2824 ἑαυτοῦ
2938 2769 3027 2822 τὸν
3061 2767 3173 2838 βίον
3212 2767 3459 2836 ἔμμυρον
3488 2763 3583 2816 διὰ
3624 2762 3722 2830 τῆς

2139 2863 2247 2918 τῶν
2268 2864 2387 2917 καθ’
2416 2863 2641 2916 ἕκαστον
2662 2859 3100 2930 ἐπιτηδευμάτων
3127 2855 3376 2926 εὐοδμίας
3397 2853 3721 2924 ἀπεργασά-

2145 2973 2325 3028 μενος,
2356 2954 2444 3008 διά
2470 2954 2688 3007 πάντων
2722 2955 2930 3021 γένοιτο
2956 2951 3159 3013 τέλειος
3179 2990 3192 3012 ,
3236 2948 3370 3018 πρὸς
3410 2946 3584 2999 αὐτὸν
3626 2946 3720 3014 μὲν

463 3031 666 3099 dicere,
709 3049 902 3104 nempe
946 3039 1090 3107 quod
1124 3040 1169 3092 si
1208 3040 1338 3110 quis
1373 3055 1587 3094 omnem
1621 3041 1758 3097 bene
1794 3044 2027 3098 olentem

2143 3049 2232 3102 τὸν
2259 3049 2388 3101 Θεὸν
2413 3048 2604 3116 Λόγον,
2633 3047 2707 3110 ὡς
2737 3045 2874 3117 πρὸς
2899 3044 3050 3115 ἡλίου
3075 3042 3271 3096 κύκλον
3297 3040 3506 3103 ἀτενῶς
3530 3039 3718 3092 ἐνιδεῖν

464 3122 675 3188 ﬂorem,
703 3134 795 3179 aut
823 3141 1008 3182 aroma
1043 3129 1330 3200 collegerit
1361 3145 1429 3185 ex
1460 3131 1627 3186 variis
1663 3134 1834 3202 pratis
1867 3135 2039 3188 virtu-

464 3211 556 3275 tis,
581 3222 635 3268 et
666 3222 834 3268 totam
861 3232 1015 3271 suam
1047 3218 1212 3271 vitam
1242 3234 1410 3273 unum
1432 3219 1672 3275 effecerit
1698 3231 2037 3292 unguentum

467 3319 562 3371 per
586 3299 790 3360 bonum
824 3308 1049 3364 odorem
1084 3311 1425 3380 singulorum
1459 3313 1585 3367 vita:
1623 3315 1954 3380 studiorum,
1987 3325 2039 3369 et

465 3409 527 3446 ea
560 3397 768 3450 ratione
806 3413 902 3467 per
954 3401 1136 3452 omnia
1189 3399 1356 3454 fuerit
1401 3400 1700 3471 perfectus,
1739 3403 1805 3458 ad
1859 3405 2038 3474 ipsum

464 3487 684 3556 quidem
710 3489 806 3543 Dei
831 3488 1095 3554 Verbum,
1124 3501 1379 3560 tanquam
1415 3493 1480 3546 ad
1509 3493 1695 3548 orbem
1741 3495 1874 3550 solis
1907 3495 2038 3550 deli-

465 3593 592 3644 gere
621 3579 814 3634 oculos
859 3594 958 3634 sua
1002 3596 1110 3634 non
1160 3588 1346 3650 potest
1395 3588 1636 3637 natura:
1681 3583 1775 3639 sed
1830 3583 1885 3637 in
1921 3583 2040 3653 ipso

464 3677 723 3736 tanquam
753 3671 806 3724 in
839 3672 1068 3740 speculo
1110 3673 1278 3727 solem
1307 3673 1520 3742 aspicit.
1555 3674 1704 3729 l-llius
1725 3675 1869 3728 enim
1901 3690 2039 3730 vera:

465 3766 519 3812 et
563 3759 762 3814 divinm
807 3762 1031 3816 virtutis
1076 3762 1240 3827 radii,
1290 3778 1441 3832 pura:
1484 3765 1608 3819 vitae
1655 3765 2038 3821 illucescentes

465 3865 561 3919 per
612 3861 923 3906 manantem
980 3868 1042 3907 ex
1095 3853 1204 3909 illis
1247 3855 1743 3926 impatibilitatem,
1799 3857 2039 3911 cﬂiciunt

465 3944 628 3997 nobis
667 3945 1054 4013 aspectabilem
1083 3946 1178 4016 qui
1204 3955 1289 4002 est
1321 3949 1754 4019 inaspectabilis,
1801 3960 1855 4004 et
1883 3965 2037 4004 com-

463 4035 887 4104 prehensibilem
935 4051 1060 4089 eum
1097 4037 1164 4091 ad
1196 4053 1358 4107 quem
1393 4053 1503 4093 non
1551 4046 1701 4109 patet
1745 4038 1950 4102 aditus,
1982 4040 2037 4094 in

464 4126 688 4195 speculo
724 4137 915 4181 nostro
943 4127 1113 4180 sulem
1138 4127 1535 4185 describentes.
1569 4129 1710 4184 Idem
1741 4138 1825 4185 est
1854 4141 2037 4185 autem

463 4218 667 4282 dicere,
698 4217 846 4288 quod
887 4219 952 4273 ad
987 4233 1208 4274 sensum
1254 4221 1469 4284 attinet,
1513 4228 1606 4274 aut
1649 4221 1782 4275 solis
1827 4221 2036 4285 radios,

463 4318 559 4363 aut
586 4310 807 4364 virtutis
841 4310 1022 4365 tluxus
1055 4319 1110 4365 et
1139 4311 1536 4376 emanationes,
1567 4320 1660 4366 aut
1685 4311 1882 4368 odores
1912 4329 2038 4368 aro-

2143 3137 2304 3205 φύσιν
2335 3139 2436 3190 οὐκ
2462 3137 2575 3207 ἔχει
2595 3154 2608 3168 ·
2641 3138 2697 3189 ὲν
2727 3135 2907 3205 ἑαυτῷ
2945 3135 3001 3187 δὲ
3046 3132 3294 3201 καθάπερ
3335 3131 3394 3182 ὲν
3425 3129 3721 3200 κατόπτρῳ

2143 3228 2328 3298 βλέπει
2358 3227 2446 3280 τὸν
2484 3228 2656 3298 ἥλιον.
2689 3227 2754 3279 Ai
2793 3225 2902 3296 γὰρ
2929 3226 3029 3294 τῆς
3072 3222 3328 3293 ἀληθινῆς
3366 3221 3592 3290 ἐκείνης
3633 3222 3723 3274 καὶ

2141 3319 2289 3382 θείας
2333 3321 2534 3390 ἀρετῆς
2569 3319 2786 3380 ἀκτῖνες
2815 3316 2892 3386 τῷ
2928 3313 3324 3384 κεκαθαρμένῳ
3359 3311 3464 3381 βίῳ
3491 3312 3584 3364 διὰ
3625 3312 3721 3379 τῆς

2140 3409 2518 3482 ἀπορρεούσης
2554 3409 2736 3461 αὐτῶν
2779 3407 3046 3468 ἀπαθείας
3085 3404 3498 3474 ὲκλάμπουσαι,
3530 3401 3725 3474 ὁρατὸν

2141 3501 2390 3555 ποιοῦσιν
2407 3502 2539 3571 ἡμῖν
2556 3500 2617 3554 τὸ
2629 3500 2878 3571 ἀόρατον,
2898 3497 2992 3550 καὶ
3009 3494 3210 3566 ληπτὸν
3225 3493 3284 3546 τὸ
3303 3493 3633 3554 ἀποόσιτον,
3650 3491 3728 3560 τῷ

2139 3592 2394 3663 ἡμετέρῳ
2419 3591 2710 3662 κατόπτρῳ
2731 3587 3177 3659 ὲνζωγραφοῦσαι
3202 3585 3292 3637 τὸν
3312 3584 3490 3653 ἥλιον.
3517 3584 3728 3636 Ταυτὸν

2138 3683 2195 3736 δέ
2224 3685 2372 3736 ἐστιν
2398 3681 2474 3745 ὡς
2500 3681 2635 3753 πρὸς
2662 3681 2723 3733 τὸ
2750 3679 3069 3750 ἐγκείμενον
3097 3676 3293 3746 νόημα,
3326 3676 3360 3745 ἢ
3389 3675 3629 3738 ἀκτῖνας
3657 3676 3730 3725 εἰ-

2139 3775 2263 3825 πεῖν
2297 3772 2470 3842 ἡλίου,
2505 3771 2538 3841 ἢ
2574 3771 2673 3840 τῆς
2713 3770 2913 3843 ἀρετῆς
2944 3767 3259 3839 ἀπορροίας,
3291 3765 3325 3835 ἢ
3366 3765 3470 3826 τὰς
3503 3765 3730 3834 ἀρωμα-

2139 3864 2294 3927 τικὰς
2321 3864 2568 3926 εὐωδίας.
2601 3864 2670 3915 "0
2710 3880 2761 3915 τι
2787 3861 2896 3932 γὰρ
2934 3860 3001 3914 ἂν
3028 3861 3093 3911 ὲκ
3119 3855 3322 3910 τούτων
3348 3855 3488 3925 πρὸς
3512 3855 3609 3907 τὸν
3635 3853 3728 3905 τοῦ

2139 3955 2297 4024 λόγου
2354 3955 2557 4008 σκοπὸν
2594 3953 2953 4023 ὐποθώμεθα,
2988 3949 3046 4002 ἓν
3087 3948 3148 4014 ἐξ
3197 3948 3458 4000 ἁπάντων
3501 3946 3628 3997 ἐστὶ
3673 3944 3731 3995 τὸ

2140 4047 2487 4118 ἐγγινόμενον
2537 4048 2734 4117 νόημα,
2783 4046 2844 4098 τὸ
2893 4043 2981 4098 διὰ
3027 4043 3135 4095 τῶν
3183 4040 3394 4110 ἀρετῶν
3440 4041 3585 4108 ἡμῖν
3636 4035 3728 4088 τοῦ

2140 4141 2320 4194 πάντα
2371 4137 2495 4192 νοῦν
2542 4138 2902 4210 ὑπερέχοντος
2944 4133 3150 4202 ἀγαθοῦ
3192 4135 3291 4202 τὴν
3325 4130 3538 4195 γνῶσιν
3577 4131 3730 4199 ὲγγίο

2139 4231 2346 4296 νεσθαι,
2383 4229 2572 4300 ὥσπερ
2599 4229 2716 4283 ἔστι
2761 4228 2851 4281 διά
2893 4244 3034 4289 τινος
3072 4225 3278 4286 εἰκόνος
3317 4223 3380 4274 τὸ
3408 4223 3726 4291 ἀρχέτυπον

2141 4323 2336 4386 κάλλος
2371 4320 2810 4390 ἀναλογίσασθαι.
2850 4319 3004 4372 Οὐτω
3037 4318 3130 4370 καὶ
3158 4315 3394 4377 Παῦλος,
3423 4316 3462 4382 ἡ
3513 4314 3724 4383 νύμφη,

463 4403 714 4456 matieos.
749 4401 1024 4471 Quidquid
1062 4403 1207 4456 enim
1242 4405 1590 4472 posuerimus
1619 4420 1682 4460 ex
1719 4419 1784 4459 eo
1816 4406 1882 4459 ad
1913 4421 2038 4460 sco-

2141 4417 2168 4466 ό
2195 4414 2282 4467 διὰ
2315 4413 2424 4467 τῶν
2457 4411 2665 4483 ἀρετῶν
2691 4411 2783 4464 τὸν
2819 4409 3050 4479 νυμφίον
3088 4405 3449 4477 μιμούμενος,
3480 4404 3581 4457 καὶ
3621 4406 3724 4467 ζω-

464 4511 588 4560 pum
619 4494 792 4557 verbi,
823 4509 929 4547 tilla
973 4502 1204 4563 estquae
1233 4511 1300 4550 ex
1339 4495 1601 4550 omnibus
1635 4495 1695 4550 [it
1738 4498 2033 4562 sententia,

464 4602 658 4654 neiupe
687 4586 832 4655 quod
863 4586 994 4639 boni
1031 4587 1345 4656 superantis
1373 4602 1587 4642 onmem
1613 4587 2033 4658 intelligentiam

462 4692 560 4745 per
589 4677 824 4731 virtutes
864 4677 1026 4732 nobis
1054 4678 1300 4747 cognitio
1340 4679 1506 4741 inest,
1537 4678 1682 4733 sicut
1711 4695 1809 4749 per
1839 4694 2034 4749 quam-

459 4767 586 4824 dam
640 4769 930 4836 imaginem
983 4771 1211 4841 cogitari
1254 4780 1432 4840 potest
1486 4771 1750 4840 primaria
1792 4773 2037 4840 pulchri-

465 4862 612 4916 ludo.
645 4861 718 4914 lta
747 4862 913 4915 etiam
949 4864 1152 4918 Paulus
1177 4864 1246 4927 ³⁵,
1280 4865 1372 4933 qui
1420 4873 1506 4919 est
1548 4880 1770 4934 sponsa.
1800 4882 1898 4934 per
1925 4867 2037 4918 vir-

462 4961 608 5007 tutes
639 4969 899 5021 sponsum
955 4954 1196 5021 imitans,
1229 4963 1283 5008 et
1333 4972 1428 5024 per
1472 4957 1706 5026 speciem
1745 4957 1798 5009 in
1849 4972 1907 5010 se
1936 4957 2034 5012 de-

462 5045 714 5099 scribens
732 5060 848 5100 eam
873 5044 938 5098 ad
961 5061 1123 5114 quam
1155 5063 1263 5100 non
1284 5057 1433 5117 patet
1451 5048 1631 5101 aditus
1661 5049 2034 5116 pulchritudi-

467 5152 679 5199 nem,ex
701 5136 969 5192 fructibus
987 5137 1742 5208 spiritus,charitate,gaudio
1757 5149 1806 5192 et
1826 5148 2037 5208 pacc,et

462 5242 585 5297 quae
613 5238 744 5282 sunt
772 5228 1084 5295 hujusmodi
1119 5230 1349 5298 species,
1384 5229 1522 5282 hanc
1546 5229 1775 5282 nardum
1808 5245 2032 5298 compo-

463 5337 601 5375 nens
635 5329 894 5390 tanquam
930 5323 1346 5392 unguentarius,
1382 5322 1515 5375 dicit
1550 5324 1603 5376 in
1637 5339 1696 5377 se
1721 5340 1846 5378 esse
1872 5325 2025 5379 Chri-

463 5413 532 5464 sti
562 5412 765 5466 bonum
798 5413 1040 5474 odorem,
1068 5414 1294 5481 gratiam
1328 5413 1474 5464 illam
1503 5423 1943 5481 exsuperantem,
1965 5416 2031 5469 ad

462 5517 624 5571 quam
658 5518 765 5555 non
812 5510 961 5572 patet
994 5504 1197 5568 aditus,
1235 5504 1288 5557 in
1332 5505 1514 5572 seipse
1552 5504 1810 5572 odorans,
1844 5515 1898 5562 et
1944 5523 2030 5564 se-

537 5672 804 5727 “llabac.
831 5691 910 5728 Ill.
951 5676 1003 5730 5.
1082 5677 1126 5708 "
1185 5676 1224 5730 ll
1259 5677 1385 5733 Cor.
1427 5695 1527 5745 ιιι,
1561 5679 1595 5732 2
1635 5695 1754 5750 sqq.

2142 4504 2371 4577 γραφῶν
2414 4503 2592 4574 ἑαυτῷ
2637 4502 2726 4554 διὰ
2771 4501 2864 4553 τοῦ
2910 4501 3023 4571 βίου
3065 4499 3125 4552 τὸ
3167 4497 3465 4567 ἀπρόσιτον
3505 4494 3725 4556 κάλλος.

2141 4594 2205 4647 ἐκ
2237 4611 2294 4647 τε
2331 4594 2441 4647 τῶν
2472 4591 2698 4664 καρπῶν
2739 4591 2834 4644 τοῦ
2883 4591 3210 4660 πνεύματος,
3259 4587 3488 4656 ἀγάπης
3533 4603 3598 4638 τε
3638 4585 3728 4638 καὶ

2141 4689 2335 4755 χαρᾶς,
2386 4671 2480 4738 καὶ
2523 4685 2767 4756 εἰρήνης.
2804 4684 2899 4736 καὶ
2929 4682 3039 4734 τῶν
3074 4679 3330 4734 τοιούτων
3364 4676 3530 4730 εἰδῶν
3563 4692 3729 4747 μυρε-

2139 4777 2256 4845 ψῶν
2305 4777 2508 4847 ταύτην
2558 4777 2658 4846 τὴν
2701 4775 2930 4845 νάρδον,
2975 4771 3214 4843 Χριστοῦ
3253 4769 3492 4822 εὐωδίαν
3541 4769 3728 4835 ἔλεγεν

2139 4869 2333 4923 ἑαυτὸν
2371 4865 2510 4922 εἶναι
2531 4907 2545 4932 ,
2576 4867 2674 4938 τὴν
2715 4867 3007 4937 ἀπρόσιτον
3037 4863 3256 4934 ἐκείνην
3292 4861 3389 4915 καὶ
3422 4861 3729 4932 ὑπερέχου-

2141 4978 2238 5014 σαν
2266 4961 2425 5030 χάριν
2464 4962 2521 5012 ὲν
2551 4959 2726 5028 ἐαυτῷ
2764 4958 3206 5029 ὀσφραινόμενος,
3251 4953 3345 5006 καὶ
3392 4953 3511 5015 τοῖς
3546 4949 3726 5010 ἄλλοις

2140 5049 2329 5102 ἑαυτὸν
2355 5049 2609 5118 παρέχων
2638 5047 2825 5118 ὥσπερ
2849 5047 3098 5116 θυμίαμά
3123 5063 3178 5098 τι
3207 5045 3327 5097 κατ’
3351 5039 3616 5107 ἐξουσίαν
3641 5041 3726 5092 ἀν-

2137 5141 2586 5210 τιλαμϐάνεσθαι,
2617 5141 2674 5203 ὃς
2712 5139 2856 5192 κατά
2885 5138 2981 5208 τὴν
3016 5137 3324 5208 προσοῦσαν
3353 5135 3581 5201 ἑκάστῳ
3612 5130 3722 5184 διά·

2142 5233 2322 5296 Οεσιν,
2351 5233 2385 5303 ἢ
2432 5233 2688 5296 ζωοποιδς
2723 5230 2951 5298 ἐγίνετο,
2983 5229 3016 5298 ἢ
3057 5226 3434 5296 θανατηφόρος
3471 5223 3718 5277 εὐπνοια.

2145 5326 2352 5396 ’Ὠσπερ
2387 5323 2448 5376 τὸ
2491 5323 2622 5375 αὐτὸ
2666 5322 2833 5391 μύρον
2878 5321 2927 5372 εἰ
2973 5319 3242 5388 κάνθαρος
3282 5317 3378 5369 καὶ
3420 5312 3719 5385 περιστερᾶ

2144 5416 2495 5486 προστεθείη,
2544 5415 2602 5467 οὐ
2652 5413 2846 5466 ταύτὸν
2898 5413 2984 5464 ἐπ’
3022 5409 3348 5480 ἀμφοτέρων
3387 5407 3713 5478 ἐργάζεται·

2142 5507 2255 5567 ἀλλ’
2282 5509 2313 5578 ἡ
2339 5508 2434 5578 μὲν
2460 5507 2754 5578 περιστερά
2781 5502 3197 5576 ῥωμαλαιοτὲρα
3219 5500 3309 5553 διά
3333 5499 3443 5571 τῆς
3463 5496 3716 5557 εὐπνοίας
