3846 6220
175 293 293 348 8‘25

1248 286 1313 340 IN
1354 285 1650 342 CANTICA
1689 273 1964 338 CANTIC.
2005 271 2282 333 IIOMILIA
2323 271 2410 326 lll.

3323 255 3428 312 8'26

165 411 276 466 τοῦ
311 409 482 482 μύρου
528 407 758 475 γίνεται,
787 407 816 458 ὁ
857 404 913 456 δὲ
955 401 1222 474 κάνθαρος
1267 401 1576 472 φθείρεται⁵
1617 399 1758 452 οὕτω
1791 443 1795 457 .

1898 408 2043 465 psum
2093 390 2219 446 aliis
2269 385 2542 457 praebens,
2595 389 2852 450 tanquam
2907 375 3142 444 aliquem
3191 371 3430 428 sullitum

173 502 276 556 καὶ
298 501 330 552 ὁ
357 499 528 570 μέγας
552 497 762 560 Παῦλος
789 496 850 550 τδ
880 499 1022 548 θεῖον
1061 496 1240 546 έκεῖνο
1263 493 1534 562 θυμίαμα,
1579 493 1626 544 εἰ
1659 489 1756 560 μέν

169 607 266 653 τις
287 585 360 660 ἦν
382 589 702 660 περιστερὰ,
723 591 756 660 ἢ
783 587 804 604 '
822 587 998 650 Τῖτον,
1021 585 1054 654 ἢ
1079 583 1386 646 Σιλουανὸν,
1409 582 1444 652 ἢ
1475 579 1756 651 Τιμόθεον,

175 699 248 734 συ
257 681 550 751 μμετεὶχεν
573 676 722 748 αὐτῷ
740 677 840 746 τῆς
858 675 1085 737 εὐωδίας
1103 674 1198 727 τοῦ
1223 673 1419 743 μύρου,
1441 671 1762 742 προκόπτων

175 777 244 828 ὲν
271 773 435 826 παντὶ
468 771 617 840 καλῷ
643 773 756 832 τοῖς
783 771 902 821 κατ’
937 769 1100 822 αὐτὸν
1145 767 1558 835 ὑποδείγμασιν.
1609 765 1670 815 Εἰ
1708 762 1764 815 δὲ

173 864 378 933 Δημᾶς
405 879 492 926 τις
519 856 586 931 ἦν
622 860 656 932 ἢ
715 857 1084 928 ’Δλέξανδρος,
1117 857 1149 926 ἢ
1191 856 1546 928 Ἑρμογένης,
1580 855 1639 907 οὐ
1672 854 1766 922 φέ-

181 972 378 1025 ροντες
405 955 464 1006 τὸ
496 952 596 1022 τῆς
630 951 954 1022 ἐγκρατείας
989 948 1262 1019 θυμίαμα,
1294 947 1582 1018 κανθάρων
1610 946 1765 1015 δίκην

179 1047 298 1098 ὑπὸ
349 1045 450 1115 τῆς
499 1043 726 1106 εὐωδίας
773 1031 1192 1110 ὲφυγαδεύοντο.
1242 1033 1315 1092 ϋῦ
1371 1038 1532 1111 χάριν
1583 1036 1766 1104 ἔλεγεν

177 1140 214 1191 ὀ
251 1139 368 1201 τοῖς
403 1137 662 1198 τοιούτοις
693 1135 935 1187 εὐπνοῶν
984 1133 1208 1204 μύροις,
1255 1132 1338 1184 ὅτι
1386 1129 1644 1198 Χριστοῦ
1671 1130 1768 1180 εὐ-

179 1229 340 1282 ωδία
364 1227 573 1298 ἐσμὲν,
588 1228 658 1280 ἐν
679 1227 802 1292 τοῖς
827 1223 1195 1294 σωζομένοις.
1225 1224 1322 1277 καὶ
1343 1223 1414 1276 ἐν
1437 1222 1562 1286 τοῖς
1584 1221 1770 1274 ἀπολ-

180 1319 496 1389 λυμένοις,
549 1313 638 1384 οἷς
683 1318 800 1386 μὲν
843 1316 1002 1384 ὀσμὴ
1042 1314 1302 1368 θανάτου
1344 1316 1431 1378 εἰς
1477 1310 1767 1367 θάνατον·

181 1407 286 1476 οἷς
331 1409 400 1462 δὲ
440 1407 598 1478 ὀσμὴ
649 1406 802 1474 ζωῆς
845 1409 930 1471 είς
981 1403 1153 1472 ζωήν.
1199 1403 1264 1456 Εἰ
1301 1403 1358 1456 δέ
1407 1419 1460 1454 τι
1511 1398 1772 1468 συγγενὲς

183 1505 290 1557 καὶ
333 1504 368 1574 ἡ
405 1499 734 1570 εὐαγγελικὴ
773 1498 964 1570 νάρδος
1023 1495 1135 1566 ἔχει
1183 1495 1320 1567 πρὸς
1353 1494 1414 1546 τὸ
1469 1493 1636 1564 μύρον
1672 1491 1772 1559 τῆς

181 1595 444 1664 νύμφης,
510 1591 686 1657 ἔξεστι
741 1589 820 1658 τῷ
879 1587 1186 1658 βουλομένῳ
1235 1585 1324 1638 διὰ
1367 1584 1474 1638 τῶν
1531 1598 1774 1652 γεγραμ-

1861 465 2031 540 libere
2075 477 2510 548 suscipiendum,
2562 473 2766 544 quibus
2795 467 3190 524 convenienter
3229 465 3280 520 ei
3313 480 3434 533 quae

1862 577 2165 644 unicuique
2197 571 2352 626 adest
2395 563 2692 628 allectioni,
2721 563 2804 617 vel
2843 559 3094 616 vit'ificus
3125 559 3210 610 vel
3253 556 3435 610 letifer

1861 674 1980 720 erat
2039 662 2264 716 halitus.
2309 654 2596 723 Quomodo
2644 653 2788 707 enim
2830 649 2974 704 idem
3015 654 3354 716 unguentum
3385 643 3434 698 si

1865 757 2031 812 fuerit
2060 754 2371 826 appositum
2405 747 2683 804 scarabaao
2723 753 2778 798 et
2811 741 3098 803 columbis,
3135 754 3245 792 non
3293 737 3436 792 idem

1864 850 2029 906 ellicit
2059 849 2114 900 in
2145 846 2392 912 utrisque
2423 859 2437 894 :
2467 839 2562 894 sed
2587 836 2838 892 columba
2867 832 3085 902 quidem
3113 845 3208 900 per
3237 830 3439 884 bonum

1867 937 2132 1010 unguenti
2163 936 2396 990 halitum
2429 931 2489 986 ﬁt
2525 929 2828 992 robustior,
2873 923 3062 978 interit
3092 931 3272 974 autem
3319 933 3444 973 sca-

1867 1007 2114 1089 rabznus:
2157 1029 2232 1080 ita
2267 1026 2432 1082 etiam
2485 1035 2716 1092 magnus
2766 1016 2970 1070 Paulus
3017 1014 3074 1066 in
3116 1010 3305 1064 divino
3349 1007 3442 1060 illo

1869 1123 2072 1186 sullitu,
2111 1121 2154 1175 si
2191 1124 2310 1174 erat
2343 1115 2566 1185 quidem
2608 1109 2884 1182 quispiam
2931 1107 3118 1174 aliqua
3163 1099 3442 1164 columba,

1869 1226 1964 1269 aut
1993 1213 2151 1266 Titus
2177 1217 2272 1262 aut
2304 1207 2598 1278 Sylvanus,
2619 1207 2714 1256 aut
2733 1196 3074 1258 Timotheus,
3095 1207 3220 1248 eum
3251 1191 3448 1258 imper-

1870 1306 2042 1360 tiebat
2073 1304 2218 1358 bono
2257 1299 2432 1354 odore
2467 1292 2752 1365 unguenti,
2787 1297 2848 1344 ut
2889 1287 2983 1357 qui
3017 1287 3072 1340 in
3109 1283 3255 1340 omni
3301 1282 3446 1336 bono

1873 1413 1972 1453 sua
1995 1397 2286 1466 proliceret
2304 1389 2558 1445 doctrina
2585 1393 2641 1440 et
2669 1381 2938 1450 exemplo.
2967 1377 3074 1432 Sed
3103 1377 3148 1430 si
3172 1373 3448 1444 quispiam

1872 1497 1994 1546 erat
2041 1488 2236 1542 Demus
2283 1491 2378 1538 aut
2409 1478 2739 1540 Alexander,
2777 1481 2871 1528 aut
2908 1472 3300 1536 Hermogenes,
3339 1479 3448 1520 nou

1877 1581 2116 1637 ferentes
2164 1575 2404 1635 sullitum
2461 1568 2854 1630 continentiae,
2913 1579 3023 1618 non
3079 1574 3242 1614 secus
3286 1565 3450 1626 atque

431 1648 890 1751 άναλογίσασίίαι,
933 1679 1018 1742 τίς
1040 1648 1128 1750 ’ἢν
1157 1648 1362 1746 ’ἐκείνη
1410 1677 1444 1746 ἡ
1497 1648 1688 1744 νάρδος
1713 1648 1773 1742 Ῠή

1898 1672 2142 1728 scarabaei
2201 1669 2531 1739 fugabantur
2579 1679 2610 1716 a
2661 1661 2808 1716 bono
2853 1657 3042 1712 odore.
3083 1648 3450 1716 Quamobrem

187 1777 446 1848 πιστικὴ,
481 1779 516 1846 ὴ
549 1773 880 1844 πολύτιμος,
925 1773 960 1842 ἡ
1005 1741 1368 1839 καταχεθεῖσά
1409 1741 1508 1837 μὲν
1543 1741 1645 1835 τῆς
1683 1741 1776 1818 ne;

1898 1765 2096 1820 licebat
2146 1761 2194 1816 is
2237 1759 2332 1829 qui
2384 1751 2656 1824 ejusmodi
2715 1749 2856 1802 bona
2910 1745 3094 1798 olebat
3137 1744 3450 1808 unguenta:

185 1870 378 1939 φαλῆς
423 1866 520 1920 τοῦ
571 1866 816 1936 Κυρίου,
869 1863 1048 1916 πάντα
1096 1861 1155 1915 δὲ
1197 1860 1290 1914 τὸν
1337 1854 1484 1913 οἶκον
1535 1858 1635 1927 τῆς
1681 1857 1774 1908 εὐ-

187 1963 364 2025 ωδίας
405 1958 764 2030 πληρώσασα.
801 1958 955 2028 Τάχα
1009 1953 1119 2025 γὰρ
1163 1953 1266 2006 οὐκ
1303 1949 1645 2015 άπεξένωται
1681 1946 1776 2001 τοῦ

193 2055 378 2125 μύρου
421 2052 484 2105 τὺ
519 2051 720 2123 μύρον,
773 2049 802 2103 ὃ
831 2052 900 2120 τῇ
945 2047 1132 2119 νύμφῃ
1182 2045 1280 2116 μὲν
1318 2043 1418 2116 τὴν
1465 2041 1635 2112 ὀδμὴν
1683 2039 1778 2093 τοῦ

188 2143 434 2214 νυμφίου
479 2143 694 2196 δίδωσιν
714 2157 726 2172 ν
758 2143 816 2193 ὲν
856 2139 914 2194 δὲ
951 2138 1032 2208 τῷ
1067 2134 1382 2204 Εὐαγγελίῳ
1415 2131 1580 2186 αὐτοῦ
1610 2147 1781 2184 κατα-

189 2235 368 2308 χυθὲν
406 2233 502 2287 τοῦ
545 2233 786 2304 Κυρίου,
841 2231 1039 2301 πληροῖ
1087 2227 1188 2299 τῆς
1227 2225 1458 2287 εὐωδίας
1494 2223 1588 2277 τὸν
1633 2221 1782 2275 οἷκον

191 2331 264 2382 ὲν
301 2321 349 2396 ᾧ
379 2327 439 2380 τὸ
475 2327 772 2396 συμπόσιον
798 2319 886 2394 ἦν.
915 2323 1074 2376 Δοκεῖ
1117 2321 1226 2390 γάρ
1259 2335 1350 2388 μοι
1379 2317 1542 2370 κάκεῖ
1571 2329 1784 2386 προφη-

191 2420 346 2490 τικῷ
391 2435 499 2472 τινι
555 2417 826 2486 πνεύματι
866 2412 1210 2486 προμηνῦσαι
1257 2410 1347 2464 διὰ
1393 2408 1488 2462 τοῦ
1531 2407 1704 2478 μύρου
1749 2405 1784 2474 ή

195 2511 352 2581 γυνὴ
417 2509 480 2562 τὸ
529 2507 624 2560 τοῦ
663 2507 894 2561 θανάτου
935 2505 1266 2576 μυστήριον,
1306 2499 1486 2563 καθὼς
1523 2499 1788 2570 μαρτυρεῖ

197 2605 329 2667 τοῖς
375 2603 506 2673 παρ’
537 2601 706 2672 αὐτῆς
735 2597 1118 2670 γεγενημένοις
1155 2599 1184 2649 ὁ
1209 2594 1412 2664 Κύριος
1453 2592 1624 2659 λέγων
1644 2607 1658 2620 ·
1705 2591 1788 2646 ὅτι

199 2693 548 2764 Προέλαϐεν
584 2695 672 2759 είς
713 2692 780 2744 τὸ
811 2675 1168 2759 ἐνταφιάσαι
1200 2703 1296 2755 με.
1347 2684 1457 2738 Καὶ⁵
1496 2681 1584 2735 τὸν
1637 2677 1784 2733 οἶκον

201 2789 322 2858 πλη
329 2785 568 2857 ρωθέντα
585 2785 686 2856 τῆς
703 2783 929 2845 εὐωδίας
949 2781 1070 2834 ἀντὶ
1089 2777 1290 2840 παντὸς
1320 2775 1414 2828 τοῦ
1449 2773 1675 2844 κόσμου,
1699 2772 1792 2823 καὶ

201 2881 342 2951 ὅλης
385 2881 484 2950 τῆς
522 2879 844 2948 οἰκουμένης
893 2877 1034 2929 νοεῖν
1079 2871 1424 2932 ὑποτίθεται,
1463 2866 1664 2920 εἰπών·
1711 2865 1793 2917 ὅτι

205 2971 414 3026 Ὅπου
443 2969 552 3024 ἐὰν
587 2967 860 3048 κτιρυχᾷῇ
897 2966 962 3019 τὸ
979 2961 1347 3034 Εὺαγγέλιον
1367 2959 1544 3014 τοῦτο
1575 2959 1646 3012 ἐν
1673 2957 1793 3019 ὅλῳ

207 3065 298 3130 τῷ
337 3065 571 3134 κόσμῳ,
605 3065 644 3131 ἠ
681 3061 842 3130 ὀσμὴ
876 3057 984 3112 τοῦ
1026 3057 1206 3127 ἔργου
1253 3050 1794 3117 συνδιαδοθήσεται
1826 3081 1870 3139 c

1879 1853 2077 1910 Christi
2107 1852 2284 1904 bonus
2308 1849 2438 1901 odor
2467 1859 2650 1899 sumus
2680 1842 2734 1894 in
2765 1840 2833 1892 iis
2863 1836 2950 1906 qui
2983 1839 3278 1892 servantur,
3313 1837 3361 1880 et
3398 1827 3456 1879 in

1879 1951 1944 2004 iis
1979 1947 2068 2018 qui
2101 1951 2357 2012 pereunt:
2391 1939 2514 1992 aliis
2545 1944 2720 1988 autem
2753 1929 2886 1984 odor
2909 1927 3093 1980 mortis
3128 1924 3184 1976 in
3209 1929 3454 1982 mortem,

1881 2009 2002 2094 aliis
2028 2009 2203 2092 autem
2237 2033 2368 2084 odor
2396 2031 2516 2084 vitae
2555 2027 2609 2080 in
2649 2025 2814 2077 vitam
2835 2019 2904 2071 ³⁸.
2949 2015 3107 2083 Quod
3157 2013 3206 2067 si
3252 2009 3458 2064 nardus

1881 2128 2196 2199 evangelica
2225 2124 2387 2178 habet
2407 2120 2648 2188 aliquam
2673 2112 2989 2168 afﬁnitatem
3025 2121 3146 2160 cum
3181 2111 3460 2173 unguento

1883 2196 2120 2294 sponsa},
2151 2219 2280 2273 licet
2303 2213 2506 2269 volenti
2537 2223 2633 2280 per
2650 2221 2714 2262 ea
2739 2221 2861 2276 qua
2889 2201 3096 2270 scripta
3126 2203 3257 2254 sunt
3277 2196 3462 2250 animo

1885 2287 2126 2384 cogitare
2143 2323 2378 2382 quamam
2409 2314 2542 2364 esset
2564 2302 2748 2358 nardus
2767 2299 2856 2354 illa
2869 2295 3052 2368 pistica
3065 2287 3328 2362 pretiosa,
3339 2300 3464 2354 qua:

1887 2375 2105 2460 Dovmin't
2128 2375 2350 2470 quidem
2371 2392 2538 2463 capiti
2566 2389 2770 2456 infusa,
2789 2393 2956 2440 totam
2985 2382 3206 2436 domum
3235 2375 3466 2445 replevit

1888 2493 2034 2548 bono
2058 2463 2228 2543 odore
2245 2485 2310 2538 ³⁷.
2335 2481 2499 2536 Forte
2523 2479 2670 2532 enim
2693 2491 2802 2530 non
2827 2472 2932 2528 fuit
2955 2471 3024 2524 ab
3047 2475 3324 2538 unguento
3343 2463 3466 2518 alie-

1889 2597 2020 2638 num
2057 2583 2416 2648 unguentum,
2449 2569 2596 2641 quod
2627 2579 2843 2637 sponsae
2871 2561 3089 2632 quidem
3121 2559 3214 2611 dat
3242 2554 3468 2610 odorem

1892 2671 2104 2744 sponsi,
2128 2645 2181 2722 in
2203 2665 2494 2734 Evangelia
2516 2671 2694 2715 autem
2715 2655 2958 2712 infusum
2981 2652 3082 2722 ipsi
3103 2649 3352 2710 Domino,
3375 2645 3473 2698 im-

1893 2735 2004 2838 plet
2023 2735 2168 2819 bono
2183 2759 2352 2816 odore
2375 2757 2600 2809 domum
2622 2753 2680 2806 in
2705 2764 2814 2820 qua
2841 2753 2961 2802 erat
2981 2741 3313 2798 convivium.
3339 2735 3471 2790 Mihi

1894 2835 2041 2914 enim
2060 2855 2276 2911 videtur
2293 2846 2616 2922 prophetico
2638 2841 2872 2913 quodam
2892 2835 3088 2906 spiritu
3111 2848 3206 2902 per
3228 2843 3472 2898 unguen-

1896 2962 2014 3008 tum
2037 2945 2378 3019 signiﬁcasse
2401 2939 2595 2994 mulier
2627 2934 2820 2988 mortis
2841 2927 3184 3000 mysterium,
3200 2919 3476 2993 quomodo

1901 3045 1970 3100 iis
1997 3014 2118 3112 quae
2151 3039 2222 3093 ab
2254 3037 2372 3106 ipsa
2413 3033 2572 3091 fiunt,
2619 3026 2727 3082 fert
2761 3022 3028 3080 Dominus
3071 3014 3472 3075 testimonium,

212 3101 298 3130 ιψ
337 3101 571 3134 ινυυμψι
611 3101 643 3131 τι
681 3101 840 3130 νυν-ιι
881 3101 977 3112 νυν
1026 3101 1052 3109 υ
1133 3101 1198 3110 νυ
1255 3101 1353 3108 --σσ
1381 3101 1765 3117 -ν--η-κι-ρη

207 3157 298 3224 τῷ
323 3155 432 3211 τοῦ
464 3153 835 3224 Εὐαγγελίου
880 3101 1241 3218 κτιρύπζιίατι,
1267 3147 1368 3200 καὶ
1398 3145 1795 3215 μνημόσυνον

1903 3137 2136 3191 dicens:
2197 3101 2588 3193 Pricoccupavit
2623 3117 2692 3172 ad
2743 3131 2822 3169 me
2867 3107 3222 3182 sepeliendum
3249 3105 3316 3158 ³⁸.
3369 3101 3476 3156 Do-

2298 3222 2307 3224 ς
2527 3215 2538 3224 .
2750 3208 2783 3224 ν.
2823 3214 2928 3224 .___
2991 3217 3088 3224 -η
3125 3207 3240 3224 ,ΜΛ
3271 3191 3476 3224 mum,“

211 3253 410 3316 ἔσται,
450 3249 602 3318 φησὶ,
625 3247 847 3314 ταύτης
871 3243 936 3298 τὸ
956 3240 1340 3310 Εὺιιττέλιον.
1369 3236 1576 3291 Οὐκοῦν
1609 3237 1667 3288 ὲν
1696 3233 1796 3304 μὲν

211 3343 298 3415 τῷ
341 3343 604 3416 -ᾏσματι
646 3339 754 3392 τῶν
799 3337 1081 3409 ᾀσμάτων,
1145 3335 1180 3403 ἠ
1235 3331 1430 3402 νάρδος
1477 3328 1574 3398 τὴν
1623 3325 1800 3395 ὀσμὴν

213 3433 318 3488 τοῦ
355 3431 586 3503 νυμφίου
620 3433 688 3501 τῇ
733 3428 918 3498 νύμφῃ
949 3425 1164 3480 δίδωσι·
1193 3425 1250 3476 ὲν
1287 3423 1345 3475 δὲ
1371 3420 1449 3490 τῷ
1483 3416 1802 3485 Εὑαγγελίῳ

215 3525 348 3579 ὃλου
374 3523 467 3576 τοῦ
497 3521 745 3591 σώματος
775 3519 872 3589 τῆς
907 3513 1234 3584 Ἐκκλησίας
1261 3514 1319 3564 ὲν
1345 3512 1494 3581 πάσῃ
1526 3511 1592 3579 τῇ
1626 3511 1804 3561 οίκου-

223 3616 368 3686 μένῃ
409 3613 502 3666 καὶ
533 3615 589 3664 ὲν
630 3610 794 3662 παντὶ
817 3606 897 3678 τῷ
929 3607 1118 3675 κόσμῳ
1152 3602 1386 3673 Χριστοῦ
1429 3599 1626 3654 εὐωδία
1657 3599 1805 3667 γίνε-

220 3725 314 3759 ται
333 3743 348 3766 ,
371 3707 404 3772 ὴ
439 3702 557 3755 τότε
585 3701 676 3754 τὸν
704 3697 852 3752 οἷκον
877 3694 1234 3766 πληρώσασα,
1264 3692 1406 3762 τάχα
1433 3708 1517 3752 τις
1554 3688 1806 3760 εὑρίσκε-

223 3815 315 3851 ται
363 3795 450 3848 διὰ
502 3792 704 3846 τούτων
748 3787 1001 3843 κοινωνία
1033 3788 1092 3840 ὲν
1137 3784 1500 3856 ἀμφοτέροις,
1544 3780 1620 3844 ὼς
1653 3779 1712 3832 ἓν
1742 3777 1814 3831 τά

225 3891 324 3944 δύο
353 3889 548 3942 δοκεῖν.

227 3983 512 4046 Ecclesiae,
563 3979 617 4032 in
665 3976 926 4031 universo
973 3971 1108 4025 orbe
1155 3980 1447 4029 terrarum,
1499 3971 1554 4018 et
1603 3964 1658 4018 in
1691 3969 1806 4018 toto
1845 3961 2054 4018 mundo
2121 3952 2328 4010 Christi
2387 3948 2444 4002 fit

1899 3243 2049 3284 mum
2081 3233 2262 3280 autem
2297 3191 2456 3275 bono
2472 3215 2643 3270 odore
2670 3208 2959 3279 repletam,
2991 3217 3092 3272 pro
3125 3207 3242 3252 toto
3271 3191 3481 3248 mundo

1896 3331 1950 3378 et
2005 3317 2268 3374 universo
2306 3311 2440 3366 orbe
2489 3313 2768 3360 terrarum
2822 3297 3081 3352 admonet
3113 3304 3237 3346 esse
3285 3283 3484 3341 intelli-

1898 3375 2167 3482 gendum,
2225 3404 2420 3458 dicens
2470 3415 2482 3450 :
2553 3391 2855 3459 Ubicunque
2917 3384 3268 3456 praedicatum
3325 3375 3484 3445 fuerit

1900 3463 2376 3565 Evangelium
2405 3489 2460 3542 in
2491 3494 2601 3538 toto
2629 3477 2848 3541 mundo,
2879 3475 3010 3531 odor
3041 3467 3292 3541 unguenti
3323 3463 3484 3520 simul

1905 3559 2258 3647 distribuefur
2289 3597 2408 3637 cum
2453 3572 2838 3647 pra'dicatione
2881 3565 3179 3636 Evangelii,
3223 3569 3272 3614 et
3314 3559 3486 3612 moni-

1907 3692 2163 3745 mentum,
2231 3673 2429 3745 inquit,
2479 3667 2578 3723 erit
2622 3663 2736 3728 eius
2795 3657 3166 3728 Evangelium.
3217 3649 3486 3716 Quoniam

1907 3791 2040 3844 ergo
2075 3775 2132 3827 in
2181 3768 2416 3824 Cantico
2461 3761 2830 3819 canticorum,
2877 3749 3084 3806 nardus
3131 3745 3226 3799 dat
3273 3755 3492 3810 Sponsa:

1912 3869 2135 3922 odorem
2161 3859 2376 3932 sponsi,
2412 3856 2470 3909 in
2503 3849 2800 3920 Evangelia
2832 3850 3014 3897 autem
3046 3837 3214 3892 totius
3241 3829 3492 3900 corporis

2492 3947 2672 4001 bonus
2725 3939 2880 3999 odor,
2962 3932 3055 4002 qui
3102 3940 3232 3983 tunc
3271 3924 3492 3978 domum

231 4023 512 4046 μνυιυσιυυν
564 4023 617 4032 ι’·
669 4023 759 4031 ——--
776 4023 786 4028 -
801 4023 919 4030 ‘-—v
984 4023 999 4025 -
1017 4023 1024 4024 κ
1055 4023 1065 4024 κ
1089 4023 1100 4024 γ
1436 4023 1445 4029 _

229 4075 479 4146 implevit
513 4088 530 4126 :
565 4071 797 4126 fortasse
831 4082 928 4138 per
971 4065 1087 4119 haec
1115 4061 1392 4118 invenitur
1423 4059 1478 4114 in
1521 4057 1771 4124 utrisque
1806 4055 1986 4126 aliqua
2018 4046 2337 4118 coniunctio
2363 4051 2417 4097 ct
2446 4039 2705 4098 societas,
2753 4039 2812 4085 ut
2842 4029 2950 4083 duo
2978 4023 3264 4078 videantur
3304 4029 3492 4069 unum.

2083 4143 2095 4146 ⁸
2311 4137 2322 4146 ⁵
2351 4139 2360 4146 ¹
2491 4133 2505 4146 ¹
2580 4137 2611 4146 νΑ
2634 4144 2642 4146 ι
2668 4143 2755 4146 κκΑ-
2826 4122 2958 4146 Π--ηιι
3011 4125 3192 4146 nulla-nl
3243 4109 3492 4146 inlIIiIIIr

303 4167 418 4221 Kal.
447 4163 618 4217 ταῦτα
652 4163 748 4232 μὲν
791 4163 871 4223 εἰς
901 4157 1184 4212 τοσοῦτον·
1217 4155 1252 4224 ἡ
1278 4153 1336 4206 δὲ
1371 4151 1570 4222 ἐφεξῆς
1633 4149 1814 4221 ιρῆσις

233 4256 589 4327 καταλλήλως
617 4253 715 4324 μὲν
742 4253 808 4322 τῇ
847 4247 940 4304 τοῦ
971 4245 1332 4316 ὲπιθαλαμίου
1363 4243 1638 4314 δράματος
1679 4241 1812 4293 ὐπο-

235 4351 422 4413 θέσει,
469 4347 544 4408 ὡς
577 4344 727 4416 παρὰ
761 4342 860 4412 τῆς
890 4343 946 4393 ὲν
979 4337 1213 4391 παστάδι
1250 4331 1809 4407 παρεσκευασμένης,

237 4443 384 4512 ἔχειν
409 4439 584 4493 δοκεῖ’
618 4435 838 4506 μείζονα
869 4432 926 4484 δὲ
955 4431 1050 4484 nati.
1077 4428 1414 4498 τελειοτέραν
1441 4423 1696 4495 ἐμφαίνει
1729 4439 1817 4490 φι-

237 4533 516 4601 λοσοφίαν,
547 4530 614 4600 ἢν
638 4525 976 4596 κατορθῶσαι
1015 4522 1174 4590 μόνον
1201 4519 1308 4572 τῶν
1331 4518 1432 4588 ἤδη
1470 4512 1820 4584 τετελειωμέ-

237 4643 348 4680 νων
382 4623 516 4675 ὲστί.
547 4620 614 4672 Τί
637 4613 729 4671 οὖν
749 4620 864 4670 ἐστι
887 4615 948 4668 τὸ
970 4611 1256 4685 εἰρημένον
1277 4627 1292 4676 ;
1335 4607 1693 4676 Ἁπόδεσμος
1712 4605 1820 4673 τῆς

239 4712 512 4780 στακτῆς
541 4708 862 4778 ἀδελφιδός
892 4725 1012 4776 μου
1040 4705 1191 4775 ἐμοὶ,
1217 4703 1330 4758 ἀνὰ
1353 4701 1546 4773 μέσον
1569 4699 1688 4754 τῶν
1710 4715 1820 4766 μα-

241 4807 410 4863 σθῶν
455 4821 571 4875 μου
615 4799 1070 4868 αὐλισθήσεται.
1119 4795 1289 4849 Φασὶν
1321 4792 1636 4864 ἐπιμέλειαν
1684 4785 1824 4842 εἶναι

242 4903 364 4962 ταῖς
416 4898 766 4968 φιλοκόσμοις
821 4891 932 4945 τῶν
982 4887 1288 4960 γυναικῶν,
1345 4887 1420 4956 μὴ
1463 4886 1577 4945 τοῖς
1625 4881 1827 4946 ἔξωθεν

246 4993 676 5063 προκοσμήμασι
723 4988 883 5059 μόνον
928 4985 1162 5038 ἐπινοεῖν
1203 4979 1424 5040 ἑαυταῖς
1469 4973 1530 5028 τὸ
1581 4972 1674 5026 ἐπὶ
1719 4969 1829 5024 τῶν

248 5083 622 5154 συμϐιούντων
638 5098 650 5111 ·
671 5080 784 5134 ἀλλ’
803 5074 1138 5148 ἐπιτηδεύειν
1155 5073 1244 5126 διά
1261 5087 1406 5132 τινος
1425 5065 1677 5127 εὐπνοίας
1699 5061 1832 5134 ἡδίω

249 5176 320 5229 τά
367 5175 595 5246 σώματα
635 5176 749 5234 τοῖς
799 5167 1006 5223 ἑαυτῶν
1041 5165 1266 5236 ἀνδράσι
1289 5158 1596 5230 φαίνεσθαι,
1622 5155 1684 5208 τὺ
1713 5152 1834 5208 κατ’

252 5267 498 5338 άλλήλως
531 5263 788 5334 ἐνεργοῦν
819 5261 954 5331 πρὸς
977 5259 1076 5329 τὴν
1095 5255 1351 5323 τοιαύτην
1381 5251 1568 5323 χρείαν
1601 5249 1824 5318 ἄρωμα,

252 5337 404 5421 ἐντὸς
445 5358 543 5426 τῆς
579 5355 721 5408 κατὰ
766 5354 866 5422 τὴν
896 5351 1098 5420 ἐσθῆτα
1129 5345 1418 5417 περιϐολῆς
1448 5337 1830 5411 ἀποκρυπτού-

254 5467 378 5513 σαις
395 5488 410 5511 ,
453 5442 513 5502 οὐ
550 5446 642 5500 τὸν
670 5447 868 5497 οἰκεῖον
899 5441 1070 5512 ἀτμὸν
1096 5437 1421 5499 ἐκδιδόντος,
1465 5432 1560 5485 καὶ
1584 5430 1644 5483 τὸ
1671 5427 1832 5496 σῶμα

253 5545 320 5613 τῇ
354 5539 448 5593 τοῦ
476 5535 768 5611 ἁρώματος
809 5532 1034 5603 εὐπνοίᾳ
1074 5523 1644 5598 συγκαταχρώννυται.
1684 5517 1830 5572 Ταύ-

329 5715 376 5748 ⁸⁴
409 5715 450 5769 ιι
471 5715 598 5770 Cor.
633 5729 690 5780 ιι,
727 5711 810 5766 iii.
909 5704 1128 5761 "’Joan.
1165 5719 1261 5768 xu,
1289 5701 1342 5756 ’5.

1986 4147 2052 4201 Et
2083 4109 2200 4197 hinc
2231 4137 2454 4208 quidem
2491 4133 2780 4186 hactenus.
2825 4122 2959 4188 Quae
3009 4125 3194 4171 autem
3243 4109 3496 4180 sequitur

1917 4236 2109 4299 dictio,
2139 4231 2359 4287 videtur
2381 4223 2604 4295 quidem
2648 4228 2950 4287 congruere
2993 4215 3312 4280 argumento
3375 4201 3494 4270 epi-

1843 4293 2182 4388 1)thalamii,
2213 4293 2478 4390 tanquam
2525 4315 2594 4368 ab
2619 4327 2685 4367 ea
2731 4308 2947 4362 dicatur
2977 4315 3100 4371 quae
3155 4304 3383 4367 paratur
3437 4293 3494 4344 in

1920 4422 2208 4482 thalamo;
2249 4389 2454 4469 indicat
2489 4419 2671 4463 autem
2703 4402 2972 4472 majorem
3007 4403 3062 4451 et
3109 4389 3496 4462 perfectiorem

1922 4505 2348 4582 philosophiam,
2402 4513 2568 4569 quam
2618 4503 2770 4549 recte
2805 4486 3035 4556 exsequi
3078 4495 3268 4536 eorum
3299 4485 3385 4531 est
3414 4490 3504 4528 so-

1923 4567 2039 4656 lum
2061 4567 2159 4670 qui
2187 4597 2298 4665 jam
2333 4567 2461 4648 sunt
2485 4585 2738 4658 perfecti.
2775 4579 2914 4647 Quid
2953 4587 3038 4631 est
3065 4587 3196 4644 ergo
3223 4567 3368 4639 quod
3417 4567 3505 4618 di-

1927 4657 2226 4747 ctum-est?
2253 4657 2573 4737 Fascicuius
2608 4673 2837 4745 myrrha:
2869 4665 3127 4738 patruelis
3165 4677 3315 4714 meus
3352 4657 3503 4720 mihi,

1928 4787 1984 4839 in
2003 4781 2172 4837 medio
2195 4778 2414 4830 uberum
2445 4785 2679 4826 meorum
2713 4760 3146 4819 commorabitur.
3191 4755 3358 4808 Aiunt
3385 4760 3502 4804 stu-

1930 4877 2022 4930 dio
2048 4886 2171 4928 esse
2201 4869 2286 4924 sui
2315 4862 2548 4920 ornandi
2571 4857 2787 4928 cupidis
2811 4851 3156 4910 mulieribus,
3181 4861 3290 4899 non
3319 4842 3500 4897 solum

1932 4962 2178 5023 externis
2211 4970 2512 5031 procurare
2541 4946 2884 5007 ornamentis
2916 4951 2978 4995 ut
3004 4941 3114 4996 sint
3136 4935 3409 4990 amabiles
3436 4931 3506 4984 iis

1933 5057 2030 5129 qui
2060 5067 2184 5109 cum
2213 5029 2359 5120 ipsis
2407 5048 2625 5104 vivunt,
2679 5039 2779 5095 sed
2809 5036 2974 5092 etiam
3022 5031 3156 5084 dare
3185 5039 3410 5096 operam
3450 5029 3510 5073 ut

1937 5165 2033 5220 per
2061 5143 2364 5216 quamdam
2397 5133 2852 5195 suaveolentiam,
2877 5140 3108 5195 corpora
3141 5133 3361 5191 quoque
3385 5115 3504 5170 suis

1935 5239 2150 5294 maritis
2210 5235 2576 5303 congruenter
2661 5223 2950 5280 videantur
3009 5229 3201 5286 agere;
3258 5209 3325 5263 ad
3383 5219 3510 5261 eum

1933 5345 2095 5387 usum
2127 5339 2318 5381 aroma
2349 5325 2493 5377 inter
2526 5333 2642 5376 suae
2659 5315 2825 5369 vestis
2848 5309 3112 5365 ambitum
3137 5301 3510 5356 occultantes,

1935 5435 2046 5491 quo
2109 5431 2270 5474 suum
2331 5412 2614 5468 emittente
2672 5417 2963 5475 vaporem.
3027 5408 3229 5464 corpus
3292 5401 3516 5460 quoque

1939 5515 2086 5568 bono
2123 5512 2292 5567 odore
2337 5505 2544 5562 halitus
2594 5499 2754 5558 simul
2800 5493 3053 5550 allicitur.
3089 5488 3234 5543 Cum
3268 5485 3381 5537 hrec
3415 5493 3511 5532 au-

1422 5695 1640 5751 ”Joan.
1677 5707 1822 5758 XXVI,
1857 5687 1921 5743 15
1944 5701 2065 5758 sqq.
