3846 6220
358 247 462 302 8‘27
1217 264 1245 279 ο

1599 241 1654 296 8.
1688 233 2022 296 GREGORII
2051 233 2334 292 NYSSENI

3511 219 3635 275 828

361 379 469 419 tem
505 364 577 420 sit
613 364 671 418 in
707 363 792 420 eis
841 363 1184 419 consuetudo
1217 361 1571 432 :cujusmodi
1624 368 1711 415 est
1754 357 1920 414 canti-

2030 373 2128 426 της
2164 357 2221 410 δὲ
2263 355 2430 427 οὐσης
2477 358 2534 410 ἐν
2577 357 2764 419 αὐταῖς
2809 354 2907 425 τῆς
2935 348 3220 423 συνηθείας
3241 386 3257 410 ,
3288 338 3406 398 οἷον
3438 341 3634 411 τολμᾷ.

358 473 484 510 cum
516 456 661 526 quod
705 458 852 510 canit
883 456 1042 512 fortis
1072 456 1343 511 etexcelsi
1377 455 1544 509 animi
1569 453 1756 523 virgo?
1777 450 1928 511 Mihi,

359 549 559 618 inquit,
595 558 679 604 est
709 549 1027 612 fasciculus,
1061 565 1224 618 quem
1265 564 1295 601 a
1330 548 1473 602 collo
1525 545 1808 615 suspendo
1837 559 1932 598 su-

360 655 456 707 pra
496 647 704 707 pectus,
747 655 842 709 per
874 656 1036 710 quem
1075 641 1274 694 bonum
1307 640 1532 694 odorem
1561 637 1773 708 praebeo
1807 650 1933 689 cor-

359 731 497 796 pori.
535 728 746 782 Nullum
782 740 960 784 autem
996 730 1140 783 aliud
1181 745 1246 784 ex
1271 733 1408 785 bene
1445 727 1784 798 spirantibus
1808 739 1931 778 aro-

359 817 618 881 matibus,
678 834 844 888 quam
906 819 1026 888 ipse
1090 819 1357 874 Dominus
1409 818 1633 873 elfectus
1686 815 1926 886 myrrha,

360 911 526 963 situm
564 920 648 964 est
678 912 731 964 in
761 911 1024 965 fasciculo
1069 910 1446 975 conscientiae,
1510 910 1565 964 in
1636 909 1755 978 ipso
1807 921 1930 960 meo

359 1001 523 1054 corde
553 1016 902 1056 commorans
932 1011 986 1056 et
1014 1001 1289 1056 habitans.
1326 1002 1540 1057 Localis
1556 1001 1701 1055 enim
1746 998 1929 1053 cordis

359 1089 600 1158 positura
639 1092 709 1146 ab
738 1094 806 1147 iis
839 1094 932 1163 qui
959 1109 1022 1148 ea
1057 1106 1184 1150 sunt
1219 1094 1509 1164 speculati,
1564 1092 1771 1147 dicitur
1807 1106 1930 1146 esse

359 1180 413 1232 in
448 1181 624 1234 medio
659 1184 910 1238 uberum.
943 1183 1060 1239 Illic
1090 1194 1271 1239 autem
1300 1184 1435 1238 dicit
1477 1199 1680 1254 sponsa
1712 1198 1771 1237 se
1827 1183 1925 1235 ha-

354 1271 485 1326 bere
539 1272 863 1328 fasciculum
922 1276 1016 1330 ubi
1066 1277 1268 1330 bonum
1320 1285 1582 1346 tanquam
1634 1276 1927 1329 thesaurus

356 1365 688 1418 reconditur.
715 1364 820 1420 Sed
849 1375 903 1421 et
929 1382 1025 1421 cor
1038 1367 1227 1422 dicunt
1253 1384 1376 1424 esse
1407 1368 1697 1438 quemdam
1719 1365 1924 1422 fontem

355 1454 514 1508 nobis
542 1454 714 1508 innati
743 1457 970 1520 caloris,
1005 1475 1034 1512 a
1063 1475 1175 1529 quo
1219 1475 1314 1529 per
1339 1460 1577 1514 arterias
1616 1459 1671 1512 in
1706 1459 1927 1511 univer-

357 1559 478 1597 sum
543 1558 746 1613 corpus
800 1546 952 1600 calor
1009 1545 1368 1602 distribuitur
1409 1567 1421 1602 :
1456 1563 1553 1618 per
1589 1562 1748 1618 quem
1791 1547 1928 1600 ﬁunt

355 1633 534 1687 calida
563 1641 619 1688 et
651 1634 834 1688 vitalia
868 1638 1112 1691 membra
1146 1637 1422 1708 corporis,
1456 1644 1516 1691 ut
1543 1653 1664 1707 qua:
1698 1636 1922 1691 fovean-

355 1731 446 1776 tur
476 1724 546 1778 ab
587 1724 711 1794 igne
745 1726 955 1781 cordis.
997 1729 1130 1793 Quze
1167 1745 1299 1798 ergo
1343 1730 1395 1784 in
1423 1731 1620 1784 animae
1666 1727 1921 1782 facultate

355 1815 720 1883 principatum
751 1824 970 1872 tenente
1006 1821 1253 1889 suscepit
1281 1821 1483 1874 bonum
1529 1819 1733 1874 Christi
1784 1818 1922 1871 odo—

355 1919 492 1968 rem,
519 1913 571 1959 et
603 1921 702 1960 cor
735 1923 894 1963 suum
931 1908 1060 1963 fecit
1108 1909 1431 1965 fasciculum
1485 1911 1649 1979 hujus
1689 1907 1923 1970 suilitus.

355 2013 414 2050 se
445 1998 517 2051 ita
547 2008 846 2068 comparat,
892 2008 953 2054 ut
999 2001 1183 2054 omnia
1215 2001 1530 2072 singulatim
1573 2001 1696 2054 vita:
1722 2000 1925 2062 studia,

354 2097 612 2159 tanquam
640 2091 874 2160 alicujus
901 2093 1148 2161 corporis
1177 2094 1419 2146 Iueinbra
1447 2092 1690 2146 ferveant
1721 2091 1920 2161 spiritu

351 2182 443 2248 qui
473 2196 536 2235 ex
565 2183 732 2238 corde
763 2192 1029 2253 permeat,
1056 2185 1205 2238 nulla
1237 2184 1523 2254 iniquitate
1543 2185 1596 2238 in
1615 2184 1725 2237 ullo
1750 2199 1923 2238 mem-

351 2273 452 2327 bro
479 2275 732 2344 corporis
756 2275 1115 2346 refrigerante
1135 2275 1486 2332 dilectionem
1515 2277 1570 2330 in
1615 2277 1806 2331 Deum.

424 2449 530 2506 Sed
563 2461 911 2507 transeamus
943 2452 1011 2508 ad
1045 2451 1095 2505 id
1148 2451 1292 2521 quod
1354 2450 1613 2520 deinceps
1650 2451 1916 2519 sequitur.

351 2542 653 2598 Audiamus
687 2544 820 2612 quid
837 2544 1126 2599 abundans
1147 2545 1275 2597 vitis
1301 2543 1368 2598 de
1398 2543 1516 2598 suis
1570 2542 1698 2596 dicit
1731 2540 1923 2596 fructi-

350 2633 479 2701 bus,
505 2650 625 2702 quat
656 2635 708 2687 in
749 2636 1006 2690 omnibus
1044 2634 1308 2689 lateribus
1359 2634 1558 2688 domus
1606 2632 1722 2695 Dei,
1775 2633 1921 2688 sicut

348 2721 483 2776 dicit
527 2723 877 2792 Propheta",
905 2723 1244 2786 extenditur,
1290 2730 1345 2776 et
1379 2737 1475 2792 per
1506 2721 1791 2791 pampinos
1827 2721 1913 2775 di—

351 2812 602 2868 lectionis
631 2814 811 2867 divina
834 2813 1289 2868 circumvolvitur
1315 2812 1445 2873 vita,
1463 2821 1518 2865 et
1543 2811 1597 2863 in
1627 2825 1792 2879 quam
1812 2825 1918 2864 non

345 2903 493 2956 cadit
525 2904 796 2958 interitus.
833 2903 1047 2962 Botrus.
1077 2901 1274 2970 inquit,
1307 2899 1468 2970 Cypri
1488 2899 1745 2967 patruelis
1777 2914 1919 2952 meus

2033 446 2170 518 αῦτη
2204 450 2236 519 ή
2291 448 2647 519 μεγαλόφρων
2685 447 2983 519 παρθένου
3030 441 3202 507 Ἐμοῖν
3252 437 3447 508 φησῖνν
3477 432 3629 519 ἀπδζ

2031 517 2245 606 δεσμος,
2271 517 2329 592 ὃν
2357 517 2568 609 ἐξαρτῶ
2600 536 2694 590 τοῦ
2726 517 2950 606 αὐχένος
2979 534 3072 585 ἐπὶ
3100 531 3160 584 τὺ
3191 528 3416 594 στῆθος,
3453 524 3524 576 δι’
3555 517 3628 576 οὗ

2031 627 2128 696 τὴν
2169 628 2424 698 εὐοσμίαν
2463 629 2687 700 παρέχω
2730 626 2808 697 τῷ
2849 625 3092 696 σώματι,
3132 622 3232 674 οὐκ
3258 619 3391 672 ἄλλο
3418 636 3474 670 τι
3505 615 3628 667 τῶν

2031 719 2394 772 εὐπνοούντων
2427 721 2734 789 ἀρωμάτων
2774 717 2939 771 ἐστίν’
2986 715 3099 769 ἀλλ’
3143 713 3305 775 αὐτὸς
3337 713 3366 763 ό
3402 708 3625 777 Κύριος

2034 811 2237 880 στακτὴ
2249 812 2534 881 γενόμενος
2557 810 2797 878 ἔγκειται
2823 810 2880 861 ὲν
2915 809 2994 878 τῷ
3029 804 3324 874 ἀποδέσμῳ
3350 802 3459 871 τῆς
3489 815 3621 851 συν-

2031 901 2316 972 ειδήσεως,
2361 902 2499 972 αὐτῇ
2543 919 2647 972 μου
2689 904 2757 971 τῇ
2814 899 3013 970 καρδίᾳ
3051 895 3492 963 ὲναυλιζόμενος.
3549 889 3620 942 Ἡ

2030 994 2137 1061 γὰρ
2157 985 2354 1063 τοπικὴ
2381 995 2478 1062 τῆς
2501 992 2723 1063 καρδίας
2743 991 2891 1054 θέσις
2918 993 2975 1044 ἐν
2997 988 3074 1058 τῷ
3099 987 3248 1057 μέσῳ
3275 984 3386 1037 τῶν
3423 981 3622 1052 μαζῶν

2031 1080 2184 1152 παρὰ
2229 1081 2337 1136 τῶν
2377 1081 2444 1134 τὰ.
2478 1081 2703 1135 τοιαῦτα
2739 1078 3165 1149 ὲπεσκεμμένων
3194 1072 3335 1128 εἶναι
3362 1073 3617 1139 λέγεται.

2043 1172 2188 1224 Ἑκεί
2223 1169 2278 1224 δέ
2319 1187 2480 1240 φησιν
2519 1173 2554 1242 ὴ
2593 1170 2781 1241 νύμφη
2814 1169 2955 1240 ἔχειν
2994 1168 3084 1221 τὸν
3108 1165 3442 1234 ἀπόδεσμον,
3482 1165 3542 1215 ἐν
3567 1154 3620 1228 ᾧ

2027 1263 2178 1334 τόπῳ
2236 1263 2298 1316 τὸ
2348 1262 2550 1332 ἀγαθὸν
2595 1263 2995 1333 θησαυρίζεται.
3049 1259 3213 1313 Ἀλλά
3263 1258 3362 1310 καί
3424 1254 3618 1325 πηγήν

2027 1371 2147 1406 τινα
2179 1353 2271 1406 τοῦ
2316 1353 2375 1405 ὲν
2417 1355 2548 1423 ἡμῖν
2599 1352 2822 1424 θερμοῦ,
2867 1351 2964 1424 τὴν
3012 1351 3236 1422 καρδίαν
3272 1349 3484 1418 φασίν·
3522 1346 3615 1412 ἀφ’

2027 1441 2094 1516 ἦς
2125 1444 2215 1497 διὰ
2250 1443 2358 1496 τῶν
2391 1442 2665 1514 ἀρτηριῶν
2702 1444 2788 1512 ἐφ’
2816 1442 3015 1512 ἆπανή
3047 1441 3316 1512 θερμότης
3341 1438 3404 1490 τὸ
3449 1437 3616 1506 σῶμα

2027 1535 2484 1605 καταμερίξεται,
2520 1536 2586 1588 δι’
2621 1530 2690 1607 ἦς
2733 1531 2972 1603 ἔνθερμά
3016 1549 3074 1586 τε
3131 1532 3225 1584 καὶ
3273 1528 3498 1592 ζωτικά
3546 1526 3619 1579 τὰ

2017 1626 2165 1698 μέλη
2218 1626 2310 1680 τοῦ
2363 1625 2614 1696 σώματος
2666 1625 2904 1693 γίνεται,
2948 1623 3026 1693 τῷ
3067 1622 3199 1692 πυρὶ
3239 1621 3340 1690 τῆς
3379 1619 3615 1691 καρδίας

2024 1720 2464 1792 ὐποθαλπόμενα.
2524 1721 2589 1771 'H
2636 1719 2814 1772 τοίνυν
2847 1719 2904 1770 ὲν
2949 1716 3028 1788 τῷ
3072 1712 3389 1787 ἡγεμονικῷ
3430 1729 3617 1781 παρα·

2020 1813 2284 1883 δεξαμένη
2324 1813 2423 1882 τὴν
2463 1809 2698 1882 Χριστοῦ
2726 1809 2972 1873 εὐωδίαν,
3004 1809 3098 1861 καὶ
3126 1807 3222 1875 τὴν
3251 1805 3492 1876 καρδίαν
3515 1805 3617 1857 αὐ-

2022 1905 2118 1974 τῆς
2161 1903 2416 1974 ἔνδεσμον
2457 1903 2551 1956 τοῦ
2599 1902 2842 1956 τοιούτου
2898 1904 3162 1972 ποιήσασα
3219 1898 3610 1968 θυμιάματος.

2024 1998 2201 2051 πάντα
2225 1996 2294 2049 τὰ
2333 1995 2454 2048 καθ’
2481 1995 2710 2047 ἕκαστον
2749 1993 2845 2047 τοῦ
2877 1992 2992 2063 βίου
3016 1989 3427 2060 ἐπιτηδεύματα
3447 2030 3464 2050 ,
3497 1982 3612 2040 οἷόν

2026 2106 2169 2152 τινος
2216 2073 2463 2158 σώματος
2496 2088 2630 2158 μέλη
2653 2088 2794 2152 ζέειν
2841 2080 3247 2156 παρασκευάζει
3284 2079 3366 2150 τῷ
3393 2081 3464 2132 ἐκ
3509 2080 3612 2148 τῆς

2029 2180 2255 2252 καρδίας
2287 2181 2524 2250 διήκοντι
2566 2178 2867 2248 πνεύματι,
2912 2175 3179 2246 μηδεμιᾶς
3226 2170 3462 2240 ἀνομίας
3507 2170 3610 2238 τὴν

2029 2271 2165 2342 πρὸς
2190 2270 2283 2323 τὸν
2311 2269 2443 2322 Θεὸν
2475 2269 2694 2338 ἀγάπην
2738 2269 2796 2320 ὲν
2827 2266 3015 2337 μηδενὶ
3047 2262 3196 2334 μέλει
3221 2259 3317 2314 τοῦ
3347 2259 3608 2329 σώματος

2027 2361 2464 2432 καταψυχούσης.

2109 2454 2249 2507 Ἀλλ’
2271 2453 2364 2505 ἐπὶ
2388 2452 2479 2505 τὸν
2505 2451 2632 2520 ἑξῆς
2657 2449 2813 2517 λόγον
2841 2445 3200 2518 μετέλθωμεν.
3249 2441 3609 2510 ’Δκούσωμεν

2024 2545 2076 2598 τί
2110 2547 2142 2614 ή
2171 2543 2411 2614 ἄμπελος
2436 2545 2470 2612 ἡ
2504 2540 2806 2613 εὐθηνοῦσα
2849 2539 2974 2610 περ)⁸
3011 2537 3120 2589 τῶν
3151 2533 3379 2605 καρπῶν
3420 2533 3606 2601 αὐτῆς

2031 2638 2366 2706 διαλέγεται,
2413 2638 2446 2706 ή
2489 2637 2546 2688 ἐν
2590 2637 2722 2687 πᾶσι
2775 2636 2887 2696 τοῖς
2929 2631 3132 2684 κλίτεσι
3185 2628 3286 2698 τῆς
3333 2626 3425 2680 τοῦ
3463 2626 3609 2679 Θεοῦ

2026 2728 2221 2792 οἰκίας,
2271 2727 2453 2789 καθώς
2517 2743 2683 2798 φησιν
2711 2726 2740 2778 ό
2763 2723 3074 2796 Προφήτης,
3097 2719 3471 2790 διηπλωμένη,
3509 2718 3609 2772 καὶ

2025 2819 2115 2872 διὰ
2138 2819 2248 2871 τῶν
2276 2819 2376 2888 τῆς
2404 2817 2624 2887 ἀγάπης
2666 2815 2860 2869 ἑλίκων
2901 2810 3348 2884 περιελισσομένη
3380 2812 3444 2878 τῇ
3481 2809 3611 2879 θεία

2026 2929 2085 2964 τε
2116 2911 2211 2964 καὶ
2242 2909 2503 2982 ἀκηράτῳ
2533 2907 2670 2978 ζωῇ.
2714 2907 2968 2972 Βότρυς,
3001 2902 3161 2973 φησὶ,
3193 2899 3302 2969 τῆς
3351 2898 3608 2966 Κύπρου

350 2994 481 3045 mihi
514 2993 568 3046 in
605 2995 767 3048 vineis
805 2993 1072 3064 Engaddi.
1111 2992 1246 3058 Quis
1267 3000 1351 3046 est
1380 2991 1516 3045 adeo
1560 2990 1771 3054 beatus,
1813 2990 1920 3044 imo

2026 3001 2344 3070 ἁδελφιδός
2372 3019 2487 3070 μου
2509 2999 2638 3069 ἐμοὶ
2668 3000 2736 3051 ἐν
2756 2996 3108 3066 ἀμπελῶσιν
3138 2992 3466 3064 Ἐγ-ταὸὄεί.
3503 2992 3607 3054 Τίς

350 3099 478 3138 vero
507 3084 631 3152 quis
682 3084 819 3138 adeo
868 3099 1084 3138 omnem
1139 3094 1368 3154 superat
1417 3081 1832 3149 beatitudinem,
1866 3095 1924 3139 ut

350 3190 509 3228 suum
536 3174 774 3227 fructum
813 3174 1003 3231 videns
1036 3176 1088 3228 in
1119 3176 1239 3244 ipso
1261 3191 1373 3229 suae
1401 3175 1604 3230 anima:
1642 3175 1820 3239 botro,
1844 3178 1924 3232 vi-

349 3261 475 3316 deat
507 3263 678 3317 vineze
709 3263 1032 3317 dominum?
1080 3262 1213 3318 Vide
1241 3264 1386 3317 enim
1424 3279 1691 3334 quantum
1726 3269 1918 3333 crevit,

349 3371 470 3426 quae
495 3356 547 3409 in
577 3370 676 3410 sua
709 3355 882 3409 nardo
913 3355 1100 3425 sponsi
1130 3356 1336 3410 bonum
1375 3358 1630 3421 cognovit
1669 3360 1918 3426 halitum,

350 3448 574 3519 myrrha
611 3463 732 3517 quae
755 3447 989 3516 seipsam
1025 3445 1151 3500 fecit
1183 3431 1536 3512 odoriferam,
1555 3457 1609 3503 et
1632 3451 1812 3503 cordis
1844 3449 1923 3502 la-

355 3536 564 3592 stirulo
595 3536 874 3606 complexa
905 3550 1112 3600 aroma,
1164 3545 1226 3590 ut
1267 3537 1370 3593 sibi
1405 3550 1665 3609 perpetuo
1717 3556 1924 3611 perma-

355 3641 480 3686 neat
535 3633 738 3687 bonum
793 3649 1070 3706 nunquam
1107 3634 1473 3704 expirandum
1499 3675 1515 3699 ,
1552 3636 1611 3689 ﬁt
1640 3645 1813 3690 mater
1843 3637 1924 3690 di-

352 3724 462 3777 vini
499 3725 660 3788 botri,
685 3726 924 3794 quiante
959 3726 1268 3794 passionem
1303 3726 1523 3796 quidem
1561 3727 1847 3798 ὲκύπριζε,
1870 3728 1922 3782 id

351 3823 458 3875 est,
494 3813 740 3880 ﬂorebat,
775 3817 828 3868 in
857 3815 1110 3884 passione
1140 3823 1320 3871 autem
1345 3818 1530 3871 vinmn
1556 3817 1875 3874 effundebat
1903 3839 1916 3875 :

357 3905 538 3959 vinum
569 3908 714 3960 enim
749 3922 845 3960 cor
884 3908 1163 3962 lagtilicalis
1199 3907 1278 3968 lit,
1325 3917 1381 3963 et
1420 3911 1740 3964 nominatur
1791 3927 1922 3965 san-

353 3998 477 4065 guis
507 4013 623 4050 uva:
648 4004 769 4066 post
799 3999 1073 4067 passionis
1117 3999 1504 4054 oeconomiam.
1549 4000 1685 4054 Cum
1739 4013 1921 4056 autem

357 4087 512 4140 betro
536 4087 782 4140 fruamur
809 4087 1121 4156 dupliciter,
1164 4105 1358 4159 nempe
1390 4096 1445 4144 et
1497 4106 1620 4146 cum
1650 4091 1750 4148 llos
1778 4094 1922 4148 bono

354 4177 522 4232 odrre
548 4194 750 4233 sensus
774 4179 1031 4242 delectat,
1063 4187 1116 4233 et
1143 4195 1266 4234 cum
1313 4179 1494 4235 fructu
1528 4181 1643 4250 jam
1679 4184 1921 4253 perfecto

353 4283 476 4322 eum
509 4267 847 4322 comedendo
878 4269 1208 4337 voluptatem
1258 4271 1527 4338 capimus,
1569 4281 1664 4326 aut
1699 4289 1822 4327 cum
1863 4277 1919 4330 in

2023 3092 2168 3147 οὕτω
2199 3091 2499 3164 μακάριος,
2533 3089 2731 3160 μᾶλλον
2771 3089 2828 3142 δὲ
2859 3088 2940 3151 τίς
2966 3087 3108 3141 οὓτω
3131 3086 3390 3156 κρείττων
3412 3083 3608 3153 πάσης

2027 3185 2456 3255 μακαριότητος,
2500 3182 2639 3235 ὥστε
2700 3181 2790 3234 τὸν
2847 3181 2977 3234 ἴδιον
3024 3179 3234 3248 καρπὸν
3289 3177 3506 3246 βλέπων
3549 3179 3610 3228 ὲν

2022 3277 2168 3346 αὐτῷ
2192 3275 2268 3345 τῷ
2285 3275 2470 3347 βότρυῖ
2499 3275 2598 3344 τῆς
2625 3271 2816 3326 ἑαυτοῦ
2835 3271 3011 3342 ψυχῆς
3033 3272 3164 3341 όρᾷν
3190 3269 3280 3322 τὸν
3297 3267 3388 3321 τοῦ
3411 3269 3574 3336 ἁμπε
3588 3297 3608 3307 -

2022 3369 2187 3431 λῶνος
2237 3367 2538 3436 δεσπότην;
2581 3365 2712 3418 Ἰδοὺ
2745 3364 2854 3434 γὰρ
2901 3364 3026 3416 ὅσον
3052 3360 3260 3431 ηὐξήθη
3303 3363 3360 3413 έν
3387 3363 3451 3429 τῇ
3491 3359 3613 3430 ἰδίᾳ

2022 3458 2198 3529 νάρδῳ
2227 3456 2320 3511 τοῦ
2341 3457 2574 3526 νυμφίου
2597 3453 2892 3522 ἐπιγνοῦσα
2914 3452 3013 3521 τὴν
3035 3450 3306 3512 εὐπνοιαν,
3325 3452 3358 3519 ή
3390 3449 3609 3518 στακτὴ

2022 3550 2170 3620 αὐτῷ
2185 3548 2391 3618 εὐώδης
2412 3546 2772 3616 ποιησαμένη,
2791 3545 2884 3598 καὶ
2903 3541 3231 3597 διαλαϐοῦσα
3258 3541 3323 3611 τῷ
3343 3540 3442 3610 τῆς
3458 3559 3611 3612 καρ-

2021 3643 2137 3705 δίας
2165 3641 2406 3710 ὲνδέσμῳ
2433 3639 2495 3692 τὸ
2537 3639 2736 3706 ἄρωμα
2757 3677 2773 3699 ,
2817 3637 2894 3699 ὡς
2933 3635 2998 3689 ἂν
3029 3631 3333 3704 παραμένοι
3368 3632 3508 3701 αὐτῇ
3545 3633 3611 3684 τὺ

2021 3734 2222 3804 ἀγαθὸν
2262 3730 2555 3792 διαπαντὸς
2601 3729 3024 3792 ἀδιάπνευστον,
3083 3726 3266 3795 μήτηρ
3305 3722 3398 3775 τοῦ
3449 3722 3612 3775 θείου

2024 3826 2245 3897 βότρυος
2277 3822 2520 3892 γίνεται,
2547 3820 2641 3872 τοῦ
2671 3819 2778 3888 πρὸ
2806 3817 2904 3888 μὲν
2934 3815 3028 3870 τοῦ
3063 3815 3270 3876 πάθους
3306 3811 3613 3884 κυπρίζον-

2021 3936 2112 3980 τος
2129 3957 2144 3980 ,
2187 3917 2324 3986 ὅπερ
2365 3913 2513 3966 ἐστὶν
2547 3911 2834 3972 ἀνθοῦντος
2852 3948 2868 3973 ,
2900 3911 2958 3962 ὲν
2979 3908 3034 3960 δὲ
3056 3907 3135 3977 τῷ
3155 3905 3314 3958 πάθει
3338 3904 3431 3957 τὸν
3457 3901 3612 3959 οἶνον

2022 4007 2363 4079 προχέοντος.
2379 4005 2440 4056 Ὁ
2461 4004 2569 4073 γὰρ
2590 4003 2688 4073 τὴν
2703 4000 2926 4072 καρδίαν
2945 3997 3250 4068 εὐφραίνων
3270 3991 3434 4058 οἶνος,
3457 3988 3609 4063 αἷμα

2023 4095 2300 4165 σταφυλῆς
2341 4093 2479 4164 μετὰ
2516 4092 2616 4161 τὴν
2653 4089 2748 4142 τοῦ
2783 4089 2991 4151 πάθους
3034 4087 3343 4156 οἰκονομίαν
3390 4085 3611 4150 γίνεταί

2020 4206 2081 4242 τε
2127 4187 2222 4240 καὶ
2270 4168 2613 4254 ὀνομάζεται.
2656 4179 2857 4250 Διπλῆς
2892 4174 2985 4232 οὖν
3013 4176 3180 4246 οὔσης
3204 4177 3262 4228 ὲν
3299 4173 3378 4244 τῷ
3414 4173 3611 4243 βότρυῐ

2020 4284 2120 4352 τῆς
2161 4275 2545 4336 ἀπολαύσεωςο
2593 4272 2692 4342 τῆς
2735 4272 2832 4342 μὲν
2867 4271 2932 4323 ὲκ
2976 4269 3069 4322 τοῦ
3099 4268 3312 4329 ἄνθους,
3345 4266 3476 4318 ὅταν
3514 4268 3613 4318 εὐ-

350 4359 606 4415 convivio
651 4359 778 4412 vino
801 4359 1165 4414 exhilaramur
1193 4378 1208 4415 :
1245 4360 1333 4415 hic
1358 4377 1560 4430 sponsa
1606 4365 1817 4418 accedit
1851 4368 1918 4422 ad

2026 4371 2224 4443 φραίνῃ
2249 4373 2316 4440 τῇ
2332 4367 2556 4438 εὐοδμία
2579 4365 2648 4418 τὰ
2681 4364 3006 4433 αἰσθητήρια
3025 4378 3038 4390 ο
3066 4360 3167 4429 τῆς
3197 4359 3252 4412 δὲ
3277 4357 3364 4411 διὰ
3379 4357 3476 4410 τοῦ
3517 4375 3612 4409 τε-

355 4449 572 4504 hotrum
602 4449 885 4504 ﬂorentem
915 4459 972 4504 ut
1012 4450 1325 4514 fructificet,
1346 4467 1572 4522 cyprum
1604 4457 1918 4526 nominans,

352 4543 542 4598 florem
583 4543 728 4598 vitis.
769 4543 873 4608 Qui
907 4544 1051 4596 enim
1083 4552 1248 4598 natus
1277 4552 1361 4599 est
1390 4544 1547 4599 nobis
1577 4562 1711 4615 puer
1735 4547 1919 4618 Jesus,

353 4634 444 4702 qui
480 4634 532 4686 in
562 4633 631 4686 iis
662 4633 755 4702 qui
803 4633 980 4702 ipsum
1021 4641 1386 4702 susceperunt
1418 4633 1636 4690 diverse
1684 4638 1920 4706 proficit,

355 4723 621 4791 sapientia
653 4733 707 4776 et
724 4730 884 4777 :etale
909 4730 967 4777 et
1005 4723 1206 4793 gratia,
1238 4739 1342 4777 non
1370 4732 1454 4778 est
1479 4723 1619 4780 idem
1642 4727 1707 4781 in
1740 4731 1919 4784 omni—

355 4811 488 4873 bus,
524 4811 618 4866 sed
661 4827 760 4880 pro
789 4811 949 4865 modo
971 4811 1091 4879 ejus
1114 4812 1167 4865 in
1200 4827 1308 4879 quo
1339 4821 1726 4883 est,quatenus
1756 4819 1802 4872 is
1824 4822 1919 4889 qui

357 4903 535 4972 ipsum
571 4904 720 4971 capit
763 4912 848 4957 est
877 4903 1124 4966 idoneus,
1150 4902 1273 4957 talis
1317 4914 1675 4974 apparel,aut
1705 4907 1910 4976 infans,

357 5001 454 5047 aut
489 4992 806 5064 proficiens,
854 4999 948 5046 aut
999 4991 1294 5061 perfectus,
1355 4997 1742 5052 convenienter
1782 5000 1923 5055 botri

357 5095 608 5138 naturae:
645 5085 736 5152 qui
778 5099 886 5137 non
954 5099 1170 5153 semper
1216 5086 1464 5140 cernitur
1506 5087 1560 5141 in
1594 5089 1707 5144 vite
1741 5091 1792 5143 in
1831 5106 1924 5145 ea-

358 5179 479 5231 dem
506 5175 700 5241 forma,
733 5175 829 5230 sed
863 5177 1098 5230 formam
1133 5185 1308 5230 mutat
1343 5192 1466 5232 cum
1505 5187 1780 5250 tempore,
1827 5184 1925 5239 llo-

363 5281 513 5328 rens,
543 5281 793 5329 vernans,
821 5265 1123 5335 perfectus,
1171 5276 1442 5331 maturus,
1488 5272 1672 5328 vinum
1724 5273 1924 5331 factus.

375 5355 792 5426 Promittitergo
822 5357 982 5411 vinea
1023 5356 1203 5411 [ructu
1239 5375 1361 5424 suo,
1413 5362 1507 5430 qui
1539 5364 1780 5418 nondum
1810 5382 1926 5420 nia-

372 5458 531 5502 turus
561 5457 615 5502 et
655 5451 1006 5516 tempestivus
1035 5457 1116 5503 est
1153 5449 1219 5504 ad
1257 5450 1470 5514 vinum,
1519 5452 1614 5506 sed
1648 5466 1928 5524 exspecmt

440 5627 486 5657 ³’
511 5625 651 5683 Psal.
684 5642 884 5683 eum.
925 5636 976 5685 4.

2026 4463 2339 4525 λειωθέντος
2368 4460 2467 4530 ήδη
2502 4456 2716 4528 καρποῦ
2737 4495 2753 4520 ,
2778 4457 2904 4508 ὅταν
2931 4454 3150 4523 ὑπάρχῃ
3187 4451 3306 4503 κατ’
3349 4447 3611 4515 ἐξουσίαν

2026 4555 2060 4623 ἢ
2084 4553 2181 4620 τῆς
2211 4550 2465 4622 βρώσεως
2487 4545 2860 4615 κατατρυφᾷν,
2884 4543 2916 4613 ἢ
2940 4544 2998 4593 ἐν
3021 4538 3342 4610 συμποσίοις
3375 4535 3456 4606 τῷ
3475 4537 3613 4606 οἴνῳ

2029 4641 2440 4713 φαιδρύνεσθαι·
2481 4635 2717 4690 ἐνταῦθα
2752 4635 2892 4687 αἰτεῖ
2925 4633 2958 4700 ἡ
3003 4629 3188 4700 νύμφη
3219 4627 3311 4679 τὸν
3333 4624 3611 4678 ἀνθοῦντα

2018 4736 2210 4809 βότρυν
2260 4729 2658 4802 καρποφορεῖν,
2709 4724 2930 4793 κύπρον
2973 4719 3072 4791 τὴν
3141 4718 3424 4809 οίνάνθην-
3474 4735 3610 4770 κατ-

2017 4805 2377 4894 ονομάςουσα.
2401 4819 2473 4870 Τὸ
2492 4817 2600 4887 γὰρ
2614 4813 2995 4883 γεννηθὲνήμῖν
3010 4809 3226 4862 παιδίον
3247 4805 3480 4876 Ἰησοῦς,
3496 4810 3525 4859 ὁ
3548 4811 3612 4859 ἐν

2016 4918 2127 4979 τοῖς
2155 4911 2467 4982 δεξαμένοις
2507 4908 2670 4962 αὐτὸν
2704 4905 2982 4975 διαφόρως
3023 4901 3351 4972 προκόπτων
3377 4939 3391 4962 ,
3440 4901 3612 4966 σοφία

2019 5024 2078 5061 τε
2117 5006 2212 5060 καὶ
2255 5003 2440 5074 ἡλικίᾳ.
2483 4999 2578 5052 καὶ⁵
2627 4996 2842 5068 χάριτι,
2876 4994 2976 5047 οὐκ
3025 4995 3084 5045 ὲν
3148 4993 3316 5044 πᾶσιν
3368 4991 3397 5042 ὁ
3443 4989 3611 5052 αὐτὸς

2025 5099 2193 5160 ἐστιν,
2226 5094 2361 5148 ἀλλὰ
2391 5091 2528 5162 πρὸς
2558 5091 2618 5142 τὸ
2661 5087 2858 5158 μέτρον
2889 5085 2982 5138 τοῦ
3007 5088 3063 5138 ὲν
3086 5077 3131 5151 ᾧ
3150 5083 3377 5151 γίνεται,
3421 5078 3610 5141 καθὼς

2021 5189 2086 5242 ἂν
2131 5189 2159 5240 ὁ
2185 5187 2375 5256 χωρῶν
2415 5181 2576 5236 αὐτὸν
2621 5179 2822 5240 ἱκανῶς
2878 5177 2998 5248 ἔχη,
3035 5173 3278 5236 τοιοῦτος
3325 5171 3609 5239 φαίνεται,

2023 5277 2385 5352 ἢνηπιάζων,
2431 5276 2464 5347 ἢ
2519 5273 2862 5344 προκόπτων,
2912 5269 2946 5339 ἢ
3015 5265 3411 5335 τελειούμενος,
3464 5260 3610 5315 κατᾶ

2022 5351 2122 5438 τὴν
2151 5368 2240 5421 τοῦ
2276 5367 2498 5438 βότρυος
2532 5363 2692 5432 φύσιν
2719 5380 2736 5395 ο
2763 5362 2823 5424 ὃς
2855 5361 2914 5412 οὐ
2948 5360 3178 5412 πάντοτε
3212 5354 3354 5425 μετά
3383 5351 3483 5405 τοῦ
3507 5351 3607 5404 αὐ-

2025 5460 2120 5514 τοῦ
2180 5459 2352 5522 εἴδους
2401 5457 2494 5510 ἐπὶ
2522 5456 2618 5526 τῆς
2648 5452 2895 5524 ἀμπέλου
2935 5451 3148 5521 ὁρᾶται,
3182 5445 3318 5502 ἀλλὰ
3354 5442 3611 5511 συνεξαλ-
