3846 6220
213 281 334 337 829

1231 282 1294 339 IN
1333 283 1624 342 CANTICA
1667 285 1939 343 CANTIC.
1975 283 2255 343 HOMILIA
2291 283 2380 342 Ν.

3365 273 3470 332 830

211 399 415 451 λάσσει
442 397 520 468 τῷ
547 398 722 469 χρόνῳ
746 398 808 452 τὸ
825 395 984 464 εἶδος,
1009 400 1524 475 ἀνθῶν,κυπρίζων,
1558 403 1798 459 τελειού-

1911 405 2294 475 plenitudinem
2330 410 2673 472 temporum;
2705 414 2816 456 non
2849 408 3031 455 tamen
3058 407 3316 468 tanquam
3348 410 3470 449 om-

214 506 409 560 μενος,
445 490 859 560 πεπαινόμενος.
890 492 1316 562 Ἐπαγγέλλεται
1345 494 1521 548 τοίνυν
1550 497 1584 566 ὴ
1614 496 1795 567 ἄμπε-

213 586 318 644 λος
353 581 429 650 τῷ
483 581 597 651 ἰδίῳ
643 582 859 653 καρπῷ,
902 583 961 646 ὃς
1002 582 1156 637 οὔπω
1195 585 1293 656 μέν
1331 587 1448 638 ἐστι
1495 587 1630 658 πρὸς
1656 583 1798 642 οἶνον

213 672 454 744 ὥριμος,
515 673 649 728 ἀλλά
701 674 848 744 μένει
900 674 964 728 τὸ
1015 675 1288 747 πλήρωμα
1320 677 1429 730 τῶν
1460 678 1705 749 καιρῶνο
1735 681 1796 732 οὐ

214 763 336 834 μὴν
355 764 432 826 ὠς
459 767 538 828 εἰς
575 765 787 837 τρυφὴν
811 765 1238 830 ἀναπόλαυστος.
1263 769 1374 838 Τὴν
1391 770 1656 840 ὄσφρησιν
1689 769 1798 839 γάρ

212 855 504 926 εὐφραίνει
533 857 654 910 ἀντὶ
675 857 773 927 τῆς
795 858 1031 924 γεύσεως
1073 860 1140 930 τῇ
1181 860 1476 930 προσδοκίᾳ
1517 859 1625 912 τῶν
1665 860 1800 928 ἀγα-

213 946 357 1008 θῶν,
387 949 501 1010 τοῖς
529 948 722 1018 ἀτμοῖς
757 948 855 1018 τῆς
892 948 1103 1012 ἐλπίδος
1151 947 1358 1019 ἡδύνων
1389 950 1458 1004 τὰ
1488 949 1586 1019 τῆς
1623 949 1801 1020 ψυχῆς

214 1036 573 1108 αἰσθητήρια,
608 1037 682 1090 Tb
715 1037 824 1108 γὰρ
859 1039 1048 1092 πιστόν
1089 1057 1148 1092 τε
1181 1041 1276 1094 καὶ
1306 1042 1671 1113 ἀναμφίὸολον
1701 1044 1802 1114 τῆς

214 1128 586 1199 ἐλπιζομένης
611 1131 911 1202 χάριτος,ὴ
950 1132 1251 1197 ἀπόλαυσις
1285 1136 1397 1197 τοῖς
1429 1135 1496 1188 δι’
1523 1135 1801 1206 ὑπομονῆς

213 1217 679 1289 ἀπεκδεχομένοις
743 1219 806 1274 τὸ
865 1220 1310 1292 προσδοκώμενον
1340 1222 1568 1292 γίνεται.
1615 1225 1801 1290 Οὕτως

214 1307 319 1364 οὖν
337 1313 366 1364 6
393 1311 493 1381 τῆς
517 1311 743 1384 Κύπρου
765 1313 961 1385 βότρυς
985 1315 1121 1378 ἐστὶ,
1154 1315 1349 1386 βότρυς
1372 1311 1512 1370 οῐνον
1535 1315 1802 1386 ἐπαγγελ-

215 1401 470 1472 λόμενος,
503 1401 654 1455 οὔπω
675 1403 732 1456 δὲ
768 1399 909 1467 οἶνος
955 1403 1257 1475 γινόμενος,
1294 1405 1429 1460 ἀλλά
1468 1406 1558 1460 διὰ
1582 1407 1673 1460 τοῦ
1708 1408 1802 1462 ἄν·

215 1491 351 1555 θους
381 1493 436 1562 (ή
468 1492 525 1546 δὲ
556 1493 710 1557 ἐλπὶς
739 1493 802 1547 τὸ
851 1493 1011 1556 ἄνθος
1046 1497 1186 1564 ἐστὶ)
1221 1496 1322 1565 τὴν
1351 1497 1614 1569 ἐσομένην
1643 1499 1800 1570 χάριν

214 1583 603 1654 πιστούμενος.
649 1584 714 1638 Ἦ
766 1585 822 1639 δὲ
854 1586 950 1639 τοῦ
988 1586 1188 1639 Καδδεὶ¹
1223 1587 1510 1659 προσθήκη
1549 1589 1801 1659 σημαίνει

213 1676 317 1729 τὸν
347 1676 506 1730 πίονα
533 1676 728 1748 χῶρον,
753 1669 798 1744 ᾧ
831 1677 1185 1748 ὲνριζωθείσα
1213 1679 1248 1750 ἡ
1277 1659 1520 1749 ἄμπελος
1542 1677 1801 1750 εΰτροφον

1907 499 2036 551 nino
2065 497 2127 550 ad
2153 496 2533 551 oblectandum
2565 494 2802 564 ineptus.
2857 491 2965 546 Pro
2994 500 3155 560 gustu
3189 490 3334 545 enim
3364 487 3466 544 de-

1905 589 2062 642 lectat
2105 587 2416 651 odoratum,
2447 587 2713 640 bonorum
2744 584 3168 655 exspectatione,
3225 579 3338 650 spei
3371 594 3468 632 va-

1903 679 2129 747 poribus
2175 677 2382 732 leniens
2414 691 2608 732 sensus
2659 677 2872 730 animae.
2915 673 3074 728 Certa
3124 671 3267 726 enim
3303 676 3358 724 ct
3386 669 3468 722 in-

1905 769 2150 823 dubitata
2191 768 2324 823 ﬁdes
2365 768 2433 823 de
2485 767 2657 838 gratia
2695 783 2816 837 qua:
2853 776 3123 836 speratur,
3157 772 3242 820 est
3285 763 3470 816 fruitio

1907 863 1976 916 iis
2000 863 2091 930 qui
2127 875 2222 930 per
2270 859 2587 930 patientiam
2633 865 2953 928 exspectant
2984 857 3035 912 id
3071 856 3218 911 quod
3276 867 3471 924 exspe-

1906 961 2108 1007 ctatur.
2147 951 2238 1006 Sic
2264 959 2352 1007 est
2373 965 2502 1020 ergo
2526 950 2594 1004 bo
2610 957 2729 1003 trus
2757 948 2941 1020 Cypri,
2991 948 3176 1001 viuum
3236 945 3470 1016 promit-

1907 1052 2049 1109 tens,
2072 1043 2321 1097 nondum
2345 1051 2526 1096 autem
2559 1041 2736 1096 factus
2762 1041 2970 1102 viuum,
3024 1037 3116 1094 scd
3152 1052 3250 1106 per
3282 1034 3472 1088 ﬂorem

1909 1134 2058 1204 (spes
2091 1141 2271 1188 autem
2317 1141 2402 1186 est
2430 1131 2550 1202 ﬂos)
2577 1131 2645 1186 de
2661 1129 2844 1185 futura
2871 1130 3046 1200 gratia
3066 1127 3224 1182 tidem
3245 1125 3471 1180 faciens.

1909 1227 2160 1296 Adjectio
2200 1234 2381 1280 autem
2435 1223 2687 1280 vocabuli
2735 1221 2932 1285 Gaddi,
2969 1220 3241 1291 signiﬁcat
3291 1220 3470 1274 locum

1909 1318 2188 1387 pinguem,
2240 1315 2292 1369 in
2327 1330 2438 1385 quo
2486 1314 2702 1370 radices
2748 1328 2916 1384 agens
2957 1312 3086 1368 vitis
3120 1312 3360 1381 Opimum
3417 1317 3473 1361 et

1909 1423 2134 1464 suavem
2160 1407 2276 1463 edit
2320 1406 2581 1462 fructum.
2635 1405 2730 1460 Sic
2759 1404 2904 1460 enim
2955 1403 3049 1474 qui
3096 1402 3165 1458 de
3227 1402 3473 1456 locorum

1907 1503 2252 1572 scripserunt
2283 1500 2510 1555 historia
2532 1539 2547 1564 ,
2575 1497 2765 1552 dicunt
2797 1504 3000 1553 sortem
3033 1493 3206 1549 Gaddi
3232 1509 3351 1548 esse
3374 1507 3473 1562 ap-

1919 1595 2150 1663 positam
2176 1591 2242 1646 ad
2270 1589 2496 1646 alendos
2539 1591 2741 1643 botros.
2772 1587 3046 1654 Quoniam
3087 1598 3216 1654 ergo
3244 1585 3336 1654 qui
3365 1583 3473 1652 legi

1909 1681 2120 1737 Domini
2153 1682 2482 1737 voluntatem
2515 1681 2679 1735 habet
2698 1680 3132 1741 convenientem,
3157 1679 3249 1731 diu
3274 1689 3329 1732 et
3346 1690 3475 1730 noc-

214 1769 320 1820 καὶ
345 1767 476 1838 ἡδὺν
501 1767 592 1822 τὸν
621 1768 834 1840 καρπὸν
870 1769 1265 1840 ἀπεργάζεται.
1293 1772 1356 1824 0i
1384 1771 1624 1835 τοπικῶς
1658 1772 1802 1825 ἱστο-

1911 1781 1964 1827 ιυ
1981 1774 2035 1827 in
2052 1789 2116 1828 ea
2135 1773 2424 1836 meditans,
2447 1771 2677 1827 eﬂicitur
2706 1771 2870 1826 arbor
2895 1785 3110 1840 semper
3132 1769 3468 1839 germinans,

217 1862 494 1930 ρήσαντες
538 1858 752 1929 λέγουσι
784 1860 876 1914 τὸν
903 1861 1102 1933 κλῆρον
1137 1862 1233 1916 τοῦ
1264 1863 1461 1917 Καδδεὶ
1487 1863 1803 1935 ἐπιτηδείως

215 1949 371 2020 ἔχειν
405 1949 542 2021 πρὸς
579 1950 869 2020 εὑτροφίαν
898 1950 1160 2023 βοτρύων.
1203 1953 1418 2024 Ἐπειδὴ
1462 1953 1640 2006 τοίνυν
1664 1953 1694 2006 6
1727 1953 1804 2023 τῷ

219 2041 377 2111 νόμῳ
402 2039 496 2094 τοῦ
527 2041 730 2111 Κυρίου
763 2040 1054 2111 σύμφωνον
1075 2041 1215 2112 ἔχων
1245 2042 1304 2096 τὸ
1329 2043 1564 2114 θέλημα,
1595 2044 1690 2097 καὶ
1718 2043 1806 2097 διὰ

218 2134 410 2204 πάσης
426 2133 614 2196 νυκτός
631 2150 689 2186 τε
705 2134 798 2186 καὶ⁸
812 2133 1026 2205 ἡμέρας
1039 2134 1242 2206 ταύτην
1259 2134 1357 2206 τὴν
1377 2135 1605 2207 μελέτην
1621 2134 1806 2189 ποιού-

219 2244 422 2298 μενος,
461 2225 707 2291 ἀειθαλὲς
758 2227 967 2295 γίνεται
1009 2225 1261 2299 δένδρον,
1304 2230 1424 2292 ταῖς
1463 2227 1573 2282 τῶν
1599 2228 1806 2282 ὑδάτων

215 2322 511 2392 ἐπιρροαῖς
549 2322 916 2390 πιαινόμενον,
961 2321 1020 2372 ὲν
1061 2319 1140 2390 τῷ
1178 2319 1472 2390 καθήκοντι
1501 2318 1678 2390 καιρῷ
1712 2317 1805 2372 τδν

214 2411 442 2481 καρπὸν
477 2411 867 2482 παρεχόμενος,
901 2410 1096 2464 τούτου
1133 2411 1294 2482 χάριν
1334 2411 1430 2464 καὶ
1466 2413 1499 2481 ἠ
1539 2409 1635 2464 τοῦ
1665 2427 1804 2479 νυμ-

215 2502 349 2571 φίου
371 2500 618 2573 ἄμπελος
657 2503 716 2554 ἐν
756 2500 836 2572 τῷ
885 2502 1086 2556 Καδδεὶ
1115 2501 1196 2572 τῷ
1228 2501 1374 2554 πίονι
1401 2500 1552 2571 τόπῳ
1577 2499 1807 2571 ὲρῤιζωη

220 2594 388 2666 μένη,
443 2593 723 2648 τουτέστιν
752 2596 810 2647 ὲν
840 2593 1032 2665 βαθείᾳ
1093 2596 1161 2664 τῇ
1207 2593 1436 2665 διανοίᾳ,
1474 2596 1540 2664 τῇ
1577 2593 1664 2647 διὰ
1697 2593 1805 2648 τῶν

217 2685 390 2739 θείων
443 2685 789 2755 διδαγμάτων
840 2684 1218 2756 καταρδομένη
1279 2684 1372 2738 καὶ
1411 2683 1670 2748 αὔξουσα,
1712 2683 1807 2736 τὸν

216 2775 434 2848 εὐανθῆ
455 2774 644 2828 τοῦτον
667 2775 763 2828 καὶ
813 2773 1150 2846 κυπρίζοντα
1180 2773 1375 2845 βότρυν
1417 2772 1804 2844 ἐκαρποφόρη-

219 2885 342 2934 σεν,
373 2861 421 2935 ᾧ
444 2867 533 2920 τὸν
553 2865 799 2937 γεωργὸν
829 2865 924 2918 καὶ
952 2864 1265 2936 φυτηκόμον
1298 2864 1497 2934 ἑαυτῆς
1519 2864 1700 2935 ἐνορᾷ.
1717 2864 1806 2929 Ὠς

221 2959 502 3031 μακάριον
547 2957 608 3010 τὸ
645 2955 885 3009 τοιοῦτον
910 2955 1201 3026 γεώργιον,
1251 2947 1312 3008 οὗ
1358 2956 1386 3008 6
1429 2954 1638 3026 καρπὸς
1669 2953 1808 3023 πρὸς

216 3055 325 3125 τὴν
352 3052 451 3106 τοῦ
489 3050 720 3122 νυμφίου
735 3048 1015 3118 ὁμοιοῦται
1043 3047 1285 3119 μορφήνί
1316 3045 1532 3118 Ἐπειδὴ
1561 3046 1668 3117 γὰρ
1689 3044 1805 3115 φῶς

218 3120 480 3216 ἀληθινόν
503 3120 651 3195 ἐστιν
681 3142 906 3205 ἐκεῖνος,
941 3141 1038 3194 καὶ
1063 3137 1292 3210 ἀληθινὴ
1326 3137 1458 3208 ζωὴ,
1481 3137 1576 3192 καὶ
1603 3137 1805 3191 δικαιο-
1836 3120 1880 3178 C

221 3237 361 3306 σύνη
423 3233 647 3304 ἀληθὴς,
681 3229 864 3295 καθὼς
907 3232 941 3302 ἡ
982 3229 1156 3299 Σοφία
1215 3230 1370 3299 φησὶ,
1410 3229 1506 3282 καὶ
1533 3229 1710 3282 πάντα
1735 3229 1805 3283 τὰ

218 3326 472 3392 τοιαῦτα,
502 3325 630 3379 ὅταν
657 3341 742 3387 τις
801 3322 888 3377 διὰ
939 3323 1046 3376 τῶν
1075 3322 1252 3394 ἔργων
1283 3321 1453 3374 ταῦτα
1497 3321 1742 3390 γένηται,
1769 3321 1806 3374 ἀ

220 3421 435 3483 ἐκεῖνός
459 3421 627 3482 ἐστιν,
650 3415 793 3470 οὕτω
818 3415 908 3469 τὸν
937 3415 1037 3486 τῆς
1068 3415 1203 3477 ιδίας
1234 3413 1593 3483 συνειδήσεως
1611 3413 1805 3484 βότρυν

223 3513 466 3584 βλέπων,
493 3509 657 3565 αὑτὸν
683 3508 776 3562 τὸν
798 3507 1031 3577 νυμφίον
1069 3509 1128 3559 ὲν
1160 3504 1337 3576 τούτῳ
1369 3503 1577 3575 βλέπει,
1611 3509 1678 3577 τῇ
1703 3524 1809 3576 φωο

219 3610 376 3679 τεινῇ
422 3624 482 3660 τε
531 3605 628 3659 καὶ
677 3603 938 3674 ἀκηράτῳ
997 3601 1108 3673 ζωῇ
1155 3600 1217 3654 τό
1261 3600 1377 3670 φῶς
1437 3602 1537 3672 τῆς
1579 3600 1837 3673 ἀληθείας

1911 1880 2175 1934 aquarum
2209 1863 2446 1920 ﬂuxibus
2465 1865 2679 1934 pinguis
2707 1864 2970 1925 evadens,
2998 1878 3208 1931 suoque
3230 1868 3476 1929 tempore

1909 1953 2146 2009 fructum
2170 1955 2436 2024 praebens,
2455 1968 2519 2008 ea
2541 1953 2608 2008 de
2625 1967 2790 2008 causa
2812 1953 2997 2022 sponsi
3028 1951 3209 2014 vinea,
3229 1951 3283 2004 in
3302 1947 3475 2003 Gaddi

1909 2063 2040 2118 agro
2068 2045 2256 2117 pingui
2303 2046 2444 2100 actis
2473 2045 2772 2108 radicibus,
2817 2044 2923 2098 hoc
2969 2049 3053 2098 est
3093 2043 3147 2096 in
3196 2040 3474 2112 profunda

1909 2137 2267 2207 cogitatione,
2331 2151 2454 2205 qua:
2484 2151 2577 2206 per
2600 2135 2784 2190 divina
2833 2135 3162 2189 documenta
3217 2131 3477 2201 irrigatur

1908 2237 2249 2298 etaugetur,
2289 2227 2570 2282 ﬂorentem
2615 2228 2760 2282 hunc
2786 2234 2842 2282 et
2891 2231 3202 2280 vernantem
3257 2223 3476 2276 botrmu

1908 2319 2187 2388 produxit,
2219 2334 2378 2372 suum
2404 2319 2623 2373 intuens
2666 2316 2960 2388 agricolam
3005 2314 3473 2386 et.plantatorem.

1909 2409 2082 2475 Quam
2136 2411 2292 2463 beata
2346 2420 2430 2464 est
2474 2409 2587 2462 haec
2639 2408 3006 2479 agricultura,
3041 2405 3206 2474 cujus
3262 2402 3477 2456 fructus

1909 2502 2098 2571 sponsi
2150 2501 2340 2556 forma:
2387 2501 2763 2556 assimilatur!
2801 2498 2937 2553 Nam
2962 2497 3221 2568 quoniam
3253 2495 3342 2550 ille
3391 2499 3478 2548 est

1910 2608 2040 2648 vera
2070 2594 2184 2660 lux,
2211 2601 2268 2648 et
2297 2607 2426 2648 vera
2457 2593 2589 2656 vita,
2631 2602 2685 2646 et
2707 2590 2920 2660 justitia
2954 2604 3102 2651 vera,
3157 2588 3300 2642 sicut
3341 2584 3478 2639 dicit

1911 2685 2276 2756 Sapientia,et
2301 2698 2422 2754 quae
2441 2690 2570 2740 sunt
2597 2681 2934 2752 bujusmodi,
2966 2677 3186 2749 quando
3203 2676 3477 2746 quispiam

1909 2790 2006 2846 per
2035 2790 2198 2844 opera
2230 2775 2290 2829 ﬁt
2324 2790 2388 2830 ea
2421 2789 2542 2846 qua:
2573 2774 2665 2830 ille
2693 2781 2800 2837 est,
2836 2771 2916 2826 sic
2953 2767 3473 2840 aspiciensbotrmu

1908 2867 2144 2936 propriae
2173 2867 2552 2930 conscientias,
2586 2866 2774 2935 ipsum
2814 2878 3075 2934 sponsum
3099 2863 3156 2915 in
3187 2865 3288 2915 hoc
3330 2855 3479 2926 aspi-

1910 2959 2020 3026 cit,
2056 2958 2236 3013 lucida
2264 2967 2319 3014 et
2363 2958 2707 3012 immaculata
2743 2957 2853 3010 vita
2891 2953 3137 3009 veritatis
3176 2954 3350 3005 lucem
3394 2947 3449 3001 in

1911 3058 2094 3106 tuens.
2128 3051 2420 3123 Propterea
2467 3052 2606 3107 dicit
2636 3050 2763 3107 vitis
2794 3050 2884 3104 illa
2920 3047 3149 3108 fertilis,
3194 3043 3348 3097 Meus
3393 3045 3479 3094 est

1911 3138 2103 3194 botrus
2136 3140 2232 3210 qui
2285 3139 2440 3194 ﬂoret
2470 3147 2525 3195 et
2577 3140 2866 3210 germinat.
2901 3137 3021 3208 Ipse
3066 3141 3150 3190 est
3178 3133 3267 3187 ille
3317 3143 3480 3185 verus

1911 3228 2124 3292 botrus,
2138 3230 2231 3300 qui
2251 3231 2489 3300 seipsum
2508 3230 2563 3284 in
2586 3230 2829 3286 vectibus
2853 3227 3044 3299 ligneis
3064 3223 3300 3286 exhibet,
3319 3219 3480 3288 cujus

1911 3323 2136 3394 sanguis
2165 3324 2232 3378 iis
2263 3324 2359 3394 qui
2395 3324 2531 3380 salvi
2552 3323 2688 3377 [iunt
2717 3331 2770 3377 et
2795 3322 3046 3376 laetantur
3077 3317 3133 3371 lit
3158 3314 3479 3385 poculentus

1911 3422 1968 3470 ct
1999 3416 2278 3478 salutaris,
2301 3417 2355 3470 in
2389 3415 2613 3470 Christo
2663 3413 2793 3470 Jesu
2841 3411 3072 3467 Domino
3121 3416 3333 3467 nostro,
3391 3402 3478 3456 cui

1914 3508 2089 3577 gloria
2116 3516 2170 3563 et
2206 3507 2448 3578 potentia
2480 3508 2536 3562 in
2565 3507 2768 3562 smcula
2815 3504 3168 3560 saeculorum.
3205 3499 3403 3550 Amen.

1909 3602 2373 3674 ὲνοπτριζόμενος.
2414 3604 2512 3657 Διά
2547 3601 2704 3655 τοῦτό
2736 3589 2963 3671 φησινὴ
2990 3595 3229 3667 ἄμπελος
3257 3593 3290 3662 ἡ
3324 3587 3481 3656 εὐθη-

219 3701 418 3762 νοῦσα,
447 3700 530 3752 ὅτι
563 3696 724 3767 Ἐμὸς
750 3696 941 3767 βότρυς
965 3696 994 3747 6
1024 3695 1090 3748 δι’
1145 3693 1306 3758 ἄνθος
1333 3693 1648 3764 κυπρίξων·
1717 3695 1879 3758 αὐτὸς
1917 3692 2122 3759 ἐκεῖνός
2149 3697 2297 3750 ἐστιν
2331 3698 2360 3750 ὁ
2407 3695 2656 3767 ἀληθινὸς
2703 3693 2915 3765 βότρυς,
2943 3691 2970 3744 6
3003 3691 3093 3742 ἐπὶ
3123 3687 3226 3741 τῶν
3258 3683 3482 3752 ξυλίνων

221 3794 546 3866 ἀναφορέων
571 3790 762 3845 ἑαυτὸν
777 3790 983 3856 δείξας,
1030 3785 1093 3846 οὗ
1124 3790 1184 3843 τὸ
1206 3785 1345 3860 αἷμα
1372 3791 1484 3852 τοῖς
1511 3788 1840 3858 σωζομένοις
1875 3807 1934 3842 τε
2001 3792 2094 3844 καὶ
2120 3791 2584 3862 εὐφραινομένοις,
2607 3787 2831 3858 πότιμόν
2852 3803 2910 3838 τε
2934 3785 3027 3838 καὶ
3057 3783 3317 3852 σωτήριον
3336 3779 3481 3847 γίνε-

223 3905 340 3949 ται,
370 3887 430 3939 ἐν
461 3883 679 3957 Χριστῷ
713 3882 890 3955 Ἰησοῦ
909 3880 989 3952 τῷ
1023 3881 1409 3954 Κυρίῳήμῶν,
1436 3873 1481 3948 ᾧ
1535 3881 1570 3950 ἡ
1600 3880 1728 3947 δόξα
1753 3883 1848 3935 καὶ
1917 3883 1979 3936 τὸ
2015 3884 2212 3954 κράτος
2242 3885 2320 3947 είς
2351 3883 2477 3946 τοὺς
2513 3881 2712 3942 αἰῶνας
2735 3878 2843 3931 τῶν
2868 3875 3098 3930 αἰώνων.
3123 3873 3315 3944 Ἀμήν.

851 4015 1090 4070 ΟΜΙΛῙΔ
1137 4013 1210 4068 Δ’.

311 4155 462 4211 Ἰδοὺ
491 4148 549 4206 εἴ
570 4149 750 4218 καλὴ,
780 4150 819 4218 ἢ
862 4148 1132 4215 πλησίον
1151 4165 1271 4216 μου
1287 4163 1301 4178 ·
1325 4144 1456 4200 ἰδοὺ
1477 4141 1536 4200 εἷ
1559 4145 1738 4212 καλὴ,
1757 4148 1811 4199 οἱ

228 4247 528 4319 ὀφθαλμοί
556 4260 674 4299 σου
699 4239 1069 4311 περιστερᾶς.
1104 4238 1261 4294 Ἰδοὺ
1285 4235 1344 4293 εἷ
1359 4237 1547 4305 καλὸς
1563 4237 1811 4307 ἀδελφι-

228 4342 336 4407 δός
344 4357 488 4410 μου,
515 4337 616 4392 καί
635 4353 701 4406 γε
725 4332 955 4402 ὡραῖος.
970 4331 1318 4399 Προσκλίνη
1336 4328 1506 4400 ἡμῶν
1523 4330 1805 4396 σύσκιος,

228 4433 399 4488 δοκοί
416 4430 584 4502 ἡμῶν
612 4428 832 4496 κέδροι,
856 4423 1215 4496 φατνώματα
1234 4425 1400 4492 ἡμων
1416 4421 1806 4490 κυπάρισσοι.

2485 4013 2768 4069 IIUMILIA
2797 4011 2888 4066 ιν.

1981 4127 2111 4183 (ΖΜ).
2138 4144 2157 4184 ι
2185 4130 2238 4198 ,ᾗ
2271 4129 2356 4182 l5.
2388 4126 2520 4182 Ecce
2541 4126 2758 4196 pulchra
2787 4142 2862 4187 es,
2890 4123 3183 4191 propinqua
3205 4137 3341 4181 mea,
3369 4136 3482 4174 ecce

1909 4220 2129 4289 pulchra
2171 4236 2261 4284 es;
2294 4218 2428 4272 oculi
2462 4218 2538 4273 tui
2571 4217 2846 4270 columbw.
2890 4213 2976 4268 16.
3007 4212 3140 4266 Ecce
3163 4211 3375 4280 pulcher
3401 4228 3478 4273 es,

1909 4313 2167 4379 patruelis
2203 4329 2348 4365 meus
2376 4321 2425 4364 et
2468 4311 2753 4379 formosus.
2789 4308 2875 4360 17.
2901 4305 3149 4360 Lectulus
3174 4314 3346 4357 noster
3371 4320 3482 4355 um-

1909 4403 2316 4457 brosus.Trabes
2335 4412 2531 4455 nostra:
2548 4400 2709 4466 cedri,
2725 4398 2996 4469 laquearia
3021 4404 3205 4449 nostra
3225 4395 3478 4463 cupressi.

241 4485 581 4596 ἄνθος
612 4485 730 4575 τοῦ.
749 4485 978 4582 πεδίου,
1000 4485 1210 4584 κρίνον
1382 4485 1694 4567 κοιλάδων.
1712 4513 1806 4578 Ὠς

1911 4495 2233 4564 ΕΛΡ.11,Ϋ¹.
2258 4494 2367 4563 Ego
2381 4495 2482 4562 ﬂos
2508 4494 2699 4562 campi,
2721 4493 2890 4546 lilium
2911 4490 3248 4544 convallium.
3267 4487 3322 4540 2.
3339 4486 3481 4539 Sicut

229 4621 444 4686 κρίνον
470 4613 720 4684 ἐνμέσῳ
748 4607 1043 4670 ἀκανθῶν,
1090 4605 1279 4671 οὕτως
1319 4605 1356 4673 ἡ
1395 4604 1663 4672 πλησίον
1694 4619 1814 4672 μου

229 4711 351 4766 ἀνὰ
366 4707 560 4778 μέσον
580 4705 700 4758 τῶν
725 4700 1078 4772 θυγατέρων.
1113 4698 1210 4762 Ὧς
1226 4695 1431 4765 μῆλον
1462 4694 1532 4747 ἐν
1557 4694 1681 4758 τοῖς
1705 4694 1814 4758 ξύ-

229 4803 367 4863 λοις
380 4796 489 4850 τοῦ
517 4791 767 4863 δρυμοῦ,
794 4789 982 4854 οὕτως
1008 4785 1332 4854 ἀδελφιδός
1351 4801 1468 4852 μου
1494 4783 1608 4838 ἀνὰ
1620 4783 1816 4852 μέσον

231 4889 355 4944 τῶν
423 4884 589 4940 υἱῶν.
627 4885 725 4937 Ἐν
774 4880 849 4949 τῇ
894 4877 1042 4945 σκιᾷ
1086 4875 1274 4930 αὐτοῦ
1318 4875 1666 4942 ἐπεθύμησα
1715 4873 1815 4927 καὶ

233 4979 508 5042 ἐκάθισα,
556 4975 655 5030 καὶ
704 4971 932 5042 καρπὸς
987 4968 1174 5024 αὑτοῦ
1207 4965 1440 5038 γλυκὺς
1464 4965 1533 5018 ἐν
1561 4964 1817 5034 λάρυγγί

231 5091 374 5143 μου.
423 5067 784 5138 Εὶσαγάγετέ
814 5069 891 5134 με
938 5065 1026 5129 είς
1045 5061 1212 5115 οἷκον
1235 5058 1342 5114 τοῦ
1365 5060 1562 5121 οἴνου,
1600 5056 1817 5120 τάξατε

236 5163 330 5216 ἐπ’
349 5160 455 5231 ἐμὲ
473 5159 734 5229 ἀγάπην.
757 5150 1079 5224 Στηρίξατέ
1091 5168 1168 5221 με·
1189 5152 1422 5220 μύροις,
1459 5145 1818 5203 στοιϐάσατέ

232 5271 311 5323 με
339 5254 410 5305 ἑν
427 5249 664 5320 μήλοις,
690 5247 778 5300 ὅτι
811 5242 1140 5314 τετρωμένη
1167 5241 1404 5311 ἀγάπης
1419 5239 1550 5309 ἐγώ.
1575 5235 1816 5294 Εὐώνυ-

235 5361 351 5413 μος
369 5341 554 5396 αὐτοῦ
575 5341 693 5396 ὑπὸ
725 5339 840 5406 τὴν
868 5332 1143 5406 κεφαλήν
1151 5351 1292 5402 μου,
1320 5331 1418 5385 καὶ
1443 5333 1481 5399 ἠ
1515 5329 1684 5394 δεξιὰ
1707 5331 1814 5384 αὐ-

242 5433 351 5487 τοῦ
403 5427 802 5499 asparagi-eral
838 5445 936 5497 με.
991 5427 1245 5494 Ὠρκισα
1290 5421 1465 5491 ὑμᾶς,
1498 5421 1816 5491 θυγατέρες

255 5521 669 5590 Ἰερουσαλὴμ,
703 5520 772 5572 ἐν
814 5517 1107 5587 δυνάμεσι
1153 5517 1252 5570 καί
1293 5516 1365 5568 ἐν
1395 5516 1680 5585 ὶσχύσεσι
1712 5515 1818 5568 τοῦ

245 5611 454 5680 ἀγροῦ·
491 5611 599 5664 ἐὰν
623 5609 886 5679 ἐγείρητε
913 5607 1012 5662 καὶ
1043 5607 1378 5677 ἐξεγείρητε
1418 5605 1530 5664 τὴν
1557 5603 1816 5674 ἀγάπην,

247 5704 354 5757 ἕως
387 5701 458 5761 οὗ
493 5701 750 5772 θελήσῃ.

1916 4587 2089 4641 lilium
2113 4589 2248 4640 inter
2269 4587 2470 4654 spinas,
2490 4587 2566 4639 sic
2585 4601 2737 4639 soror
2757 4600 2874 4638 mea
2901 4584 3036 4636 inter
3057 4583 3217 4650 ﬁlias.
3255 4580 3307 4632 '5.
3335 4577 3482 4632 Sicut

1912 4693 2124 4746 pomum
2175 4677 2228 4729 in
2271 4676 2429 4746 lignis
2483 4676 2653 4740 silvw,
2709 4675 2786 4728 sic
2842 4673 3100 4742 patruelis
3152 4686 3294 4723 meus
3349 4671 3482 4720 inter

1913 4768 2075 4838 ﬁlios.
2111 4764 2216 4820 Sub
2246 4766 2437 4820 umbra
2464 4767 2579 4834 ejus
2605 4763 2903 4818 desideravi
2948 4771 2998 4816 et
3027 4761 3159 4825 sedi,
3185 4769 3234 4812 et
3275 4758 3481 4827 fructus

1910 4875 2024 4928 ejus
2073 4857 2247 4911 dulcis
2291 4858 2347 4910 in
2389 4867 2597 4926 gutture
2647 4871 2779 4910 meo.
2812 4853 2866 4907 4.
2910 4851 3237 4906 Introducite
3289 4865 3368 4903 me
3424 4851 3479 4900 in

1915 4952 2103 5006 cellam
2168 4949 2430 5002 vinariam
2489 4963 2507 5001 :
2569 4948 2810 5001 ordinate
2860 4945 2918 4999 in
2993 4959 3074 4997 me
3144 4942 3477 4995 charitatem.

1914 5039 2188 5095 5.Fulcite
2209 5053 2290 5092 me
2316 5039 2611 5107 unguentis,
2631 5037 2844 5090 sternite
2870 5033 2996 5088 mihi
3015 5045 3188 5086 torum
3215 5033 3266 5083 iu
3294 5029 3479 5092 malis;

1914 5133 2038 5203 quia
2070 5147 2185 5186 sum
2215 5131 2458 5184 sauciata
2489 5147 2521 5181 a
2552 5129 2850 5182 dilectione.
2880 5126 2934 5180 6.
2970 5124 3204 5179 Sinistra
3237 5121 3350 5190 ejus
3382 5120 3479 5173 sub

1915 5226 2085 5292 capite
2152 5238 2304 5284 meo,
2377 5229 2428 5275 et
2492 5220 2678 5273 dextra
2751 5218 2864 5287 ejus
2937 5213 3324 5282 amplexabitur
3378 5226 3479 5264 me.

1921 5319 1969 5370 7.
2006 5317 2264 5386 Adjuravi
2293 5331 2403 5378 vos,
2437 5313 2565 5382 ﬁlia:
2610 5310 2924 5374 Jerusalem,
2956 5309 3014 5362 in
3060 5303 3408 5376 potestatibus
3432 5316 3480 5357 et

1923 5409 2205 5466 virtutibus
2251 5409 2406 5477 agri,
2465 5407 2513 5459 si
2545 5405 2783 5458 excitetis
2831 5411 2880 5456 et
2937 5399 3222 5470 expergisci
3269 5396 3480 5466 faciatis

1919 5500 2252 5563 charitatem,
2283 5497 2446 5552 donec
2474 5495 2612 5549 velit.
