3846 6220
204 305 314 363 853

1264 308 1331 364 IN
1358 307 1652 364 CANTICA
1683 308 1950 367 CANTIC.
1978 311 2256 368 HOMILIA
2289 314 2372 369 IV.

3337 322 3444 379 854

195 427 265 493 τῇ
294 420 622 475 καταστάσει
649 421 748 491 τῆς
768 421 945 493 ψυχῆς
976 423 1033 476 ὲν
1058 421 1325 494 ἀταραξίᾳ
1352 422 1769 493 γαληνιάζουσα.

1877 423 2053 492 signat
2080 425 2451 481 characterem
2507 441 2702 481 scrcno
2748 442 2811 481 ac
2843 428 3141 498 tranquillo
3188 431 3443 488 minime-

196 516 497 587 Συμὸαίνει
518 516 697 569 τοίνυν
721 515 941 585 ἀμέσως
966 516 1102 587 πρὸς
1124 516 1218 587 τὴν
1240 516 1437 569 κακίαν
1454 518 1552 584 τῆς
1578 515 1776 587 ἀρετῆς

195 606 517 676 διεστώσης,
573 605 648 676 μὴ
680 606 936 660 δύνασθαι
971 606 1111 660 κατά
1138 607 1332 661 ταύτὸν
1369 607 1675 677 ἀμφότερον
1700 605 1778 676 τῷ

196 697 281 750 ἑνὶ
317 697 710 767 παραγίνεσθαι
731 715 747 728 ·
765 700 793 751 ὀ
820 698 929 769 γὰρ
958 696 1052 752 τοῦ
1095 700 1392 769 σωφρονεῖν
1426 699 1691 762 ἀποστὰς,
1718 699 1777 750 ἐν

195 790 278 860 τῷ
302 791 587 860 ἀκολάστῳ
620 791 837 854 πάντως
862 790 1203 861 γίνεταιβίῳ,
1243 790 1336 843 καὶ
1364 793 1391 842 6
1413 789 1503 842 τὸν
1533 788 1778 858 ἀκάθαρ-

196 897 292 932 τον
326 880 715 951 βδελυξάμενος
741 880 875 949 βίον,
899 878 1260 950 κατώρθωσεν
1288 881 1347 931 ὲν
1362 882 1427 951 τῇ
1458 880 1774 949 ἀποστροφῇ

195 972 295 1024 τοῦ
348 973 520 1025 κακοῦ
558 972 618 1025 τὺ
653 973 970 1043 ἀμόλυντον.
1006 972 1163 1025 Οὕτω
1195 972 1289 1024 καὶ
1316 971 1482 1026 τᾶλλα
1511 970 1710 1033 πάντα,
1746 972 1777 1024 6

194 1065 576 1135 ταπεινόφρων
600 1066 698 1136 τῆς
727 1064 1107 1137 ὑπερηφανίας
1145 1063 1491 1135 κεχώρισται,
1522 1064 1616 1117 καὶ
1636 1066 1664 1117 6
1687 1064 1775 1117 διὰ

194 1156 294 1209 τοῦ
326 1156 495 1226 τύφου
538 1157 728 1209 ἑαυτὸν
774 1156 1104 1225 ὲξογκώσας,
1143 1158 1242 1229 τὴν
1280 1155 1776 1227 ταπεινοφροσύνην

194 1245 481 1300 ἀπώσατο.
528 1245 638 1298 Καὶ
674 1246 727 1298 τί
759 1246 865 1317 χρὴ
895 1246 965 1299 τά
1011 1247 1134 1300 καθ’
1162 1246 1391 1301 ἕκαστον
1412 1247 1637 1315 λέγοντα
1658 1248 1774 1300 δια-

192 1338 441 1409 τρίϐειν;
484 1336 607 1400 Πῶς
654 1338 746 1390 ἐπὶ
792 1337 901 1391 τῶν
922 1338 1310 1408 ἀντικειμένων
1343 1341 1409 1410 τῇ
1440 1339 1595 1407 φύσει
1616 1342 1649 1409 ἡ
1678 1340 1775 1392 τοῦ

192 1430 318 1492 ἑνὸς
352 1429 587 1481 ἀπουσία
625 1427 773 1491 θέσις
810 1430 905 1482 καὶ
950 1428 1182 1499 ὕπαρξις
1220 1429 1315 1483 τοῦ
1343 1430 1528 1502 ἐτέρου
1546 1430 1772 1500 γίνεται,

190 1521 342 1573 οὕτω
359 1520 536 1573 τοίνυν
552 1519 779 1591 ἐχούσης
800 1523 832 1592 ἡ
843 1521 956 1591 μῶν
980 1521 1076 1592 τῆς
1088 1522 1475 1593 προαιρέσεως,
1494 1523 1610 1575 κατ’
1628 1520 1777 1587 ἐξου-

193 1612 323 1664 σίαν
352 1611 495 1682 ἔχειν
544 1604 697 1682 ᾧπερ
732 1611 799 1665 ἂν
839 1611 996 1683 ἐθέλῃ
1040 1612 1214 1683 τούτῳ
1258 1613 1772 1685 συσχηματίζεσθαι,

190 1702 380 1767 καλῶς
407 1720 537 1774 φησι
559 1703 693 1774 πρὸς
716 1703 813 1773 τὴν
835 1702 1209 1773 ὼραιωθεῖσαν
1237 1704 1266 1756 6
1299 1705 1456 1773 λόγος
1474 1721 1488 1735 θ
1513 1706 1592 1758 ὅτι
1617 1706 1774 1758 Ἀπο-

190 1797 374 1848 στᾶσα
411 1796 508 1865 μὲν
536 1795 636 1865 τῆς
687 1795 781 1848 τοῦ
812 1792 983 1848 κακοῦ
1018 1794 1299 1857 κοινωνίας
1332 1796 1453 1866 ἐμοὶ
1477 1798 1775 1868 προσήγγι-
1805 1774 1848 1830 Β

190 1905 300 1950 σας
320 1904 333 1917 ·
366 1888 715 1957 πλησιάσασα
755 1886 811 1939 δὲ
836 1885 915 1957 τῷ
962 1886 1244 1957 ἀπροσίτῳ
1266 1887 1472 1952 κάλλει,
1503 1888 1597 1941 καὶ
1638 1888 1777 1960 αὐτὴ

189 1980 340 2049 καλὴ
357 1981 608 2048 γέγονας,
639 1976 751 2032 οἷόν
778 1997 829 2032 τι
875 1978 1179 2051 κάτοπτρον
1219 1979 1299 2050 τῷ
1325 1979 1442 2050 ἐμῷ
1467 1980 1775 2052 χαρακτῆρι

188 2071 641 2143 ὶμμορφωθείσα.
675 2072 978 2141 Κατόπτρῳ
1005 2070 1114 2142 γὰρ
1160 2069 1335 2124 ἔοικεν
1366 2071 1441 2135 ὡς
1470 2070 1685 2143 ἀληθῶς
1714 2071 1777 2124 τὸ

187 2160 540 2232 ἀνθρώπινον
589 2161 731 2213 κατά
776 2160 876 2223 τὰς
927 2160 1035 2213 τῶν
1089 2160 1464 2231 προαιρέσεων
1509 2161 1775 2231 ἐμφάσεις

189 2252 683 2324 μεταποιούμενον.
716 2253 813 2305 Ἀν
842 2269 904 2307 τε
926 2252 1035 2323 γὰρ
1067 2254 1267 2325 χρυσὸν
1292 2254 1408 2318 ῐδοι,
1433 2254 1630 2324 χρυσὸς
1653 2254 1777 2323 φαί-

184 2364 369 2410 νεται,
392 2346 485 2398 κα)⁸
508 2345 608 2408 τάς
651 2344 821 2407 αὐτάς
858 2344 1031 2413 αὐγάς
1062 2346 1162 2416 τῆς
1191 2344 1321 2415 ὕλης
1346 2344 1433 2398 διά
1461 2346 1559 2415 τῆς
1593 2346 1775 2416 ἐμφά-

187 2457 337 2502 σεως
364 2439 634 2492 δείκνυσιν
654 2455 668 2468 ·
702 2439 769 2492 ἄν
788 2437 849 2491 τέ
875 2455 929 2491 τι
956 2438 1067 2491 τῶν
1096 2437 1349 2508 είδεχθῶν
1372 2438 1655 2509 ὲμφανείη,
1684 2440 1776 2492 καὶ

183 2531 389 2584 τούτου
418 2531 479 2583 τὸ
503 2527 688 2600 αἶσχος
708 2530 775 2582 δι’
804 2528 1115 2600 ὁμοιώσεως
1153 2530 1561 2598 ἀπομάσσεται,
1579 2528 1776 2601 βάτραο

186 2624 289 2694 χόν
321 2640 461 2687 τινα,
500 2622 532 2692 ἢ
566 2620 792 2693 φρῦνον,
826 2622 860 2690 ἢ
913 2622 1328 2694 σκολόπενδραν,
1359 2623 1392 2693 ἥ
1428 2622 1554 2676 ἀλλο
1579 2640 1633 2675 τι
1667 2622 1777 2676 τῶν

186 2714 378 2784 ἀηδῶν
409 2712 696 2783 θεαμάτων
732 2712 812 2783 τῷ
845 2714 1028 2784 οίκείῳ
1067 2714 1507 2784 ὑποκρινόμενον,
1532 2707 1684 2784 ᾧπερ
1712 2712 1778 2766 ἀν

185 2802 403 2856 τούτων
452 2801 647 2872 εὑρεθῇ
697 2801 1135 2872 ἀντιπρόσωπον.
1177 2802 1394 2871 Ἐπειδὴ
1433 2802 1611 2856 τοίνυν
1637 2804 1778 2856 κατά

186 2892 369 2945 νώτου
404 2892 501 2964 τὴν
535 2892 731 2946 κακίαν
776 2893 1116 2964 ποιησαμένη
1156 2895 1189 2964 ἡ
1230 2892 1609 2964 κεκαθαρμένη
1633 2893 1778 2964 ψυχὴ

190 2985 306 3039 ὑπὸ
325 2985 622 3053 Λόγου,τδν
651 2984 875 3055 ἡλιακὸν
921 2986 980 3039 ἐν
1018 2986 1183 3057 ἑαυτῇ
1207 2985 1403 3039 κύκλον
1431 2987 1666 3050 ἐδέξατο,
1687 2986 1779 3039 καὶ

188 3072 275 3144 τῷ
301 3070 523 3140 ὀφθέντι
541 3075 600 3128 ἐν
620 3076 757 3146 αὐτῇ
774 3076 912 3144 φωτὶ
938 3076 1328 3147 συνεξέλαμψε,
1353 3076 1441 3131 διά
1462 3076 1617 3131 τοῦτό
1643 3093 1775 3148 φησι
1802 3103 1849 3162 c

190 3162 339 3233 πρὸς
367 3163 535 3233 αὐτὴν
549 3163 578 3215 ὀ
592 3163 789 3234 Λόγος,
806 3166 1132 3237 ὄτιΓέγονας
1147 3166 1246 3238 ἥδη
1270 3168 1407 3239 καλὴ
1430 3168 1779 3239 πλησιάσασα

190 3252 275 3321 τῷ
310 3251 428 3322 ἐμῷ
456 3254 613 3320 φωτὶ,
644 3252 734 3305 διὰ
780 3252 875 3306 τοῦ
909 3257 1318 3326 προσεγγισμοῦ
1368 3258 1467 3329 τὴν
1496 3258 1779 3312 κοινωνίαν

193 3342 536 3413 ἐφελκομένη
564 3342 659 3396 τοῦ
710 3342 961 3408 κάλλους.
1005 3342 1162 3399 Ἰδοὺ
1203 3347 1261 3400 εἷ
1301 3348 1479 3416 καλὴ,
1508 3349 1691 3418 φησὶν,
1736 3348 1779 3415 ἡ

193 3435 469 3500 πλησίον
479 3452 617 3503 μου.
635 3426 771 3490 Εἶτα
787 3436 1045 3507 ἐπισχὼν,
1060 3440 1154 3491 καὶ
1168 3432 1282 3491 οἷον
1299 3440 1358 3491 ὲν
1371 3439 1656 3512 προσθήκῃ
1675 3439 1778 3491 τινὶ

194 3526 297 3580 καὶ
313 3525 557 3579 ἐπιτάσει
573 3526 867 3597 γενομένην
881 3527 976 3581 τοῦ
991 3528 1221 3593 κάλλους
1234 3530 1401 3601 αὐτὴν
1420 3530 1775 3601 θεασάμενος,

196 3617 369 3671 πάλιν
379 3617 472 3670 τὸν
487 3617 649 3670 αὐτὸν
671 3617 1111 3688 ὲπαναλαμῦἀνει
1131 3618 1309 3687 λόγον.
1335 3620 1523 3674 εἰπών·
1554 3621 1707 3676 Ἰδοὺ
1726 3618 1785 3675 εἷ

196 3708 387 3775 καλή.
428 3709 636 3763 Ἀλλ’ὲν
654 3710 753 3780 μὲν
766 3710 844 3780 τῷ
863 3710 1111 3781 προτέρῳ
1120 3711 1218 3781 τὴν
1237 3711 1461 3785 πλησίον
1473 3713 1779 3784 ώνόμασεν⁹

196 3794 442 3850 ἐνταῦθα
502 3799 560 3852 δὲ
596 3800 694 3870 τὴν
718 3802 782 3854 ὲκ
807 3800 899 3853 τοῦ
927 3800 1099 3864 εἴδους
1134 3801 1245 3855 τῶν
1276 3804 1537 3873 ὀμμάτων
1581 3821 1779 3875 γνωρι-

197 3884 459 3957 ζομένην·
511 3887 833 3958 Ὀςοθιιλμοὶ
876 3889 985 3960 γάρ
1019 3901 1157 3953 σου,
1194 3893 1360 3962 φησὶ,
1403 3893 1775 3961 περιστερᾶς.

1878 528 1984 581 que
2004 514 2323 583 perturbato
2348 523 2491 569 statu
2521 515 2735 568 animm.
2768 514 2955 572 Evenit
2980 534 3132 588 ergo,
3158 527 3216 573 ut
3241 522 3445 576 virtute

1880 617 1910 654 a
1940 603 2071 656 vitio
2104 603 2383 672 disjuncta
2415 604 2533 658 sine
2562 605 2762 668 medio,
2820 621 2928 658 non
2968 610 3180 674 possint
3215 618 3445 678 utraque

1880 693 1969 745 uni
2001 693 2165 747 simul
2195 695 2422 750 adesse:
2452 696 2545 763 qui
2569 696 2715 749 enim
2746 701 2973 751 recessit
3004 713 3033 750 a
3059 702 3443 767 temperantia.

1876 792 2129 837 versatur
2155 786 2378 839 omnino
2399 786 2453 838 in
2476 786 2587 838 vita
2604 786 2871 840 dissoluta
2893 798 2948 842 et
2971 790 3193 843 minime
3216 790 3441 861 frugali.

1876 884 1932 928 et
1955 875 2048 944 qui
2078 876 2242 929 vitam
2292 876 2641 930 abominatur
2693 877 3051 943 immundam,
3088 880 3162 933 ita
3199 896 3259 935 se
3303 883 3447 952 gerit

1878 970 1937 1017 ut
1970 964 2024 1017 in
2060 964 2366 1019 aversando
2392 967 2537 1019 malo
2566 976 2783 1021 maneat
2806 970 3140 1038 impollutus.
3170 973 3245 1027 lta
3279 974 3445 1028 etiam

1875 1055 1943 1110 de.
1971 1057 2184 1112 caateris
2213 1073 2226 1107 :
2263 1058 2355 1128 qui
2388 1066 2474 1112 est
2511 1058 2751 1123 humilis,
2785 1071 3073 1130 separatur
3098 1080 3128 1118 a
3162 1066 3443 1135 superbia,

1874 1154 1929 1202 et
1962 1148 2054 1217 qui
2087 1164 2182 1217 per
2211 1149 2410 1203 fastum
2465 1149 2748 1217 intumuit,
2784 1155 2999 1222 repellit
3058 1155 3441 1210 humilitatem.

1874 1238 1941 1292 Et
1973 1240 2103 1309 quid
2160 1256 2299 1310 opus
2329 1250 2415 1295 est
2468 1241 2749 1296 immorari
2785 1245 2837 1298 in
2891 1245 3139 1301 dicendis
3188 1248 3442 1316 singulis,

1875 1333 2337 1401 quemadmodum
2368 1334 2421 1386 in
2450 1334 2518 1387 iis
2546 1351 2668 1404 qua:
2692 1336 2795 1389 sibi
2828 1337 2973 1391 inter
2998 1353 3057 1391 se
3079 1338 3443 1393 adversantur

1876 1432 2094 1487 natura,
2129 1426 2375 1479 absentia
2414 1427 2577 1479 unius
2626 1427 2695 1480 sit
2741 1429 2942 1497 positio
2978 1439 3033 1486 et
3090 1432 3461 1485 subsistentia.

1874 1515 2312 1570 alterius?Cum
2362 1516 2587 1586 sitergo
2638 1519 2691 1571 in
2745 1527 3011 1588 potestate
3058 1522 3232 1575 nostri
3286 1522 3443 1575 liberi

1876 1607 2109 1670 arbitrii,
2137 1607 2187 1661 ei
2222 1607 2457 1661 similem
2493 1608 2724 1678 ﬁguram
2759 1613 2845 1664 cui
2881 1613 3114 1664 voluerit
3139 1614 3443 1682 suscipere,

1876 1700 1925 1755 ei
1955 1715 2074 1769 quae
2102 1701 2333 1771 pulchra
2363 1700 2506 1755 facta
2535 1710 2620 1757 est
2654 1712 2803 1758 recte
2831 1704 2962 1757 dicit
2987 1706 3165 1758 oratio
3195 1724 3209 1760 :
3244 1707 3283 1761 Α
3315 1706 3445 1760 mali

1874 1791 2090 1859 quidem
2140 1793 2404 1847 societate
2453 1793 2718 1849 recedens
2768 1796 2901 1848 mihi
2949 1799 3441 1867 appropinquasti:

1874 1883 2326 1953 appropinquans
2358 1890 2539 1939 autem
2578 1884 2853 1954 primariae
2887 1896 2941 1941 et
2973 1888 3271 1957 exemplari
3322 1890 3446 1957 pul-

1877 1974 2203 2039 chritudini,
2224 1974 2342 2045 ipsa
2368 1990 2586 2045 quoque
2612 1977 2840 2046 pulchra
2863 1992 2945 2038 es.
2970 1978 3134 2032 veluti
3165 1978 3444 2047 quoddam

1875 2067 2157 2135 speculum
2189 2066 2530 2122 conformata
2572 2084 2691 2124 meo
2736 2071 3064 2125 characteri.
3101 2069 3274 2126 Homo
3302 2074 3444 2127 enim

1875 2172 2063 2213 revera
2084 2159 2304 2228 speculo
2328 2166 2411 2214 est
2437 2160 2636 2213 similis
2666 2159 2868 2225 factus,
2904 2162 3108 2217 formas
3135 2164 3447 2233 suscipiens

1874 2264 1944 2303 ex
2000 2249 2313 2305 simulacris
2362 2250 2739 2305 institutorum
2783 2260 2837 2307 et
2878 2252 3171 2309 liberarum
3225 2241 3453 2311 electio-

1876 2355 2027 2395 num.
2067 2339 2193 2396 Sive
2221 2342 2365 2397 enim
2393 2358 2587 2397 aurum
2631 2345 2843 2411 viderit,
2883 2362 3075 2400 aurum
3119 2357 3445 2417 apparet,et

1876 2431 2127 2486 eumdem
2148 2434 2389 2489 materia:
2411 2435 2757 2504 splendorem
2778 2452 2887 2505 pra:
2905 2453 2964 2493 se
2988 2438 3123 2493 fert:
3144 2441 3259 2494 sive
3278 2440 3444 2494 etiam

1876 2521 2158 2590 quidpiam
2186 2523 2431 2579 deforme
2476 2527 2810 2594 apparuerit,
2863 2529 3107 2583 eamdem
3133 2532 3295 2584 etiam
3327 2540 3447 2586 tur-

1876 2613 2181 2682 pitudinem
2232 2616 2492 2683 exprimit
2543 2632 2641 2686 per
2699 2618 3196 2685 assimilationem,
3256 2631 3447 2692 utpote

1877 2720 2064 2760 ranam
2100 2708 2361 2776 aliquam,
2390 2720 2483 2762 aut
2530 2709 2809 2777 bufonem,
2864 2724 2958 2767 aut
3003 2716 3443 2787 scol0pendram,

1877 2804 1972 2849 aut
2022 2797 2241 2866 aliquod
2285 2799 2429 2853 aliud
2475 2800 2839 2870 injucundum
2898 2809 3291 2873 spectaculum,
3342 2824 3444 2864 sua

1878 2885 2050 2941 forma
2080 2890 2327 2946 referens
2349 2891 2493 2961 quod
2517 2892 2796 2948 inventum
2826 2893 2990 2949 fuerit
3017 2898 3098 2951 eis
3123 2899 3439 2956 adversum.

1877 2978 2146 3042 Quoniam
2190 2998 2321 3053 ergo
2349 2984 2579 3052 expulso
2627 2999 2657 3036 a
2690 2993 2843 3056 tergo
2870 2989 3023 3054 vitio,
3067 3000 3365 3061 expurgata
3410 3008 3447 3048 at

1879 3068 2058 3128 Verbo
2072 3074 2274 3140 anima,
2300 3076 2434 3129 solis
2457 3076 2723 3130 circulum
2750 3078 2803 3131 in
2831 3094 2890 3133 se
2919 3083 3179 3148 suscepit,
3204 3092 3257 3137 et
3279 3085 3443 3139 simul

1882 3162 2081 3215 reluxit
2107 3180 2234 3217 cum
2264 3166 2386 3220 luce
2430 3182 2552 3235 qua:
2597 3168 2651 3221 in
2688 3168 2806 3237 ipsa
2851 3174 3123 3240 apparuit,
3159 3186 3442 3244 pr0pterea

1878 3255 1931 3310 ei
1963 3256 2095 3309 dicit
2115 3252 2346 3314 Verbum
2371 3270 2385 3307 :
2410 3258 2641 3314 Pulchra
2673 3259 2813 3313 facta
2857 3278 2938 3325 es,
2978 3280 3099 3333 qua:
3144 3281 3275 3320 mea:
3332 3269 3443 3323 luci

1880 3348 2351 3417 appropinquasti,
2391 3364 2489 3418 per
2516 3354 3099 3423 appropinquationem
3152 3361 3445 3428 acquirens

1879 3440 2317 3493 communionem
2375 3441 2827 3509 pulchritudinis.
2887 3444 3023 3499 Ecce
3084 3463 3170 3511 es,
3242 3448 3441 3517 inquit,

1876 3529 2119 3598 pulchra,
2144 3532 2437 3598 propinqua
2462 3548 2597 3587 mea.
2624 3532 2829 3588 Deinde
2851 3550 2973 3589 cum
3000 3551 3058 3590 se
3080 3538 3443 3604 cohibuisset,

1876 3629 1932 3673 et
1958 3636 2076 3674 eam
2119 3621 2287 3675 veluti
2318 3621 2373 3674 in
2422 3621 2657 3690 quadam
2708 3623 2987 3680 additione
3024 3635 3080 3681 et
3127 3629 3445 3684 accessione

1877 3714 2277 3781 contemplatus
2306 3719 2457 3767 esset
2494 3713 2942 3782 pulchritudinis,
2971 3733 3162 3773 rursus
3195 3719 3454 3774 eamdem'

1876 3804 2076 3872 repetit
2139 3803 2495 3871 orationem,
2571 3806 2809 3860 dicens:
2880 3805 3013 3861 Ecce
3090 3809 3311 3877 pulchra
3363 3827 3440 3866 es.

1880 3896 1985 3952 Sed
2053 3896 2207 3965 prius
2267 3897 2487 3967 quidem
2530 3912 2651 3953 eam
2702 3898 3005 3953 nominavit
3036 3902 3442 3970 propinquam:

196 3978 477 4050 Πρότερον
513 3980 612 4050 μὲν
641 3979 750 4051 γὰρ
780 3981 868 4034 ὅτε
898 3981 1050 4051 ἵππῳ
1078 3982 1434 4055 ἀφωμοιώθη,
1476 3987 1535 4037 ὲν
1569 3986 1777 4053 σιαγόνι

1877 3984 1968 4042 hic
2007 3993 2187 4040 autem
2220 4000 2338 4041 eam
2372 4002 2492 4056 quae
2546 3988 2898 4057 cognoscitur
2942 4003 3007 4043 ex
3044 3990 3227 4059 specie
3259 3993 3451 4045 oculo-

197 4087 259 4122 τε
291 4071 388 4124 καὶ
410 4071 665 4143 τραχήλῳ
688 4075 716 4126 6
744 4072 965 4136 ἔπαινος
988 4069 1077 4144 ἦν.
1108 4074 1222 4127 Νῦν
1248 4075 1305 4129 δὲ
1331 4077 1419 4130 ὅτε
1445 4078 1505 4130 τὺ
1533 4078 1660 4131 ίδιον
1689 4080 1779 4132 αό-

196 4164 304 4232 τῆς
335 4163 575 4233 ἀνεφάνη
621 4164 836 4229 κάλλος,
871 4167 905 4236 ὴ
935 4166 1045 4220 τῶν
1088 4167 1382 4239 ὀφθαλμῶν
1409 4170 1568 4239 χάρις
1598 4171 1775 4238 ἐγκω-

203 4253 481 4322 μιάζεται·
506 4257 535 4308 6
553 4255 610 4308 δὲ
629 4254 741 4308 τῶν
755 4256 1047 4327 ὀφθαλμῶν
1068 4258 1284 4323 ἔπαινός
1312 4261 1424 4313 ἐστι
1449 4259 1507 4312 τὸ
1529 4276 1778 4331 περιστε-

202 4347 308 4415 ρᾶς
334 4344 405 4398 τά
425 4345 643 4415 ὄμματα
666 4341 825 4409 εἶναι,
856 4348 993 4419 ὅπερ
1022 4366 1110 4420 μοι
1133 4350 1281 4404 δοκεῖ
1303 4351 1555 4423 τοιαύτην
1580 4353 1777 4422 ἐμφαί-

1877 4095 2029 4146 rum,
2067 4079 2224 4135 Oculi
2258 4079 2405 4135 enim
2441 4080 2518 4132 tui
2551 4080 2823 4133 columine.
2850 4078 3010 4134 Prius
3044 4082 3187 4136 enim
3228 4082 3449 4153 quando

1875 4186 2017 4239 equo
2048 4171 2149 4224 fuit
2179 4171 2477 4226 assimilata
2499 4211 2515 4236 ,
2555 4172 2675 4225 laus
2706 4179 2825 4226 erat
2856 4170 2913 4224 in
2944 4172 3167 4225 maxilla
3197 4184 3250 4227 et
3277 4176 3443 4229 collo.

1877 4263 2034 4318 Nunc
2075 4271 2255 4317 autem
2298 4278 2422 4316 cum
2454 4263 2572 4329 ejus
2616 4263 2832 4332 propria
2864 4265 3116 4333 apparuit
3144 4266 3449 4334 pulchritu-

1876 4352 1981 4416 do,
2012 4353 2266 4407 laudatur
2291 4353 2467 4422 gratia
2497 4361 2551 4407 et
2580 4352 2749 4407 decor
2787 4352 2905 4421 ejus
2944 4354 3250 4409 oculorum.
3302 4358 3447 4412 Laus

200 4453 320 4489 νειν
358 4434 619 4500 διάνοιαν,
662 4438 852 4509 ἐπειδὴ
896 4443 1017 4503 ταῖς
1054 4440 1323 4513 καθαραῖς
1362 4443 1473 4495 τῶν
1513 4443 1776 4513 ὀμμάτων

1878 4454 2057 4498 autem
2091 4444 2211 4512 ejus
2249 4443 2537 4497 oculorum
2562 4481 2577 4505 ,
2621 4441 2765 4511 quod
2808 4441 2919 4495 sint
2961 4444 3107 4496 oculi
3147 4444 3434 4499 columba.

202 4527 399 4598 κόραις
465 4528 663 4597 ὁρᾶται
690 4528 800 4583 τῶν
835 4530 1188 4596 ἀτενιζόντων
1216 4534 1285 4588 τά
1326 4535 1610 4607 πρόσωπα.
1643 4536 1781 4588 Φασὶ

201 4619 317 4688 γὰρ
345 4618 394 4670 οἱ
421 4617 642 4673 τοιαῦτα
664 4621 1007 4691 φυσιολογεῖν
1033 4625 1226 4696 ὲπιστή
1237 4642 1415 4695 μονες.
1446 4627 1529 4680 ὅτι
1553 4626 1652 4690 τάς
1672 4626 1781 4679 τῶν

202 4709 442 4762 είδιώλων
472 4709 782 4778 ἐμπτώσεις
815 4713 1123 4785 δεχόμενος,
1153 4717 1210 4770 αἲ
1237 4716 1345 4771 τῶν
1376 4717 1586 4788 ὁρατῶν
1612 4719 1782 4790 ἀπορ-

204 4796 444 4867 ῥέουσιν,
483 4798 657 4863 οὕτως
684 4801 898 4873 ἐνεργεῖ
921 4804 1020 4873 τὴν
1050 4804 1171 4875 ὄψιν
1195 4808 1224 4860 6
1256 4807 1549 4879 ὀφθαλμός.
1574 4808 1776 4862 Τούτου

202 4892 365 4962 χάριν
396 4889 619 4954 ἔπαινος
646 4892 854 4959 γίνεται
880 4895 983 4965 τῆς
1009 4897 1118 4950 τῶν
1161 4898 1452 4970 ὀφθαλμῶν
1480 4901 1781 4973 εὐμορφίας

201 4983 263 5035 τὸ
284 4982 387 5052 τῆς
408 4985 739 5054 περιστερᾶς
766 4980 924 5051 εἶδος,
947 4988 1009 5041 τὸ
1030 4990 1151 5052 ταῖς
1174 4990 1363 5061 κόραις
1384 4993 1563 5045 αὐτῶν
1586 4996 1781 5063 ἐμφαι-

201 5073 450 5143 νόμενον.
480 5074 625 5143 Πρὸς
648 5074 677 5127 ὃ
706 5075 815 5147 γὰρ
845 5078 910 5131 ἀν
934 5096 1018 5141 τις
1046 5081 1349 5154 ὲνατενίσῃ,
1380 5076 1537 5137 τοῦτο
1567 5085 1782 5155 δέχεται

203 5163 264 5215 ὲν
290 5162 467 5232 ἑαυτῷ
502 5164 565 5216 τὸ
591 5166 863 5237 ὁμοίωμα.
899 5166 1052 5222 Ἐπεὶ
1079 5166 1171 5224 οὖν
1207 5172 1403 5243 μηκέτι
1433 5173 1570 5243 πρὸς
1604 5175 1781 5245 σάρκα

203 5255 301 5307 καὶ
329 5249 470 5324 αἷμα
502 5254 732 5324 βλέπων,
781 5257 918 5329 πρὸς
944 5259 1036 5314 τὸν
1082 5263 1449 5333 πνευματικὸν
1499 5264 1612 5334 βίον
1639 5267 1740 5336 ὁρᾷ
1761 5307 1775 5330 ,

203 5344 391 5409 καθώς
421 5364 583 5417 φησιν
609 5350 639 5401 6
674 5350 1013 5417 Ἀπόστολος,
1037 5353 1146 5417 ζῶν
1175 5354 1465 5425 πνεύματι,
1497 5356 1593 5409 καὶ
1619 5357 1779 5410 πνεύ-

207 5454 340 5507 ματι
374 5438 621 5508 στοιχῶν,
655 5441 748 5494 καὶ
769 5442 870 5506 τάς
887 5444 1116 5514 πράξεις
1136 5446 1230 5499 τοῦ
1251 5446 1501 5517 σώματος
1534 5448 1779 5502 θανατῶν

202 5528 284 5598 τῷ
316 5529 613 5600 πνεύματι,
640 5533 737 5585 καὶ
764 5534 884 5598 ὅλος
905 5534 975 5588 δι’
1006 5536 1128 5590 ὅλου
1158 5538 1526 5609 πνευματικὸς
1551 5540 1781 5610 γενόμε-

204 5635 316 5682 νος,
347 5620 410 5673 ού
440 5621 702 5693 ψυχικὸς,
738 5624 860 5680 οὐδὲ
893 5627 1175 5703 σάρκινος·
1212 5628 1399 5684 τούτου
1431 5630 1590 5704 χάριν
1634 5648 1777 5704 μαρ-

280 5733 326 5763 δθ
349 5731 524 5789 Galat.
548 5751 602 5801 v,
634 5736 698 5790 16
716 5751 838 5807 sqq.

1877 4534 2031 4601 Quod
2073 4533 2290 4603 quidem
2334 4534 2467 4587 mihi
2500 4533 2715 4586 videtur
2739 4532 2885 4586 hunc
2912 4549 3132 4589 sensum
3166 4536 3447 4601 indicare,

1875 4625 2315 4697 quandoquidem
2351 4624 2404 4678 in
2440 4624 2662 4693 pupillis
2687 4624 2972 4678 oculorum
3018 4638 3320 4681 cernuntur
3364 4628 3447 4681 fa-

1876 4719 1987 4772 cies
2015 4732 2207 4772 eorum
2242 4715 2334 4785 qui
2372 4714 2496 4770 ﬁxis
2531 4715 2818 4769 intuentur
2843 4717 3039 4770 oculis.
3078 4716 3274 4771 Dicunt
3303 4720 3447 4773 enim

1876 4810 1931 4863 hi
1962 4809 2055 4878 qui
2086 4816 2215 4863 sunt
2246 4806 2460 4878 praediti
2493 4806 2722 4861 scientia
2764 4805 3076 4876 hujusmodi
3122 4822 3302 4860 rerum
3350 4823 3449 4860 na-

1881 4901 2177 4966 turalium,
2227 4898 2373 4970 quod
2426 4898 2847 4953 simulacrorum
2901 4896 3246 4951 incursiones
3298 4898 3451 4951 exci-

1882 4993 2067 5063 piens,
2103 5007 2222 5062 qua:
2251 4997 2453 5045 exeunt
2482 5005 2547 5044 ex
2577 4988 2743 5043 rebus
2777 4988 3234 5057 aspectaliilibus,
3265 4988 3340 5042 ita
3369 4989 3452 5042 vi-

1884 5097 2003 5137 sum
2038 5081 2093 5134 in
2128 5079 2499 5149 operationem
2528 5076 2751 5131 deducit
2782 5076 2997 5132 oculus.
3040 5074 3154 5129 Hac
3188 5075 3255 5132 de
3286 5090 3452 5128 causa

1880 5172 2003 5225 laus
2034 5169 2315 5222 oculorum
2353 5164 2782 5236 pulchritudinis
2816 5173 2899 5219 est
2940 5163 3112 5218 forma
3146 5163 3449 5221 columbae.

1884 5278 2004 5332 qua:
2025 5266 2246 5330 apparet
2266 5258 2319 5311 in
2336 5271 2522 5311 eorum
2543 5256 2780 5324 pupillis.
2802 5253 2861 5308 ln
2880 5253 3023 5323 quod
3042 5254 3184 5307 enim
3204 5252 3455 5307 defixcrit

1884 5354 2073 5408 oculos
2093 5395 2107 5416 ,
2143 5350 2264 5420 ejus
2292 5350 2348 5404 in
2377 5363 2435 5404 se
2462 5347 2693 5416 suscipit
2716 5346 3153 5402 similitudinem.
3182 5344 3451 5410 Quoniam

1884 5461 2011 5518 ergo
2038 5444 2132 5516 qui
2167 5458 2273 5497 non
2303 5440 2537 5511 amplius
2568 5438 2765 5509 aspicit
2801 5438 2865 5492 ad
2891 5452 3113 5491 carnem
3147 5445 3201 5491 et
3233 5438 3456 5505 sangui‘

1887 5554 2045 5599 nem,
2102 5536 2170 5589 ad
2231 5535 2393 5590 vitam
2455 5531 2650 5601 aspicit
2702 5528 3076 5599 spiritualem,
3132 5528 3275 5582 sicut
3321 5527 3456 5581 dicit

1882 5627 2209 5701 Apostolus,
2240 5622 2554 5686 viviﬁcans,
2579 5620 2776 5692 spiritu
2811 5619 3099 5674 ambulans
3129 5618 3199 5684 "°,
3236 5624 3290 5673 et
3325 5632 3452 5673 cor-
