3846 6220
400 302 503 356 855

1631 304 1688 361 S.
1720 304 2048 362 GREGORII
2093 300 2382 357 NVSSENI

3539 287 3658 344 836

397 415 546 485 poris
607 415 852 470 actioncs
919 414 1116 484 spiritu
1191 415 1568 483 mortificans,
1627 428 1776 474 totus
1844 419 1958 474 ell‘e-

2076 421 2317 492 τυρεῖται
2337 421 2371 487 ή
2391 417 2491 487 τῆς
2516 412 2832 486 σωματικῆς
2858 409 3230 483 προσπαθείας
3251 404 3658 479 ἀντηλλαγμένη

397 519 520 563 ctus
543 507 878 578 spiritualis,
911 523 1020 561 non
1047 508 1324 571 animalis,
1357 526 1533 580 neque
1554 514 1792 566 carnalis
1817 530 1832 566 :
1868 513 1968 565 hac

395 602 464 657 de
490 616 657 656 causa
700 600 874 655 fertur
917 600 1294 654 testimonium
1341 602 1408 656 de
1451 605 1630 657 anima
1675 604 1905 658 liberata
1937 621 1966 658 a

395 693 669 762 corporali
695 691 1016 760 aﬂ'ectione,
1041 693 1188 762 quod
1218 693 1414 747 habeat
1441 696 1676 763 speciem
1703 697 1969 750 columbae

399 785 454 837 in
487 785 664 838 oculis
690 801 704 837 :
729 784 831 838 hoc
859 793 940 838 est
962 823 976 847 ,
1006 783 1154 854 quod
1180 783 1475 838 character
1505 786 1628 839 vita:
1663 786 1967 854 spiritualis

398 876 707 928 illustretur
754 874 1120 945 perspiciente
1159 874 1328 927 animi
1374 875 1650 931 facultate.
1697 876 1964 942 Quoniam

394 981 527 1038 ergo
557 981 726 1034 purus
759 965 938 1020 factus
963 975 1048 1020 est
1070 964 1192 1034 ejus
1218 966 1411 1019 oculus
1435 980 1603 1037 capax
1633 967 1967 1021 characteris

403 1059 671 1113 columba:
695 1097 710 1120 ,
751 1067 1035 1128 propterea
1072 1059 1124 1111 in
1158 1073 1276 1112 eam
1336 1059 1498 1112 etiam
1532 1059 1676 1112 cadit
1727 1067 1785 1112 ut
1813 1075 1966 1113 com-

403 1152 696 1222 templetur
725 1153 912 1222 sponsi
947 1151 1428 1222 pulchritudinem.
1463 1151 1618 1208 Nunc
1679 1153 1822 1207 enim
1857 1153 1967 1221 pri-

398 1259 546 1296 mum
576 1243 725 1313 virgo
753 1244 804 1296 in
839 1243 1027 1313 sponsi
1058 1241 1287 1297 formam
1319 1242 1552 1296 intendit
1582 1243 1798 1304 oculos.
1829 1257 1990 1312 quo—._

393 1335 537 1388 niam
567 1336 873 1389 columbam
909 1335 1141 1390 habebat
1172 1337 1226 1390 in
1259 1336 1457 1390 oculis.
1499 1335 1668 1388 Nemo
1699 1335 1838 1388 enim
1873 1349 1966 1402 po-

395 1435 492 1479 test
521 1427 692 1480 dicere
729 1427 1012 1480 Dominum
1039 1425 1225 1481 Iesum
1249 1468 1263 1490 ,
1304 1428 1511 1498 inquit,
1544 1427 1647 1481 nisi
1675 1427 1729 1480 in
1760 1425 1965 1494 Spiritu

392 1528 576 1572 sancto
592 1520 635 1549 “
663 1537 676 1572 :
708 1517 942 1572 ctdicit:
969 1517 1102 1572 Ecce
1122 1518 1335 1585 pulcher
1359 1535 1432 1584 es,
1451 1518 1705 1588 patruelis
1736 1524 1964 1582 meus,et

390 1609 678 1677 formosus.
709 1608 782 1663 Ex
805 1625 915 1679 quo
939 1610 1084 1664 enim
1113 1611 1248 1666 nihil
1271 1610 1420 1664 aliud
1445 1609 1574 1664 mihi
1600 1609 1816 1663 videtur
1840 1622 1964 1662 esse

2073 514 2237 582 ψυχὴ,
2267 513 2327 564 τὸ
2344 513 2442 580 τῆς
2473 509 2798 580 περιστερᾶς
2825 503 2964 568 εἶδος
2989 505 3047 558 ἐν
3067 506 3178 567 τοῖς
3209 504 3451 574 ὄμμασιν
3475 502 3656 570 ἐχειν,

2074 603 2318 656 τουτέστι
2346 601 2437 654 τὸν
2465 600 2788 670 χαρακτῆρα
2826 598 2923 666 τῆς
2961 593 3335 664 πνευματικῆς
3379 594 3523 662 ζωῆς
3573 591 3659 660 τῷ

2073 694 2366 767 διορατικῷ
2398 694 2496 764 τῆς
2534 691 2710 760 ψυχῆς
2757 686 3171 754 ἐναυγάζεσθαι.
3218 684 3371 738 Ἐπεὶ
3413 680 3505 736 οὖν
3558 683 3659 748 γέ-

2074 804 2199 855 γονε
2237 784 2477 854 καθαρὸς
2524 783 2553 834 ὁ
2589 780 2756 850 αὐτῆς
2800 776 3076 848 ὀφθαλμὸς
3116 775 3360 836 δεκτικὸς
3409 772 3504 826 τοῦ
3555 775 3660 842 τῆς

2076 878 2405 950 περιστερᾶς
2450 874 2830 946 χαρακτῆρος,
2875 866 2969 924 διὰ
3009 869 3170 924 τοῦτο
3209 869 3376 938 χωρεῖ
3410 869 3505 919 καὶ
3557 867 3658 918 τοῦ

2077 969 2314 1040 νυμφίου
2356 967 2417 1020 τὸ
2456 966 2648 1028 κάλλος
2696 961 3016 1018 θεάσασθαι.
3056 959 3172 1014 Νῦν
3218 961 3325 1028 γὰρ
3375 956 3660 1027 «panqu

2078 1059 2343 1133 παρθένος
2364 1055 2596 1119 ἀτενίζει
2619 1057 2686 1126 τῇ
2713 1053 2806 1108 τοῦ
2828 1052 3064 1125 νυμφίου
3082 1052 3284 1122 μορφῇ.
3303 1051 3388 1100 ὅτε
3410 1049 3533 1115 ἔσχε
3554 1048 3662 1118 τὴν

2065 1147 2400 1220 περιστερὰν
2416 1148 2474 1201 ἐν
2488 1149 2598 1210 τοῖς
2627 1146 2699 1216 ὅμ
2707 1162 2886 1216 μασιν.
2906 1144 3117 1210 Οὐδείς
3134 1144 3243 1213 γὰρ
3257 1142 3506 1196 δύναται
3529 1139 3580 1193 Κ
3592 1141 3659 1192 ὐ-

2059 1259 2199 1311 ριον
2235 1242 2470 1309 Ἰησοῦν
2504 1240 2715 1304 εἰπεῖν,
2746 1243 2798 1293 εί
2816 1239 2902 1310 μὴ
2929 1239 2999 1292 ἐν
3025 1239 3321 1307 Πνεύματι
3344 1237 3492 1304 ἁγίῳ
3514 1252 3528 1264 ·
3554 1236 3658 1288 καί

2066 1353 2248 1408 φησιν’
2267 1336 2410 1390 Ἰδοὺ
2425 1332 2482 1390 εἷ
2495 1336 2701 1403 καλὸς,
2717 1333 3037 1404 ἀδελφιὸός
3049 1352 3186 1404 μου,
3205 1333 3305 1387 καί
3324 1347 3390 1404 τε
3405 1332 3618 1398 ὡραῖος
3629 1371 3644 1384 .

2079 1429 2194 1498 Ἀφ’
2229 1423 2290 1483 οῦ
2332 1429 2440 1500 γάρ
2479 1428 2632 1482 οὐδὲν
2661 1429 2790 1483 ἄλλο
2822 1445 2911 1497 μοι
2945 1427 3108 1480 καλὸν
3137 1422 3278 1480 εἶναι
3323 1423 3492 1483 δοκεῖ.
3527 1425 3648 1476 ἀλλ’

2063 1520 2423 1592 ἀπεστράφην
2453 1521 2628 1574 πάντα
2657 1521 2758 1573 ὅσα
2784 1521 2844 1572 τὸ
2875 1519 3136 1590 πρότερον
3162 1519 3219 1570 ἐν
3246 1515 3432 1579 καλοῖς
3455 1513 3649 1583 ἐνομί-

2065 1606 2206 1673 ζετο,
2229 1607 2410 1660 οὐκέτι
2443 1623 2531 1677 μοι
2551 1606 2887 1676 πεπλάνηται
2909 1608 2942 1676 ἡ
2972 1606 3064 1658 τοῦ
3088 1605 3252 1658 καλοῦ
3277 1605 3479 1676 κρίσις,
3500 1601 3647 1659 ὥστε

390 1701 722 1772 pulchrum,
771 1703 865 1756 sed
910 1709 1192 1758 aversatus
1237 1717 1357 1758 sum
1407 1702 1590 1756 omnia
1638 1717 1760 1772 quae
1805 1709 1958 1756 antea

2063 1696 2191 1751 ἄλλο
2217 1714 2269 1750 τι
2302 1696 2451 1768 παρὰ
2481 1697 2540 1749 σὲ
2577 1696 2740 1750 καλὸν
2778 1695 3002 1749 οἴεσθαι·
3033 1697 3132 1748 οὐκ
3176 1695 3396 1758 ἔπαινός
3426 1712 3514 1758 τις
3543 1696 3632 1748 ἀνα

390 1793 784 1862 reputabantur
830 1794 884 1847 in
919 1793 1078 1849 bonis
1127 1807 1192 1848 ac
1246 1793 1529 1864 pulchris,
1564 1808 1672 1847 non
1727 1793 1958 1862 amplius

2065 1789 2355 1860 θρώπινος,
2394 1791 2453 1843 οὺ
2481 1789 2627 1856 δόξα,
2659 1791 2720 1842 οὐ
2751 1790 3094 1858 περιφάνεια,
3135 1791 3195 1841 ού
3221 1789 3459 1858 κοσμικὴ
3482 1786 3648 1840 δύνα-

390 1885 523 1938 mihi
553 1886 773 1940 aberrat
809 1886 876 1939 de
922 1885 1066 1939 bono
1101 1884 1409 1955 judicium,
1452 1893 1513 1940 ut
1553 1885 1758 1955 aliquid
1811 1885 1961 1940 aliud

388 1977 724 2032 exsistimem
761 1985 956 2046 prater
1004 1985 1054 2030 te
1099 1992 1224 2032 esse
1271 1978 1476 2031 bonum
1505 1992 1570 2032 ac
1619 1977 1960 2048 pulchrum:

387 2083 498 2121 non
554 2066 723 2119 ullum
787 2067 1049 2120 honorem
1115 2065 1451 2127 humanum,
1516 2081 1626 2119 non
1689 2066 1959 2136 gloriam,

387 2174 498 2214 non
525 2156 869 2228 Splendorem
911 2155 1246 2211 mundanum
1271 2195 1286 2220 ,
1329 2171 1438 2211 non
1472 2157 1788 2226 potentiam.
1836 2155 1962 2213 Haec

387 2251 535 2306 enim
584 2249 651 2304 iis
698 2250 792 2320 qui
839 2249 1114 2319 aspiciunt
1158 2248 1224 2303 ad
1275 2263 1536 2314 sensum,
1585 2249 1711 2302 boui
1743 2248 1961 2318 quidem

388 2341 570 2410 specie
611 2347 740 2394 sunt
779 2339 912 2393 illita
934 2381 958 2416 ,_
976 2340 1070 2395 sed
1101 2355 1209 2394 non
1241 2347 1372 2394 sunt
1400 2339 1454 2394 id
1488 2341 1633 2409 quod
1665 2348 1960 2410 putantur.

387 2429 673 2498 Quomodo
703 2430 849 2486 enim
882 2429 1047 2485 fuerit
1078 2431 1368 2500 pulchrum
1388 2470 1403 2494 ,
1437 2430 1583 2500 quod
1617 2431 1766 2484 nullo
1798 2431 1961 2484 modo

387 2521 688 2576 consistit?
715 2520 847 2574 Nam
869 2522 1015 2590 quod
1055 2521 1108 2574 in
1134 2520 1236 2575 hoc
1260 2519 1466 2575 mundo
1489 2528 1576 2576 est
1599 2520 1922 2575 honoratum
1944 2559 1960 2583 ,

388 2628 544 2668 suam
581 2611 742 2667 habet
762 2612 1056 2668 essentiam
1093 2611 1148 2666 in
1183 2613 1298 2667 sola
1326 2611 1727 2668 existimatione
1769 2624 1960 2666 eorum

385 2706 481 2774 qui
509 2719 634 2759 esse
669 2705 1004 2757 existimant.
1041 2701 1122 2756 Tu
1155 2710 1334 2758 autem
1365 2719 1496 2759 vere
1531 2703 1757 2774 pulcher
1792 2719 1807 2756 :
1851 2717 1959 2755 nou

387 2797 562 2851 solum
589 2796 835 2866 pulcher.
855 2795 948 2850 sed
975 2795 1088 2865 ipsa
1107 2795 1234 2850 boni
1262 2796 1500 2851 essentia
1525 2810 1740 2866 semper
1763 2794 1886 2849 talis
1900 2808 1962 2850 es

387 2887 612 2941 omnino
639 2885 690 2940 id
721 2886 863 2956 quod
894 2901 956 2942 es
982 2904 994 2940 :
1029 2901 1130 2941 nec
1164 2886 1219 2940 in
1249 2895 1489 2956 tempore
1516 2885 1715 2941 florens
1735 2926 1750 2951 ,
1784 2901 1882 2939 nec
1905 2884 1959 2938 in

387 2986 633 3048 tempore
682 2993 877 3034 rursus
927 2976 1117 3032 florem
1165 2978 1468 3048 abjiciens,
1527 2980 1621 3036 sed
1675 2995 1799 3035 cum
1839 2981 1961 3034 vitae

385 3065 691 3120 aternitate
716 3066 878 3121 simul
895 3065 1194 3122 extendens
1209 3066 1445 3135 speciem
1466 3081 1530 3120 ac
1551 3067 1804 3122 decorem
1830 3085 1844 3122 :
1871 3068 1956 3122 cui

2067 1901 2176 1954 μις.
2211 1883 2395 1936 Ταῦτα
2433 1881 2542 1952 γάρ
2583 1884 2694 1944 τοῖς
2742 1881 2876 1952 πρὸς
2908 1881 3006 1950 τὴν
3041 1880 3292 1948 αἴσθησιν
3329 1879 3646 1950 βλέπουσιν,

2063 1975 2464 2044 ἐπικέχρωσται
2494 1973 2593 2043 μὲν
2638 1974 2704 2043 τῇ
2734 1971 2828 2024 τοῦ
2869 1971 3032 2024 καλοῦ
3081 1971 3373 2041 φαντασίᾳ,
3419 1971 3482 2023 οὐ
3534 1972 3646 2040 μήν

2065 2068 2210 2119 ἐστιν
2237 2067 2369 2136 ὅπερ
2407 2064 2706 2135 νομίζεται.
2758 2063 2882 2127 Πῶς
2912 2064 3020 2134 γὰρ
3054 2063 3119 2116 ἄν
3160 2081 3213 2116 τι
3263 2062 3348 2132 είη
3394 2063 3580 2126 καλὸν,
3616 2061 3647 2114 ὃ

2067 2157 2201 2228 μηδὲ
2225 2158 2360 2220 ὅλως
2381 2156 2498 2210 ἐστι
2519 2156 2639 2210 καθ’
2666 2155 2993 2219 ὑπόστασινς
3023 2155 3096 2207 Τὸ
3117 2155 3225 2226 γὰρ
3262 2156 3320 2206 ἐν
3348 2153 3424 2223 τῷ
3449 2153 3648 2223 κόσμῳ

2064 2246 2238 2317 τούτῳ
2257 2263 2370 2300 τετι
2379 2263 2453 2316 μη
2461 2245 2643 2316 μένον,
2663 2246 2720 2297 ἐν
2749 2244 2885 2317 μόνῃ
2900 2247 2966 2315 τῇ
2991 2246 3162 2315 οἰήσει
3190 2242 3296 2296 τῶν
3315 2241 3646 2312 νομιζόντων

2064 2333 2224 2399 εἶναι,
2255 2337 2315 2389 τὸ
2339 2331 2476 2388 εἶναι
2507 2335 2638 2406 ἔχει.
2667 2335 2739 2388 Σὺ
2764 2335 2818 2387 δὲ
2844 2334 3060 2406 ἀληθῶς
3087 2331 3138 2386 εί
3162 2333 3344 2396 καλόςθ
3370 2333 3432 2385 οὑ
3480 2332 3646 2395 καλὸς

2063 2429 2119 2482 δὲ
2152 2429 2328 2499 μόνον,
2368 2427 2480 2480 ἀλλ’
2512 2429 2648 2499 αὐτῇ
2689 2431 2756 2499 τῇ
2790 2428 2883 2481 τοῦ
2919 2426 3082 2480 καλοῦ
3110 2426 3266 2496 οὐσίᾳ
3289 2426 3375 2479 ἀεὶ
3399 2423 3644 2488 τοιοῦτος

2066 2519 2348 2590 ὑπάρχων,
2376 2519 2606 2572 πάντοτε
2629 2518 2704 2571 ὣν
2739 2520 2874 2588 ὅπερ
2906 2515 2972 2571 εἷ’
3004 2515 3126 2570 οὔτε
3156 2517 3294 2570 κατά
3323 2516 3516 2586 καιρὸν
3546 2517 3646 2567 ἀν-

2063 2611 2193 2672 θῶν.
2241 2610 2363 2664 οῦτε
2410 2611 2502 2665 ἐπὶ
2545 2609 2736 2682 καιροῦ
2778 2611 2940 2664 πάλιν
2985 2608 3302 2662 ἀποϐάλλων
3350 2609 3414 2660 τὸ
3455 2607 3641 2670 ἄνθος

2067 2703 2200 2757 ἀλλὰ
2215 2705 2284 2773 ’τῇ
2314 2701 2575 2772 ἀῖδιότητι
2591 2701 2688 2770 τῆς
2705 2700 2852 2770 ζωῆς
2870 2718 2936 2752 συ
2945 2698 3324 2770 μπαρατείνων
3348 2698 3447 2767 τὴν
3466 2697 3643 2768 ὤραν*

2061 2786 2108 2860 ᾧ
2135 2792 2360 2862 ὄνομαή
2393 2789 2789 2858 φιλανθρωπία.
2835 2789 2893 2842 ’0
2926 2788 3031 2860 γὰρ
3061 2789 3120 2854 ἐξ
3158 2788 3329 2842 Ἰούδα
3352 2787 3646 2852 ἀνατείλας

2063 2886 2194 2955 ἡμῖν
2243 2883 2505 2953 Χριστὸς,
2550 2881 2778 2951 ἀδελφὸς
2823 2881 2882 2935 δέ
2922 2884 2952 2936 ὁ
3006 2882 3274 2936 Ἰουδαίων
3305 2881 3431 2944 λαὸς
3459 2879 3556 2934 τοῦ
3579 2881 3645 2945 ἐξ

2062 2972 2230 3024 ἐθνῶν
2257 2989 2337 3024 σοι
2368 2971 2705 3043 προσιόντος,
2735 2971 2918 3035 καλῶς
2943 2970 3033 3025 διά
3061 2971 3161 3042 τὴν
3194 2973 3252 3024 ἐν
3283 2973 3448 3044 σαρκὶ
3480 2989 3640 3041 γεγε-

2061 3065 2301 3136 νημένην
2327 3064 2422 3134 τῆς
2452 3062 2705 3135 θεότητός
2737 3081 2831 3117 σου
2863 3063 3189 3136 φανέρωσιν,
3231 3063 3510 3134 ἀδελφιδὸς
3538 3062 3643 3134 τῆς

387 3171 585 3211 nomen
616 3155 714 3210 fuit
745 3155 1052 3226 benignitas
1075 3162 1129 3210 et
1154 3145 1395 3210 charitas
1426 3156 1479 3209 in
1511 3156 1782 3211 homines.
1818 3157 1956 3211 Nam

2063 3135 2332 3226 ποθούσης
2362 3155 2784 3226 κατωνομάσθη.

385 3249 479 3318 qui
514 3264 578 3302 ex
616 3245 755 3301 Juda
791 3246 950 3301 nobis
988 3252 1144 3301 ortus
1183 3252 1270 3300 est
1310 3244 1569 3300 Christus
1599 3285 1616 3310 ,
1659 3254 1744 3300 est
1783 3254 1965 3301 autem
2037 3243 2298 3300 Judalcus
2351 3243 2587 3314 p0pulus
2615 3242 2784 3298 frater
2823 3244 2945 3313 ejus
2980 3243 3074 3313 qui
3117 3243 3185 3297 ad
3231 3250 3287 3297 te
3314 3242 3532 3298 accedit
3568 3259 3640 3297 ex

386 3341 642 3410 gentibus
675 3344 896 3407 propter
921 3337 999 3390 tui
1033 3336 1089 3390 in
1121 3349 1289 3391 carne
1322 3335 1522 3391 factam
1549 3335 2076 3402 manifestationem,
2103 3335 2307 3390 dicitur
2337 3337 2601 3405 patruelis
2633 3337 2754 3405 ejus
2778 3351 2900 3406 qua:
2929 3347 3100 3390 amat.
3191 3397 3196 3404 ,

457 3431 663 3486 Deinde
710 3429 1028 3500 subjungit,
1074 3428 1264 3485 Lectus
1297 3441 1476 3486 noster
1503 3431 1801 3484 umbrosus.
1839 3427 1954 3484 lloc

386 3531 505 3583 est.
538 3529 593 3575 te
625 3520 915 3590 c0gnovit,
961 3527 1056 3575 aut
1100 3531 1396 3592 cognoscet
1431 3521 1668 3575 humana
1722 3527 1954 3584 natura,

386 3611 702 3666 umbrosum
718 3609 908 3666 factum
925 3628 1020 3682 per
1031 3609 1515 3682 dispensationem.
1533 3607 1734 3668 Venisti
1771 3608 1914 3662 enim
1935 3646 1953 3673 ,

386 3701 598 3772 inquit,
623 3707 679 3752 tu
708 3699 936 3769 pulcher
965 3707 1019 3754 et
1047 3700 1287 3757 decorus
1317 3699 1580 3768 patruelis
1608 3714 1763 3755 meus
1788 3700 1853 3754 ad
1879 3700 1958 3754 le-

384 3801 534 3846 ctum
555 3798 803 3844 nostrum
828 3787 1004 3844 factus
1033 3789 1346 3844 umbrosus.
1373 3788 1490 3844 Nisi
1517 3789 1663 3844 enim
1689 3789 1804 3858 ipse
1826 3791 1959 3858 teip-

383 3876 506 3939 siim
536 3881 961 3945 obumbrasses,
996 3881 1124 3935 dum
1161 3896 1260 3950 per
1297 3882 1442 3936 servi
1482 3881 1712 3935 formam
1745 3895 1954 3936 merum

385 3976 596 4029 radium
626 3972 929 4028 divinitatis
951 3972 1214 4027 obvelasti
1231 4012 1248 4037 ,
1272 3973 1396 4043 quis
1423 3981 1572 4027 tuam
1601 3972 1958 4027 sustinuisset

383 4065 826 4138 appetitionem?
870 4063 1065 4120 Nullus
1115 4065 1261 4120 enim
1309 4080 1550 4135 unquam
1622 4064 1830 4119 videbit
1876 4064 1958 4118 fa-

382 4159 522 4214 ciem
553 4157 799 4220 Domini,
830 4165 885 4212 et
911 4157 1056 4211 vivet
1085 4155 1152 4211 “.
1185 4154 1400 4211 Venisti
1447 4171 1580 4226 ergo
1626 4155 1955 4226 speciosus,

383 4250 477 4305 sed
508 4250 633 4302 talis
662 4247 889 4311 enectus
924 4255 982 4301 ut
1011 4257 1064 4302 te
1086 4261 1376 4316 possemus
1406 4248 1710 4318 suscipere.
1739 4245 1955 4302 Venisti

382 4341 721 4396 adumbratis
751 4339 921 4394 radiis
947 4337 1256 4393 divinitatis
1280 4338 1657 4409 integumento
1681 4339 1953 4408 corporis.

381 4429 849 4498 Quemadmodum
899 4429 1044 4484 enim
1097 4427 1368 4497 potuisset
1419 4427 1670 4482 mortalis
1723 4436 1952 4492 natura,

380 4529 435 4576 et
464 4522 517 4574 in
547 4534 712 4587 quam
743 4517 890 4573 cadit
920 4517 1177 4572 interitus
1197 4559 1214 4582 ,
1259 4516 1520 4588 conjungi
1567 4532 1692 4572 cum
1735 4532 1798 4572 ea
1835 4530 1957 4587 quae

383 4609 625 4665 interitui
650 4609 874 4662 minime
902 4617 988 4662 est
1019 4607 1350 4671 obnoxia,et
1377 4606 1445 4660 ad
1475 4621 1640 4677 quam
1671 4621 1778 4661 non
1808 4614 1956 4676 patet

2125 3426 2260 3484 Εἶτα
2290 3430 2536 3500 ἐπήγαγε
2557 3472 2572 3497 ,
2596 3430 2947 3499 Προσκλίνη
2974 3429 3144 3498 ἡμῶν
3161 3429 3441 3496 σύσκιος.
3466 3430 3642 3484 Τουτ-

2057 3517 2227 3584 έστιν,
2261 3519 2400 3588 ἐγνω
2429 3537 2488 3573 σε
2508 3560 2522 3586 ,
2554 3522 2672 3591 ἦτοι
2713 3520 2982 3590 γνώσεται
3025 3521 3058 3591 ἡ
3093 3521 3408 3592 ἀνθρωπίνη
3438 3520 3603 3590 φύσις
3622 3563 3640 3585 ,

2057 3607 2277 3663 σύσκιον
2309 3613 2378 3681 τῇ
2407 3612 2686 3682 οἰκονομίᾳ
2716 3611 3029 3683 γενόμενον.
3055 3608 3258 3676 *Ηλθες
3284 3611 3397 3684 γὰρ
3420 3614 3508 3673 σὺ.
3542 3631 3644 3683 φη·

2058 3701 2163 3764 σὶν,
2200 3703 2229 3754 ὁ
2255 3701 2438 3765 καλὸς,
2487 3703 2516 3755 ὁ
2559 3703 2870 3774 ἀδελφιδὺς,
2901 3705 2931 3756 ό
2966 3705 3196 3775 ὡραῖος.
3227 3704 3450 3777 πρὸςτῇ
3480 3705 3644 3779 κλίνῃ

2056 3790 2215 3861 ἡμῶν
2263 3793 2483 3857 σύσκιος
2531 3794 2834 3864 γενόμενος.
2877 3796 2941 3848 Εἰ
2983 3795 3093 3868 γὰρ
3150 3796 3227 3866 μὴ
3276 3798 3644 3861 συνεσκίασας

2055 3881 2215 3945 αὐτὸς
2243 3881 2456 3947 ἑαυτὸν,
2482 3883 2581 3954 τὴν
2605 3885 2842 3956 ἄκρατον
2873 3885 2974 3956 τῆς
2988 3887 3240 3957 θεότητος
3273 3889 3467 3941 ἀκτῖνα
3493 3907 3637 3957 συγ-

2057 3971 2304 4036 καλύψας
2349 3977 2417 4046 τῇ
2455 3975 2549 4028 τοῦ
2587 3976 2774 4030 δούλου
2827 3980 3032 4048 μορφῇ,
3070 3979 3156 4041 τίς
3185 3979 3252 4034 ἂν
3301 3981 3511 4050 ὑπέστη
3542 3981 3643 4035 σοῦ

2056 4063 2154 4134 τὴν
2180 4065 2511 4135 ἐμφάνειαν;
2543 4067 2730 4131 Οὐδεὶς
2773 4067 2881 4137 γὰρ
2921 4068 3108 4137 ὄψεται
3142 4069 3436 4139 πρόσωπον
3461 4071 3601 4124 Θεοῦ
3622 4112 3640 4134 ,

2055 4154 2151 4206 καὶ
2179 4154 2423 4225 ζήσεται.
2451 4150 2655 4217 Ἦλθες
2684 4157 2867 4210 τοίνυν
2887 4157 2916 4209 ὁ
2935 4156 3158 4228 ὡραῖος,
3187 4158 3301 4211 ἀλλ’
3330 4159 3407 4222 ὼς
3431 4159 3644 4230 χωροῦ-

2059 4261 2160 4314 μεν
2191 4244 2481 4312 δέξασθαι,
2507 4246 2748 4310 τοιοῦτος
2790 4248 3102 4318 γενόμενος.
3139 4243 3342 4312 Ἦλθες
3381 4249 3484 4312 τὰς
3535 4250 3644 4319 τῆς

2056 4334 2310 4405 θεότητος
2345 4336 2567 4400 ἀκτῖνας
2595 4339 2660 4408 τῇ
2692 4336 2951 4408 περιϐολῇ
2987 4338 3286 4403 συσκιάσας
3318 4337 3414 4391 τοῦ
3445 4339 3641 4409 σώμα-

2053 4442 2164 4488 τος.
2197 4426 2321 4490 Πῶς
2348 4426 2452 4497 γὰρ
2481 4426 2547 4481 ἂν
2579 4427 2826 4499 ἐχώρησε
2860 4428 3029 4500 θνητὴ
3063 4431 3157 4482 καὶ
3178 4430 3443 4501 ἐπίκηρος
3473 4431 3643 4498 φύσις

2053 4520 2119 4587 τῇ
2150 4518 2410 4590 ἀκηράτῳ
2445 4521 2540 4572 καὶ
2568 4520 2847 4591 ἀπροσίτῳ
2892 4521 3125 4592 συζυγίᾳ
3163 4522 3639 4594 συναρμοσθῆναι,

2055 4613 2104 4666 εἰ
2151 4613 2225 4683 μὴ
2251 4614 2362 4676 τοῖς
2387 4615 2444 4665 ἐν
2479 4613 2658 4667 σκότει
2681 4613 2847 4678 ζῶσιν
2871 4616 3003 4686 ἡμῖν
3026 4617 3059 4686 ἡ
3094 4615 3223 4668 σκιά
3242 4616 3339 4668 τοῦ
3376 4615 3640 4686 σώματος

381 4700 593 4762 aditus.
644 4698 751 4752 nisi
793 4697 952 4752 nobis
995 4697 1311 4752 viventibus
1351 4695 1407 4750 in
1438 4696 1716 4763 tenebris,
1753 4698 1946 4751 umbra

2063 4698 2188 4768 πρὸς
2202 4699 2260 4750 τὸ
2281 4699 2395 4766 φῶς
2416 4701 2733 4770 ἐμεσίτευσε
2755 4719 2770 4767 ;
2795 4703 2999 4775 κλίνην
3017 4704 3075 4756 δὲ
3095 4704 3349 4774 ὀνομάζει
3363 4709 3397 4776 ἠ
3421 4705 3637 4777 νύμφη,

380 4791 630 4862 corporis
679 4790 875 4844 fuisset
923 4787 1211 4857 interjecta
1265 4787 1409 4843 inter
1459 4788 1683 4842 lucem?
1731 4786 1950 4842 Lectum

2063 4791 2112 4858 τῇ
2141 4791 2374 4860 τροπικῇ
2401 4791 2646 4863 σημασίᾳ
2665 4792 2766 4862 τὴν
2782 4793 2918 4864 πρὸς
2945 4794 3004 4846 τὸ
3027 4794 3181 4848 Θείον
3211 4796 3516 4866 ἀνάκρασιν
3538 4799 3641 4868 τῆς

379 4888 560 4936 autem
608 4881 854 4932 nominat
888 4893 1126 4946 sponsa,
1177 4878 1389 4948 tropica
1427 4876 1828 4946 significatione
1862 4879 1951 4931 in-

378 4974 686 5037 terpretans
728 4965 978 5019 humanae
1020 4973 1232 5020 natura:
1261 4981 1388 5020 cum
1420 4965 1603 5020 divina
1637 4974 1950 5036 contempe-

378 5059 669 5113 rationem.
702 5057 986 5123 Quomodo
1019 5057 1184 5112 etiam
1228 5073 1460 5128 magnus
1506 5057 1800 5128 Apostolus
1850 5059 1942 5113 de-

377 5143 608 5216 spondet
635 5159 736 5199 nos
767 5145 1033 5214 virginem
1081 5145 1342 5213 Christo,
1388 5147 1742 5218 animamque
1788 5155 1950 5202 ornat

374 5246 636 5307 tanquam
687 5251 982 5310 sponsam,
1021 5247 1076 5291 et
1111 5238 1347 5292 duorum
1385 5239 1833 5308 conjunctionem
1879 5242 1949 5295 ad

375 5328 542 5382 unius
567 5328 815 5398 corporis
844 5327 1103 5382 unionem
1139 5343 1398 5398 magnum
1429 5327 1564 5383 dicit
1587 5343 1712 5384 esse
1741 5337 1948 5396 myste-

373 5418 517 5473 rium
549 5432 612 5472 ac
641 5430 1046 5474 sacramentum
1089 5420 1314 5474 unionis
1343 5418 1550 5475 Christi
1591 5434 1716 5474 cum
1763 5420 1950 5475 Eccle-

375 5509 476 5564 sia.
517 5507 651 5564 Cum
687 5511 831 5564 enim
862 5509 1134 5570 dixisset.
1174 5509 1349 5564 Erunt
1391 5510 1496 5564 duo
1538 5512 1593 5564 in
1626 5527 1786 5565 unam
1827 5528 1949 5565 car-

375 5614 523 5664 nem,
547 5599 830 5670 subjungit
853 5616 868 5654 :
897 5599 1297 5656 Sacrameutum
1321 5600 1417 5654 hoc
1442 5617 1689 5671 magnum
1713 5611 1823 5668 est;
1850 5619 1942 5673 ego

443 5726 490 5760 “
522 5726 698 5784 lCor.
738 5743 838 5796 xu,
869 5731 926 5788 3.
1000 5730 1046 5764 "
1072 5729 1243 5788 Exod.
1284 5749 1479 5801 χχχιιι,
1515 5733 1604 5790 20.

2046 4878 2395 4949 ἀνθρωπίνης
2444 4879 2659 4947 φύσεως
2689 4881 3090 4952 ἐρμηνεύουσα.
3133 4883 3222 4946 Ὠς
3267 4884 3361 4936 καὶ
3400 4885 3430 4936 ὁ
3460 4885 3641 4953 μέγας

2059 4969 2378 5032 ’Δπόστολος
2433 4971 2733 5041 ἁρμόζεται
2786 4971 2865 5044 τῷ
2917 4971 3141 5044 Χριστῷ
3203 4974 3304 5045 τῆν
3358 4975 3641 5046 παρθένον

2046 5061 2212 5130 ἡμᾶς,
2245 5061 2339 5113 καὶ
2361 5062 2718 5132 νυμφοστολεῖ
2745 5065 2844 5134 τὴν
2870 5065 3071 5135 ψυχὴν,
3100 5066 3194 5119 καὶ
3225 5066 3322 5137 τὴν
3359 5066 3639 5136 προσκόλ-

2051 5150 2206 5222 λησιν
2232 5151 2342 5205 τῶν
2381 5153 2475 5206 δύο
2503 5156 2582 5217 είς
2624 5155 2742 5217 ἐνὸς
2777 5155 3028 5226 σώματος
3057 5156 3345 5209 κοινωνίαν
3390 5156 3452 5208 τὺ
3489 5157 3639 5226 μέγα

2055 5242 2348 5314 μυστήριον
2391 5238 2530 5297 εἶναι
2573 5243 2722 5312 λέγει
2772 5245 2873 5314 τῆς
2911 5243 3006 5298 τοῦ
3051 5245 3290 5316 Χριστοῦ
3343 5245 3481 5315 πρὸς
3533 5246 3640 5318 τὴν

2061 5332 2388 5404 Ἐκκλησίαν
2413 5333 2682 5399 ἐνὼσεως.
2701 5335 2887 5389 Εἰπὼν
2903 5336 3013 5408 γὰρ
3031 5338 3116 5391 ὅτι
3144 5338 3428 5390 Ἔσονται
3447 5337 3502 5389 οι
3521 5336 3636 5389 δύο

2049 5427 2134 5490 εὶς
2158 5425 2355 5492 σάρκα
2384 5428 2550 5495 μίαν,
2569 5429 2870 5498 ἐπήγαγεν·
2895 5429 2979 5481 ὃτι
3001 5431 3072 5481 Τὸ
3085 5427 3428 5497 μυστήριον
3452 5427 3636 5481 τοῦτο

2048 5517 2201 5586 μέγα
2232 5519 2426 5572 ἐστίν·
2456 5519 2570 5589 ἐγὼ
2591 5519 2658 5572 δὲ
2683 5519 2836 5590 λέγω
2866 5523 2954 5587 είς
2982 5520 3244 5589 Χριστὸν
3281 5518 3378 5572 καί
3403 5521 3491 5583 είς
3520 5519 3637 5584 τὴν

2066 5611 2452 5678 Ἐκκλησίαν.
2481 5612 2578 5667 Διά
2591 5611 2751 5666 τοῦτο
2771 5613 2950 5668 τοίνυν
2969 5613 3030 5666 τὸ
3045 5613 3364 5684 μυστήριον,
3382 5610 3578 5681 κλίνην
3600 5612 3637 5681 ἡ
