3846 6220
194 311 308 366 857

1149 308 1218 364 IN
1256 309 1554 365 CANTICA
1594 307 1866 366 CANTIC.
1901 309 2183 366 IIOMILIA
2223 309 2312 366 IV.

3336 308 3446 366 838

190 401 463 474 παρθένος
477 402 622 473 ψυχὴ
646 401 764 473 ,τὴν
786 401 921 474 πρὸς
947 401 1008 456 τὸ
1030 402 1182 456 Θεῖον
1205 403 1488 456 κοινωνίαν
1507 402 1754 472 ὠνόμασε

1882 413 2055 456 autem
2081 403 2198 457 dico
2222 406 2275 457 in
2294 403 2506 458 Christo
2527 412 2574 457 et
2604 401 2840 458 Ecclesia
2866 403 2931 458 ⁸³.
2956 403 3178 474 Propter
3194 403 3298 460 hoc.
3317 421 3450 475 ergo

189 494 414 566 Ταύτην
438 495 496 548 δὲ
526 495 624 547 οὐκ
648 493 822 558 ἄλλως
843 489 910 564 ἦν
948 494 1171 547 δυνατὸν
1193 495 1467 563 γενέσθαι,
1499 495 1546 546 εἰ
1579 494 1654 564 μὴ
1684 493 1773 545 διὰ

187 586 290 640 τοῦ
309 603 529 639 σύσκιον
550 587 685 656 ἡμῖν
709 585 799 640 διὰ
820 585 913 638 τοῦ
938 584 1184 654 σώματος
1213 585 1544 654 ἐπιφανῆναι
1558 584 1648 637 τὸν
1669 582 1774 636 Κύ-

187 695 333 749 ριον.
358 679 455 739 ὐς
475 677 538 729 οὐ
562 677 797 747 νυμφίος
818 675 998 746 μόνον,
1017 675 1154 729 ἀλλὰ
1169 678 1262 729 καὶ
1281 676 1560 745 οἰκοδόμος
1599 676 1771 739 ἐστὶν,

185 769 357 832 αὐτὸς
392 769 452 822 ἐν
476 769 612 838 ἡμῖν
642 767 736 821 καὶ
758 767 1080 836 τεχνιτεύων
1098 767 1190 822 τὸν
1207 761 1378 829 οἷκον,
1396 765 1490 819 καὶ
1505 767 1632 838 ὅλης
1648 769 1772 839 ⁶τῆς

184 860 388 929 τέχνης
409 859 711 929 γινόμενος.
733 860 966 931 Ὀροφον
980 859 1088 931 γὰρ
1107 860 1386 914 ἐπιϐάλλει
1416 861 1494 932 τῷ
1512 862 1664 931 οῐκῳ,
1685 861 1772 914 διά

185 947 293 1016 τῆς
325 947 570 1018 ἀσήπτου
609 945 742 1017 ὕλης
767 946 1124 1012 καλλωπίζων
1149 949 1210 1002 τὸ
1236 949 1396 1018 ἔργον
1415 966 1429 980 ·
1452 949 1676 1020 τοιαύτη
1713 951 1770 1003 δέ

187 1039 344 1090 ἐστιν
365 1039 398 1107 η
416 1034 605 1108 κέδρος
623 1039 718 1090 καὶ
736 1041 769 1109 ἡ
789 1039 1150 1110 κυπάρισσος,
1167 1034 1242 1094 ὧν
1262 1043 1291 1094 ὁ
1320 1041 1635 1112 ἐγκείμενος
1656 1044 1771 1105 τοῖς

188 1129 375 1193 ξύλοις
397 1129 570 1193 τόνος,
603 1131 784 1201 πάσης
812 1132 1082 1203 σηπτικῆς
1106 1133 1285 1196 αἰτίας
1313 1133 1575 1202 κρείττων
1600 1134 1766 1196 ἐστὶν,

184 1220 255 1272 οὐ
289 1219 470 1290 χρόνῳ
513 1219 699 1284 εἴκων,
735 1222 797 1273 ού
833 1221 1002 1292 σῆτας
1036 1221 1207 1290 φύων,
1241 1225 1340 1276 οὐκ
1389 1223 1586 1295 εύρῶτι
1618 1223 1770 1292 φθει-

187 1313 441 1382 ρόμενος.
500 1312 596 1365 Ἑκ
636 1311 840 1364 τούτων
873 1312 1058 1382 κέδροι
1087 1312 1208 1384 μὲν,
1239 1314 1326 1366 διὰ
1371 1313 1432 1366 τὺ
1477 1315 1767 1385 ἐπιμήκεις

180 1397 350 1463 εἶναι,
376 1402 443 1454 τὰ
463 1401 642 1471 πλάτη
667 1400 760 1454 τοῦ
783 1401 934 1454 οἴκου
963 1401 1044 1473 τῷ
1068 1402 1250 1474 ὀρόφῳ
1274 1403 1729 1473 διαλαμϐάνουσιν
1748 1420 1762 1434 ⁸

180 1495 238 1544 αἱ
275 1493 333 1546 δὲ
367 1494 698 1564 κυπάρισσοι
727 1492 814 1545 διὰ
838 1493 937 1561 τῆς
968 1491 1266 1565 λεγομένης
1290 1493 1636 1563 φατνώσεως,
1667 1495 1766 1565 τὴν

177 1583 398 1637 ἔνδοθεν
424 1583 516 1636 τοῦ
544 1584 694 1637 οῐκου
726 1583 1070 1655 κατασκευὴν
1099 1586 1450 1656 ώραῖζουσιν.
1520 1586 1674 1656 Ἔχει
1711 1587 1769 1642 δὲ

178 1675 216 1744 ἠ
251 1673 399 1738 λέξις
427 1674 601 1739 οὕτως
621 1691 634 1702 ·
690 1675 862 1729 Δοκοί
882 1675 1065 1728 οἴκων
1087 1676 1256 1746 ἡμῶν
1285 1677 1504 1746 κέδροι.
1543 1677 1766 1745 Φατνή·

1876 504 2314 555 sacramentum,
2363 494 2563 547 lectum
2596 493 2778 546 anima
2804 495 2958 564 virgo
2991 495 3294 548 nominavit
3321 511 3448 548 cum

1874 579 1986 635 Deo
2006 582 2448 650 conjunctionem
2475 596 2540 636 ac
2561 581 2897 636 societatem.
2927 583 3068 636 Fieri
3099 593 3279 638 autem
3309 585 3449 638 bene

1873 685 1980 722 non
2014 678 2227 740 poterat
2261 678 2318 722 ut
2368 684 2429 724 ea
2460 677 2638 737 esset,
2683 670 2786 723 nisi
2834 685 2930 741 per
2960 671 3063 724 hoc
3089 671 3235 740 quod
3267 671 3451 725 Domi-

1872 777 1978 817 nus
2012 763 2302 818 umbrosus
2337 779 2433 832 per
2462 780 2662 834 corpus
2693 764 2852 819 nobis
2886 767 3159 834 apparuit.
3197 767 3300 832 Qui
3337 781 3448 821 non

1872 854 2049 908 solum
2073 862 2158 909 est
2183 870 2422 924 sponsus
2445 895 2460 916 ,
2487 855 2584 910 sed
2608 857 2771 910 etiam
2807 857 2923 927 ipse
2945 858 3247 912 aediﬁcator
3271 859 3324 912 in
3349 873 3449 912 no-

1872 945 1958 1000 bis
1989 945 2094 999 fuit
2125 947 2356 1014 domus,
2391 956 2444 1001 et
2477 946 2673 1002 domus
2704 949 3040 1005 architectus
3075 959 3130 1003 et
3162 951 3299 1003 artis
3331 966 3446 1003 ma-

1869 1039 2026 1092 teria.
2077 1036 2303 1092 Tectum
2345 1038 2492 1093 enim
2541 1039 2769 1108 imponit
2810 1040 3019 1103 domui,
3063 1056 3202 1110 opus
3241 1057 3446 1096 ornans

1869 1144 1965 1198 per
1990 1129 2271 1183 materiam
2297 1145 2418 1200 qua:
2439 1132 2627 1201 nequit
2655 1131 2964 1202 putrefieri;
2994 1133 3118 1186 talis
3149 1140 3233 1186 est
3261 1141 3442 1186 autem

1868 1218 2064 1272 cedrus
2107 1228 2166 1290 et
2195 1234 2510 1288 cupressus,
2547 1236 2778 1290 quarum
2812 1221 2986 1276 virtus
3014 1238 3135 1291 qua:
3183 1220 3326 1276 inest
3375 1221 3441 1273 li-

1866 1292 2011 1378 gnis,
2045 1319 2128 1365 est
2158 1311 2431 1380 potentior
2460 1315 2652 1382 quavis
2675 1327 2841 1368 causa
2872 1313 3306 1384 putrefactionis,
3334 1327 3440 1365 non

1867 1404 2099 1471 tempori
2142 1403 2368 1469 cedens,
2423 1421 2530 1458 non
2587 1407 2762 1459 tineas
2810 1419 3125 1473 procreans,
3177 1420 3286 1457 non
3331 1404 3440 1458 situ

1865 1491 2090 1546 Veniens
2113 1493 2178 1546 ad
2210 1493 2510 1546 interitum.
2547 1491 2622 1546 Ex
2651 1493 2759 1555 his,
2790 1491 2964 1552 cedri,
2989 1499 3273 1560 preptcrea
3295 1489 3440 1559 quod

1866 1589 1994 1636 sunt
2021 1597 2279 1651 procera},
2323 1584 2662 1638 latitudinem
2711 1584 2907 1636 domus
2961 1591 3106 1636 tecto
3147 1591 3438 1650 occupant.
3518 1617 3521 1620 -

1864 1675 2124 1745 Cupressi
2149 1685 2328 1731 autem
2353 1693 2449 1747 per
2471 1691 2533 1731 ea
2557 1692 2678 1746 quae
2699 1675 2958 1729 dicuntur
2982 1673 3281 1743 laquearia,
3311 1679 3440 1727 sunt

171 1779 342 1830 ματα
373 1762 544 1830 ἡμῶν
567 1765 968 1833 κυπάρισσος.
1011 1768 1236 1830 Πάντως
1266 1767 1321 1820 δὲ
1361 1768 1428 1821 τὰ
1461 1767 1756 1839 δηλούμενα

1865 1766 2048 1822 decori
2095 1767 2322 1822 internae
2365 1769 2548 1838 operis
2591 1765 3010 1822 constructioni.
3047 1764 3308 1819 Dictionis
3343 1780 3440 1818 au—

174 1852 270 1906 διά
293 1853 401 1906 τῶν
425 1853 598 1919 ξύλων
621 1855 938 1926 αἰνίγματα,
969 1859 1179 1929 φανερά
1203 1861 1316 1921 τοῖς
1332 1859 1762 1914 ἐπακολουθοῦσι

172 1945 257 2013 τῷ
291 1943 466 2016 είρμῷ
507 1945 608 2016 τῆς
638 1946 877 2011 διανοίας
909 1948 1078 2004 ἐστίν.
1122 1949 1332 2020 Βροχὴν
1365 1951 1623 2018 ὀνομάζει
1664 1953 1762 2016 τάς

173 2036 433 2100 ποικίλας
457 2039 564 2091 τῶν
593 2039 917 2110 πειρασμῶν
945 2039 1249 2110 προσϐολὰς
1274 2043 1333 2094 ἐν
1349 2041 1426 2112 τῷ
1448 2043 1763 2114 Εὑαγγελίῳ

169 2127 203 2180 ό
237 2126 469 2198 Κύριος,
519 2129 696 2198 λέγων
738 2130 832 2182 ἐπὶ
858 2130 954 2184 τοῦ
988 2131 1170 2196 καλῶς
1198 2133 1298 2202 τὴν
1329 2132 1506 2186 οἰκίαν
1537 2135 1631 2186 ἐπὶ
1662 2135 1761 2204 τὴν

172 2220 390 2291 πέτραν
423 2220 908 2292 οἰκοδομήσαντος,
943 2223 1026 2276 ὅτι
1063 2222 1293 2292 Κατέϐη
1327 2225 1367 2292 ὴ
1395 2224 1596 2294 ,ϐροχὴ
1619 2269 1634 2292 ,
1662 2227 1761 2280 καὶ

167 2312 493 2365 ἔπνευσαν
531 2315 587 2366 οι
623 2313 865 2383 ἄνεμοι,
897 2315 996 2368 καὶ
1029 2311 1224 2386 ἦλθον
1257 2317 1312 2368 οἰ
1344 2317 1629 2386 ποταμοὶ,
1661 2319 1762 2372 καί

169 2405 410 2470 ἀπαθὲς
430 2405 665 2476 ἔμεινεν
699 2406 769 2460 ἐν
789 2408 1021 2474 τούτοις
1043 2409 1107 2462 τὸ
1129 2408 1518 2478 οἰκοδόμημα.
1543 2411 1760 2484 Ταύτης

167 2493 269 2551 οὖν
328 2496 513 2551 ἕνεκεν
557 2498 657 2568 τῆς
695 2499 870 2570 κακῆς
915 2499 1252 2572 ἐπομϐρίας,
1292 2503 1452 2573 χρεία
1504 2503 1759 2556 τοιούτων

173 2591 320 2660 ⁴ἡμῖν
353 2591 469 2642 ἐστι
498 2589 691 2643 δοκῶν.
725 2584 894 2644 Αὗται
923 2590 967 2643 δ’
993 2589 1060 2644 ἂν
1092 2586 1203 2644 εἶεν
1223 2592 1282 2644 αἰ
1313 2593 1528 2663 ἀρεταὶ,
1569 2594 1626 2646 αἳ
1659 2593 1758 2658 τὰς

168 2681 286 2733 τῶν
320 2679 642 2750 πειρασμῶν
684 2679 945 2752 ἐπιῤῥοάς
977 2681 1128 2745 ἐντὸς
1167 2682 1379 2736 ἑαυτῶν
1414 2683 1476 2736 ού
1505 2685 1760 2754 προσίεν-

168 2789 304 2836 ται,
338 2769 562 2841 οτερῤαί
605 2786 665 2823 τε
704 2765 859 2824 οὖσαι
908 2771 1002 2824 καὶ
1033 2771 1324 2836 ἀνένδοτοι,
1364 2774 1459 2828 καὶ
1512 2775 1574 2828 τὸ
1621 2775 1757 2846 πρὸς

168 2862 378 2916 κακίαν
410 2861 722 2932 ἀμάλακτον
751 2863 809 2915 ἐν
854 2864 968 2926 τοίς
1003 2867 1328 2935 πειρασμοῖς
1371 2866 1753 2932 διασώζουσαι.

166 2954 462 3024 Μάθοιμεν
494 2954 542 3008 δ’
595 2954 663 3008 ἀν
707 2954 770 3008 τὸ
805 2953 1117 3026 λεγόμενον,
1167 2957 1267 3026 τὴν
1312 2959 1370 3012 ἐν
1406 2957 1485 3029 τῷ
1530 2961 1757 3033 Ἐκκλη-

166 3048 372 3116 σιαστῇ
405 3045 562 3116 ῥῆσιν
599 3045 677 3116 τῷ
704 3046 1049 3117 προκειμένῳ
1083 3047 1558 3115 συνεξετάσαντες.
1612 3054 1757 3106 Ἐκεῖ

1865 1865 1972 1911 tem
2022 1858 2092 1910 ita
2130 1858 2292 1913 habet
2319 1867 2611 1912 contextus
2643 1875 2662 1912 :
2700 1857 2896 1911 Trabes
2930 1856 3207 1910 domorum
3231 1864 3440 1909 nostra-

1864 1963 1980 1999 rum
2011 1946 2174 2002 cedri.
2209 1946 2506 2017 Laquearia
2547 1959 2733 2002 nostra
2775 1949 3033 2017 cupressi.
3076 1946 3209 2013 Quae
3253 1955 3438 2001 autent

1864 2054 1962 2107 per
1987 2039 2132 2109 ligna
2167 2040 2544 2111 significantur
2570 2040 2883 2110 mnigmata,
2909 2046 3040 2094 sunt
3062 2041 3225 2108 plane
3256 2039 3435 2092 mani-

1861 2127 2001 2182 festa
2031 2129 2098 2182 iis
2137 2129 2228 2199 qui
2263 2145 2458 2185 sensus
2487 2137 2907 2200 consequuntur
2941 2129 3162 2184 seriem.
3202 2127 3434 2182 lmbrem

1860 2229 2016 2275 vocat
2042 2220 2299 2277 Dominus
2316 2223 2370 2276 in
2388 2223 2694 2292 Evangeliis
2715 2223 2898 2277 varios
2917 2222 3153 2276 insultus
3170 2222 3432 2276 tentatio-

1861 2329 2012 2375 num,
2039 2313 2226 2368 dicens
2247 2313 2313 2368 de
2338 2328 2400 2368 eo
2432 2315 2522 2383 qui
2558 2323 2702 2368 recte
2721 2314 2938 2368 domum
2954 2311 3244 2367 aediﬁcaret
3270 2326 3434 2381 supra

1861 2411 2066 2473 petram
2085 2422 2097 2458 :
2115 2403 2263 2456 Venit
2284 2403 2469 2463 imber,
2487 2404 2747 2472 ﬂaverant
2765 2404 2924 2468 venti,
2941 2413 2988 2456 et
3005 2410 3250 2456 venerunt
3262 2401 3432 2468 ﬂuvii,

1857 2504 1908 2549 et
1931 2495 1995 2548 ab
2021 2496 2087 2550 iis
2110 2495 2338 2548 ilicetum
2359 2495 2551 2549 mansit
2576 2494 2859 2563 cedi/icium
2882 2494 2950 2548 “.
2985 2493 3212 2563 Propter
3235 2492 3431 2545 malam

1859 2600 1988 2656 ergo
2015 2587 2155 2640 hanc
2188 2587 2446 2656 pluviam,
2480 2602 2619 2656 opus
2656 2595 2742 2641 est
2780 2585 2942 2639 nobis
2975 2582 3287 2654 hujusmodi
3315 2590 3430 2634 tra-

1858 2678 2035 2733 bibus.
2075 2676 2163 2732 Eaa
2190 2687 2370 2732 autem
2398 2677 2603 2732 fuerint
2629 2678 2883 2741 virtutes,
2913 2692 3033 2746 qua:
3070 2675 3428 2729 tentationum

1857 2771 2092 2826 insultus
2121 2770 2175 2824 in
2206 2785 2266 2826 se
2291 2785 2400 2824 non
2435 2768 2760 2826 admittunt.
2796 2775 2854 2820 ut
2878 2781 3001 2836 qua:
3025 2766 3138 2818 sint
3171 2765 3338 2817 [inme
3366 2778 3430 2815 ac

1857 2863 2062 2926 solidze,
2104 2877 2205 2916 nec
2253 2861 2413 2915 facile
2458 2859 2678 2922 cedant,
2723 2867 2778 2914 et
2835 2859 2939 2912 hoc
2985 2865 3228 2918 servent,
3277 2862 3337 2907 ut
3375 2855 3428 2906 in

1856 2953 2247 3008 tentationibus
2273 2952 2498 3006 minime
2517 2951 2869 3006 emolliantur
2900 2964 2930 3003 a
2961 2949 3114 3002 vitio.
3149 2945 3306 3013 Quod
3332 2961 3430 3000 au-

1857 3053 1965 3100 tem
2004 3044 2224 3107 dicitur,
2255 3043 2638 3113 intelligemus,
2678 3042 2722 3097 si
2755 3057 2877 3096 cum
2913 3056 2979 3096 eo
3013 3039 3156 3110 quod
3189 3046 3273 3094 est
3301 3053 3428 3107 pro-

166 3138 282 3209 γάρ
314 3104 478 3208 φ’ἧᾶιᾷ
502 3154 516 3168 ·
564 3104 660 3191 Ἐκ
696 3104 1557 3208 ὀκνηρίαιςπαπεικωθήσεται-

1861 3139 2097 3208 positum
2121 3137 2282 3192 simul
2300 3135 3061 3190 examinaverimusdictionis
3084 3139 3426 3192 contextum,

167 3242 382 3294 κωσις,
412 3228 511 3281 καὶ
541 3228 612 3282 ἐν
646 3229 823 3300 ἀργίᾳ
850 3231 1065 3299 χειρῶν
1095 3230 1296 3292 στάζει
1338 3235 1378 3302 ἠ
1407 3235 1587 3290 οἰκία.
1622 3237 1757 3289 '06-

166 3337 276 3390 περ
306 3318 416 3390 γὰρ
449 3321 498 3372 εἰ
531 3319 732 3391 ἀσθενῆ
766 3337 828 3373 τε
857 3321 954 3375 καὶ
994 3322 1159 3376 ἄτονα
1192 3324 1296 3375 ὑπὸ
1319 3323 1643 3397 λεπτότητος
1668 3329 1752 3396 εἴη

165 3411 236 3464 τά
283 3411 422 3477 ξύλα
449 3409 521 3463 τὰ
558 3411 874 3482 διειληφότα
917 3412 1008 3466 τὸν
1040 3413 1256 3484 ὄροφον,
1292 3415 1540 3488 ὀκνηρῶς
1571 3419 1626 3471 δὲ
1655 3419 1754 3491 ἔχῃ

183 3503 332 3574 πρὸς
383 3503 482 3575 τὴν
515 3502 609 3556 τοῦ
659 3503 909 3574 δώματος
939 3505 1254 3576 ἐπιμέλειαν
1287 3510 1316 3561 ὁ
1344 3507 1437 3561 τοῦ
1474 3508 1622 3562 οἴκου
1669 3509 1756 3562 δε-

167 3594 403 3663 σπότης,
437 3593 592 3647 οὐδὲν
634 3593 890 3648 ἀπώνατο
913 3595 1014 3666 τῆς
1051 3597 1280 3668 στέγης,
1310 3597 1405 3650 τοῦ
1435 3598 1640 3668 ὄμϐρου
1667 3599 1753 3654 διὰ

174 3685 458 3754 σταγόνων
491 3685 818 3754 εἰσρέοντος.
851 3685 1192 3741 Κοιλαίνεται
1224 3688 1332 3759 γὰρ
1367 3687 1427 3753 ἐξ
1457 3689 1701 3761 ἀνάγκης
1724 3693 1753 3745 ὁ

178 3775 405 3847 ὄροφος,
439 3774 604 3830 εἴκων
635 3775 714 3846 τῷ
750 3777 906 3848 βάρει
935 3777 1029 3831 τοῦ
1052 3777 1265 3842 ὓδατος,
1297 3780 1391 3834 καὶ
1411 3781 1514 3836 οὐκ
1537 3782 1752 3852 ἀντέχει

164 3867 279 3920 τῶν
314 3866 488 3933 ξύλων
515 3869 550 3937 ή
591 3868 778 3922 ἀτονία
803 3868 943 3940 πρὸς
967 3870 1068 3940 τὴν
1099 3871 1192 3925 τοῦ
1220 3871 1416 3943 βάρους
1447 3875 1750 3946 προσϐολὴν

176 3953 584 4019 ὐποκλάζουσα.
615 3955 714 4014 Διά
751 3955 910 4010 τοῦτο
941 3960 1035 4012 ἐπὶ
1071 3960 1140 4014 τά
1183 3962 1334 4025 ἐντὸς
1370 3962 1656 4032 διαδίδοται
1690 3964 1752 4018 τὸ

167 4045 642 4117 ἐναπειλημμένον
663 4049 730 4118 τῇ
767 4048 1038 4120 κοιλότητι
1070 4050 1213 4120 ὕδωρ
1236 4093 1252 4118 ,
1282 4053 1376 4106 καὶ
1404 4053 1460 4105 αἱ
1496 4055 1751 4123 σταγόνες

169 4133 331 4192 αὗται
366 4138 506 4192 κατὰ
553 4138 646 4192 τὸν
691 4139 1038 4212 παροιμιώδη
1091 4141 1248 4212 λόγον
1295 4145 1646 4200 ἐκϐάλλουσιν
1684 4149 1750 4202 ἐκ

166 4228 262 4282 τοῦ
311 4229 439 4282 ἰδίου
477 4229 630 4282 οἴκου
667 4229 759 4282 τὸν
792 4229 1080 4302 ἄνθρωπον
1111 4233 1170 4286 ἐν
1198 4236 1264 4304 τῇ
1303 4235 1486 4307 ἡμέρᾳ
1521 4237 1614 4289 τοῦ
1659 4237 1750 4290 ὑε-

165 4320 282 4373 τοῦ.
320 4319 506 4384 Οὕτως
535 4319 616 4390 τῷ
649 4320 748 4391 τῆς
776 4323 1091 4393 παραϐολῆς
1127 4325 1408 4395 αἰνίγματι
1444 4326 1750 4380 διακελεύε-

1857 3231 1948 3300 qui
1978 3236 2062 3284 est
2090 3229 2146 3284 in
2177 3227 2528 3283 Ecclesiaste.
2569 3226 2684 3281 lllic
2718 3227 2862 3280 enim
2890 3225 3022 3279 dicit
3052 3244 3065 3279 :
3101 3222 3166 3276 In
3193 3221 3426 3292 pigritiis

1855 3319 2228 3374 humiliabitur
2265 3319 2612 3389 contignatio,
2667 3326 2717 3372 et
2762 3318 2818 3371 in
2867 3317 2972 3369 otio
3012 3332 3264 3368 manuum
3301 3329 3424 3382 per-

1854 3411 2024 3464 sliltat
2051 3410 2239 3464 domus
2267 3410 2333 3462 ω’.
2359 3409 2645 3476 Quomodo
2667 3408 2809 3464 enim
2830 3408 2873 3462 si
2905 3408 3051 3476 ligna
3081 3416 3423 3476 qumtectum

1853 3502 2156 3569 continent,
2189 3501 2298 3558 sint
2326 3503 2543 3556 inlirma
2577 3509 2630 3555 et
2665 3500 2957 3561 imbecilla,
2995 3500 3060 3553 ad
3103 3499 3300 3554 domus
3328 3513 3425 3552 au-

1859 3602 1966 3648 tem
1990 3608 2176 3646 curam
2199 3592 2491 3663 gerendam
2515 3592 2587 3646 sit
2608 3593 2761 3662 piger
2782 3590 3193 3661 paterfamilias,
3218 3596 3422 3644 tectum

1853 3685 1986 3739 nihil
2023 3685 2285 3755 profuerit
2324 3693 2447 3740 eum
2503 3685 2678 3740 imber
2726 3700 2822 3754 per
2865 3683 3043 3738 stillas
3080 3683 3312 3749 inﬂuat;
3343 3693 3423 3736 te-

1854 3784 2003 3830 ctum
2032 3777 2176 3831 enim
2222 3776 2536 3832 necessario
2581 3785 2807 3830 cavatur
2838 3773 3040 3829 cedens
3080 3788 3238 3842 aquae
3284 3788 3424 3842 pon-

1851 3867 2006 3933 deri;
2042 3883 2144 3922 nec
2172 3867 2441 3938 lignorum
2479 3866 2830 3922 imbecillitas
2873 3865 3098 3930 resistit,
3137 3862 3306 3917 fracta
3352 3862 3422 3916 ab

1851 3958 2058 4014 insultu
2090 3958 2348 4029 ponderis
2379 3973 2394 4008 :
2432 3967 2718 4028 propterea
2754 3957 2901 4013 subit
2935 3957 3170 4017 interna,
3203 3969 3324 4024 qua
3364 3955 3418 4007 in

1848 4049 2283 4105 concavitatibus
2303 4049 2652 4119 intereipitur
2680 4062 2845 4119 aqua,
2882 4049 3124 4118 ipsaeque
3144 4047 3326 4122 stillae,
3359 4053 3420 4099 ut

1845 4149 1933 4197 est
1956 4141 2010 4196 in
2043 4139 2369 4211 proverbiis,
2398 4139 2674 4194 hominem
2693 4139 2858 4193 domo
2895 4138 3173 4208 expellunt
3208 4137 3262 4191 in
3287 4145 3420 4191 tem-

1847 4248 1980 4303 pore
2011 4232 2236 4302 pluviae;
2277 4231 2352 4285 ita
2385 4231 2544 4287 nobis
2568 4231 2624 4286 in
2657 4231 2947 4298 aenigmate
2978 4228 3248 4300 parabolae
3280 4243 3418 4298 prae-

1846 4323 2000 4393 cipit,
2034 4337 2131 4392 per
2170 4322 2430 4377 virtutum
2457 4323 2626 4379 robur
2651 4339 2715 4378 ac
2742 4323 3052 4378 ﬁrmitatem
3072 4337 3181 4376 non
3221 4320 3418 4376 cedere

165 4427 258 4465 ται
297 4411 390 4464 διὰ
427 4411 528 4481 τῆς
563 4411 672 4466 τῶν
704 4411 916 4484 ἀρετῶν
962 4415 1209 4478 εὐτονίας
1249 4415 1560 4480 ἀνενδότους
1603 4413 1742 4471 εἶναι

1856 4413 2176 4470 ﬂuxionibus
2227 4415 2629 4470 tentationum:
2685 4430 2756 4470 ne
2802 4430 2900 4485 per
2947 4415 3115 4468 animi
3168 4421 3415 4467 motuum

165 4502 310 4572 πρὸς
332 4501 432 4564 τὰς
461 4501 572 4554 τῶν
600 4501 923 4573 πειρασμῶν
948 4504 1233 4576 ἐπιρροάς,
1268 4507 1476 4576 μήποτε
1511 4507 1743 4578 μαλακι-

1856 4506 2070 4561 emolliti
2100 4506 2493 4570 incursionem,
2527 4506 2798 4575 eiusmodi
2844 4521 3109 4575 aquarum
3141 4507 3416 4559 extrinse-

166 4593 396 4656 σθέντες
421 4592 512 4646 διὰ
539 4592 641 4663 τῆς
665 4593 775 4646 τῶν
804 4593 1142 4664 παθημάτων
1170 4595 1540 4665 συμπτώσεως
1577 4598 1746 4651 κοῖλοι

1856 4611 1942 4653 :us
1971 4597 2026 4650 in
2053 4611 2149 4651 cor
2186 4595 2530 4652 inﬂuentium
2571 4597 2836 4651 inﬂuxum
2867 4596 3225 4650 admittamus
3270 4597 3413 4650 intra

167 4684 455 4756 γενώμεθα
479 4723 495 4749 ,
543 4686 636 4739 καὶ
668 4685 769 4758 τὴν
809 4685 1182 4758 ἐπιρῤούντων
1209 4691 1229 4708 ⁹
1250 4685 1506 4743 τοιούτων
1533 4688 1744 4743 ὑδάτων

1856 4691 2164 4758 penetralia,
2194 4707 2290 4760 per
2322 4707 2459 4761 quas
2490 4692 2646 4746 nobis
2685 4699 2910 4761 pereant
2944 4705 3066 4760 qua:
3095 4697 3223 4744 sunt
3254 4705 3414 4759 repo-

165 4776 366 4844 ἔξωθεν
415 4777 507 4829 ἐπὶ¹
547 4776 644 4848 τὴν
690 4777 917 4848 καρδίαν
958 4777 1276 4849 εἰσρέουσαν
1315 4779 1466 4842 ἐντὸς
1506 4778 1610 4832 τῶν
1648 4798 1742 4834 τα-

169 4866 356 4936 μιείων
408 4865 876 4936 παραδεξώμεθα,
933 4865 1000 4919 δι’
1047 4860 1123 4922 ὧν
1164 4865 1443 4936 φθείρεται
1483 4869 1618 4938 ἡμῖν
1670 4869 1739 4922 τὰ

165 4957 423 5011 ἀπόθετα.
470 4958 536 5009 Ai
573 4957 630 5010 δὲ
657 4957 840 5027 κέδροι
868 4949 1030 5012 αὗται
1059 4957 1154 5011 τοῦ
1203 4958 1437 5013 Λιϐάνου
1460 4999 1475 5024 ,
1523 4958 1590 5022 ἃς
1619 4959 1769 5043 ἐφύη

164 5064 356 5100 τευσεν
387 5050 416 5101 ό
443 5046 680 5119 Κύριος,
729 5042 817 5112 αἷς
843 5047 1214 5103 ἐννοσεύσουσι
1247 5050 1315 5103 τὰ
1335 5049 1614 5120 στρουθία,
1663 5044 1741 5104 ὦν

163 5138 200 5208 ἡ
245 5138 341 5192 τοῦ
374 5139 600 5210 ἐρωδιοῦ
648 5138 812 5193 καλιά
857 5139 1198 5211 καθηγεῖται.
1251 5136 1422 5196 Αὗται
1469 5143 1650 5198 τοίνυν
1681 5145 1738 5198 αἰ

173 5229 377 5298 κέδροι,
432 5231 488 5282 αἱ
538 5230 768 5300 ἀρεταὶ,
815 5230 908 5285 τὸν
947 5227 1095 5285 οἷκον
1149 5231 1252 5302 τῆς
1309 5234 1586 5304 νυμφικῆς
1630 5252 1736 5287 πα-

167 5319 356 5383 στάδος
391 5319 904 5389 κατασφαλίζονται,
931 5315 1019 5385 αἷς
1039 5321 1445 5377 ἐννοσεύσουσιν
1465 5325 1522 5376 αἱ
1541 5324 1732 5395 ψυχαὶ,

165 5411 422 5481 στρουθία
469 5409 762 5483 γινόμενα,
811 5413 908 5470 καὶ
960 5412 1076 5467 τῶν
1124 5414 1370 5483 παγίδων
1429 5417 1734 5489 ύπεριπτά-

166 5517 345 5572 μεναι,
373 5495 451 5556 ὧν
487 5503 808 5577 καθηγεῖται
855 5507 893 5577 ἡ
931 5504 1027 5558 τοῦ
1061 5505 1285 5578 ἐρωδιοῦ
1325 5506 1486 5562 καλιά
1511 5546 1527 5572 ,
1555 5509 1623 5579 ἣν
1656 5507 1734 5562 οἰκ

1842 4781 1962 4836 sita.
1993 4780 2087 4837 Hae
2118 4790 2299 4837 autent
2330 4784 2478 4838 cedri
2510 4783 2724 4845 Libani,
2758 4798 2898 4852 quas
2927 4783 3190 4852 plantavit
3225 4781 3411 4835 Domi-

1842 4885 1968 4930 nus.
2013 4871 2069 4925 in
2112 4873 2313 4942 quibus
2348 4873 2630 4928 nidiﬁcant
2667 4873 2922 4927 volucres
2961 4873 3040 4935 “,
3101 4871 3245 4926 inter
3273 4886 3410 4941 quas

1838 4962 2145 5033 praecipuus
2175 4972 2260 5019 est
2285 4964 2675 5019 niduslterodii
2702 4965 2818 5027 ;h:e
2849 4978 2979 5034 ergo
3009 4963 3180 5026 cedri,
3213 4979 3408 5032 nempe

1835 5053 2087 5117 virtutes,
2133 5055 2387 5108 muniunt
2439 5056 2660 5110 domum
2723 5055 2986 5124 nuptialis
3047 5055 3294 5118 thalami,
3351 5059 3407 5108 in

1837 5143 2039 5212 quibus
2082 5144 2361 5200 nidiﬁcant
2423 5147 2619 5202 anima:
2682 5146 2885 5202 ell'ectze
2941 5148 3212 5212 volucres,
3267 5147 3410 5200 inter

1839 5249 1977 5304 quas
1995 5235 2354 5306 principatum
2377 5245 2524 5292 tenet
2550 5236 2759 5292 herodii
2778 5237 2962 5304 nidus,
2996 5253 3155 5308 quem
3184 5237 3406 5290 domum

1839 5335 1999 5382 vocat
2062 5327 2366 5396 Scriptura.
2433 5328 2600 5384 Aiunt
2665 5318 2843 5383 autem
2905 5330 3046 5383 hanc
3090 5343 3242 5382 avem
3279 5329 3408 5380 odio

1840 5417 2041 5473 habere
2069 5419 2296 5481 coitum,
2333 5427 2390 5474 et
2435 5421 2670 5490 quadam
2718 5429 2928 5476 natura:
2959 5421 3286 5475 necessitate
3322 5419 3406 5472 in-

1839 5515 1920 5561 ter
1945 5521 2004 5562 se
2033 5509 2279 5578 copulari
2305 5509 2626 5572 clamantes,
2661 5518 2717 5566 et
2745 5527 2888 5583 aegre
2923 5511 3184 5580 ferentes,
3219 5519 3275 5566 et
3300 5511 3405 5566 tri-

231 5676 280 5708 “
301 5677 499 5750 Ephcs.
522 5695 577 5748 ν,
602 5679 694 5745 ⁸51,
721 5679 811 5737 52.
886 5678 1144 5737 “Matth.
1179 5696 1280 5746 vn,
1313 5679 1384 5737 24
1423 5697 1545 5753 sqq.
1621 5683 1668 5718 "
1693 5682 1756 5741 Ε(

1860 5723 1873 5739 .
1907 5700 1962 5750 x,
2000 5683 2086 5742 18.
2159 5683 2207 5716 “
2228 5683 2374 5743 Psal.
2397 5700 2516 5753 cm,
2544 5684 2630 5740 16.
