3846 6220
397 309 501 366 859

1613 308 1671 362 S.
1712 307 2039 364 GREGORII
2068 305 2360 364 NYSSENI

3542 297 3652 350 8ίο

397 429 599 483 stitiam
625 427 1015 498 signiﬁcantes.
1045 426 1200 483 Unde
1227 428 1355 482 mihi
1377 427 1593 485 videtur
1615 428 1961 500 Scripturam

2078 431 2191 484 κίαν
2213 429 2465 501 ὀνομάζει
2492 432 2520 484 ό
2556 430 2730 498 λόγος.
2765 427 2996 494 Λέγουσι
3022 425 3079 478 δὲ
3111 422 3365 493 ἀπεχθῶς
3391 434 3524 494 περι
3549 424 3652 480 τὰς

397 537 495 589 per
524 521 628 574 hoc
655 536 852 574 nomen
885 521 937 574 in
981 521 1268 590 aenigmate
1301 519 1610 590 signiﬁcare
1646 522 1960 592 puritatem.

397 613 508 668 llas
547 628 676 680 ergo
710 613 892 666 trahes
920 627 1086 680 super
1113 619 1256 665 tecta
1315 611 1436 681 puri
1489 612 1714 665 thalami
1772 611 1966 680 aspicit

395 716 618 769 sponsa.
660 699 813 755 Videt
847 712 1026 756 autem
1050 701 1220 768 etqui
1260 709 1344 756 est
1393 717 1458 756 ex
1500 717 1763 772 cupresso
1799 718 1965 757 orna-

398 801 546 851 tum.
599 789 692 860 qui
773 805 870 858 per
924 789 1060 844 bene
1110 789 1400 859 levigatam
1457 801 1512 845 et
1577 792 1960 844 concinnatam

397 882 855 950 cuiiipositionem
890 881 1130 935 illustrat
1161 897 1279 936 eam
1327 898 1450 952 quze
1478 882 1691 936 videtur
1723 883 1968 952 pulchri-

398 971 664 1024 tudinem.
697 969 1036 1038 Cupressum
1068 972 1212 1025 enim
1258 972 1397 1026 dixit
1425 988 1548 1027 esse
1583 989 1648 1047 ea
1683 989 1806 1043 quae
1839 982 1970 1028 sunt

399 1062 454 1114 in
490 1070 636 1116 tecto
679 1061 979 1131 laquearia,
1017 1072 1141 1132 apta
1192 1064 1438 1131 quaedam
1487 1073 1542 1119 et
1593 1066 1862 1118 concinna
1903 1079 1968 1118 ac

396 1155 568 1207 celata
607 1169 852 1207 asserum
887 1155 1219 1224 compactio,
1249 1155 1376 1210 tecti
1413 1157 1632 1210 varians
1661 1156 1967 1225 pulchritu-

396 1248 597 1302 dinem.
629 1246 768 1312 Quid
799 1261 929 1314 ergo
954 1262 1049 1316 per
1080 1247 1194 1301 haec
1231 1248 1533 1303 discimus?
1562 1247 1705 1302 Bene
1734 1250 1842 1302 olet
1873 1263 1969 1301 na-

399 1336 650 1391 turaliter
671 1349 986 1402 cupressus,
1019 1349 1082 1386 ea
1116 1335 1231 1404 ipsa
1262 1345 1441 1388 autem
1497 1335 1699 1388 nullam
1729 1335 1970 1387 admittit

401 1425 765 1496 putredinem,
799 1433 853 1478 et
885 1431 968 1476 est
999 1431 1123 1493 apta
1169 1423 1234 1477 ad
1265 1425 1578 1477 universum
1611 1421 1804 1477 fabrile
1835 1422 1970 1474 arti-

401 1519 606 1581 licium,
632 1527 690 1570 ut
705 1532 826 1585 qua:
841 1515 912 1570 sit
933 1515 1082 1569 laevis
1102 1521 1157 1568 et
1178 1515 1472 1577 concinna.
1487 1525 1539 1567 et
1562 1515 1626 1566 ad
1652 1530 1714 1568 ca
1735 1529 1854 1582 quae
1874 1528 1969 1581 per

399 1611 686 1664 cmiaturas
705 1608 840 1661 ﬁunt
858 1615 1180 1660 ornamenta
1196 1606 1463 1675 apposita.
1488 1605 1587 1658 Per
1607 1621 1668 1658 ca
1697 1620 1827 1674 ergo
1846 1619 1969 1673 quae

398 1701 676 1764 dicuntur,
700 1699 952 1752 existimo
976 1712 1075 1751 nos
1103 1697 1205 1751 hoc
1222 1697 1452 1761 erudiri,
1483 1697 1627 1766 quod
1659 1712 1767 1750 non
1791 1697 1965 1751 solum

2075 523 2248 592 μίξεις
2271 523 2414 592 ἔχειν
2433 522 2590 575 τοῦτο
2617 522 2678 573 τὸ
2704 520 2906 590 ὄρνεον,
2941 517 3033 570 καί
3054 533 3159 569 τινι
3187 514 3398 584 φύσεως
3427 515 3653 585 ἀνάγκη

2073 614 2208 685 πρὸς
2245 615 2448 685 ἄλληλα
2489 611 2884 676 συνδυάζεσθαι
2910 651 2924 673 ,
2955 607 3250 672 ὀκλάζοντα
3293 607 3387 659 καὶ
3414 606 3654 659 δυσανα-

2074 704 2386 776 σχετοῦντα,
2419 708 2513 760 καὶ
2539 705 2636 775 τὴν
2664 703 2854 772 ἀηδίαν
2886 698 3334 771 ἐπισημαίνοντα.
3365 696 3533 749 Ὅθεν
3561 712 3655 763 μοι

2069 797 2218 850 δοκεί
2245 797 2344 869 τὴν
2374 797 2718 868 καθαρότητα
2745 797 2802 848 ἐν
2830 793 3112 862 αἰνίγματι
3143 791 3230 844 διὰ
3255 789 3348 844 τοῦ
3381 789 3654 857 ὀνόματος

2069 889 2260 943 τούτου
2286 890 2572 961 σημαίνειν
2599 891 2626 942 ὀ
2645 887 2820 956 λόγος.
2845 884 3059 947 Ταύτας
3079 878 3172 937 οὖν
3209 881 3309 944 τὰς
3336 881 3527 944 δοκοὺς
3556 878 3654 932 ἐπὶ

2069 981 2195 1044 τοὺς
2225 981 2456 1051 ὀρόφους
2479 981 2577 1051 τῆς
2599 979 2847 1050 καθαρᾶς
2867 975 3138 1038 παστάδος
3166 973 3352 1043 βλέπει
3373 974 3407 1043 ἡ
3433 971 3650 1042 νύμφη.

2081 1070 2216 1140 Ὁρᾷ
2239 1070 2295 1123 δὲ
2325 1071 2421 1123 καὶ
2445 1069 2537 1122 τὸν
2555 1071 2619 1122 ὲκ
2643 1069 2742 1138 τῆς
2774 1064 3114 1135 κυπαρίσσου
3145 1063 3348 1132 κόσμον
3381 1061 3471 1115 διά
3499 1075 3654 1121 τινος

2073 1159 2325 1226 εὐξέστου
2357 1178 2417 1214 τε
2459 1161 2553 1214 καὶ
2583 1159 2900 1230 ἐναρμονίου
2933 1156 3233 1218 συνθέσεως
3272 1155 3332 1206 τὸ
3371 1149 3652 1222 ὁρώμενον

2073 1251 2265 1314 κάλλος
2295 1251 2699 1320 ὲναγλαῖζοντα.
2733 1249 3084 1320 Κυπάρισσον
3107 1246 3215 1316 γάρ
3242 1240 3390 1298 εἷπεν
3416 1240 3558 1296 εἶναι
3582 1243 3651 1295 τὰ

2073 1344 2165 1396 τοῦ
2185 1344 2380 1414 ὀρόφου
2405 1344 2740 1412 φατνώματα
2758 1360 2772 1373 ο
2801 1340 3134 1412 φατνώματα
3162 1338 3218 1390 δὲ
3238 1336 3454 1404 λέγεται
3482 1330 3650 1395 εἶναι,

2072 1433 2339 1505 εὔρυθμός
2375 1451 2458 1496 τις
2501 1435 2594 1486 καὶ
2639 1433 2933 1501 διάγλυφος
2980 1430 3206 1484 σανίδων
3249 1428 3408 1496 πῆξις
3449 1427 3510 1477 τὺ
3549 1427 3652 1494 τῆς

2070 1527 2272 1599 ὀροφῆς
2313 1525 2506 1588 κάλλος
2550 1525 3010 1578 διαποικίλλουσα.
3057 1521 3123 1574 Τί
3169 1515 3264 1572 οὖν
3308 1518 3396 1572 διά
3427 1518 3652 1570 ,τούτων

2076 1620 2459 1690 μανθάνομενς
2505 1620 2736 1672 Εύπνοεῖ
2768 1618 3016 1687 φυσικῶς
3048 1616 3081 1685 ἡ
3121 1613 3492 1683 κυπάρισσοςο
3520 1612 3558 1680 ἡ
3592 1610 3652 1662 δὲ

2075 1713 2213 1783 αὐτὴ
2246 1713 2340 1766 καὶ
2378 1711 2665 1782 σηπεδόνος
2715 1712 2861 1763 ἐστὶν
2909 1707 3316 1779 άπαράδεκτος,
3365 1704 3462 1755 καὶ
3509 1701 3652 1772 πρὸς

398 1809 520 1864 qua:
549 1801 678 1847 sunt
708 1791 762 1844 in
803 1789 986 1869 anima
1016 1790 1262 1852 virtutes,
1296 1789 1349 1842 in
1387 1789 1574 1843 habitu
1608 1803 1718 1842 non
1747 1787 1970 1842 eviden-

2079 1806 2256 1858 πᾶσαν
2283 1804 2600 1872 τεκτονικὴν
2636 1801 2974 1871 φιλοτεχνίαν
3003 1797 3321 1867 ἐπιτηδείως
3351 1794 3486 1864 ἔχει,
3523 1793 3650 1846 λεία

401 1897 483 1940 ter
513 1892 659 1939 recte
691 1897 749 1937 se
792 1887 1010 1950 gerunt,
1053 1880 1146 1933 sed
1193 1896 1372 1950 neque
1418 1896 1536 1935 eam
1577 1879 1856 1949 negligant
1884 1895 1974 1934 ve-

402 1984 700 2039 nustatem,
731 1986 852 2043 qua:
885 1981 971 2025 est
1009 1969 1063 2024 in
1097 1985 1164 2025 eo
1203 1972 1347 2041 quod
1379 1979 1624 2042 apparet.
1658 1971 1797 2026 Sunt
1823 1971 1969 2026 enim

401 2066 734 2139 providenda
769 2065 909 2119 bona
956 2076 1142 2115 coram
1180 2062 1289 2118 Deo
1329 2073 1382 2118 et
1423 2064 1740 2119 hominibus
1774 2064 1817 2095 ⁸⁷
1856 2083 1868 2118 :
1919 2073 1974 2119 et

399 2159 545 2230 quod
587 2166 801 2229 oportet
840 2159 949 2215 Deo
977 2158 1195 2229 quidem
1228 2172 1351 2212 esse
1384 2154 1756 2218 manifestum,
1793 2155 1972 2209 homi-

403 2252 562 2307 nibus
597 2262 778 2307 autem
831 2251 1181 2323 persuadere,
1231 2259 1285 2303 et
1333 2247 1534 2302 bonum
1574 2247 1773 2302 habere
1815 2247 1972 2300 testi-

404 2345 643 2398 monium
677 2343 819 2412 apud
875 2359 972 2398 eos
1005 2341 1098 2412 qui
1137 2339 1272 2395 foris
1315 2347 1443 2393 sunt
1466 2338 1534 2404 ⁸⁸,
1580 2345 1635 2392 et
1672 2336 1970 2407 splendidis

405 2437 585 2491 lucere
613 2435 870 2504 operibus
897 2449 1083 2488 coram
1115 2430 1448 2492 hominibus,
1486 2436 1540 2482 et
1573 2427 1770 2483 decore
1800 2428 1969 2482 hone-

402 2536 594 2596 steque
624 2527 904 2580 ambulare
930 2525 1073 2596 apud
1103 2539 1197 2578 eos
1230 2523 1322 2592 qui
1346 2521 1478 2576 foris
1508 2532 1656 2576 sunt.
1689 2519 1812 2576 Hac
1845 2530 1973 2575 sunt

404 2618 682 2686 laquearia
721 2632 817 2685 per
871 2615 1074 2669 bonum
1101 2612 1307 2667 Christi
1359 2612 1603 2676 odorem,
1654 2611 1813 2681 cujus
1839 2611 1968 2665 aeni-

401 2722 525 2768 uma
551 2714 636 2761 est
672 2721 986 2776 cupressus,
1017 2702 1071 2758 in
1095 2704 1220 2756 vitae
1246 2702 1526 2756 honestate
1546 2701 1839 2756 artillciose
1865 2701 1976 2754 ela-

401 2801 611 2862 borata,
649 2799 791 2854 sicut
829 2815 894 2854 ea
927 2806 1077 2852 recte
1119 2807 1173 2852 et
1207 2797 1477 2851 concinne
1505 2795 1713 2849 sciebat
1748 2810 1972 2864 compo-

402 2904 533 2944 nere
563 2889 779 2958 sapiens
815 2885 1145 2940 architectus
1170 2881 1392 2947 Paulus,
1423 2884 1612 2938 dicens
1641 2902 1655 2938 :
1687 2879 1880 2938 Omnia
1915 2883 1972 2936 in

405 2979 544 3034 vobis
571 2979 751 3032 ordine
769 2987 817 3032 et
841 2981 1051 3032 honeste
1073 2978 1206 3046 ﬁant
1232 2975 1296 3030 ".

2076 1913 2136 1948 τε
2170 1895 2426 1966 γινομένη
2462 1896 2555 1947 καὶ
2586 1895 2901 1963 ἐναρμόνιος
2923 1933 2938 1955 ,
2973 1889 3225 1960 καὶπρὸς
3266 1887 3391 1948 τοὺς
3414 1883 3505 1938 διὰ
3538 1884 3652 1936 τῶν

2077 1985 2346 2052 γλυφίδων
2378 1984 2800 2054 καλλωπισμούς
2843 1981 3165 2050 ἐπιτήδειος.
3188 1975 3358 2028 Τοῦτο
3370 1971 3463 2028 οὖν
3494 1970 3650 2042 οἶμαι

2077 2074 2164 2127 διὰ
2201 2075 2310 2127 τῶν
2335 2075 2640 2144 λεγομένων
2680 2074 2828 2144 ἡμᾶς
2864 2069 3251 2129 παιδεύεσθαι,
3289 2067 3361 2138 μὴ
3397 2067 3560 2136 μόνον
3593 2067 3652 2117 ὲν

2078 2168 2145 2236 τῇ
2173 2166 2316 2235 ψυχῇ
2349 2166 2446 2228 τάς
2476 2165 2674 2236 ἀρετὰς
2719 2165 2777 2215 ὲν
2817 2162 2925 2226 ἕξει
2978 2157 3369 2230 κατορθοῦσθαι
3407 2155 3552 2210 κατά
3592 2156 3654 2208 τὸ

2076 2254 2270 2324 ἄδηλον
2293 2271 2307 2284 ·
2339 2254 2475 2308 ἀλλά
2525 2255 2657 2325 μηδὲ
2698 2252 2796 2322 τῆς
2836 2249 2972 2304 κατά
3005 2248 3065 2302 τὸ
3103 2248 3419 2318 φαινόμενον
3453 2246 3653 2317 εὐσχη-

2082 2345 2318 2415 μοσύνης
2350 2345 2567 2414 ἀμελῶς
2609 2344 2771 2414 ἐχειν.
2822 2341 2940 2412 Χρὴ
2987 2341 3096 2410 γάρ
3130 2341 3378 2412 προνοεῖν
3413 2339 3652 2391 ἐνώπιον

2079 2437 2285 2508 Κυρίου
2313 2437 2404 2490 καὶ
2431 2437 2730 2508 ἀνθρώπιον
2750 2453 2763 2465 ·
2803 2435 2893 2487 καὶ
2918 2432 3034 2504 Θεῷ
3075 2433 3173 2503 μὲν
3208 2429 3648 2501 πεφανερῶσθαι·

2079 2526 2396 2599 ἀνθρώπους
2445 2527 2501 2580 δὲ
2547 2526 2782 2589 πείθειν,
2812 2526 2908 2579 καὶ
2951 2522 3257 2595 μαρτυρίαν
3287 2522 3460 2592 καλὴν
3506 2522 3654 2591 ἔχειν

2079 2620 2186 2672 ἀπὸ
2213 2618 2321 2672 τῶν
2358 2617 2578 2682 ἔξωθεν,
2609 2619 2705 2671 καὶ
2741 2617 2978 2686 λάμπειν
3005 2616 3119 2677 τοῖς
3154 2615 3434 2683 φωτεινοῖς
3471 2611 3655 2682 ἔργοις

2079 2707 2387 2779 ἔμπροσθεν
2416 2709 2525 2762 τῶν
2551 2707 2873 2777 ἀνθρώπων,
2909 2706 3005 2759 καὶ
3035 2705 3384 2775 εὐσχημόνως
3413 2720 3654 2773 περιπα-

2077 2803 2190 2853 τεῖν
2211 2799 2346 2870 πρὸς
2360 2801 2486 2864 τοὺς
2509 2799 2631 2865 ἔξω.
2650 2798 2836 2852 Ταῦτά
2865 2799 2976 2850 ἐστι
3005 2798 3074 2849 τά
3099 2795 3430 2866 φατνώματα
3449 2795 3538 2847 διὰ
3554 2793 3655 2863 τῆς

2079 2891 2171 2944 τοῦ
2195 2893 2430 2963 Χριστοῦ
2456 2891 2701 2956 εὐωδίας,
2726 2884 2794 2962 ἧς
2818 2889 3046 2960 αἴνιγμά
3070 2890 3217 2942 ἐστιν
3243 2890 3276 2958 ἠ
3297 2887 3654 2957 κυπάρισσος,

2079 2982 2137 3035 ὲν
2163 2985 2230 3053 τῇ
2261 2981 2637 3054 εὐσχημοσύνῃ
2677 2979 2769 3033 τοῦ
2799 2979 2912 3050 βίου
2955 2978 3432 3048 φιλοτεχνουμένη,
3476 2975 3656 3038 καθὼς

401 3072 518 3142 ᾔδει
540 3071 610 3125 τὰ
635 3071 858 3124 τοιαῦτα
896 3069 1200 3122 συντιθέναι
1223 3066 1400 3130 καλῶς
1429 3083 1487 3119 τε
1527 3066 1620 3120 καὶ
1660 3066 1991 3136 ὲναρμονίως
2036 3070 2068 3124 ὀ
2099 3075 2258 3144 σοφὸς
2313 3075 2644 3147 ἀρχιτέκτων
2695 3071 2935 3138 Παῦλος,
2965 3073 2995 3124 ὁ
3023 3069 3196 3139 λέγων
3217 3084 3231 3098 ο
3267 3069 3472 3122 Πάντα
3506 3065 3659 3121 κατὰ

403 3163 575 3226 τάξιν
602 3163 671 3215 ἐν
697 3160 841 3230 ὑμῖν
877 3160 977 3214 καὶ
1008 3159 1394 3229 εὐσχημόνως
1423 3157 1694 3227 γινέσθω.

475 3253 570 3308 His
585 3254 657 3306 ita
684 3261 831 3308 recte
852 3252 1041 3322 gestis,
1060 3252 1118 3304 lit
1135 3251 1528 3304 incrementum
1545 3247 1665 3317 ejus
1677 3262 1796 3318 quae
1811 3256 1896 3303 est
1916 3249 1969 3303 in

2154 3255 2372 3310 Τούτων
2417 3255 2475 3309 δὲ
2509 3255 2681 3317 οὕτως
2711 3251 3197 3323 κατορθωθέντων,
3233 3250 3532 3321 ὲπαύξησις
3559 3247 3656 3302 τοῦ

407 3345 564 3400 nobis
607 3342 1028 3414 pulchritudinis
1055 3382 1070 3405 ,
1107 3340 1286 3410 ampla
1311 3348 1363 3393 et
1397 3339 1502 3392 lata
1555 3346 1742 3392 nostra
1783 3347 1976 3393 natura

403 3436 596 3490 edente
622 3432 803 3487 ﬂorem
831 3430 1162 3487 odoriferum
1179 3441 1232 3486 et
1254 3447 1472 3501 purum.
1500 3429 1642 3484 Flori
1673 3438 1852 3485 autem
1880 3447 1980 3484 no-

407 3544 529 3581 men
548 3535 631 3581 est
650 3526 841 3578 lilium.
863 3523 916 3577 In
941 3539 1048 3594 quo
1066 3523 1383 3576 naturaliter
1405 3522 1782 3576 consideratus
1805 3523 1983 3591 splen-

405 3621 526 3679 dor.
553 3618 717 3672 tacite
762 3614 1032 3685 signiﬁcat
1062 3615 1226 3684 jubar
1251 3613 1644 3683 temperantiae.
1678 3612 1803 3668 Haec
1835 3615 1979 3669 enim

407 3723 606 3777 sponsa
635 3706 775 3775 apud
792 3721 850 3760 se
873 3720 1208 3775 persequens
1227 3705 1358 3758 dicit
1388 3723 1401 3758 :
1434 3703 1858 3776 Ego,postquam
1880 3705 1982 3759 fuit

407 3801 473 3854 ad
497 3801 694 3854 lectum
714 3806 960 3854 nostrum
980 3813 1216 3868 sponsus
1233 3804 1420 3852 noster
1439 3812 1668 3866 corpore
1687 3797 1983 3852 adumbra-

410 3900 517 3953 tus.
539 3889 629 3957 qui
646 3889 748 3943 sibi
768 3887 1057 3942 aediﬁcavit
1076 3886 1320 3948 domum,
1340 3893 1529 3955 tegens
1543 3885 1986 3956 meipsamvirtu—

405 3989 522 4032 tum
540 3979 738 4043 cedris,
766 3977 933 4032 odore
949 3991 1332 4048 cupressorum
1363 3989 1636 4029 exornans
1659 3982 1884 4036 tectum,
1914 3989 1983 4028 ex

406 4083 603 4136 campo
654 4076 866 4120 natura;
906 4074 1026 4119 orta
1072 4079 1192 4118 sum
1236 4063 1359 4126 llos,
1388 4071 1441 4118 et
1493 4063 1678 4117 colore
1715 4070 1768 4116 et
1813 4062 1982 4116 odore

409 4157 640 4226 reliquis
671 4155 899 4210 ﬂoribus
929 4153 1283 4208 antecellens.
1313 4152 1452 4206 Nata
1480 4151 1624 4206 enim
1656 4167 1775 4206 sum
1808 4151 1980 4204 lilium

408 4264 473 4302 ex
504 4245 872 4299 convallibus.
912 4242 1006 4298 Sic
1045 4250 1229 4296 autem
1266 4240 1432 4295 habet
1470 4248 1763 4294 contextus
1791 4239 1984 4292 dictio-

411 4341 497 4394 nis
527 4355 540 4390 :
566 4337 675 4408 Ego
704 4337 802 4405 ﬂos
843 4338 1032 4402 campi,
1081 4335 1255 4389 lilium
1290 4333 1530 4388 vallium.
1580 4330 1793 4386 Revera
1831 4331 1980 4385 enim

411 4445 506 4498 per
535 4445 596 4482 ea
620 4442 741 4497 quae
768 4435 899 4481 sunt
927 4441 957 4479 a
988 4425 1149 4480 nobis
1181 4424 1336 4495 prius
1374 4421 1744 4486 considerata,
1789 4422 1844 4475 in
1881 4436 1982 4474 na-

411 4531 549 4575 turae
596 4518 957 4590 amplitudine
1007 4517 1224 4571 exculta
1259 4523 1346 4571 est
1388 4515 1594 4568 anima.
1646 4512 1783 4566 Dum
1831 4512 1978 4566 enim

407 4628 662 4684 campum
711 4612 986 4676 audimus,
1017 4609 1376 4679 intelligimus
1407 4615 1616 4661 natura
1657 4605 1973 4674 amplitudi-
2008 4603 2059 4661 D

409 4719 555 4765 nem.
604 4711 888 4773 pr0pterea
933 4699 1078 4770 quod
1105 4715 1167 4753 ea
1209 4700 1282 4752 sit
1313 4706 1437 4767 apta
1480 4697 1546 4751 ad
1595 4693 1976 4763 suscipiendas

409 4795 612 4848 multas
649 4805 702 4848 et
731 4792 975 4847 inﬁnitas
1003 4789 1392 4860 intelligentias
1433 4802 1528 4842 seu
1551 4786 1749 4840 mentis
1779 4799 1978 4838 conce-

410 4885 646 4953 ptiones,
691 4891 747 4937 et
773 4884 936 4936 verba
970 4890 1024 4935 et
1069 4879 1412 4949 disciplinas.
1442 4877 1500 4931 Si
1528 4876 1694 4945 igitur
1749 4889 1834 4939 co,
1867 4887 1978 4942 quo

407 4973 642 5030 dicimus
670 4973 854 5036 modo,
895 4973 962 5027 ab
991 4987 1057 5026 eo
1103 4971 1196 5041 qui
1251 4977 1498 5024 nostram
1532 4965 1664 5020 colit
1715 4973 1974 5019 naturam

407 5066 686 5121 elaborata
738 5073 824 5119 est
867 5063 1067 5126 anima,
1113 5061 1360 5114 exoritur
1403 5073 1468 5111 ex
1523 5063 1734 5110 naturae
1774 5064 1977 5109 nostrae

408 5172 604 5228 campo
637 5155 735 5212 llos
779 5155 918 5209 bene
959 5154 1136 5216 olens,
1181 5149 1498 5219 nitidusque
1546 5158 1603 5202 et
1649 5161 1842 5217 purus.
1879 5143 1978 5197 llic

407 5266 540 5306 vero
587 5263 811 5317 campus
865 5245 1077 5302 etiamsi
1115 5243 1428 5298 nominetur
1465 5239 1642 5302 vallis,
1688 5253 1816 5291 cum
1867 5235 1980 5288 vita

408 5339 621 5396 cmlesti
666 5347 1054 5408 comparatus,
1103 5333 1276 5388 nihilo
1328 5330 1514 5386 secius
1564 5335 1649 5385 est
1703 5341 1979 5395 campus:

411 5449 513 5488 nec
557 5433 741 5486 obstat
781 5429 1076 5500 quominus
1105 5443 1227 5498 quae
1274 5425 1329 5478 in
1375 5425 1492 5493 ipso
1543 5422 1689 5476 culta
1739 5428 1844 5482 est,
1881 5418 1983 5472 llos

411 5532 558 5578 recte
593 5521 700 5576 ﬁat.
757 5519 834 5573 Ex
874 5534 1114 5573 concavo
1158 5517 1303 5572 enim
1346 5516 1400 5568 in
1439 5514 1608 5567 altum
1655 5513 1858 5574 oriens,
1897 5526 1987 5564 as-

483 5699 526 5732 "
554 5699 594 5752 ll
624 5699 748 5753 Cor.
797 5713 916 5762 viil,
943 5696 1031 5748 ‘ll.

2077 3349 2134 3400 ἐν
2153 3348 2280 3417 ἡμῖν
2295 3347 2502 3416 γίνεται
2523 3345 2772 3408 κάλλους,
2793 3345 2890 3414 τῆς
2907 3343 3166 3405 πλατείας
3184 3341 3339 3412 ἡμῶν
3362 3341 3578 3409 φύσεως
3597 3339 3662 3392 τὸ

2077 3437 2274 3500 εὐῶδες
2295 3438 2390 3491 καὶ
2419 3436 2658 3506 καθαρὸν
2688 3435 2846 3496 ἄνθος
2871 3434 3243 3504 ἀναδιδούσης.
3267 3435 3476 3502 Ὀνομα
3498 3433 3555 3485 δὲ
3579 3431 3662 3502 τῷ

2077 3527 2228 3582 ἄνθει
2253 3528 2435 3598 κρίνον
2459 3527 2626 3580 ἐστίν.
2653 3521 2726 3595 *ῼ
2751 3526 2785 3593 ἠ
2816 3525 3057 3592 φυσικῶς
3080 3523 3486 3592 ὲνθεωρουμένη
3516 3521 3663 3591 λαμ-

2078 3617 2390 3687 πρότηςτὴν
2401 3618 2498 3687 τῆς
2513 3615 2860 3686 σωφροσύνης
2884 3614 3248 3685 μαρμαρυγὴν
3261 3614 3662 3670 ύπαινίσσεται.

2079 3707 2262 3760 Ταῦτα
2286 3706 2394 3776 γὰρ
2414 3707 2448 3776 ἡ
2474 3705 2659 3776 νύμφη
2677 3707 2803 3778 περὶ
2827 3705 3023 3774 ἑαυτῆς
3047 3703 3376 3774 διεξέρχεται
3403 3703 3660 3770 λέγουσα·

2079 3794 2224 3862 Ἐγὼ
2241 3795 2380 3865 μετά
2389 3795 2451 3848 τὸ
2467 3795 2718 3863 γενέσθαι
2732 3796 2866 3866 πρὸς
2878 3796 2944 3864 τῇ
2967 3793 3121 3863 κλίνῃ
3133 3795 3165 3862 ἡ
3175 3793 3289 3864 μῶν
3322 3793 3413 3846 τὸν
3425 3793 3668 3861 νυμφίον

2083 3887 2438 3940 συσκιαθέντα
2475 3885 2552 3956 τῷ
2585 3885 2796 3956 σώματι
2823 3928 2838 3949 ,
2881 3885 2941 3947 ὃς
2986 3884 3334 3954 ᾠκοδόμησεν
3360 3882 3541 3954 ἑαυτῷ
3568 3882 3668 3938 τὶν

2079 3974 2226 4032 οἷκον
2247 4018 2261 4043 ,
2306 3978 2405 4048 ἐμὲ
2449 3979 2570 4040 ταῖς
2595 3977 2704 4030 τῶν
2743 3976 2952 4046 ἀρετῶν
2985 3975 3200 4046 κὲδροις
3231 3974 3518 4045 ὀροφώσας
3561 3975 3668 4045 τὴν

2084 4071 2300 4140 στέγην,
2318 4069 2410 4122 καὶ
2443 4072 2509 4140 τῇ
2545 4067 2770 4138 εὐπνοίᾳ.
2789 4067 2898 4120 τῶν
2934 4066 3287 4136 κυπαρίσσων
3312 4066 3668 4129 καλλωπίσας

2081 4165 2171 4218 τὸν
2199 4166 2393 4235 δροφον
2417 4203 2431 4226 ,
2466 4163 2663 4231 γέγονα
2690 4163 2755 4215 ὲκ
2782 4160 2875 4214 τοῦ
2903 4160 3087 4213 πεδίου
3110 4159 3211 4226 τῆς
3233 4157 3450 4227 φύσεως
3478 4159 3667 4225 ἄνθος,

2082 4255 2305 4327 εύχροίᾳ
2329 4271 2387 4308 τε
2419 4254 2512 4307 καὶ
2533 4252 2731 4323 εὐωδίᾳ
2761 4252 2869 4305 τῶν
2896 4251 3097 4303 λοιπῶν
3113 4249 3288 4303 ἀνθῶν
3307 4247 3668 4318 διαφέρουσα.

2082 4352 2282 4423 Κρίνον
2303 4352 2409 4422 γὰρ
2431 4350 2671 4419 ἀνεφύην
2688 4351 2751 4402 ἐκ
2774 4348 2883 4400 τῶν
2902 4345 3181 4400 κοιλάδων.
3204 4344 3355 4414 Ἔχει
3377 4343 3436 4396 δὲ
3465 4345 3500 4415 ή
3523 4344 3672 4408 λέξις

2082 4447 2276 4510 οὕτως·
2310 4445 2450 4515 Ἐγὼ
2467 4445 2650 4510 ἄνθος
2677 4443 2785 4498 τοῦ
2810 4442 3019 4497 πεδίου
3035 4482 3050 4505 ,
3073 4442 3281 4508 κρίνον
3304 4438 3426 4493 τῶν
3463 4442 3670 4496 κοιλά-

2083 4544 2223 4598 δων.
2250 4543 2487 4612 Ἀληθῶς
2508 4542 2614 4615 γὰρ
2632 4543 2666 4612 ἡ
2689 4541 2774 4595 διά
2796 4539 2903 4593 τῶν
2924 4537 3413 4608 προθεωρηθὲντων
3432 4539 3568 4607 ἡμῖν
3591 4540 3670 4608 τῷ

2082 4637 2270 4692 πλάτει
2304 4637 2519 4707 φύσεως
2546 4635 2917 4710 γεωργηθεῖσα
2941 4634 3105 4704 ψυχή.
3145 4632 3331 4686 Πεδίον
3355 4635 3466 4702 γὰρ
3503 4635 3657 4686 ἀκού-

2085 4752 2296 4799 σαντες,
2315 4735 2413 4805 τὴν
2435 4733 2750 4805 πλατύτητα
2773 4732 2869 4802 τῆς
2894 4730 3241 4802 ἀνθρωπίνης
3263 4729 3480 4798 φύσεως
3508 4730 3681 4798 ἐνοή-’

2087 4851 2281 4902 σαμεν,
2318 4833 2405 4886 διὰ
2434 4833 2493 4887 τὸ
2533 4831 2740 4886 πολλῶν
2789 4848 2850 4884 τε
2882 4830 2974 4883 καί¹
3007 4829 3250 4898 ἀπείρων
3293 4825 3462 4896 αὐτὴν
3491 4825 3668 4879 δεκτι-

2085 4928 2185 4997 κὴν
2210 4923 2348 4981 εἶναι
2369 4929 2654 5000 νοημάτων
2673 4944 2731 4981 τε
2754 4927 2847 4980 καὶ
2869 4925 3128 4996 ῥημάτων
3161 4925 3252 4976 καὶ
3296 4922 3667 4993 μαθημάτων.

2097 5026 2158 5078 Ἥ
2182 5025 2355 5078 τοίνυν
2383 5026 2525 5079 κατά
2542 5027 2629 5078 τὸν
2642 5025 2929 5096 εἰρημένον
2961 5025 3159 5093 τρόπον
3192 5021 3341 5091 παρά
3368 5019 3462 5072 τοῦ
3489 5037 3666 5091 γεωρσ

2082 5122 2304 5192 γοῦντος
2333 5123 2432 5194 τὴν
2483 5123 2644 5191 φύσιν
2690 5122 2846 5191 ἡμῶν
2891 5119 3262 5190 ὲμπονηθεῖσα
3303 5116 3470 5186 ψυχὴ,
3505 5116 3668 5178 ἄνθος

2081 5218 2307 5290 εὔοδμον
2349 5235 2409 5272 τε
2445 5219 2540 5272 καὶ
2565 5216 2815 5288 λαμπρὸν
2848 5215 2943 5268 καὶ
2994 5213 3231 5284 καθαρὸν
3275 5211 3577 5279 ἀναφύεται
3606 5214 3668 5265 ὲκ

2084 5315 2178 5367 τοῦ
2208 5315 2307 5385 τῆς
2356 5313 2572 5382 φύσεως
2604 5311 2762 5382 ἡμῶν
2816 5309 3023 5363 πεδίου.
3057 5309 3131 5360 Τὸ
3163 5308 3218 5361 δὲ
3253 5307 3433 5360 πεδίον
3474 5307 3665 5372 τοῦτο,

2087 5411 2190 5465 κᾶν
2217 5412 2499 5481 συγκρίσει
2546 5409 2644 5479 τῆς
2674 5407 2929 5478 οὐρανίας
2953 5405 3227 5474 διαγωγῆς
3255 5403 3438 5466 κοιλὰς
3463 5404 3662 5473 ὀνομά-

2093 5507 2263 5571 ζεται,
2293 5508 2445 5560 οὐδὲν
2491 5501 2653 5578 ἧττον
2707 5503 2888 5558 πεδίον
2930 5501 3066 5565 ἐστὶ,
3107 5503 3198 5555 καὶ
3230 5502 3293 5555 ού
3337 5500 3664 5559 κωλύεταιή

1109 5693 1198 5746 ⁸⁸1
1231 5691 1468 5746 'l‘imoth.
1503 5706 1583 5752 ιιι,
1616 5678 1670 5742 7.
1748 5688 1790 5718 δ’
1813 5685 1829 5737 l
1856 5686 1984 5740 Cor.
2013 5698 2123 5750 xrv,
2160 5684 2251 5739 40.
