3846 6220
107 311 201 366 86!

1144 297 1214 356 1N
1253 294 1547 354 CANTICA
1590 294 1864 353 CANTIC.
1906 292 2192 350 HOMILIA
2233 292 2313 348 IV.

3262 296 3369 352 84]

107 432 164 481 ὲν
191 426 330 496 αὐτῇ
386 420 804 494 γεγωργηθεῖσα
853 417 1036 482 καλῶς
1079 416 1240 482 ἀνθος
1283 416 1537 486 γενέσθαι
1574 433 1588 447 ο
1625 417 1690 468 ὲκ

1813 415 1969 487 surgit
2013 429 2275 486 germen,
2331 412 2474 468 sicut
2523 413 2650 467 licet
2706 413 2888 469 videre
2934 413 3052 469 ﬁeri
3115 412 3173 467 in
3228 414 3365 468 lilio.

107 521 214 594 γὰρ
248 518 340 573 τοῦ
384 515 564 570 κοίλου
596 515 691 567 ἐπὶ
729 513 792 566 τὸ
832 511 1035 582 ὑψηλὸν
1061 513 1091 564 6
1131 510 1358 582 βλαστὸς
1385 508 1686 571 ἀνατέλλει,

108 607 288 671 καθὼς
318 605 467 659 ἐστιν
497 604 626 656 ἰδεῖν
655 601 748 655 ἐπὶ
772 600 868 654 τοῦ
887 600 1074 673 κρίνου
1102 601 1407 670 γινόμενον.
1427 599 1688 653 *Επιπολὺ

108 701 217 771 γὰρ
236 698 330 752 ἐπὶ
360 696 422 750 τὸ
454 694 637 766 ὄρθιον
661 693 727 745 ὲκ
753 692 852 761 τῆς
879 691 1036 763 ῥίζης
1069 689 1442 763 καλαμοειδῶς
1464 689 1692 761 ἀναδρα-

114 794 290 865 μοῦσα
321 793 356 862 ὴ
396 788 594 860 βοτάνη
643 783 738 839 τοῦ
791 784 1001 856 κρίνου,
1041 782 1165 836 τότε
1206 781 1268 835 τὸ
1306 780 1468 844 ἄνθος
1497 781 1562 834 ἐκ
1591 781 1690 850 τῆς

110 882 353 955 κορυφῆς
383 877 734 939 ἀναδίδωσιν,
766 875 868 928 οὐκ
898 874 1066 944 ὀλίγῳ
1101 871 1180 942 τῷ
1219 870 1421 942 μεταξῦ
1464 871 1690 940 διαστή-

113 991 242 1044 ματι
275 974 374 1042 τῆς
405 969 510 1039 γῆς
539 965 1016 1037 ἀποστήσασα,ὼς
1045 959 1322 1032 ἂν,ο“ίμαι,
1355 960 1595 1033 καθαρὸν
1632 960 1691 1013 ὲν

112 1064 372 1136 μετεώρῳ
408 1060 659 1132 διαμένοι
685 1059 745 1113 τὸ
786 1057 1003 1122 κάλλος,
1035 1058 1103 1128 τῇ
1128 1055 1267 1128 πρὸς
1292 1055 1393 1127 τὴν
1420 1053 1525 1124 γῆν
1571 1055 1693 1107 ἐπι-

114 1156 266 1229 μιξίᾳ
321 1155 397 1226 μὴ
448 1151 831 1224 μολυνόμενον.
891 1148 992 1202 Διά
1041 1147 1216 1202 ταῦτα.
1264 1148 1360 1202 καὶ
1405 1148 1435 1200 6
1484 1146 1691 1210 δίκαιος

109 1247 385 1318 ὀφθαλμὸς
426 1246 526 1316 τὴν
573 1242 732 1297 τοῦτο
764 1241 1066 1313 γενομένην
1088 1279 1105 1304 ,
1148 1239 1269 1310 ἦτοι
1296 1237 1550 1308 γενέσθαι
1588 1254 1691 1290 πο-

110 1341 359 1410 θήσασαν
399 1351 414 1366 ·
453 1335 740 1406 ἀμφότερα
798 1332 908 1402 γὰρ
957 1335 1022 1386 ὲκ
1070 1329 1181 1384 τῶν
1227 1329 1532 1402 εἰρημένων
1589 1329 1693 1382 ὐπ-

109 1429 432 1500 ενοήσαμεν,
465 1426 500 1496 ἦ
547 1425 631 1478 ὅτι
689 1423 1113 1494 μεγαλαυχεῖται
1156 1419 1232 1484 ὡς
1280 1419 1381 1491 ἤδη
1423 1418 1691 1490 γενομένη

108 1521 248 1590 ὅπερ
277 1515 648 1586 ἐπε-πόθησεν,
681 1513 714 1584 ἢ
748 1515 831 1567 ὅτι
873 1512 1044 1565 δεῖται
1098 1507 1194 1564 τοῦ
1231 1509 1480 1581 γεωργοῦ
1532 1509 1692 1573 ἄνθος

109 1608 384 1678 γενέσθαι,
415 1606 505 1660 διὰ
558 1606 658 1676 τῆς
695 1603 906 1658 ἐκείνου
943 1602 1134 1672 σοφίας
1162 1603 1228 1654 ὲκ
1279 1600 1391 1654 τῶν
1431 1600 1692 1654 κοιλάδων

107 1702 207 1772 τῆς
245 1699 595 1772 ἀνθρωπίνης
649 1697 794 1766 ζωῆς
831 1697 910 1760 εἰς
965 1694 1154 1765 κρίνου
1211 1690 1406 1755 κάλλος
1457 1690 1692 1762 ἀναδρα-

1796 507 1989 578 Magna
2035 507 2178 562 enim
2223 521 2289 560 ex
2336 512 2492 575 parte
2542 520 2665 560 cum
2719 506 2776 559 in
2839 515 3050 560 rectum
3105 521 3136 560 a
3185 507 3371 561 radice

1797 597 1973 653 instar
2003 597 2290 653 arundinis
2321 596 2622 652 excurrerit
2654 595 2822 652 herba
2853 598 2989 660 lilii,
3031 597 3217 653 ﬂorem
3255 597 3370 653 edit

1795 703 1862 742 ex
1888 689 2115 753 vertice,
2162 702 2273 743 non
2317 688 2535 742 modico
2599 687 2968 743 intercedente
3012 688 3297 743 intervallo
3339 703 3369 741 a

1799 787 1942 836 terra
1974 787 2182 834 tantum
2212 779 2444 844 distans,
2474 787 2758 848 quantum.
2797 788 2857 832 ut
2887 781 3101 849 opinor,
3135 779 3268 833 satis
3299 779 3373 833 sit

1797 871 1865 925 ad
1907 870 2012 925 hoc
2069 879 2130 924 ut
2180 878 2397 925 maneat
2447 884 2584 940 pura
2627 869 2684 924 in
2737 870 2956 924 sublimi
3003 870 3368 940 pulchritudo,

1795 976 1908 1016 non
1931 962 2211 1033 inquinata
2233 962 2489 1018 mistione
2513 977 2635 1017 cum
2663 968 2829 1019 terra.
2863 961 3152 1032 Propterea
3207 963 3370 1018 etiam

1793 1052 1979 1123 justus
2025 1053 2242 1120 oculus,
2288 1068 2407 1108 eam
2447 1069 2570 1123 quas
2615 1053 2718 1108 hoc
2752 1053 2895 1108 facta
2945 1062 3052 1120 est,
3097 1054 3183 1108 vel
3255 1053 3372 1107 ﬁeri

1799 1143 2126 1198 desideravit
2154 1145 2466 1215 (utrumque
2491 1147 2633 1200 enim
2695 1161 2760 1200 ex
2808 1145 2875 1200 iis
2911 1160 3032 1214 qua:
3060 1143 3207 1199 dicta
3245 1152 3374 1200 sunt

1798 1233 2179 1304 intelligimus,
2209 1251 2404 1306 nempe
2442 1235 2587 1304 quod
2631 1235 2712 1290 vel
2739 1235 3005 1305 gloriatur
3035 1250 3094 1289 se
3115 1232 3226 1304 jam
3259 1234 3376 1289 fac-

1797 1335 1911 1381 tam
1984 1341 2107 1382 esse
2157 1327 2302 1397 quod
2329 1329 2680 1393 desideravit,
2712 1328 2795 1381 vel
2841 1326 2985 1395 quod
3030 1337 3186 1397 rogat
3228 1325 3374 1396 agri-

1798 1417 1974 1473 colam
2013 1427 2073 1472 ut
2102 1417 2200 1472 llos
2235 1421 2326 1472 tiat
2352 1434 2448 1489 per
2478 1420 2622 1474 illius
2654 1418 2973 1489 sapientiam
2994 1457 3010 1482 ,
3038 1433 3107 1472 ex
3143 1416 3376 1471 vallibus

1800 1508 2052 1565 humanae
2089 1513 2214 1565 vitae
2257 1511 2323 1565 ad
2389 1510 2488 1565 lilii
2533 1525 2827 1580 assurgens
2891 1507 3376 1580 pulchritudinem)

1800 1603 1916 1658 sive
1940 1617 2071 1673 ergo
2093 1604 2210 1658 vult
2239 1603 2341 1657 hoc
2385 1603 2526 1668 fieri,
2563 1617 2660 1658 seu
2696 1603 2838 1658 facta
2869 1611 2954 1659 est
2977 1602 3121 1673 quod
3186 1601 3376 1665 voluit,

1800 1701 1950 1748 recte
2008 1693 2193 1763 justus
2235 1695 2422 1764 sponsi
2459 1695 2651 1750 oculus
2683 1693 2805 1766 ejus
2835 1695 2978 1750 bono
3005 1694 3198 1749 annuit
3231 1693 3379 1748 desi-

112 1792 322 1864 μοῦσα·
355 1791 466 1846 είτε
506 1788 600 1844 οὖν
646 1788 899 1859 γενέσθαι
948 1786 1196 1858 βούλεται
1224 1783 1402 1847 τοῦτο,
1438 1785 1548 1837 είτε
1601 1784 1696 1837 καὶ

1813 1782 1950 1839 lerio
1993 1799 2115 1854 quae
2169 1785 2235 1840 ad
2283 1785 2404 1855 ejus
2445 1783 2677 1841 formam
2723 1786 2942 1856 aspicit,
2995 1794 3056 1842 ut
3123 1787 3242 1857 ipsa
3287 1784 3381 1840 ﬁat

108 1884 336 1954 γέγονεν
355 1884 492 1955 ὅπερ
521 1881 774 1952 ἠθέλησε,
804 1877 986 1942 καλῶς
1010 1879 1039 1932 6
1063 1877 1266 1938 δίκαιος
1298 1874 1574 1946 ὀφθαλμὸς
1596 1873 1692 1928 τοῦ

1813 1875 1997 1940 lilium,
2044 1877 2268 1932 minime
2317 1876 2645 1943 suﬂ'ocataa
2686 1878 2861 1948 Spinis
2903 1879 3058 1943 vitae,
3112 1893 3251 1948 quas
3283 1893 3384 1932 no-
3437 1885 3440 1888 ’

109 1971 374 2042 νυμφίου,
401 1970 536 2042 πρὸς
565 1968 663 2040 τὴν
693 1967 905 2039 ἀγαθὴν
931 1965 1225 2034 ἐπιθυμίαν
1251 1966 1351 2035 τῆς
1371 1962 1508 2034 πρὸς
1532 1964 1696 2017 αὑτὸν

1813 1969 2030 2023 minavit
2079 1969 2239 2033 filias,
2283 1971 2470 2036 tacite,
2503 1979 2562 2026 ut
2611 1971 2867 2034 arbitror,
2916 1973 3211 2027 ostendens
3286 1969 3384 2024 iui-

107 2063 328 2135 ὁρώσης
387 2061 530 2124 ἰδὼν,
579 2059 836 2114 ἐπένευσε
890 2056 1145 2126 γενέσθαι
1179 2055 1365 2126 κρίνον
1397 2055 1587 2126 αὐτὴν,
1619 2055 1696 2127 μὴ

1813 2060 1975 2116 micas
2013 2062 2140 2116 vita:
2176 2061 2428 2116 humana:
2474 2069 2792 2132 potestates,
2857 2077 3090 2133 quarum
3133 2064 3386 2117 nomina—

112 2153 555 2224 συμπνιγὸμενον
603 2151 722 2213 ταῖς
769 2148 864 2202 τοῦ
901 2147 1017 2219 βίου
1045 2146 1330 2211 ἀκάνθαις,
1366 2146 1435 2210 ἃς
1467 2147 1698 2216 θυγατέ-

1813 2160 1897 2206 lur
1924 2162 2080 2223 pater
2108 2156 2155 2209 is
2184 2153 2274 2222 qui
2311 2162 2396 2210 est
2429 2153 2681 2210 inventor
2706 2155 2847 2210 vitii.

111 2264 210 2317 ρας
254 2245 562 2316 ὠνόμασεν,
587 2241 988 2312 ἐνδειξάμενος,
1048 2237 1223 2312 οἶμαι,
1282 2239 1427 2294 κατὰ
1463 2239 1526 2294 τὸ
1593 2240 1948 2316 σιωπώμενον
1990 2246 2090 2311 τὰς
2138 2245 2340 2317 ὲχθράς
2387 2247 2488 2318 τῆς
2533 2245 2880 2319 ἀνθρωπίνης
2910 2245 3056 2318 ζωῆς
3103 2245 3382 2317 δυνάμεις,

108 2332 183 2394 ὧν
204 2340 392 2410 πατὴρ
420 2340 450 2391 6
479 2339 580 2410 τῆς
609 2339 808 2402 κακίας
840 2337 1068 2408 εὑρετὴς
1099 2338 1546 2410 κατονομάζεται.

191 2431 295 2496 Ὡς
339 2429 549 2497 κρίνον
578 2423 695 2493 οὖν’
731 2426 894 2500 φησὶν
913 2467 929 2492 ν
959 2428 1031 2481 έν
1053 2426 1222 2497 μέσῳ
1249 2428 1369 2482 τῶν
1403 2426 1702 2492 ἀκανθῶν,

109 2520 306 2585 οὕτως
321 2519 554 2588 ἀδελφή
570 2537 692 2589 μου
718 2520 788 2572 ἐν
803 2519 972 2589 μέσῳ
997 2517 1117 2573 τῶν
1135 2519 1494 2589 θυγατέρων.
1530 2517 1705 2590 Ὀσην

113 2613 340 2683 ὁρῶμεν
385 2614 483 2683 τῆς
512 2614 592 2675 είς
619 2612 681 2665 τὸ
714 2611 848 2681 ὕψος
897 2611 1082 2665 ἀνόδου
1135 2611 1234 2682 τὴν
1279 2611 1561 2683 προκοπὴν
1613 2610 1706 2663 ἐπὶ

108 2707 211 2775 τῆς
254 2703 434 2774 ψυχῆς
478 2703 792 2772 γινομένην.
835 2702 1034 2773 Πρώτη
1067 2701 1270 2766 ἄνοδος,
1307 2703 1371 2756 τὸ
1422 2701 1559 2773 πρὸς
1607 2701 1705 2772 τὴν

111 2796 508 2868 καθαιρετικὴν
544 2797 648 2866 τῆς
671 2795 975 2864 Αἰγυπτίας
1001 2796 1282 2865 δυνάμεως
1308 2795 1472 2849 ἵππον
1507 2796 1707 2865 ὁμοιω-

112 2888 297 2959 θῆναι.
335 2887 574 2958 Δευτέρα
600 2887 785 2950 ἄνοδος
805 2929 820 2951 ,
848 2886 909 2940 τὸ
948 2887 1179 2958 πλησίον
1227 2887 1398 2958 αὐτὴν
1429 2887 1708 2955 γενέσθαι,

113 2983 212 3035 καὶ
261 2980 594 3052 περιστερᾶς
645 2979 870 3049 ποιῆσαι
917 2978 985 3032 τὰ
1030 2977 1275 3050 δμματα.
1317 2979 1486 3049 Τρίτη
1527 2978 1708 3032 τοίνυν

113 3071 310 3135 ἄνοδος
339 3069 403 3122 τὸ
435 3069 632 3140 μηκέτι
660 3068 909 3140 πλησίον,
949 3067 1063 3122 ἀλλ’
1102 3068 1337 3140 ἀδελφὴν
1377 3067 1473 3122 τοῦ
1503 3068 1708 3123 Δεσπό-

115 3181 211 3217 του
238 3161 631 3232 ὀνομασθῆναι.
671 3163 778 3226 Ὃς
806 3159 885 3215 ἂν
912 3160 1163 3229 ποιήσῃ,
1196 3161 1350 3232 φησὶ,
1374 3160 1442 3213 τὸ
1477 3161 1708 3230 θέλημα

115 3254 230 3308 τοῦ
271 3253 509 3322 Πατρός
554 3271 676 3322 μου
706 3251 816 3306 τοῦ
854 3253 924 3305 ἐν
969 3251 1096 3318 τοῖς
1141 3250 1440 3321 οὐρανοῖς,
1470 3247 1712 3318 οὗτος,ρὸ

117 3347 394 3414 ἀδελφός
417 3361 559 3413 μου,
587 3343 686 3400 καί
716 3342 946 3413 ἀδελφή
979 3362 1122 3413 μου,
1155 3344 1255 3398 καὶ
1281 3342 1478 3413 μήτηρ
1517 3343 1708 3398 ἐστίν.

129 3438 294 3490 Ἐπεὶ
321 3433 416 3489 οὖν
448 3434 672 3504 γέγονεν
712 3435 892 3500 ἄνθος,
922 3435 1089 3506 μηδὲν
1130 3433 1234 3486 ὑπὸ
1257 3434 1366 3488 τῶν
1405 3432 1714 3504 ἁκανθηφόσ

123 3545 237 3601 ρων
281 3529 610 3600 πειρασμῶν
637 3529 776 3600 πρὸς
804 3528 867 3581 τὺ
902 3527 1159 3597 γενέσθαι
1203 3527 1387 3596 κρίνον
1431 3526 1712 3596 παραϐλα-

119 3620 308 3681 σείσα,
336 3619 707 3690 ὲπιλαθομένη
736 3619 794 3672 δὲ
841 3619 935 3673 τοῦ
981 3616 1114 3672 λαοῦ
1161 3619 1258 3671 καὶ
1302 3616 1396 3671 τοῦ
1439 3617 1588 3671 οἴκου
1618 3616 1714 3670 τοῦ

120 3711 338 3782 πατρὸς
369 3709 560 3780 αὐτῆς,
590 3710 726 3781 πρὸς
787 3709 879 3762 τὸν
917 3707 1169 3779 ἀληθινὸν
1215 3703 1323 3760 εἶδε
1359 3707 1601 3780 Πατέρα,
1635 3707 1716 3760 διὸ

121 3802 221 3856 καὶ
255 3800 462 3872 ἀδελφὴ
485 3801 578 3854 τοῦ
609 3799 814 3872 Κυρίου
837 3800 1195 3871 ὀνομάζεται,
1217 3799 1296 3870 τῷ
1314 3798 1416 3868 τῆς
1445 3797 1717 3862 υἱοθεσίας

123 3893 406 3964 πνεύματι
436 3893 571 3964 πρὸς
596 3893 694 3964 τὴν
734 3893 1054 3961 συγγένειαν
1081 3891 1284 3961 ταύτην
1309 3891 1680 3962 εἰσποιηθεῖσα
1697 3930 1714 3958 ,

121 3987 225 4040 καὶ
251 3985 359 4055 τῆς
392 3986 528 4054 πρὸς
558 3985 659 4049 τὰς
681 3985 987 4056 θυγατέρας
1017 3983 1112 4037 τοῦ
1136 3983 1488 4055 ψευδωνύμου
1513 3984 1718 4052 πατρὸς

124 4079 422 4142 κοινωνίας
447 4078 823 4147 ἀπαλλαγεῖσα
842 4120 857 4145 ,
885 4078 1048 4132 πάλιν
1089 4077 1298 4147 γίνεται
1349 4076 1547 4147 ἑαυτῆς
1579 4075 1719 4147 ὑψη-

123 4169 351 4240 λοτέρα,
379 4170 474 4223 καὶ
500 4169 686 4238 βλέπει
715 4169 778 4222 τὸ
806 4169 1123 4239 μυστήριον,
1162 4167 1251 4221 διὰ
1280 4167 1390 4220 τῶν
1426 4167 1527 4237 τῆς
1563 4184 1720 4238 περι-

126 4262 336 4333 στερᾶς
373 4259 700 4330 ὀφθαλμῶν
745 4260 888 4329 λέγω
921 4260 978 4312 δὲ
1020 4259 1100 4330 τῷ
1147 4258 1416 4329 πνεύματι
1454 4259 1554 4328 τῆς
1581 4275 1717 4329 προ-

123 4352 384 4423 φητείας.
426 4352 492 4404 '0
519 4350 576 4403 δὲ
604 4349 771 4419 λέγει,
795 4350 1035 4404 τοιοῦτόν
1074 4352 1222 4403 ἐστιν
1245 4374 1256 4381 -
1298 4349 1396 4412 Ὠς
1419 4347 1623 4418 μῆλον
1649 4347 1720 4401 ἐν

123 4444 258 4510 τοῖς
309 4444 521 4509 ξύλοις
576 4442 686 4496 τοῦ
718 4441 970 4511 δρυμοῦ,
1012 4441 1201 4507 οὕτως
1246 4437 1570 4508 ἀδελφιδός
1594 4455 1717 4509 μου

121 4533 248 4587 ἀνὰ
269 4530 470 4600 μέσον
493 4529 614 4585 τῶν
638 4531 802 4586 υἱῶν.
821 4531 886 4584 Τί
916 4525 1010 4583 οὖν
1045 4532 1191 4584 ἐστιν
1215 4528 1244 4582 ὃ
1272 4527 1553 4593 τεθέαται;
1581 4531 1720 4598 Apu-

1878 2425 2028 2480 Sicut
2063 2427 2236 2481 lilium
2265 2441 2430 2498 ergo,
2463 2426 2676 2498 inquit,
2717 2429 2856 2482 inter
2887 2429 3090 2496 spinas,
3122 2430 3199 2484 sic
3233 2444 3387 2487 soror

1807 2535 1923 2572 mea
1965 2520 2105 2574 inter
2151 2520 2317 2589 ﬁlias.
2365 2519 2642 2586 Quantum
2694 2520 2943 2576 videmus
2992 2535 3280 2578 ascensum
3327 2526 3383 2581 in

1806 2611 2013 2676 altum,
2063 2619 2277 2666 tantum
2332 2611 2581 2667 videmus
2629 2627 2754 2668 esse
2794 2612 2991 2667 anima:
3048 2612 3378 2684 profectum.

1805 2701 2023 2758 Primus
2067 2718 2333 2760 ascensus
2374 2710 2458 2759 est
2505 2703 2800 2759 assimilari
2847 2705 3031 2772 equis,
3061 2705 3156 2776 qui
3192 2707 3386 2777 copias

1817 2795 2105 2868 Egyptias
2145 2796 2505 2868 perdiderunt
2555 2811 2620 2851 ac
2657 2797 3065 2852 destruxerunt.
3102 2796 3389 2856 Secundus

1814 2902 2082 2942 ascensus
2132 2896 2238 2950 est,
2292 2887 2441 2957 quod
2505 2902 2569 2941 ea
2628 2887 2770 2940 facta
2825 2887 2897 2942 sit
2950 2888 3280 2960 propinqua,
3334 2898 3391 2946 et

1813 2979 1959 3049 quod
1997 2977 2191 3034 fecerit
2236 2979 2428 3034 oculos
2471 2979 2759 3034 columbae.
2813 2976 3036 3035 Tertius
3067 2988 3152 3036 est
3196 2997 3391 3037 ascen‘

1812 3086 1931 3134 sus,
1975 3070 2123 3140 quod
2157 3086 2267 3125 non
2303 3071 2538 3140 amplius
2579 3071 2910 3142 propinqua,
2953 3071 3049 3127 sed
3091 3087 3250 3127 soror
3283 3073 3390 3126 Do.-

1811 3163 1945 3216 minl
1973 3163 2040 3218 sit
2081 3163 2378 3218 nominata.
2416 3161 2524 3228 Qui
2560 3160 2947 3234 enim,inquit,
2977 3165 3163 3232 fecerit
3201 3164 3391 3218 volun-

1817 3263 1977 3308 tatem
2013 3253 2198 3307 Patris
2232 3254 2333 3307 mei
2379 3255 2469 3324 qui
2505 3255 2561 3308 in
2606 3254 2750 3309 oculis
2791 3264 2892 3318 est,
2941 3255 3027 3308 hic
3071 3265 3151 3310 est
3198 3256 3389 3325 frater,

1814 3363 1966 3401 soror
2011 3355 2063 3401 et
2114 3355 2286 3400 mater
2307 3345 2374 3402 ".
2425 3344 2721 3418 Postquam
2772 3362 2904 3418 ergo
2951 3345 3095 3402 facta
3139 3357 3226 3405 est
3267 3348 3388 3414 llos,

1813 3453 1993 3507 neque
2023 3453 2053 3491 a
2087 3437 2327 3508 spinosis
2352 3438 2481 3494 laesa
2517 3437 2618 3492 fuit
2672 3441 3071 3496 tentationibus
3097 3444 3392 3512 quominus

1814 3539 1962 3582 esset
1988 3527 2186 3590 lilium,
2220 3528 2389 3582 oblita
2426 3529 2613 3599 populi
2645 3539 2700 3584 et
2737 3531 2933 3586 domus
2960 3534 3133 3602 patris
3169 3543 3224 3589 et
3266 3551 3390 3589 ma-

1815 3620 1918 3674 tris
1944 3634 2075 3685 suae,
2111 3620 2322 3687 aspexit
2363 3619 2430 3675 ad
2461 3636 2647 3675 verum
2673 3617 2890 3676 Patrem
2919 3640 2934 3678 :
2975 3632 3030 3678 et
3068 3624 3191 3680 ideo
3226 3641 3386 3680 voca-

1815 3715 1908 3763 tur
1952 3725 2110 3764 soror
2150 3707 2389 3774 Domini,
2442 3709 2638 3781 spiritu
2680 3711 2916 3766 ﬁliorum
2973 3713 3284 3786 adoptionis
3338 3718 3391 3772 in

1816 3803 1960 3858 hanc
1988 3803 2242 3872 adoptata
2272 3805 2677 3874 cognationem,
2711 3815 2764 3860 et
2792 3805 3021 3860 liberata
3053 3823 3082 3861 a
3129 3809 3395 3865 societate

1815 3902 1870 3951 et
1902 3895 2288 3964 conjunctione
2337 3911 2461 3950 cum
2502 3896 2720 3952 ﬁliabus
2756 3899 2926 3965 patris
2971 3900 3062 3968 qui
3110 3898 3250 3956 falso
3296 3917 3392 3954 no-

1817 3987 2081 4050 minatur,
2141 3987 2318 4056 seipsa
2368 4002 2565 4042 rursus
2610 3986 2670 4041 ﬁt
2717 3989 3024 4054 sublimior,
3075 4000 3129 4045 et
3186 3991 3388 4060 aspicit

1817 4081 2140 4154 mysterium
2179 4096 2274 4151 per
2316 4079 2508 4134 oculos
2559 4080 2850 4146 columbae,
2886 4095 2982 4150 per
3012 4081 3265 4150 spiritum
3312 4083 3396 4137 in-

1819 4187 1983 4242 quam
2045 4172 2364 4241 prophetiae.
2412 4169 2528 4224 Hoc
2574 4178 2659 4226 est
2709 4180 2892 4225 autem
2940 4171 3087 4241 quod
3149 4172 3393 4242 aspicit:

1821 4261 1970 4317 Sicut
2010 4277 2221 4330 pomum
2277 4264 2333 4314 in
2382 4260 2538 4332 lignis
2584 4260 2770 4326 silvae,
2817 4262 2895 4314 sic
2943 4262 3202 4330 patruelis
3251 4278 3396 4316 meus

1818 4356 1956 4409 inter
1981 4355 2142 4424 ﬁlios.
2178 4353 2318 4419 Quid
2350 4363 2435 4408 est
2462 4368 2592 4423 ergo
2623 4352 2771 4423 quod
2802 4352 2974 4407 vidit?
3023 4351 3227 4407 Silvam
3259 4355 3398 4408 solet

1821 4446 2107 4499 nominare
2155 4443 2458 4512 Scriptura,
2509 4442 2815 4496 silvestrem
2867 4441 3149 4495 hominum
3203 4442 3394 4501 vitam.

1820 4535 1876 4590 in
1924 4551 2032 4605 qua
2061 4533 2341 4587 luxuriant
2369 4530 2521 4586 varia
2568 4547 2765 4602 genera
2817 4531 2983 4584 animi
3024 4532 3394 4602 perturbatio-

125 4625 233 4695 μὸν
255 4623 516 4694 ὀνομάζει
542 4623 786 4694 συνήθως
819 4625 852 4694 ἡ
893 4623 1026 4691 ἁγία
1062 4621 1253 4694 Γραφὴ
1283 4621 1373 4674 τὸν
1397 4619 1572 4691 ὑλώδη
1607 4619 1702 4672 τῶι

1823 4642 1976 4688 num,
2003 4625 2058 4679 in
2096 4640 2201 4694 qua
2239 4633 2496 4693 tanquam
2535 4621 2593 4676 in
2635 4630 2796 4676 antro
2829 4621 3072 4677 insident
3103 4637 3167 4677 ac
3203 4623 3397 4677 deliten

120 4715 440 4788 ἀνθρώπων
465 4715 599 4787 βίον,
627 4719 718 4768 τὸν
737 4715 804 4769 τὰ
834 4715 1053 4769 ποικίλα
1084 4715 1190 4768 τὼν
1231 4713 1567 4784 παθημάτων
1599 4711 1713 4782 εἴδη

123 4807 579 4879 ὑλομνὴσαντα,
607 4807 664 4858 ὲν
687 4799 732 4874 ᾧ
763 4806 832 4859 τὰ
853 4806 1126 4876 φθαρτικα
1159 4803 1325 4875 θηρία
1363 4801 1594 4871 φωλεύει
1622 4803 1727 4856 καὶ

123 4899 602 4969 κατακρύπτεται,
617 4891 690 4952 ὧν
714 4899 747 4968 ἡ
779 4896 938 4966 φύσις
961 4899 1019 4949 ὲν
1042 4896 1180 4966 φωτὶ
1202 4895 1297 4948 καὶ
1323 4894 1458 4966 ἡλίῳ
1495 4893 1716 4965 ἀνενέρ-

123 5007 303 5060 γητος
344 4990 603 5060 μένουσα,
648 4989 736 5043 διὰ
791 4989 1015 5052 σκότους
1055 4989 1154 5058 τὴν
1206 4988 1360 5058 ἰσχὺν
1397 4987 1529 5057 ἔχει.
1561 4987 1718 5040 Μετὰ

122 5080 242 5149 γὰρ
274 5078 338 5130 τὸ
375 5079 527 5131 δῦναι
559 5078 648 5132 τὸν
681 5077 832 5150 ἥλιον
853 5119 868 5141 ,
917 5078 1083 5148 φησιν
1108 5077 1136 5128 6
1162 5077 1480 5147 Προφήτης,
1528 5077 1722 5137 νυκτὸς

123 5169 524 5242 ἐπιγινομένης
563 5171 622 5222 ὲν
673 5171 811 5242 αὐτῇ
854 5171 922 5224 τὰ
968 5169 1132 5242 θηρία
1179 5167 1289 5220 τῶν
1327 5167 1550 5238 φωλεῶν
1593 5167 1724 5220 ἀνα-

122 5261 380 5317 δύεσθαι.
425 5261 643 5333 Ἐπειδὴ
694 5262 873 5316 τοίνυν
916 5265 945 5315 6
978 5261 1161 5332 μονιὸς
1199 5263 1227 5312 6
1261 5261 1318 5312 ὲν
1362 5259 1440 5330 τῷ
1479 5257 1722 5329 δρυμῶνι

123 5355 495 5425 τρεφόμενος,
525 5353 625 5425 τὴν
660 5353 830 5426 καλὴν
862 5354 963 5424 τῆς
991 5353 1336 5424 ἀνθρωπίνης
1368 5350 1584 5421 φύσεως
1616 5350 1725 5420 ἄμ-

126 5447 308 5500 πελον
336 5445 660 5517 ἐλυμήνατο,
681 5446 862 5510 καθώς
885 5463 1049 5516 φησιν
1072 5446 1100 5496 6
1123 5441 1433 5516 Προφήτης,
1457 5444 1538 5496 ὅτι
1572 5441 1734 5497 Ἐλυ-

127 5536 373 5608 mirata
391 5533 587 5605 αὐτὴν
600 5534 676 5605 ὗς
691 5538 760 5594 ἐκ
780 5536 1030 5608 δρυμοῦ,
1046 5536 1146 5590 καὶ
1156 5538 1366 5606 μονιὸς
1381 5534 1583 5604 ἄγριος
1598 5553 1735 5589 κατ-

244 5741 300 5776 ¹⁰
328 5741 518 5797 Matth.
559 5757 658 5806 xu,
706 5743 813 5829 50_;
844 5743 978 5801 Luc.
1021 5761 1143 5812 vm,
1173 5747 1263 5803 2|.

483 5843 594 5902 Ρη
612 5859 746 5904 nou.
798 5842 889 5902 Gn
950 5841 1088 5902 XLI
1103 5841 1176 5902 V.

1361 5749 1404 5779 ³¹
1443 5747 1587 5803 l'sal.
1620 5761 1740 5815 cm,
1779 5745 1845 5803 l9
1886 5761 2001 5817 seq.

1825 4727 1989 4774 scunt
2046 4718 2173 4771 fera:
2223 4717 2490 4781 exitiosae,
2542 4729 2778 4784 quarum
2833 4721 3028 4767 natura
3071 4714 3126 4767 in
3184 4715 3304 4768 luce
3345 4721 3400 4768 et

1825 4809 1940 4864 sole
1965 4813 2048 4862 est
2075 4807 2274 4871 oriosa,
2305 4814 2380 4871 et,
2415 4806 2523 4859 vim
2554 4821 2664 4859 non
2696 4805 2905 4858 habens
2932 4805 3211 4874 cperandi,
3253 4805 3399 4859 vires

1825 4900 1991 4954 habet
2039 4899 2093 4952 in
2152 4897 2414 4953 tenebris.
2486 4895 2622 4951 Nam
2661 4887 2965 4965 ~pOSIquam
3027 4897 3109 4951 sol
3174 4897 3397 4962 occidit,

1828 4999 1992 5044 nocte
2037 4989 2384 5050 adveniente,
2416 4986 2692 5058 Pr0pheta
2739 4987 2871 5041 dicit
2904 4987 3110 5042 bestias
3151 4988 3303 5043 silva:
3344 4989 3397 5041 in
3460 5000 3461 5003 ‘

1825 5097 1888 5135 ea
1929 5097 1996 5136 ex
2031 5082 2206 5136 antris
2233 5095 2518 5151 emergere
2541 5080 2610 5134 υ.
2642 5078 2914 5144 Quoniam
2946 5092 3078 5147 ergo
3105 5079 3401 5149 singularis
3457 5095 3464 5102 ·

1827 5173 1976 5228 ferus
2027 5174 2120 5244 qui
2173 5174 2417 5242 pascitur
2464 5172 2521 5226 in
2576 5172 2737 5234 silva,
2791 5169 3176 5240 gravissimum
3223 5170 3404 5222 attulit

1827 5264 2087 5318 damnum
2145 5264 2388 5334 pulchrae
2440 5264 2612 5316 vineae
2670 5261 2918 5315 humanae
2966 5267 3200 5323 naturae,
3261 5259 3404 5313 sicut

1829 5356 1963 5409 dicit
1991 5355 2280 5423 Propheta,
2324 5353 2460 5407 Eam
2496 5354 2722 5407 uastauit
2753 5368 2878 5422 oper
2909 5351 2973 5406 de
3005 5352 3161 5418 silva,
3207 5361 3258 5404 et
3295 5353 3405 5406 sin-

1832 5446 2037 5514 gularis
2087 5445 2230 5514 ferus
2287 5443 2540 5514 depastus
2595 5453 2674 5499 est
2723 5461 2839 5498 eam
2863 5443 2909 5474 "
2950 5461 2963 5497 :
3011 5453 3296 5515 propterea
3349 5443 3406 5497 in

1833 5535 1970 5589 silva
2025 5536 2304 5605 plantatur
2343 5536 2567 5601 malum,
2609 5536 2754 5606 quod
2805 5535 2861 5589 in
2899 5549 2965 5591 eo
2992 5535 3214 5606 quidem
3259 5533 3404 5606 quod

2080 5745 2126 5778 ⁸¹
2151 5744 2298 5801 Psal.
2328 5760 2515 5812 Lxxix,
2553 5743 2644 5798 Μ.

3009 5841 3089 5900 27
