1923 3110
232 147 283 176 853

229 206 273 238 est
291 202 404 236 lignum.
420 204 463 228 est
486 200 608 235 ejusdem
633 200 761 228 essentia:
776 200 857 235 cujus
881 200 949 228 silva
965 200 1016 226 hu-
1030 204 1053 231 Α

232 255 322 280 mana,
347 250 470 274 tentatus
481 251 524 274 est
539 247 612 274 enim
633 247 660 273 in
683 245 892 274 similitudinem
913 245 1018 281 absque

234 297 347 329 peccato
358 293 381 309 "
396 302 402 320 :
418 293 445 319 in
462 300 495 320 eo
515 297 606 319 autem
625 293 698 327 quod
716 292 798 319 talem
816 291 868 319 fert
883 291 1015 325 fructum,

235 343 265 367 ut
283 347 330 374 per
344 346 407 366 etim
425 338 520 366 dulces
534 337 684 365 reddantur
701 345 800 366 sensus
814 337 923 369 animat,
936 336 1019 364 habet

232 386 364 420 majorem
398 391 414 411 a
438 384 507 411 silva
533 383 733 415 dili'erentiam,
760 391 843 418 quam
871 390 903 411 ea
933 390 1016 418 quam

232 431 313 459 habet
330 430 417 457 lil’ium
431 437 446 456 a
458 429 555 465 spinis.
569 428 637 456 Nam
654 429 742 456 lilium
755 429 868 465 quidem
885 429 977 465 specie
991 432 1018 456 et

231 476 316 503 odore
341 480 422 503 tenus
459 474 668 502 delectationem
698 476 790 511 parit;
829 475 902 511 pomi
926 478 1016 502 autem

231 519 319 553 gratia
336 518 426 546 tribus
443 518 570 547 sensibus
585 523 648 554 apte
669 524 696 546 et
717 519 912 547 convenienter
925 520 1018 547 distri-

232 566 335 596 buitur,
355 569 385 592 ut
400 573 461 600 qua:
475 570 501 592 et
524 566 620 593 oculos
636 565 757 593 delectat
777 567 868 601 specie
893 571 1016 602 aspecta-

233 610 289 641 bili,
312 614 339 637 et
363 610 435 637 bono
460 609 544 638 odore
561 610 693 637 odoratus
715 617 826 637 sensum
851 615 968 641 recreat,
991 614 1018 637 et

231 655 325 683 eﬂ‘ecta
349 656 547 683 nutrimentum
572 655 715 683 dulcedine
734 655 816 682 allicit
840 664 950 683 sensum
969 664 1019 691 gu-

232 705 302 728 stus.
324 700 410 728 Rccte
432 709 498 736 ergo
515 701 583 727 vidit
608 708 709 735 sponsa
726 709 787 735 qum
811 701 847 727 sit
871 701 913 727 sui
930 708 944 726 a
966 700 1018 726 Do-

232 747 307 773 mino
321 746 487 779 differentia,
510 747 638 781 quoniam
657 748 701 774 ille
717 747 827 782 quidem
849 752 876 774 et
894 746 972 773 nobis
989 747 1018 772 lit

232 792 325 819 lictitia
337 792 491 823 oculorum.
513 797 543 819 ut
558 793 604 827 qui
625 793 651 819 in
672 793 712 820 eis
727 793 761 820 sit
776 793 832 823 lux.
846 797 870 819 el
893 800 1017 827 tinguen-

187 839 189 841 ’
230 842 288 864 tum
305 838 440 869 odoratui,
456 842 483 865 et
503 838 556 865 vita
574 838 791 865 comedentihus.
812 837 882 864 Nam
897 838 942 873 qui
958 846 1017 864 eum

230 884 382 915 comederit,
404 884 479 916 vivet,
502 885 572 911 sicut
593 884 692 910 alicubi
712 884 777 910 dicit
792 883 966 918 Evangelium
983 883 1015 910 ".
1034 872 1054 898 Β

232 930 355 956 Humana
375 934 465 957 autem
496 935 592 957 natura
622 930 739 964 perlecta
759 938 805 965 per
830 930 972 960 virtutes.‘
986 930 1014 956 lit

231 976 290 1007 llos.
311 984 364 1003 non
387 976 475 1003 solum
496 977 643 1011 agricolam
672 976 806 1007 nutriens,
827 977 874 1003 sed
900 976 1016 1010 scipsam

231 1024 378 1050 eiomans.
405 1022 452 1049 Ille
474 1022 546 1049 enim
567 1030 619 1049 non
637 1026 679 1049 est
701 1022 833 1049 bonorum
859 1027 1016 1049 nostrarum

231 1077 326 1103 egens,
354 1068 399 1096 sed
430 1076 480 1095 nos
506 1069 579 1096 illius
605 1068 683 1094 bonis
706 1076 826 1103 egemus,
854 1068 925 1095 sicut
952 1067 1017 1093 dicit

232 1111 366 1147 Propheta
381 1112 403 1127 "
422 1119 429 1137 :
449 1113 580 1145 Quoniam
599 1112 726 1138 bonorum
745 1121 860 1139 meorum
883 1121 932 1139 ιιοιι
949 1120 1016 1146 eges.

267 1252 410 1285 Propterea
437 1259 567 1287 sponsum
595 1251 691 1285 aspicit
720 1254 832 1286 purgata
852 1250 955 1280 anima.
987 1249 1015 1275 in

232 1298 312 1333 lignis
327 1298 402 1325 silvze
417 1297 487 1324 facta
503 1297 621 1328 malum,
640 1301 668 1323 ιιι
689 1303 750 1323 cum
784 1295 835 1322 sibi
870 1294 1019 1321 inseruerit

231 1351 325 1371 omnes
341 1348 464 1379 agrestes
492 1351 586 1371 ramos
615 1343 700 1374 silvm,
731 1341 829 1369 eliiciat
853 1345 883 1367 ut
915 1339 1019 1367 similes

232 1389 338 1417 fructus
354 1389 516 1424 producant.
533 1388 675 1421 Quomodo
690 1391 756 1422 ergo
772 1387 853 1418 ﬁlias.
870 1385 942 1421 quod
965 1386 1020 1412 sint

231 1435 317 1470 spinis
334 1434 451 1466 similes,
476 1434 660 1461 intelleximus
681 1434 752 1459 ﬁlios
770 1433 857 1467 patris
874 1432 920 1466 qui
951 1432 1020 1459 falso

231 1479 331 1507 dicitur
345 1489 351 1507 :
367 1487 428 1514 qua:
443 1479 553 1514 quidem
574 1479 653 1505 simul
670 1486 730 1504 cum
748 1478 813 1504 l‘lore
829 1481 940 1507 cxortre.
962 1485 1020 1511 pro-

231 1532 311 1551 cessu
330 1524 462 1559 temporis
477 1524 543 1558 ipsae
562 1530 671 1558 quoque
695 1526 838 1550 transeunt
852 1522 885 1548 ad
904 1523 1018 1557 gratiam

231 1570 296 1598 lilii:
316 1570 352 1596 ita
368 1570 412 1596 hic
428 1577 536 1604 quoque
551 1577 612 1596 cum
632 1568 835 1595 audivissemus
850 1567 1019 1595 assimilatos

225 1615 367 1650 ejusmodi
383 1615 463 1650 lignis
482 1615 567 1646 silvae,
594 1622 648 1641 non
674 1614 895 1641 existimavimus
916 1613 1021 1648 siguili-

231 1661 288 1688 cari
309 1661 411 1687 amicos
446 1660 550 1695 sponsi,
569 1659 617 1687 sed
650 1658 835 1690 adversarios,
859 1666 928 1693 quos
956 1666 1020 1684 cum

232 1707 287 1734 sint
304 1706 351 1732 ﬁlii
371 1706 543 1733 tenebrarum
567 1710 594 1732 et
622 1705 679 1735 irae,
698 1711 745 1739 per
771 1703 877 1731 fructus
896 1711 1020 1730 commu-

232 1752 339 1779 ttionem
362 1751 540 1778 transformat
568 1751 595 1777 in
622 1750 692 1777 lilios
711 1749 781 1776 lucis
798 1754 823 1775 et
854 1749 924 1775 lilios
953 1749 1018 1775 diei.

232 1796 378 1831 Propterea
393 1795 461 1823 dicit
477 1796 566 1822 anima
579 1802 639 1829 qua}
655 1802 752 1822 sensus
776 1793 858 1820 habet
885 1794 1021 1820 exercita-

232 1846 276 1870 tos
294 1852 301 1870 ι
318 1841 431 1869 Fructus
451 1842 507 1876 ejus
532 1841 617 1867 dulcis
640 1841 665 1867 in
686 1845 791 1875 gutture
815 1848 880 1867 weo.
904 1839 1021 1867 Fructus

233 1890 323 1913 autem
342 1887 453 1913 omnino
474 1886 598 1913 doctrina
616 1889 658 1913 est
674 1884 777 1916 :Quam
794 1885 882 1911 dulcia
905 1893 1022 1920 namque

232 1932 334 1965 gutturi
349 1940 405 1958 meo
419 1931 523 1966 eloquia
542 1936 597 1964 tua,
615 1930 701 1965 inquit
714 1930 858 1964 Propheta,
875 1938 957 1964 supra
972 1930 1022 1956 mel

234 1978 274 2004 ori
298 1986 353 2004 meo
370 1977 591 2004 "‘.——Utmatum
606 1977 631 2003 in
651 1977 729 2011 lignis
756 1977 842 2007 silum,
863 1978 901 2003 sic
916 1982 1022 2010 patrue-

234 2024 266 2048 lis
280 2031 351 2049 meus
368 2023 436 2049 inter
450 2023 529 2057 filios.
552 2037 586 2041 —
602 2022 655 2049 Sub
682 2022 775 2049 umbra
792 2023 849 2057 ejus
876 2022 1022 2048 desideravi

232 2071 256 2094 et
273 2067 338 2098 sedi,
354 2072 378 2093 et
394 2067 496 2101 fructus
510 2066 567 2100 ejus
583 2066 669 2092 dulcis
687 2067 712 2092 in
734 2072 837 2101 gutture
854 2075 919 2093 meo.
944 2066 1022 2093 Tunc

233 2112 306 2139 enim
324 2121 385 2139 vere
400 2114 482 2140 verbo
494 2113 588 2139 dulces
604 2112 671 2139 liunt
692 2121 791 2139 sensus
807 2113 915 2145 animae,
933 2121 1022 2148 quan—

233 2159 268 2185 do
287 2166 336 2184 nos
353 2159 387 2184 ab
401 2162 468 2185 :estu
484 2160 665 2185 tentationum
678 2159 742 2185 mali
758 2159 854 2185 umbra
874 2159 1020 2193 separavit,

235 2209 263 2230 ut
281 2212 334 2230 non
354 2204 388 2231 ab
406 2204 457 2231 hoc
481 2204 537 2231 sole
565 2212 679 2230 uramur
705 2204 749 2239 qui
775 2204 853 2231 ardet
875 2204 1021 2231 imminens
1036 2215 1058 2242 ι)

233 2251 307 2276 nudo
320 2249 415 2284 capiti.
434 2250 492 2277 Non
507 2251 573 2277 alias
590 2256 679 2277 autem
696 2250 760 2277 licet
786 2250 837 2276 sub
854 2251 948 2277 umbra
978 2257 1021 2276 ar-

235 2294 310 2322 boris
325 2295 387 2321 vitm
402 2294 571 2329 refrigerari,
594 2302 675 2329 quant
691 2295 713 2322 si
745 2294 881 2329 cupiditas
911 2294 945 2320 ad
961 2302 1021 2321 eam

234 2340 377 2367 deduxerit
403 2341 533 2368 animam.
556 2340 641 2368 Vides
669 2348 719 2367 cur
734 2340 783 2366 tibi
809 2340 846 2366 sit
870 2339 951 2366 insita
981 2341 1022 2367 vis

235 2386 454 2421 concupiscendi.
477 2394 575 2421 nempe
599 2390 628 2413 ut
657 2386 706 2413 tibi
727 2386 801 2420 pomi
823 2386 924 2413 afferat
947 2386 1023 2413 desi-

234 2431 352 2463 derium,
373 2439 405 2459 ex
425 2439 479 2468 quo
505 2432 530 2459 ei
548 2432 595 2466 qui
627 2431 853 2466 appropinquarit
880 2431 1021 2466 multiplex

236 2476 348 2504 fruenda
364 2478 472 2505 exsistit
486 2478 624 2512 voluptas.
642 2476 709 2503 Nam
729 2481 755 2504 et
767 2478 864 2504 oculus
878 2482 1021 2504 recreatur

236 2523 392 2557 aspectabili
410 2524 625 2558 pulchritudine,
645 2527 671 2550 et
687 2530 773 2550 nasus
786 2523 854 2549 bene
872 2522 1021 2557 spirantem

236 2570 351 2604 percipit
367 2569 489 2601 odorem,
513 2574 540 2597 et
555 2577 655 2604 corpus
680 2569 772 2600 alitur,
789 2572 817 2595 et
831 2576 861 2596 0s
877 2568 1023 2596 dulcedine

236 2617 363 2648 allicitur,
379 2621 406 2643 et
423 2621 508 2643 aestus
524 2616 668 2646 avertitur,
680 2620 707 2643 et
725 2615 821 2642 umbra
839 2615 867 2641 lit
883 2614 963 2642 sedes
977 2614 1023 2641 cui

238 2662 354 2689 insideat
368 2662 470 2693 anima,
488 2668 549 2695 qua:
569 2661 714 2695 abnegavit
749 2660 909 2687 cathedram
939 2660 1023 2695 pesti-

238 2707 335 2734 lentiae.

1034 1548 1054 1577 C

848 145 876 172 S.
898 143 1062 172 GREGORII
1091 143 1239 173 NYSSENI

1810 144 1868 172 8H

1066 200 1235 235 ειν-σμήσατο
1246 199 1347 235 αὐτήν
1358 208 1366 215 ·
1384 199 1429 228 διὰ
1443 199 1523 228 τοῦτο
1537 199 1671 236 ὲμφύεται
1684 199 1723 236 τῷ
1734 200 1868 237 δρυμῶνι

1067 247 1098 274 τδ
1113 247 1207 283 μῆλον,
1217 247 1232 274 ὃ
1242 247 1281 283 τῷ
1293 247 1342 283 μὲν
1350 247 1428 280 ξύλον
1442 244 1522 279 εἶναι,
1538 246 1589 281 τῆς
1603 247 1780 283 ἀνθρωπίνης
1794 247 1867 283 ὕλης

1067 293 1142 320 ἐστὶν
1161 292 1321 328 ὁμοούσιον·
1339 291 1488 328 ὲπειράσθη
1511 292 1565 328 γὰρ
1595 292 1667 319 κατὰ
1687 292 1780 320 πάντα
1800 293 1867 321 καθ’

1067 338 1215 375 ὁμοιότητα
1232 339 1317 374 χωρὶς
1341 338 1495 374 ἁμαρτίας·
1511 338 1551 373 τῷ
1568 338 1598 365 δὲ
1622 338 1743 366 τοιοῦτον
1762 339 1868 376 φέρειν

1068 384 1183 419 καρπὸν,
1195 384 1228 411 δι’
1239 381 1270 411 οὗ
1281 383 1454 418 γλυκαίνεται
1470 383 1504 410 τὰ
1516 384 1566 419 τῆς
1577 383 1667 420 ψυχῆς
1683 384 1868 422 αἰσθητήρια,

1068 430 1178 457 πλείονα
1201 429 1257 465 ἔχει
1282 429 1332 465 τὴν
1354 429 1423 465 πρὸς
1442 429 1487 455 τὸν
1512 428 1614 465 δρυμὸν
1640 429 1834 467 παραλλαγὴν,
1848 431 1867 466 ἢ

1067 476 1134 511 ὅσην
1150 475 1207 511 ἔχει
1229 475 1298 511 πρὸς
1313 474 1362 506 τὰς
1378 475 1498 506 ἀκάνθας
1508 474 1541 501 τὸ
1552 474 1654 510 κρίνον.
1678 475 1715 501 Τὸ
1737 475 1791 510 μὲν
1807 475 1869 512 γὰρ

1068 520 1159 556 κρίνον
1170 520 1251 555 μέχρι
1263 519 1310 547 τοῦ
1330 519 1416 552 εἴδους
1433 519 1481 546 καὶ
1492 519 1543 554 τῆς
1558 520 1686 552 εὐπνοίας
1698 520 1729 547 τὸ
1743 521 1869 556 τερπνὸν

1068 566 1135 601 ἔχει.
1159 566 1193 592 Ἦ
1212 566 1240 592 δὲ
1256 565 1302 592 τοῦ
1322 566 1407 600 μήλου
1430 565 1509 601 χάρις
1529 565 1596 600 πρὸς
1615 565 1665 597 τὰς
1680 567 1753 600 τρεῖς
1766 567 1871 602 αισθή-

1069 621 1126 643 σεις
1141 611 1276 647 ἁρμοδίως
1288 611 1511 647 καταμερίζεται,
1527 612 1574 638 καὶ
1587 611 1726 646 ὀφθαλμὸν
1742 611 1870 647 εὐφραί-

1068 665 1152 684 νουσα
1167 659 1199 692 τῇ
1217 657 1277 692 ὥρᾳ
1286 656 1333 683 τοῦ
1354 657 1450 690 εἴδους,
1467 657 1513 684 καὶ
1527 657 1576 692 τὴν
1598 657 1784 693 ὀσφραντικὴν
1799 658 1870 691 ἡδῦ-

1069 711 1150 729 νουσα
1171 703 1297 737 αἴσθησιν
1321 702 1365 729 διὰ
1383 703 1432 737 τῆς
1455 702 1592 734 εὐπνοίας,
1612 703 1659 729 καὶ
1681 703 1767 739 τροφὴ
1787 713 1871 738 γινο-

1070 747 1137 782 μένη
1157 747 1366 781 καταγλυκαίνει
1380 747 1414 773 τὰ
1429 747 1562 781 γευστικὰ
1571 747 1746 785 αἰσθητήρια.
1762 749 1870 782 Καλῶς

1069 791 1115 819 οὖν
1126 791 1194 820 εἶδεν
1209 794 1226 828 ή
1245 793 1337 829 νύμφη
1353 794 1383 820 τὸ
1393 795 1492 829 ἑαυτῆς
1506 794 1574 830 πρὸς
1586 795 1631 821 τὸν
1645 795 1785 831 Δεσπότην
1802 796 1869 823 διὰ-

1070 847 1151 873 φορον
1164 848 1170 852 ·
1185 839 1225 865 ὅτι
1243 839 1345 869 ἐκεῖνος
1363 839 1412 874 μὲν
1434 839 1512 874 ἡμῶν
1533 840 1578 866 καὶ
1591 840 1738 876 ὀφθαλμῶν
1755 841 1869 875 γίνεται

1071 883 1160 918 χάρις,
1174 883 1231 917 φῶς
1242 884 1393 919 γινόμενος,
1404 884 1451 911 καὶ
1471 884 1555 920 μύρον
1569 886 1597 911 ὲν
1609 887 1640 920 τῇ
1657 886 1801 922 ὀσφρήσει,
1815 887 1870 914 καὶ

1072 928 1128 963 ζωὴ
1146 930 1202 959 τοῖς
1213 928 1357 956 ἐσθίουσιν.
1380 930 1406 955 '0
1420 931 1473 964 γὰρ
1494 931 1597 966 φαγὼν
1612 932 1714 963 αὑτὸν,
1730 931 1866 967 ζήσεται,

1071 973 1161 1005 καθώς
1174 974 1238 1008 φησί
1255 983 1304 1000 που
1316 975 1346 1000 τὸ
1359 975 1531 1009 Εὑαγγὲλιον.
1553 977 1584 1003 Ἡ
1595 977 1623 1003 δὲ
1637 977 1794 1014 ἀνθρωπίνη
1810 979 1869 1014 φύ-

1072 1028 1113 1050 σις
1128 1019 1160 1045 δι’
1181 1020 1282 1054 ἀρετῆς
1299 1020 1472 1047 τελειωθεῖσα
1482 1041 1490 1053 ,
1502 1022 1582 1054 ἄνθος
1599 1023 1721 1056 γίνεται,
1736 1024 1819 1058 μόνον
1833 1025 1868 1051 οὗ

1071 1066 1115 1092 τὸν
1138 1067 1258 1101 γεωργὸν
1273 1067 1418 1101 τρέφουσα,
1440 1068 1508 1094 ἀλλὰ
1527 1069 1626 1104 ἑαυτὴν
1642 1069 1866 1103 καλλωπίζουσιν..

1072 1112 1109 1138 Οὐ
1122 1112 1176 1147 γὰρ
1203 1113 1305 1143 ἐκεῖνος
1328 1113 1418 1148 ἐνδεὴς
1433 1114 1487 1140 τῶν
1502 1114 1643 1150 ἡμετέρων
1663 1115 1786 1150 ἀγαθῶν,
1805 1117 1867 1143 ἀλλ’

1072 1158 1152 1192 ἡμεῖς
1171 1158 1224 1184 τῶν
1250 1159 1355 1185 ἐκείνου
1369 1159 1501 1194 δεόμεθα,
1518 1160 1608 1192 καθώς
1631 1169 1712 1197 φησιν
1727 1161 1868 1198 όΠροφή-

1071 1211 1130 1237 της,
1148 1203 1211 1230 Ὅτι
1230 1203 1289 1230 τῶν
1305 1205 1423 1238 ἀγαθῶν
1436 1214 1497 1239 μου
1507 1207 1542 1232 οὺ
1560 1207 1665 1240 γρείαν
1676 1202 1767 1241 ἔχεις.

1107 1248 1156 1275 Διὰ
1172 1248 1250 1275 τοῦτο
1266 1249 1357 1284 βλέπει
1366 1250 1411 1276 τὸν
1425 1252 1539 1286 νυμφίον
1549 1253 1565 1287 ἡ
1575 1252 1768 1288 κεκαθαρμένη
1777 1252 1866 1289 ψυχὴ,

1074 1293 1158 1327 μῆλον
1171 1295 1200 1319 ὲν
1212 1295 1268 1324 τοῖς
1286 1295 1333 1320 τοῦ
1352 1295 1454 1330 δρυμοῦ
1474 1295 1562 1328 ξύλοις
1576 1297 1709 1332 γενομένη
1721 1305 1730 1313 ·
1745 1297 1792 1324 ἶνα
1815 1299 1867 1332 ἑγ-

1072 1339 1235 1374 κεντρίσασα
1253 1340 1335 1375 ἑαυτῇ
1346 1340 1448 1372 πάντας
1462 1342 1525 1373 τοὺς
1542 1342 1654 1377 ἀγρίους
1667 1342 1714 1369 τοῦ
1722 1343 1868 1378 δρυμῶνος

1073 1384 1205 1415 κλάδους.
1224 1385 1263 1419 τῷ
1287 1386 1371 1420 ὁμοίῳ
1400 1387 1499 1422 καρπῷ
1536 1387 1628 1423 βρύειν
1654 1389 1866 1425 παρασκευάσῃ.

1075 1429 1179 1464 Ὥσπερ
1194 1430 1284 1456 τοίνυν
1299 1430 1347 1461 τὰς
1371 1431 1535 1467 θυγατέρας,
1553 1433 1598 1459 διὰ
1614 1433 1645 1459 τὸ
1658 1434 1719 1465 ταῖς
1732 1434 1867 1466 ἀκάνθαις

1072 1474 1246 1509 ὁμοιωθῆναι,
1265 1475 1300 1501 τὰ
1310 1476 1355 1502 τοῦ
1370 1476 1548 1512 ψευδωνύμου
1566 1479 1669 1514 πατρὸς
1683 1480 1868 1515 ἐνενοήσαμεν

1073 1519 1169 1544 τέκνα·
1179 1520 1277 1551 αἵτινες
1295 1520 1332 1555 τῷ
1347 1521 1422 1547 ἄνθει
1445 1524 1698 1559 συμπαραφυετσαι,
1724 1523 1765 1559 τῷ
1775 1524 1866 1560 χρόνῳ

1072 1565 1118 1591 καὶ
1130 1565 1210 1591 αὐταὶ
1222 1565 1290 1601 πρὸς
1304 1566 1352 1601 τὴν
1373 1567 1421 1593 τοῦ
1443 1567 1536 1602 κρίνου
1554 1568 1749 1602 μεταϐαίνουσι
1763 1568 1846 1604 χάριν
1855 1577 1865 1584 ο

1071 1610 1142 1637 οὕτω
1159 1611 1205 1638 καὶ
1220 1612 1338 1638 ἐνταῦθα
1356 1614 1420 1644 τοὺς
1442 1613 1692 1648 προσεικασθωτας
1704 1614 1761 1646 τοῖς
1776 1613 1867 1641 τοιού-

1071 1665 1127 1687 τοις
1154 1656 1241 1688 ξύλοις
1260 1657 1307 1683 τοῦ
1331 1657 1435 1692 δρυμοῦ
1457 1657 1636 1690 ἀκούσαντες,
1651 1659 1682 1685 οὗ
1706 1658 1802 1693 φίλους
1817 1667 1869 1695 αη-

1073 1702 1216 1736 μαίνεσθαι
1240 1703 1286 1729 τοῦ
1313 1704 1446 1737 νυμφίου,
1463 1703 1532 1731 ἀλλὰ
1559 1704 1622 1736 τοὺς
1651 1704 1789 1736 ἐναντίους
1813 1704 1870 1731 ὕπ-

1072 1748 1241 1782 ενοήσαμεν,
1259 1748 1305 1779 οὓς
1328 1749 1403 1780 υἱοὺς
1424 1749 1503 1780 ὄντας
1519 1748 1567 1775 τοῦ
1588 1749 1700 1782 σκάτους
1719 1751 1768 1777 καὶ
1782 1750 1870 1777 τέκνα

1072 1793 1168 1828 ὀργῆς,
1185 1794 1218 1828 τῇ
1235 1794 1361 1829 κοινωνίᾳ
1374 1794 1421 1820 τοῦ
1442 1794 1549 1830 καρποῦ
1572 1795 1612 1826 εις
1627 1795 1703 1828 υἱοὺς
1715 1795 1809 1830 φωτὸς
1820 1796 1871 1823 καὶ

1073 1839 1148 1870 υἱοὺς
1164 1839 1270 1874 ἡμέρας
1289 1839 1498 1874 μετασκευάζει.
1513 1840 1563 1867 Διὰ
1579 1840 1658 1867 τοῦτό
1677 1849 1761 1876 φησιν
1777 1841 1795 1876 ἠ
1817 1832 1870 1876 τεο.

1071 1885 1249 1920 γυμνασμένη
1265 1885 1298 1911 τὰ
1312 1885 1476 1921 αἰσθητήρια
1487 1885 1570 1922 ψυχὴ.
1586 1887 1627 1913 ὅτι
1641 1886 1762 1921 Καρπὸς
1771 1887 1869 1914 αὑτοῦ

1071 1930 1188 1964 γλυκὺς
1199 1930 1233 1956 ἐν
1254 1930 1293 1962 τῷ
1308 1930 1437 1965 λάρυγγι
1449 1940 1510 1965 μου
1521 1939 1528 1946 ·
1549 1931 1654 1967 καρπὸς
1664 1931 1693 1958 δὲ
1703 1933 1720 1967 ὴ
1736 1932 1870 1960 διδασκα-

1072 1975 1116 2001 λία
1142 1975 1249 2006 πάντως
1273 1975 1356 2002 ἐστίν.
1380 1976 1428 2009 Ὧς
1441 1977 1556 2010 γλυκέα
1567 1977 1725 2013 γὰρ,φησὶ,
1745 1977 1786 2011 τῷ
1816 1978 1872 2006 .ιά-

1069 2023 1158 2057 ρυγγί
1169 2032 1228 2057 μου
1241 2023 1275 2050 τὰ
1298 2024 1385 2058 λόγιὰ
1400 2032 1471 2056 σου,
1487 2025 1502 2050 ὁ
1521 2025 1682 2060 Προφήτης,
1695 2024 1774 2058 ὑπὲρ
1793 2025 1871 2059 μέλι

1073 2068 1112 2100 τῷ
1125 2069 1250 2103 arquati
1262 2078 1332 2103 μου.
1342 2085 1376 2089 -
1388 2070 1436 2103 Ὧς
1450 2069 1552 2104 μῆλον
1568 2069 1603 2096 ἐν
1619 2069 1681 2102 τοῖς
1695 2070 1802 2103 ξύλοις
1813 2069 1870 2097 τοῦ

1073 2112 1197 2146 δρυμοῦ,
1225 2114 1318 2146 οὕτως
1341 2114 1504 2148 ἁδελφιδός
1527 2123 1587 2148 μου
1603 2114 1662 2141 ἀνὰ
1684 2114 1784 2149 μέσον
1808 2114 1870 2142 τῶν

1072 2156 1154 2183 υιῶν.
1159 2174 1196 2179 --
1202 2159 1209 2168 ⁷
1214 2160 1273 2186 Υπὸ
1279 2160 1432 2195 τὴνσκιὰν
1436 2160 1530 2187 αὐτοῦ
1536 2160 1714 2195 ἐπεθύμησα
1719 2158 1770 2187 καί
1777 2159 1869 2186 ἐκάθ-

1073 2211 1141 2233 ισα,
1161 2203 1211 2229 καὶ
1234 2204 1250 2229 ό
1265 2204 1380 2237 καρπὸς
1398 2203 1491 2231 αὑτοῦ
1501 2204 1661 2239 γλυκὺς-ὲν
1681 2203 1722 2237 τῷ
1738 2203 1869 2238 λάρυττί

1068 2257 1137 2282 μου.
1153 2249 1219 2274 Τότε
1233 2249 1287 2284 γὰρ
1306 2249 1413 2285 ἀληθῶς
1429 2249 1605 2284 γλυκαίνεται
1621 2249 1660 2285 τῷ
1677 2250 1752 2285 λόγῳ
1767 2249 1802 2276 τὰ
1819 2250 1868 2285 τῆς

1069 2293 1160 2329 ψυχῆς
1171 2294 1346 2330 αἰσθητήρια,
1365 2296 1429 2322 ὅταν
1446 2297 1520 2331 ἡμᾶς
1535 2296 1604 2331 πρὸς
1623 2296 1669 2322 τὸν
1686 2296 1720 2322 ὲκ
1732 2295 1789 2322 τῶν
1811 2304 1870 2322 πει-

1073 2340 1184 2375 ρασμῶν
1206 2340 1326 2376 φλογμὸν
1340 2343 1356 2376 ὴ
1376 2341 1439 2368 σκιὰ
1465 2341 1512 2368 τοῦ
1534 2341 1620 2376 μήλου
1644 2341 1813 2378 διατειχίσῃ,
1831 2340 1868 2372 ὡς

1074 2387 1111 2422 μὴ
1128 2387 1305 2420 συγκαίεσοαι
1323 2388 1397 2423 ἡμᾶς
1418 2388 1471 2414 ὑπὸ
1494 2387 1542 2414 τοῦ
1562 2387 1684 2414 τοιούτου
1709 2387 1803 2424 ἡλίου,
1820 2396 1868 2422 γυ-

1077 2432 1144 2467 μνῆς
1164 2432 1214 2466 τῆς
1235 2433 1355 2467 κεφαλῆς
1374 2433 1562 2469 ὑπερζέοντος.
1583 2434 1641 2461 Οὐκ
1662 2433 1721 2460 ἐστι
1734 2433 1764 2461 δὲ
1781 2433 1870 2464 ἄλλως

1076 2478 1128 2504 ὑπὸ
1142 2478 1190 2513 τὴν
1203 2479 1283 2505 σκιὰν
1297 2479 1344 2505 τοῦ
1362 2479 1440 2511 ξύλου
1451 2479 1500 2514 τῆς
1517 2479 1590 2515 ζωῆς
1605 2479 1753 2514 ἀναψῦξαι,
1765 2479 1804 2516 μὴ
1822 2479 1868 2514 τῆς

1076 2522 1222 2558 ἐπιθυμίας
1244 2523 1311 2559 πρὸς
1327 2523 1406 2550 τοῦτο
1420 2524 1469 2559 τὴν
1491 2523 1581 2560 ψυχὴν
1596 2524 1761 2560 ἁναγούσης.
1787 2525 1868 2560 Ὁρᾷς

1076 2567 1120 2593 διὰ
1135 2567 1161 2593 τί
1178 2575 1218 2594 σοι
1234 2568 1250 2603 ή
1265 2567 1449 2604 ἑπιθυμητικὴ
1470 2568 1585 2604 δύναμις
1611 2569 1742 2604 ἔγκειται,
1759 2570 1807 2597 ἵνα
1829 2578 1866 2596 σοι
1887 2581 1890 2585 -

1078 2612 1159 2638 πόθον
1182 2613 1320 2650 ἐμποιήσῃ
1345 2613 1391 2640 τοῦ
1415 2614 1500 2649 μήλου
1514 2634 1522 2647 ,
1543 2612 1573 2642 οὗ
1597 2614 1739 2651 πολυειδὴς
1764 2615 1867 2650 γίνεται

1076 2659 1131 2689 τοῖς
1151 2659 1364 2694 προσεγγίσασιν
1379 2661 1396 2694 ή
1421 2660 1580 2692 ἀπόλαυσις.
1597 2661 1631 2687 '0
1651 2669 1681 2687 τε
1699 2660 1756 2696 γὰρ
1770 2660 1866 2697 ὀφθαλ-

1079 2706 1127 2740 μὸς
1153 2706 1186 2740 τῇ
1208 2705 1267 2741 ὦρᾳ
1292 2706 1339 2732 τοῦ
1368 2707 1483 2739 κάλλους
1508 2707 1769 2744 προσαναπαύεται,
1793 2707 1838 2735 καὶ
1853 2707 1866 2733 ὁ

239 2753 346 2788 μυκτὴρ
358 2753 472 2778 ἀναπνεῖ
490 2752 538 2786 τὴν
552 2751 674 2782 εὐωδίαν,
684 2751 730 2778 καὶ
741 2751 771 2777 τὸ
787 2751 867 2786 σῶμα
885 2750 1024 2787 τρέφεται,
1044 2752 1090 2777 καὶ
1115 2751 1145 2777 τὸ
1166 2751 1254 2786 στόμα
1277 2752 1463 2786 γλυκαίνεται,
1488 2753 1537 2781 καὶ
1555 2755 1570 2780 ὸ
1588 2753 1698 2781 καύσων
1731 2754 1865 2791 ἀποστρέ-

239 2807 325 2834 φεται,
335 2799 381 2824 καὶ
393 2799 409 2833 ἡ
419 2798 482 2825 σκιὰ
497 2798 589 2833 θρόνος
601 2794 744 2834 γίνεται,ᾖ
760 2797 909 2832 ἐγκάθηται
921 2798 937 2832 ἡ
953 2797 1036 2832 ψυχὴ,
1057 2799 1072 2832 ή
1086 2797 1140 2824 τῶν
1157 2797 1257 2833 λοιμῶν
1269 2798 1319 2833 τὴν
1335 2799 1469 2835 καθέδραν
1482 2799 1668 2836 ἀρνησαμένη.

274 2857 296 2873 ⁵³
309 2856 391 2885 llebr.
404 2864 440 2889 iv,
455 2858 497 2885 l5.

536 2856 648 2885 “Joan.
662 2865 699 2891 v1,
718 2857 761 2884 58.
801 2858 822 2873 "
835 2857 907 2885 Psa-l.
927 2865 972 2891 xv,
986 2857 1013 2884 ‘2.
1052 2858 1074 2873 "‘
1087 2857 1158 2885 Psal.
1188 2866 1266 2891 xvnl,
1284 2859 1327 2885 il.
