3846 6220
50 408 186 465 315

1013 413 1079 467 IN
1115 411 1410 468 CANTICA
1447 405 1720 464 CANTIC.
1767 405 2044 464 IIOMILIA
2089 411 2174 465 IV.

3228 409 3336 468 8‘6

142 521 287 584 Εἷτά
306 542 470 596 φησιν
487 543 502 557 ο
530 527 894 598 Εἱσατάγετέ
911 545 984 597 με
1010 532 1096 594 εὶς
1125 525 1293 582 οἷκον
1322 527 1428 580 τοῦ
1458 527 1658 584 οἴνου,

1836 524 2039 581 Deinde
2080 527 2211 582 dicit
2253 547 2265 581 :
2314 527 2635 582 lntroducite
2696 543 2776 581 me
2828 544 2882 580 tn
2941 526 3134 582 cellam
3177 529 3332 582 vina-

55 617 298 682 τάξατε
319 617 410 670 ἐπ’
432 619 537 688 ἐμὲ
566 618 823 688 ἀγάπην,
851 618 1172 686 στηρίξατέ
1202 633 1282 688 με
1321 618 1392 671 ἐν
1430 617 1660 686 μύροις.

58 712 116 762 Σ
121 708 446 762 τοιϐάσατέ
470 727 546 778 με
577 711 646 764 ἐν
672 709 926 780 μήλοις·
948 709 1038 762 ὅτι
1068 710 1394 778 τετρωμένη
1426 706 1663 777 ἀγάπης

247 801 434 863 Ὅπως
455 800 624 872 τρέχῃ
649 801 726 870 τῷ
761 799 888 869 θείῳ
918 797 1101 869 δρόμῳ
1127 801 1160 869 ἡ
1190 799 1371 861 καλῶς
1401 798 1479 868 τῷ
1507 797 1662 866 ἵππῳ

63 891 543 962 προσεικασθεῖσα
581 892 726 963 ψυχὴ
751 933 767 953 ,
799 893 876 957 ὼς
914 895 1136 956 πυκνοῖς
1189 909 1249 945 τε
1292 891 1386 944 καὶ
1413 905 1661 943 συντετα-

66 984 268 1052 μένοις
323 985 436 1045 τοῖς
485 983 689 1053 ἀλμασι
736 986 848 1047 τοῖς
897 984 1204 1054 ἔμπροσθεν
1250 981 1656 1043 ἐπεκτείνεται,

64 1075 217 1144 πρὸς
243 1073 295 1125 δὲ
327 1074 387 1126 τὸ
417 1075 643 1126 κατόπιν
675 1075 776 1128 οὐκ
807 1075 1191 1145 ἐπιστρέφεται
1213 1091 1228 1105 ο
1251 1074 1430 1126 πόσων
1473 1072 1662 1142 ἔτυχεν

64 1167 132 1217 ἐν
187 1169 300 1228 τοῖς
334 1166 607 1230 φθάσασι·
631 1167 724 1219 καὶ
756 1166 836 1218 ἔτι
863 1166 1010 1238 διψᾷ.
1043 1167 1154 1220 Καὶ
1182 1165 1416 1236 τοσαύτη
1455 1165 1549 1218 τοῦ
1580 1165 1662 1218 δί-

64 1257 213 1324 ψους
244 1258 392 1308 ἐστὶν
421 1258 455 1326 ἡ
491 1257 761 1323 ἐπίτασις,
801 1259 882 1310 ὅτι
914 1259 1014 1310 οὐκ
1040 1258 1289 1328 ἀρκεῖται
1317 1257 1394 1327 τῷ
1421 1257 1520 1327 τῆς
1569 1272 1661 1309 σο-

68 1349 210 1416 φίας
231 1349 488 1418 κρατῆρι,
521 1349 628 1401 οὐδ’
664 1349 846 1402 ἱκανὸν
868 1349 1036 1403 οίεται
1077 1349 1213 1421 πρὸς
1249 1349 1544 1421 θεραπείαν
1563 1351 1662 1420 τῆς

67 1440 242 1510 δίψης
277 1439 395 1493 ὅλον
417 1440 706 1509 ὲγχέασθαι
733 1441 823 1496 τὸν
857 1442 1108 1514 κρατῆρα
1137 1441 1216 1512 τῷ
1255 1442 1482 1512 στόματι.
1503 1458 1517 1471 ·
1547 1440 1660 1494 ἀλλ’

71 1533 161 1593 εἰς
186 1530 350 1584 αὐτὸν
385 1531 479 1583 τοῦ
503 1531 646 1584 οἴνου
681 1533 772 1585 τὸν
803 1530 949 1586 οἷκον
990 1533 1333 1605 παραχθῆναι
1362 1533 1530 1604 ζητεῖ,
1567 1531 1662 1586 καὶ

71 1625 277 1684 αὐταῖς
300 1625 418 1684 ταῖς
459 1621 638 1694 ληνοῖς
664 1624 920 1695 ὑποσχεῖν
947 1624 1010 1677 τὸ
1038 1625 1233 1695 στόμα,
1258 1627 1377 1688 ταῖς
1408 1625 1500 1677 τὸν
1520 1621 1662 1681 οἶνον

71 1713 174 1764 τὸν
203 1714 338 1782 ἡδὺν
387 1715 981 1786 ὑπερϐλυζούσαις,καὶ
1036 1717 1162 1769 ἰδεῖν
1209 1717 1301 1771 τὸν
1348 1717 1542 1788 βότρυν
1570 1717 1660 1770 τὸν

71 1807 203 1866 ταῖς
236 1807 418 1875 ληνοῖς
462 1806 854 1878 ὲνθλιϐόμενον,
885 1809 979 1861 καὶ
1018 1809 1114 1880 τὴν
1164 1809 1409 1880 ἄμπελον
1447 1809 1660 1880 ἐκείνην

71 1895 180 1964 τὴν
205 1895 299 1948 τὸν
327 1896 567 1950 τοιοῦτον
613 1897 807 1970 βότρυν
835 1901 1226 1972 ἐκτρέφουσαν,
1260 1900 1461 1954 καὶτὸν
1491 1918 1665 1972 γεωρ-

72 1985 177 2052 γὸν
203 1986 307 2056 τῆς
336 1987 598 2058 alget-v71;
647 1989 916 2059 ἀμπέλου,
952 1991 1048 2043 τὸν
1077 1989 1250 2054 οὕτως
1283 1990 1544 2062 εὖτροφον
1571 1990 1663 2044 τὸν

76 2078 283 2146 βότρυν
319 2080 413 2131 καὶ
433 2079 564 2148 ἡδὺν
595 2081 1041 2152 ἀπεργαζόμενον
1073 2100 1086 2112 ·
1112 2075 1188 2134 ὧν
1216 2081 1444 2136 ἕκαστον
1473 2099 1662 2153 περιτ-

70 2169 168 2221 τὸν
198 2169 266 2222 ἂν
292 2169 375 2240 εἴη
400 2171 838 2241 διευκρινεῖσθαι,
875 2176 1114 2245 φανερᾶς
1133 2173 1296 2245 οὔσης
1316 2174 1418 2244 τῆς
1448 2175 1663 2245 ἑκάστῳ

68 2261 288 2316 τούτων
310 2262 748 2333 ὲνθεωρουμένης
795 2264 1063 2335 τροπικῆς
1110 2265 1404 2336 σημασίας.
1439 2265 1663 2328 Πάντως

67 2353 130 2404 δὲ
159 2353 384 2405 κάκεῖνο
415 2352 660 2422 βούλεται
695 2355 929 2407 κατιδεῖν
958 2354 1020 2407 τὸ
1060 2355 1377 2426 μυστήριον,
1403 2355 1519 2418 πῶς
1545 2355 1665 2426 ἐρυ-

67 2442 365 2512 θραίνεται
411 2442 490 2511 τῷ
539 2443 765 2514 πατητῷ
815 2444 914 2513 τῆς
965 2444 1124 2514 ληνοῦ
1183 2444 1252 2497 τὰ
1287 2444 1381 2497 τοῦ
1429 2445 1660 2515 νυμφίου

67 2534 452 2604 ἱμάτια.Περὶ
474 2529 535 2588 o6
561 2551 724 2604 φησιν
765 2536 794 2587 ὁ
835 2537 1152 2607 προφήτης,
1195 2537 1276 2589 ὅτι
1309 2536 1412 2590 Διὰ
1446 2537 1503 2588 τί
1546 2553 1662 2590 σου

64 2626 299 2693 ἐρυθρὰ
329 2625 402 2678 τὰ
443 2625 668 2694 ἱμάτια,
702 2628 798 2682 καὶ
836 2627 907 2681 τὰ
949 2626 1250 2698 ἐνδύματά
1278 2641 1394 2682 σου
1427 2629 1508 2694 ὠς
1543 2628 1660 2682 ἀπὸ

62 2718 350 2784 πατητοῦ
405 2719 598 2785 ληνοῦ
611 2734 631 2782 ;
681 2719 780 2772 Διά
814 2721 987 2774 ταῦτα
1017 2721 1110 2774 καὶ
1141 2720 1210 2774 τὰ
1246 2720 1468 2774 τοιαῦτα
1513 2720 1662 2783 ἐντὸς

57 2808 171 2860 τοῦ
207 2809 357 2860 οἴκου
388 2808 638 2875 γενέσθαι
672 2809 846 2875 ποθεῖ,
878 2811 936 2863 ὲν
960 2802 1004 2878 ᾧ
1027 2810 1088 2863 τὸ
1116 2809 1256 2864 κατά
1277 2810 1366 2863 τὸν
1387 2809 1526 2863 οἶνόν
1546 2811 1662 2862 ἐστι

63 2899 401 2970 μυστήριον.
443 2894 576 2952 Εἶτα
603 2901 754 2965 ἐντὸς
782 2903 1070 2972 γενομένη,
1101 2901 1262 2955 πάλιν
1283 2903 1376 2955 ἐπὶ
1398 2901 1459 2955 τὸ
1479 2901 1664 2973 μεῖζον

59 2990 551 3061 ὲξάλλεται.Ζητεῖ
568 2991 676 3059 γὰρ
690 2992 751 3045 τὸ
767 2993 1100 3064 ὑποταγῆναι
1123 2996 1188 3065 τῇ
1211 2994 1418 3065 ἀγάπῃ.
1447 2994 1662 3064 Ἀγάπη

58 3083 128 3136 δέ
151 3083 304 3135 ἐστιν
321 3084 350 3135 ό
366 3082 517 3146 Θεὸς,
535 3082 676 3136 κατὰ
697 3085 796 3156 τὴν
824 3084 1066 3138 Ἰωάννου
1095 3085 1298 3158 φωνὴν,
1313 3079 1358 3154 ᾧ
1377 3087 1438 3138 τὸ
1461 3087 1665 3139 ὑποτα-

1763 620 1936 683 riam;
1974 619 2214 674 ordinate
2257 621 2308 674 in
2359 639 2440 675 me
2481 621 2813 675 charitatem.
2853 619 3062 676 Fulcite
3111 638 3192 676 me
3231 638 3334 674 un-

1762 713 2002 780 guentis,
2035 712 2192 765 malis
2239 721 2411 766 torum
2447 713 2574 765 mihi
2610 713 2856 774 sternite,
2889 712 3017 780 quia
3057 729 3175 766 sum
3202 729 3332 766 sau-

1764 801 1908 854 ciata
1944 800 2266 855 dilectionis.
2298 800 2368 855 Ut
2389 801 2455 855 ad
2478 800 2723 855 divinum
2747 809 2935 856 currat
2963 815 3188 856 cursum
3209 817 3334 871 qua:

1764 899 1912 945 recte
1951 890 2106 960 prius
2142 891 2298 960 equis
2332 891 2633 946 assimilata
2666 897 2751 946 est
2797 892 3002 955 anima,
3064 897 3325 960 tanquam

1763 982 1975 1037 crebris
2014 989 2068 1037 et
2098 982 2366 1038 ordinatis
2397 983 2630 1037 saltibus
2663 983 2728 1036 ad
2763 983 3042 1036 anteriora
3098 981 3328 1036 tenden-

1763 1074 1914 1128 tibus
1946 1075 2280 1138 extenditur,
2307 1074 2372 1127 ad
2407 1074 2714 1145 posteriora
2745 1081 2928 1128 autem
2973 1088 3080 1126 non
3105 1087 3335 1126 conver-

1763 1167 1916 1230 titur,
1953 1174 2218 1236 quantum
2276 1166 2403 1221 licet
2463 1165 2804 1236 occupando.
2843 1163 3150 1232 Quinetiam
3194 1164 3330 1219 sitit.

1764 1257 1954 1328 Usque
1990 1253 2126 1309 adeo
2164 1262 2344 1307 autem
2413 1267 2644 1328 augetur
2683 1257 2824 1324 sitis,
2864 1264 2924 1310 ut
2955 1272 2986 1311 e
3049 1255 3335 1326 sapientia:

1763 1358 1976 1404 cratere
2022 1364 2131 1404 non
2178 1350 2415 1414 hauriat,
2474 1365 2652 1419 neque
2706 1349 2774 1402 ad
2832 1346 3128 1404 sedandam
3183 1346 3330 1402 sitim

1763 1444 1897 1498 satis
1925 1458 2047 1498 esse
2074 1449 2246 1512 putet,
2281 1443 2328 1497 si
2360 1449 2532 1496 totum
2559 1450 2825 1497 craterem
2868 1442 2924 1495 in
2960 1456 3023 1496 os
3055 1438 3330 1502 infundat,

1763 1534 1858 1588 sed
1884 1539 2042 1603 rogat
2069 1541 2128 1587 ut
2171 1533 2474 1588 deducatur
2501 1532 2568 1587 ad
2600 1533 2773 1602 ipsam
2805 1532 2997 1586 cellam
3025 1531 3293 1585 vinariam
3317 1572 3332 1593 ,

1761 1632 1817 1679 et
1847 1625 1981 1695 ipsis
2011 1625 2379 1681 torcularibus
2403 1640 2466 1679 os
2491 1623 2770 1692 subjiciat,
2828 1630 2882 1677 et
2919 1622 3080 1676 dulce
3131 1621 3322 1674 vinum

1762 1723 1980 1771 scatens
2011 1716 2264 1786 aspiciat,
2293 1715 2623 1785 botrumque
2650 1715 2742 1784 qui
2771 1714 3101 1784 exprimitur
3128 1713 3184 1766 in
3229 1725 3334 1766 tor-

1763 1806 2063 1872 cularibus,
2095 1815 2149 1862 et
2183 1808 2348 1862 vitem
2391 1807 2537 1860 illam
2570 1822 2691 1876 quae
2745 1806 2892 1859 hunc
2920 1807 3139 1859 botrum
3200 1806 3332 1868 alit,

1762 1907 1818 1954 et
1851 1914 1990 1954 vera:
2027 1899 2172 1956 illius
2225 1901 2354 1956 vitis
2387 1899 2706 1968 agricolam,
2737 1898 2831 1967 qui
2866 1896 3004 1951 adeo
3066 1897 3332 1965 optimum

1761 2002 1817 2048 et
1855 2006 2075 2048 suavem
2133 1989 2296 2046 eliicit
2328 1991 2570 2044 botrum.
2605 1989 2846 2055 Quorum
2904 1987 3334 2057 unumquodque

1763 2096 2228 2151 supervacaneum
2261 2082 2427 2135 fuerit
2456 2081 2750 2150 explicare,
2783 2095 2909 2134 cum
2939 2081 3010 2134 sit
3039 2079 3332 2135 manifesta

1763 2188 1885 2242 quae
1913 2171 1970 2226 in
1999 2186 2331 2242 unoquoque
2360 2186 2549 2225 eorum
2578 2171 2959 2225 consideratur
3001 2169 3208 2239 tropica
3260 2169 3334 2225 si-

1763 2263 2059 2334 gniﬁcatio.
2087 2262 2224 2316 lllud
2255 2270 2434 2316 autem
2475 2263 2699 2316 omnino
2737 2261 2854 2315 vult
2892 2261 3077 2316 videre
3116 2267 3335 2331 myste—

1761 2356 1929 2421 rium,
1958 2355 2415 2424 quemadmodum
2454 2370 2658 2425 sponso
2693 2354 2927 2408 calcanti
2962 2353 3208 2407 torcular
3239 2369 3334 2408 ru-

1761 2448 1874 2503 bra:
1911 2447 2044 2502 ﬁant
2075 2456 2276 2503 vestes.
2311 2447 2386 2501 De
2418 2463 2526 2517 quo
2553 2446 2684 2501 dicit
2722 2447 2984 2517 propheta
3015 2465 3028 2500 :
3066 2446 3240 2512 Quam
3269 2445 3332 2498 ob

1762 2557 1872 2596 rem
1912 2541 2076 2595 rubra
2106 2549 2227 2594 sunt
2255 2542 2564 2594 vestimenta
2617 2551 2730 2601 tua,
2759 2549 2809 2593 et
2859 2539 3165 2592 indumenta
3196 2539 3332 2591 situt

1762 2633 1826 2685 de
1850 2632 2055 2686 calcato
2085 2632 2394 2685 torculari"
2417 2631 2440 2683 ?
2469 2630 2696 2699 Propter
2713 2630 2827 2684 haec
2847 2638 2901 2684 et
2930 2645 3052 2698 quae
3079 2635 3208 2683 sunt
3232 2627 3336 2680 hu-

1759 2724 2022 2793 jusmodi,
2086 2723 2238 2792 cupit
2298 2722 2507 2792 ingredi
2553 2721 2802 2786 domum,
2859 2723 2912 2773 in
2944 2736 3050 2789 qua
3080 2725 3165 2774 est
3220 2719 3333 2772 vini

1764 2816 2084 2886 mysterium
2126 2829 2190 2868 ac
2219 2820 2645 2868 sacramentum.
2701 2811 2905 2866 Deinde
2957 2811 3227 2880 ingressa,
3265 2809 3331 2862 ad

1765 2905 1942 2974 majus
1997 2921 2192 2960 rursus
2249 2905 2456 2959 exsilit.
2494 2903 2669 2974 Rogat
2713 2903 2857 2958 enim
2920 2911 2977 2956 ut
3011 2902 3336 2970 subjiciatur

1764 2997 2043 3052 cbaritati.
2098 2996 2353 3050 Charitas
2411 3005 2589 3055 autem
2630 3003 2715 3050 est
2770 2993 2936 3056 Deus,
2989 3001 3050 3046 ut
3086 3008 3191 3047 vox
3249 3001 3335 3047 est

1763 3087 1992 3144 Joannis
2015 3090 2086 3152 ⁸⁸,
2121 3090 2208 3143 cui
2241 3089 2539 3159 subjectam
2574 3103 2698 3142 esse
2731 3087 2990 3151 animam,
3023 3101 3145 3141 esse
3187 3086 3335 3140 salu-

59 3174 244 3242 γῆναι
263 3172 361 3243 τὴν
391 3172 591 3242 ψυχὴν,
612 3173 884 3245 σωτηρίαν
906 3170 1043 3229 εῖναι
1073 3177 1101 3229 ό
1126 3176 1290 3228 Δαὸὶδ
1323 3177 1658 3247 ἀπεφήνατο.

1765 3189 1874 3237 tem
1900 3180 2070 3236 David
2109 3181 2485 3251 pronuntiavit
2505 3181 2574 3232 ⁸⁸.
2599 3179 2868 3246 Quoniam
2909 3178 3155 3248 ingressa
3186 3192 3332 3241 sum,

73 3264 247 3319 Ἐπεὶ
270 3260 362 3317 οὖν
401 3263 820 3335 γέγονα,φησὶν,
853 3267 912 3319 ὲν
941 3265 1020 3336 τῷ
1058 3266 1191 3338 οἴκῳ
1224 3267 1317 3321 τοῦ
1345 3267 1659 3334 οῖνου,ὑπο-

58 3358 279 3424 τάξατέ
306 3375 373 3428 με
401 3361 465 3430 τῇ
501 3360 710 3429 ἀγάπῃ,
749 3359 870 3430 ἦτοι
911 3359 1107 3424 τάξατε
1135 3362 1223 3415 ἐπ’
1255 3361 1356 3431 ἐμὲ
1397 3362 1497 3434 τὴν
1523 3362 1660 3431 ἀγά-

60 3469 210 3522 πην.
231 3451 420 3513 Ὅπως
437 3450 503 3503 ἂν
535 3452 714 3523 χρήσῃ
745 3454 811 3522 τῇ
846 3453 1156 3524 ἀναστροφῇ
1195 3453 1289 3507 τοῦ
1311 3453 1494 3523 λόγου,
1527 3457 1662 3508 ταύ-

59 3545 171 3599 τόν
206 3546 322 3598 ἐστι
347 3543 415 3596 δι’
439 3544 703 3615 ἑκατέρου
733 3543 794 3596 τὸ
817 3545 1237 3616 σημαινόμενον,
1262 3545 1326 3598 ἔκ
1363 3563 1423 3599 τε
1443 3545 1536 3600 τοῦ
1558 3547 1663 3600 ὑπὸ

59 3637 172 3706 τὴν
227 3636 446 3706 ἀγάπην
491 3636 776 3708 ταχθῆναι,
808 3637 920 3691 ,καὶ
961 3635 1054 3690 τοῦ
1107 3636 1207 3709 τὴν
1259 3638 1480 3709 ἀγάπην
1524 3639 1661 3711 αὐτῇ

60 3730 88 3781 ὲ
98 3727 458 3798 πιταχθῆναι.

139 3819 223 3872 ’Ἡ
256 3819 398 3889 τάχα
432 3837 485 3873 τι
519 3820 612 3874 καὶ
642 3819 819 3890 δόγμα
849 3821 959 3874 τῶν
995 3819 1355 3891 ἀστειοτέρων
1403 3819 1491 3873 διὰ
1531 3820 1663 3874 ταύ-

59 3930 170 3984 της
203 3910 307 3980 της
333 3911 519 3981 φωνῆς
546 3911 928 3983 διδασκόμεθα,
957 3913 1075 3965 οἵαν
1104 3912 1412 3966 ἀνατιθέναι
1439 3913 1515 3984 τῷ
1544 3913 1663 3985 Θεῷ

61 4005 168 4075 τὴν
213 4003 434 4076 ἀγάπην
477 4005 763 4076 προσήκει,
810 4006 906 4059 καὶ
950 4006 1096 4068 ὅπως
1127 4003 1262 4076 πρὸς
1301 4005 1428 4069 τοὺς
1471 4005 1663 4069 ἄλλους

62 4099 240 4168 ἔχειν.
276 4096 341 4149 Et
377 4095 485 4166 γὰρ
518 4095 622 4169 χρὴ
671 4097 851 4150 πάντα
896 4096 1035 4150 κατά
1060 4095 1214 4162 τάξιν
1259 4096 1352 4148 καὶ
1391 4097 1664 4166 εὐσχημό-

59 4207 178 4254 νως
204 4189 470 4257 γίνεσθαι,
498 4187 676 4260 πολλῷ
707 4189 905 4260 μᾶλλον
932 4191 965 4261 ἠ
993 4188 1143 4254 τάξις
1180 4189 1238 4241 ὲν
1264 4191 1376 4251 τοῖς
1402 4189 1663 4251 τοιούτοις

60 4280 354 4352 ἁρμόδιος.
405 4281 478 4334 Οὐ
512 4283 621 4351 γὰρ
659 4280 726 4334 ἂν
769 4281 893 4335 οὔτε
939 4282 969 4333 ό
1011 4283 1149 4335 Κάῖν
1206 4283 1298 4335 ἐπὶ
1349 4279 1427 4351 τῷ
1477 4281 1662 4344 κακῶς

59 4373 269 4426 διελεῖν
305 4372 621 4443 κατεκρίθη,
650 4375 698 4426 εἰ
744 4373 880 4443 μετά
909 4373 1004 4426 106
1037 4373 1210 4445 ὀρθῶς
1251 4376 1657 4445 προσενεγκεῖν,

63 4463 162 4515 καὶ
195 4460 260 4514 τὸ
301 4463 510 4532 πρέπον
555 4464 614 4516 ὲν
653 4466 718 4534 τῇ
749 4462 898 4528 τάξει
949 4465 1246 4534 πεφύλαχε,
1274 4465 1380 4519 τῶν
1413 4465 1561 4536 αὐτῷ
1598 4483 1659 4519 τε

1765 3273 1964 3342 inquit,
1997 3271 2052 3325 in
2083 3272 2280 3326 cellam
2313 3271 2606 3331 vinariam,
2641 3269 2902 3337 subjicite
2942 3284 3029 3324 me
3061 3268 3338 3331 charitati,

1764 3382 1860 3422 seu
1890 3365 2141 3420 ordinate
2188 3367 2242 3420 in
2301 3381 2386 3420 me
2441 3365 2792 3418 charitatem.
2828 3357 3334 3427 Quomodocunque

1763 3458 1912 3511 enim
1943 3459 2116 3512 utaris
2153 3457 2300 3511 verbi
2350 3456 2681 3520 inversione,
2737 3453 2880 3508 idem
2913 3462 2998 3507 est
3029 3449 3175 3520 quod
3233 3464 3330 3519 per

1764 3555 2056 3619 utrumque
2081 3549 2436 3620 signiﬁcatur,
2468 3563 2666 3618 nempe
2703 3553 2759 3602 et
2812 3561 2875 3599 ex
2917 3561 2982 3599 eo
3017 3543 3166 3615 quod
3199 3542 3336 3597 sub-

1759 3641 1903 3711 jecta
1943 3641 2017 3697 sit
2055 3641 2308 3696 charitati
2328 3681 2344 3706 ,
2375 3647 2429 3696 et
2465 3655 2533 3696 ex
2561 3655 2628 3695 eo
2663 3637 2809 3710 quod
2838 3638 3079 3694 charitas
3104 3636 3154 3690 ei
3184 3635 3335 3690 ordi-

1764 3739 1944 3786 netur.

1832 3820 1989 3876 Nunc
2015 3831 2189 3876 autem
2211 3828 2264 3876 et
2289 3821 2486 3877 scitum
2510 3819 2728 3891 aliquod
2754 3821 2948 3891 dogma
2974 3835 3040 3875 ex
3063 3820 3166 3874 hac
3201 3833 3335 3874 voce

1766 3912 1907 3969 forte
1941 3913 2221 3978 docemur,
2254 3929 2448 3982 nempe
2486 3911 2793 3980 cujusmodi
2833 3913 2905 3965 sit
2946 3910 3058 3965 Deo
3089 3911 3334 3966 tribuen—

1764 4009 1833 4064 da
1869 4008 2129 4071 Charitas,
2158 4016 2212 4060 et
2258 4005 2716 4077 quemadmodum
2749 4007 2802 4059 in
2836 4020 2894 4059 se
2925 4005 3156 4059 invicem
3203 4002 3338 4057 ali‘e-

1764 4108 1881 4154 ctos
1905 4114 2028 4153 esse
2052 4106 2320 4167 oporteat.
2365 4096 2422 4150 Si
2449 4099 2594 4152 enim
2635 4105 2853 4167 Oportet
2917 4097 3096 4150 omnia
3143 4095 3336 4149 ordine

1763 4196 1817 4243 et
1846 4188 2074 4243 honeste
2103 4188 2242 4248 lieri,
2284 4189 2454 4242 multo
2482 4189 2655 4258 magis
2678 4188 2731 4240 in
2788 4187 2872 4241 his
2916 4195 2999 4240 est
3027 4186 3161 4241 ordo
3201 4201 3337 4241 con-

1761 4281 2008 4336 veniens.
2043 4279 2227 4350 Neque
2253 4281 2397 4333 enim
2440 4280 2838 4332 condemnatus
2867 4289 3014 4332 esset
3043 4279 3177 4333 Cain
3210 4294 3338 4348 pro-

1763 4382 1949 4445 pterea
1980 4373 2122 4441 quod
2155 4373 2294 4426 male
2325 4371 2668 4433 divideret“,
2702 4372 2746 4424 si
2772 4387 2895 4424 cum
2928 4387 2993 4424 eo
3020 4370 3165 4439 quod
3191 4377 3337 4424 recte

1762 4464 2070 4530 obtulisset,
2097 4464 2259 4518 etiam
2287 4462 2338 4515 id
2366 4463 2510 4530 quod
2542 4461 2700 4515 decet
2732 4461 2786 4514 in
2818 4461 3009 4515 ordine
3033 4469 3334 4523 servasset,

63 4552 208 4624 πρὸς
247 4553 439 4624 χρείαν
484 4553 982 4625 καταλειπομένων,
1017 4557 1111 4610 καὶ
1148 4555 1256 4609 τῶν
1286 4555 1364 4627 τῷ
1407 4556 1524 4626 Θεῷ
1557 4557 1658 4625 ἀφ-

1764 4568 1877 4614 tam
1909 4573 2098 4614 eorum
2143 4571 2264 4624 qua:
2295 4556 2575 4608 restabant
2601 4553 2668 4612 ad
2715 4569 2896 4616 usum,
2935 4568 3098 4622 quam
3142 4567 3334 4607 eorum

66 4645 408 4716 ιερωμένων.
456 4646 586 4699 Δέον
623 4647 730 4718 γὰρ
779 4649 843 4700 ἐκ
882 4647 990 4700 τῶν
1034 4648 1264 4720 πρώτων
1308 4649 1661 4718 γεννημάτων

61 4736 142 4806 τῷ
171 4737 298 4808 Θεῷ
330 4736 427 4807 τῆς
457 4737 646 4802 θυσίας
674 4737 1042 4810 ἀπάρξασθαι,
1070 4739 1232 4801 αὐτὸς
1261 4738 1372 4792 τῶν
1407 4739 1661 4810 τιμιωτέ-

67 4847 177 4895 ρων
208 4829 565 4900 ἐμφορηθεὶς,
591 4830 682 4884 τὸν
709 4831 840 4884 Θεὸν
867 4833 980 4894 τοῖς
1017 4831 1290 4900 λειψάνοις
1321 4832 1656 4896 ἐδεξιώσατο.

64 4922 185 4990 Χρὴ
218 4921 403 4974 τοίνυν
446 4922 645 4975 εἰδέναι
685 4923 784 4994 τῆς
836 4923 1057 4994 ἀγάπης
1107 4923 1205 4994 τὴν
1249 4922 1422 4987 τάξιν,
1461 4924 1527 4994 ἢν
1555 4925 1658 4992 ὑφ-

66 5015 282 5079 ηγεῖται
338 5009 426 5062 διὰ
452 5009 547 5063 106
579 5011 767 5081 νόμου,
795 5011 914 5074 πῶς
953 5012 1052 5081 μὲν
1086 5010 1400 5078 ἀγαπᾶσθαι
1426 5011 1531 5081 χρὴ
1560 5011 1653 5062 τὸν

65 5102 217 5166 Θεὸν,
245 5102 367 5166 πῶς
395 5102 452 5154 δὲ
481 5103 574 5156 τὸν
617 5103 862 5173 πλησίον,
892 5103 987 5156 καὶ
1019 5103 1119 5173 τὴν
1144 5105 1397 5170 γυναῖκα,
1437 5105 1530 5156 καὶ
1563 5103 1654 5155 τὸν

67 5193 280 5266 ἐχθρὸν,
309 5196 517 5266 μήποτε
547 5195 778 5258 ἄτακτός
805 5213 891 5257 τις
913 5195 1008 5248 καὶ
1036 5194 1406 5264 ὲνηλλαγμένη
1433 5195 1654 5262 γένηται

65 5287 162 5356 τῆς
183 5288 410 5357 ἀγάπης
443 5289 476 5358 ἡ
511 5288 915 5360 ἁποπλήρωσις.
962 5290 1054 5340 Δεῖ
1089 5288 1198 5358 γάρ
1233 5287 1364 5339 Θεὸν
1393 5287 1489 5358 μὲν
1520 5287 1656 5354 ἁγα-

71 5379 172 5447 ττᾷν
198 5379 258 5444 ἐξ
284 5378 415 5450 ὅλης
440 5378 664 5450 καρδίας
682 5396 741 5431 τε
775 5379 868 5432 καὶ
888 5377 1085 5448 ψυχῆς,
1121 5379 1214 5431 καὶ
1238 5379 1539 5448 δυνάμεως,
1562 5378 1658 5431 καὶ

70 5469 391 5541 αἰσθήσεως·
413 5469 505 5522 τὸν
531 5469 589 5522 δὲ
607 5469 856 5540 πλησίον,
878 5470 951 5531 ὡς
973 5469 1183 5522 ἑαυτόνο
1204 5468 1304 5540 τὴν
1327 5468 1383 5520 δὲ
1399 5471 1653 5537 γυναῖκα,

73 5561 115 5609 εἰ
160 5561 259 5629 μὲν
309 5559 704 5632 καθαρωτέρας
737 5561 854 5613 ἐστί
899 5558 1098 5630 ψυχῆς,
1128 5558 1202 5623 ὡς
1234 5561 1263 5611 ό
1295 5557 1526 5629 Χριστὸς
1556 5559 1655 5616 τὴν

83 5647 439 5722 Ἐκκλησίαν⁸
478 5652 508 5702 ὁ
544 5650 602 5703 δὲ
634 5649 1060 5722 ἐμπαθέστερος,
1090 5649 1166 5713 ὼς
1208 5649 1268 5702 τὸ
1305 5649 1432 5702 ῐδιον
1460 5647 1616 5718 σῶμα
1637 5664 1650 5678 ·

1759 4667 1881 4722 qua:
1919 4650 2029 4704 Deo
2063 4648 2549 4720 consecrabantur.
2586 4643 2723 4699 Cum
2770 4645 2914 4698 enim
2951 4651 3228 4713 oporteret
3261 4657 3329 4697 ex

1758 4744 1826 4796 iis
1863 4755 1985 4810 qua:
2023 4739 2199 4807 primo
2229 4747 2354 4792 nata
2383 4744 2564 4803 erant,
2601 4735 2710 4790 Deo
2743 4735 2959 4790 divinas
2998 4734 3197 4790 oli'erre
3218 4735 3334 4804 pri-

1758 4833 1960 4894 mitias,
1996 4831 2111 4898 ipse
2139 4830 2382 4899 repletus
2420 4829 2488 4882 iis
2528 4843 2650 4897 quae
2693 4827 3216 4898 erantpretiosiora,
3249 4840 3338 4881 re-

1759 4920 1946 4989 liquiis
2005 4917 2172 4972 Deum
2228 4917 2509 4987 excipiens
2550 4925 2634 4971 est
2699 4925 3047 4986 prosecutus.
3108 4913 3336 4985 Oportet

1759 5023 1889 5078 ergo
1931 5008 2073 5062 seire
2131 5006 2378 5062 ordinem
2427 5006 2752 5070 charitatis,
2804 5022 2966 5076 quam
3022 5021 3119 5076 per
3158 5007 3333 5078 legem

1761 5100 2002 5166 exponit,
2049 5114 2243 5168 nempe
2271 5098 2734 5168 quemadmodum
2768 5098 2935 5152 Deum
2977 5106 3227 5168 Oporteat
3251 5099 3335 5154 di-

1761 5191 1949 5260 ligere,
1984 5198 2038 5244 et
2059 5207 2310 5254 uxorem,
2334 5198 2388 5244 et
2418 5190 2724 5253 inimicum,
2751 5207 2818 5244 ne
2854 5190 2991 5244 forte
3024 5191 3332 5246 inordinata

1760 5288 1815 5334 et
1845 5281 2061 5335 inversa
2107 5282 2200 5334 ﬁat
2234 5281 2520 5335 charitatis
2555 5281 2890 5352 adimpletio.
2930 5281 3154 5352 Oportet
3183 5283 3329 5337 enim

1762 5369 1929 5426 Deum
1967 5370 2184 5441 quidem
2218 5371 2444 5442 diligere
2498 5388 2562 5426 ex
2602 5381 2716 5426 toto
2754 5373 2918 5427 corde
2953 5382 3007 5427 et
3057 5373 3238 5428 anima
3279 5381 3334 5427 et

1758 5463 1998 5532 potentia
2029 5471 2082 5518 et
2110 5480 2314 5519 sensu:
2363 5464 2670 5534 proximum
2715 5475 2896 5520 autem
2939 5474 3197 5537 tanquam
3240 5483 3331 5523 se-

1757 5555 1933 5624 ipsum
1961 5575 1974 5609 :
2007 5562 2062 5610 ct
2093 5572 2342 5620 uxorem,
2378 5558 2424 5611 si
2453 5558 2693 5628 purioris
2729 5557 2951 5628 quidem
2991 5568 3079 5615 est
3110 5561 3326 5622 animae,

1757 5649 1898 5703 sicut
1939 5647 2194 5704 Christus
2236 5647 2578 5719 Ecclesiam;
2633 5650 2718 5706 sin
2750 5658 2935 5708 autem
2999 5661 3084 5708 est
3133 5653 3331 5708 anima:

152 5829 193 5864 ⁵⁷
214 5831 323 5892 isa.
350 5831 576 5896 anl,‘2.
653 5831 698 5863 ⁵⁸
719 5829 736 5884 1
759 5829 914 5886 Joan.
940 5845 1012 5897 tv,
1037 5829 1089 5884 8.
1167 5830 1211 5862 δ’
1233 5827 1374 5885 Psal.
1396 5828 1576 5895 ιτι,2.
1655 5828 1700 5860 ⁸ο
1719 5826 1915 5883 Gcncs.
1936 5841 2010 5892 Iv,
2034 5825 2084 5881 7.
