3854 6216
508 405 608 457 M7

1782 397 1838 449 S.
1873 395 2199 452 GREGORII
2237 395 2533 452 NYSSENI

3665 393 3756 450 8&8

510 517 670 588 paulo
709 515 882 582 magis
903 513 1154 569 obnoxiae
1183 511 1349 567 animi
1379 509 1906 582 perturbationibus,
1931 511 2076 565 sicut

2198 509 2320 564 ιῦτω
2348 509 2458 582 γάρ
2487 508 2698 562 κελεύει
2729 509 2758 562 6
2789 508 2897 562 τῶν
2935 505 3186 560 τοιούτων
3205 506 3494 578 διατάκτης
3524 507 3758 573 Παῦλος.

507 622 708 676 corpus
757 608 1059 676 proprium.
1095 603 1187 660 Sic
1222 605 1368 658 enim
1399 602 1552 672 jubet
1590 601 1685 672 qui
1708 601 1821 654 hmc
1859 601 2079 655 ordinat

508 695 713 750 Paulus
735 695 804 748 ⁸³.
843 693 1128 748 Inimicum
1163 704 1366 758 autem,
1397 693 1452 747 in
1472 707 1538 746 eo
1558 689 1706 761 quod
1744 705 1852 744 non
1886 689 2079 745 redda-

507 802 630 842 mus
663 785 866 839 malum
902 798 1004 853 pro
1039 784 1205 846 malo,
1256 782 1350 836 sed
1389 796 1489 851 pro
1527 780 1728 850 injuria
1773 778 2079 834 referamus

506 876 852 933 beneficium.
885 874 1043 930 Nunc
1072 885 1254 928 autem
1309 873 1437 927 licet
1484 871 1670 927 videre
1707 869 1996 927 confusam
2024 877 2080 926 et

508 968 875 1024 inordinatam
916 968 974 1022 in
1029 965 1220 1022 multis
1268 965 1615 1028 charitatem,
1656 978 1754 1034 per
1790 978 1899 1017 non
1943 977 2080 1016 con-

504 1071 787 1131 gruentem
845 1059 1338 1114 inconcinnitatem
1395 1056 1631 1112 erratice
1705 1054 2076 1110 incedentem.

501 1151 638 1205 Nam
657 1151 824 1221 aliqui
852 1149 1071 1220 quidem
1102 1149 1386 1220 pecunias,
1410 1157 1468 1203 et
1501 1148 1760 1211 honores,
1782 1154 1836 1202 et
1855 1161 2078 1212 uxores,

503 1243 557 1297 in
597 1257 692 1297 eas
743 1241 885 1298 forte
917 1240 1201 1296 ardentius
1231 1238 1436 1305 affecti,
1469 1253 1536 1294 ex
1587 1246 1704 1294 tota
1747 1238 1928 1293 anima
1953 1237 2079 1292 dili-

503 1343 639 1403 gunt
663 1341 719 1389 et
757 1333 891 1388 totis
919 1331 1153 1396 viribus,
1187 1331 1436 1386 utetiam
1460 1331 1698 1384 animam
1731 1345 1854 1400 pro-
1876 1329 1958 1385 eis
1991 1345 2082 1385 ve-

505 1423 609 1478 lint
648 1421 1018 1494 profundere:
1060 1420 1171 1477 Deo
1213 1429 1482 1492 quantum
1533 1419 1785 1475 videtur:
1830 1419 2080 1492 proximo

506 1521 688 1570 autem
737 1513 830 1566 vix
868 1520 1077 1566 tantam
1114 1510 1408 1568 ostendant
1457 1510 1783 1566 charitatem
1809 1550 1826 1577 ,
1872 1518 2078 1580 quanta

505 1606 735 1660 debetur
777 1604 1038 1660 inimicis.
1092 1603 1150 1657 In
1182 1619 1277 1659 eos
1317 1610 1499 1658 autem
1537 1602 1633 1672 qui
1692 1600 1822 1657 odio
1876 1601 2080 1657 habent

507 1698 625 1752 haec
662 1707 748 1752 est
788 1695 1023 1758 aﬁ‘ectio,
1058 1703 1118 1750 ut
1162 1695 1356 1765 majori
1396 1695 1541 1749 malo
1581 1693 1924 1748 ulciscantur
1953 1708 2076 1747 eum

507 1789 599 1858 qui
631 1788 782 1858 prior
810 1786 990 1842 affecit
1022 1786 1245 1856 injuria.
1287 1783 1549 1841 Ordinate
1601 1799 1733 1855 ergo
1763 1784 1820 1839 in
1855 1799 1962 1849 me,
1996 1785 2079 1838 in-

2179 602 2283 656 Τὸν
2305 601 2498 673 ἐχθρὸν
2516 601 2581 655 ’δὲ
2615 602 2673 654 ἐν
2696 599 2773 669 τῷ
2803 600 2876 670 μὴ
2905 599 3074 653 κακδν
3099 599 3400 652 ἀντιδοῦναι
3423 599 3608 670 κακῷ.
3638 601 3759 654 ἀλλά

2177 691 2246 746 δι’
2268 691 2586 761 εὐεργεσίας
2609 690 2706 760 τὴν
2729 689 2938 742 ἀδικίαν
2960 687 3316 758 ἀμείψασθαι.
3344 687 3458 741 Νῦν
3478 688 3540 742 δὲ
3574 707 3762 758 συγκε-

2179 782 2422 854 χυμένην
2447 782 2594 835 ἐστιν
2624 781 2751 834 ίδεῖν
2775 781 2867 833 καὶ
2896 779 3129 834 ἄτακτον
3160 781 3253 833 ἐπὶ
3289 781 3397 833 τῶν
3427 780 3652 834 πολλῶν
3679 784 3764 852 τὴν

2180 879 2420 949 ἀγάπην,
2454 877 2540 931 διὰ
2567 879 2664 948 τῆς
2692 875 3062 947 ἀκατάλλήλου
3093 877 3459 947 ἀναρμοστίας
3483 877 3766 946 πεπλανη-

2183 970 2359 1038 μένως
2410 966 2830 1039 ἐνεργουμένην.
2887 967 2950 1021 Οἶ
2999 970 3254 1038 χρήματα
3304 968 3400 1038 μὲν
3457 969 3555 1020 καὶ
3607 969 3768 1038 τιμάς

2179 1061 2274 1114 καὶ
2325 1060 2620 1128 γυναῖκας,
2666 1056 2733 1110 ἂν
2773 1057 2976 1127 τύχωσι
3034 1055 3362 1127 θερμότερον
3409 1059 3549 1128 πρὸς
3605 1059 3771 1121 αὑτὰς

2179 1151 2530 1221 διακείμενοι,
2561 1148 2620 1215 ἐξ
2649 1148 2778 1219 ὅλης
2809 1147 2987 1218 ψυχῆς
3012 1149 3108 1202 καὶ
3143 1149 3423 1217 δυνάμεως
3453 1151 3770 1218 ἀγαπῶσιν,

2179 1241 2253 1305 ὡς
2281 1241 2375 1294 καὶ
2401 1243 2501 1312 τὴν
2531 1239 2675 1310 ζωὴν
2702 1239 2768 1292 ἂν
2805 1238 2946 1310 ὑπὲρ
2972 1238 3150 1292 αὐτῶν
3177 1239 3432 1310 ἐθελῆσαι
3469 1243 3770 1311 προέσθαι·

2178 1332 2314 1386 Θεὸν
2341 1332 2402 1386 δὲ’
2428 1329 2680 1385 τοσοῦτον
2713 1331 2837 1384 ὅσον
2871 1329 3075 1382 δοκεῖν·
3119 1329 3196 1399 τῷ
3240 1330 3296 1382 δὲ
3344 1331 3576 1400 πλησίον
3625 1333 3769 1402 μόλις

2177 1424 2244 1479 ἂν
2276 1424 2638 1488 ἐπιδείξαιντο
2666 1423 2766 1495 τὴν
2792 1423 2904 1485 τοῖς
2949 1421 3162 1492 ἐχθροῖς
3213 1421 3604 1491 ἀφορισθεῖσαν
3639 1425 3769 1491 ἀγά-

2179 1531 2311 1584 πην.
2355 1513 2423 1566 Ἦ
2467 1513 2526 1566 δὲ
2571 1511 2708 1582 πρὸς
2760 1511 2887 1574 τοὺς
2946 1507 3234 1579 μισοῦντας
3285 1507 3468 1578 σχέσις
3518 1510 3668 1570 ἐστὶ,
3701 1510 3772 1578 τῷ

2182 1603 2385 1676 μείζονι
2425 1603 2579 1674 κακῷ
2613 1603 2741 1666 τοὺς
2785 1600 3258 1674 προλελυπηκότας
3302 1598 3635 1669 ἀμύνεσθαι.
3675 1601 3776 1653 Td-

2180 1698 2306 1763 ξατε
2330 1693 2444 1759 οὖν,
2477 1696 2659 1766 φησὶν,
2687 1696 2774 1748 ἐπ’
2805 1694 2906 1765 ἐμὲ
2943 1693 3042 1764 τὴν
3070 1691 3308 1762 ἀγάπην,
3335 1690 3476 1744 ὥστε
3508 1691 3640 1762 Θεῷ
3676 1692 3769 1761 μὲν

2179 1787 2486 1843 ἀνατιθέναι
2531 1788 2653 1840 ὅσον
2700 1785 2993 1856 ὀφείλεται,
3040 1783 3134 1837 ἐπὶ
3183 1783 3241 1836 δέ
3288 1782 3396 1836 τῶν
3435 1782 3618 1837 ἄλλων
3653 1783 3776 1837 ἐκά-

507 1882 648 1952 ‹μιὶι.
682 1879 1026 1941 charitatem,
1064 1887 1124 1933 ut
1161 1877 1272 1933 Deo
1305 1886 1516 1932 tantum
1546 1877 1781 1933 tribuam
1813 1885 2079 1946 quantum

2198 1899 2330 1945 ττου,
2360 1879 2456 1934 τοῦ
2487 1879 2854 1951 προσήκοντος
2891 1877 3088 1948 μέτρου
3121 1876 3195 1946 μὴ
3220 1876 3536 1946 ἀστοχῆσαι.
3577 1878 3652 1929 Ἥ
3689 1878 3774 1928 καὶ

506 1974 759 2036 debetur,
792 1972 848 2026 in
888 1985 1216 2042 unoquoque
1238 1978 1419 2026 autem
1447 1970 1703 2036 aliorum,
1732 1968 1802 2024 ab
1821 1985 1884 2026 ea
1915 1985 2079 2040 quam

506 2081 608 2136 par
641 2074 723 2120 est
752 2078 1008 2118 mensura
1041 2079 1152 2117 non
1196 2062 1463 2118 aberrem.
1510 2063 1594 2116 An
1650 2061 1793 2116 forte
1832 2077 1928 2131 per
1977 2061 2082 2116 hoc

507 2163 672 2216 etiam
699 2162 826 2215 licet
867 2155 1186 2230 intelligere,
1218 2157 1366 2227 quod
1403 2156 1672 2224 Quoniam
1723 2171 1846 2226 qua:
1907 2156 2084 2226 primo

512 2252 720 2305 fueram
762 2249 981 2314 dilecta,
1032 2262 1129 2317 per
1157 2245 1584 2301 inobedientiam
1636 2246 1780 2301 inter
1831 2245 2084 2302 inimicos

511 2344 588 2397 fui
619 2352 868 2412 reputata
891 2379 907 2404 ,
942 2355 1090 2398 nunc
1123 2338 1190 2393 ad
1240 2337 1488 2394 eamdem
1520 2353 1743 2394 reversa
1801 2354 1924 2394 sum
1957 2355 2085 2410 gra-

511 2437 666 2497 tiam,
705 2449 800 2504 per
827 2433 1150 2487 charitatem
1205 2443 1412 2500 sponso
1469 2429 1790 2498 conjuncta,
1834 2445 1897 2483 ea
1937 2444 2088 2484 nunc

511 2526 667 2589 dicit,
701 2523 1033 2580 Conﬁrmate
1071 2521 1205 2576 mihi
1237 2520 1400 2590 hujus
1427 2521 1616 2592 gratia:
1645 2521 2000 2576 stabilitatem
2035 2531 2090 2576 et

516 2619 1034 2679 immutabilitatem,
1058 2631 1157 2671 vos
1192 2614 1358 2669 amici
1391 2614 1601 2684 sponsi,
1635 2613 1820 2670 studio
1862 2623 1919 2668 et
1960 2613 2090 2668 dili-

515 2712 696 2782 gentia
735 2710 869 2764 mihi
903 2717 1295 2764 conservantes
1326 2709 1754 2778 propensionem
1777 2706 1847 2762 ad
1867 2704 1921 2761 id
1943 2705 2090 2778 quod

515 2815 600 2859 est
633 2803 850 2858 melius.

589 2895 715 2950 Haec
744 2904 924 2949 autem
975 2907 1099 2948 cum
1138 2891 1385 2956 dixisset,
1440 2893 1642 2946 transit
1691 2905 1886 2945 rursus
1936 2889 2002 2944 ad
2038 2888 2094 2944 id

520 2987 666 3057 quod
693 2995 774 3042 est
812 2985 1110 3041 sublimius
1138 3003 1152 3038 :
1203 2983 1390 3038 fulciri
1429 2983 1630 3053 quippe
1654 2990 1811 3054 rogat
1841 2997 2095 3052 unguen-

522 3079 596 3132 tis
623 3076 689 3130 ad
717 3076 1062 3130 obtinendam
1094 3073 1365 3128 bonorum
1397 3073 1732 3128 ﬁrmitatem.
1762 3071 1969 3126 Fulcite
1991 3089 2093 3139 me,

524 3167 725 3236 inquit,
761 3165 1058 3235 unguentis.
1091 3162 1136 3218 0
1173 3163 1524 3219 admirabiles
1544 3166 1830 3220 columnas
1874 3173 1929 3219 et
1955 3179 2095 3220 nova

525 3257 736 3311 fulcra!
779 3255 1249 3322 Quemadmodum
1309 3255 1448 3309 ﬁunt
1496 3263 1775 3326 unguenta
1830 3257 2099 3311 columna:

526 3347 766 3402 domus?
803 3344 1266 3415 quemadmodum
1305 3345 1623 3400 ﬁrmissima
1682 3346 1813 3400 tecti
1843 3355 2102 3400 constru-

528 3439 640 3493 ctio
697 3437 890 3492 nititur
950 3437 1087 3491 bene
1146 3435 1378 3506 spiranti
1436 3434 1647 3490 odore?
1700 3434 1896 3490 Annon
1943 3435 2103 3504 plane

528 3530 878 3602 perspicuum
923 3537 1028 3592 est,
1069 3526 1214 3597 quod
1268 3542 1391 3598 quae
1437 3526 1792 3581 multifariam
1826 3540 1856 3578 a
1915 3525 2102 3581 multis

529 3628 858 3676 exercentur
921 3620 1177 3686 virtutes,
1233 3635 1337 3689 pro
1395 3619 1656 3675 varietate
1718 3617 2100 3687 operationum

529 3715 693 3768 etiam
718 3712 1118 3766 nominantur?
1150 3711 1326 3767 virtus
1357 3712 1502 3766 enim
1529 3718 1613 3766 est
1651 3724 1762 3765 non
1795 3710 1974 3765 solum
2007 3708 2104 3764 bo-

532 3821 661 3859 num
691 3805 910 3867 intueri,
946 3811 1001 3857 et
1030 3818 1152 3858 esse
1197 3803 1514 3872 participem
1542 3802 1664 3872 ejus
1695 3800 1844 3872 quod
1873 3808 1956 3856 est
1986 3815 2105 3855 me-

531 3897 660 3959 lius,
695 3895 790 3950 sed
829 3895 990 3949 etiam
1027 3895 1522 3950 immutabilitatem
1567 3894 1622 3949 in
1674 3896 1820 3950 bono
1869 3909 2100 3949 conser-

531 4002 680 4041 vare.
713 3986 816 4051 Qui
845 4001 976 4056 ergo
1018 3986 1131 4040 vult
1167 3984 1353 4040 fulciri
1410 3985 1723 4056 unguentis,
1763 3985 1962 4054 quaerit
1997 3981 2108 4039 sibi

534 4079 728 4134 adesse
759 4077 1074 4132 ﬁrmitatem
1113 4077 1170 4131 in
1220 4078 1540 4134 virtutibus.
1597 4076 1787 4132 Virtus
1819 4076 1966 4131 enim
2023 4083 2108 4130 est

534 4178 896 4240 unguentum,
935 4170 1191 4240 quoniam
1239 4178 1324 4226 est
1371 4170 1622 4239 sejuncta
1681 4169 1750 4224 ab
1777 4168 1928 4224 omni
1965 4176 2109 4224 tetro

535 4262 706 4315 odore
732 4269 1103 4331 peccatorum.
1141 4261 1521 4316 Admirabitur
1554 4270 1732 4315 autem
1764 4261 1928 4315 etiam
1960 4260 2112 4328 quis-

535 4353 680 4422 piam
721 4353 1172 4422 consequentiam
1230 4367 1421 4408 eorum
1477 4369 1598 4422 qua:
1651 4351 1797 4406 dicta
1837 4362 1983 4416 sunt,
2015 4367 2111 4422 per

536 4459 784 4513 quaenam
817 4444 969 4513 cupit
995 4443 1102 4498 sibi
1138 4442 1309 4498 sterni
1361 4443 1604 4498 domum.
1658 4443 1793 4497 Nam
1856 4444 1946 4498 hic
2000 4459 2110 4498 non

2184 1972 2340 2026 τοῦτο
2388 1971 2550 2042 τυχὸν
2597 1969 2744 2023 ἐστιν
2807 1968 3102 2038 ὑπονοῆσαι
3166 1966 3254 2020 διὰ
3305 1967 3398 2020 τοῦ
3457 1966 3653 2036 λόγου,
3699 1969 3776 2020 ὅτι

2183 2061 2405 2133 Ἐπειδὴ
2437 2060 2784 2132 ἀγαπηθεῖσα
2816 2059 2944 2130 περὶ
2962 2059 3060 2128 τὴν
3087 2055 3329 2128 πρώτην,
3359 2055 3446 2110 διὰ
3473 2057 3572 2122 τῆς
3599 2075 3774 2128 παρα-

2184 2156 2316 2227 κοῆς
2345 2157 2403 2208 ἐν
2427 2157 2536 2218 τοῖς
2567 2153 2779 2225 ἐχθροῖς
2808 2151 3112 2220 ἐλογίσθην,
3149 2151 3263 2202 νυνὶ
3288 2149 3345 2202 δὲ
3375 2149 3539 2202 πάλιν
3569 2151 3657 2212 είς
3685 2149 3777 2218 τὴν

2185 2247 2354 2317 αὐτὴν
2383 2245 2681 2316 ἐπανῆλθον
2707 2245 2888 2315 χάριν,
2913 2243 2979 2296 δι’
3015 2242 3236 2312 ἀγάπης
3275 2240 3354 2312 τῷ
3389 2242 3615 2311 νυμφίῳ
3652 2258 3774 2293 συν-

2188 2339 2555 2412 αρμοσθεῖσαο
2605 2337 2889 2410 κυρώσατέ
2949 2357 3075 2410 μοι,
3117 2337 3271 2408 φησὶ,
3302 2336 3363 2390 τὸ
3407 2337 3510 2406 τῆς
3555 2336 3777 2407 χάριτος

2186 2433 2392 2504 ταύτης
2421 2431 2752 2503 τεταγμένον
2796 2430 2891 2484 καὶ
2938 2431 3338 2502 ἀμετάστατον,
3356 2429 3514 2498 ὑμεῖς
3541 2431 3594 2482 oi
3639 2429 3776 2497 φίλοι

2188 2523 2282 2578 τοῦ
2311 2524 2564 2594 νυμφίου,
2599 2523 2666 2576 δι’
2692 2523 3006 2592 ἐπιμελείας
3040 2522 3133 2575 καὶ
3181 2521 3451 2592 προσοχῆς
3482 2519 3562 2591 τῷ
3598 2522 3778 2589 παγίῳ

2194 2616 2589 2690 συντηροῦντές
2617 2633 2704 2688 μοι
2735 2617 2836 2686 τὴν
2873 2616 3008 2687 πρὸς
3034 2615 3093 2668 τὸ
3121 2618 3368 2686 κρεῖττον
3395 2616 3605 2687 ῥοπήν.

2263 2894 2447 2950 Ταῦτα
2476 2894 2532 2948 δέ
2559 2894 2807 2956 είποῦσα,
2840 2896 3002 2949 πάλιν
3031 2896 3166 2967 πρὸς
3197 2896 3257 2950 τὸ
3289 2897 3624 2970 ὑψηλότερον
3658 2903 3778 2971 μέτ-

2195 3004 2329 3043 εισι·
2363 2987 2716 3059 στηριχθῆναι
2755 2987 2862 3059 γάρ
2892 2988 3027 3060 πρὸς
3051 2991 3149 3060 τὴν
3177 2989 3285 3043 τῶν
3312 2990 3534 3060 ἀγαθῶν
3567 2992 3776 3063 βεϐαιό-

2194 3096 2334 3150 τητα
2377 3081 2488 3142 τοῖς
2540 3079 2728 3150 μύροις
2771 3077 2942 3151 ζητεῖ.
2990 3081 3314 3150 Στηρίξατέ
3338 3099 3446 3152 με,
3489 3085 3678 3156 φησὶν,
3714 3085 3778 3136 ἐν

2194 3171 2426 3240 μύροις.
2459 3171 2522 3222 Ὠ
2543 3170 2859 3241 παραδόξων
2891 3172 2984 3224 καὶ
3022 3173 3223 3225 καινῶν
3248 3174 3596 3244 ἐρεισμάτων
3623 3177 3637 3230 !
3666 3175 3780 3239 Πᾶς

2200 3260 2269 3313 τά
2310 3259 2456 3330 μύρα
2494 3259 2788 3314 στύλοιτοῦ
2817 3261 2963 3314 οἴκου
2997 3262 3274 3330 γίνονται;
3312 3266 3434 3330 Πῶς
3463 3271 3531 3338 τῇ
3564 3269 3783 3340 εύπνοῖφ

2200 3350 2261 3403 τὸ
2290 3351 2486 3418 πάγιον
2520 3351 2618 3421 τῆς
2661 3352 2752 3406 τοῦ
2800 3353 2997 3424 ὀρόφου
3043 3357 3388 3428 κατασκευῆς
3423 3358 3784 3430 διερείδεται;

2204 3442 2273 3493 Ἢ
2297 3441 2454 3511 δῆλον
2493 3442 2708 3506 πάντως
2748 3444 2918 3509 ἐστὶν,
2963 3445 3044 3499 ὅτι
3089 3445 3149 3498 τὸ
3190 3447 3299 3500 τῶν
3346 3449 3560 3520 ἀρετῶν
3607 3454 3784 3524 χρῆμα

2203 3533 2494 3597 πολυειδῶς
2524 3535 2580 3587 ἐν
2608 3536 2739 3606 ἡμῖν
2773 3535 3222 3608 κατορθούμενον,
3271 3541 3411 3594 κατά
3454 3542 3559 3608 τάς
3606 3545 3784 3614 διαφο-

2207 3623 2306 3694 ρὰς
2340 3624 2450 3677 τῶν
2488 3625 2875 3696 ἐνεργημάτων
2921 3627 3011 3679 καὶ
3048 3627 3404 3699 όνομάζεταις
3450 3635 3653 3707 Ἀρετὴ
3690 3637 3788 3706 γάρ

2205 3717 2353 3769 ἐστιν
2382 3716 2441 3768 ού
2475 3716 2632 3786 μόνον
2659 3717 2721 3769 τὸ
2759 3717 2976 3788 βλέπειν
3005 3719 3066 3772 τὸ
3097 3721 3321 3789 ἀγαθὸν,
3352 3725 3446 3777 καὶ
3474 3726 3538 3779 τὸ
3572 3728 3635 3780 ἐν
3675 3746 3790 3799 μετ-

2204 3805 2364 3876 ουσίᾳ
2407 3804 2499 3857 τοῦ
2544 3805 2847 3877 κρείττονος
2890 3807 3160 3876 γίνεσθαι,
3189 3810 3324 3864 ἀλλά
3380 3817 3476 3870 καὶ
3503 3819 3568 3870 τὸ
3597 3819 3794 3889 ἀμετα-

2210 3917 2421 3956 πτωτον
2471 3901 2530 3955 ἐν
2563 3901 2642 3972 τῷ
2695 3901 2848 3973 καλῷ
2901 3897 3284 3962 διασώζεσθαι.
3329 3901 3388 3954 '0
3431 3903 3624 3955 τοίνυν
3674 3921 3794 3975 στη-

2213 3987 2456 4058 ριχθῆναι
2516 3984 2835 4056 βουλόμενος
2890 3989 2948 4041 ἐν
3000 3992 3114 4053 τοῖς
3174 3990 3396 4062 μύροις,
3447 3992 3516 4046 τὸ
3581 3994 3794 4064 βέϐαιον

2186 4081 2267 4133 ιέν
2313 4081 2432 4142 ταῖς
2475 4079 2697 4150 ἀρεταῖς
2746 4077 2894 4150 αὐτῷ
2941 4081 3336 4150 προσγενέσθαι
3380 4081 3557 4154 ζητεῖ.
3607 4088 3794 4158 ’Δρετὴ

2208 4169 2316 4239 γὰρ
2354 4170 2414 4222 τὸ
2458 4170 2648 4239 μύρον,
2693 4169 2826 4223 διότι
2859 4170 3040 4242 πάσης
3077 4172 3340 4236 δυσωδίας
3380 4175 3793 4248 ἁμαρτημάτων

2209 4259 2554 4330 κεχώρισται.
2589 4258 2897 4330 Θαυμάσειε
2935 4259 2977 4311 δ’
3012 4259 3080 4313 ἄν
3114 4277 3197 4323 τις
3231 4263 3326 4314 καὶ⁵
3379 4263 3440 4316 τὸ
3485 4265 3603 4318 τῶν
3650 4272 3793 4336 είρη-

2213 4350 2390 4421 μένων
2427 4349 2736 4412 ἀκόλουθον,
2781 4349 2866 4403 διὰ
2915 4349 3074 4403 τίνων
3125 4352 3507 4424 στοι6ασθῆναι
3535 4356 3630 4409 τὸν
3657 4355 3793 4411 οἷκον

2213 4441 2492 4511 ἐπιθυμεῖ.
2526 4441 2601 4494 Ού
2635 4441 2817 4511 βάτοις
2847 4442 2958 4494 τισι
3003 4442 3096 4495 καὶ
3137 4443 3419 4509 ἀκάνθαις,
3463 4449 3561 4501 καὶ
3605 4449 3788 4520 χόρτῳ,

536 4531 688 4586 rubis
717 4539 772 4586 et
810 4531 1006 4600 spinis,
1041 4538 1096 4584 et
1124 4531 1408 4596 stramine,
1441 4538 1496 4586 et
1529 4530 1834 4596 arundine,
1871 4540 1926 4586 et
1960 4531 2095 4596 feno1

2212 4533 2306 4585 καὶ
2341 4531 2563 4603 καλάμῃ
2600 4531 2825 4602 (μᾶλλον
2860 4531 2919 4584 δέ
2955 4531 3136 4597 καθώς
3177 4551 3338 4604 φησιν
3381 4538 3410 4589 6
3455 4537 3788 4602 ’Δπόστολος,

539 4623 740 4694 quibus
765 4630 1160 4677 construuntur
1191 4623 1390 4677 domus
1422 4623 1723 4678 materiatae
1751 4645 1761 4678 :
1797 4625 1890 4679 sed
1912 4624 2109 4682 domus

540 4713 846 4768 sternendre
907 4713 1135 4766 materia
1192 4724 1320 4767 sunt
1353 4728 1534 4782 poma.
1593 4713 1846 4781 Sternite,
1905 4717 2109 4786 inquit,

539 4805 668 4856 mihi
701 4814 874 4856 lorum
928 4804 983 4856 in
1021 4803 1200 4860 malis.
1252 4802 1320 4858 Ut
1369 4806 1441 4860 sit
1479 4806 1706 4859 omnino
1749 4807 1798 4861 ei
1847 4806 1939 4861 hic
1991 4806 2111 4862 fru-

539 4904 685 4960 ctus,
710 4895 1086 4966 pulchritudo,
1119 4905 1480 4966 unguentum,
1511 4897 1766 4963 dulcedo,
1808 4899 2113 4954 nutrimen-

539 4995 680 5050 tum,
713 5001 810 5056 per
836 4985 1088 5040 umbram
1121 4985 1484 5056 refrigeratio,
1516 4988 1676 5044 sedes
1721 4990 1778 5044 in
1815 5005 1924 5059 qua
1957 4991 2114 5060 quie-

543 5077 758 5141 scitur;
792 5076 1069 5140 columna,
1103 5092 1226 5146 qua:
1250 5077 1499 5132 stabilit:
1535 5085 1738 5132 tectum
1767 5079 1914 5151 quod
1958 5080 2110 5150 tegit.

546 5166 677 5221 Nam
708 5177 764 5218 ut
792 5165 1144 5236 pulchritudo
1183 5166 1400 5236 quidem
1441 5168 1684 5222 cernitur
1722 5184 1848 5223 cum
1897 5169 2116 5225 deside-

545 5258 647 5311 rio.
670 5262 728 5308 ut
757 5265 1094 5324 unguentum
1123 5254 1356 5309 delectat
1382 5247 1690 5320 odoratum,
1723 5267 1780 5311 ut
1810 5259 2117 5314 nutrimen-

545 5356 659 5399 tum
687 5343 1025 5416 pinguefacit
1046 5359 1267 5412 corpus,
1296 5354 1349 5400 et
1379 5345 1667 5402 dulcedine
1691 5345 1855 5401 aﬁicit
1875 5358 2116 5418 gustum,

549 5447 608 5489 ut
638 5435 832 5488 umbra
874 5434 1160 5505 refrigerat
1197 5443 1435 5491 aestum:
1477 5445 1537 5490 ut
1571 5435 1729 5492 sedes
1783 5446 1999 5492 recreat
2032 5438 2116 5491 la-

548 5531 774 5580 borem:
808 5535 867 5579 ut
899 5525 1093 5581 domus
1123 5533 1329 5580 tectum
1356 5566 1372 5593 ,
1411 5527 1680 5596 inquilino
1713 5528 2115 5598 operimentum

551 5616 900 5685 suppeditat:
934 5626 994 5670 ut
1040 5617 1293 5674 columna
1328 5617 1530 5689 prabet
1574 5620 2112 5678 immutanilitatem:

622 5792 663 5823 "
691 5793 889 5862 Ephcs.
911 5809 962 5857 ν,
981 5793 1073 5847 25.

2210 4624 2269 4676 ού
2305 4623 2482 4690 ξύλοις
2525 4622 2621 4676 καῖ⁹
2668 4623 2890 4697 καλάμῃ
2937 4625 3031 4676 καὶ
3083 4625 3306 4696 χόρτῳ),
3353 4621 3434 4691 οἷς
3483 4631 3536 4682 οῖ
3582 4630 3793 4692 ὑλώδεις

2210 4709 2350 4767 οἶκοι
2393 4712 2919 4778 κατασκευάζονται·
2953 4715 3089 4769 ἀλλά
3139 4716 3326 4786 στοιϐὴ
3362 4721 3461 4789 τῆς
3507 4721 3606 4774 τοῦ
3654 4721 3792 4776 οῖκου

2213 4805 2411 4876 στέγης
2441 4804 2510 4858 τὰ
2542 4805 2686 4874 μῆλα
2714 4806 2941 4873 γίνεται.
2983 4806 3147 4875 Λέγει
3171 4808 3301 4879 γὰρ,
3334 4811 3706 4866 Στοιϐἀσατὲ
3725 4829 3794 4882 με

2211 4897 2283 4951 ἐν
2295 4897 2534 4966 μήλοιςσ
2553 4897 2639 4949 ἵνα
2659 4897 2880 4970 γένηται
2905 4899 3082 4952 πάντα
3108 4901 3165 4953 ἐν
3188 4902 3354 4954 πᾶσιν
3371 4904 3509 4974 αὐτῇ
3531 4906 3562 4957 6
3592 4908 3794 4978 καρπὸς

2214 4983 2388 5051 οὗτος,
2421 4986 2481 5038 τὺ
2507 4987 2723 5053 κάλλος,
2757 4988 2817 5041 τὸ
2850 4989 3042 5061 μύρον.
3075 4991 3104 5042 ὁ
3123 4989 3453 5062 γλυκασμδς,
3485 4994 3522 5064 ἡ
3542 4996 3737 5066 τροφὴν
3765 4996 3791 5064 η

2214 5079 2302 5134 διά
2321 5080 2419 5147 τῆς
2443 5080 2600 5144 σκιᾶς
2620 5079 2902 5148 ἀνάψυξις,
2919 5083 2948 5132 6
2965 5082 3261 5136 ἀναπαύων
3286 5083 3496 5154 θρόνος,
3517 5087 3549 5138 6
3572 5085 3791 5155 βεϐαιῶν

2218 5169 2436 5237 στύλος,
2464 5172 2493 5223 ὁ
2524 5170 2909 5235 ἐπισκεπάζων
2931 5171 3146 5244 ὄροφος.
3189 5175 3278 5238 Ὦς
3304 5175 3496 5239 κάλλος
3523 5177 3634 5248 γάρ
3670 5174 3793 5248 μετά

2217 5259 2511 5330 ἐπιθυμίας
2534 5260 2746 5330 ὁρᾶται,
2777 5259 2851 5324 ώς
2881 5260 3050 5333 μύρον
3080 5261 3259 5333 ἡδύνει
3288 5263 3385 5334 τὴν
3420 5265 3708 5336 ὄσφρησιν,
3729 5264 3795 5325 ὡς

2218 5351 2392 5424 τροφὴ
2436 5352 2641 5405 πιαίνει
2686 5351 2747 5404 τὸ
2799 5351 2960 5422 σῶμα
2999 5353 3094 5406 καὶ
3143 5354 3420 5422 γλυκαίνει
3460 5357 3563 5428 τὴν
3596 5356 3790 5425 γεῦσιν,

2220 5443 2298 5507 ὼς
2340 5441 2470 5497 σκιὰ
2522 5441 2823 5512 καταψύχει
2871 5442 2962 5496 τὸν
3002 5444 3291 5510 καύσωνα,
3335 5446 3412 5510 ώς
3443 5447 3635 5518 θρόνος
3674 5450 3793 5499 ἁναο

2225 5533 2388 5587 παύει
2421 5532 2511 5586 τὸν
2545 5531 2710 5586 κόπον
2733 5548 2746 5562 '
2785 5533 2860 5597 t'o;
2904 5533 3069 5606 στέγη
3101 5533 3194 5588 τοῦ
3222 5537 3391 5600 οῖκου,
3419 5539 3596 5608 σκέπη
3626 5535 3698 5606 τῷ
3719 5538 3794 5588 ἐν-

2226 5624 2461 5681 οικοῦντι
2486 5623 2693 5694 γίνεται
2710 5642 2725 5656 ’
2751 5624 2826 5690 ὡς
2852 5625 3040 5692 στύλος
3068 5627 3295 5699 παρέχει
3315 5629 3376 5683 τὸ
3396 5630 3788 5702 ἀμετάπτιιπυν·
