3854 6216
164 270 283 332 849

1191 285 1255 343 [Ν
1293 290 1893 349 CANTICACANTIC.
1933 292 2215 349 llOMlLlA
2256 295 2341 350 IV.

3319 304 3425 361 85')

161 386 251 451 ὤς
281 388 523 459 ἐμφανὲς
556 390 724 461 μῆλον
757 394 983 465 ὡραΐζει
1030 397 1122 453 τόν
1167 400 1382 471 ὄροφον.
1428 404 1494 456 Τί
1531 404 1640 476 γὰρ
1689 400 1733 454 ἄη

1857 411 1915 456 ιιι
1951 405 2152 459 malum
2182 405 2407 462 evidens
2437 405 2661 463 decorat
2695 415 2918 463 tectum.
2954 411 3239 477 Quodnam
3275 419 3421 474 enim

166 495 257 543 τις
306 482 609 551 ἐπινοήσειε
658 486 1145 559 περικαλλέστερον
1177 491 1356 563 θέαμα
1388 489 1578 560 μήλων
1623 514 1751 550 συν-

163 568 395 632 θέσεως,
429 572 559 624 ὅταν
597 572 900 639 εύδιάθετος
942 578 975 646 ἠ
1023 576 1210 649 ὀπώρα
1246 581 1385 633 κατὰ
1428 584 1488 634 τὸ
1530 586 1752 654 συνεχὲς

163 659 259 725 ἐφ’
290 659 479 712 ὑπτίου
518 662 659 725 τινὸς
692 663 827 733 πρὸς
860 665 1029 737 αὐτὴν
1055 667 1306 739 ἡνωμένη
1338 671 1481 725 κατὰ
1506 671 1603 744 τὴν
1630 674 1751 744 ὄψιν

162 750 542 817 ποικίλλεται,
591 753 684 806 τοῦ
746 756 1091 828 ἐρυθήματος
1143 761 1241 830 τῆς
1294 763 1515 836 ὀπώρας
1576 784 1750 819 κατα-

164 841 502 913 μιγνυμένω
530 844 663 912 πρὸς
686 844 745 897 τὸ
778 846 1094 904 ὑπόλευκον.
1117 849 1182 904 Et
1206 853 1383 906 τοίνυν
1409 855 1632 910 δυνατὸν
1659 853 1747 928 ἦν,

156 931 231 995 ἐξ
259 932 513 985 ἐπιπέδου
545 933 654 987 τῶν
699 935 883 1006 μήλων
927 936 1073 991 θέσιν
1122 940 1328 995 ἄνωθεν
1373 944 1750 1017 ἐπαιωρουμέ-

157 1038 269 1093 νην
311 1022 574 1094 ὁρᾶσθαι,
618 1026 671 1078 τί
707 1026 773 1080 ἂν
810 1028 910 1097 τῆς
943 1029 1199 1100 τοιαύτης
1238 1030 1414 1101 ὅψεως
1452 1030 1520 1105 ἦν
1550 1036 1750 1107 γλαφυ-

158 1111 444 1185 ρώτερον;
476 1115 652 1189 Ὅπερ
684 1116 774 1170 ἐπὶ
813 1117 912 1189 τῆς
950 1119 1154 1190 νοητῶν
1194 1121 1413 1190 ἀγαθῶν
1456 1125 1749 1197 ἐπιθυμίας

157 1202 315 1255 ἐστὶν
342 1204 442 1257 οὐκ
470 1203 747 1259 ἀδύνατον.
785 1206 862 1259 Ού
901 1207 1009 1279 γὰρ
1043 1207 1179 1279 βαρὺ
1219 1211 1321 1281 τῆς
1361 1211 1581 1284 ὀπώρας
1604 1216 1747 1269 ὲκεί-

156 1308 266 1361 νης
296 1291 357 1345 τὸ
388 1288 546 1356 εἶδος,
584 1294 703 1347 οὐδὲ
740 1296 821 1360 είς
848 1297 951 1366 γῆν
995 1296 1176 1367 βρίθον
1214 1301 1306 1353 καὶ
1332 1300 1745 1375 καθελκόμενον,

155 1380 301 1433 ἀλλὰ
330 1383 467 1451 πρὸς
503 1382 563 1435 τὸ
596 1382 728 1452 ὕψος
756 1385 854 1455 τὴν
887 1387 1059 1458 ῥοπὴν
1088 1389 1152 1442 ἐκ
1182 1388 1396 1459 φύσεως
1423 1391 1554 1463 ἔχει.
1595 1395 1749 1449 Ἀνα-

154 1469 309 1538 φυὴς
332 1471 439 1541 γὰρ
467 1472 498 1542 ή
522 1472 711 1544 ἀρετὴ,
758 1474 851 1527 καὶ
889 1474 1023 1545 πρὸς
1057 1476 1119 1530 τὸ
1161 1477 1275 1531 ἄνω
1307 1477 1511 1548 βλέπει.
1552 1481 1642 1536 Διὸ
1668 1483 1747 1555 τῷ

150 1560 351 1615 κάλλει
399 1563 508 1615 τῶν
554 1564 807 1620 τοιούτων
842 1567 1030 1638 μήλων
1078 1569 1335 1641 ἐπιθυμεῖ
1370 1574 1402 1642 ή
1432 1572 1616 1645 νύμφη
1655 1576 1745 1630 τὸν

148 1653 362 1724 ὄροφον
410 1655 505 1708 τοῦ
552 1655 680 1708 ἰδίου
726 1658 875 1711 οἴκου
924 1661 1329 1731 ἐνωραὶζεσθαι.
1380 1664 1453 1716 Οὐ
1502 1666 1608 1737 γάρ
1653 1683 1745 1736 μοι

1854 504 2033 564 potest
2096 498 2399 568 excogitari
2453 499 2736 569 pulchrius
2787 506 3204 572 spectaculum,
3254 524 3418 578 quam

1853 588 2119 641 malorum
2150 590 2495 657 compositio,
2538 593 2756 660 quando
2786 593 2924 649 bene
2970 595 3273 666 dispositus
3305 601 3420 653 fru-

1851 688 1973 733 ctus
2004 680 2351 735 continenter
2381 682 2436 735 in
2471 684 2656 753 aliquo
2687 684 2809 738 loco
2848 686 3010 755 plano
3056 696 3111 744 et
3165 692 3421 760 aequabili

1852 770 1955 824 sibi
1996 770 2205 833 unitus,
2259 784 2485 826 externa
2532 774 2715 843 specie
2761 777 3023 841 variatur,
3072 779 3269 834 rubore
3302 778 3417 833 fru-

1851 862 2250 917 ctus-admixto
2278 864 2497 918 cuidam
2529 866 2776 920 candori.
2826 868 2883 922 Si
2914 884 3043 939 ergo
3084 870 3202 925 ﬁeri
3236 880 3422 941 posset

1850 961 1910 1007 ut
1934 954 1987 1007 in
2012 956 2302 1025 superﬁcie
2317 958 2580 1011 collocata
2600 959 2863 1013 malorum
2886 962 3063 1030 positu
3073 978 3129 1017 ra
3147 964 3421 1019 videretur

1848 1044 2085 1114 desuper
2118 1046 2173 1099 iu
2205 1047 2374 1100 altum
2413 1049 2649 1107 sublata.
2685 1052 2817 1116 quid
2845 1053 2949 1107 hoc
2989 1062 3213 1122 aspectu
3249 1055 3422 1109 videri

1850 1144 2037 1204 posset
2068 1136 2584 1205 elegantius‘!Quod
2617 1141 2835 1210 quidem
2869 1158 2978 1196 non
3005 1152 3089 1197 est
3122 1144 3417 1213 ejusmodi,

1849 1233 1908 1278 ut
1938 1226 2056 1279 tieri
2084 1240 2191 1280 non
2226 1229 2401 1296 possit
2449 1229 2501 1282 in
2539 1230 2815 1287 desiderio
2862 1234 3129 1289 bonorum
3168 1251 3290 1305 quae
3323 1251 3417 1289 ca-

1847 1315 1985 1369 dunt
2006 1316 2110 1371 sub
2139 1315 2574 1389 intelligentiam.
2604 1320 2789 1392 Neque
2818 1326 2963 1379 enim
2992 1332 3255 1395 estgrave
3286 1324 3417 1379 illud

1845 1422 2017 1476 genus
2062 1408 2307 1474 fructus,
2354 1426 2532 1481 neque
2585 1413 2642 1467 in
2708 1423 2908 1469 terram
2964 1433 3196 1487 vergens
3225 1434 3289 1473 ac
3322 1420 3418 1472 de—

1846 1511 2121 1566 pressum,
2173 1498 2269 1552 sed
2300 1507 2494 1568 suapte
2527 1510 2724 1555 natura
2756 1518 2977 1557 sursum
3009 1502 3217 1558 fertur:
3254 1505 3417 1575 erigit

1845 1588 1992 1641 enim
2023 1602 2144 1644 sese
2167 1590 2366 1655 virtus,
2402 1600 2455 1646 et
2492 1592 2546 1646 in
2590 1594 2760 1647 altum
2791 1594 3007 1664 aspicit.
3039 1594 3408 1661 Quamobrem

1844 1677 2041 1733 horum
2103 1681 2372 1734 malorum
2433 1684 2846 1752 pulchritudine
2898 1685 3175 1741 desiderat
3215 1704 3417 1757 sponsa

151 1745 323 1799 τοῦτο
366 1746 512 1800 δοκεί
558 1750 697 1803 κατὰ
730 1751 790 1803 τὸ
834 1753 1240 1823 προηγούμενον
1282 1755 1363 1828 τῷ
1394 1756 1535 1827 λόγῳ
1581 1776 1733 1811 σπου·

1842 1783 1955 1824 sua:
1982 1768 2180 1825 domus
2231 1781 2430 1827 tectum
2465 1774 2736 1829 decorari.
2772 1775 2888 1829 Non
2922 1777 3065 1831 enim
3101 1778 3234 1831 mihi
3268 1779 3418 1833 vide-

145 1836 437 1903 δάζεσθαι,
471 1838 545 1903 ὡς
579 1841 820 1911 ἐμφανές
870 1860 923 1895 τι
960 1844 1142 1915 θέαμα
1180 1846 1266 1899 διὰ
1290 1848 1388 1917 τῆς
1415 1848 1522 1901 τῶν
1552 1851 1740 1921 μήλων

149 1928 463 1992 συνθέσεως
516 1932 609 1984 ἐπὶ
659 1933 758 2003 τῆς
797 1934 1014 2006 στοιϐῆς
1062 1937 1311 2007 ὁρᾶσθαι.
1358 1939 1454 2003 Τίς
1506 1941 1614 2009 γὰρ
1671 1941 1739 1996 ἂν

141 2018 369 2088 γένοιτο
409 2022 497 2075 διὰ
530 2022 735 2078 τούτων
781 2025 918 2096 πρὸς
967 2028 1167 2099 ἀρετὴν
1217 2030 1429 2102 όδηγία,
1470 2034 1519 2085 εί
1558 2035 1632 2105 μή
1686 2052 1740 2088 τι

141 2109 470 2181 νόημα¹τῶν
502 2114 849 2184 ὠφελούντων
876 2120 1023 2189 ἡμᾶς
1056 2120 1142 2192 εἴη
1176 2123 1287 2186 τοῖς
1315 2125 1622 2196 εἰρημένοις
1652 2128 1739 2181 ἐν·

137 2203 529 2278 θεωρούμενον
559 2225 578 2275 ;

220 2382 290 2435 Τί
319 2376 411 2436 οὖν
440 2384 589 2437 ἐστιν
628 2384 657 2437 ὃ
694 2384 1020 2458 είκάζομενς
1069 2389 1127 2440 ’0
1165 2390 1222 2443 ἐν
1258 2389 1336 2461 τῷ
1368 2390 1607 2463 δρυμῶνι
1638 2396 1738 2465 τῆς

138 2471 366 2542 φύσεως
401 2474 557 2545 ήμῶν
604 2475 707 2528 ὑπὸ
749 2476 1156 2550 φιλανθρωπίας
1192 2480 1621 2553 ἀναϐλαστήσας,
1650 2483 1736 2539 διὰ

135 2564 243 2617 τοῦ
302 2569 590 2636 μετασχεῖν
638 2568 839 2639 σαρκός
876 2587 935 2622 τε
984 2572 1077 2623 καὶ
1128 2572 1374 2642 αἵματος,
1412 2573 1581 2643 μῆλον
1613 2575 1735 2643 ἐγέ-

136 2671 290 2707 νετο.
324 2655 466 2725 Πρὸς
518 2656 777 2728 ἑκάτερον
821 2658 929 2730 γὰρ
974 2660 1175 2714 τούτων
1222 2662 1368 2715 ἔστιν
1408 2664 1533 2717 ίδεῖν
1578 2666 1636 2719 ἐν
1666 2668 1731 2737 τῇ

133 2738 341 2810 ὀπώρᾳ
371 2742 539 2813 ταύτῃ
574 2743 662 2797 διὰ
688 2745 788 2815 τῆς
815 2749 1001 2817 χροιᾶς
1056 2748 1153 2819 τὴν
1196 2752 1471 2821 ὁμοίωσιν.
1518 2754 1608 2824 Τῷ
1636 2756 1734 2825 μὲν

136 2830 255 2900 γὰρ
290 2832 766 2902 ὑπερλευκαίνοντι
810 2842 1053 2909 μιμεῖται
1102 2841 1199 2912 τὴν
1241 2843 1340 2915 τῆς
1370 2844 1567 2914 σαρκὸς
1610 2846 1735 2899 ίδιό-

134 2939 310 2993 τητα,
342 2924 402 2976 τὸ
425 2924 481 2977 δὲ
514 2927 994 3000 ἐπικεχρωσμένον
1015 2932 1263 3004 ἐρύθημα
1291 2936 1566 3003 συγγενῶς
1590 2937 1732 3006 ἔχειν

137 3011 288 3083 πρὸς
316 3012 413 3085 τὴν
447 3014 541 3068 τοῦ
574 3016 805 3087 αἵματος
833 3019 992 3090 φύσιν
1020 3022 1104 3075 διὰ
1131 3023 1225 3076 τοῦ
1256 3025 1429 3089 εἴδους
1462 3028 1735 3099 μαρτύρε-

1841 1866 1931 1913 tur
1949 1859 2256 1932 principale
2281 1863 2433 1918 verbi
2477 1864 2580 1918 hoc
2598 1880 2720 1921 esse
2745 1866 2986 1920 studium
3009 1875 3063 1923 et
3079 1869 3414 1935 institutum,

1841 1957 1901 2004 ut
1929 1952 2152 2021 aliquod
2187 1953 2337 2009 humi
2396 1964 2628 2009 stratum
2662 1958 2986 2012 ostendatur
3041 1962 3415 2029 spectaculum

1838 2056 1938 2111 per
1982 2045 2255 2099 malorum
2304 2048 2779 2116 compositionem.
2820 2048 3077 2114 Quaenam
3137 2053 3282 2105 enim
3320 2068 3415 2121 per

1838 2133 1957 2189 hac
1986 2143 2134 2193 esset
2160 2141 2302 2192 ratio
2339 2138 2575 2193 ducendi
2627 2140 2692 2194 ad
2748 2141 3002 2195 virtutem
3028 2181 3044 2207 ,
3091 2143 3197 2197 nisi
3233 2144 3415 2213 aliqua

1836 2225 1998 2281 nobis
2024 2227 2315 2283 utilitatem
2346 2229 2579 2286 atterens
2616 2231 2982 2305 intelligentia
3028 2235 3414 2291 considerare-

1836 2322 1926 2369 tur
1954 2315 2009 2369 in
2041 2317 2109 2371 iis
2136 2333 2259 2389 quae
2295 2318 2450 2373 dicta
2481 2321 2656 2375 sunt?

1906 2405 2049 2472 Quid
2064 2416 2149 2463 est
2176 2424 2305 2478 ergo
2322 2410 2469 2479 quod
2490 2410 2853 2481 conjicimus?
2872 2410 2976 2478 Qui
3007 2412 3061 2467 in
3086 2420 3289 2469 nostra}
3317 2431 3416 2470 na-

1835 2504 1971 2551 turae
2030 2497 2166 2552 silva
2215 2500 2545 2569 germinavit
2598 2510 2823 2571 propter
2859 2518 3015 2557 suam
3048 2503 3105 2557 in
3158 2504 3413 2558 homines

1835 2585 2296 2651 benevolentiam,
2332 2605 2399 2644 ex
2430 2606 2496 2645 eo
2525 2591 2673 2659 quod
2701 2590 2805 2645 fuit
2830 2594 3104 2663 particeps
3140 2594 3326 2649 carnis
3359 2603 3413 2650 et

1834 2679 2141 2749 sanguinis,
2176 2680 2357 2736 factus
2406 2691 2491 2737 est
2519 2684 2744 2736 malum.
2802 2683 2885 2738 Ad
2934 2692 3226 2755 utrumque
3265 2686 3413 2740 enim

1835 2784 2028 2824 eorum
2056 2770 2184 2825 licet
2232 2772 2417 2827 videre
2457 2772 2510 2826 iu
2548 2772 2650 2826 hoc
2682 2772 2866 2828 fructu
2901 2789 3001 2844 per
3036 2775 3285 2828 colorum
3322 2789 3414 2830 as-

1834 2861 2246 2918 similationem.
2303 2862 2437 2917 Nam
2469 2866 2709 2934 quodam
2747 2866 2969 2935 quidem
3017 2865 3258 2921 candore
3293 2868 3414 2923 imi-

1832 2961 1983 3008 tatur
2011 2955 2196 3009 carnis
2248 2957 2640 3025 proprietatem
2671 2977 2685 3012 :
2720 2958 2772 3014 ei
2807 2969 2988 3013 autem
3027 2959 3202 3014 illitus
3241 2960 3412 3014 rubor

1832 3057 1929 3112 per
1976 3058 2133 3099 suam
2174 3052 2407 3101 testatur
2451 3047 2691 3116 speciem
2746 3064 2805 3103 se
2855 3049 3149 3119 quamdam
3206 3049 3413 3105 habere

134 3120 255 3156 ται.
286 3103 454 3156 Ὅταν
481 3104 659 3158 τοίνυν
682 3109 714 3178 ή
747 3109 1065 3180 ἐντρυφῶσα
1086 3115 1196 3175 τοῖς
1229 3112 1391 3178 θείοις
1422 3115 1565 3187 ψυχὴ
1588 3117 1730 3171 κατὰ

1835 3136 2212 3204 cognationem
2240 3152 2364 3192 cum
2396 3148 2594 3193 natura
2627 3140 2934 3209 sanguinis.
2966 3139 3123 3205 Quod
3153 3156 3283 3210 ergo
3319 3155 3410 3196 re-

134 3197 245 3266 τὴν
280 3197 474 3267 στέγην
506 3197 710 3269 ταύτην
741 3198 958 3269 βλέπειν
984 3203 1317 3276 ἐπιθυμήσῃ,
1346 3205 1503 3259 τοῦτο
1532 3206 1609 3277 τῷ
1641 3210 1729 3260 αἰο

136 3287 371 3357 νίγματι
424 3288 811 3360 παιδευόμεθα.
852 3292 945 3345 Ἐκ
976 3292 1086 3364 γὰρ
1127 3295 1221 3348 τοῦ
1271 3297 1384 3349 ἄνω
1435 3296 1730 3367 βλέποντας

134 3376 294 3448 ἡμᾶς
320 3378 607 3450 προσέχειν
640 3383 751 3444 τοῖς
790 3382 1001 3460 μήλοις,
1048 3384 1182 3457 πρὸς
1207 3386 1453 3458 οὐράνιόν
1482 3389 1597 3441 ἐστι
1630 3406 1729 3442 πο-

134 3467 347 3522 λιτείαν
373 3469 679 3541 ὣηγείσθαι
715 3472 801 3526 διὰ
822 3474 930 3527 τῶν
967 3475 1335 3546 εύαγγελικῶν
1362 3478 1726 3550 διδαγμόιτων.

134 3561 325 3633 Ἀπερ
372 3563 401 3616 6
448 3564 652 3619 ἄνωθεν
691 3567 1001 3637 ἐρχόμενος,
1049 3571 1143 3623 καὶ
1181 3572 1364 3625 ἐπάνω
1403 3573 1617 3626 πάντων
1652 3573 1727 3626 ὢν

133 3652 421 3719 ὑπέδειξεν
455 3656 585 3727 ἡμῖν
616 3656 704 3711 διὰ
750 3658 849 3728 τῆς
888 3661 945 3713 ἐν
982 3662 1143 3731 σαρκὶ
1188 3661 1564 3734 φανερώσεως,
1596 3664 1729 3717 πάν-

132 3742 252 3797 τῶν
310 3743 419 3797 τῶν
476 3745 697 3814 ἀγαθῶν
732 3747 1157 3820 ·πολιτευμάτων
1214 3754 1270 3805 ἐν
1328 3753 1500 3823 ἐαυτῷ
1551 3754 1727 3819 δείξας

130 3834 209 3887 τὰ
284 3832 692 3904 ὑποδείγματα,
760 3837 942 3902 καθώς
1020 3858 1183 3911 φησιν
1245 3844 1274 3895 6
1351 3842 1581 3914 Κύριος,
1643 3847 1726 3899 ὅτι

130 3926 370 3979 Μὰθετε
402 3927 503 3980 ἀπ’
527 3928 696 3997 ἐμοῦ,
726 3929 815 3982 ὅτι
846 3930 1036 3998 πρᾶός
1068 3934 1183 4000 εἰμι
1215 3933 1313 3986 καὶ
1342 3934 1618 4002 ταπεινὸς
1653 3934 1725 4006 τῇ

130 4018 372 4089 καρδίᾳ.
403 4020 476 4072 Τὸ
501 4019 556 4073 δὲ
570 4020 701 4073 αὐτὸ
721 4021 876 4074 τοῦτο
903 4025 995 4076 καὶ
1013 4026 1042 4077 6
1066 4024 1403 4092 Ἀπόστολος,
1421 4026 1522 4098 τὴν
1543 4045 1726 4082 ταπει-

130 4108 472 4181 νοφροσύνην
501 4112 631 4181 ἡμῖν
669 4112 1041 4183 ὑφηγούμενος
1060 4154 1074 4178 ,
1105 4114 1282 4183 λέγει·
1315 4117 1584 4171 Δυνατὸν
1611 4117 1723 4188 γὰρ

129 4200 367 4267 δι’ἐνὸς
403 4201 774 4271 θεωρήματος
801 4202 1008 4259 πᾶσαν
1036 4205 1151 4274 τὴν
1183 4207 1472 4275 ἀλήθειαν
1502 4211 1722 4265 πιστώ-

128 4293 361 4345 σασθαι
388 4290 469 4357 τῷ
496 4295 675 4363 λόγῳ.
715 4296 858 4368 Πρὸς
880 4298 989 4368 γὰρ
1013 4299 1138 4361 τοὺς
1163 4298 1232 4353 τὰ
1262 4301 1373 4354 ἄνω
1403 4300 1716 4371 βλέποντας,

134 4380 320 4436 Τοῦτο
356 4384 708 4451 φρονείσθω,
744 4387 927 4458 φησὶν,
950 4387 1021 4441 ἐν
1045 4388 1188 4458 ὑμῖν
1207 4388 1239 4443 ὃ
1264 4392 1363 4445 καὶ
1391 4391 1460 4445 ἐν
1484 4393 1718 4461 Χριστῷ

1831 3242 1952 3281 rum
1982 3228 2291 3284 divinarum
2323 3230 2537 3285 deliciis
2556 3246 2615 3286 se
2629 3232 2916 3287 oblectans
2941 3232 3149 3296 anima,
3173 3247 3237 3287 ea
3264 3233 3410 3286 intra

1830 3322 1972 3371 tecta
1995 3317 2246 3392 aspicere
2274 3318 2696 3384 desideraverit,
2750 3322 2854 3375 hoc
2896 3321 3186 3390 aenigmate
3220 3323 3408 3376 erudi-

1829 3400 1972 3461 mur.
2002 3405 2083 3461 Ex
2108 3422 2175 3464 eo
2207 3408 2356 3465 enim
2406 3409 2551 3479 quod
2587 3427 2808 3467 sursum
2844 3413 3202 3483 aspicientes,
3248 3428 3409 3482 poma

1829 3496 2196 3563 attendamus,
2231 3498 2299 3552 ad
2328 3501 2803 3555 conversationem
2840 3503 3118 3558 caelestem
3152 3504 3279 3558 licet
3311 3503 3411 3557 de-

1827 3584 1956 3640 duci
1989 3602 2084 3657 per
2116 3586 2447 3643 documenta
2473 3590 2814 3661 evangelica.
2848 3590 2981 3659 Qua:
3028 3592 3251 3662 quidem
3311 3593 3408 3663 qui

1827 3674 2065 3747 desuper
2094 3679 2269 3743 venit,
2302 3688 2357 3735 et
2402 3688 2487 3735 est
2518 3697 2685 3751 super
2708 3682 2914 3747 omnia,
2960 3684 3123 3738 nobis
3166 3684 3410 3739 ostendit

1826 3778 1922 3834 per
1947 3779 2103 3819 suam
2123 3766 2180 3820 in
2211 3781 2379 3821 carne
2409 3768 2937 3833 manil‘estationem,
2956 3777 3015 3823 ut
3035 3771 3128 3840 qui
3153 3771 3403 3825 omnium

1826 3855 2094 3911 bonorum
2126 3856 2250 3911 vita:
2272 3858 2651 3913 institutorum
2674 3868 2729 3915 et
2747 3860 3027 3914 actionum
3049 3860 3105 3914 in
3135 3877 3195 3917 se
3217 3876 3403 3915 exem-

1825 3949 1912 4019 pla
1944 3948 2227 4015 indicarit,
2264 3952 2410 4006 sicut
2468 3951 2602 4006 dicit
2651 3951 2923 4008 Dominus
2960 3972 2972 4007 :
3010 3952 3213 4007 Discite
3251 3971 3282 4005 a
3325 3969 3405 4008 me

1822 4040 1962 4105 quod
1989 4055 2106 4092 sum
2146 4041 2289 4094 mitis
2315 4052 2367 4095 et
2390 4040 2606 4097 humilis
2637 4042 2796 4097 corde
2823 4043 2892 4096 θ’.
2942 4041 3057 4096 Hoc
3085 4044 3263 4111 ipsum
3313 4056 3407 4095 au-

1823 4136 1932 4185 tem
1973 4132 2267 4201 Apostolus
2295 4146 2516 4204 quoque
2531 4116 2894 4189 humilitatem
2914 4135 3075 4189 nobis
3091 4148 3401 4203 exponens,

1821 4220 1953 4276 dicit
1988 4240 2001 4278 :
2038 4222 2143 4277 Per
2167 4241 2327 4278 unam
2355 4225 2498 4278 enim
2539 4226 3034 4294 contemplationem
3077 4224 3197 4279 licet
3261 4223 3403 4279 verbi

1820 4314 2124 4367 universam
2151 4315 2472 4384 conﬁrmare
2505 4317 2795 4371 veritatem.
2834 4316 2978 4370 Dicit
3006 4316 3153 4371 enim
3193 4316 3273 4370 eis
3306 4314 3401 4383 qui

1820 4419 2037 4459 sursum
2055 4408 2330 4477 aspiciunt
2361 4407 2516 4463 :Hoc
2550 4410 2763 4475 sentite,
2787 4410 2984 4478 inquit,
3023 4409 3077 4462 in
3100 4408 3243 4463 vobis
3261 4410 3401 4479 quod

143 4472 362 4541 Ἰησοῦ*
390 4473 459 4541 ὃς
477 4476 549 4528 ἐν
562 4475 765 4546 μορφῇ
788 4478 933 4532 Θεοῦ
961 4479 1247 4550 ὑπάρχων
1266 4484 1379 4550 οὺχ
1402 4484 1714 4554 ἁρπαγμόν

1835 4499 1872 4549 ἠ
1900 4496 2113 4553 Christo
2152 4497 2284 4553 Iesu
2315 4500 2399 4551 ‘3:
2452 4502 2543 4570 qui
2598 4517 2717 4554 cum
2762 4502 2819 4555 in
2864 4501 3041 4567 forma
3084 4499 3186 4553 Dei
3224 4508 3398 4565 esset,

131 4563 409 4635 ἡγήσατο
442 4566 510 4619 τὸ
531 4563 684 4621 εἶναι
716 4569 821 4623 ἴσα
850 4570 999 4636 Θεῷ’
1031 4573 1167 4626 ἀλλ’
1199 4573 1418 4629 ἑαυτὸν
1453 4576 1713 4632 ἐκένωσε

1835 4605 1923 4642 ton
1963 4591 2207 4651 rapinam
2248 4593 2537 4648 arbitratus
2579 4603 2656 4648 est
2705 4610 2759 4647 se
2796 4609 2909 4647 esse
2956 4593 3212 4661 aequalem
3252 4590 3395 4655 Deo,

1817 4961 2126 5019 voluntarie
2158 4966 2434 5037 particeps
2470 4968 2649 5023 factus
2677 4974 2783 5032 est,
2812 4974 2866 5023 et
2890 4981 3063 5037 usque
3104 4965 3173 5020 ad
3200 4966 3395 5020 mortis

133 5039 254 5093 ρας.
286 5023 384 5077 Διὰ
423 5024 598 5078 ταῦτά
634 5044 796 5096 φησιν
828 5030 860 5099 ὴ
896 5029 1103 5102 νύμφη⁶
1133 5034 1491 5091 Στοιϐάσατέ
1532 5055 1610 5108 με
1645 5041 1716 5095 ἐν

1835 5054 1965 5108 Venit
1994 5023 2414 5125 experientiam.
2464 5060 2760 5130 Propterea
2794 5058 2931 5113 dicit
2969 5073 3173 5128 sponsa
3202 5078 3214 5112 :
3246 5057 3397 5112 Ster-

126 5114 365 5184 μήλοις,
416 5116 504 5169 ἵνα
546 5118 761 5182 πάντως
809 5122 887 5183 είς
934 5121 1065 5191 ὕψος
1095 5126 1295 5196 ὁρῶσα,
1347 5127 1528 5197 βλέπω
1576 5133 1713 5203 πρὸς

1835 5146 1919 5201 tite
1945 5148 2074 5201 mihi
2103 5157 2275 5202 torum
2302 5146 2357 5205 in
2383 5152 2539 5205 malis
2563 5190 2578 5216 ,
2621 5158 2681 5204 ut
2710 5164 2928 5220 semper
2960 5150 3014 5204 in
3046 5149 3216 5203 altum
3246 5149 3395 5217 aspi-

128 5207 197 5260 τὰ
232 5207 340 5260 τῶν
373 5208 595 5276 ἀγαθῶν
627 5211 1000 5283 ὑποδείγματα
1039 5217 1108 5269 τὰ
1150 5220 1209 5272 ἐν
1246 5220 1323 5291 τῷ
1357 5224 1575 5295 νυμφίῳ
1604 5226 1713 5279 δει-

128 5315 388 5369 κνύμενα.
408 5299 553 5352 Ἐκεῖ
582 5302 906 5375 ήπραότης’
940 5307 1056 5359 ἐκεῖ
1087 5308 1144 5360 τὸ
1174 5309 1441 5381 ἀόργητον
1461 5326 1474 5341 '
1503 5315 1620 5366 ἐκεῖ
1648 5316 1710 5370 τὸ

129 5390 266 5460 πρὸς
300 5390 527 5463 ἐχθροὺς
573 5394 974 5465 ἀμνησίκακον,
1020 5401 1114 5453 καὶ
1159 5402 1220 5454 τὸ
1268 5404 1403 5476 πρὸς
1439 5406 1566 5471 τοὺς
1613 5408 1706 5462 λυ-

127 5479 363 5545 ποῦντας
402 5482 796 5557 φιλάνθρωπον,
826 5489 917 5542 καὶ
956 5490 1016 5543 τὸ
1051 5492 1117 5545 δι’
1149 5495 1465 5567 εὐεργεσίας
1484 5499 1583 5571 τὴν
1608 5518 1707 5555 κα-

126 5574 253 5627 κίαν
284 5573 606 5644 ἀμείϐεσθαι
628 5595 640 5607 ·
675 5580 792 5633 ἐκεῖ
835 5581 896 5634 τὸ
944 5585 1227 5655 ἐγκρατὲς,
1259 5588 1319 5643 τὸ
1353 5589 1609 5663 καθαρὸν,
1646 5594 1709 5649 τὸ

195 5759 244 5788 "
267 5760 661 5834 Matth.xt,29.
741 5767 788 5801 "
808 5766 1045 5841 Philipp.
1073 5784 1133 5839 ll,
1167 5772 1224 5826 5.

1810 5238 1982 5303 ciens,
2004 5247 2212 5296 attente
2239 5249 2293 5297 et
2324 5241 2553 5297 ﬁrmiter
2587 5242 2803 5298 videam
2833 5241 3085 5311 exempla
3114 5241 3389 5294 bonorum

1814 5344 1936 5399 quae
1966 5331 2331 5387 ostenduntur
2355 5333 2409 5387 in
2454 5348 2680 5404 sponso.
2731 5332 2848 5387 lllic
2880 5339 2966 5388 est
2997 5331 3198 5386 lenitas
3234 5350 3247 5385 :
3277 5330 3391 5385 illic

1814 5420 1910 5475 irae
1941 5423 2187 5477 vacuitas
2223 5439 2236 5475 :
2272 5423 2385 5476 illic
2413 5423 2618 5478 oblivio
2644 5422 2977 5493 injuriarum
3025 5426 3381 5490 acceptarum

1814 5509 1884 5564 ab
1909 5509 2189 5566 inimicis:
2228 5520 2283 5567 et
2326 5512 2640 5570 humanitas
2674 5514 2731 5568 in
2775 5528 2871 5569 eos
2918 5513 3014 5583 qui
3076 5511 3386 5567 molestiam

1815 5599 2069 5670 aﬂ‘erunt,
2098 5610 2152 5659 et
2181 5618 2282 5673 pro
2309 5605 2453 5661 malo
2479 5603 2727 5663 referunt
2756 5604 3105 5679 beneﬁcium.
3140 5603 3256 5659 lllic
3300 5615 3388 5659 est
