3854 6216
470 277 570 335 851

1695 289 1754 348 S.
1789 289 2115 348 GREGOBII
2141 294 2436 354 NYSSENI

3618 302 3728 357 852

470 402 680 464 temper
716 396 854 458 ntia,
879 399 1114 467 puritas,
1141 401 1423 470 patientia,
1451 412 1505 459 et
1523 404 1670 460 inani
1701 407 1874 476 gloria
1899 408 2034 460 nihil

2144 411 2510 484 μακρόθυμον,
2559 414 2620 467 τὸ
2672 414 2854 484 πάσης
2902 412 3201 480 κενοδοξίας
3253 430 3311 466 τε
3363 413 3458 468 καὶ
3499 412 3726 478 ἀπάτης

470 497 556 544 est
583 487 932 555 permixtum,
966 489 1269 562 fraudeque
1305 510 1428 566 quae
1459 506 1710 553 versatur
1743 498 1799 554 in
1828 499 1896 555 iis
1919 515 2040 570 qua:

472 572 541 627 ad
569 576 710 630 hanc
739 579 908 634 vitam
946 583 1241 650 pertinent.

540 663 672 721 Post
693 667 808 724 haec
835 671 1018 728 laudat
1046 676 1408 746 sagittarium,
1435 680 1581 750 quod
1612 695 1838 750 scopum
1891 688 2040 734 recte

473 758 725 830 attingat,
777 773 835 818 ut
891 767 984 834 qui
1024 767 1192 823 telum
1235 770 1462 840 pulchre
1508 773 1563 827 in
1608 773 1783 842 ipsam
1815 773 2036 842 dirigat.

486 848 794 919 Vulnerata,
821 855 1022 926 inquit,
1062 876 1180 914 sum
1217 879 1251 916 a
1285 863 1585 918 dilectione.
1632 864 1884 920 Oslendit
1940 867 2040 918 hac

470 943 721 998 oratione
763 949 954 1014 telum,
983 952 1130 1022 quod
1153 954 1307 1008 cordi
1341 957 1448 1012 alte
1476 955 1702 1012 insidet.
1731 957 1835 1023 Qui
1869 958 2034 1012 telum

469 1044 651 1088 autem
685 1037 984 1107 iaculatur,
1025 1051 1111 1098 est
1136 1045 1358 1102 dilectio
1396 1063 1492 1102 seu
1530 1049 1794 1105 charitas.
1843 1049 2038 1103 Chari-

471 1131 638 1178 tatem
673 1135 854 1182 autem
892 1145 1016 1188 esse
1061 1131 1229 1187 Deum
1264 1135 1559 1192 didicimus
1601 1153 1631 1190 a
1688 1153 1845 1192 sacra
1882 1139 2037 1193 Scri-

471 1224 635 1285 ptura
655 1219 722 1282 “,
758 1222 850 1290 qui
871 1223 1099 1278 electam
1133 1241 1288 1280 suam
1322 1230 1600 1299 sagittam,
1641 1244 1834 1298 nempe
1872 1229 2037 1282 Deum

473 1309 839 1379 unigenitum,
871 1317 1075 1370 emittit
1112 1317 1167 1371 in
1193 1334 1290 1374 eos
1323 1321 1417 1388 qui
1469 1331 1781 1384 servantur,
1840 1320 2038 1389 spiritu

469 1399 596 1454 vita!
626 1401 766 1456 illita
799 1405 1003 1476 triplici
1043 1409 1221 1463 aculei
1252 1411 1503 1480 cuspide.
1549 1412 1790 1466 Aculeus
1855 1420 2038 1466 autem

471 1499 556 1545 est
591 1491 744 1558 ﬁdes,
782 1505 840 1550 ut
872 1513 992 1567 qua:
1015 1498 1068 1553 in
1096 1516 1204 1570 quo
1231 1501 1416 1565 fuerit,
1463 1517 1586 1557 cum
1630 1505 1826 1573 sagitta
1874 1504 2038 1558 simul

473 1582 710 1640 adducat
741 1588 1106 1658 sagittarium,
1139 1601 1197 1646 ut
1221 1593 1354 1648 dicit
1389 1595 1651 1650 Dominus
1685 1615 1697 1650 :
1731 1594 1842 1665 Ego
1869 1595 2037 1650 etPa-

473 1682 553 1726 ter
589 1691 749 1729 unum
776 1695 977 1744 sumus,
1003 1691 1052 1735 et
1091 1685 1372 1748 veniemus,
1419 1695 1468 1738 et
1517 1687 1844 1739 mansionem
1899 1686 2038 1753 apud

470 1781 590 1818 eum
621 1767 873 1835 faciemus
893 1771 958 1827 ".
995 1772 1153 1829 Videt
1172 1791 1302 1844 ergo
1330 1792 1450 1845 qua:
1483 1793 1580 1847 per
1608 1779 1822 1832 divinas
1845 1794 2039 1832 ascen-

473 1853 656 1911 siones
686 1859 741 1912 in
775 1859 946 1914 altum
963 1863 1179 1917 sublata
1195 1873 1281 1919 est
1307 1867 1510 1928 anima,
1536 1865 1698 1920 dulce
1720 1866 1885 1920 telum
1905 1865 2037 1920 cha-

474 1942 674 2009 ritatis,
727 1964 837 2017 quo
865 1951 982 2019 ipsa
1040 1952 1145 2006 fuit
1185 1956 1456 2023 sauciata,
1507 1965 1562 2012 et
1598 1957 1666 2011 de
1694 1973 1760 2012 eo
1815 1958 2039 2012 vulnere

471 2035 757 2105 gloriatur,
783 2042 973 2098 dicens
1004 2064 1018 2099 ε
1062 2045 1357 2100 Vulnerata
1385 2065 1505 2101 sum
1547 2065 1640 2117 ego
1672 2065 1705 2101 a
1735 2047 2035 2102 dilectione.

472 2127 518 2180 0
563 2128 854 2196 pulchrum
908 2135 1107 2191 vulnus
1153 2145 1207 2192 et
1252 2138 1428 2194 dulcis
1468 2141 1665 2210 plaga,
1728 2156 1825 2210 per
1874 2155 2037 2210 quam

474 2221 685 2290 plagam
742 2221 852 2279 vita
919 2229 1069 2282 subit
1134 2229 1389 2294 interna,
1461 2232 1606 2302 quod
1663 2249 1784 2303 qua:
1838 2249 1868 2287 a
1929 2234 2039 2288 telo

474 2314 615 2368 facta
637 2325 721 2371 est
748 2319 968 2384 divisio,
1009 2321 1285 2390 quoddam
1319 2325 1523 2379 ostium
1563 2335 1617 2379 et
1655 2326 1861 2379 aditum
1906 2341 2038 2395 ape-

473 2407 676 2461 ruerit!
712 2407 848 2463 Nam
886 2412 1050 2466 simul
1080 2422 1244 2484 atque
1274 2415 1442 2469 telum
1481 2417 1692 2487 accepit
1731 2418 2036 2482 charitatis,

468 2498 540 2552 ad
586 2502 886 2570 nuptialem
931 2505 1175 2560 laetitiam
1231 2507 1480 2576 protinus
1526 2515 1888 2564 transmutata
1937 2508 2040 2563 fuit

465 2589 752 2657 jaculatio.
788 2593 950 2651 Vides
981 2601 1126 2653 enim
1154 2599 1616 2668 quemadmodum
1637 2617 1830 2657 manus
1849 2616 2036 2656 arcum

472 2689 734 2749 tractant,
787 2685 1088 2756 dispertita:
1115 2689 1182 2743 ad
1228 2706 1388 2745 usum
1426 2691 1857 2760 Operationibus.
1902 2690 2036 2744 Nam

470 2772 695 2828 sinistra
723 2776 946 2844 quidem
981 2792 1193 2843 arcum,
1241 2778 1465 2835 dextera
1498 2795 1626 2834 vero
1682 2797 1908 2834 nervum
1970 2781 2037 2834 ad

471 2877 530 2917 se
555 2865 800 2930 attrahit,
838 2881 934 2937 per
965 2869 1176 2938 sagitta:
1209 2872 1608 2926 concavitatem
1638 2872 1803 2925 telum
1858 2871 1927 2925 ad
1979 2887 2039 2926 se

469 2957 775 3020 attrahens,
807 2957 955 3026 quod
987 2958 1230 3014 adhibita
1265 2975 1431 3014 manu
1459 2961 1683 3016 sinistra
1707 2963 1774 3015 ad
1807 2977 2035 3032 scopum

469 3043 746 3114 dirigitur.
791 3045 924 3112 Quae
953 3063 1083 3119 ergo
1114 3051 1278 3119 paulo
1318 3061 1447 3106 ante
1475 3052 1568 3106 teli
1618 3050 1759 3105 facta
1801 3059 1886 3107 est
1917 3067 2040 3107 sco—

470 3147 596 3200 pus,
631 3149 778 3192 nunc
833 3137 1069 3206 seipsam
1126 3155 1226 3209 pro
1279 3141 1388 3194 telo
1437 3141 1632 3211 aspicit
1686 3143 1740 3196 in
1787 3142 2039 3197 manibus

471 3225 766 3294 sagittarii,
818 3243 944 3283 cum
1001 3231 1162 3284 aliter
1213 3231 1460 3294 dextera,
1511 3240 1565 3288 et
1611 3234 1768 3288 aliter
1817 3234 2041 3291 sinistra

471 3316 639 3369 telum
664 3319 1061 3386 apprehendat.
1103 3321 1209 3376 Sed
1238 3323 1500 3392 quoniam
1557 3339 1656 3394 per
1704 3335 1922 3395 tropum
1974 3342 2041 3381 ex

470 3411 822 3479 epithalamio
875 3421 1151 3483 sumptum
1185 3413 1566 3484 producuntur
1593 3432 1659 3471 ex
1680 3419 2039 3488 consequenti

471 3501 866 3556 theorematum
919 3505 1380 3574 signiﬁcationes,
1449 3522 1558 3561 non
1604 3506 1731 3561 fecit
1785 3511 2041 3565 aculeum

472 3591 565 3645 teli
615 3594 871 3649 sustineri
917 3611 948 3648 a
999 3596 1248 3663 sinistra,
1309 3613 1486 3668 neque
1530 3599 1808 3654 dexteram
1857 3608 2042 3656 tenere

472 3683 699 3737 alteram
732 3697 966 3754 partem,
1030 3695 1089 3740 ut
1122 3689 1194 3744 sit
1227 3689 1409 3743 anima
1442 3691 1611 3745 telum
1647 3691 1702 3745 in
1749 3707 1912 3746 manu
1944 3709 2043 3763 po-

471 3777 640 3832 tentis
666 3778 937 3833 directum
970 3795 1191 3835 sursum
1233 3781 1300 3835 ad
1331 3797 1581 3852 scopum,
1619 3783 1714 3840 sed
1751 3783 1883 3838 fecit
1911 3785 2044 3839 sini-

472 3876 642 3923 stram
668 3870 890 3938 quidem
930 3872 1128 3941 subjici
1150 3873 1312 3942 capiti
1346 3889 1444 3944 pro
1476 3876 1665 3930 aculeo
1714 3893 1728 3929 :
1761 3877 2042 3932 dexteram

473 3967 657 4014 autem
693 3970 877 4016 tenere
912 3963 964 4017 id
990 3964 1134 4034 quod
1169 3974 1338 4019 restat
1371 3982 1386 4019 :
1437 3974 1496 4019 ut
1533 3966 1716 4032 simul,
1741 3976 1799 4021 ut
1824 3969 2040 4037 opinor,

473 4051 682 4124 duplici
740 4056 1032 4125 wnigmate
1080 4055 1500 4126 phil050phetur
1541 4059 1720 4112 oratio
1751 4059 1818 4113 de
1860 4060 2043 4113 divina

475 4146 818 4211 ascensione,
850 4146 1150 4202 ostendens
1189 4149 1338 4218 quod
1372 4148 1516 4204 idem
1570 4149 1644 4204 sit
1689 4165 1928 4220 sponsus
1988 4159 2044 4206 et

474 4239 813 4310 sagittarius.
842 4239 1042 4294 eadem
1060 4247 1251 4296 nostra
1281 4256 1490 4311 sponsa
1511 4249 1565 4297 et
1593 4244 1815 4312 sagitta,
1842 4259 2038 4313 nempe

475 4345 611 4400 pura
645 4337 804 4384 utens
830 4330 1037 4396 anima,
1069 4341 1123 4386 et
1148 4341 1410 4402 tanquam
1443 4333 1691 4398 jaculum
1739 4333 1807 4387 ad
1837 4332 2042 4387 bonum

2141 501 2396 575 βιωτικῆς
2421 506 2796 576 ἀνεπίμικτον.

2208 680 2392 733 Ταῦτα
2415 679 2664 742 εἰποῦσα,
2695 680 2907 733 ἐπαινεῖ
2928 679 3020 734 τὸν
3043 678 3262 750 τοξότην
3286 678 3382 748 τῆς
3411 678 3724 746 εὐστοχίας,

2137 771 2213 835 ὡς
2261 773 2441 836 καλῶς
2487 775 2574 826 ἐπ’
2626 773 2794 842 αὐτὴν
2830 772 2893 825 τὸ
2946 772 3098 842 βέλος
3135 768 3448 824 εὐθύναντα.
3504 772 3724 835 Terpno-

2133 861 2286 931 μένη
2316 861 2444 932 γὰρ,
2479 863 2664 932 φησὶν,
2695 860 2930 930 ἀγάπης
3152 860 3394 912 Δείκνυσι
3445 857 3525 927 τῷ
3575 857 3726 925 λόγῳ

2136 951 2199 1004 τὸ
2227 950 2395 1020 βέλος,
2433 951 2493 1003 τὸ
2523 954 2588 1021 τῇ
2624 951 2816 1025 καρδίᾳ
2843 950 2928 1004 διὰ
2972 950 3167 1020 βάθους
3201 948 3537 1018 ἐγκείμενον.
3581 948 3639 1001 Ὀ
3665 947 3725 998 δὲ

2137 1042 2359 1112 τοξότης
2391 1042 2484 1096 τοῦ
2525 1043 2712 1112 βέλους
2749 1043 2783 1112 ἡ
2825 1042 3010 1112 ἀγάπη
3051 1040 3216 1093 ἐστίν.
3259 1039 3499 1110 Ἀγάπην
3533 1038 3595 1092 δὲ
3625 1037 3726 1090 τὸν

2138 1134 2270 1187 Θεὸν
2320 1129 2457 1187 εἶναι
2491 1134 2640 1206 παρά
2685 1137 2785 1204 τῆς
2832 1134 2992 1202 ἁγίας
3028 1132 3248 1204 Γραφῆς
3291 1130 3725 1202 μεμαθήκαμεν,

2138 1225 2196 1290 ὃς
2225 1226 2285 1279 τὸ
2301 1225 2551 1280 ἐκλεκτὸν
2572 1224 2736 1280 αὐτού
2757 1224 2909 1295 βέλος
2927 1224 3016 1277 τὸν
3043 1223 3302 1295 μονογενῆ
3327 1222 3453 1274 Υίδν
3470 1222 3566 1274 ἐπὶ
3590 1222 3725 1284 τοὺς

2141 1315 2480 1386 σωζομένους
2511 1316 2819 1386 ἐκπέμπει,
2862 1315 2942 1384 τῷ
2984 1314 3252 1385 πνεύματι
3290 1312 3434 1381 ζωῆς
3467 1313 3570 1381 τὴν
3601 1329 3726 1381 τρι-

2140 1409 2277 1480 πλῆν
2297 1408 2397 1478 τῆς
2419 1408 2598 1471 ἀκίδος
2617 1407 2798 1479 ἀκμὴν
2819 1405 3182 1479 περιχρώσας.
3217 1406 3362 1468 ’Λκὶς
3383 1404 3438 1456 δὲ
3466 1404 3499 1473 ἡ
3529 1403 3723 1464 πίστις

2139 1501 2306 1564 ἐστὶν,
2342 1499 2428 1551 ἵνα
2460 1500 2518 1551 ἐν
2550 1493 2594 1566 ᾧ
2624 1497 2845 1567 γένηται
2892 1496 3181 1568 συνεισάγῃ
3221 1493 3358 1565 μετά
3392 1491 3483 1546 τοῦ
3525 1491 3722 1561 βέλους

2139 1590 2233 1643 καὶ⁸
2267 1588 2358 1642 τὸν
2390 1587 2632 1659 τοξότην,
2663 1587 2738 1650 ὦς
2764 1603 2926 1657 φησιν
2957 1588 2986 1638 ό
3017 1585 3235 1653 Κύριος,
3261 1585 3342 1636 ὅτι
3376 1581 3521 1650 Ἐγὼ
3551 1581 3653 1634 καὶ
3687 1583 3724 1633 ό

2141 1681 2340 1750 Πατὴρ
2366 1681 2437 1735 ἓν
2459 1681 2665 1750 ἐσμεν,
2695 1679 2793 1733 καὶ
2817 1677 3203 1746 ἐλευσόμεθα,
3234 1675 3331 1728 καί
3351 1672 3554 1743 μονήν
3579 1670 3722 1740 παρ’

2138 1772 2296 1838 αὐτῷ
2350 1772 2701 1840 ποιήσομεν.
2749 1771 2880 1840 Ὁρᾷ
2934 1769 3114 1821 τοίνυν
3165 1769 3199 1837 ἡ
3249 1765 3337 1819 διά
3378 1764 3488 1818 τῶν
3554 1763 3723 1816 θείων

2139 1864 2451 1920 ἀναϐάσεων
2511 1863 2782 1932 ὐψωθεῖσα
2821 1861 2988 1931 ψυχὴ,
3028 1859 3090 1912 τὸ
3139 1858 3308 1927 γλυκύ
3353 1857 3449 1926 τῆς
3492 1854 3724 1925 ἀγάπης

2142 1956 2292 2027 βέλος
2317 1957 2374 2007 ἐν
2403 1956 2588 2025 ἑαυτῇ,
2618 1947 2662 2022 ᾧ
2692 1953 2922 2024 ἐτρώθη,
2951 1952 3044 2006 καὶ
3073 1951 3331 2020 καύχημα
3355 1950 3592 2002 ποιεῖται
3617 1949 3722 2016 τὴν

2141 2048 2372 2116 πληγὴν,
2417 2046 2668 2115 λέγουσα,
2701 2047 2783 2098 ὅτι
2832 2042 3164 2112 Τετρωμένη
3208 2039 3438 2110 ἀγάπης
3473 2039 3614 2108 ἐγώ.
3654 2039 3723 2090 Ὢ

2141 2139 2305 2192 καλοῦ
2333 2138 2645 2210 τραύματος
2678 2137 2771 2190 καὶ
2807 2135 3063 2206 γλυκείας
3100 2134 3333 2205 πληγῆς,
3355 2132 3419 2185 δι’
3446 2127 3514 2202 ἦς
3538 2133 3576 2201 ἡ
3604 2129 3723 2200 ζωὴ

2140 2231 2232 2285 ἐπὶ
2269 2232 2338 2283 τά
2376 2230 2523 2290 ἐντὸς
2567 2229 2865 2293 διαδύεται,
2909 2226 3098 2297 ὥσπερ
3126 2227 3244 2278 τινά
3283 2224 3450 2295 θύραν
3483 2224 3581 2276 καὶ
3607 2222 3723 2274 είσ-

2139 2322 2255 2375 οδον
2281 2321 2381 2392 τὴν
2415 2322 2478 2373 ἐκ
2509 2319 2603 2373 τοῦ
2632 2320 2814 2390 βέλους
2850 2317 3110 2388 διαίρεσιν
3145 2318 3309 2388 ἑαυτῇ
3346 2315 3719 2380 ὐπανοίξασαί

2151 2411 2316 2481 Ὀμοῦ
2361 2428 2420 2463 τε
2463 2409 2571 2481 γὰρ
2615 2409 2675 2463 τὸ
2717 2411 2816 2478 τῆς
2862 2408 3082 2478 ἀγάπης
3134 2405 3288 2475 βέλος
3335 2404 3571 2469 ἐδέξατο,
3623 2405 3723 2457 καὶ

2140 2505 2476 2574 παραχρῆμα
2527 2504 2605 2566 είς
2649 2499 2888 2571 γαμικὴν
2943 2498 3205 2570 θυμηδίαν
3263 2498 3297 2566 ἠ
3355 2496 3533 2560 τοξεία
3590 2513 3722 2565 μετ-

2139 2594 2463 2666 εσκευάσθη.
2503 2593 2737 2664 Φανερὸν
2763 2593 2871 2663 γάρ
2894 2591 3008 2643 ἐστι
3037 2589 3154 2652 πῶς
3186 2589 3242 2642 αί
3269 2590 3446 2659 χεῖρες
3471 2589 3533 2640 τὸ
3563 2587 3721 2654 τόξον

2143 2680 2624 2758 μεταχειρίζονται,
2664 2684 3014 2756 μεριζόμεναι
3058 2682 3193 2751 πρὸς
3235 2681 3335 2751 τὴν
3370 2679 3556 2750 χρείαν
3600 2682 3720 2742 ταῖς

2139 2780 2458 2851 ἐνεργείαις.
2499 2779 2562 2830 Ἡ
2593 2777 2690 2848 μὲν
2717 2777 2822 2849 γὰρ
2844 2774 3120 2844 εὐώνυμος
3139 2772 3234 2826 τοῦ
3259 2771 3411 2835 τόξου
3439 2771 3673 2824 ἆπτεται
3702 2786 3718 2801 ⁸

2140 2875 2174 2942 ὴ
2194 2871 2343 2936 δεξιά
2377 2870 2434 2923 δὲ
2474 2868 2572 2940 τὴν
2615 2865 2811 2938 νευράν
2841 2865 2976 2938 πρὸς
3009 2864 3205 2934 ἑαυτὴν
3251 2864 3567 2925 ἐπισπᾶται,
3596 2877 3722 2914 συν-

2141 2963 2400 3032 ελκομένη
2421 2961 2449 3014 δ
2456 2961 2508 3014 ιά
2517 2959 2624 3012 τῶν
2635 2957 2902 3027 γλυφίδων
2916 2956 2975 3009 τὸ
2992 2955 3141 3026 βέλος
3154 2957 3221 3025 τῇ
3239 2952 3471 3023 προϐολῇ
3487 2952 3585 3020 τῆς
3598 2951 3720 3022 ἀρι-

2144 3055 2334 3126 στερᾶς
2361 3052 2540 3124 χειρὸς
2566 3053 2701 3122 πρὸς
2732 3050 2822 3104 τὸν
2851 3049 3048 3102 σκοπὸν
3075 3047 3444 3116 εὐθυνόμενον.
3461 3045 3527 3097 Ἠ
3539 3043 3718 3098 τοίνυν

2141 3143 2248 3215 πρὸ
2278 3143 2458 3211 ὀλίγου
2492 3142 2690 3206 σκοπὸς
2717 3141 2978 3212 γενομένη
3022 3138 3115 3192 τοῦ
3159 3138 3367 3208 βέλους,
3397 3135 3490 3188 νῦν
3516 3135 3717 3204 ἑαυτὴν

2139 3234 2258 3288 ἀντὶ
2289 3233 2473 3303 βέλους
2510 3235 2566 3286 ἐν
2599 3234 2717 3294 ταῖς
2755 3231 2908 3301 χερσὶ
2939 3229 3032 3283 τοῦ
3066 3229 3278 3293 τοξότου
3311 3227 3515 3297 βλέπει,
3545 3225 3717 3286 ἄλλως

2139 3329 2238 3398 τῆς
2258 3325 2454 3392 δεξιᾶς,
2486 3326 2579 3378 καὶ
2605 3325 2801 3396 ἑτέρως
2824 3326 2922 3394 τῆς
2947 3321 3226 3392 εὐωνύμου
3249 3317 3721 3389 διαλαμϐανούσης

2138 3419 2198 3471 τὸ
2230 3419 2397 3488 βέλος.
2426 3417 2561 3469 Ἀλλ’
2589 3415 2774 3486 ἐπειδὴ
2803 3414 2890 3467 διὰ
2916 3417 3014 3484 τῆς
3039 3412 3398 3482 ἐπιθαλαμίου
3424 3412 3636 3481 τροπῆς
3666 3410 3720 3460 αἱ

2138 3509 2246 3563 τῶν
2271 3509 2636 3580 θεωρημάτων
2665 3509 2931 3578 ἐμφάσεις
2959 3507 3025 3559 δι’
3047 3503 3335 3558 ἀκολούθου
3362 3503 3721 3573 προάγονται,

2140 3604 2238 3656 οὐκ
2271 3602 2488 3672 ἐποίησε
2509 3601 2605 3672 τὴν
2635 3601 2794 3654 ἀκίδα
2820 3599 2911 3653 τοῦ
2945 3597 3132 3669 βέλους
3175 3595 3278 3648 ὑπὸ
3303 3595 3398 3664 τῆς
3423 3594 3724 3663 ἀριστερᾶς

2140 3693 2424 3765 ἐχομένην,
2459 3693 2579 3746 οὐδὲ
2606 3691 2702 3763 τὴν
2733 3691 2907 3756 δεξιὰν
2933 3691 2992 3743 τὸ
3015 3690 3201 3760 ἕτερον
3223 3685 3726 3754 διαλαμϐάνουσαν,

2140 3787 2214 3849 ὼς
2253 3785 2318 3840 ἂν
2346 3785 2554 3854 γένοιτο
2583 3787 2615 3855 ἡ
2649 3783 2794 3854 ψυχὴ
2849 3782 2997 3852 βέλος
3032 3783 3087 3833 ἐν
3133 3780 3276 3850 χειρὶ
3323 3777 3416 3829 τοῦ
3465 3775 3722 3839 δυνατοῦ,

2143 3875 2279 3948 πρὸς
2311 3876 2404 3928 τὸν
2431 3876 2540 3930 ἄνω
2574 3874 2772 3928 σκοπὸν
2805 3872 3156 3942 εὐθυνόμενον
3179 3887 3193 3900 ο
3218 3868 3331 3923 ἀλλ’
3361 3868 3589 3936 ἐποίησε
3623 3867 3724 3937 τὴν

2147 3968 2244 4038 μὲν
2291 3965 2568 4036 εὐώνυμον
2611 3966 2730 4018 ἀντὶ
2761 3965 2860 4034 τῆς
2908 3963 3092 4024 ἀκίδος
3139 3963 3206 4031 τῇ
3241 3958 3451 4030 κεφαλῇ
3483 3958 3728 4010 ὑποϐάλ-

2143 4059 2364 4112 λεσθαι·
2396 4056 2852 4128 διαλαμϐάνεσθαι
2899 4055 2956 4108 δὲ,
2997 4057 3063 4125 τῇ
3095 4053 3244 4124 δεξιᾷ
3279 4052 3340 4104 τὸ
3375 4050 3724 4119 λειπόμενον,

2145 4151 2220 4214 ὡς
2244 4150 2329 4214 ἂν,
2358 4145 2530 4220 οἶμαι,
2563 4148 2703 4202 κατὰ
2743 4147 2936 4200 ταύτὸν
2963 4147 3020 4200 ἐν
3054 4149 3166 4208 τοῖς
3192 4144 3399 4208 διπλοῖς
3431 4143 3726 4212 αἰνίγμασι

2143 4244 2212 4298 τά
2241 4243 2368 4314 περὶ
2394 4245 2492 4313 τῆς
2525 4241 2674 4302 θείας
2704 4240 3018 4302 ἀναϐάσεως
3049 4241 3076 4291 ὁ
3100 4237 3255 4306 λόγος
3285 4236 3724 4306 φιλοσοφήσειεν,

2143 4336 2356 4400 δεικνὺς
2405 4335 2486 4387 ὅτι
2532 4335 2560 4386 ὁ
2607 4333 2768 4395 αὐτὸς
2815 4333 2908 4384 καὶ
2945 4329 3175 4401 νυμφίος
3206 4329 3299 4381 καὶ
3322 4326 3548 4397 τοξότης
3573 4329 3727 4379 ἐστὶν

473 4435 701 4489 scopum
755 4418 999 4489 dirigens
1032 4430 1333 4490 :tanquam
1393 4435 1656 4490 sponsam
1695 4436 1913 4476 sursum
1947 4421 2040 4477 de-

2149 4423 2325 4498 ήμῶν,
2359 4422 2548 4495 νύμφῃ
2584 4439 2643 4474 τε
2674 4423 2765 4474 καὶ
2805 4420 2946 4490 βέλει
2993 4423 3060 4490 τῇ
3091 4417 3480 4490 κεκαθαρμένη
3522 4431 3722 4489 κεχρη-

474 4513 686 4569 ducens
731 4509 800 4565 ad
851 4511 1323 4582 participationem
1378 4513 1726 4575 aeternitatis,
1781 4514 1835 4567 in
1881 4529 2046 4583 quam

475 4619 585 4660 non
620 4604 767 4660 cadit
819 4604 1096 4668 interitus,
1147 4603 1272 4658 vitae
1319 4603 1720 4674 longitudinem
1766 4613 1821 4660 et
1871 4621 2045 4660 annos

475 4695 604 4751 vitae
635 4711 733 4765 per
763 4696 1044 4751 dexteram
1075 4695 1370 4765 elargiens,
1403 4709 1500 4763 per
1526 4695 1805 4750 sinistram
1832 4704 2039 4759 autem,

477 4794 812 4841 aeternorum
843 4785 1116 4840 honorum
1145 4783 1368 4840 divitias
1402 4791 1456 4839 et
1486 4783 1579 4838 Dei
1609 4785 1864 4855 gloriam,
1885 4785 2046 4853 cujus

476 4891 587 4931 non
623 4883 858 4945 possunt
880 4891 1005 4931 esse
1032 4875 1354 4946 participes,
1389 4875 1483 4944 qui
1521 4883 1776 4945 quaerunt
1815 4877 2044 4945 gloriam

477 4967 694 5022 mundi.
735 4967 1032 5037 Propterea
1081 4967 1216 5021 dicit
1256 4985 1270 5020 :
1306 4965 1542 5020 Sinistra
1584 4969 1700 5035 ejus
1740 4967 1835 5021 sub
1877 4969 2050 5037 capite

476 5075 717 5129 meo,per
733 5074 897 5128 quam
912 5059 1156 5128 jaculum
1175 5059 1420 5128 dirigitui
1456 5059 1522 5113 ad
1541 5073 1791 5130 scopum.
1816 5059 2049 5114 Dextera

480 5159 662 5207 autem
688 5152 810 5221 ejus
837 5167 922 5206 me
949 5151 1368 5221 apprehendens
1408 5159 1463 5206 et
1491 5151 1558 5204 ad
1581 5166 1642 5206 se
1684 5151 1929 5214 trahens,
1962 5150 2045 5208 ef-

480 5239 596 5294 ﬁcit
625 5255 710 5294 me
739 5241 936 5301 levem,
992 5248 1050 5292 ut
1079 5254 1298 5294 sursum
1347 5239 1514 5304 ferar,
1567 5250 1628 5293 ut
1670 5240 1801 5295 illuc
1835 5242 2046 5310 mittar,

477 5341 532 5388 et
561 5349 590 5386 a
622 5332 912 5402 sagittario
943 5333 1167 5386 minime
1207 5347 1452 5402 separer.
1503 5331 1653 5388 Adeo
1696 5341 1755 5387 ut
1800 5341 1853 5388 et
1883 5335 2049 5388 simul

480 5421 693 5477 feratur
723 5438 820 5491 per
859 5422 1275 5491 jaculationem,
1331 5432 1384 5477 et
1418 5423 1472 5476 in
1525 5422 1740 5478 Domini
1790 5426 2046 5482 manibus

479 5515 861 5584 conquiescat.
923 5513 1128 5570 Harum
1174 5531 1434 5570 manuum
1495 5518 1858 5588 proprietates
1918 5519 2051 5575 dicit

554 5691 639 5746 "l
665 5692 822 5750 Joan.
860 5709 934 5762 IV,
966 5694 1018 5748 8.
1097 5695 1141 5727 ⁵⁵
1162 5693 1316 5751 Joan.
1349 5712 1459 5762 xiv,
1490 5697 1578 5753 25.

2153 4515 2314 4586 μένος
2367 4513 2531 4584 ψυχῇ,
2581 4513 2655 4574 ὡς
2719 4511 2869 4582 βέλος
2915 4509 3050 4581 πρὸς
3081 4508 3170 4561 τὸν
3223 4507 3426 4576 ἀγαθὸν
3481 4508 3727 4561 εὐθύνων

2151 4604 2349 4657 σκοπόν
2373 4620 2385 4634 -
2437 4603 2512 4666 ὡς
2561 4603 2777 4672 νύμφην
2830 4599 2966 4669 πρὸς
2996 4598 3285 4667 μετουσίαν
3327 4596 3727 4666 ἀναλαμϐάνων

2149 4701 2248 4767 τῆς
2276 4695 2552 4766 ἀφθάρτου
2592 4693 2911 4763 ἀῖδιότητος,
2949 4693 3120 4762 μῆκος
3167 4689 3281 4759 βίου
3314 4689 3408 4742 καὶ
3439 4688 3535 4758 ἔτη
3581 4689 3728 4756 ζωῆς

2149 4789 2237 4844 διὰ
2262 4789 2362 4858 τῆς
2391 4787 2567 4850 δεξιᾶς
2595 4786 2986 4857 χαριζόμενος·
3034 4782 3122 4836 διὰ
3173 4781 3231 4834 δὲ
3277 4781 3378 4850 τῆς
3431 4781 3728 4851 ἀριστερᾶς

2151 4883 2242 4934 τὸν
2264 4881 2370 4932 τῶν
2399 4879 2630 4932 αἰωνίων
2663 4875 2884 4944 ἀγαθῶν
2911 4874 3138 4927 πλοῦτον
3165 4913 3180 4936 ,
3208 4875 3302 4926 καὶ
3327 4872 3427 4942 τὴν
3462 4871 3559 4923 τοῦ
3589 4871 3727 4923 Θεοῦ

2148 4970 2326 5034 δόξαν,
2373 4965 2440 5038 ἧς
2471 4968 2520 5018 οἱ
2567 4967 2663 5036 τὴν
2706 4964 2798 5017 τοῦ
2831 4964 3036 5034 κόσμου
3063 4961 3352 5034 ζητοῦντες
3397 4961 3557 5024 δόξαν
3588 4961 3730 5030 ἀμέ-

2149 5079 2294 5132 τοχοι
2329 5061 2586 5128 γίνονται.
2628 5056 2727 5110 Διά
2759 5054 2913 5108 τοῦτό
2957 5072 3141 5125 φησιν,
3175 5055 3502 5123 Εὐώνυμος
3537 5053 3730 5107 αὑτοῦ

2150 5151 2268 5207 ὑπὸ
2296 5150 2408 5219 τὴν
2435 5149 2706 5217 κεφαλήν
2739 5164 2880 5215 μου,
2916 5145 2982 5197 δι’
3020 5139 3090 5216 ἦς
3133 5144 3415 5197 εὐθύνεται
3465 5143 3606 5213 πρὸς
3639 5145 3729 5195 τὸν

2153 5243 2352 5298 σκοπὸν
2401 5242 2462 5294 τὸ
2506 5241 2688 5312 βέλοςσ
2726 5237 2872 5302 δεξιὰ
2919 5237 2977 5290 δὲ
3023 5236 3186 5290 αὐτοῦ
3233 5237 3368 5308 πρὸς
3415 5237 3620 5305 ἐαυτην
3663 5253 3726 5306 με

2151 5333 2478 5389 διαλαϐοῦσα
2504 5335 2598 5386 καὶ
2627 5330 3059 5401 ἐφελκυσαμένη,
3093 5329 3300 5400 κούφην
3345 5346 3412 5399 με
3459 5329 3600 5399 πρὸς
3634 5328 3728 5398 τὴν

2152 5429 2264 5482 ἀνω
2295 5425 2464 5496 φορὰν
2493 5424 2880 5494 ἀπεργάζεται,
2919 5423 3079 5476 κάκεῖ
3099 5420 3480 5491 πεμπομένην,
3518 5421 3614 5472 καὶ
3637 5419 3726 5472 τοῦ

2153 5519 2365 5586 τοξότου
2409 5517 2484 5589 μὴ
2516 5517 2889 5589 χωριζομένην
2909 5534 2922 5548 ·
2975 5516 3051 5579 ὡς
3083 5514 3219 5588 ὁμοῦ
3261 5531 3320 5568 τε
3349 5514 3618 5586 φέρεσθαι
3644 5513 3726 5567 διά
