3854 6216
131 317 250 373 853

115 511 432 621 ξπαύεσθαι.
463 531 543 584 Τά
572 530 629 584 δὲ
662 532 770 587 τῶν
797 511 1002 606 χειρῶν
1033 537 1238 594 τούτων
1274 543 1540 616 ἰδιώματά
1569 566 1734 621 φησιν

110 602 171 716 ἠ
205 617 516 716 flammida,
557 623 641 676 ὅτι
693 602 869 694 μῆκος
892 602 1055 697 -βίου,
1092 631 1188 684 καὶ
1226 632 1322 706 ἔτη
1359 602 1504 709 ζωῆς
1553 602 1730 716 εἶμ’τῇ

313 709 416 798 τῆς
447 712 640 783 σοφίας
659 731 677 746 ⁸
709 718 767 770 ὲν
815 717 872 772 δὲ
892 721 958 791 τῇ
989 715 1256 796 ἀριστερᾷ
1280 705 1474 798 αὐτῆς,
1504 705 1733 798 πλοῦτος

130 797 236 849 καὶ
265 796 416 864 δόξα.

209 883 345 984 εἶτα
381 890 520 984 πρὸς
564 892 666 958 τὰς
711 894 1022 970 θυγατέρας
1057 900 1158 972 τῆς
1202 902 1316 958 ἄνω
1375 907 1731 984 Ἰερουσαλὴμ

126 981 332 1052 τρέπει
364 983 455 1038 τὸν
482 985 660 1054 λόγον.
706 989 765 1043 'O
808 990 866 1043 δὲ
895 991 1053 1062 λόγος
1101 995 1448 1070 παράκλησίς
1491 1002 1638 1057 ἐστιν
1671 981 1731 1059 ὲν

123 1072 286 1163 ὅρκῳ
346 1079 756 1152 προσαγομένη,
810 1083 906 1136 τοῦ
960 1085 1277 1153 πλεονάζειν
1327 1093 1424 1146 καὶ
1471 1093 1730 1163 ὲπαύξειν

261 1163 361 1235 τὴν
699 1170 808 1236 ἕως
857 1173 922 1228 ἂν
949 1177 1170 1250 ἐνεργὸν
1198 1180 1394 1235 ἑαυτοῦ
1432 1186 1633 1259 ποιήσῃ
1666 1189 1728 1243 τὸ

125 1253 370 1326 θέλημα,
397 1258 426 1310 6
459 1257 629 1314 θέλων
659 1262 866 1328 πάντας
900 1265 1163 1339 σωθῆναι,
1196 1272 1290 1325 καὶ
1318 1273 1400 1336 εἰς
1431 1253 1727 1345 ἐπίγνωσιν

121 1347 391 1420 ἀληθείας
429 1352 625 1411 ἐλθεῖν.
673 1356 732 1411 '0
761 1358 819 1412 δὲ
846 1359 1003 1428 λόγος
1030 1355 1190 1428 οὗτός
1219 1367 1368 1421 ἐστιν
1400 1366 1460 1420 ὃν
1492 1370 1726 1441 πεποίηο

118 1457 259 1494 ται·
311 1444 565 1513 Ὠρκισα
599 1448 757 1520 ὑμᾶς
777 1491 794 1518 ,
820 1456 1140 1524 θυγατέρες
1200 1457 1625 1532 Ἰερουσαλὴμ,
1655 1463 1727 1518 ἐν

118 1533 262 1625 ταῖς
300 1535 595 1608 δυνάμεσι
625 1543 727 1596 καὶ
771 1543 842 1599 ἐν
874 1546 1004 1614 ταῖς
1046 1549 1337 1620 ῖσχύσεσι
1372 1552 1483 1608 τοῦ
1514 1555 1722 1625 ἀγροῦ,

115 1623 237 1679 ἐὰν
260 1627 526 1698 ere/pnes
551 1632 649 1687 καὶ
679 1633 1015 1707 ἑξετειζοητε
1045 1641 1163 1710 τὴν
1207 1643 1468 1715 ἀγάπην,

119 1717 391 1788 θελήσῃ.
431 1720 637 1793 Ὅρκος
680 1726 800 1780 ἐστὶ
829 1728 987 1799 λόγος
1033 1735 1396 1807 πιστούμενος
1429 1739 1497 1793 δι’
1527 1741 1723 1795 ἑαυτοῦ

114 1807 225 1880 τὴν
278 1811 537 1883 ἀλήθειαν
557 1831 575 1846 ο
629 1816 790 1890 διπλῆ
811 1819 873 1873 δὲ
901 1823 935 1892 ἡ

116 1901 195 1994 ξΗ
225 1900 340 1974 γὰρ
388 1904 555 1970 αὐτὸς
586 1908 874 1964 πιστοῦται
910 1912 990 1985 τῷ
1019 1916 1270 1972 ἀκούοντι
1311 1919 1410 1992 τὴν
1438 1900 1716 1994 ἀλήθειαν.

111 1992 152 2064 ἢ
185 1993 376 2059 ἄλλοις
411 1997 500 2052 διὰ
528 1999 623 2052 τοῦ
653 2001 920 2075 ὀρκισμοῦ
955 2006 1054 2079 τὴν
1093 2010 1340 2084 ἀνάγκην
1383 1992 1579 2083 ἐπάγει
1625 2015 1718 2069 τοῦ

113 2087 297 2156 μηδὲν
323 2091 790 2162 παραψεύδεσθαι·
811 2092 945 2164 οἷον,
970 2101 1190 2171 Ὤμοσε
1217 2106 1432 2174 Κύριος
1447 2107 1526 2173 τῷ
1540 2107 1721 2162 Δαϐὶδ

107 2179 445 2251 ἀλήθειαν,
479 2185 577 2240 καί
602 2187 676 2243 οὐ
697 2188 785 2259 μὴ
815 2191 1094 2260 ἁθετήσει
1117 2197 1312 2265 αὐτήν
1333 2215 1347 2230 ·
1378 2199 1612 2254 ἐνταῦθα
1652 2201 1718 2256 τὸ

111 2276 318 2330 πιστὸν
347 2279 446 2349 τῆς
475 2279 824 2353 ὑποσχέσεως
866 2284 1197 2357 ἐμπεδοῦται
1228 2290 1305 2363 τῷ
1341 2293 1510 2366 ὅρκῳ.
1547 2296 1714 2350 Ὅταν

106 2365 170 2421 δὲ
198 2370 465 2439 φροντίδα
498 2373 820 2446 ποιούμενος
850 2377 878 2430 6
919 2379 1169 2452 Ἀϐραὰμ
1196 2383 1298 2454 τῆς
1325 2365 1578 2455 εὐγενοῦς
1621 2389 1714 2443 ἐπὶ

104 2457 190 2530 τῷ
223 2464 509 2553 μονογενεῖ
548 2464 830 2536 συζυγίας,
863 2473 1182 2546 προστάσσῃ
1235 2474 1315 2547 τῷ
1351 2477 1465 2549 ίδίῳ
1500 2480 1710 2553 οἰκέτῃ,

108 2552 195 2642 μήγ
220 2567 347 2603 τινα
378 2552 487 2606 τῶν
518 2553 613 2607 τοῦ
645 2557 836 2626 γένους
862 2559 1106 2629 Χαναὰν,
1139 2563 1250 2618 τῶν
1279 2568 1344 2638 τῇ
1375 2567 1590 2642 δουλείᾳ
1609 2552 1711 2625 κάς.

106 2641 593 2715 ταδεδικασμένων
641 2649 943 2704 συνοικίσαι
991 2651 1132 2724 πρὸς
1171 2654 1348 2727 γάμον
1380 2657 1460 2729 τῷ
1501 2641 1706 2728 Ἰσαὰκ,

106 2731 202 2825 ὡς
228 2733 301 2825 an
353 2735 430 2806 μὴ
485 2735 815 2812 λυμαίνηται
847 2743 914 2812 τῇ
958 2743 1210 2816 εὐγενείᾳ
1249 2747 1350 2817 τῆς
1381 2747 1630 2822 διαδοχῆς
1674 2755 1708 2825 ἡ

104 2823 205 2878 τοῦ
241 2824 496 2880 δουλικοῦ
524 2827 717 2897 γένους
754 2831 1004 2902 ἐπιμιξία
1023 2874 1039 2899 ν
1087 2833 1203 2888 ἀλλ’
1234 2837 1299 2891 ὲκ
1322 2837 1424 2909 τῆς
1451 2823 1708 2914 πατρῴαέ

106 2916 282 2971 αὐτοῦ
310 2917 416 2988 γῆς
460 2921 552 2972 καὶ
584 2923 904 2992 συγγενείας
932 2926 1276 2997 ἁρμόσασθαι
1307 2930 1386 3002 τῷ
1417 2935 1568 2989 παιδὶ
1607 2936 1706 3007 τὴν

107 3007 417 3077 συζυγίαν,
452 3010 700 3084 ἀνάγκην
734 3015 930 3084 ἐπάγει
967 3015 1062 3069 τοῦ
1093 3018 1171 3090 μὴ
1215 3021 1532 3096 ρᾳθυμῆσαι
1577 3028 1706 3097 περὶ

103 3097 168 3150 τὺ
199 3097 534 3170 πρόσταγμα
565 3101 654 3157 διὰ
685 3103 778 3156 τοῦ
826 3105 1044 3177 ὁρκίσαι
1091 3110 1274 3178 αὐτὸν,
1323 3115 1371 3167 εί
1425 3115 1526 3186 μὲν
1582 3119 1703 3173 ἐπι-

108 3189 314 3261 στέλλῃ
379 3193 627 3264 ποιήσειν
693 3195 762 3248 δι¹
796 3197 993 3264 αὑτὸν,
1047 3199 1146 3253 ὅσα
1194 3203 1322 3274 περὶ
1372 3204 1466 3258 τοῦ
1523 3191 1780 3274 παιδὸςθ

105 3275 458 3355 ἐδοκίμασεν.
519 3285 830 3357 Ὀρκίζεται
878 3289 1060 3345 τοίνυν
1114 3293 1218 3346 ὑπὸ
1265 3294 1361 3349 τοῦ
1407 3297 1710 3372 Ἀϐραάμὸ

107 3373 394 3448 θεράπων,
459 3378 547 3432 ἵνα
587 3378 666 3451 τῷ
710 3380 898 3436 Ἰσαὰκ
941 3384 1040 3455 τὴν
1087 3385 1403 3458 πρέπουσαν
1448 3391 1709 3462 συζυγίαν

107 3467 453 3539 ἁρμόσηται,
491 3471 700 3542 Διπλῆς
729 3471 911 3529 τοίνυν
944 3475 1112 3546 οὔσης
1142 3478 1243 3548 τῆς
1267 3480 1410 3534 κατά
1429 3483 1520 3538 τὸν
1547 3485 1708 3556 ὅρκον

108 3559 416 3631 ἐνεργείας,
452 3561 751 3637 ὲνταῦθαή
806 3567 942 3641 πρὸς
995 3569 1246 3624 τοσοῦτον
1285 3571 1420 3643 ὕψος
1465 3577 1708 3650 ἀναδρα-

113 3651 295 3720 μοῦσα
330 3651 501 3724 eum,
529 3655 654 3710 ὅσον
683 3658 742 3711 ὲν
782 3662 897 3724 τοῖς
937 3660 1439 3733 προεξητασμένοις
1464 3665 1707 3740 ἐθεωρή-

111 3758 324 3812 σαμεν,
372 3747 495 3807 ταῖς
546 3745 1019 3820 μαθητευομέναις
1065 3749 1264 3822 ψυχαῖς
1313 3754 1412 3826 τὴν
1460 3757 1596 3828 πρὸς
1644 3757 1706 3811 τὸ

109 3833 318 3889 τέλειον
350 3836 574 3908 πρόοδον
601 3837 981 3912 ὑφηγουμένη,
1011 3842 1108 3913 οὐχ
1153 3836 1228 3898 ὧν
1268 3845 1406 3918 αῦτη
1436 3849 1705 3920 τετύχηκε

107 3928 342 3999 παρέχει
380 3931 501 3994 ταῖς
543 3931 872 3998 ἀκουούσαις
906 3933 993 3986 διὰ
1027 3934 1123 3987 τοῦ
1169 3936 1334 4008 ὅρκου
1375 3938 1438 3992 τὸ
1466 3940 1705 4013 ἀναμφίο

110 4016 268 4073 σολον
287 4035 301 4049 ’
332 4019 448 4073 ἀλλ’
494 4021 708 4086 ὲκείνας
735 4022 824 4077 διὰ
852 4023 946 4077 τοῦ
989 4026 1255 4097 ὁρκισμοῦ
1288 4028 1430 4101 πρὸς
1456 4029 1549 4084 τὸν
1579 4033 1702 4086 κατ’

110 4113 314 4186 ἀρετὴν
341 4117 674 4187 χειραγωγεῖ
701 4116 838 4188 βίον,
877 4119 1017 4190 μετὰ
1042 4122 1165 4175 τότε
1187 4122 1486 4194 ἀκοίμητόν
1515 4142 1576 4178 τε
1607 4129 1702 4181 καὶ

109 4204 478 4280 ἐγρηγορυῖαν
519 4207 619 4279 τὴν
655 4209 876 4282 ἀγάπην
921 4211 1086 4282 ἔχειν,
1134 4214 1240 4278 ἕως
1285 4216 1352 4268 ἂν
1397 4218 1477 4280 είς
1527 4217 1702 4290 πέρας

111 4292 253 4349 ἔλθοι
301 4295 364 4348 τὸ
396 4296 602 4365 ἀγαθὸν
648 4298 814 4353 αὑτοῦ
863 4300 1096 4373 θέλημα.
1146 4301 1317 4356 Τοῦτο
1369 4303 1428 4358 δέ
1476 4306 1592 4359 ἐστι
1638 4305 1701 4359 τὸ

111 4387 318 4453 πάντας
350 4388 612 4459 σωθῆναι,
644 4391 738 4445 καὶ
767 4393 847 4456 εἰς
871 4393 1165 4463 ἐπίγνωσιν
1194 4393 1454 4467 ἀληθείας
1499 4397 1692 4452 ἐλθεῖν.

120 4477 177 4532 Ὁ
219 4477 280 4531 δὲ
312 4479 577 4550 ὀρκισμὸς
609 4479 798 4554 ὥσπερ
843 4483 962 4536 ἐκεῖ
1006 4483 1066 4536 ἐν
1105 4483 1186 4554 τῷ
1239 4485 1401 4556 μηρῷ
1453 4485 1547 4540 τοῦ
1583 4505 1692 4542 πα-

109 4570 369 4643 τριάρχου
399 4570 634 4640 ἐγένετο,
662 4573 834 4636 οὕτως
860 4574 1096 4629 ἐνταῦθα
1122 4577 1180 4629 ὲν
1219 4577 1483 4649 δυνάμεσι
1512 4579 1607 4632 καὶ
1635 4580 1693 4640 έν

113 4659 355 4731 ίσχύσεσι
382 4660 474 4714 τοῦ
501 4661 672 4734 ἀγροῦ
696 4704 710 4729 ,
735 4663 907 4728 οὕτως
935 4665 1180 4730 εἰπόντος
1204 4667 1296 4722 τοὺ
1329 4668 1488 4738 λόγου
1517 4684 1534 4699 ο
1562 4670 1695 4738 Ὥρ-

112 4766 252 4807 mea
281 4752 460 4824 ὑμᾶς,
485 4754 808 4824 θυγατέρες
842 4746 1262 4830 Ἰερουσαλὴμ,
1287 4760 1359 4815 ἐν
1374 4759 1691 4832 δυνάμεσι,

111 4844 206 4898 καὶ
253 4845 325 4899 ἐν
371 4848 660 4916 ίσχύσεσι
695 4847 804 4903 τοῦ
847 4849 1056 4919 ἀπροῦ,
1107 4851 1218 4906 ἐὰν
1267 4852 1532 4924 ἐγείρητε
1593 4854 1693 4909 καὶ

109 4935 440 5007 ἐξεγείρητε
472 4937 588 5007 τὴν
616 4939 858 5008 ἀγάπην
889 4939 1000 5008 ἕως
1047 4937 1120 4998 οὗ
1166 4941 1420 5015 θελήσῃ.
1475 4945 1694 5018 Θεωρη-

109 5028 224 5082 τέον
268 5030 448 5084 τοίνυν
488 5031 549 5084 ὲν
592 5031 825 5100 τούτοις,
878 5035 1093 5104 πρῶτον
1142 5035 1242 5107 μὲν
1282 5036 1368 5100 τίς
1409 5039 1440 5091 6
1487 5037 1691 5111 ἀγρός⁶

109 5209 365 5284 διαφορὰν
411 5213 523 5284 ἔχει
563 5215 735 5268 ταῦτα
761 5216 899 5288 πρὸς
933 5217 1158 5289 ἄλληλα,

114 5317 216 5372 ρων
248 5305 366 5358 ἐστὶ
391 5304 453 5358 τὸ
487 5305 884 5377 σημαινόμενον
904 5324 918 5338 ·
949 5309 1087 5381 πρὸς
1116 5309 1347 5378 τούτοις,
1373 5313 1426 5366 τί
1451 5313 1512 5366 τὺ
1552 5314 1692 5382 ἐγεί-

113 5394 317 5462 ρεσθαι,
358 5397 452 5450 καὶ
473 5397 528 5451 τί
559 5397 620 5451 τδ
649 5398 1020 5471 ἐξεγείρεσθαι
1044 5401 1143 5474 τὴν
1169 5403 1410 5476 ἀγάπην.
1441 5405 1515 5458 Τὸ
1539 5405 1650 5477 γὰρ
1668 5446 1685 5472 ,

113 5483 254 5553 Ἕως
301 5482 375 5544 οὗ
420 5487 688 5560 θελήσῃ,
738 5491 828 5545 διὰ
874 5491 984 5547 τῶν
1031 5496 1339 5567 εἰρημένων
1382 5497 1687 5570 προαπώἑ-

109 5575 276 5633 δοται.

178 5761 396 5819 “Prov.
435 5782 518 5832 ιιι,
563 5767 647 5823 16.
738 5768 825 5824 "l
855 5766 1092 5828 Timoth.
1139 5771 1277 5838 11,4.
1368 5772 1575 5832 "Psal.
1607 5789 1793 5843 cxxxt,
1854 5775 1938 5830 ll.

1127 325 1194 382 IN
1240 328 1546 390 CANTICA
1567 333 1842 392 CANTIC.
1885 337 2168 398 HOMILIA
2206 343 2293 400 Ν.

3322 369 3427 425 83$

130 437 242 506 τῆς
294 434 473 509 βολῆς,
522 437 617 492 καὶ
665 442 788 504 ταῖς
839 443 1000 515 χερσί¹
1055 445 1151 500 τοῦ
1194 449 1466 506 Δεσπότω
1500 471 1698 511 συνανα

1837 460 2226 531 Proverbium,
2280 484 2478 541 nempe
2510 474 2659 543 quod
2695 474 2988 548 longitudo
3039 485 3163 537 vitae
3208 493 3262 538 ct
3297 491 3423 543 anni

1841 555 1965 611 vita:
1999 567 2132 613 sunt
2154 559 2382 617 dextera
2404 566 2688 634 sapientiae
2718 587 2730 622 :
2767 570 2824 624 in
2843 571 2965 641 ejus
2989 583 3175 630 autem
3195 577 3422 634 sinistra

1840 647 2045 706 divitiae
2074 659 2129 708 et
2153 653 2330 725 gloria
2349 656 2415 708 ³⁸.

1909 933 2118 993 Deinde
2171 939 2448 995 convertit
2491 941 2800 1000 orationem
2852 945 2923 1001 ad
2984 946 3126 1005 ﬁlias
3169 965 3421 1021 supernae

1834 1019 2164 1083 Jerusalem.
2218 1027 2316 1084 Est
2351 1039 2536 1086 autem
2576 1034 2757 1088 oratio
2787 1034 3102 1094 adhortatio
3159 1019 3281 1111 quae
3321 1045 3420 1098 ad-
3463 1104 3465 1106 ,

1835 1117 2057 1173 hibetur
2111 1135 2234 1174 cum
2274 1121 2645 1192 adjuratione,
2695 1134 2755 1180 ut
2788 1127 3190 1198 multiplicetur
3226 1141 3283 1188 et
3319 1150 3419 1189 au-
3519 1193 3522 1196 ,

1835 1220 2027 1282 geatur
2049 1228 2270 1284 semper
2298 1216 2564 1279 charitas,
2619 1217 2795 1274 donec
2827 1221 2894 1275 ad
2943 1222 3200 1278 eﬁ‘eetum
3254 1240 3414 1281 suam

1833 1303 2124 1360 deduxerit
2161 1308 2526 1374 voluntatem,
2547 1311 2641 1380 qui
2673 1313 2790 1367 vult
2819 1328 3012 1371 omnes
3032 1316 3282 1373 homines
3300 1321 3415 1373 sal-
3452 1390 3456 1393 ι

1833 1411 1933 1452 vos
1983 1397 2123 1463 ﬁeri,
2181 1406 2239 1454 et
2284 1400 2352 1456 ad
2409 1401 2748 1471 agnitionem
2803 1409 2999 1462 venire
3073 1409 3410 1466 veritatis".

1832 1485 1960 1542 Hinc
1995 1497 2126 1543 sunt
2169 1497 2351 1546 autem
2399 1492 2523 1562 ejus
2561 1495 2730 1550 verba
2767 1514 2781 1550 :
2821 1496 3085 1566 Adjuravi
3128 1517 3241 1564 vos,
3285 1502 3413 1570 ﬁlia:

1830 1577 2165 1648 Jerusalem,
2213 1584 2272 1636 in
2325 1586 2681 1652 potestatibus
2737 1599 2787 1643 et
2843 1591 3128 1646 virtutibus
3193 1595 3331 1662 agri,
3364 1596 3414 1648 si

1828 1673 2065 1727 excitetis
2101 1683 2152 1728 et
2190 1677 2486 1745 expergisci
2521 1677 2736 1746 faciatis
2763 1679 3098 1736 charitatem.
3127 1679 3415 1752 Jusjuran-

1829 1763 1960 1818 dum
1995 1772 2080 1820 est
2121 1767 2302 1821 oratio
2332 1783 2430 1838 per
2474 1784 2536 1824 se
2573 1771 2914 1828 conﬁrmans
2949 1774 3258 1830 veritatem.
3311 1774 3412 1830 Est

965 1824 1107 1878 κατὰ
1132 1825 1224 1879 τὸν
1258 1828 1422 1900 ὅρκον
1451 1829 1698 1902 ἐνέργεια

1831 1863 2018 1911 autem
2045 1856 2254 1927 duplex
2283 1824 2585 1929 juramenti
2619 1864 2910 1932 operatio;
2945 1875 3041 1920 aut
3077 1867 3224 1922 enim
3255 1867 3411 1937 quis-

1828 1949 1974 2019 piam
1997 1949 2047 2004 ei
2078 1951 2173 2021 qui
2215 1953 2368 2007 audit
2396 1952 2579 2009 ﬁrmat
2619 1955 2779 2010 ﬁdem
2809 1959 3079 2023 veritatis,
3131 1969 3228 2013 aut
3266 1959 3410 2015 alius

1825 2057 1924 2114 per
1965 2042 2344 2112 juramentum
2390 2045 2549 2102 aﬁ'ert
2604 2049 2995 2105 necessitatem
3067 2058 3126 2104 ut
3180 2051 3409 2106 minime

1824 2135 2149 2200 mentiatur,
2193 2146 2252 2191 ut
2290 2156 2303 2194 :
2335 2137 2549 2193 Iuravit
2597 2139 2860 2196 Dominus
2901 2141 3072 2196 David
3107 2144 3406 2206 veritatem,

1822 2235 1872 2281 et
1898 2243 2001 2282 non
2021 2228 2374 2296 frustrabitur
2399 2248 2516 2285 eam
2541 2230 2622 2287 ‘3:
2651 2233 2740 2287 hic
2763 2232 2896 2288 ﬁdes
2918 2235 3173 2304 promissi
3202 2236 3410 2289 conﬁr-

1821 2327 2004 2373 matur
2043 2320 2430 2392 jurejurando.
2464 2323 2698 2390 Quando
2730 2333 2914 2381 autem
2967 2341 3158 2381 curam
3205 2343 3406 2398 gerens

1819 2409 2098 2465 Abraham
2127 2413 2332 2469 nobilis
2385 2415 2629 2486 conjugii
2678 2415 2754 2470 ﬁli
2801 2417 2886 2472 sui
2937 2418 3109 2483 unici,
3168 2419 3405 2488 imperat

1819 2517 1981 2558 servo
2007 2519 2110 2560 suo
2132 2521 2202 2561 ne
2227 2507 2464 2577 aliquam
2494 2508 2649 2576 exiis
2667 2509 2760 2578 qui
2789 2517 2920 2564 sunt
2941 2526 3007 2564 ex
3026 2525 3228 2581 genere
3251 2510 3398 2564 Cha-

1817 2611 2003 2660 naam,
2035 2597 2129 2667 qui
2157 2597 2404 2654 damnati
2451 2607 2582 2654 sunt
2616 2601 2684 2654 ad
2719 2601 3065 2668 servitutem,
3102 2601 3403 2672 conjungat

1816 2691 2170 2746 matrimonio
2193 2707 2320 2748 cum
2361 2694 2474 2749 ﬁlio
2502 2694 2677 2761 Isaac,
2705 2711 2776 2752 ne
2807 2698 3184 2753 successionis
3229 2712 3402 2765 gene-

1814 2782 1895 2837 ris
1912 2783 2176 2839 nobilitas
2205 2795 2599 2857 corrumpatur
2624 2788 2885 2844 mistione
2897 2790 3119 2845 servilis
3137 2791 3358 2859 generis
3382 2803 3400 2842 :

1815 2873 1913 2931 sed
1950 2889 2016 2930 ex
2040 2876 2221 2946 patria
2251 2892 2352 2932 sua
2386 2885 2530 2933 terra
2557 2881 2961 2950 etcognatione
2982 2880 3095 2936 ﬁlio
3115 2897 3218 2936 suo
3245 2885 3397 2936 acci-

1813 2965 1930 3036 piat
1946 2967 2238 3039 conjugem
2259 2969 2329 3031 ",
2352 2969 2513 3026 aﬁert
2531 2972 2936 3040 necessitatem,
2962 2990 3030 3030 ne
3056 2976 3108 3029 in
3125 2973 3285 3042 jussu
3307 2989 3400 3028 ex-

1814 3061 2096 3130 sequendo
2125 3061 2198 3116 sit
2229 3062 2534 3134 negligens,
2565 3072 2859 3135 propterea
2883 3067 3037 3136 quod
3073 3083 3196 3121 eum
3234 3071 3396 3140 adju-

1813 3150 2038 3215 raverit,
2077 3152 2122 3206 si
2159 3166 2285 3206 eum
2321 3155 2524 3220 mittat,
2571 3163 2798 3226 propter
2827 3157 3013 3226 ipsum
3044 3173 3170 3214 esse
3217 3158 3398 3215 factu-

1817 3256 1938 3297 rum
1970 3257 2094 3313 quae
2121 3245 2336 3299 censuit
2374 3245 2446 3300 de
2479 3245 2614 3301 ﬁlio.
2669 3246 2979 3317 Adjuratur
2999 3263 3132 3320 ergo
3159 3251 3398 3308 famulus

1816 3333 1888 3388 ab
1921 3333 2257 3400 Abrahamo,
2284 3344 2344 3390 ut
2373 3334 2548 3402 Isaac,
2596 3353 2761 3408 quam
2811 3355 2911 3410 par
2955 3349 3062 3406 est,
3101 3346 3394 3413 conjugem

1815 3426 2073 3495 accipiat.
2105 3425 2249 3496 Ergo
2276 3442 2401 3482 cum
2419 3427 2788 3500 jurisjurandi
2807 3413 3014 3501 duplex.
3031 3434 3103 3488 sit
3120 3437 3392 3503 operatio,

1814 3518 1904 3571 hic
1959 3516 2143 3570 anima
2191 3516 2259 3571 ad
2312 3524 2522 3572 tantam
2575 3519 2960 3574 conscendens
3018 3517 3437 3586 altitudinem,’

1813 3615 2076 3683 quantam
2129 3609 2488 3679 contemplati
2539 3625 2734 3665 sumus
2790 3611 2846 3664 in
2898 3611 2965 3666 iis
2998 3627 3119 3682 quae
3169 3612 3394 3667 fuerunt

1812 3701 1968 3772 prius
1996 3701 2331 3767 examinata,
2364 3701 2806 3773 animabus'quae
2837 3703 3062 3758 discunt
3104 3719 3390 3775 exponens

1811 3805 2164 3862 progressum
2194 3789 2264 3845 ad
2312 3790 2366 3845 id
2401 3791 2547 3860 quod
2581 3798 2666 3847 est
2713 3790 3040 3861 perfectum,
3105 3809 3213 3847 non
3251 3810 3394 3863 prae-

1809 3881 1902 3936 bet
1938 3881 2292 3937 audientibus
2330 3896 2428 3951 per
2463 3881 2866 3951 juramentum,
2916 3894 2976 3937 ut
3010 3884 3122 3939 sint
3165 3897 3393 3940 remotas

1810 3973 1881 4027 ab
1909 3973 2058 4026 omni
2085 3971 2436 4027 dubitatione
2461 3972 2529 4026 de
2564 3973 2633 4029 iis
2662 3989 2784 4044 quas
2812 3975 2932 4045 ipsa
2963 3986 3047 4030 est
3073 3984 3333 4031 assecuta
3372 4000 3384 4033 :

1809 4061 1907 4118 sed
1935 4071 1990 4118 et
2017 4063 2140 4118 illas
2167 4061 2392 4118 deducit
2419 4063 2487 4118 ad
2525 4064 2695 4119 vitam
2731 4081 2797 4121 ex
2842 4066 3048 4121 virtute
3082 4066 3388 4139 degendam

1807 4167 1908 4223 per
1935 4151 2360 4222 adjurationem,
2393 4160 2466 4214 et,
2491 4160 2550 4207 ut
2596 4169 2844 4224 eousque
2897 4155 3194 4226 insopitam
3223 4167 3281 4212 et
3310 4159 3389 4212 vi-

1806 4243 2067 4315 gilantem
2096 4243 2294 4297 habeat
2321 4243 2675 4308 charitatem.
2709 4243 2888 4300 donec
2925 4245 2994 4300 ad
3027 4245 3189 4301 ﬁnem
3218 4263 3387 4302 vene-

1805 4337 1878 4389 rit
1911 4335 2054 4390 bona
2081 4333 2202 4404 ejus
2224 4335 2505 4389 voluntas.
2529 4332 2605 4388 Ea
2631 4344 2816 4389 autem
2841 4344 2956 4400 est,
2979 4343 3037 4390 ut
3067 4351 3264 4391 omnes
3287 4337 3389 4391 bo-

1804 4427 1982 4482 mines
1999 4426 2140 4482 salvi
2165 4425 2320 4490 ﬁant,
2360 4433 2417 4480 et
2473 4424 2543 4480 ad
2586 4426 2930 4496 agnitionem
2975 4427 3204 4482 veniant
3244 4429 3388 4484 veri-
3459 4480 3470 4491 _

1731 4550 1772 4604 D
1804 4520 1952 4575 tatis.
1979 4518 2266 4589 Adjuratio
2294 4526 2475 4573 autem
2514 4518 2655 4573 sicut
2679 4519 2792 4573 illic
2815 4520 2955 4574 facta
2977 4527 3060 4574 est
3090 4521 3146 4575 in
3179 4519 3386 4576 femore

1802 4611 2154 4682 patriarchae,
2206 4611 2283 4664 ita
2329 4611 2418 4666 hic
2468 4612 2524 4665 in
2573 4613 2943 4682 potestatibus
2983 4620 3038 4668 et
3084 4614 3384 4670 virtutibus

1802 4704 1954 4775 agri,
1993 4703 2163 4759 verbo
2191 4704 2274 4759 sic
2311 4702 2533 4759 dicente
2564 4723 2578 4758 :
2611 4704 2872 4773 Adjuravi
2900 4722 3011 4770 vos,
3056 4706 3186 4775 ﬁlia:
3223 4705 3384 4761 Jeru-

1799 4795 1986 4860 salem,
2021 4796 2080 4849 in
2115 4794 2468 4863 potestatibus
2497 4803 2548 4850 et
2568 4795 2850 4851 virtutibus
2885 4798 3026 4866 agri,
3069 4799 3118 4851 si
3143 4798 3380 4852 excitetis

1799 4895 1849 4940 et
1879 4887 2176 4958 expergisci
2204 4885 2423 4955 faciatis
2457 4887 2799 4954 charitatem,
2818 4889 2981 4942 donec
3012 4890 3157 4943 velit.
3192 4889 3250 4943 ln
3292 4889 3379 4945 his

1799 4978 2041 5049 primum
2075 4979 2549 5034 considerandum
2583 4987 2668 5036 est
2702 4980 2829 5050 quis
2859 4981 2932 5034 sit
2962 4995 3093 5051 ager
3129 4999 3143 5036 :
3179 4979 3379 5036 deinde

1795 5085 1918 5141 qua:
1949 5071 2020 5126 sit
2054 5069 2232 5127 virtus
2267 5082 2324 5127 et
2347 5081 2592 5143 potestas
2623 5076 2833 5144 agri,et
2868 5087 2937 5126 an
2973 5075 3089 5128 haec
3136 5073 3279 5130 inter
3317 5091 3379 5131 se

111 5117 299 5175 ἔπειτα
326 5121 412 5185 τίς
458 5122 491 5193 ἡ
523 5121 680 5193 ἰσχὺς
708 5122 804 5177 τοῦ
834 5124 1007 5198 ἀγροῦ
1047 5127 1142 5181 καὶ
1169 5129 1202 5200 ή
1233 5128 1484 5200 δύναμις,
1519 5130 1615 5183 καὶ
1643 5131 1693 5184 εί

1817 5117 2073 5227 liﬁ‘erant,
2138 5172 2234 5217 aut

2276 5164 2324 5218 si
2403 5180 2576 5220 unum
2631 5164 2920 5235 utriusque
2983 5165 3375 5235 signiﬁcatum.

1191 5219 1225 5292 ἢ
1263 5219 1322 5275 ἒν
1347 5220 1414 5274 δι’
1446 5221 1690 5293 ἀμφοτέ-

1817 5252 2064 5310 ’r:eterea
2105 5255 2237 5325 quid
2271 5255 2346 5312 sit
2377 5257 2654 5321 excitare,
2701 5265 2754 5312 et
2783 5219 2917 5327 qnid
2948 5219 3258 5328 expergisci
3298 5257 3378 5311 fa-

1792 5362 1919 5404 cere
1940 5347 2284 5403 charitatem.
2344 5348 2483 5403 Illud
2534 5350 2679 5405 enim
2720 5371 2733 5405 :
2780 5349 2957 5405 Donec
3021 5351 3166 5417 velit,
3220 5353 3376 5422 prius

1793 5437 1900 5494 iuit
1925 5439 2244 5511 explicitum
2277 5453 2375 5509 per
2416 5455 2482 5494 ea
2532 5456 2655 5512 qua:
2683 5442 2831 5498 dicta
2863 5449 3012 5499 sunt.

2038 5775 2081 5807 °’
2111 5774 2247 5831 Gen.
2279 5789 2425 5842 χειν,
2452 5774 2486 5828 9.
2517 5791 2636 5845 sqq.
