3854 6216
233 301 346 360 357

1296 303 1364 359 IN
1399 304 1700 364 CANTICA
1747 307 2020 364 CANTIC.
2059 306 2344 364 IIOMILIA
2387 306 2452 363 ν.

3393 304 3500 362 858

238 411 584 488 μιμουμένην
616 410 706 467 διὰ
733 414 834 486 τῆς
865 413 1134 480 ἀπαθείας
1173 414 1270 488 τὴν
1310 419 1606 491 ἀγγελικὴν
1649 420 1820 475 καθα-

1930 419 2230 476 Libilitatem
2283 420 2452 475 vitam
2508 417 2732 475 imitans
2786 417 3113 490 angelicam.
3197 417 3291 476 Sic
3351 423 3500 477 enim

238 507 464 578 ρότητα.
519 505 678 560 Οὕτω
729 507 840 580 γὰρ
892 509 1246 582 ἐγειρομένης
1300 511 1403 582 τῆς
1455 512 1676 583 ἀγάπης
1723 515 1818 568 καὶ

235 597 674 670 ἐξεγειρομένης,
705 599 842 671 ὅπερ
872 601 1019 654 ἐστὶν
1051 601 1364 674 ὑψουμένης
1390 620 1452 656 τε
1484 603 1580 657 καὶ¹
1617 604 1704 658 ἀεὶ¹
1731 605 1820 659 διά

238 690 560 761 προσθήκης
599 689 737 762 πρὸς
772 691 836 744 τὸ
877 691 1059 763 μεῖζον
1090 693 1487 768 ἐπαυξομένης.
1517 697 1578 750 τὸ
1615 697 1821 766 ἀγαθὸν

235 777 363 834 εἷπε
392 781 606 853 θέλημα
635 783 729 838 τοῦ
767 783 904 838 Θεοῦ
928 785 1264 842 τελειοῦσθαι
1294 789 1370 852 ὡς
1402 791 1460 842 ἐν
1486 790 1698 864 οὐρανῷ
1724 791 1820 845 καὶ

236 875 335 927 ἐπὶ
364 875 484 945 γῆς,
520 875 620 946 τῆς
667 877 970 949 ἀγγελικῆς
999 879 1268 945 ἀπαθείας
1303 881 1396 936 καὶ
1441 884 1500 936 ἐν
1547 885 1681 955 ἡμῖν
1721 902 1822 938 κα-

236 965 632 1037 τορθουμένης.
665 965 851 1021 Ταῦτα
894 971 1301 1044 κατενοήσαμεν
1326 975 1408 1038 είς
1447 974 1530 1038 τὸ,
1569 976 1822 1044 Ὤρκισα

236 1055 418 1125 ὑμᾶς,
439 1059 757 1129 θυγατέρες
802 1061 1218 1132 Ἰερουσαλὴμ,
1266 1065 1336 1120 ἐν
1363 1065 1676 1136 δυνάμεσι,
1719 1070 1819 1124 καὶ

234 1148 315 1202 ἐν
342 1150 627 1218 ίσχύσεσι
660 1152 768 1207 τοῦ
793 1153 981 1224 ἀγροῦ
999 1172 1014 1186 ο
1043 1156 1153 1210 ἐὰν
1184 1158 1448 1228 ὲγείρητε
1476 1161 1575 1214 καὶ
1606 1161 1822 1232 ἐξετεί-

224 1257 384 1308 ρητε
413 1240 528 1308 τὴν
568 1241 830 1312 ἀγάπην,
855 1245 968 1311 ἕως
1014 1244 1087 1304 οὗ
1122 1251 1377 1320 θελήσῃ.
1414 1252 1476 1305 El
1519 1252 1578 1307 δέ
1613 1271 1700 1319 τις
1728 1257 1822 1309 εὑ-

239 1329 425 1402 ρεθείη
452 1330 608 1400 λόγος
633 1333 819 1406 ἐτερος
858 1335 1060 1406 μᾶλλον
1089 1341 1464 1411 προσεγγίζων
1495 1344 1560 1414 τῇ
1593 1343 1824 1416 ἀληθεία

233 1419 351 1472 τῶν
373 1418 738 1491 ζητουμένων,
763 1423 1025 1495 δεξόμεθα
1049 1427 1148 1498 τὴν
1168 1428 1348 1500 χάριν,
1375 1430 1471 1484 καὶ
1502 1431 1822 1504 εὐχαριστή-

235 1526 409 1581 σομεν
441 1511 520 1582 τῷ
555 1513 996 1570 ἀποκαλύπτοντι
1037 1517 1107 1572 τά
1149 1523 1508 1592 κεκρυμμένα
1550 1525 1824 1597 μυστήρια

230 1599 332 1653 διὰ
378 1601 472 1654 τοῦ
532 1601 690 1671 ἀγίου
737 1605 1074 1676 Πνεύματος,
1124 1610 1183 1661 ἐν
1233 1610 1456 1682 Χριστῷ
1520 1613 1694 1684 Ἰησοῦ
1745 1615 1824 1687 τῷ

234 1693 434 1764 Κυρίῳ
461 1694 637 1764 ἡμῶν,
665 1689 709 1764 ᾦ
739 1698 939 1769 πρέπει
979 1700 1013 1770 ἡ
1059 1699 1187 1768 δόξα
1214 1703 1296 1764 εἰς
1323 1705 1449 1769 τοὺς
1479 1705 1682 1772 αἰῶνας
1713 1707 1824 1763 τῶν

235 1781 474 1839 αἰώνων.
519 1785 712 1858 Ἀμήν.

854 1878 1101 1936 ΟΜΙΛΙΑ
1132 1883 1209 1938 E'.

314 1967 489 2034 Φωνὴ
515 1966 845 2038 ἀδελφιδοῦ
875 1989 1018 2042 μου.
1051 1973 1201 2028 Ἰδοὺ
1239 1971 1419 2044 οὗτος
1445 1978 1579 2048 ἣκει
1613 1981 1824 2051 πηδῶν

227 2054 341 2108 ἐπὶ
384 2056 458 2110 τά
493 2058 620 2126 ὄρη,
659 2059 1058 2132 διαλλόμενος
1088 2065 1186 2120 ἐπὶ
1230 2067 1372 2135 τοὺς
1391 2070 1681 2138 βουνούς.
1715 2073 1821 2128 Ὀ-

223 2147 410 2215 μοιός
435 2147 608 2202 ἐστιν
637 2149 963 2221 ἀδελφιδός
1002 2173 1122 2224 μου
1162 2154 1237 2226 τῇ
1269 2156 1531 2227 δορκάδι,
1563 2161 1603 2231 ἢ
1635 2161 1824 2232 νεϐρῷ

230 2237 486 2308 ἐλάφων
513 2241 612 2294 ἐπὶ
637 2243 712 2297 τὰ
755 2243 864 2313 ὅρη
903 2245 1149 2314 Βαιθήλ.
1200 2248 1356 2304 Ἰδοὺ
1406 2247 1586 2318 οὗτος
1630 2253 1824 2308 ὀπίσω

233 2330 349 2384 τοῦ
377 2332 583 2402 τοίχου
620 2333 810 2403 ἡμῶν,
838 2339 1244 2406 παρακύπτων
1270 2340 1369 2396 διὰ
1394 2341 1512 2397 τῶν
1546 2344 1820 2413 θυρίδων,

226 2422 552 2478 ἑκκύπτων
575 2425 674 2480 διὰ
707 2425 829 2481 τῶν
869 2429 1146 2487 δικτύων.
1207 2434 1612 2505 Ἀποκρίνεται
1645 2438 1822 2494 ἀδελ-

227 2515 415 2585 φιδός
447 2534 585 2586 μου,
614 2518 713 2572 καί
737 2519 899 2590 λέγει
912 2540 1015 2591 μοι
1035 2538 1049 2552 '
1103 2525 1383 2592 Ἀνάστα,
1406 2528 1566 2593 ἐλθὲ,
1599 2531 1638 2598 ἠ
1665 2534 1822 2600 πλη-

229 2607 382 2660 σίον
403 2625 544 2675 μου,
578 2610 736 2679 καλή
771 2629 912 2680 μου,
955 2615 1276 2685 περιστερά
1298 2635 1440 2687 μου.
1474 2621 1602 2675 Ὅτι
1633 2622 1764 2677 ἰδοὺ
1790 2627 1824 2679 ό

231 2698 463 2767 χειμὼν
509 2700 842 2770 παρῆλθεν,
891 2707 926 2759 ὁ
977 2706 1153 2774 ὑετὸς
1186 2708 1479 2779 ἀπῆλθεν,
1528 2713 1822 2786 ἐπορεύθη

229 2787 452 2854 ἐαυτῷ.
475 2791 552 2846 Τὰ
573 2791 725 2862 ἄνθη
753 2794 919 2864 ὤφθη
948 2796 1017 2850 ἐν
1045 2797 1120 2867 τῇ
1140 2797 1239 2868 γῇ,
1274 2805 1480 2871 καιρὸς
1501 2804 1613 2874 τῆς
1634 2806 1823 2876 τομῆς

231 2876 482 2945 ἔφθακε,
519 2881 690 2950 φωνὴ
728 2883 842 2952 τῆς
885 2889 1176 2956 τρυγόνος
1216 2890 1490 2963 ἠκούσθη
1533 2895 1605 2949 ἐν
1641 2897 1719 2968 τῇ
1744 2898 1824 2968 γῇ

231 2967 429 3038 ἡμῶν.
485 2970 554 3026 Ἡ
580 2973 744 3042 συκῆ
788 2976 1119 3046 ἐξήνεγκεν
1159 2982 1460 3052 ὀλύνθους
1486 2987 1678 3058 αὐτῆς
1701 3006 1716 3021 ·
1752 2967 1824 3045 Sal

229 3059 497 3128 ἄμπελοι
526 3066 938 3138 κυπρίζουσιν,
986 3071 1222 3129 ἔδωκαν
1262 3077 1482 3147 ὀσμήν.
1547 3081 1820 3150 Ἀνάστα,

1917 513 2154 568 excitata
2197 520 2254 568 et
2297 520 2617 581 experrecta
2665 512 2956 573 charitate,
2989 512 3046 568 id
3093 520 3199 581 est,
3233 514 3292 568 in
3329 514 3502 569 altum

1919 605 2156 669 sublata,
2211 614 2265 661 et
2318 620 2535 675 semper
2576 620 2676 675 per
2725 604 3062 661 additionem
3119 606 3187 660 ad
3234 606 3503 676 majorem

1919 709 2080 753 aucta
2124 697 2569 768 amplitudinem,
2607 697 2807 752 bonam
2852 697 2946 752 Dei
2980 697 3122 752 dixit
3159 698 3502 753 voluntatem

1919 789 2128 861 perlici,
2182 790 2330 845 sicut
2376 790 2432 844 in
2485 789 2628 844 cmlo
2663 797 2718 845 et
2754 787 2810 844 in
2855 799 3023 854 terra,
3079 805 3205 845 cum
3256 792 3501 862 angelica

1920 882 2305 952 impatibilitas
2332 882 2387 936 in
2417 882 2580 936 nobis
2620 895 2842 952 quoque
2867 881 3112 952 perlecta
3145 881 3333 937 fuerit.
3375 883 3504 938 Haec

1918 974 2352 1046 excogitavimus
2389 973 2444 1028 in
2484 973 2650 1028 illud:
2684 973 2944 1042 Adjuravi
2983 990 3098 1038 vos,
3129 974 3261 1044 ﬁlia:
3280 973 3505 1029 Jerusa-

1921 1069 2043 1131 lem,
2083 1066 2139 1120 in
2176 1065 2548 1133 potestatibus,
2592 1075 2640 1120 et
2671 1065 2952 1120 virtutibus
2987 1065 3124 1136 agri,
3171 1067 3218 1120 si
3265 1069 3503 1121 excitetis

1920 1167 1969 1213 et
2013 1160 2307 1228 expergisci
2344 1158 2564 1228 faciatis
2608 1158 2948 1225 charitatem,
2970 1157 3135 1212 donec
3165 1159 3308 1213 uelit.
3348 1159 3505 1226 Quod

1923 1253 1970 1308 si
1996 1252 2181 1322 aliqua
2217 1251 2326 1305 alia
2369 1250 2686 1306 inveniatur
2714 1250 3008 1316 sententia,
3044 1265 3168 1321 qua:
3197 1253 3374 1323 magis
3412 1269 3509 1308 ac-

1923 1341 2082 1400 cedat
2113 1344 2179 1399 ad
2212 1343 2498 1400 veritatem
2528 1358 2720 1400 eorum
2749 1359 2872 1414 qua:
2898 1352 3245 1415 quaeruntur,
3279 1356 3507 1417 accepta

1921 1436 2029 1489 erit
2071 1436 2268 1507 gratia,
2308 1442 2364 1490 et
2396 1435 2604 1507 gratias
2655 1449 2882 1506 agemus
2916 1436 2965 1490 ei
3015 1436 3110 1506 qui
3153 1437 3364 1492 revelat
3405 1452 3504 1492 oc-

1923 1528 2072 1582 culta
2101 1527 2365 1598 mysteria
2413 1543 2511 1597 per
2538 1534 2794 1582 sanctum
2846 1525 3136 1596 Spiritum,
3184 1526 3240 1581 in
3276 1526 3508 1583 Christo

1921 1619 2075 1684 Jesu,
2132 1635 2298 1692 quem
2348 1620 2507 1677 decet
2561 1620 2735 1692 gloria
2779 1620 2839 1676 in
2896 1620 3099 1677 saecula
3152 1620 3505 1678 saeculorum.

1925 1712 2123 1767 Amen.

2518 1885 2805 1944 HOMILIA
2842 1886 2913 1944 Υ.

1995 1979 2127 2035 CAP.
2163 1996 2233 2046 ll,
2267 1981 2323 2051 ᾗ.
2359 1979 2412 2036 8.
2453 1978 2571 2034 Vox
2605 1979 2865 2049 patruelis
2905 1979 3029 2034 mei.
3072 1977 3210 2034 Ecce
3242 1979 3328 2034 hic
3368 1982 3508 2035 venit

1925 2072 2132 2127 saltans
2151 2087 2316 2141 supra
2335 2081 2558 2138 montes,
2584 2083 2635 2128 et
2663 2088 2757 2142 per
2786 2070 2947 2126 colles
2976 2073 3307 2126 transiliens.
3335 2073 3389 2128 9.
3419 2072 3510 2128 Si-

1924 2164 2068 2218 milis
2101 2171 2180 2218 est
2210 2163 2466 2232 patruelis
2511 2180 2658 2219 meus
2691 2178 2918 2231 caprea,
2955 2171 3049 2216 aut
3087 2164 3306 2219 hinnulo
3333 2181 3510 2219 cerro-

1924 2273 2065 2322 rum,
2089 2272 2245 2326 super
2268 2265 2468 2310 montes
2503 2255 2725 2310 Bwthel.
2760 2254 2898 2310 Ecce
2941 2255 3023 2308 hic
3054 2265 3161 2310 stat
3190 2266 3308 2326 post
3331 2259 3510 2327 parie-

1928 2361 2030 2405 tem
2089 2366 2298 2415 meum,
2360 2349 2687 2419 prospiciens
2745 2365 2840 2418 per
2895 2348 3186 2418 fenestras,
3248 2366 3507 2420 apparens

1922 2457 2014 2512 per
2067 2441 2352 2496 cancellos.
2422 2440 2510 2495 10.
2559 2441 2856 2508 Respondet
2912 2443 3170 2511 patruelis
3197 2482 3211 2507 ,
3267 2451 3318 2496 et
3381 2441 3510 2496 dicit

1923 2537 2100 2590 mihi:
2143 2534 2344 2606 Surge,
2383 2535 2532 2599 veni,
2580 2534 2877 2604 propinqua
2902 2549 3018 2587 mea
3043 2572 3058 2597 ,
3097 2533 3321 2603 pulchra
3367 2552 3506 2600 mea,

1923 2625 2168 2680 columba
2217 2641 2352 2680 mea.
2407 2625 2497 2678 11.
2549 2623 2817 2690 Quoniam
2862 2637 2979 2677 ecce
3013 2624 3182 2678 hiems
3210 2626 3507 2693 pmteriit,

1924 2713 2092 2768 imber
2141 2713 2275 2767 abiit
2315 2721 2365 2767 et
2410 2728 2465 2766 se
2509 2711 2725 2779 recepit.
2779 2710 2866 2764 12.
2909 2708 3098 2765 Flores
3137 2711 3238 2766 visi
3286 2721 3410 2766 sunt
3454 2713 3510 2767 in

1926 2815 2089 2868 terra,
2119 2813 2320 2873 tempus
2343 2801 2635 2872 putationis
2658 2799 2888 2856 advenit.
2923 2799 3038 2854 Vox
3071 2802 3294 2856 turturis
3325 2802 3510 2856 audita

1922 2903 2001 2949 est
2055 2894 2112 2948 in
2165 2903 2309 2948 terra
2371 2901 2578 2945 nostra.
2647 2889 2734 2944 15.
2810 2885 2975 2942 Ficus
3035 2889 3258 2958 protulit
3300 2904 3509 2960 grossos

1923 3003 2068 3042 suos.
2116 2984 2257 3039 Vites
2298 2983 2513 3052 florent.
2545 2981 2802 3035 dederunt
2836 2979 3074 3036 odorem.
3123 2978 3325 3050 Surge,
3354 2983 3468 3036 veni
3490 3019 3506 3045 ,

1923 3080 2214 3148 propinqua
2271 3091 2421 3135 mea,
2466 3071 2691 3142 pulchra
2734 3089 2872 3126 mea.
2932 3072 3022 3129 14.
3054 3069 3314 3129 Columba
3353 3089 3510 3139 mea,

229 3152 403 3250 esse,
421 3155 479 3250 ἡ*
497 3159 768 3250 πλησίον
786 3178 929 3230 μου,
964 3165 1121 3232 καλή
1142 3169 1260 3236 μου
1276 3208 1291 3233 ,
1318 3174 1641 3242 περιστερά
1674 3193 1817 3245 μου.

1930 3172 1980 3225 in
2032 3169 2254 3240 tegmine
2295 3177 2459 3236 petrae
2503 3165 2670 3236 juxta
2735 3163 3206 3236 propugnaculum.
3285 3163 3514 3220 Ostende

247 3244 359 3300 Ἔν
368 3247 564 3337 σκέπῃ
585 3248 690 3318 τῆς
709 3252 950 3322 πέτρας,
977 3257 1238 3325 ἐχόμενα
1259 3261 1366 3317 τοῦ
1394 3244 1819 3337 προτειχίσμα-

233 3351 365 3401 τος,
404 3336 608 3404 δεῖξόν
638 3359 742 3410 μοι
771 3343 886 3411 τὴν
921 3345 1067 3414 ὄψιν
1092 3363 1230 3418 σου,
1253 3352 1352 3404 καί
1380 3336 1710 3410 ἀκούτισόν
1745 3375 1822 3427 με

233 3427 357 3496 τὴν
387 3430 598 3498 φωνήν
627 3446 765 3498 σου,
811 3434 901 3490 ὅτι
933 3437 973 3505 ἠ
1005 3439 1174 3509 φωνή
1215 3457 1334 3497 σου
1367 3443 1558 3512 ἡδεῖα,
1597 3449 1638 3516 ἠ
1682 3447 1824 3517 ὄψις

233 3535 361 3574 σου
415 3522 618 3591 ὡραία.
680 3525 944 3582 Πιάσατε
1002 3531 1148 3600 ἡμῖν
1197 3534 1513 3604 ἀλώπεκας
1568 3542 1824 3608 μικροὺς

232 3610 638 3704 ἀφανίζοντας
680 3616 1062 3687 ἀμπελῶνας.
1114 3622 1224 3677 Καὶ
1266 3627 1327 3678 αἱ
1365 3626 1621 3704 ἄμπελοι
1653 3630 1827 3701 ἡμῶν

235 3701 653 3769 κυπρίζουσαι.
719 3706 1068 3779 Ἀδελφιδός
1098 3730 1219 3781 μου
1261 3715 1413 3785 ἐμοὶ,
1451 3701 1616 3789 κάγὼ
1641 3720 1822 3787 αὐτῷ,

236 3795 274 3886 cl
304 3795 636 3863 ποιμαίνων
673 3799 746 3853 ἐν
771 3801 896 3867 τοῖς
938 3805 1184 3873 κρίνοις,
1229 3807 1340 3874 ἕως
1373 3805 1447 3866 οὗ
1484 3811 1824 3886 διαπνεύση

236 3883 436 3955 ἡμέρα
453 3926 469 3950 ,
512 3889 611 3943 καὶ
662 3893 995 3962 κινηθῶσιν
1041 3899 1104 3952 al
1151 3901 1340 3956 σκιαί.
1398 3883 1823 3976 Ἀπόστρεψον,

238 3977 556 4072 σμοιώθητι
579 3982 683 4047 σὺ,
701 3983 986 4056 ἀδελφιδέ
1013 4007 1154 4059 μου,
1178 3991 1260 4058 τῷ
1285 3993 1557 4066 δόρκωνι,
1579 3998 1618 4067 ἢ
1639 4001 1826 4072 νεϐρῷ

233 4068 488 4138 ἐλάφων
509 4072 608 4126 ἐπὶ
631 4074 737 4144 ὄρη
763 4079 1164 4149 κοιλωμάτων.

317 4161 399 4214 Τά
425 4161 520 4216 νῦν
561 4166 894 4234 προτεθέντα
925 4170 1013 4224 διὰ
1045 4173 1146 4244 τῆς
1184 4175 1543 4246 ἀναγνώσεως
1581 4182 1713 4252 ἡμῖν
1762 4184 1828 4238 ἐκ

240 4254 344 4324 τῆς
374 4253 468 4307 τοῦ
498 4255 773 4329 ’ᾼσματος
799 4261 908 4314 τῶν
949 4264 1211 4335 ᾀσμάτων
1255 4269 1595 4340 φιλοσοφίας,
1624 4275 1718 4328 καὶ
1748 4278 1829 4338 είς

241 4343 541 4416 ἐπιθυμίαν
570 4346 693 4416 ἄγει
724 4349 826 4421 τῆς
854 4352 964 4407 τῶν
995 4355 1408 4428 ὑπερκειμένων
1437 4361 1658 4430 ἀγαθῶν
1691 4364 1829 4418 θεω-

243 4435 394 4507 ρίας,
434 4438 531 4492 καὶ
563 4439 739 4512 λύπην
773 4445 1048 4516 ἐντίθησιν
1096 4449 1255 4520 ἡμῶν
1284 4454 1406 4516 ταῖς
1436 4451 1663 4524 ψυχαῖς,
1691 4457 1829 4511 ἀπό-

1927 3261 2057 3315 mihi
2091 3260 2283 3330 faciem
2324 3267 2472 3311 tuam
2495 3297 2511 3322 ,
2559 3264 2610 3312 et
2660 3256 2747 3325 fac
2791 3272 2874 3310 me
2905 3255 3092 3309 audire
3127 3271 3302 3310 uocem
3340 3263 3510 3311 luam.

1937 3354 2052 3409 Vox
2099 3353 2240 3408 enim
2281 3360 2372 3405 tua
2424 3356 2504 3404 est
2564 3348 2739 3403 dulcis
2766 3385 2784 3412 ,
2844 3357 2896 3402 et
2941 3347 3106 3417 facies
3167 3355 3262 3402 tua
3298 3347 3510 3403 decora.

1930 3447 2019 3503 15.
2071 3445 2256 3511 Capite
2297 3442 2447 3498 nobis
2484 3440 2664 3512 vulpes
2689 3481 2705 3505 ,
2753 3456 2872 3511 qua:
2900 3450 3026 3495 sunt
3069 3440 3278 3512 quidem
3312 3455 3512 3510 parum,

1929 3537 2287 3594 demoliuntur
2349 3543 2529 3588 autem
2592 3534 2768 3588 vineas
2825 3548 2844 3586 :
2901 3533 3092 3602 ﬂorent
3151 3533 3291 3587 enim
3353 3533 3516 3586 vinea:

1927 3641 2144 3685 nostrae.
2209 3627 2294 3682 16.
2346 3626 2450 3683 Sed
2505 3626 2764 3696 patruelis
2813 3641 2958 3680 meus
3003 3624 3171 3692 mihi,
3207 3633 3258 3679 et
3297 3640 3390 3693 ego
3426 3623 3512 3688 ei,

1929 3721 2021 3792 qui
2063 3719 2236 3790 pascit
2287 3720 2428 3773 inter
2467 3718 2603 3772 lilia.
2651 3716 2739 3770 17.
2783 3715 2956 3770 Donec
3006 3715 3322 3785 perspirarit
3377 3714 3514 3779 dies,

1930 3821 1983 3866 et
2045 3821 2202 3865 motat
2270 3810 2472 3879 fuerint
2544 3809 2766 3864 umbrat.
2832 3807 3102 3862 Revertere
3154 3808 3295 3872 cito,
3358 3824 3388 3861 ο
3429 3822 3518 3876 pa-

1933 3903 2118 3958 truelis
2139 3941 2155 3966 ,
2204 3903 2280 3956 sis
2316 3901 2512 3955 similis
2547 3916 2754 3970 capreae
2778 3939 2795 3965 ,
2847 3909 2941 3954 aut
2993 3898 3214 3954 hinnulo
3249 3915 3517 3954 cervorum

1931 4011 2096 4065 supra
2131 4003 2332 4049 montes
2359 4008 2638 4049 οοηοαυοε.

2005 4168 2138 4235 Quae
2189 4182 2288 4237 per
2338 4166 2632 4221 lectionem
2672 4179 2821 4220 nunc
2859 4164 3024 4220 nobis
3071 4172 3201 4220 sunt
3234 4166 3514 4235 proposita

1933 4274 1996 4315 ex
2018 4259 2370 4331 philosophia
2403 4257 2619 4313 Cantici
2640 4258 3010 4323 canticorum,
3044 4258 3328 4312 adducunt
3353 4258 3520 4313 etiam

1934 4351 2098 4407 nobis
2131 4351 2471 4407 desiderium
2505 4350 2991 4419 contemplationis
3017 4364 3208 4403 eorum
3243 4349 3514 4403 bonorum

1933 4459 2056 4514 quae
2102 4457 2270 4514 supra
2323 4449 2476 4506 sunt,
2516 4449 2572 4496 et
2621 4442 2822 4496 animis
2871 4440 3082 4495 nostris
3139 4439 3521 4509 aegritudinem

243 4542 449 4594 γνωσιν
493 4531 827 4600 ἐμποιοῦντα
868 4535 1068 4606 τρόπον
1117 4539 1240 4592 τινά
1283 4543 1383 4612 τῆς
1417 4542 1527 4597 τῶν
1574 4543 1825 4616 ἀλήπτων

1938 4535 2197 4598 all‘erunt,
2231 4550 2355 4606 quae
2400 4534 2572 4590 elﬁcit
2619 4540 2679 4588 ut
2714 4531 3124 4599 quodammodo
3168 4532 3521 4601 desperemus

245 4621 652 4691 κατανοήσεως.
679 4624 805 4690 Πῶς
833 4626 943 4698 γάρ
964 4629 1032 4683 ἀν
1055 4646 1140 4693 τις
1163 4631 1384 4697 ἀλύπως
1410 4634 1682 4708 διατεθείη
1710 4654 1835 4692 σκο-

241 4711 388 4777 πῶν,
422 4713 506 4766 ὅτι
546 4715 606 4768 ἐν
633 4717 921 4782 τοσαύταις
959 4721 1168 4786 ἀνόδοις
1198 4724 1473 4793 ὑψωθείσα
1510 4727 1577 4780 δι’
1611 4728 1834 4802 ἀγάπης

246 4805 388 4896 πρὸς
413 4805 514 4878 τὴν
537 4807 630 4861 τοῦ
651 4810 858 4878 ἀγαθοῦ
884 4814 1174 4883 μετουσίαν
1199 4817 1232 4886 ἡ
1257 4818 1642 4893 κεκαθαρμένη
1661 4821 1829 4896 ψυχὴ,

240 4894 422 4962 οὔπω,
449 4896 632 4963 καθώς
666 4919 831 4974 φησιν
868 4905 898 4956 ὁ
947 4906 1266 4974 Ἀπόστολος
1285 4952 1300 4975 ,
1331 4915 1720 4985 κατειληφέναι
1746 4894 1832 4972 6o.—

245 4987 339 5038 κεῖ
384 4985 447 5039 τὸ
495 4985 862 5061 ζητούμενον;
915 4994 1108 5050 Καίτοι
1159 5014 1224 5066 γε
1263 5000 1400 5070 πρὸς
1453 5003 1549 5066 τὰς
1611 5004 1833 5069 ἀνόδους

247 5077 465 5142 ἐκείνας
520 5078 770 5148 βλέπων,
814 5085 914 5149 τὰς
961 5087 1431 5161 προδιηνυσμένας
1476 5094 1535 5146 ἐν
1582 5096 1693 5158 τοῖς
1726 5095 1833 5167 πρὸ

246 5167 454 5222 τούτων
473 5170 673 5241 λόγοις,
700 5175 1039 5249 ἐμακάριζον
1067 5181 1236 5253 αὐτὴν
1257 5181 1358 5252 τῆς
1385 5183 1726 5250 ἀναϐάσεως,
1743 5188 1833 5242 ὅτε

247 5258 314 5312 τὺ
357 5261 529 5328 γλυκὺ
579 5265 748 5337 μῆλον
787 5269 1002 5338 ἐπέγνω
1038 5272 1140 5344 τῆς
1179 5274 1460 5345 ἀκαρπίας
1498 5276 1594 5330 τοῦ
1624 5278 1834 5350 δρυμοῦ

245 5351 597 5424 διακρίνασα,
657 5360 753 5413 καὶ
804 5360 882 5425 ῶς
929 5364 1278 5439 ἐπιθυμητὴν
1321 5368 1488 5422 αὑτοῦ
1525 5369 1626 5442 τὴν
1675 5372 1837 5426 σκιὰν

247 5445 568 5516 ἐποιήσατο,
601 5452 693 5505 καὶ
725 5453 804 5524 τῷ
835 5455 1034 5530 καρπῷ
1066 5461 1596 5530 καταγλυκανθείσα,
1631 5463 1690 5516 ἐν
1721 5466 1835 5528 τοῖς

245 5538 520 5608 ταμιείοις
543 5542 643 5614 τῆς
663 5545 1004 5620 εὐφροσύνης
1032 5550 1248 5621 ἐγένετο
1263 5591 1282 5610 .
1314 5549 1470 5609 Οἶνον
1494 5554 1553 5609 δὲ
1577 5555 1831 5628 ὀνομάζει

323 5715 370 5748 ⁷⁸
392 5714 593 5790 Ephes.
624 5737 704 5790 ιιι,
749 5722 834 5778 12.

1940 4627 2009 4682 de
2040 4627 2112 4682 iis
2151 4637 2338 4681 mente
2386 4624 2758 4697 percipiendis
2798 4638 2921 4694 quae
2949 4639 3057 4677 non
3091 4631 3323 4692 possunt
3368 4636 3520 4676 com-

1942 4719 2230 4790 prehendi.
2294 4716 2770 4786 Quemadmodum
2823 4716 2969 4770 enim
3025 4729 3135 4769 non
3181 4728 3325 4784 aegre
3383 4711 3524 4767 ferat

1938 4812 2238 4884 quispiam,
2296 4811 2343 4867 si
2391 4809 2733 4873 consideret,
2767 4807 2918 4879 quod
2944 4807 3000 4861 in
3030 4807 3202 4862 tantis
3260 4805 3316 4860 in
3351 4806 3520 4858 altum

1939 4906 2156 4962 sublata
2184 4905 2610 4960 ascensionibns
2644 4918 2744 4973 per
2761 4902 3114 4962 charitatem.
3140 4900 3209 4955 ad
3233 4899 3361 4953 boni
3393 4913 3522 4968 par-

1935 4996 2334 5067 ticipationem,
2371 5002 2602 5066 purgata
2642 4993 2848 5058 anima,
2895 4991 3164 5052 nondum,
3213 4989 3358 5045 sicut
3387 4988 3524 5042 dicit

1929 5091 2228 5162 Apostolus
2256 5088 2324 5153 τι,
2349 5083 2838 5158 comprehendisse
2862 5083 3078 5138 videtur
3110 5081 3166 5136 id
3194 5079 3342 5150 quod
3372 5094 3523 5148 quae-

1932 5183 2120 5239 ritur?
2174 5195 2494 5253 quanquam
2527 5176 2809 5248 aspiciens
2837 5175 3062 5246 quidem
3095 5181 3247 5228 certe
3277 5172 3344 5225 ad
3383 5172 3508 5226 illas
3594 5187 3620 5203 τ

1935 5277 2294 5331 ascensiones
2342 5287 2467 5342 qua:
2532 5271 2759 5326 fuerunt
2829 5274 3067 5338 peractae
3127 5266 3180 5319 in
3242 5264 3521 5336 prioribus

1937 5368 2006 5422 de
2044 5381 2287 5438 superno
2315 5378 2552 5420 ascensu
2573 5375 2694 5418 eam
2721 5360 2988 5416 ducebam
3013 5359 3251 5418 beatam,
3299 5354 3524 5425 quando

1941 5460 2166 5532 agnovit
2200 5459 2363 5514 dulce
2394 5457 2623 5518 malum,
2658 5456 2841 5526 ipsum
2873 5466 3135 5522 scparans
3163 5465 3193 5502 a
3233 5449 3384 5504 silva!
3411 5455 3522 5502 ste-

1941 5555 2167 5617 rilitate.
2215 5559 2271 5608 ct
2305 5559 2566 5620 tanquam
2609 5543 3116 5618 concupiscendam
3141 5540 3265 5613 ejus
3294 5539 3522 5611 putabat
