1927 3108
822 156 853 186 S.
874 156 1039 185 GREGORII
1057 157 1205 186 NYSSENI

1771 158 1834 187 830

191 206 253 226 esse
275 199 421 234 umbram;
445 204 473 229 et
495 200 603 232 fructus
619 201 767 233 dulcedine
783 205 893 236 allecta.
917 214 964 234 era

1016 232 1019 238 ,
1032 206 1081 242 τὴν
1093 206 1278 242 εὐφροσύνην,
1288 202 1311 241 ᾧ
1324 207 1342 243 ἠ
1355 206 1452 242 καρδία
1463 206 1518 234 τῶν
1530 206 1699 243 μετεχόντων
1708 205 1832 242 εὐφραί-

191 243 219 270 in
248 245 348 273 laetitiae
372 247 571 282 penetralibus.
599 248 699 277 Vinum
735 255 826 280 autem
853 255 979 284 nominat

190 290 325 325 laetitiam,
341 293 414 328 quod
440 293 559 322 lanitieat
577 302 626 322 eor
647 303 743 324 eorum
763 298 811 333 qui
832 304 899 328 sunt
914 301 977 336 ejus

189 336 347 372 participes,
371 342 398 366 et
414 342 546 374 tanquam
562 340 590 368 in
607 341 743 370 cbaritate
760 344 905 377 collocata.
924 347 977 374 lul-

188 382 260 407 cilur
273 384 431 417 unguentis,
452 392 597 419 pomorum
611 387 783 421 operimento
802 390 931 423 vallatur,
948 396 975 419 et

187 430 318 462 tanquam
336 429 364 456 in
382 430 466 458 corde
482 436 594 466 accepta
611 433 755 461 charitatia
780 435 890 470 sagitta,
912 445 976 464 rur-

187 479 236 500 sus
250 473 309 508 ipsa
323 482 432 510 quoque
442 477 469 503 in
482 478 608 504 manibus
622 479 755 514 sagittarii
771 480 928 515 ﬁtjaculum
941 484 974 511 ad

186 526 300 553 scopum
318 521 442 549 veritatis
459 523 592 551 directum
611 524 637 551 in
660 526 787 554 manibus
804 530 922 561 potentis
940 531 972 557 ⁷⁸.

185 563 249 592 Haec
270 570 298 593 et
320 574 382 602 qua:
398 571 464 594 sunt
488 568 647 602 hujusmodi
665 571 814 605 aspiciens,
829 573 973 601 existima-

185 608 248 636 bam
275 618 348 644 eam,
370 620 432 647 qum
457 619 516 640 erat
542 614 610 641 adeo
631 615 738 642 sublata
759 618 785 643 in
807 618 902 652 altum,
927 628 974 654 ap-

185 656 368 690 prehendisse
381 667 519 687 summum
530 660 721 689 beatitudinis.
734 662 798 695 Sed,
809 669 838 691 ut
853 666 971 699 videtur,

183 710 245 738 quae
262 704 339 738 prius
362 709 426 731 sunt
442 711 563 740 peracta,
590 712 654 734 sunt
670 708 759 735 adhuc
780 712 911 745 prooamia
928 721 972 741 as-

182 753 294 774 census.
323 748 424 777 Omnes
447 750 520 777 enim
540 751 601 779 illas
626 753 814 785 ascensiones,
841 764 894 783 non
921 765 971 788 no-

183 793 270 820 minat
282 796 542 830 contemplationem
555 801 581 823 et
595 798 747 826 evidentem
761 800 885 829 veritatis
897 810 971 829 com-

183 837 401 871 prehensionem,
426 839 474 866 sed
498 848 592 880 vocem
627 841 687 876 ejus
712 844 758 878 qui
784 844 968 880 desideratur,

182 888 244 915 qua:
274 889 321 916 per
344 882 467 910 auditum
494 885 657 919 exprimitur
684 887 710 914 in
736 890 969 923 proprietatibus:
987 900 1008 927 Β

130 939 137 947 κ
182 934 236 953 non
255 933 344 955 autem
370 929 469 957 mentis
485 932 730 966 comprehensione
755 938 930 970 cognoscitur
944 943 971 966 et

182 972 301 1001 laetiﬁcat
316 973 391 1002 "‘.'Si
404 984 470 1011 ergo
482 976 526 1003 illa
544 977 571 1004 in
585 978 669 1005 altum
686 987 772 1014 usque
787 983 854 1009 adeo
865 988 968 1017 evecta,

181 1019 253 1046 sicut
277 1020 410 1048 discimus
438 1021 473 1049 de
497 1030 597 1057 magno
622 1024 717 1058 Paulo,
742 1027 788 1061 qui
808 1035 891 1062 super
913 1034 970 1058 tres

180 1066 266 1093 caelos
292 1066 343 1093 iuit
368 1067 509 1100 sublatus.
533 1069 653 1096 nondum
685 1077 814 1099 accurate
845 1081 970 1110 compre-

180 1109 310 1139 hendisse
336 1113 492 1140 ostenditur
516 1114 543 1140 id
570 1115 642 1149 quod
664 1117 879 1146 consideratur:
903 1109 968 1154 quid

179 1161 399 1184 consentaneum
416 1162 458 1185 est
474 1159 554 1186 nobis
576 1162 731 1193 usuvenire.
751 1168 798 1190 aut
812 1165 839 1190 in
857 1166 969 1199 quibus-

179 1209 241 1228 nam
250 1209 311 1229 esse
326 1210 376 1230 nos
389 1208 526 1238 reputare,
542 1205 588 1239 qui
600 1206 633 1233 ad
645 1207 788 1242 adytorum
800 1212 967 1246 contempla-

177 1247 260 1274 tionis
281 1248 414 1275 vestibula
441 1250 562 1276 nondum
579 1258 663 1286 prope
685 1254 874 1282 accessimus?
890 1256 967 1284 Licet

177 1299 268 1322 autem
282 1303 330 1330 per
344 1304 375 1323 ea
400 1304 460 1331 qua:
474 1298 508 1324 ab
521 1298 578 1333 ipsa
595 1300 668 1326 dicta
683 1306 748 1327 sunt
768 1302 860 1330 videre
882 1312 965 1338 quam

177 1339 213 1366 sit
235 1342 419 1376 contemplatu
438 1342 550 1371 difﬁcile
574 1345 646 1379 quod
676 1347 817 1380 quaeritur.
849 1348 904 1375 Vox
922 1358 967 1383 pa-

176 1386 269 1413 truelis
292 1387 352 1420 mei,
377 1387 476 1423 inquit,
504 1397 558 1417 non
585 1390 682 1422 forma,
708 1400 762 1419 non
793 1394 885 1427 facies,
910 1403 964 1423 non

176 1429 263 1460 ﬁgura
286 1439 444 1466 expressam
469 1436 617 1463 ostendens
648 1443 772 1465 naturam
803 1440 863 1473 ejus
891 1441 964 1476 quod

174 1478 318 1510 quaeritur,
352 1478 399 1505 sed
425 1487 488 1512 vox,
518 1481 605 1516 magis
629 1482 744 1510 aiferens
766 1485 963 1520 conjecturam,

174 1529 256 1556 quam
270 1522 376 1550 ﬁrmam
393 1526 587 1560 cognitionem,
601 1527 663 1561 quis
679 1528 714 1555 sit
730 1529 752 1555 is
769 1531 815 1564 qui
831 1531 960 1566 loquitur.

1030 260 1114 285 νεται,
1125 253 1172 279 καὶ
1180 252 1218 284 ὡς
1228 253 1257 279 ἐν
1267 253 1300 288 τῇ
1310 252 1405 287 ἀγάπῃ
1417 251 1545 287 ταχθεῖσα
1554 253 1610 283 τοῖς
1621 250 1716 286 μύροις
1728 250 1832 285 empi-

1030 296 1116 330 ζεται,
1125 296 1343 333 διαληφθεῶατῇ
1351 297 1405 323 τῶν
1416 297 1508 332 μήλων
1519 296 1659 332 περιϐολῇ,
1669 296 1717 323 καὶ
1726 296 1766 327 ὠς
1772 296 1829 330 ἐγ-

1030 343 1139 379 κάρδιον
1163 343 1297 378 δεξαμένη
1322 343 1373 378 τῆς
1398 343 1511 378 ἀγάπης
1526 342 1557 370 τὸ
1580 342 1671 377 βέλος,
1686 342 1771 370 πάλιν
1790 343 1827 369 ὲν

1029 391 1088 421 ταῖς
1103 389 1181 425 χερσὶ
1197 389 1244 415 τοῦ
1259 389 1366 421 τοξότου
1387 389 1435 416 καὶ
1448 389 1517 424 αὑτὴ
1538 388 1614 423 βέλος
1629 388 1734 422 γίνεται
1749 388 1827 423 πρὸς

1028 435 1074 462 τὸν
1089 436 1139 470 τῆς
1153 434 1281 470 ἀληθείας
1304 434 1415 466 σκοπὸν,
1429 435 1459 460 ἐν
1473 435 1533 466 ταῖς
1548 434 1626 469 χερσὶ
1641 432 1688 460 τοῦ
1702 432 1824 460 δυνατοῦ

1028 481 1205 516 εὐθυνομένη.
1234 481 1326 507 Ταῦτα
1355 481 1402 507 καὶ
1426 479 1460 507 τὰ
1483 480 1596 507 τοιαῦτα
1621 479 1742 514 βλέπων,
1765 478 1820 505 τοῦ

1028 526 1179 561 ἀκροτάτου
1208 528 1257 562 τῆς
1283 526 1483 561 μακαριότητος
1505 525 1667 560 ἐπειλῆφθαι
1691 525 1742 561 τὴν
1769 525 1821 552 διὰ

1027 571 1161 597 τοσούτων
1175 570 1327 605 ὑψωθεῖσαν
1339 571 1499 606 ἐλογιζόμην
1509 579 1516 586 ·
1527 571 1597 603 ἀλλ’,
1612 572 1650 603 ὡς
1660 570 1759 603 ἔοικεν,
1773 570 1819 597 ἔτι

1026 617 1158 651 προοίμια
1176 617 1225 651 τῆς
1241 617 1333 643 ἀνόδου
1351 617 1384 643 τὰ
1399 617 1616 652 προδιηνυσμένα
1631 617 1700 644 ἐστί.
1719 617 1812 644 Πάνσας

1027 662 1081 697 γὰρ
1091 662 1139 694 τὰς
1149 662 1293 694 ἀναϐάσεις
1307 663 1412 694 ἐκείνας
1421 663 1451 689 οὑ
1464 663 1579 698 θεωρίαν
1593 663 1654 690 τινὰ
1666 662 1714 689 καὶ
1727 663 1819 690 κατά-

1025 708 1103 742 λογον
1119 709 1221 743 ἐναργῆ
1242 710 1291 743 τῆς
1309 709 1451 744 ἀληθείας,
1467 709 1535 736 ἀλλὰ
1550 709 1640 745 φωνὴν
1653 709 1700 736 τοῦ
1711 708 1815 736 ποθου-

1026 754 1106 789 μένου
1124 754 1311 788 κατονομάζει,
1324 754 1367 780 διὰ
1376 754 1426 789 τῆς
1442 755 1525 789 ἀκοῆς
1539 755 1815 790 χαρακτηριζομένην

1023 798 1079 829 τοῖς
1097 797 1247 832 ίδιώμασιν,
1265 798 1295 824 οὐ
1316 798 1359 824 διὰ
1375 798 1424 833 τῆς
1439 800 1628 834 κατανοήσεως
1643 800 1815 834 γινωσκομέ-

1024 851 1072 877 νην
1089 844 1136 869 καὶ
1151 843 1356 879 εὐφραίνουσαν.
1375 845 1406 871 Εἰ
1424 843 1471 871 οὖν
1486 846 1577 880 ἐκείνη
1597 845 1722 872 τοσοῦτον
1735 846 1814 880 ὑψω-

1023 887 1109 920 θεῖσα,
1124 888 1215 920 καθὼς
1232 889 1353 924 περὶτοῦ
1371 890 1489 925 μεγάλου
1501 890 1608 917 Παύλου
1627 891 1813 926 μανθάνομεν,

1021 934 1068 960 τοῦ
1083 934 1134 965 ἕως
1148 934 1230 970 τριῶν
1249 935 1371 970 οὐρανῶν
1395 937 1609 972 ὑπεραρθέντος,
1625 936 1702 964 οὔπω
1715 945 1812 964 κατει-

1022 979 1135 1014 ληφέναι
1153 980 1183 1006 τὸ
1205 981 1383 1016 προκείμενον
1404 982 1438 1008 δι’
1462 982 1605 1018 ἀκριϐείας
1623 982 1810 1010 ἐνδείκνυταιι

1020 1025 1047 1051 τί
1061 1025 1158 1052 παθεῖν
1176 1026 1248 1057 εἰκὸς
1269 1027 1352 1062 ἡμᾶς,
1377 1027 1393 1062 ἢ
1411 1028 1440 1054 ὲν
1460 1029 1531 1055 τίσιν
1546 1026 1616 1055 εἶναι
1637 1028 1810 1063 λογίσασθαι,

1020 1071 1083 1102 τοὺς
1099 1072 1181 1107 μήπω
1199 1073 1255 1103 τοῖς
1272 1073 1490 1108 προθύροιςιτῶν
1506 1074 1610 1101 ἀδύτων
1624 1075 1675 1109 τῆς
1690 1074 1812 1110 θεωρίας

1020 1117 1196 1150 ὲγγὶσαντας;
1219 1118 1327 1151 Ἔξεστι
1350 1120 1378 1146 δὲ
1397 1120 1450 1146 τῶν
1474 1120 1508 1147 δι’
1531 1121 1616 1156 αὐτῆς
1637 1121 1809 1156 εἰρημένων,

1020 1162 1137 1188 κατιδεῖν
1149 1162 1203 1189 τῶν
1215 1163 1387 1199 ζητουμένων
1401 1165 1431 1191 τὸ
1441 1165 1638 1202 δυσθεώρητον.
1651 1165 1739 1200 Φωνὴ
1752 1165 1810 1193 τοῦ

1018 1207 1180 1241 ἀδελφιδοῦ
1197 1218 1267 1243 μου,
1285 1211 1376 1245 φησὶν,
1391 1211 1441 1237 οὒκ
1461 1210 1541 1245 εἶδος,
1558 1212 1588 1238 οὺ
1605 1211 1760 1247 πρόσωπον,
1775 1212 1808 1238 οὐ

1018 1253 1159 1289 χαρακτὴρ
1174 1254 1312 1289 ἐμφαίνων
1327 1255 1374 1282 τοῦ
1389 1255 1553 1291 ζητουμένου
1570 1256 1618 1292 τὴν
1632 1256 1723 1290 φύσιν,
1737 1256 1810 1283 ἀλλὰ

1018 1300 1104 1335 φωνὴ,
1121 1301 1271 1336 στοχασμὸν
1288 1301 1367 1336 μόνον
1381 1301 1542 1337 ἐμποιοῦσα,
1558 1302 1575 1337 ἢ
1593 1301 1738 1336 βεϐαίωσιν
1757 1302 1808 1329 τοῦ

1018 1345 1213 1381 φθεγγομένου,
1228 1347 1302 1379 ὅστις
1319 1348 1401 1374 ἐστίν.
1419 1348 1480 1375 Ὀτι
1494 1348 1548 1384 γὰρ
1566 1349 1691 1384 εἰκασμῷ
1704 1348 1808 1384 μᾶλλον

1016 1392 1086 1420 ἔοικε
1109 1393 1139 1419 τὺ
1159 1393 1303 1429 λεγόμενον
1313 1414 1320 1426 ,
1336 1395 1383 1421 καὶ
1397 1395 1456 1429 οὐχ).
1475 1395 1653 1430 ἀναμφιϐόλῳ
1669 1396 1723 1422 τινὶ
1735 1396 1805 1431 πλη-

1017 1439 1130 1474 ροφορίᾳ
1143 1439 1192 1473 τῆς
1206 1440 1393 1475 καταλήψεως,
1406 1440 1484 1475 δῆλόν
1495 1441 1569 1467 ἐστιν
1582 1442 1614 1467 ἐκ
1626 1440 1673 1468 τοῦ
1687 1442 1737 1476 μιᾷ
1750 1450 1807 1468 τινι

1015 1484 1117 1520 διανοίᾳ
1140 1487 1310 1520 προσφυῆναι
1332 1487 1378 1512 τὸν
1395 1486 1490 1521 λόγον,
1510 1487 1576 1522 μηδὲ
1597 1487 1665 1522 πρὸς
1688 1487 1717 1513 ἐν
1736 1485 1807 1518 εἶδος

1015 1530 1090 1565 όρᾷν,
1110 1529 1167 1555 ἀλλ’
1184 1530 1230 1556 ἐπὶ
1245 1531 1329 1558 πολλὰ
1348 1531 1476 1566 φέρεσθαι
1491 1533 1551 1564 ταῖς
1566 1532 1719 1565 όπτασίαις,
1739 1532 1807 1559 ἄλλο

173 1566 252 1599 Quod
272 1568 344 1595 enim
375 1569 402 1596 id
428 1570 502 1605 quod
528 1571 630 1598 dicitur
648 1573 760 1607 propius
798 1577 910 1603 accedat
929 1577 963 1605 ad

1016 1583 1043 1600 τε
1060 1574 1167 1609 βλέπειν
1180 1576 1315 1611 οἰομένην,
1328 1578 1377 1603 καὶ
1395 1577 1425 1603 οὐ
1442 1577 1555 1604 πάντοτε
1570 1577 1608 1612 τῷ
1626 1578 1700 1613 αὐτῷ
1714 1586 1807 1613 παρα-

172 1612 373 1647 conjecturam,
390 1623 472 1650 quam
489 1617 522 1644 ad
538 1623 639 1645 certam
656 1619 873 1649 etindubitatam
889 1631 964 1651 com-

172 1657 394 1692 prehensionem,
415 1669 448 1688 ex
475 1662 526 1690 hoc
545 1665 718 1699 perspicuum
737 1671 789 1699 est,
816 1668 889 1702 quod
909 1677 963 1697 non

173 1704 200 1730 in
226 1711 280 1730 una
300 1705 427 1740 quapiam
456 1707 559 1736 hwreatv
577 1713 651 1738 verbi
679 1714 855 1748 cogitatione,
875 1724 964 1750 neque

172 1756 254 1775 unam
272 1750 387 1784 aspiciat
410 1752 535 1787 fortnam,
556 1755 602 1782 sed
631 1757 665 1783 ad
682 1758 780 1785 multas
798 1759 902 1787 feratur
917 1762 958 1788 vi-

171 1795 275 1828 aiones,
300 1798 381 1825 modo
406 1798 457 1825 hoc
485 1800 566 1827 modo
597 1802 662 1829 illud
688 1811 717 1831 se
746 1804 838 1832 videre
864 1807 960 1834 existi-

171 1848 261 1874 mans,
286 1847 314 1870 et
335 1851 388 1870 non
409 1852 516 1879 semper
531 1846 563 1887 in
580 1848 674 1875 eadem
699 1856 855 1884 permaneat
875 1852 961 1887 ﬁgura

169 1886 230 1920 ejus
253 1888 326 1922 quod
344 1894 385 1916 est
410 1884 650 1926 comprehensum.
678 1894 744 1922 Ecce
763 1897 842 1929 enim,
861 1898 960 1933 inquit,

169 1932 212 1959 hic
227 1934 304 1965 venit,
338 1943 393 1962 non
416 1940 504 1968 stans.
534 1946 623 1973 neque
647 1948 821 1974 permanens.
853 1948 882 1970 ut
913 1953 961 1979 per

168 1977 326 2006 diuturnam
350 1983 518 2010 mansionem
551 1986 638 2019 possit
664 1988 775 2022 agnosci
805 1990 887 2017 abeo
911 1992 957 2025 qui

170 2023 230 2051 ﬁxis
254 2025 375 2053 intuetur
394 2028 492 2060 oculis,
519 2030 565 2057 sed
592 2038 620 2057 se
638 2032 672 2057 ab
688 2034 776 2059 oculis
794 2036 956 2069 surripiens,

168 2069 328 2104 priusquam
347 2072 380 2099 ad
397 2073 545 2107 perfectam
563 2077 655 2103 veniat
684 2078 957 2112 cognitionenHSal-

170 2120 227 2142 tnns
241 2116 324 2149 enim,
338 2116 436 2151 inquit,
451 2128 529 2153 super
547 2126 647 2148 montes
660 2128 685 2149 ει
699 2124 852 2150 transiliens
868 2126 957 2152 colles.

1015 1621 1146 1655 μένουσαν
1159 1622 1312 1657 χαρακτῆρι
1320 1622 1367 1649 τοῦ
1380 1623 1607 1659 καταληφθέντος,
1618 1624 1697 1659 δῆλον
1707 1625 1740 1651 ἐκ
1749 1624 1806 1651 τῶν

1013 1665 1164 1701 λεγομένων
1191 1668 1274 1694 ἐστίν.
1302 1668 1374 1695 Ἰδοὺ
1399 1670 1471 1703 ¹γπὰρ,
1488 1670 1585 1704 φησὶν,
1609 1668 1698 1703 οὗτος
1716 1670 1803 1705 ἥκει,

1013 1712 1072 1738 οὐδὲ
1095 1713 1189 1745 ἑστὼς,
1212 1714 1271 1740 οὐδὲ
1291 1716 1469 1750 παραμένων,
1486 1716 1524 1747 ὡς
1544 1716 1588 1743 διὰ
1606 1717 1655 1751 τῆς
1669 1717 1805 1751 ἐπιμονῆς

1013 1758 1192 1792 γνωρίζεσθαι
1218 1759 1257 1793 τῷ
1283 1760 1448 1792 ἀτενίζοντι,
1472 1760 1528 1787 ἀλλ’
1545 1760 1715 1796 ἀφαρπάζων
1739 1762 1806 1787 ἐαυ-

1012 1803 1058 1828 τὸν
1077 1803 1130 1829 τῶν
1159 1804 1264 1837 ὄψεων,
1287 1805 1354 1839 πρὶν
1375 1806 1415 1837 είς
1436 1806 1542 1833 τελείαν
1569 1807 1670 1841 γνῶσιν
1693 1806 1802 1834 ἐλθεῖν

1010 1848 1118 1882 Πηδῶν
1134 1850 1197 1884 γὰρ,
1220 1851 1311 1884 φησὶν,
1327 1851 1376 1877 ἐπὶ
1392 1852 1427 1878 τὰ
1445 1852 1508 1886 ὄρη,
1523 1853 1574 1879 καὶ
1594 1852 1657 1885 τοῖς
1675 1853 1805 1886 βουνοῖς

1009 1893 1225 1928 ἐφαλλόμενος.
1240 1895 1293 1920 Καὶ
1304 1894 1351 1921 νῦν
1365 1896 1414 1930 μὲν
1425 1896 1523 1932 δορκὰς
1534 1897 1706 1932 γνωρίζεται,
1717 1897 1804 1924 πάλιν

1010 1939 1039 1964 δὲ
1053 1939 1142 1974 νεϐρῷ
1159 1940 1380 1974 προσεικάζεται.
1399 1942 1515 1975 ’Ὀμοιυς
1527 1941 1590 1977 γὰρ,
1606 1942 1699 1977 φησὶν,
1710 1942 1804 1969 ἀδελ-

1010 1983 1097 2016 φιδός
1109 1992 1168 2017 μου
1181 1985 1246 2010 ἐστὶ
1264 1984 1300 2018 τῇ
1316 1985 1452 2019 δορκάδι,
1473 1985 1492 2020 ἢ
1507 1986 1600 2020 νεϐρῷ
1614 1986 1735 2020 ἐλάφων
1749 1987 1803 2013 ἐπὶ

1011 2028 1050 2060 τῷ
1067 2028 1126 2062 ὄρει
1145 2029 1268 2062 Βαιθήλ.
1291 2030 1383 2061 Οὕτως
1400 2030 1431 2057 τὺ
1448 2031 1491 2057 ἀεὶ
1513 2031 1801 2067 καταλαμϐανόμενον,

1010 2073 1102 2100 ἄλλοτε
1120 2074 1197 2106 ἄλλος
1214 2076 1273 2101 ἐστὶ
1289 2077 1441 2111 χαρακτήρ.

166 2159 200 2186 Ει
215 2169 288 2188 nunc
305 2162 414 2197 quidem
437 2164 610 2193 existimatur
646 2176 762 2202 caprea,
792 2177 888 2197 rursus
910 2177 998 2198 autem
1020 2174 1185 2202 assimilatur
1211 2175 1326 2202 liinnulo
1348 2183 1503 2203 cervorum.
1533 2177 1637 2204 Similis
1653 2181 1692 2204 est
1712 2177 1799 2209 enim,

165 2208 263 2242 inquit,
277 2209 405 2243 patruelis
420 2219 491 2238 meus
504 2221 615 2247 capreae,
633 2220 679 2241 aut
698 2215 808 2242 hinnulo
839 2225 973 2244 cervorum
1011 2228 1088 2254 super
1112 2226 1211 2248 montes
1227 2222 1335 2250 Ba’thel.
1351 2223 1389 2249 lla
1404 2225 1475 2258 quod
1494 2231 1601 2258 semper
1619 2225 1802 2258 comprehen-

166 2253 250 2286 ditur,
273 2260 315 2281 est
338 2256 406 2283 alias
437 2257 491 2284 alia
518 2258 613 2294 ﬁgura.

201 2299 265 2326 llaec
293 2305 357 2328 sunt
387 2309 447 2337 qua:
476 2304 542 2331 mihi
570 2313 601 2332 ex
625 2314 658 2333 eo
686 2315 768 2335 sensu
797 2309 842 2343 qui
861 2314 903 2337 est
929 2311 955 2337 in

1045 2311 1136 2337 Ταῦτά
1149 2313 1223 2338 ἐστιν
1240 2312 1257 2338 ἆ
1274 2321 1308 2347 με
1323 2312 1392 2339 κατὰ
1408 2313 1457 2348 τὴν
1474 2314 1618 2349 πρόχειρον
1634 2315 1738 2343 ἔννοιαν
1757 2317 1800 2349 εἰς

165 2349 305 2380 promptu,
326 2346 443 2374 aﬂerunt
459 2350 624 2384 molestiam,
637 2357 663 2379 et
678 2354 798 2380 elliciunt
817 2360 845 2382 ut
861 2356 957 2390 despe-

164 2398 222 2417 rem
247 2391 327 2426 plene
353 2396 380 2419 et
410 2394 530 2427 perfecte
545 2404 626 2431 posse
652 2401 761 2433 assequi
777 2402 956 2435 comprehen-

164 2435 269 2463 sionem
292 2445 387 2464 eorum
410 2447 470 2473 quae
495 2448 578 2476 supra
608 2448 682 2470 sunt.
715 2444 956 2474 Verumenimvero

164 2482 324 2509 tentandum
353 2489 406 2515 est,
430 2485 456 2512 in
481 2486 566 2514 Deum
590 2497 639 2524 spe
665 2491 810 2525 collocata,
837 2493 884 2527 qui
908 2493 954 2520 dat

163 2528 276 2555 verbum
286 2530 541 2564 evangelizantibus
557 2535 657 2562 virtute
673 2537 757 2563 multa
788 2538 821 2571 ",
838 2538 865 2565 in
882 2539 954 2566 serie

164 2573 255 2608 aliqua
280 2582 327 2609 per
347 2584 519 2611 consequens
537 2580 668 2615 adaptare
695 2584 952 2618 contemplationem

163 2619 198 2647 iis
217 2628 278 2654 quae
305 2624 503 2657 comprehensa
530 2630 594 2653 sunt
614 2627 805 2663 intelligentia.
831 2629 885 2656 Vox
904 2639 954 2664 pa-

163 2667 257 2693 truelis
279 2669 341 2700 mei,
367 2670 464 2705 inquit.
480 2671 513 2699 Et
535 2674 627 2701 statim
643 2675 786 2710 subjunxit
807 2684 814 2702 ι
832 2675 899 2703 Ecce
913 2676 954 2703 In'c

164 2713 243 2739 venit.
269 2712 341 2745 Quid
361 2722 427 2750 ergo
460 2717 488 2744 in
517 2718 559 2746 his
579 2719 780 2755 intelligimus?
802 2720 955 2748 Praevidcnt

165 2757 285 2786 fortasse
298 2767 359 2794 qua:
375 2761 448 2789 dicta
460 2769 524 2791 sunt
536 2772 583 2799 per
601 2766 776 2801 Evangelium
795 2765 950 2794 manifesta-

200 2851 310 2880 '.'Psal.
323 2861 413 2887 cuvt,
429 2856 454 2882 4.
495 2857 548 2883 7‘ll
570 2857 632 2884 Cor.
652 2867 696 2890 ιιι,
729 2859 755 2886 2.

1007 2356 1095 2391 λύπην
1108 2356 1179 2390 ἄγει,
1192 2357 1347 2391 ἀπόγνωσιν
1361 2359 1528 2393 ἐμποιοῦντα
1539 2360 1588 2394 τῆς
1600 2361 1731 2397 ἀκριὸοὖς
1742 2363 1799 2389 τῶν

1007 2402 1213 2437 ὑπερκειμένων
1237 2405 1436 2439 κατανοήσεως.
1462 2405 1624 2440 Πλὴν-ἀλλὰ
1650 2409 1798 2444 πειρατέον

1005 2447 1153 2478 ἀναθέντας
1164 2447 1204 2481 τῷ
1221 2448 1280 2483 Θεῷ
1294 2449 1343 2484 τὴν
1357 2449 1463 2482 ἐλπίδα,
1483 2451 1522 2486 τῷ
1535 2451 1634 2479 διδόντι
1649 2453 1727 2488 ῥῆμα
1739 2456 1799 2487 τοῖς

1005 2493 1257 2528 εὐαγγελιζομένοις
1274 2495 1386 2531 δυνάμει
1412 2497 1506 2532 πολλῇ,
1525 2500 1716 2534 προσαρμόσαι
1739 2503 1798 2533 τοῖς

1005 2541 1301 2575 προκατανενοημένοις
1319 2543 1348 2568 ἐν
1364 2543 1452 2578 εἱρμῷ
1469 2552 1519 2570 τινι
1535 2544 1570 2571 δι’
1583 2545 1730 2573 ἀκολούθου
1745 2548 1797 2582 τὴν

1005 2585 1130 2621 θεωρίαν.
1147 2586 1232 2621 Φωνὴ
1244 2587 1297 2613 τοῦ
1314 2587 1475 2622 ἀδελφιδοῦ
1489 2599 1558 2624 μου,
1570 2591 1662 2626 φησίν.
1677 2593 1734 2619 Καὶ
1748 2594 1795 2620 εὐ-

1005 2631 1052 2662 θὺς
1072 2632 1224 2666 ἐπήγαγεν·
1247 2633 1325 2660 Ἰδσὺ
1340 2631 1428 2667 οὗτος
1443 2634 1519 2669 ἥκει.
1536 2636 1568 2662 Τί
1582 2635 1628 2663 οὖν
1642 2639 1671 2663 ἐν
1686 2638 1795 2670 τούτοις

1005 2676 1209 2711 ὑπενοήσαμεν;
1226 2678 1378 2713 Προόλέπει
1394 2679 1464 2714 τάχα
1481 2680 1530 2716 τὴν
1544 2681 1590 2708 διὰ
1603 2681 1651 2708 τοῦ
1670 2682 1796 2717 Εὑαγγε-

1004 2721 1062 2747 λίου
1082 2722 1285 2757 φανερωθεῖσαν
1299 2725 1364 2758 ἡμῖν
1381 2725 1429 2750 τοῦ
1447 2725 1514 2751 Θεοῦ
1532 2726 1618 2760 Λόγου
1635 2728 1795 2763 οἰκονομίαν

1003 2767 1037 2794 τὰ
1059 2768 1208 2804 εἰρημένα,
1228 2769 1276 2805 τὴν
1297 2770 1582 2806 προκαταγγελθείσαν
1604 2772 1653 2808 μὲν
1672 2773 1718 2801 διὰ
1738 2772 1795 2799 τῶν

794 2859 816 2875 "
828 2859 898 2886 i'sal.
922 2868 1006 2893 uvn,
1027 2861 1066 2887 Η.
