3854 6216
1314 308 1385 365 ΙΝ
1417 309 1718 370 CANTICA
1755 312 2027 370 CANTIC.
2081 313 2368 372 HOMlLlA
2408 317 2473 374 Υ.

3417 314 3523 371 86⁸3

266 426 585 499 προφητῶν,
613 429 1022 501 φανερωθεῖσαν
1043 430 1100 484 δὲ
1125 429 1214 484 διὰ
1237 431 1337 502 τῆς
1365 433 1508 487 κατὰ
1541 434 1720 506 σάρκα
1748 435 1845 490 τοῦ

1948 444 2059 492 tam
2121 437 2282 494 nobis
2341 437 2438 493 Dei
2489 435 2658 494 Verbi
2719 437 3208 509 dispensationem,
3257 451 3378 506 qua
3427 452 3524 506 per

267 518 401 572 Υἱοῦ
430 520 767 590 θεοφανείας.
792 523 1167 595 Μαρτυρεῖται
1189 523 1297 596 γὰρ
1325 528 1437 588 τοῖς
1466 524 1648 596 ἔργοις
1669 529 1703 598 ὴ
1729 526 1848 583 θεία

269 611 453 683 φωνὴ,
493 614 589 667 καὶ
633 615 962 670 συνάπτεται
1005 615 1085 688 τῷ
1127 616 1272 688 λόγῳ
1301 617 1404 688 τῆς
1440 620 1770 688 ἐπαγγελίας
1811 622 1846 692 ἡ

269 701 517 768 ἔκϐασις,
570 704 754 769 καθώς
796 723 959 778 φησιν
995 710 1024 761 6
1077 710 1384 780 Προφήτης,
1439 710 1522 762 ὅτι
1573 711 1847 778 Καθάπερ

269 792 640 865 ἠκούσαμεν,
691 797 842 850 οὕτω
880 797 979 852 καὶ
1007 798 1264 870 εῖδομεν.
1300 799 1504 868 Φωνὴ,
1551 801 1705 870 φησὶ,
1739 801 1848 856 τοῦ

270 884 598 955 ἀδελφιδοῦ
617 906 772 957 μου,
805 888 963 944 τοῦτό
991 891 1139 944 ἐστιν
1201 889 1230 944 ὃ
1308 890 1644 963 ἠκούσαμεν.
1693 891 1848 948 Ἰδοὺ

271 971 452 1042 οὗτος
507 976 671 1044 ἥκει·
724 978 881 1032 τοῦτο
930 979 959 1032 6
1011 983 1124 1044 τοῖς
1174 981 1472 1052 ὀφθαλμοῖς
1526 981 1843 1052 ἐδεξάμεθα.

268 1068 628 1137 Πολυμερῶς
643 1071 740 1123 καὶ
757 1073 1146 1140 πολυτρόπως
1163 1072 1347 1126 πάλαι
1361 1076 1394 1127 ό
1411 1075 1554 1140 Θεὸς
1567 1073 1850 1140 λαλήσας

265 1157 397 1224 τοῖς
419 1161 716 1228 πατράσιν
733 1161 902 1232 ἡμῶν
924 1163 993 1216 ἐν
1012 1163 1135 1230 τοῖς
1152 1163 1482 1234 προφήταις
1498 1180 1511 1194 ο
1532 1165 1668 1235 αὕτη
1695 1167 1729 1236 ἡ
1748 1165 1848 1236 τῆς

267 1250 454 1321 φωνῆς
482 1251 618 1322 ἀκοή
641 1263 660 1282 ο
697 1253 790 1305 ἐπ’
818 1252 1092 1322 ἐσχάτων
1126 1253 1248 1308 τῶν
1270 1255 1504 1325 ἡμερῶν
1540 1255 1848 1324 ἐλάλησεν

264 1339 415 1409 ἡμῖν
441 1341 512 1394 ἐν
549 1341 676 1407 Υὶῷ.
717 1343 973 1396 Τουτέστι
1005 1345 1067 1397 τὸ
1102 1345 1428 1416 εἰρημένον,
1483 1345 1628 1400 Ἰδοὺ
1670 1341 1844 1412 οὗτος

265 1430 402 1498 ἥκει
434 1432 740 1502 ἐπιπηὸῶν
770 1434 893 1500 τοῖς
917 1434 1102 1504 ὄρεσι,
1145 1437 1244 1489 καὶ
1278 1435 1428 1489 κατὰ
1458 1436 1576 1490 τῶν
1599 1436 1848 1502 βουνῶν

262 1519 682 1591 διαλλόμενος,
716 1523 1008 1594 προσφυῶς
1036 1525 1133 1578 καὶ
1170 1524 1519 1598 καταλλήλως
1542 1529 1608 1597 τῇ
1642 1544 1702 1580 τε
1729 1526 1850 1598 δορ-

265 1610 392 1664 κάδι
426 1613 570 1667 κατά
599 1630 722 1666 τινα
754 1613 883 1666 ἴδιον
909 1614 1086 1682 λόγον,
1118 1615 1212 1667 καὶ
1240 1615 1400 1669 πάλιν
1428 1614 1506 1686 τῷ
1533 1614 1710 1686 νεϐρῷ
1737 1616 1847 1670 τῶν

261 1702 499 1772 ἐλάφων,
530 1704 653 1757 καθ’
679 1706 875 1776 ἑτέραν
901 1705 1111 1761 ἔννοιαν
1139 1707 1512 1779 ὁμοιούμενος.
1557 1708 1623 1761 'H
1647 1708 1847 1779 δορκάς

1947 527 2240 598 prephetas
2265 529 2480 598 quidem
2499 529 2651 586 Drius
2667 527 2770 582 fuit
2796 529 3140 590 annuntiata,
3175 527 3521 580 manifestata

1947 625 2128 673 autem
2186 633 2283 688 per
2333 617 2548 672 Domini
2604 618 2661 672 in
2707 632 2874 672 carne
2932 615 3349 686 apparitionem.
3385 612 3521 667 Nam

1947 705 2015 761 de
2064 721 2198 762 voce
2221 707 2406 762 divina
2429 708 2804 762 testimonium
2839 707 3021 763 ferunt
3059 721 3242 776 opera,
3270 713 3324 760 et
3354 706 3524 759 verbo

1945 795 2328 864 promissionis
2370 795 2724 866 conjungitur
2755 802 3004 860 eventus,
3051 796 3196 849 sicut
3225 794 3358 848 dicit
3388 793 3523 848 Pro-

1947 887 2108 956 pheta
2141 885 2333 942 :Sicut
2382 887 2714 953 audivimus,
2757 890 2834 942 sic
2893 888 3118 942 uidimus
3149 889 3218 941 ⁷⁸.
3257 887 3370 941 Vox
3423 902 3519 954 pa-

1948 981 2132 1036 truelis
2174 981 2297 1047 mei,
2329 981 2539 1052 inquit,
2571 981 2676 1036 hoc
2715 991 2799 1038 est
2835 981 2978 1052 quod
3020 981 3350 1035 audivimus.
3388 977 3524 1032 Ecce

1945 1073 2031 1127 hic
2059 1073 2193 1127 venit
2223 1088 2242 1126 :
2273 1072 2378 1126 hoc
2405 1072 2553 1142 quod
2580 1073 2756 1127 oculis
2781 1074 3114 1142 accepimus.
3157 1069 3522 1140 Multifariam

1947 1164 2230 1234 multisque
2280 1163 2450 1217 modis
2502 1163 2630 1218 olim
2683 1162 2824 1218 Deus
2872 1164 3076 1217 locutus
3117 1163 3356 1231 patribus
3419 1178 3518 1216 no-

1946 1257 2074 1308 stris
2115 1255 2169 1308 in
2211 1253 2472 1324 prophetis
2503 1267 2520 1306 :
2549 1253 2668 1308 hac
2714 1260 2800 1307 est
2841 1252 3053 1306 auditio
3089 1251 3280 1306 vocis:
3324 1253 3383 1305 in
3420 1265 3519 1303 no-

1945 1347 2176 1400 vissimis
2205 1345 2390 1400 diebus
2424 1345 2628 1399 locutus
2659 1351 2736 1398 est
2762 1344 2911 1398 nobis
2936 1345 2990 1397 in
3013 1342 3158 1398 Filio
3187 1343 3255 1396 "’.
3289 1340 3405 1396 Hoc
3434 1348 3520 1396 est

1945 1438 2002 1493 id
2031 1437 2178 1508 quod
2225 1436 2430 1491 dictum
2484 1443 2590 1501 est,
2627 1433 2762 1489 Ecce
2806 1433 2889 1487 hic
2926 1434 3060 1489 venit
3107 1431 3312 1486 saltans
3355 1445 3519 1499 supra

1947 1540 2172 1593 montes,
2206 1536 2256 1583 et
2298 1544 2391 1597 per
2429 1527 2590 1582 colles
2622 1526 2931 1580 transiliens
2966 1524 3255 1594 :apposite
3295 1537 3359 1576 ac
3391 1537 3521 1576 con-

1946 1624 2230 1679 venienter
2266 1629 2322 1677 et
2354 1635 2566 1691 caprea
2603 1635 2671 1674 ex
2714 1621 2934 1688 pr0pria
2979 1617 3160 1685 aliqua
3195 1615 3430 1677 ratione,
3465 1622 3521 1669 et

1947 1729 2142 1770 rursus
2188 1713 2418 1768 hinnulo
2453 1725 2744 1767 cervorum
2788 1710 2895 1763 alio
2945 1723 3111 1763 sensu
3155 1707 3516 1762 assimilatus.

264 1796 521 1866 σημαίνει
551 1796 652 1868 τὴν
707 1797 980 1862 όξυωπίαν
1029 1800 1124 1853 τοῦ
1177 1800 1240 1853 τὸ
1285 1801 1392 1853 πᾶν
1439 1799 1839 1864 ἐπιϐλέποντος.

1947 1805 2157 1876 Caprea
2191 1803 2464 1876 signiﬁcat
2491 1804 2644 1859 visus
2686 1816 2919 1857 acumen
2948 1807 3004 1855 et
3043 1798 3518 1870 perspicacitatem

260 1887 403 1939 Φασὶ
443 1886 554 1958 γὰρ
588 1888 748 1942 τοῦτο
790 1889 854 1942 τὸ
891 1889 1028 1954 ζῶον
1058 1888 1353 1962 ὑπερφυῶς
1389 1890 1742 1962 δερκόμενον,
1779 1895 1844 1946 ἐκ

258 1977 363 2048 τῆς
393 1980 674 2050 ἐνεργείας
695 1981 841 2053 ἔχειν
867 1982 928 2036 τὸ
951 1983 1142 2055 ὄνομα.
1186 1983 1347 2038 Ἀλλὰ
1377 1984 1484 2056 μὴν
1505 1985 1700 2042 ταύτόν
1727 1987 1844 2040 ἐστι

259 2070 342 2142 τῷ
390 2070 689 2126 θεάσασθαι
735 2073 796 2126 τὸ
836 2073 1146 2145 δέρκεσθαι.
1193 2075 1404 2130 Οὐκοῦν
1445 2078 1475 2131 6
1520 2075 1731 2147 ἐφορῶν
1776 2075 1846 2129 τὰ

259 2163 442 2216 πάντα
479 2164 575 2218 καὶ
606 2164 939 2229 ἐπιϐλέπων,
974 2167 1039 2219 ἐκ
1077 2165 1172 2220 τοῦ
1205 2165 1508 2222 θεάσασθαι
1538 2167 1610 2220 τὰ
1643 2167 1841 2232 πάντα,

260 2253 399 2318 Θεὸς
415 2254 527 2310 τῶν
557 2256 775 2310 πάντων
800 2257 1220 2328 ἐπονομάζεται.
1263 2257 1480 2329 Ἐπειδὴ
1507 2257 1686 2312 τοίνυν
1711 2257 1846 2320 Θεὸς

259 2346 582 2418 ἐφανερώθη
608 2350 666 2400 ἐν
690 2351 853 2420 σαρκῖ⁹
889 2352 918 2404 6
947 2351 1042 2404 ἐπὶ
1063 2349 1381 2422 καθαιρέσει
1403 2349 1510 2404 τῶν
1537 2350 1845 2420 ἀντικειμέ-

259 2454 370 2491 νων
397 2437 682 2509 δυνάμεων
708 2442 992 2510 ἐπιφανεὶς
1018 2441 1098 2514 τῷ
1143 2442 1243 2514 βίῳ
1262 2483 1276 2506 ,
1318 2441 1408 2496 διὰ
1435 2442 1592 2495 τοῦτο
1624 2440 1844 2513 δορκάδι

264 2530 367 2599 μὲν
389 2531 690 2602 ὁμοιοῦται,
713 2533 742 2586 6
769 2534 833 2586 ἐκ
860 2533 970 2589 τῶν
1002 2533 1248 2606 οὐρανῶν
1271 2535 1364 2586 ἐπὶ
1383 2534 1481 2604 τὴν
1507 2535 1610 2604 γῆν
1631 2532 1847 2586 ἐπιϐλέ-

259 2620 372 2691 ψας
394 2639 409 2654 ο
445 2623 622 2696 νεϐρῷ
650 2624 707 2678 δὲ
728 2666 743 2692 ,
770 2624 840 2678 τὰ
863 2626 967 2698 ὅρη
1009 2627 1105 2681 καὶ
1131 2626 1259 2689 τοὺς
1289 2625 1511 2697 βουνοὺς
1541 2624 1844 2696 διαλαμϐά-

260 2728 372 2766 νων
415 2715 528 2778 τοῖς
573 2714 806 2785 ἅλμασιο
851 2717 1150 2782 τουτέστιν,
1198 2717 1227 2768 6
1269 2715 1600 2771 καταπατῶν
1647 2733 1706 2770 τε
1754 2717 1846 2770 καὶ

261 2803 550 2858 καταλύων
578 2804 649 2859 τὰ
677 2806 888 2879 πονηρὰ
913 2808 1015 2878 τῆς
1039 2808 1148 2862 τῶν
1173 2807 1440 2879 δαιμόνων
1469 2807 1675 2870 κακίας,
1696 2807 1844 2877 ὑψώ-

265 2913 432 2966 ματα.
476 2898 617 2969 Ὀρη
671 2897 768 2968 μὲν
802 2898 912 2970 γὰρ
944 2898 1126 2968 λέγει,
1176 2898 1244 2952 τὰ
1284 2901 1342 2952 ἐν
1383 2901 1450 2969 τῇ
1491 2897 1844 2970 κραταιότητι

264 2987 433 3041 αὐτοῦ
466 2989 882 3059 ταρασσόμενα,
914 2989 988 3054 ὥς
1030 3007 1197 3062 φησιν
1228 2991 1256 3043 6
1279 2990 1444 3044 Aa6l6
1463 3029 1478 3054 ,
1515 2991 1592 3045 Τὰ
1610 3007 1846 3060 μετατι-

1945 1894 2067 1966 ejus
2108 1894 2202 1965 qui
2247 1893 2430 1950 omnia
2477 1892 2722 1962 respicit.
2776 1890 2946 1944 Aiunt
2973 1888 3120 1943 enim
3159 1887 3264 1943 hoc
3316 1884 3522 1940 animal

1944 1985 2161 2056 egregie
2201 1991 2256 2040 et
2295 1982 2604 2038 mirandum
2657 1982 2713 2036 in
2759 1979 2982 2035 modum
3027 1978 3267 2043 intuens,
3320 1990 3521 2030 nomen

1944 2075 2146 2130 habere
2175 2089 2242 2128 ex
2265 2072 2613 2144 operatione;
2634 2069 2834 2142 δορκάς
2865 2069 3006 2124 enim
3028 2068 3251 2131 dicitur,
3283 2065 3389 2120 ἀπὸ
3427 2061 3522 2117 τοῦ

1943 2165 2252 2238 δέρκεσθαι,
2297 2167 2443 2236 quod
2483 2171 2568 2220 est
2599 2163 2804 2218 videre.
2838 2160 3000 2230 Atqui
3050 2157 3336 2230 δέρκεσθαι
3377 2154 3521 2211 idem

1944 2267 2029 2315 est
2057 2257 2202 2328 quod
2231 2257 2476 2324 θεᾶσθαι,
2507 2256 2652 2328 quod
2685 2253 2956 2322 signiﬁcat
2989 2252 3130 2307 idem
3161 2250 3308 2321 quod
3338 2249 3525 2304 videre

1945 2356 2001 2403 et
2033 2349 2302 2419 aspicere.
2338 2347 2442 2415 Qui
2473 2363 2604 2418 ergo
2633 2346 2817 2402 omnia
2850 2343 3046 2416 aspicit
3070 2351 3126 2398 et
3157 2342 3420 2407 intuetur,
3455 2356 3524 2396 ex

1945 2455 2010 2496 eo
2037 2441 2187 2512 quod
2219 2442 2402 2496 omnia
2452 2441 2749 2506 intueatur,
2797 2453 2996 2508 nempe
3029 2436 3137 2489 ἀπὸ
3164 2433 3257 2489 τοῦ
3298 2432 3524 2488 θεᾶσθαι

1945 2535 2264 2589 nominatur
2293 2533 2438 2590 Deus
2473 2533 2878 2589 universorum.
2914 2528 3185 2597 Quoniam
3219 2541 3350 2597 ergo
3380 2524 3524 2579 Deus

1946 2627 2002 2680 it
2031 2640 2197 2681 carne
2226 2625 2330 2680 fuit
2370 2624 2777 2691 manifestatus,
2814 2622 2905 2692 qui
2939 2622 3006 2676 ad
3051 2617 3396 2674 adversarias
3429 2617 3526 2670 de-

1946 2719 2134 2775 lendas
2161 2726 2460 2790 potestates
2490 2719 2546 2773 in
2576 2715 2782 2772 mundo
2813 2715 3085 2787 apparuit,
3119 2721 3405 2784 propterea
3431 2724 3525 2764 as-

1948 2811 2222 2866 similatur
2252 2826 2486 2881 caprea,
2513 2817 2572 2864 ut
2601 2810 2696 2880 qui
2727 2826 2758 2865 e
2791 2808 2948 2864 calis
2979 2807 3035 2862 in
3062 2815 3265 2861 terram
3298 2817 3525 2873 aspexe—

1946 2903 2040 2956 rit.
2072 2902 2312 2957 Hinnulo
2340 2912 2524 2957 autem
2558 2915 2871 2965 cervorum,
2904 2899 2997 2970 qui
3029 2908 3244 2952 montes
3272 2902 3326 2950 et
3353 2893 3525 2948 colles

1949 2992 2181 3048 saltibus
2201 2992 2637 3062 comprehendit,
2672 2991 2777 3046 hoc
2807 2997 2910 3056 est,
2944 2989 3038 3059 qui
3066 2987 3353 3043 conculcat
3383 2983 3527 3038 fran-

262 3077 483 3148 θέμενα
519 3079 589 3132 ἐν
630 3079 901 3148 καρδίαις
944 3080 1305 3147 θαλασσῶν,
1351 3081 1445 3135 καὶ
1477 3081 1554 3134 τῶ
1595 3085 1846 3152 συγγενεῖ

1949 3085 2134 3156 gitque
2171 3093 2225 3141 et
2250 3085 2448 3142 evertit
2475 3083 2754 3154 improbas
2783 3081 2903 3137 vitii
2937 3080 3244 3136 damonum
3281 3075 3527 3131 altitudi-

258 3168 415 3240 τόπῳ
465 3170 568 3240 τῆς
626 3170 866 3224 ἀϐύσσου
927 3172 1324 3242 καταδυόμενα.
1383 3173 1520 3242 Περὶ
1577 3167 1652 3227 ὧν
1707 3173 1844 3244 πρὸς

260 3262 390 3325 τοὺς
426 3261 672 3333 μαθητάς
705 3257 856 3316 εἶπεν
891 3265 920 3316 6
953 3263 1156 3335 Κύριος
1178 3306 1194 3330 ,
1226 3264 1309 3317 ὅτι
1361 3263 1497 3318 Ἐὰν
1541 3263 1717 3333 ἔχητε
1745 3265 1842 3318 πί-

263 3367 406 3406 στιν
428 3353 509 3420 ὡς
540 3354 762 3409 κόκκον
795 3355 1096 3422 σινάπεως
1114 3397 1129 3420 ,
1174 3356 1359 3425 ἐρεῖτε
1389 3356 1470 3422 τῷ
1512 3358 1630 3425 ὄρει
1657 3359 1846 3426 τούτῳ

265 3445 517 3514 (δεικνὺς
542 3445 619 3518 τῷ
648 3447 792 3517 λόγῳ
833 3447 895 3500 τὸ
937 3447 1171 3518 πονηρὸν
1207 3450 1382 3502 ἐκεῖνο
1428 3449 1522 3502 καὶ
1568 3449 1845 3520 σεληναῖον

261 3536 581 3608 δαιμόνιον),
605 3537 694 3591 ὅτι
715 3538 954 3607 Ἀρθητι
977 3540 1077 3594 καὶ
1091 3541 1356 3609 βλήθητι
1373 3543 1460 3606 είς
1483 3541 1600 3610 τὴν
1623 3541 1848 3596 θάλασ-

264 3644 409 3682 σαν.
459 3629 677 3702 Ἐπειδὴ
717 3631 898 3684 τοίνυν
931 3631 1062 3686 ίδιον
1093 3633 1192 3702 τῆς
1221 3633 1430 3705 νεϐρῶν
1463 3636 1580 3687 ἐστι
1631 3633 1845 3703 φύσεως

263 3720 328 3772 τὸ
369 3721 700 3776 ἀναλωτικὸν
740 3723 850 3775 τῶν
883 3722 1106 3794 θηρίων,
1161 3727 1255 3778 καὶ
1295 3725 1356 3778 τὸ
1403 3726 1728 3795 φυγαδεύειν
1767 3725 1846 3797 τῷ

265 3811 508 3883 ἄσθματι
547 3813 642 3866 καὶ
682 3816 748 3884 τῇ
780 3812 875 3866 τού
921 3815 1130 3884 χρωτὸς
1166 3815 1388 3888 ἰδιότητι
1431 3817 1492 3869 τὸ
1524 3818 1633 3871 τῶν
1670 3818 1845 3886 όφεων

266 3904 462 3974 γένος·
497 3905 584 3959 διὰ
624 3905 782 3959 τοῦτο
830 3907 1048 3977 δορκάδι
1092 3907 1191 3979 μὲν
1237 3909 1266 3960 6
1306 3909 1516 3980 ἐφορῶν
1551 3909 1620 3962 τά
1670 3911 1845 3964 πάντα

267 3995 566 4066 ὡμοίωται·
591 3996 770 4067 νεϐρῷ
791 3997 848 4050 δὲ
878 3997 1113 4066 ἐλάφων,
1137 3998 1212 4062 ὼς
1239 3999 1424 4052 πατῶν
1452 4015 1510 4052 τε
1542 4001 1634 4052 καὶ
1661 4000 1846 4053 ἀναλί-

271 4103 420 4140 σκων
441 4087 539 4158 τὴν
563 4090 808 4144 ἐναντίαν
837 4091 1137 4163 ἐνέργειαν,
1171 4091 1239 4162 ῆν
1269 4093 1301 4162 ἡ
1337 4092 1572 4162 τροπικὴ
1604 4091 1848 4162 σημασία

269 4178 371 4250 ὅρη
397 4180 492 4233 καὶ
525 4179 744 4252 βουνοὺς
767 4184 1146 4254 κατωνόμασε.
1412 4173 1418 4181 ’

1947 3195 2068 3236 nes.
2099 3177 2235 3233 Nam
2265 3185 2482 3233 montes
2516 3177 2739 3248 quidem
2780 3175 2912 3230 dicit
2941 3188 3036 3230 eos
3069 3173 3162 3243 qui
3194 3169 3526 3226 conturban-

1941 3280 2034 3324 tur
2063 3271 2117 3325 in
2147 3271 2268 3340 ejus
2299 3269 2643 3334 fortitudine,
2672 3276 2732 3322 ut
2762 3265 2899 3321 dicit
2923 3263 3116 3327 David,
3149 3262 3255 3329 Qui
3293 3259 3524 3328 transfeo

1943 3373 2136 3418 runtur
2163 3365 2218 3416 in
2265 3380 2357 3417 cor
2383 3363 2550 3416 maris
2573 3404 2585 3428 ,
2614 3369 2667 3417 et
2697 3359 2792 3430 qui
2818 3359 2874 3413 in
2905 3364 3201 3429 cognatum
3230 3355 3313 3410 eis
3343 3351 3525 3423 abyssi

1945 3455 2126 3510 locum
2162 3453 2552 3524 demerguntur
2580 3454 2651 3509 ⁸ο.
2697 3452 2773 3508 De
2825 3450 3025 3522 quibus
3070 3447 3209 3501 dixit
3261 3442 3524 3498 Dominus

1947 3547 2066 3602 suis
2105 3545 2432 3615 discipulis:
2473 3544 2535 3600 Si
2573 3544 2811 3597 habeatis
2843 3542 3000 3612 ﬁdem
3031 3539 3167 3594 sicut
3197 3551 3418 3607 granum
3445 3533 3526 3586 si-

1949 3640 2122 3706 napis,
2157 3637 2342 3692 dicetis
2376 3637 2499 3690 huic
2525 3637 2691 3690 monti
2721 3636 2847 3707 (hoc
2878 3634 3044 3689 verbo
3065 3630 3364 3686 ostendens
3393 3625 3524 3679 illud

1948 3730 2258 3800 improbum
2318 3744 2382 3784 ac
2432 3730 2625 3783 lunare
2669 3724 3023 3796 damonium)
3069 3743 3082 3779 :
3134 3721 3427 3777 Extollitor
3475 3728 3526 3772 et

1944 3819 2222 3888 projicitor
2262 3811 2489 3872 in'mare
2510 3819 2577 3872 ⁸⁸.
2609 3816 2881 3882 Quoniam
2923 3815 3091 3885 igitur
3134 3823 3218 3868 est
3247 3809 3525 3882 proprium

1947 3917 2159 3965 natura
2203 3910 2560 3964 Itinnulorum
2597 3922 2905 3970 cervorum,
2943 3913 3004 3960 ut
3047 3912 3100 3961 et
3143 3903 3355 3958 belluas
3389 3914 3522 3953 con-

1949 4008 2191 4065 sumant,
2228 4011 2280 4055 et
2313 4001 2446 4054 alitu
2481 4000 2788 4068 colorisque
2833 3999 2916 4052 sui
2942 3995 3275 4067 proprietate
3300 4006 3524 4060 serpen-

1947 4101 2034 4148 tes
2082 4092 2293 4162 l'ugent,
2349 4099 2636 4162 propterea
2685 4104 2895 4160 caprea
2925 4088 3146 4159 quidem
3192 4084 3526 4140 assimilatur
3593 4123 3600 4129 .

1949 4186 2045 4256 qui
2070 4185 2255 4240 omnia
2299 4184 2578 4249 intuetur;
2609 4183 2838 4237 hinnulo
2884 4188 3068 4235 autem
3103 4192 3416 4238 cervorum,
3468 4181 3530 4228 ut

267 4276 367 4344 qui
399 4277 684 4332 conculcet
725 4285 780 4333 et
825 4287 1117 4334 consumat
1155 4278 1524 4333 adversariam
1554 4280 1948 4350 operationem,
1992 4294 2158 4351 quam
2206 4278 2418 4349 tropica
2461 4276 2858 4348 signiﬁcatione
2903 4272 3206 4328 nominavit
3232 4281 3446 4325 montes
3473 4274 3530 4322 et

268 4369 462 4424 colles.

342 4461 540 4530 Γέγονε
587 4460 768 4515 τοίνυν
813 4462 848 4532 ἡ
896 4459 992 4514 τοῦ
1035 4461 1270 4533 νυμφίου
1317 4461 1469 4532 φωνὴ
1516 4463 1550 4532 ἡ
1604 4461 1693 4516 διὰ
1739 4460 1846 4514 τῶν

2020 4459 2148 4514 Fuit
2177 4474 2310 4530 ergo
2341 4473 2444 4515 vox
2465 4455 2652 4526 sponsi
2676 4469 2772 4525 per
2793 4452 3086 4524 prophetas
3104 4451 3157 4505 in
3173 4448 3529 4520 quibusDeus

271 4550 570 4624 προφητῶν
617 4553 675 4604 ἐν
720 4548 802 4614 οἷς
845 4551 1103 4622 ἐλάλησεν
1149 4553 1177 4604 6
1221 4551 1385 4615 Θεόςο
1425 4553 1519 4604 καὶ
1569 4551 1707 4622 μετὰ
1749 4553 1850 4622 τὴν

272 4643 460 4714 φωνὴν
496 4637 660 4713 ἦλθεν
702 4645 731 4696 6
768 4643 960 4711 Λόγος,
995 4643 1274 4714 ἐπιπηδῶν
1305 4646 1419 4707 τοῖς
1459 4643 1852 4714 ἀντικειμένοις

269 4733 445 4806 ὄρεσι,
488 4733 584 4786 καὶ
612 4732 723 4786 τῶν
755 4733 956 4803 βουνῶν
985 4734 1382 4804 καθαλλόμενος
1401 4775 1417 4799 ,
1447 4735 1626 4787 πᾶσαν
1664 4736 1729 4787 ἐκ
1754 4734 1849 4787 τοῦ

271 4825 390 4876 τσου
419 4823 518 4893 τὴν
545 4823 916 4894 ἀποστατικὴν
933 4823 1162 4896 δύναμιν
1191 4825 1436 4895 ύπὶχνιον
1457 4824 1633 4896 ἐαυτῷ
1657 4825 1847 4889 ποιῶν,

266 4913 372 4984 τήν
418 4931 479 4966 τε
521 4915 936 4986 ύποδεεστέραν,
985 4917 1081 4969 καὶ
1124 4917 1225 4988 τὴν
1265 4917 1632 4986 προάγουσαν.
1678 4915 1850 4969 Τοῦτο

269 5007 382 5076 γάρ
411 5007 520 5060 τῶν
550 5007 752 5078 βουνῶν
793 5010 826 5078 ἡ
857 5008 991 5080 πρὸς
1023 5008 1093 5062 τὰ
1131 5009 1231 5080 ὅρη
1261 5009 1512 5081 διαστολὴ
1548 5007 1848 5062 ύπαινίττε-

268 5115 383 5162 ται,
417 5098 500 5150 ὅτι
541 5099 637 5151 καὶ
669 5099 730 5151 τὸ
771 5099 956 5169 ἐξέχον
984 5101 1043 5152 ἐν
1077 5101 1190 5164 τοῖς
1223 5100 1612 5170 ἀντικειμένοις
1645 5099 1846 5170 ὁμοίως

269 5187 350 5259 τῷ
394 5187 756 5260 ὑποϐεϐηκότι
800 5189 1143 5261 καθαιρεῖται
1163 5229 1178 5253 ,
1213 5191 1272 5243 ὲν
1302 5193 1370 5262 τῇ
1404 5191 1628 5261 δυνάμει
1661 5206 1720 5242 τε
1753 5190 1846 5242 καὶ

271 5279 493 5351 ἐξουσίᾳ
544 5279 900 5350 πατούμενον.
962 5282 1190 5353 Ὁμοίως
1239 5281 1347 5354 γὰρ
1392 5285 1785 5335 καταπατεῖται
1817 5283 1846 5335 6

269 5372 411 5426 λέων
441 5389 501 5425 τε
529 5373 624 5426 καὶ
651 5375 680 5426 6
706 5372 941 5442 δράκων,
969 5372 1038 5426 τὰ
1069 5373 1420 5444 ὑπερέχοντα,
1451 5374 1480 5427 6
1506 5391 1566 5426 τε
1599 5373 1722 5442 δφις
1752 5373 1845 5426 καὶ

270 5467 302 5518 6
323 5465 601 5536 σκορπίος,
627 5464 696 5518 τὰ
716 5464 974 5519 δοκοῦντα
1001 5465 1418 5536 καταδεέστερα.
1450 5460 1576 5519 Οἷόν
1601 5483 1654 5518 τι
1679 5465 1843 5534 λέγω⁶

273 5554 372 5610 Ἓν
405 5560 517 5621 τοῖς
543 5557 923 5612 ἀκολουθοῦσιν
952 5558 1101 5629 αύτῷ
1141 5558 1319 5629 ὄχλοις
1349 5557 1472 5630 ὅρη,
1503 5556 1776 5628 δαιμόνια,
1805 5557 1840 5629 ἢ

345 5733 391 5767 ’⁸
432 5732 580 5792 Psal.
634 5753 801 5801 sun,
845 5737 897 5792 9.
996 5738 1040 5769 7"
1069 5735 1228 5793 llcbr.
1266 5753 1303 5807 ι,
1334 5735 1386 5794 ΕΞ.

1485 5737 1528 5770 ⁸ο
1562 5734 1706 5791 Psal.
1743 5749 1861 5801 ειν,
1894 5733 1946 5787 ’5.

1952 4562 2036 4610 est
2065 4556 2282 4608 locutus
2316 4567 2329 4602 :
2359 4561 2413 4606 et
2447 4558 2570 4620 post
2600 4562 2788 4603 vocem
2822 4546 2970 4600 venit
3003 4543 3239 4597 Verbum
3261 4583 3275 4606 ,
3324 4542 3527 4597 saliens

1953 4660 2120 4716 supra
2153 4653 2368 4698 montes
2392 4644 2672 4706 adversos,
2702 4645 2758 4693 et
2793 4638 2848 4691 in
2885 4636 3054 4690 colles
3085 4633 3424 4694 transiliens,
3461 4648 3526 4686 ex

1951 4749 2108 4802 aquo
2137 4747 2354 4786 omnem
2401 4744 2522 4798 qua
2571 4729 2640 4781 ab
2683 4727 2802 4796 ipso
2832 4723 3032 4779 defecit
3065 4730 3390 4792 potestatem
3423 4721 3526 4775 sibi

1954 4825 2188 4881 reddens
2203 4823 2530 4892 subjectam,
2553 4829 2660 4873 tam
2681 4832 2804 4888 qua
2827 4825 2910 4872 est
2929 4816 3200 4885 superior,
3220 4827 3384 4883 quam
3407 4828 3528 4881 qua

1953 4924 2038 4972 est
2066 4914 2296 4969 inferior
2328 4920 2382 4966 et
2412 4913 2612 4965 minor.
2652 4907 2770 4962 Hoc
2797 4907 2941 4961 enim
2968 4903 3276 4960 subindicat
3305 4901 3524 4954 collium

1953 5024 1984 5064 a
2008 5006 2286 5062 montibus
2330 5002 2656 5064 dillerentia,
2694 4998 2840 5068 quod
2880 4997 2935 5052 id
2961 4994 3106 5066 quod
3137 4993 3349 5048 excellit
3385 4991 3527 5045 inter

1953 5097 2318 5159 adversarios,
2372 5109 2526 5164 aque
2572 5091 2838 5155 deleatur,
2895 5098 2950 5141 et
3009 5083 3196 5140 eadem
3227 5083 3431 5136 virtute
3463 5096 3526 5135 ac

1952 5197 2225 5262 potestate
2261 5185 2638 5248 conculcetur,
2689 5188 2853 5246 atque
2892 5177 2945 5232 id
2977 5175 3123 5246 quod
3160 5181 3242 5230 est
3270 5172 3523 5228 inferius.
3611 5189 3619 5197 ·

1955 5281 2220 5337 Similiter
2269 5278 2420 5333 enim
2470 5274 2866 5329 conculcantur
2918 5269 3004 5323 leo
3067 5275 3122 5322 et
3183 5267 3371 5330 draco,
3429 5263 3520 5332 qui

1952 5376 2213 5437 eminent,
2267 5378 2431 5440 atque
2485 5381 2714 5437 serpens
2762 5371 2816 5419 et
2864 5359 3116 5430 scorpius
3143 5357 3234 5427 qui
3264 5355 3520 5409 videntur

1953 5467 2264 5522 inferiores.
2311 5460 2556 5530 Exempli
2591 5473 2761 5513 causa
2795 5473 2808 5510 :
2843 5454 2901 5510 In
2933 5453 3108 5509 turbis
3135 5465 3255 5520 qua
3278 5463 3400 5503 cum
3429 5461 3520 5500 se-

1949 5560 2256 5631 quebantur
2296 5560 2454 5611 erant
2509 5560 2744 5618 montes,
2783 5549 3079 5611 damones,
3119 5549 3215 5598 aut
3252 5542 3309 5596 in
3354 5552 3521 5612 syna-

2025 5731 2066 5762 ’“
2090 5729 2277 5785 Matth.
2310 5743 2438 5796 xvn,
2474 5727 2552 5781 19.
