1927 3108
164 143 218 171 353
777 148 807 177 S.
826 147 989 178 GREGOBII
1008 147 1154 177 NYSSENI
1735 142 1796 171 δίει

166 201 255 235 κυεῖν,
282 204 330 228 aut
357 201 384 229 in
411 203 521 239 regione
547 204 759 240 Gerasenorum.
784 207 873 235 autin
889 208 950 236 aliis

1005 209 1030 235 tv
1040 209 1100 239 ταῖς
1109 206 1279 241 συναγωγαῖς
1290 202 1336 240 ἦν,
1346 204 1363 240 ἢ
1377 205 1406 231 tv
1415 204 1448 239 τῇ
1459 202 1537 238 χώρᾳ
1545 200 1600 229 τῶν
1610 201 1792 238 Γερασηνῶν,

164 248 258 276 multis
272 247 811 285 locis,quierigebanturetextollebanturr
819 254 952 282 adversus

165 293 313 321 humanam
329 298 468 323 naturam.
485 294 525 322 Ex
541 295 575 323 iis
589 300 654 324 sunt
665 301 693 325 et
704 298 789 326 colles
803 304 831 326 et
845 303 952 327 montes

164 339 330 368 excellentes
354 344 382 368 et
409 340 564 369 inferiores.
589 342 643 370 Sed
662 344 795 372 hinnulus
808 352 951 372 cervorum

165 384 211 419 qui
232 385 371 413 consumit
395 390 547 422 serpentes,
570 392 598 415 et
626 389 672 424 qui
693 389 775 417 etiam
803 389 953 425 discipulos

166 430 272 466 perlicit
289 431 317 458 in
346 436 472 460 naturam
497 440 654 468 cervorum,
676 442 738 463 cum
763 436 831 463 dicit
860 445 867 463 :
888 436 954 463 Dedi

165 476 236 502 vobis
260 481 416 510 potestatem
442 478 565 505 calcandi
582 487 660 513 super
687 485 817 514 serpentes
836 486 861 507 et
879 489 952 508 scor-

165 519 222 554 pios
237 520 260 535 "
274 540 281 552 .
309 520 335 547 in
356 528 453 548 omnes
469 530 502 549 ex
517 530 596 557 aquo
609 524 728 557 plantam
747 525 878 558 immittit,
896 526 953 552 haac

166 567 193 590 et
208 563 317 600 fugans,
335 569 361 592 et
378 566 413 593 ab
430 566 472 594 his
491 566 523 594 ad
540 568 592 595 alia
611 569 779 600 transiliens.
793 573 821 596 ut
838 578 885 605 per
897 570 953 597 haec

166 614 296 644 appareat
318 612 480 647 magnitudo
496 621 589 641 eorum
604 615 650 649 qui
668 615 693 641 in
716 616 802 642 altum
821 616 954 643 tolluntur

165 663 198 682 ex
226 656 337 689 virtute,
355 665 410 685 non
424 658 542 693 amplius
558 660 704 688 obscurata
720 669 736 688 a
751 662 868 689 collibus
884 663 952 690 vitii.

166 699 301 729 Videntur
323 703 396 730 enim
421 710 528 732 montes
553 705 646 733 Bethel
669 714 702 733 ex
727 707 953 743 interpretatione

167 747 298 779 nominis,
318 749 463 777 ostendere
486 751 622 778 excelsam
645 755 673 779 et
695 753 833 780 cmlestem
858 754 952 781 vitam.

167 790 233 819 Nam
260 793 371 821 domum
396 795 440 822 Dei
468 795 538 823 hanc
557 797 713 832 significare
738 799 896 832 dictionem,
912 800 955 827 di-

166 842 233 865 cunt
248 839 265 865 ii
280 841 326 875 qui
345 841 436 868 sciunt
452 843 570 877 linguam
589 844 742 872 llebrzcam.
765 846 835 873 Dicit
850 848 952 882 itaque,

167 884 252 919 Super
273 892 372 914 montes
396 888 497 916 Bel/tel.
522 890 576 917 Eos
598 890 666 917 vidit
691 897 823 926 purgatus
844 898 870 920 et
890 902 951 929 per-
969 889 989 916 Β

167 930 262 964 spicax
277 931 375 959 anima:
388 934 496 965 oculus,
513 935 560 969 qui
577 943 640 961 cum
653 935 754 963 divinis
769 937 823 965 illis
837 938 952 966 saltibus

166 975 213 1009 qui
239 975 306 1003 fiunt
330 977 463 1006 adversus
486 980 616 1008 adversos
645 982 740 1013 colles,
766 983 848 1010 simul
876 987 948 1011 tran-

166 1021 238 1055 silit;
272 1027 300 1050 et
333 1023 368 1051 de
383 1029 505 1060 tempore
531 1029 604 1060 qiiod
630 1031 724 1062 postea
749 1031 791 1055 est
817 1028 952 1064 futurum,

166 1071 296 1103 tanquam
318 1069 351 1097 de
371 1077 426 1104 iam
447 1076 579 1105 praesente
601 1073 682 1099 verba
708 1072 792 1100 facit:
810 1079 952 1110 propterea

167 1113 239 1147 quod
257 1114 293 1141 sit
307 1119 382 1141 certa
394 1119 421 1142 et
446 1114 598 1144 indubitata
628 1126 688 1152 quae
713 1123 839 1153 speratur
853 1121 952 1156 gratia,

167 1164 243 1191 spem
271 1163 400 1193 tanquam
425 1167 494 1195 opus
521 1161 572 1191 iam
597 1160 697 1189 factum
726 1163 845 1190 intuens.

202 1256 274 1284 Dicit
303 1257 387 1289 enim,
417 1259 491 1293 quod
518 1259 678 1293 qui,nobili
704 1260 844 1287 celeritate
871 1262 953 1290 saltat

167 1302 299 1330 adversus
323 1307 449 1335 montes,
477 1307 504 1330 et
532 1312 547 1330 a
572 1304 690 1332 collibus
718 1305 744 1331 in
765 1305 848 1333 colles
877 1310 953 1334 tran—

167 1350 239 1381 silit,
258 1351 377 1384 seipsum
399 1350 518 1376 ostendit
538 1350 716 1382 immobilem,
739 1357 800 1385 post
822 1352 952 1385 parietem

167 1403 291 1427 manens,
314 1400 341 1423 et
359 1403 392 1423 ex
415 1396 546 1423 cancellis
565 1396 645 1423 verba
667 1396 779 1424 faciens.
800 1398 845 1425 Sic
861 1405 951 1426 autem

166 1441 249 1468 habet
270 1441 455 1469 textus:Ecce
478 1442 519 1468 hic
548 1447 602 1468 stat
626 1447 684 1476 post
702 1444 830 1477 parietem
854 1452 951 1475 meant,

165 1487 326 1521 prospiciens
353 1495 398 1520 per
419 1487 557 1521 fenestras,
582 1495 710 1521 apparens
737 1495 781 1523 per
811 1488 951 1515 cancellos.

165 1532 255 1566 Atque
284 1531 357 1566 quod
393 1533 572 1567 corporaliter
596 1533 705 1567 quidem
729 1534 894 1561 describitur
919 1534 954 1560 ab

165 1578 299 1609 oratione,
325 1582 367 1605 est
388 1578 522 1613 ejusmodi
535 1586 542 1604 :
556 1577 623 1604 Cum
648 1586 748 1613 sponsa
765 1579 839 1606 intus
862 1584 955 1606 custo-

165 1624 257 1651 diente
284 1624 411 1655 domum,
444 1631 491 1658 per
520 1623 654 1651 fenestras
689 1629 795 1651 amator
822 1625 952 1657 disserit,

165 1672 193 1694 et
219 1668 323 1703 pariete
350 1669 513 1695 intermeilio
544 1673 691 1704 utrumque
727 1675 854 1703 arcente,
885 1671 953 1698 citra

166 1714 251 1742 ullum
282 1714 525 1749 impedimentum,
554 1714 583 1742 fit
609 1717 743 1743 sermonis
767 1717 953 1744 communica-

165 1761 215 1792 tio,
231 1768 279 1795 per
301 1760 434 1788 fenestras
448 1760 557 1795 quidem
571 1769 601 1788 se
612 1761 772 1789 demittente
788 1763 888 1796 capite,
906 1771 953 1797 per

164 1806 301 1834 cancellos
324 1811 413 1833 autem
445 1807 491 1841 qui
523 1812 587 1834 sunt
618 1808 644 1834 in
675 1807 812 1839 fenestris,
838 1809 952 1836 interius

163 1852 244 1879 oculo
258 1852 435 1887 despiciente.
456 1852 612 1888 Anagogica
634 1858 724 1880 autem
748 1856 952 1889 comtemplatio

164 1899 288 1933 sequitur
298 1907 408 1926 sensum
427 1899 502 1934 prius
514 1900 708 1926 examinatum.
728 1900 777 1927 Vi‘a
793 1901 866 1928 enim
883 1910 951 1928 con-

163 1944 312 1979 sequentia:
352 1945 499 1972 humanam
528 1950 654 1972 naturam
692 1945 747 1974 Deo
774 1947 950 1982 conjunctam

164 1990 252 2018 reddit
284 1991 383 2022 oratio,
410 1991 526 2026 primum
553 1992 663 2027 quidem
697 1992 783 2027 ipsam
811 1994 951 2021 illustrans

163 2044 211 2071 per
225 2037 372 2072 prophetas
383 2043 410 2064 et
423 2042 556 2072 praecepta
572 2038 648 2073 legis.
665 2038 711 2065 Sic
730 2039 801 2065 enim
820 2039 951 2074 intelligi—

162 2091 235 2115 mus,
252 2083 386 2111 fenestras
400 2085 510 2119 quidem
534 2085 692 2119 prophetas,
722 2084 769 2119 qui
785 2085 874 2112 lumen
904 2085 949 2112 in-

162 2129 332 2156 troducunt:
361 2129 499 2157 cancellos
515 2133 617 2161 autem,
647 2129 775 2164 legalium
801 2133 950 2164 praecepto-

162 2183 223 2201 rum
246 2175 469 2202 connexionem:
502 2182 550 2209 per
578 2183 638 2210 quas
662 2175 743 2202 ambo
772 2176 845 2202 intro
877 2176 950 2202 subit

1002 254 1019 290 ἢ
1037 255 1066 280 ὲν
1083 253 1187 289 ἑτέροις
1206 252 1298 283 τόποις
1316 250 1437 281 πολλοῖς,
1453 248 1523 276 κατά
1541 247 1593 283 τῆς
1615 247 1795 283 ἀνθρωπίνης

1004 302 1111 336 φύσεως
1124 300 1264 336 ὑψούμενά
1285 308 1315 326 τε
1336 299 1384 326 καὶ
1398 297 1599 334 κορυφούμενα.
1623 296 1671 323 Ἐκ
1683 295 1794 323 τούτων

1002 345 1075 383 ἦσαν
1089 346 1177 383 βουνοὶ
1190 345 1237 373 καὶ
1247 345 1298 381 δρη
1310 343 1488 380 ὑπερέχοντες
1500 351 1530 369 τε
1541 342 1588 368 καὶ
1599 340 1790 375 ὑποκείμενον

1003 395 1061 423 ἀλλ’
1076 395 1090 421 ό
1104 393 1198 429 νεϐρὸς
1212 392 1267 420 τῶν
1280 391 1396 426 ὲλάφων,
1411 391 1426 417 ό
1440 389 1606 421 ἀναλωτικδς
1618 388 1672 415 τῶν
1687 388 1792 422 δφεων.

1002 440 1018 466 ό
1032 439 1079 466 καὶ
1095 439 1157 470 τοὺς
1176 436 1298 473 μαθητὰς
1315 437 1355 467 είς
1375 435 1424 471 τὴν
1439 434 1492 461 τῶν
1504 433 1611 468 ἐλάφων
1626 432 1794 468 καταρτιζόο

1006 493 1084 519 μενος
1106 483 1197 518 φύσιν,
1217 483 1245 508 ὲν
1263 478 1303 513 οἷς
1323 480 1413 514 λέγει,
1430 479 1470 506 ὅτι
1486 478 1601 505 Δέδωκα
1616 477 1688 512 ὑμῖν
1703 476 1791 509 ἐξου-

1004 532 1076 558 σίαν
1087 530 1139 557 τοῦ
1154 529 1258 556 πατεῖν
1271 526 1369 554 ἐπάνω
1382 525 1441 552 τῶν
1454 525 1550 559 ὄφεων
1562 524 1610 551 καί
1625 523 1790 557 σκορπίων,

1005 579 1087 604 πᾶσιν
1111 576 1207 611 ἐπίσης
1224 574 1362 601 ἐπιϐάλλει
1384 572 1414 599 τὸ
1433 572 1522 607 ἴχνος,
1540 570 1627 596 ταῦτά
1648 577 1678 595 τε
1698 577 1792 603 φυγα-

1004 623 1099 654 δεύων,
1117 621 1164 649 καὶ
1172 620 1369 656 μεθαλλόμενος
1383 618 1436 645 ἀπὸ
1450 617 1551 644 τούτων
1565 615 1633 651 πρὸς
1645 615 1738 649 ἕτερα,
1753 614 1792 645 ὡς

1005 669 1050 695 διὰ
1067 668 1167 694 τούτων
1185 666 1216 692 τὸ
1235 665 1347 701 μέγεθος
1367 664 1419 690 τῶν
1438 664 1497 690 κατ’
1515 662 1613 698 ἀρετὴν
1629 661 1793 696 ὑψουμὲνων

1005 714 1183 748 ἀναφανῆναι,
1204 711 1301 747 μηκέτι
1314 711 1370 741 τοῖς
1385 709 1531 744 γεωλόφοις
1548 708 1598 742 τῆς
1613 706 1712 738 κακίας
1725 706 1792 732 ἐπι-

1006 760 1193 795 σκοτούμενον.
1207 758 1247 784 Τὰ
1262 757 1316 792 γὰρ
1330 757 1380 792 ὅρη
1399 754 1501 790 Βαιθὴλ
1525 754 1612 780 ἔοικεν
1625 754 1657 780 ὲκ
1672 751 1722 779 τοῦ
1736 751 1795 778 ὀνό-

1008 815 1090 842 ματος
1106 806 1156 840 τῆς
1172 803 1334 839 ἑρμηνείας,
1351 802 1396 828 τὸν
1416 801 1516 836 ὑψηλὸν
1534 799 1582 827 καὶ
1601 798 1726 834 οὐράνιον
1745 798 1793 823 ἐν·

1004 852 1157 880 δείκνυσθαι
1171 851 1237 886 βίον.
1256 848 1335 876 Οῐκον
1351 849 1403 884 γὰρ
1417 847 1485 874 Θεοῦ
1500 845 1643 882 σημαίνειν
1654 844 1705 879 τὴν
1718 842 1795 875 λέξιν

1004 898 1104 933 ταύτην
1124 897 1206 932 φασὶν
1225 897 1250 923 οἱ
1266 896 1315 931 τῆς
1340 893 1471 929 Ἐϐραίων
1485 892 1577 926 φωνῆς
1597 889 1794 925 ἐπιστήμονες.

1005 944 1050 970 Διό
1067 951 1160 978 φησιν,
1185 941 1247 967 Ἐπὶ
1264 941 1299 966 τὰ
1315 939 1368 973 ὄρη
1382 936 1506 969 Butam.
1526 933 1587 961 Εἷδε
1605 933 1694 960 ταῦτα
1713 933 1729 959 δ
1747 941 1796 958 κε-

1005 988 1177 1024 καθαρμένος
1196 986 1243 1013 καὶ
1261 984 1411 1020 διορατικὺς
1430 984 1480 1018 τῆς
1495 980 1585 1016 ψυχῆς
1606 978 1746 1014 ὀφθαλμὸς
1757 998 1766 1010 ,
1779 979 1794 1005 ὁ

1004 1037 1060 1067 τοῖς
1072 1035 1153 1065 θείοις
1168 1033 1281 1063 ἐκείνοις
1298 1030 1399 1065 ἃλμασι
1409 1029 1464 1060 τοῖς
1483 1026 1554 1054 κατά
1567 1026 1622 1052 τῶν
1636 1023 1795 1059 ἀντικειμέ-

1005 1091 1058 1109 νων
1068 1080 1212 1115 γεωλόφων
1223 1076 1375 1112 γινομένοις
1391 1083 1421 1101 συ
1426 1071 1654 1109 μμεθαλλόμενος·
1666 1070 1714 1097 καὶ
1726 1070 1795 1105 περὶ

1005 1128 1051 1155 τοῦ
1067 1127 1162 1162 χρόνου
1185 1124 1297 1158 ὕστερον
1316 1120 1513 1156 γενησομένου,
1531 1118 1569 1149 ὡς
1587 1117 1636 1152 ήδη
1658 1116 1795 1162 παρόντος

1005 1160 1120 1200 ποιείται
1131 1171 1176 1197 τὸν
1186 1170 1263 1203 λόγον
1273 1177 1279 1183 ·
1296 1167 1341 1195 διὰ
1357 1167 1387 1193 τὸ
1401 1165 1495 1192 πιστόν
1509 1172 1538 1190 τε
1549 1163 1596 1189 καὶ
1607 1160 1794 1197 ἁναμφίὸολον

1003 1219 1052 1254 τῆς
1063 1216 1240 1251 ἐλπιζομένης
1251 1214 1371 1249 χάριτος,
1381 1212 1418 1243 ὡς
1426 1211 1505 1246 ἔργον
1512 1209 1560 1244 τὴν
1571 1207 1665 1254 ὲλττίδα
1673 1206 1792 1254 βλέπων.

1038 1261 1106 1296 Φηώ¹
1121 1260 1186 1295 γὰρ,
1201 1260 1241 1285 ὅτι
1257 1259 1271 1285 ὁ
1287 1256 1358 1284 κατά
1371 1256 1425 1282 τῶν
1442 1255 1527 1290 ὀρέων
1547 1252 1640 1288 πηδῶν
1656 1252 1795 1287 εὐκινήτῳ

1005 1308 1043 1343 τῷ
1058 1308 1145 1342 τάχει,
1172 1305 1218 1332 καὶ
1237 1304 1276 1335 είς
1300 1302 1410 1338 βουνοὺς
1431 1300 1485 1327 ἀπὸ
1506 1299 1608 1335 βουνῶν
1624 1298 1796 1334 μεθαλλόμεο

1005 1362 1059 1384 νος,
1078 1352 1208 1386 στάσιμον
1227 1350 1361 1376 δείκνυσιν
1379 1347 1474 1374 ἑαυτὸν
1498 1346 1613 1372 κατόπιν
1630 1344 1678 1370 τοῦ
1699 1344 1794 1378 τοίχου

1006 1400 1158 1434 γενόμενος,
1171 1397 1217 1424 καὶ
1231 1397 1263 1422 ὲκ
1277 1395 1330 1422 τῶν
1345 1393 1460 1421 δικτύων
1474 1393 1527 1419 τῶν
1541 1392 1656 1427 θυρίδων
1668 1391 1795 1424 διαλεγό-

1008 1454 1095 1481 μενος.
1111 1444 1186 1479 Ἔχει
1197 1443 1224 1469 δὲ
1238 1442 1323 1473 οὕτως
1340 1440 1453 1475 ὴλέξις·
1474 1438 1550 1466 Ἰδοὺ
1563 1435 1652 1470 οὗτος
1663 1437 1796 1470 ἕστηκεν

1007 1492 1101 1518 ὀπίσω
1115 1490 1167 1517 τοῦ
1180 1490 1282 1522 τοίχου
1293 1486 1386 1521 ήμῶν,
1399 1485 1599 1519 παρακύπτωγ
1608 1483 1657 1510 διὰ
1668 1482 1729 1509 τῶν
1742 1483 1798 1509 θυ-

1002 1537 1113 1571 ρίδων,
1133 1535 1287 1561 suum:er
1309 1533 1357 1559 διὰ
1377 1531 1436 1558 τῶν
1457 1531 1593 1558 δικτύων.
1617 1529 1654 1556 Τὸ
1675 1529 1725 1565 μὲν
1745 1527 1797 1555 οὖν

1006 1581 1168 1617 σωματικῶς
1200 1581 1228 1606 ὲν
1257 1579 1296 1614 τῷ
1327 1578 1399 1613 λόγῳ
1427 1576 1668 1612 ὑπογραψάμενον,
1702 1573 1797 1601 τοιοῦ-

1004 1629 1049 1654 τον
1076 1628 1148 1653 ἐστιν
1161 1634 1167 1640 ·
1191 1626 1232 1651 ὅτι
1253 1625 1325 1650 ἔνδον
1344 1622 1522 1658 οἰκουροῦσαν
1543 1621 1592 1655 τὴν
1610 1619 1720 1655 νύμφην
1747 1618 1798 1645 διὰ

1004 1673 1058 1699 τῶν
1080 1672 1193 1707 θυρίδων
1213 1672 1227 1696 ό
1248 1669 1363 1705 ἐραστὴς
1381 1668 1551 1702 διαλέγεται,
1574 1667 1622 1692 κα)⁴
1639 1664 1687 1692 τοῦ
1702 1664 1797 1699 τοίχου

1004 1718 1075 1746 κατὰ
1097 1718 1128 1744 τὸ
1151 1717 1231 1752 μέσον
1257 1715 1427 1750 ἀμφοτέρους
1448 1713 1628 1748 διείργοντος,
1647 1710 1798 1745 ἀνεμπόδιο

1005 1774 1066 1796 στος
1092 1764 1196 1798 γίνεται
1224 1761 1272 1789 τοῦ
1294 1761 1373 1795 λόγου
1391 1761 1408 1796 ή
1432 1759 1574 1790 κοινωνία,
1600 1757 1645 1784 διὰ
1671 1757 1721 1792 μὲν
1746 1755 1798 1782 θυ-

1004 1811 1084 1847 ρίδων
1112 1810 1161 1845 τῆς
1187 1808 1307 1843 κεφαλῆς
1335 1805 1582 1842 παραχυπτούσης,
1610 1802 1654 1830 διὰ
1681 1803 1711 1829 δὲ
1738 1802 1798 1828 τῶν

1003 1856 1117 1883 δικτύων
1147 1856 1200 1881 τῶν
1217 1855 1245 1880 ὲν
1274 1854 1334 1884 ταῖς
1365 1851 1455 1886 θυρίσι
1482 1850 1550 1885 πρὸς
1578 1849 1614 1876 τὰ
1638 1848 1714 1880 ἐντὸς
1744 1847 1797 1874 τοῦ

1003 1901 1140 1936 ὀφθαλμοῦ
1155 1899 1360 1930 ὃιακύπτοντος.
1382 1899 1413 1924 Ἡ
1428 1897 1457 1923 δὲ
1471 1896 1544 1923 κατὰ
1558 1894 1706 1929 ἀναγωγὴν
1723 1893 1796 1920 θεω-

1004 1948 1049 1983 pla.
1079 1948 1128 1982 τῆς
1145 1944 1385 1980 προεξητασμένης
1396 1943 1486 1978 ἔχεται
1499 1940 1628 1971 διανοίας.
1654 1939 1724 1975 ὀδῴ
1737 1939 1796 1975 γὰρ

1002 1994 1048 2020 καὶ
1067 1991 1210 2026 ἀκολουθίᾳ
1231 1990 1397 2025 προσοικειοϊ
1419 1987 1457 2023 τῷ
1477 1986 1536 2022 Θεῷ
1554 1986 1604 2021 τὴν
1618 1984 1797 2021 ἀνθρωπίνην

1002 2039 1083 2073 φύσιν
1098 2039 1111 2064 ὁ
1125 2037 1215 2071 λόγος,
1231 2035 1339 2071 πρῶτον
1355 2035 1404 2070 μὲν
1420 2033 1505 2069 αὐτὴν
1519 2031 1564 2059 διὰ
1577 2031 1632 2058 τῶν
1644 2031 1796 2067 προφητῶν

1004 2082 1183 2116 καταυγάζων
1200 2082 1246 2108 καὶ
1266 2081 1320 2106 τῶν
1336 2079 1455 2115 νομικῶν
1469 2077 1720 2113 παραγγελμάτων.
1738 2075 1795 2103 οὕ-

999 2138 1054 2161 τως
1077 2129 1131 2164 γὰρ
1155 2127 1279 2162 νοοῦμεν,
1299 2126 1409 2161 θυρίδας
1432 2125 1480 2160 μὲν
1493 2124 1556 2156 τοὺς
1570 2122 1714 2159 προφήτας
1729 2123 1796 2153 τοὺς

1001 2175 1032 2202 τὸ
1046 2174 1104 2209 φῶς
1118 2174 1277 2207 εἰσάγοντας
1289 2181 1296 2187 θ
1310 2172 1406 2198 δίκτυα
1425 2170 1454 2197 δὲ
1466 2169 1514 2205 τὴν
1528 2168 1584 2195 τῶν
1597 2169 1722 2203 νομίμων
1744 2175 1797 2194 πα.-

162 2220 292 2256 splendor
302 2221 358 2247 veri
371 2221 494 2247 luminis.
507 2220 574 2247 Post
593 2221 650 2247 haec
665 2224 754 2248 autem
768 2225 810 2249 est
829 2221 948 2256 perfecta

1005 2221 1201 2258 ραγγελμάτων
1214 2220 1317 2254 πλοκήν
1328 2226 1336 2235 ’
1352 2218 1385 2245 δι’
1399 2214 1437 2244 ὧν
1451 2216 1613 2252 ἀμφοτέρων
1629 2215 1646 2250 ἡ
1659 2214 1732 2249 αὐγὴ
1745 2213 1795 2240 τοῦ

162 2268 232 2295 lucis
250 2266 425 2298 illuminatio,
447 2267 557 2301 quando
573 2266 699 2300 apparuit
715 2274 778 2294 vera
795 2266 840 2293 lux
857 2267 891 2294 iis
904 2268 951 2302 qui

162 2313 257 2341 sedent
280 2313 306 2339 in
325 2312 445 2340 tenebris
462 2316 489 2339 et
515 2312 541 2338 in
566 2312 663 2339 umbra
687 2311 795 2344 mortis,
824 2319 871 2346 per
886 2320 953 2339 con-

163 2359 389 2394 temperationem
426 2365 489 2384 cum
520 2362 615 2385 nostra
643 2361 752 2384 natura.
783 2358 863 2386 Prius
887 2367 951 2394 ergo

162 2406 322 2441 splendores
336 2405 556 2440 propheticarum
585 2404 828 2440 intelligentiarum
856 2406 952 2432 anima:

163 2453 364 2484 illucescentes,
387 2458 434 2486 per
450 2458 464 2477 a
484 2451 563 2478 nobis
588 2455 679 2479 mente
704 2451 855 2479 intellectas
879 2451 953 2478 fene-

162 2503 235 2526 stras
263 2501 291 2525 et
311 2497 459 2529 cancellos,
485 2496 635 2524 immittunt
661 2496 827 2524 desiderium
842 2496 951 2524 videndi

162 2544 247 2571 solem
258 2543 310 2570 sub
326 2542 381 2569 dio.
402 2541 503 2570 Deinde
518 2542 558 2569 sic
571 2540 598 2567 id
614 2540 687 2575 quod
703 2540 875 2569 desideratur
889 2548 951 2575 pro-

161 2590 233 2617 cedit
249 2589 282 2616 ad
295 2588 431 2616 elfectum.

194 2680 346 2708 Audiamus
354 2684 444 2707 autem
454 2685 578 2714 quaenam
587 2677 653 2705 dicit
661 2677 788 2705 Ecclesiae
795 2676 818 2705 is
827 2677 872 2712 qui
883 2684 949 2704 non-

159 2725 224 2753 dum
232 2731 273 2753 est
281 2727 350 2753 intra
358 2727 485 2761 parietem
491 2724 548 2757 ,sed
554 2728 607 2752 stat
615 2731 661 2759 per
668 2723 799 2752 fenestras
808 2724 881 2751 illam
888 2724 951 2750 allo-

160 2779 256 2806 quens.
267 2771 500 2805 Respondctemm,
514 2769 610 2804 inquit,
619 2770 745 2804 patruelis
760 2778 842 2802 meus,
854 2769 949 2797 eldicit

198 2872 220 2887 ¹¹
232 2870 298 2899 Luc.
318 2879 344 2907 κ,
360 2872 400 2900 19.

1002 2267 1128 2302 ἀληθινοῦ
1148 2266 1235 2301 φωτὸς
1257 2265 1303 2291 ἐπὶ
1320 2265 1354 2291 τὰ
1380 2263 1455 2294 me;
1483 2261 1686 2298 παρεισδύεται.
1714 2261 1796 2288 Μετὰ

1001 2313 1088 2340 ταῦτα
1115 2313 1143 2338 δὲ
1169 2313 1185 2347 ὴ
1214 2310 1304 2337 τελεία
1325 2309 1371 2336 τοῦ
1391 2309 1480 2344 φωτὸς
1507 2307 1641 2343 ἑλλαμψις
1670 2307 1794 2341 γίνεται,

1000 2361 1064 2387 ὅταν
1082 2359 1199 2393 ἐπιφανῇ
1214 2357 1244 2383 τὸ
1263 2356 1320 2391 φῶς
1333 2355 1363 2382 τὸ
1376 2355 1503 2393 ἀληθινὸν
1517 2356 1573 2386 τοῖς
1587 2354 1616 2380 ὲν
1637 2353 1730 2380 σκότει
1746 2353 1796 2380 καὶ

1003 2406 1066 2441 σκιᾷ
1079 2404 1254 2439 καθημένοις,
1266 2402 1309 2429 διὰ
1323 2402 1373 2437 τῆς
1390 2401 1458 2437 πρὸς
1470 2401 1520 2436 τὴν
1535 2401 1616 2435 φύσιν
1634 2401 1715 2435 ἡμῶν
1732 2409 1796 2427 συν-

1003 2450 1187 2486 ανακράσεως.
1214 2448 1348 2484 Πρότερον
1369 2445 1424 2480 οὖνί
1439 2447 1467 2472 αἱ
1488 2446 1569 2479 αὐγαὶ
1583 2445 1639 2472 τῶν
1657 2453 1797 2481 προφητι-

1003 2498 1058 2525 κῶν
1073 2506 1103 2523 τε
1117 2496 1163 2523 καὶ
1178 2494 1298 2530 νομικῶν
1313 2493 1455 2529 νοημάτων
1468 2492 1656 2528 ὲλλάμπουσαι
1671 2493 1705 2527 τῇ
1718 2492 1794 2527 ψυχῇ

1001 2543 1046 2570 διὰ
1068 2542 1121 2569 τῶν
1147 2540 1292 2576 νοηθεισῶν
1316 2540 1382 2575 ἡμῖν
1399 2538 1514 2573 θυρίδων
1539 2546 1568 2564 τε
1593 2537 1641 2564 καὶ
1663 2537 1794 2570 δικτύων,

1002 2588 1149 2623 ἐπιθυμίαν
1161 2585 1305 2621 ἐμποιοῦσι
1319 2584 1365 2611 τοῦ
1382 2584 1446 2611 ίδείν
1457 2584 1486 2610 ὲν
1501 2583 1627 2618 ὑπαίθρῳ
1641 2582 1688 2609 τὸν
1704 2583 1794 2618 ἣλιον.

1002 2633 1058 2662 Εἶθ’
1072 2633 1157 2665 οὕτως
1167 2632 1197 2658 τδ
1212 2631 1378 2666 ποθούμενον
1396 2631 1435 2661 είς
1451 2629 1531 2664 ἔργον
1546 2629 1722 2664 προέρχεται.

1046 2679 1216 2714 Ἀκούσωμεν
1233 2678 1262 2704 δὲ
1275 2675 1319 2703 οἷα
1344 2676 1412 2711 πρὸς
1427 2676 1478 2711 τὴν
1506 2675 1669 2710 Ἐκκλησίαν
1684 2675 1762 2702 λαλεῖ
1780 2676 1796 2702 ὀ

1004 2727 1088 2762 μήπω
1103 2725 1178 2756 ἐντὸς
1192 2723 1238 2750 τοῦ
1249 2722 1338 2757 τοίχου
1351 2721 1495 2756 γενόμενος
1506 2741 1513 2753 ,
1529 2721 1586 2747 ἀλλ’
1601 2720 1666 2756 ἔστη
1683 2721 1729 2747 διὰ
1739 2720 1797 2747 τῶν

1004 2770 1178 2807 φωταγωγῶν
1201 2769 1270 2805 αὐτῇ
1296 2767 1563 2804 προσφθεγγόμενος.
1593 2766 1797 2801 Ἀποκρινεται
