3854 6216
299 366 408 420 885

1354 357 1428 422 IN,
1456 351 1757 413 CANTICA
1793 348 2063 406 CANTIC.
2118 349 2400 406 IIOMILIA
2445 352 2510 406 ν.

3453 347 3558 405 366

298 490 431 560 γὰρ,
459 486 645 558 φησὶν.
677 488 711 540 d
737 484 1058 555 ἀδελφιδός
1074 501 1222 554 μου,
1247 498 1344 537 και
1371 482 1532 550 λέγει
1549 479 1652 546 μοι
1666 492 1679 505 ’
1715 472 1884 529 Ἀνά-

1989 471 2114 524 mihi
2146 487 2164 525 :
2193 471 2380 544 Surge,
2408 473 2540 535 veni,
2571 472 2865 542 propinqua
2889 486 3024 534 mea,
3048 467 3270 538 pulchra
3305 481 3440 533 mea,
3469 482 3559 519 co-

300 596 442 644 στα,
467 578 627 641 ἐλθὲ,
668 579 707 645 ἡ
743 577 1010 645 πλησίον
1033 593 1175 646 μου,
1200 573 1357 640 καλή
1392 591 1531 642 μου,
1567 563 1884 638 περιστερά

297 689 440 742 μου.
475 671 603 724 Ὀτι
637 669 767 724 ίδοὺ
797 672 831 723 ὁ
847 668 1066 738 χειμὼν
1085 664 1414 733 παρῆλθεν,
1440 665 1472 716 ὀ
1493 660 1666 726 ὑετὸς
1683 656 1882 725 ἀπῆλ-

303 768 429 827 θεν,
449 763 742 831 ἐπορεύθη
766 759 958 825 ἑαυτῴ
978 798 993 812 .
1018 759 1095 813 Τὰ
1129 758 1281 823 ἄνθη
1308 755 1474 824 ὤφθη
1515 754 1584 806 ἐν
1619 749 1692 818 τῇ
1718 746 1818 817 τῇ,
1850 749 1884 801 ὁ

304 856 510 926 καιρὸς
558 855 670 924 τῆς
709 852 898 923 τομῆς
925 851 1167 920 ἔφθακε.
1218 848 1389 915 Φωνὴ
1433 846 1546 914 τῆς
1598 841 1884 912 τρυγόνος

301 949 576 1015 ἠκούσθη
607 946 677 999 ὲν
712 943 787 1012 τῇ
821 941 899 1013 γῇ
923 940 1111 1010 ἡμῶν.
1150 940 1210 994 Ἠ
1235 936 1394 1005 συκῆ
1426 935 1711 1002 ἐξήνεγκε
1737 929 1883 996 τοὺς

304 1040 602 1103 ὀλύνθους
633 1034 842 1104 αὐτῆς.
878 1037 946 1088 Al
989 1033 1244 1102 ἄμπελοι
1277 1028 1446 1099 ἡμῶν
1473 1022 1880 1093 κυπριζουσιν,

305 1131 537 1185 ἔδωκαν
569 1127 790 1198 ὀσμήν.
838 1126 927 1188 Ὠς
960 1121 1251 1194 γλαφυρῶς
1287 1121 1419 1191 ἡμῖν
1449 1116 1754 1186 ὑπογράφει
1784 1111 1882 1182 τὴν

305 1225 400 1278 τοῦ
431 1224 591 1295 ἔαρος
619 1220 780 1291 χάριν
809 1221 836 1272 ὁ
861 1216 1110 1285 πλάστης
1130 1213 1224 1267 τοῦ
1256 1213 1439 1283 ἔαρος,
1472 1208 1604 1280 πρὸς
1626 1208 1685 1260 ὃν
1715 1220 1880 1275 φησιν

304 1318 335 1369 ὁ
359 1313 542 1378 Δαὸὶδ,
566 1315 650 1367 ὅτι
685 1311 866 1380 Θέρος
890 1308 990 1364 καὶ
1017 1309 1145 1376 ἔαρ,
1167 1306 1248 1360 σὺ
1271 1305 1544 1368 ἔπλασας
1571 1297 1741 1354 αὐτά·
1766 1295 1882 1349 λύει

304 1407 404 1477 τὴν
434 1404 526 1458 τοῦ
565 1403 834 1474 χειμῶνος
880 1401 1214 1470 κατήφειαν,
1245 1391 1677 1466 παρεληλυθέναι
1709 1387 1882 1455 λέγων

305 1501 407 1570 τὴν
443 1496 758 1568 χειμερινὴν
801 1491 1265 1564 σκυθρωπότητα,
1294 1489 1390 1540 καὶ
1437 1485 1537 1556 τὴν
1566 1483 1676 1535 τῶν
1712 1477 1882 1533 ὑετῶν

307 1593 520 1666 ἀηδίαν.
548 1588 835 1660 Λειμῶνας
862 1587 1100 1639 δείκνυσι
1143 1582 1404 1654 βρύοντας
1449 1578 1544 1631 καὶ
1562 1572 1884 1666 apartme-

307 1663 435 1751 νους
471 1687 582 1748 τοῖς
618 1681 825 1737 ἄνθεσι.
858 1678 940 1731 Τά
988 1677 1042 1729 δὲ
1073 1675 1206 1744 ἀνθη
1242 1677 1300 1726 ἐν
1337 1672 1489 1742 ἀκμῇ
1534 1663 1669 1721 εἶναι
1713 1665 1882 1733 λέγει,

308 1782 406 1838 καὶ
435 1779 571 1850 πρὸς
601 1775 775 1847 τομὴν
826 1768 1143 1842 ὲπιτηδείως
1189 1766 1353 1838 ἔχειν,
1387 1764 1464 1827 ὼς
1511 1765 1568 1825 ἐς
1619 1757 1882 1828 στεφάνου

307 1836 607 1944 πλοκηνίῆ
647 1836 833 1941 μύρων
885 1836 1227 1934 κατασκευὴν
1272 1856 1612 1930 ἀναιρεῖσθαι
1670 1853 1886 1944 πάντως
1914 1836 1958 1892 Β

307 1970 436 2031 τοὺς
471 1964 794 2032 ἀνθολόγους
814 1977 827 1990 ο
862 1959 1044 2030 ἡδύνει
1079 1956 1137 2009 δὲ
1170 1955 1261 2008 τὸν
1299 1951 1488 2021 καιρὸν
1517 1952 1545 2002 ὁ
1572 1948 1750 2016 λόγος,
1790 1943 1886 1996 καὶ

307 2061 431 2124 ταῖς
467 2057 574 2111 τῶν
603 2053 831 2127 ὀρνίθων
860 2051 1026 2121 ᾠδαῖς
1066 2047 1207 2102 κατά
1255 2045 1324 2098 τὰ
1350 2043 1487 2111 ἄλση
1519 2035 1887 2110 περιηχούμε-

308 2170 420 2216 νον,
467 2149 570 2219 τῆς
617 2145 799 2218 ἡδείας
846 2142 955 2196 τῶν
997 2139 1275 2212 τρυγόνων
1323 2133 1505 2204 φωνῆς
1538 2133 1657 2194 ταῖς
1699 2129 1888 2189 ἀκοαῖς

309 2240 714 2316 προσηχούσης.
745 2235 921 2305 Συκῆν
962 2233 1018 2286 δὲ
1063 2231 1214 2299 λέγει
1244 2228 1338 2282 καὶ
1366 2223 1627 2296 ἄμπελον,
1659 2221 1757 2292 τὴν
1792 2219 1886 2272 ἀπ’

307 2313 489 2389 αύτῶν
519 2326 889 2400 γενησομένην
917 2320 1147 2394 τρυφὴν,
1187 2320 1298 2379 τοῖς
1326 2313 1670 2385 φαινομένοις
1703 2325 1890 2380 προοι-

313 2423 637 2498 μιάζεσθαιο
695 2419 792 2488 τὴν
849 2416 948 2487 μὲν
997 2414 1124 2476 τοὺς
1197 2407 1451 2470 ὀλύνθους
1517 2402 1885 2498 ἐκφέρουσαν,

307 2491 412 2588 τὴν
447 2515 505 2568 δὲ
529 2511 610 2583 τῷ
655 2509 806 2565 ἄνθει
849 2505 1228 2576 κυπρίζουσαν
1252 2541 1268 2567 ,
1298 2500 1374 2564 ὡς
1412 2495 1765 2588 κατατρυφᾷν
1790 2491 1890 2561 τῆς

312 2586 542 2668 εύωδίας
581 2603 679 2674 τὴν
724 2601 1011 2671 δσφρησιν.
1047 2595 1205 2650 Οὕτω
1245 2593 1342 2664 μὲν
1375 2587 1467 2646 οὗν
1501 2587 1793 2659 ἁϐρύνεται
1821 2586 1888 2654 τῇ

314 2698 610 2769 ὑπογραφῇ
637 2695 734 2766 τῆς
763 2691 990 2764 ἐαρινῆς
1025 2688 1170 2760 ὥρας
1197 2689 1226 2740 ὁ
1252 2687 1409 2753 λόγος
1432 2723 1446 2747 ,
1472 2681 1532 2735 τό
1550 2697 1609 2734 τε
1645 2676 1890 2769 σκυθρω-

314 2790 416 2843 πὸν
436 2763 788 2848 ἀποϐάλλων,
830 2763 924 2835 καὶ
963 2781 1078 2842 τοῖς
1122 2773 1478 2846 γλυκυτέροις
1504 2763 1892 2840 ὲμφιλοχωρῶν

313 2881 635 2951 διηγήμασι,
668 2874 789 2946 Χρὴ
827 2873 916 2935 δὲ,
945 2867 1099 2941 οἶμαι
1120 2909 1134 2932 ,
1173 2867 1246 2939 μὴ
1272 2865 1606 2936 παραμεῖναι
1647 2860 1746 2928 τὴν
1772 2857 1895 2951 Ϋδιάτ

313 2947 568 3042 νοιανητῇ
607 2969 717 3023 τῶν
755 2962 1050 3036 γλαφυρῶν
1081 2961 1286 3015 τούτων
1313 2955 1630 3026 ὑπογραφῇ,
1660 2950 1796 3006 ἀλλά
1828 2947 1895 3001 δι’

312 3064 495 3120 αὐτῶν
523 3041 854 3134 όδηγηθῆναι
876 3057 1014 3128 πρὸς
1046 3052 1115 3107 τά
1135 3050 1434 3122 δηλούμενα
1461 3047 1547 3100 διὰ
1569 3045 1677 3098 τῶν
1701 3041 1894 3134 λογίων

1983 563 2163 618 tumba
2183 581 2317 619 mea.
2353 565 2614 632 Quoniam
2674 581 2791 618 ecce
2843 563 3006 617 hiems
3061 559 3341 631 prwteriit,
3393 557 3560 611 imber

1981 654 2134 719 abiit,
2165 665 2214 709 et
2237 672 2290 710 se
2319 657 2531 726 recepit.
2571 653 2760 708 Flores
2786 655 2883 708 visi
2911 661 3032 706 sunt
3070 652 3124 704 in
3151 661 3313 714 terra,
3353 658 3556 717 tempus

1980 748 2269 816 putationis
2317 747 2548 802 advenit.
2604 747 2718 801 Vox
2753 748 2973 800 turturis
3011 744 3198 798 audita
3230 752 3307 796 est
3335 742 3389 794 in
3416 751 3557 794 terra

1981 847 2184 892 nostra.
2211 837 2374 892 Ficus
2402 840 2623 909 protulit
2642 855 2850 909 grossos
2873 854 3018 891 suos.
3051 834 3192 888 Vites
3212 834 3428 901 ﬂorent,
3467 831 3554 886 de-

1981 931 2170 986 derunt
2213 932 2445 987 odorem.
2489 931 2534 987 Ο
2577 947 2739 1002 quam
2778 931 3052 1002 eleganter
3090 928 3249 983 nobis
3296 925 3560 982 describit

1982 1024 2126 1078 veris
2153 1025 2526 1078 amoenitatem
2569 1023 2796 1080 Creator
2826 1021 2995 1085 veris,
3035 1018 3125 1073 cui
3165 1017 3302 1072 dicit
3340 1013 3551 1070 David:

1982 1113 2246 1168 {Estatem
2267 1125 2317 1170 et
2341 1132 2446 1183 ver,
2471 1123 2525 1168 tu
2554 1114 2755 1182 ﬁnxisti
2782 1130 2846 1167 ea
2864 1113 2932 1168 ³³.
2955 1112 3126 1166 Solvit
3155 1109 3353 1165 hiemis
3384 1107 3557 1162 tristi-

1981 1209 2138 1273 tiam,
2164 1209 2354 1262 dicens
2390 1207 2677 1263 transiisse
2707 1206 2986 1260 hibernam
3007 1203 3346 1267 maestitiam,
3371 1209 3425 1257 et
3452 1201 3557 1255 im-

1982 1299 2161 1354 brium
2188 1300 2517 1354 molestiam.
2548 1297 2796 1353 Ostendit
2827 1303 2980 1367 prata
3012 1295 3278 1350 scatentia
3311 1301 3364 1347 et
3394 1292 3560 1346 deco-

1981 1401 2100 1446 rata
2126 1391 2372 1447 ﬂoribus.
2394 1390 2582 1445 Flores
2611 1398 2792 1445 autem
2821 1388 2951 1443 dicit
2987 1402 3110 1442 esse
3146 1387 3200 1440 in
3227 1402 3328 1440 suo
3353 1388 3559 1456 vigore,

1982 1483 2170 1554 etiam
2199 1499 2323 1539 esse
2361 1482 2716 1553 tempestivos
2747 1481 2814 1534 ad
2845 1479 3146 1550 putandum
3181 1497 3193 1533 :
3231 1477 3460 1548 perinde
3497 1491 3562 1530 ac

1983 1577 2031 1633 si
2093 1577 2314 1647 plexum
2365 1591 2581 1630 corona:
2636 1582 2730 1628 aut
2788 1573 3050 1644 unguenti
3107 1570 3560 1638 compositionem

1983 1669 2206 1723 omnino
2238 1668 2430 1722 tollant
2462 1667 2500 1720 ii
2533 1667 2624 1736 qui
2665 1667 2845 1736 legunt
2873 1664 3060 1720 ﬂores.
3097 1661 3338 1732 Tempus
3381 1668 3561 1714 autem

1985 1759 2160 1815 laetius
2190 1760 2366 1815 reddit
2404 1761 2602 1823 oratio,
2635 1758 2819 1811 avium
2848 1771 3067 1827 quoque
3091 1755 3345 1810 cantibus
3382 1753 3439 1806 in
3470 1749 3564 1806 sil-

1987 1853 2068 1908 vis
2103 1852 2512 1914 resonantibus.
2574 1851 2728 1906 suavi
2755 1865 2889 1905 voce
2933 1857 3209 1902 turturum
3240 1857 3471 1902 sonante
3508 1847 3562 1900 in

1986 1943 2231 1999 auribus.
2266 1941 2455 1997 Ficum
2507 1949 2690 1996 autem
2721 1940 2858 1995 dicit
2878 1949 2932 1994 et
2963 1939 3152 2005 vitem,
3215 1953 3337 2007 quae
3384 1952 3450 1991 ex
3483 1935 3566 1990 eis

1985 2036 2182 2091 futura:
2222 2043 2349 2090 sunt
2369 2033 2593 2089 delicias
2627 2036 2680 2086 in
2707 2031 2775 2086 iis
2795 2046 2916 2102 quae
2967 2037 3231 2100 apparent
3279 2027 3562 2084 exordiis:

1988 2129 2136 2182 illam
2187 2127 2406 2197 quidem
2466 2140 2689 2196 grossos
2729 2123 3144 2194 producentem,
3208 2121 3351 2175 hanc
3384 2132 3563 2174 autem

1987 2217 2230 2272 edentem
2259 2215 2440 2280 ﬂores,
2480 2225 2539 2269 ut
2566 2231 2632 2269 ex
2663 2216 2805 2268 bono
2857 2213 3024 2268 odore
3072 2213 3406 2281 voluptatem
3433 2209 3566 2265 alfa-

1988 2311 2085 2363 tim
2113 2310 2374 2379 percipiat
2414 2309 2697 2362 odoratus.
2739 2308 2912 2376 Atque
2949 2307 3029 2362 sic
3078 2306 3297 2376 quidem
3325 2305 3568 2360 luxuriat

1989 2411 2168 2457 oratio
2194 2403 2250 2455 in
2283 2400 2646 2457 describendo
2691 2414 2858 2454 verno
2909 2407 3177 2469 tempore,
3209 2408 3263 2454 et
3289 2399 3564 2454 tristitiam

1989 2494 2280 2563 repellens,
2319 2500 2372 2547 et
2399 2491 2650 2546 lubenter
2700 2505 2927 2546 versans
2965 2490 3020 2544 in
3056 2490 3320 2560 jucundis
3374 2505 3568 2545 narra-

1991 2587 2254 2641 tionibus.
2286 2584 2405 2638 Non
2460 2592 2678 2654 oportet
2704 2593 2908 2650 autem,
2949 2591 3010 2637 ut
3061 2585 3326 2648 arbitror,
3354 2584 3570 2653 cogita-

1995 2678 2198 2731 tionem
2233 2690 2555 2746 permanere
2583 2675 2636 2728 in
2664 2674 2749 2729 his
2771 2675 3060 2730 luculentis
3083 2675 3567 2745 descriptionibus,

1993 2768 2089 2826 sed
2121 2784 2217 2838 per
2274 2782 2368 2822 eas
2397 2766 2592 2822 deduci
2627 2766 2692 2820 ad
2721 2782 2785 2820 ea
2815 2781 2935 2836 qua:
2963 2782 3059 2836 per
3098 2766 3214 2821 haec
3244 2767 3460 2837 eloquia
3496 2768 3571 2823 si-

1994 2862 2324 2932 gniﬁcantur
2363 2860 2642 2932 mysteria,
2695 2867 2754 2913 ut
2802 2860 3079 2930 aperiatur
3140 2859 3440 2915 thesaurus
3484 2858 3576 2913 in-

1995 2952 2438 3024 telligentiarum,
2476 2952 2570 3022 qui
2625 2950 2936 3006 occultatur
2980 2951 3034 3005 in
3083 2950 3288 3006 verbis.
3310 2949 3453 3017 Quid
3485 2957 3575 3006 est

1995 3061 2127 3116 ergo
2156 3046 2300 3116 quod
2345 3043 2620 3099 dicimus?
2659 3043 2885 3114 Frigore
2914 3042 3234 3098 idololatria:
3277 3044 3580 3114 aliquando

313 3157 519 3211 τούτων
551 3131 847 3226 μυστήρια,
871 3147 1013 3202 ὥστε
1035 3140 1480 3211 ἀνακαλυφθῆναι
1507 3137 1596 3191 τὸν
1623 3131 1889 3206 θησαυρὸν

1997 3145 2348 3192 concreverat
2378 3151 2548 3205 genus
2595 3135 2918 3199 humanum,
2953 3134 3138 3188 mobili
3163 3134 3445 3190 hominum
3473 3150 3575 3189 na-

314 3251 425 3304 τῶν
447 3225 760 3318 νοημάτων,
812 3241 903 3295 τὸν
937 3234 1390 3308 ἐγκεκρυμμένον
1427 3232 1539 3293 τοῖς
1571 3229 1800 3300 ῥήμασι.
1829 3225 1894 3278 Τί

316 3343 410 3401 οὖν
439 3347 586 3398 ἐστιν
623 3342 652 3395 ὅ
685 3353 898 3409 φαμεν;
931 3334 1176 3403 Πεπήγει
1221 3328 1352 3382 ποτὲ
1381 3325 1459 3397 τῷ
1491 3326 1587 3395 τῆς
1618 3319 1897 3376 εἰδωλολα-

315 3438 503 3510 τρείας
536 3431 734 3505 κρυμῷ
769 3429 832 3482 τὸ
857 3424 1216 3497 ἀνθρώπινον,
1245 3421 1343 3492 τῆς
1375 3418 1656 3487 εὐκινήτου
1683 3413 1896 3484 φύσεως

317 3504 431 3582 τίῖιν
472 3504 776 3596 ἀνθρώπων
802 3519 940 3591 πρὸς
977 3515 1079 3586 τὴν
1103 3513 1212 3567 τῶν
1238 3511 1510 3581 ἀκινήτων
1541 3504 1897 3576 σεϐασμάτων

320 3621 484 3688 φύσιν
510 3594 958 3688 μεταϐληθείσης.
976 3608 1203 3676 Ὅμοιοι
1220 3603 1351 3673 γὰρ,
1375 3602 1528 3670 φησὶ,
1550 3597 1829 3688 γένοιντο
1844 3594 1898 3688 oi

323 3686 637 3773 ποιοῦντες
675 3702 830 3758 αὐτὰ
848 3743 864 3767 ,
917 3698 1019 3754 καὶ
1060 3695 1283 3760 πάντες
1331 3697 1384 3748 οἱ
1427 3690 1773 3753 πεποιθότες
1805 3686 1898 3739 ἐπ’

323 3799 550 3864 αὐτοῖς.
587 3795 697 3849 Καὶ
723 3793 786 3846 τὸ
825 3791 971 3854 εἰκὸς
997 3791 1056 3843 ὲν
1093 3788 1207 3849 τοῖς
1233 3781 1544 3854 γενομένοις
1567 3776 1657 3851 ἦν.
1689 3779 1901 3848 Ὥσπερ

324 3893 435 3962 γὰρ
481 3891 530 3942 oi
576 3888 675 3957 τὴν
736 3880 997 3954 ἀληθινὴν
1034 3873 1276 3947 Θεότητα
1311 3873 1630 3944 βλέποντες,
1660 3870 1746 3939 ἐφ’
1777 3869 1902 3921 ἑαυο

323 3961 433 4036 τῶν
469 3981 712 4051 δέχονται
747 3975 818 4029 τά
844 3974 942 4044 τῆς
967 3970 1116 4032 θείας
1153 3967 1368 4038 φύσεως
1395 3964 1686 4034 ἰδιώματα·
1731 3961 1904 4025 οὕτως

326 4077 356 4129 ὁ
384 4078 452 4145 τῇ
485 4070 806 4143 ματαιότητι
827 4067 936 4120 τῶν
967 4062 1201 4117 εἰδώλων
1227 4057 1596 4131 προσανέχων,
1624 4071 1906 4127 μετεστοι-

328 4164 541 4236 χειοῦτο
566 4161 703 4232 πρδς
724 4160 785 4212 τὸ
810 4156 1160 4230 βλεπόμενον,
1184 4150 1330 4213 λίθος
1353 4148 1413 4214 ἐξ
1437 4145 1725 4219 ἀνθρώπου
1760 4145 1906 4236 γινό-

1996 3238 2118 3284 tura
2147 3243 2412 3283 conversa
2445 3228 2511 3281 ad
2545 3228 2752 3282 cultum
2786 3243 2968 3283 rerum
2993 3227 3377 3282 immobilium.
3411 3225 3579 3282 Simi-

1995 3323 2067 3377 les
2099 3322 2268 3386 enim,
2302 3321 2504 3390 inquit,
2533 3319 2691 3389 ﬁant,
2727 3321 2817 3390 qui
2839 3319 3042 3389 faciunt
3068 3318 3260 3385 illa,et
3276 3337 3454 3376 omnes
3483 3319 3578 3388 qui

1994 3417 2264 3484 conﬁdunt
2300 3417 2353 3467 in
2396 3415 2470 3468 eis
2502 3414 2569 3466 ⁸⁵.
2630 3412 3071 3468 Consentaneum
3103 3420 3288 3466 autem
3314 3425 3431 3467 erat
3460 3411 3575 3465 haec

1997 3509 2067 3562 ita
2099 3505 2237 3561 ﬁeri.
2268 3504 2553 3572 Quomodo
2591 3504 2738 3558 enim
2789 3503 2881 3574 qui
2910 3517 3091 3557 veram
3129 3499 3582 3572 aspiciuntDivi-

1996 3601 2260 3666 nitatem,
2311 3598 2368 3652 in
2414 3613 2474 3652 se
2517 3597 2792 3667 accipiunt
2837 3595 3036 3650 divinae
3089 3603 3299 3649 natura;
3332 3593 3585 3664 proprie-

1999 3699 2141 3744 tates
2177 3707 2192 3744 :
2255 3687 2330 3742 ita
2356 3687 2450 3756 qui
2488 3686 2911 3741 simulacrorum
2957 3683 3273 3738 attendebat
3323 3683 3584 3746 vanitati,

1999 3777 2495 3835 transformabatur
2550 3777 2607 3830 in
2669 3775 2722 3830 id
2773 3774 2920 3846 quod
2973 3774 3381 3845 aspiciebatur,
3439 3775 3588 3847 lapis

2000 3870 2178 3925 iactus
2217 3884 2283 3924 ex
2321 3868 2557 3923 homine.
2597 3865 2866 3934 Quoniam
2889 3881 3038 3947 ergo
3069 3881 3192 3936 quae
3221 3881 3319 3936 per
3360 3866 3573 3921 cultum

2001 3963 2270 4018 idolorum
2328 3959 2654 4031 lapiduerat,
2686 3958 2754 4012 ad
2807 3959 2861 4014 id
2911 3958 3061 4030 quod
3109 3967 3194 4014 est
3224 3958 3422 4013 melius
3456 3966 3589 4014 erat

2001 4053 2298 4110 immobilis
2349 4064 2569 4113 natura,
2623 4058 2878 4106 concreta
2927 4050 3130 4121 frigore
3173 4050 3500 4106 idololatriae
3563 4069 3581 4105 :

2001 4160 2064 4200 ea
2101 4146 2169 4199 de
2189 4159 2359 4199 causa
2395 4151 2618 4214 pr0pter
2647 4156 2892 4210 asperam
2946 4141 3090 4196 hanc
3137 4141 3371 4196 hiemem
3410 4141 3590 4197 oritur

332 4233 512 4328 μενος.
577 4251 794 4322 Ἐπειδὴ
841 4249 1018 4302 τοίνυν
1061 4242 1458 4300 ἁπολιθωθεῖσα
1505 4238 1598 4292 διὰ
1647 4240 1748 4308 τῆς
1793 4235 1889 4288 τῶι

2004 4239 2086 4293 sol
2102 4237 2353 4308 iustitiae,
2383 4244 2436 4290 et
2460 4251 2554 4290 ver
2577 4234 2756 4297 ellieit,
2777 4233 3078 4289 meridiano
3107 4242 3274 4288 vento
3296 4235 3439 4289 hanc
3470 4233 3592 4290 sol—

325 4325 561 4403 εἰδώλων
585 4344 843 4415 λατρείας
866 4383 882 4408 ,
916 4339 1172 4408 ἀκίνητος
1208 4331 1276 4405 ἦν
1305 4334 1444 4405 πρὸς
1481 4331 1544 4386 τδ
1589 4333 1838 4402 κρεῖττον
1870 4328 1889 4380 'i

2004 4337 2165 4385 vente
2200 4329 2456 4398 glaciem.
2509 4326 2670 4383 simul
2700 4342 2825 4380 cum
2873 4334 2996 4380 ortu
3043 4325 3324 4380 radiorum
3367 4325 3586 4382 fovente

327 4436 523 4504 φύσις,
577 4433 858 4501 πεπηγυῖα
903 4426 982 4498 τῷ
1030 4426 1130 4497 τῆς
1177 4421 1618 4493 είδωλολατρείας
1671 4417 1889 4491 κρυμῷ,

2008 4419 2276 4493 quidquid
2299 4431 2385 4476 est
2411 4419 2745 4488 subjectum,
2774 4427 2833 4472 ut
2875 4417 3070 4488 spiritu
3100 4417 3472 4475 excalel‘actus
3489 4419 3588 4489 qui

327 4526 521 4580 τούτου
552 4523 711 4594 χάριν
747 4517 1098 4574 ὲπανατέλλει
1126 4514 1204 4586 τῷ
1226 4513 1448 4586 χαλεπῷ
1472 4511 1646 4583 τούτῳ
1675 4509 1889 4581 χειμῶνι

2008 4529 2103 4583 per
2151 4512 2272 4582 gelu
2339 4512 2504 4566 homo
2532 4509 2836 4579 lapiduerat
2861 4545 2876 4570 .
2913 4518 2966 4564 et
3005 4508 3151 4564 fotus
3186 4509 3341 4564 radio
3377 4508 3540 4564 Verbi
3569 4551 3585 4571 ,

328 4620 358 4670 ὁ
398 4615 498 4685 τῆς
528 4609 872 4680 δικαιοσύνης
900 4607 1070 4678 ἥλιος,
1098 4605 1194 4659 καὶ
1216 4605 1317 4674 ἔαρ
1343 4606 1518 4666 ποιεῖ,
1549 4600 1645 4654 τοῦ
1687 4616 1889 4671 μεσημ-

2010 4620 2205 4661 rursus
2237 4603 2330 4658 ﬁat
2356 4618 2498 4674 aqua
2524 4603 2728 4658 saliens
2761 4601 2816 4655 in
2837 4601 3002 4655 vitam
3021 4603 3368 4658 aeternam”.
3406 4601 3590 4656 Flabit

331 4706 519 4780 ερινοῦ
540 4703 872 4775 πνεύματος,
894 4699 989 4754 τοῦ
1006 4697 1105 4770 τὴν
1127 4697 1378 4766 τοιαύτην
1393 4693 1700 4756 διαλύοντος
1722 4689 1882 4762 πῆξιν

2004 4697 2152 4752 enim
2185 4694 2402 4762 spiritus
2442 4691 2578 4760 ejus,
2625 4691 2823 4761 inquit.
2863 4697 2912 4744 et
2959 4690 3125 4758 ﬂuent
3166 4705 3318 4759 aquae
3356 4689 3426 4754 ⁸⁸,
3461 4707 3589 4742 con-

331 4802 451 4870 ἆμα
480 4801 546 4869 τῇ
578 4793 808 4864 ἀνατολῇ
841 4791 949 4846 τῶν
986 4790 1218 4845 ἀκτίνων
1249 4787 1638 4848 ὲπιθάλποντος
1666 4785 1812 4838 ἆπαν
1846 4783 1889 4835 τί

2005 4803 2154 4840 versa
2198 4795 2348 4853 petra
2397 4783 2452 4836 in
2493 4783 2642 4863 {acus
2692 4799 2976 4852 aquarum,
3026 4791 3076 4836 et
3120 4799 3246 4850 rupe
3298 4785 3352 4836 in
3408 4784 3580 4853 fontes

333 4889 729 4958 ὑποκείμενονο
767 4885 852 4938 ἵνα
883 4879 1295 4953 διαθερμανθεὶς
1333 4875 1410 4946 τῷ
1444 4875 1715 4947 πνεύματι
1753 4875 1782 4926 ὁ
1823 4873 1889 4928 διε

2008 4893 2270 4947 aquarum
2301 4873 2560 4941 ".-Quod
2590 4874 2810 4944 quidem
2839 4876 3085 4945 apertius
3113 4873 3318 4932 Judaeis
3341 4876 3584 4946 Baptista

333 4981 429 5035 τοῦ
463 4978 664 5050 κρύους
696 4973 1050 5037 ἀπολιθωθεὶς
1079 4970 1362 5044 ἄνθρωπος
1380 5009 1396 5034 ,
1427 4968 1520 5023 καὶ
1549 4966 1889 5037 ὐποθαλφθεὶ‹

2019 4970 2292 5035 clamavit,
2313 4969 2522 5031 dicens,
2551 4968 2759 5038 lapides
2775 4983 2894 5023 esse
2914 4968 3290 5028 suscitandos.
3314 4976 3373 5024 ut
3402 4967 3594 5022 ﬁerent

334 5074 404 5143 τῆ
431 5073 610 5126 ἀκτῖνι
635 5068 731 5123 τοῦ
766 5067 940 5135 Λόγου
965 5106 983 5128 ,
1010 5064 1170 5118 πάλιν
1199 5063 1424 5134 γένηται
1443 5062 1587 5131 ὕδωρ
1619 5059 1889 5130 ἀλλόμενοε

2021 5063 2116 5118 lilii
2172 5061 2493 5133 patriarchae
2528 5060 2758 5113 Abrahae
2795 5059 2839 5090 ⁸⁸
2870 5058 2920 5113 ei
2958 5057 3244 5114 assimilati
3287 5073 3384 5128 per
3416 5057 3593 5111 virtu-

337 5167 420 5228 εἰς
451 5163 596 5233 ζωὴν
627 5159 864 5215 αἰώνιον.
906 5158 1164 5213 Πνεύσει
1197 5155 1306 5227 γὰρ
1328 5196 1342 5220 ,
1375 5155 1508 5225 φησὶ
1527 5192 1542 5218 ,
1570 5153 1638 5207 τὸ
1678 5150 1889 5220 πνεῦμι

2019 5165 2150 5212 tem.
2195 5153 2322 5208 Haec
2369 5169 2500 5223 ergo
2540 5169 2570 5206 a
2599 5151 2780 5207 Verbo
2807 5151 2957 5204 audit
2990 5149 3232 5204 Ecclesia
3255 5191 3270 5215 ,
3316 5165 3413 5220 per
3445 5149 3594 5204 fene-

337 5255 550 5318 αὺτοῦ,
579 5253 675 5307 καί
695 5251 991 5321 ρυήσεται
1011 5248 1200 5302 ὕδατα
1235 5247 1648 5316 στρεφομένης
1681 5243 1792 5312 τῆς
1813 5241 1888 5296 πέ

2023 5253 2166 5301 stras
2224 5243 2572 5314 propheticas
2615 5251 2671 5298 et
2726 5243 2927 5313 legales
2987 5241 3260 5296 cancellos
3317 5241 3596 5311 accipiens

337 5364 485 5414 τρας
514 5347 602 5411 εὶς
637 5344 859 5414 λίμνας
885 5340 1148 5406 ὑδάτων,
1183 5337 1418 5407 καὶτῆς
1460 5338 1794 5407 ἀκροτόμω)
1831 5335 1889 5387 εί.

2024 5337 2368 5408 splendorem
2429 5335 2678 5390 veritatis
2719 5353 2734 5389 :
2782 5349 2905 5388 cum
2965 5331 3295 5387 consisteret
3333 5331 3597 5385 doctrinae

341 5439 541 5505 πηγὰς
567 5435 824 5492 ὑδάτων.
859 5434 1032 5505 Ὅπερ
1076 5432 1406 5504 γυμνότερον
1449 5430 1587 5502 πρὸς
1621 5429 1747 5491 τοὺς
1789 5427 1889 5481 Ἰου

2025 5428 2206 5498 paries
2239 5427 2489 5498 typicus,
2542 5427 2667 5488 lex,
2730 5425 2986 5496 inquam,
3043 5438 3166 5493 quae
3208 5420 3444 5477 faciebat
3476 5437 3599 5475 um-

339 5528 526 5592 δαίους
565 5529 596 5581 ὁ
640 5525 948 5590 Βαπτιστῆς
997 5524 1288 5596 ἀνεϐόησε,
1345 5523 1519 5592 λέγων
1565 5521 1690 5585 τοὺς
1740 5519 1886 5573 λίθου

2026 5522 2178 5576 bram
2208 5519 2516 5575 futurorum
2566 5519 2858 5584 bonorum,
2899 5531 3012 5573 non
3049 5524 3230 5573 autem
3270 5509 3600 5569 ostendebat

417 5727 466 5760 ⁸⁸
507 5727 654 5782 Psal.
688 5741 883 5792 LXXIII,
937 5726 1018 5780 l7.
1123 5725 1170 5760 οδ
1209 5723 1353 5781 Psal.
1390 5738 1553 5791 cun,
1606 5721 1660 5778 8.
1762 5721 1807 5753 "
1845 5719 1889 5776 14

1991 5757 2005 5771 .
2052 5734 2128 5789 IV,
2169 5721 2258 5774 14.
2355 5719 2401 5752 ⁸⁸
2436 5717 2582 5774 Psal.
2627 5733 2829 5783 cum,
2884 5716 2971 5772 l8.
3075 5717 3119 5748 "
3159 5711 3302 5769 Psal.
3357 5725 3512 5774 cxlu,
3543 5705 3597 5762 8.

349 5799 400 5833 ⁸³
436 5797 634 5856 Matth.
675 5811 760 5863 ιιι,
795 5796 850 5852 9.
