3854 6216
253 285 360 341 867

1504 292 1561 346 S.
1603 291 1936 351 GREGORII
1977 293 2274 350 NYSSENI

3383 249 3538 347 ἐῢς

252 403 428 470 ipsam
465 415 647 456 rerum
675 401 992 472 imaginem,
1041 413 1166 474 post
1195 420 1360 476 quam
1412 408 1593 463 stabat
1631 411 1826 465 veritas

1938 410 2161 475 τούτους
2192 409 2537 482 ἐγείρεσθαι,
2577 411 2657 473 είς
2689 411 2751 464 τὸ
2779 409 3031 478 γενέσθαι
3067 409 3234 464 τέκνα
3269 410 3364 463 τοῦ
3399 411 3526 463 Ila.-

254 496 464 550 hazrens
500 496 706 565 ﬁgura},
742 496 981 566 primum
1008 498 1230 567 quidem
1255 515 1352 569 per
1380 503 1672 570 prophetas
1705 502 1826 557 Ver-

1933 506 2212 576 τριάρχου,
2231 503 2297 556 δι’
2320 503 2522 573 ἀρετῆς
2545 503 2892 573 ὁμοιούμενα.
2919 503 3103 554 Ταῦτα
3121 502 3298 554 τοίνυν
3325 501 3538 554 ἀκούει

254 588 381 642 bum
411 589 694 643 illustrans
715 587 971 642 Ecclesiae
991 607 1004 642 :
1023 601 1210 659 postea
1226 600 1408 647 autem
1432 593 1706 666 Evangelii
1731 612 1842 650 ma-

1934 593 2029 646 τοῦ
2063 595 2235 662 Λόγου
2279 594 2312 664 ή
2358 593 2674 664 Ἐκκλησία,
2710 592 2800 646 διά
2829 592 2935 645 τῶν
2977 592 3326 664 προφητικῶν
3361 591 3539 662 θυρί-

252 681 608 736 nifestatione
629 691 989 738 consumente
1021 700 1238 741 omnem
1264 687 1628 742 umbraticam
1653 689 1826 758 figura

1937 686 2044 740 δων
2089 685 2324 738 καὶτῶν
2376 685 2616 756 νομικῶν
2661 685 2895 738 δικτύων
2953 684 3217 754 δεχομένη
3261 685 3362 754 τὴν
3413 684 3537 752 τῆς

196 791 198 793 ν
253 774 646 843 visionem,per
664 791 821 845 quam
845 777 1147 832 destruitur
1160 779 1378 848 quidem
1395 782 1575 851 paries
1593 784 1826 838 interme

1939 779 2195 850 ἀληθείας
2227 779 2421 851 αὐγὴν,
2451 779 2530 832 ἔτι
2560 777 2888 840 συνεστῶτος
2911 777 3006 830 τοῦ
3047 777 3278 830 τυπικοῦ
3310 777 3413 846 τῆς
3438 777 3533 830 δι-

252 866 398 931 dius,
419 868 771 936 conjungitur
790 877 969 924 autem
987 872 1078 940 qui
1096 880 1179 926 est
1199 873 1252 928 in
1266 872 1428 927 domo
1443 889 1536 928 aer
1551 875 1656 929 luci
1676 876 1839 932 aelhe-

253 973 380 1019 rete,
415 960 550 1013 adeo
587 968 644 1014 ut
679 977 786 1015 non
820 963 1056 1033 amplius
1086 980 1224 1034 opus
1251 966 1466 1032 habeat,
1509 975 1568 1020 ut
1604 969 1654 1022 ei
1715 969 1834 1021 illu-

251 1058 435 1102 cescat
465 1066 559 1120 per
589 1050 881 1115 fenestras,
921 1069 1044 1108 cum
1084 1054 1198 1123 ipsa
1227 1056 1314 1108 lux
1348 1071 1474 1109 vera
1511 1072 1607 1126 per
1645 1058 1830 1112 radios

251 1144 600 1212 evangelicos
631 1145 814 1198 omnia
856 1162 977 1214 qua?
1010 1155 1138 1220 sunt
1191 1148 1481 1204 illuminet.
1538 1148 1829 1218 Propterea

251 1231 490 1288 Verbum
552 1235 754 1289 clamat
802 1237 1062 1292 Ecclesiae
1121 1255 1215 1308 per
1268 1239 1557 1303 fenestras,
1607 1239 1825 1309 erigens

251 1323 441 1387 elisos,
474 1331 526 1377 et
559 1324 751 1380 dicens
783 1345 795 1379 :
836 1327 1010 1398 Surge
1052 1344 1172 1396 qua:
1207 1330 1356 1399 lapsa
1392 1344 1452 1382 es
1510 1328 1566 1381 in
1615 1329 1828 1384 lubrico

251 1416 462 1482 peccati
500 1431 686 1480 caeno,
723 1433 844 1486 qua:
875 1434 902 1471 a
958 1428 1209 1488 serpente
1253 1420 1402 1474 fuisti
1452 1419 1731 1488 impedita,
1775 1428 1829 1475 et

252 1506 498 1561 cecidisti
535 1507 590 1561 in
621 1517 854 1576 terram,
888 1518 941 1564 et
968 1510 1118 1564 fuisti
1155 1511 1209 1565 in
1236 1512 1388 1580 lapsu
1427 1510 1827 1578 inobedientiaz,

251 1613 435 1666 surge.

1943 870 2238 932 δασκαλίας
2271 870 2475 939 τοίχου,
2517 869 2611 921 τοῦ
2657 869 2822 938 νόμου
2860 868 3035 936 λέγω,
3081 868 3176 921 τοῦ
3218 868 3319 938 τὴν
3354 869 3532 920 σκιάν

1940 962 2220 1025 ποιοῦντος
2253 962 2360 1015 τῶν
2381 962 2680 1032 μελλόντων
2713 961 2956 1030 ἀγαθῶν,
2985 962 3083 1014 ούκ
3122 962 3291 1033 αὐτὴν
3318 963 3418 1032 τὴν
3445 964 3531 1014 εί-

1940 1054 2073 1107 κόνα
2104 1054 2211 1106 τῶν
2243 1053 2587 1124 πραγμάτων
2629 1051 2983 1117 δεικνύοντος,
3015 1047 3076 1106 οῦ
3103 1053 3331 1104 κατόπιν
3364 1053 3528 1104 ἵστα-

1933 1165 2022 1199 ται
2057 1147 2090 1216 ἡ
2129 1143 2354 1216 ἀλήθεια
2393 1145 2627 1215 ὲχομένη
2663 1143 2757 1196 τοῦ
2789 1143 2990 1196 τύπου·
3039 1142 3255 1214 πρῶτον
3289 1142 3389 1211 μὲν
3425 1143 3522 1195 διὰ

1932 1238 2039 1291 τῶν
2057 1237 2350 1310 προφητῶν
2371 1236 2743 1304 ἐναυγάζουσα
2764 1238 2830 1306 τῇ
2873 1234 3166 1305 Ἐκκλησία
3190 1234 3279 1286 τὸν
3307 1233 3485 1300 Λόγον
3500 1249 3516 1261 ⁸

1936 1332 2072 1401 μετά
2106 1330 2278 1383 ταῦτα
2320 1329 2378 1383 δὲ
2416 1332 2481 1401 τῇ
2533 1327 2837 1400 φανερώσει
2885 1327 2979 1380 τοῦ
3038 1325 3370 1395 Εύαγγελίου
3405 1326 3518 1377 πᾶ-

1935 1441 2033 1476 σαν
2059 1423 2152 1476 τοῦ
2169 1423 2338 1476 τύπου
2361 1424 2458 1494 τὴν
2477 1421 2712 1490 σκιοειδῆ
2742 1419 3040 1489 φαντασίαν
3059 1418 3515 1484 ἐξαναλίσκουσα,

1932 1514 1998 1566 δι’
2027 1510 2095 1584 ἦς
2128 1513 2472 1584 καθαιρεῖται
2523 1512 2620 1582 μὲν
2664 1510 2726 1563 τὸ
2781 1509 3126 1579 μεσότοιχον
3181 1509 3519 1563 συνάπτεται

1937 1604 1993 1657 δὲ
2021 1606 2048 1657 ὁ
2085 1607 2141 1658 ὲν
2187 1603 2266 1674 τῷ
2299 1605 2431 1674 οἴκῳ
2457 1604 2564 1674 ἀὴρ
2593 1602 2728 1673 πρὸς
2753 1601 2815 1654 τὸ
2847 1600 3086 1672 αἰθέριον
3115 1600 3232 1668 φῶς
3253 1639 3268 1664 ,
3293 1599 3372 1663 ὡς
3407 1616 3520 1668 μη-

253 1689 372 1742 κέτι
414 1690 502 1744 διὰ
540 1690 648 1744 τῶν
681 1691 915 1764 θυρίδων
953 1695 1142 1766 χρείαν
1217 1694 1360 1765 ἔχειν
1427 1696 1915 1767 περιαυγάζεσθαι,
1957 1697 2122 1751 αὐτοῦ
2149 1698 2244 1751 τοῦ
2279 1695 2532 1766 ἀληθινοῦ
2565 1696 2738 1766 φωτὸς
2761 1694 2849 1748 διά
2885 1693 2994 1747 τῶν
3017 1693 3387 1763 εύαγγελικῶν
3418 1693 3519 1746 ἀκ-

249 1782 412 1836 τίνων
493 1785 563 1838 τὰ
609 1785 756 1840 ἔνδον
812 1788 988 1840 πάντα
1025 1789 1516 1858 καταφωτίζοντος.
1564 1789 1663 1842 Διά
1739 1790 1897 1843 τοῦτο
1937 1791 2112 1860 ἐμϐοᾷ
2132 1791 2220 1845 διὰ
2246 1791 2354 1844 τῶν
2381 1788 2731 1858 φωταγωγῶν
2756 1789 2820 1858 τῇ
2867 1787 3162 1858 Ἐκκλησία
3187 1789 3215 1841 ό
3241 1787 3416 1854 Λόγος
3439 1825 3456 1849 ,
3485 1782 3517 1832 ὁ

249 1877 491 1949 ἀνορθῶν
521 1879 647 1942 τοὺς
677 1881 1174 1952 κατερῤαγμένους,
1249 1883 1424 1951 λέγων
1447 1901 1460 1914 ·
1515 1886 1824 1956 Ἀνάστηθι,
1857 1886 2058 1957 δηλαδὴ
2086 1887 2150 1938 ὲκ
2184 1886 2280 1938 τοῦ
2311 1884 2632 1955 πτώματος,
2664 1885 2696 1954 ἡ
2727 1883 2804 1952 τῷ
2841 1882 3050 1953 αἰσχρῷ
3105 1881 3206 1951 τῆς
3235 1879 3514 1952 ἁμαρτίας

250 1968 641 2038 ἑνολισθήσασα
665 2011 679 2033 ,
723 1972 756 2040 ὴ
789 1973 1213 2042 συμποδισθεῐσα
1252 1975 1339 2028 διὰ
1367 1974 1462 2028 τοῦ
1494 1977 1669 2046 ὄφεως
1689 2016 1704 2041 ,
1734 1977 1829 2032 κού⁵
1867 1979 1947 2042 είς
1983 1979 2088 2050 γῆν
2115 1978 2378 2043 πεσοῦσα,
2412 1977 2508 2030 καί⁸
2539 1979 2598 2030 ἐν
2631 1975 2710 2046 τῷ
2737 1974 2988 2045 πτώματι
3057 1973 3158 2044 τῆς
3223 1973 3520 2044 παρακοῆς

251 2063 541 2134 γενομένη,
572 2064 801 2120 ἀνάστα.

317 2243 437 2299 Νοιι
465 2255 645 2300 autem
683 2246 779 2300 tibi
832 2246 1052 2311 sullicit,
1103 2251 1303 2324 inquit,
1341 2270 1372 2307 a
1405 2256 1590 2326 .lapsu
1645 2260 1823 2313 solum

2004 2253 2119 2306 Οὐκ
2166 2252 2326 2321 ἀρκεῖ
2356 2249 2412 2302 δέ
2457 2266 2539 2302 σοι
2568 2248 2629 2301 τὸ
2659 2247 3050 2320 ἀνορθωθῆναι,
3085 2246 3270 2317 φησὶν,
3319 2247 3387 2298 ἐκ
3415 2247 3518 2301 τοῦ

248 2339 420 2409 erigi,
455 2339 551 2394 sed
601 2340 763 2395 etiam
813 2343 1142 2411 progredere
1191 2361 1287 2414 per
1331 2348 1596 2404 virtutum
1648 2351 1830 2421 profe-

249 2440 424 2493 ctum,
463 2447 688 2486 cursum
731 2448 1000 2503 peragens
1033 2435 1086 2489 in
1138 2436 1360 2493 virtute.
1403 2438 1558 2506 Quod
1607 2444 1826 2511 quidem

250 2524 550 2580 didicimus
578 2525 634 2578 in
680 2525 1006 2596 paralytico.
1064 2527 1184 2582 Non
1241 2531 1418 2583 solum
1469 2533 1614 2586 enim
1668 2534 1830 2588 efﬁcit

248 2613 484 2670 Verbum
529 2627 587 2668 ut
657 2618 815 2671 tollat
845 2633 984 2674 onus
1007 2619 1140 2673 illud
1165 2620 1312 2685 lecti,
1335 2621 1429 2678 sed
1452 2625 1616 2678 etiam
1649 2624 1828 2695 ipsum

245 2706 403 2778 jubet
440 2709 725 2764 ambulare
745 2711 812 2765 ³³.
853 2709 972 2778 Quo
1030 2713 1160 2765 mihi
1221 2713 1441 2767 videtur
1496 2715 1824 2786 Scriptura,

251 2817 347 2870 per
375 2804 715 2856 transeuntis
748 2809 978 2869 motum,
1025 2805 1339 2874 significare
1391 2822 1742 2876 progressum
1773 2817 1828 2864 et

249 2901 601 2962 augmentum
634 2893 688 2947 in
725 2894 871 2948 bono
894 2894 961 2948 ’°.
1001 2895 1187 2966 Surge,
1221 2899 1422 2967 inquit,
1445 2909 1493 2954 et
1518 2903 1649 2954 veni.
1673 2899 1717 2956 Ο
1746 2902 1827 2956 vis

251 2984 438 3042 iussus
482 2994 536 3039 et
574 2984 788 3054 imperii
819 2985 896 3038 9‘!
934 2985 1030 3040 Est
1077 3004 1266 3043 revera
1303 3005 1406 3047 vox
1453 2992 1670 3045 virtutis
1721 3007 1827 3046 vox

249 3074 368 3140 Dei,
403 3082 463 3129 ut
491 3075 668 3145 inquit
690 3074 978 3131 Psalmista
1007 3096 1020 3130 τ
1047 3077 1311 3143 Quoniam
1337 3097 1452 3134 ecce
1480 3081 1630 3134 dabit
1654 3098 1826 3136 vocem

248 3185 424 3231 suam,
454 3184 626 3222 vocem
662 3168 915 3222 virtutis:
954 3177 1031 3231 et,
1070 3168 1190 3238 Ipse
1240 3172 1377 3224 dixit
1402 3181 1452 3226 et
1493 3173 1641 3242 facta
1681 3185 1824 3240 sunt,

250 3262 360 3328 ipse
389 3260 664 3314 mandavit
709 3269 760 3315 et
801 3269 984 3316 creata
1004 3272 1148 3316 sunt.
1210 3264 1351 3319 Ecce
1400 3279 1551 3319 nunc
1605 3281 1828 3336 quoque

251 3351 392 3407 dixit
418 3351 665 3422 jacenti:
699 3352 867 3422 Surge
895 3362 945 3406 et
979 3354 1091 3406 veni
1115 3368 1133 3405 :
1169 3361 1221 3408 et
1253 3353 1438 3409 statim
1471 3355 1538 3408 ad
1561 3370 1699 3425 opus
1731 3355 1827 3410 de-

250 3442 473 3496 ducitur
498 3442 646 3512 quod
672 3441 915 3510 jubetur.
937 3441 1070 3494 Nam
1105 3442 1268 3498 simul
1289 3451 1454 3514 atque
1477 3445 1689 3514 accepit
1714 3444 1824 3499 vim

253 3531 441 3594 Verbi,
475 3537 586 3586 stat
618 3540 673 3587 et
704 3531 940 3594 assistit,
973 3541 1025 3586 et
1059 3533 1125 3586 ad
1165 3533 1345 3588 lumen
1399 3548 1566 3604 prope
1593 3534 1823 3595 accedit,

252 3633 314 3677 ut
344 3632 578 3678 testatus
609 3631 695 3677 est
737 3623 855 3692 ipse
903 3623 997 3693 qui
1025 3639 1142 3678 eam
1181 3624 1432 3690 vocavit,
1469 3641 1591 3680 cum
1629 3625 1709 3680 sic
1742 3624 1827 3678 di-

251 3715 423 3770 xisset
444 3714 676 3770 Verbum
695 3715 907 3785 :Surge,
938 3716 1072 3778 veni,
1101 3717 1395 3785 propinqua
1426 3733 1560 3783 mea,
1584 3714 1829 3770 columba

251 3826 387 3863 mea.
427 3807 562 3874 Quis
591 3816 676 3862 est
708 3808 798 3864 hic
832 3807 966 3862 ordo
998 3808 1317 3863 sermonis?
1363 3807 1826 3878 quemadmodum

251 3903 489 3960 cohaeret
519 3903 752 3957 alterum
780 3901 938 3956 alteri
966 3901 989 3954 ?
1027 3891 1491 3971 quemadmodum
1531 3915 1828 3956 conserva-

253 4001 343 4046 tur
372 4007 470 4062 per
494 3991 714 4055 seriem,
739 3997 1001 4059 tanquam
1027 3990 1082 4044 in
1107 3991 1292 4061 aliquo
1318 3999 1534 4061 torque,
1565 4005 1824 4045 sensuum

251 4083 696 4152 consequentia?
736 4082 903 4136 Audit
945 4083 1201 4151 jussum:
1245 4083 1412 4136 verbo
1471 4081 1829 4136 confirmatur

254 4191 318 4232 ac
373 4176 685 4240 roboratur,
742 4174 1034 4236 excitatur,
1089 4174 1333 4238 accedit,
1393 4172 1824 4243 appropinquat,

252 4268 482 4340 pulchra
517 4265 788 4332 redditur,
849 4265 1103 4320 columba
1142 4266 1477 4318 nominatur.
1540 4261 1828 4329 Quomodo

251 4360 398 4414 enim
428 4366 610 4428 potest
643 4357 758 4411 fieri
807 4371 866 4408 ιιι
901 4357 957 4411 in
990 4357 1216 4427 speculo
1278 4356 1506 4425 pulcher
1538 4356 1610 4409 sit
1663 4369 1826 4423 aspe-

250 4462 396 4514 ctus,
429 4452 473 4507 si
511 4467 621 4504 non
651 4450 895 4520 pulchrm
925 4449 1160 4519 alicujus
1192 4448 1380 4505 formae
1427 4445 1702 4516 acceperit
1746 4445 1827 4500 sis

250 4544 602 4600 mulacrum?
631 4543 775 4613 Ergo
830 4542 1082 4596 humanae
1117 4556 1336 4611 quoque
1384 4547 1597 4593 naturae
1628 4551 1824 4606 specu-

253 4638 361 4690 lum
416 4650 525 4689 non
584 4634 737 4704 prius
771 4633 944 4688 evasit
999 4632 1313 4701 pulchrum,
1375 4645 1538 4699 quam
1594 4627 1826 4698 pulchro

251 4725 731 4796 appropinquavit,
768 4731 820 4778 et
845 4722 1196 4776 informatum
1234 4720 1337 4774 fuit
1366 4720 1604 4790 imagine
1627 4719 1825 4774 divina:

251 4818 696 4888 pulchritudinis.
741 4815 1028 4881 Quomodo
1090 4815 1235 4869 enim
1299 4814 1572 4882 serpentis
1633 4811 1826 4866 habuit

251 4910 490 4980 speciem
530 4907 773 4978 quandiu
800 4906 950 4960 humi
979 4906 1172 4976 jacuit,
1205 4913 1259 4960 et
1283 4904 1351 4959 ad
1373 4905 1550 4974 ipsum
1571 4903 1819 4974 aspexit:
1855 4937 1898 4993 ι.)

249 5000 438 5054 codem
464 4999 626 5053 modo
651 5007 937 5067 postquam
961 4998 1222 5061 surrexit,
1255 5003 1310 5050 et
1333 4995 1534 5049 bonum
1567 4995 1672 5049 sibi
1696 5002 1822 5049 ante

250 5090 443 5143 oculos
474 5088 679 5157 posuit,
705 5096 866 5156 atque
892 5086 1023 5140 vitio
1055 5092 1204 5156 terga
1231 5084 1415 5151 vertit,
1447 5083 1821 5138 conformatur

248 5180 415 5233 etiam
453 5179 529 5233 illi
558 5177 624 5232 ad
657 5177 802 5247 quod
840 5175 1057 5246 aspicit.
1089 5176 1299 5244 Aspicit
1323 5181 1503 5230 autem
1529 5175 1596 5229 ad
1619 5175 1822 5244 prima-

248 5272 388 5325 riam
446 5279 499 5325 et
557 5269 921 5339 exemplarem
981 5267 1494 5337 pulchritudinem:
1559 5275 1816 5320 caeterum

232 5361 501 5417 columba
534 5359 884 5430 pulchritudo
916 5365 1020 5414 est.
1053 5356 1347 5426 Propterea
1397 5372 1519 5410 cum
1571 5354 1678 5410 luci
1721 5369 1820 5426 ap-
1861 5429 1866 5433 _

250 5451 646 5518 propinquarit,
682 5451 772 5504 lux
805 5449 1054 5504 efﬁcitur.
1083 5447 1143 5502 In
1171 5448 1292 5503 luce
1330 5454 1510 5502 autem
1557 5455 1819 5516 tanquam

250 5541 428 5608 mago
454 5541 810 5612 eﬂingebatur
849 5541 1061 5611 species
1083 5539 1369 5605 columbae,
1400 5538 1570 5607 illius,
1596 5538 1817 5608 inquam

1932 2343 2240 2414 πτώματος,
2285 2341 2422 2395 ἀλλὰ
2447 2343 2540 2394 καὶ
2573 2341 2834 2412 πρόσελθε
2868 2340 2957 2394 διά
3001 2342 3100 2410 τῆς
3142 2339 3250 2392 τῶν
3290 2339 3517 2407 ἀγαθῶν

1931 2435 2232 2507 προκοπῆς,
2268 2434 2361 2486 τὸν
2385 2435 2442 2486 ὲν
2473 2435 2637 2504 ἀρετῇ
2675 2431 2964 2485 διανύουσα
2989 2430 3207 2502 δρόμον.
3240 2431 3422 2501 Ὅπερ
3447 2431 3517 2502 δὴ

1931 2530 2024 2583 καὶ
2071 2527 2168 2579 ἐπὶ
2214 2526 2308 2580 τοῦ
2368 2524 2740 2597 παραλυτικοῦ
2795 2524 3218 2595 μεμαθήκαμεν.
3270 2521 3349 2577 Οὐ
3399 2522 3517 2593 γὰρ

1927 2621 2227 2692 διανίστησι
2290 2621 2449 2692 μόνον
2515 2622 2544 2673 ὁ
2595 2619 2769 2687 Λόγος
2821 2618 2880 2671 τὸ
2934 2617 3282 2670 ὲπικλινίδιον
3343 2615 3517 2685 ἄχθος

1928 2715 2123 2778 έκεῖνο,
2152 2712 2285 2766 ἀλλά
2323 2711 2418 2764 καὶ
2451 2713 2774 2782 περιπατεῖν
2803 2706 3170 2776 ὲγκελεύεται.
3197 2709 3374 2776 Ὅπερ
3419 2723 3518 2776 μοι

1927 2803 2073 2856 δοκεί
2105 2802 2207 2872 τὴν
2251 2800 2389 2873 πρὸς
2414 2800 2475 2853 τὸ
2505 2802 2752 2871 κρεῖττον
2780 2798 3010 2870 πρόοδόν
3037 2814 3099 2849 τε
3143 2797 3240 2850 καὶ
3280 2796 3518 2866 αὔξησιν

1926 2894 2012 2948 διά
2061 2894 2160 2963 τῆς
2199 2893 2564 2964 μεταϐατικῆς
2613 2893 2879 2962 κινήσεως
2929 2889 3216 2960 σημαίνειν
3259 2892 3288 2943 ό
3327 2885 3513 2957 λόγος.

1939 2983 2191 3038 Ἀνάστα
2231 2980 2344 3048 οῦν,
2388 2983 2541 3054 φησὶ,
2573 2982 2672 3037 καὶ
2714 2982 2941 3046 ἔξελθε.
2998 2982 3061 3033 Ὢ
3089 2979 3516 3052 προστάγματος

1925 3075 2186 3146 δύναμιςῑ
2237 3076 2407 3139 ὅντως
2445 3074 2596 3146 φωνὴ
2645 3073 2927 3144 δυνάμεώς
2974 3073 3122 3126 ἐστιν
3158 3073 3192 3142 ἠ
3227 3071 3382 3142 φωνὴ
3411 3071 3517 3123 τοῦ

1926 3168 2082 3234 Θεοῦ,
2106 3168 2285 3232 καθὼς
2307 3169 2339 3238 ἡ
2361 3166 2650 3238 ψαλμῳδία
2674 3166 2835 3236 φησὶν
2857 3208 2871 3232 ,
2905 3165 2988 3218 ὅτι
3025 3163 3168 3218 Ἰδοὺ
3197 3163 3375 3216 δώσει
3395 3163 3518 3230 τὴν

1925 3260 2135 3330 φωνὴν
2163 3260 2368 3323 αὐτοῦ,
2394 3257 2603 3328 φωνὴν
2632 3255 2957 3326 δυνάμεως.
2990 3255 3120 3321 Καὶ,
3147 3256 3335 3321 Αὐτὸς
3355 3250 3516 3320 εἷπε,

1926 3354 2024 3407 καὶ
2089 3351 2465 3422 ἐγενήθησαν
2491 3369 2504 3381 ·
2556 3350 2735 3415 αὐτὸς
2784 3349 3142 3412 ἐνετείλατο,
3203 3347 3302 3400 καὶ
3351 3348 3516 3401 ἐκτί-

1927 3449 2190 3511 σθησαν.
2250 3444 2381 3496 Ἰδοὺ
2435 3442 2526 3496 καὶ
2576 3440 2672 3494 νῦν
2719 3435 2840 3492 εἶπε
2893 3439 3030 3510 πρὸς
3075 3438 3174 3510 τὴν
3211 3439 3515 3510 κειμένην,

1928 3536 2010 3588 ὅτι
2053 3535 2365 3602 Ἀνάστηθι
2383 3551 2397 3564 ⁸
2433 3535 2547 3601 καὶ,
2572 3535 2654 3588 ὅτι
2677 3534 3011 3601 Πρόσελθε’
3041 3534 3136 3587 καὶ
3157 3532 3317 3596 εὐθὺς
3350 3533 3515 3603 ἔργον

1853 3599 1896 3658 C
1928 3626 1989 3678 τὸ
2033 3599 2360 3696 πρόσταγμα
2409 3599 2639 3693 γίνεται.
2698 3599 2862 3692 Ὁμοῦ
2896 3623 3004 3695 γὰρ
3035 3623 3095 3676 τὸ
3127 3599 3394 3687 δέξασθαι.
3412 3599 3512 3676 τοῦ

1920 3716 2096 3784 Λόγου
2116 3717 2216 3788 τὴν
2243 3717 2490 3789 δύναμιν,
2521 3716 2615 3770 καὶ
2645 3716 2879 3779 ἵσταται,
2907 3716 3002 3770 καὶ
3034 3716 3388 3787 παρίσταται,
3414 3715 3516 3768 καὶ

1929 3808 2155 3880 πλησίον
2180 3809 2387 3878 γίνεται
2419 3808 2514 3862 τοῦ
2563 3808 2760 3878 φωτὸς,
2797 3808 2873 3873 ὡς
2901 3809 2991 3861 ὑπ’
3024 3807 3191 3861 αὑτοῦ
3219 3808 3313 3861 τοῦ
3343 3807 3512 3862 καλέ-

1930 3917 2119 3965 σαντος
2163 3899 2334 3971 αὐτὴν
2397 3899 2815 3971 μεμαρτύρηται
2843 3938 2859 3963 ,
2906 3899 3079 3964 οὕτως
3126 3899 3371 3962 εἰπόντος
3410 3897 3508 3951 τοῦ

1930 3993 2126 4061 Λόγου·
2165 3991 2434 4054 Ἀνάστα,
2464 3990 2626 4057 ἐλθὲ,
2663 3990 2699 4056 ἡ
2731 3991 2999 4058 πλησίον
3017 4009 3160 4060 μου,
3187 3991 3345 4057 καλή
3362 4009 3508 4060 μου,

1927 4084 2242 4153 περιστερά
2267 4101 2405 4152 μου.
2436 4082 2531 4146 Τίς
2571 4083 2605 4152 ή
2650 4081 2802 4146 τάξις
2835 4082 2973 4151 αὕτη
3004 4082 3098 4135 τοῦ
3138 4081 3332 4150 λόγου;
3380 4083 3510 4147 Πῶς

1925 4175 2108 4244 ἔχεται
2151 4175 2213 4227 τὸ
2255 4174 2441 4244 ἕτερον
2489 4173 2584 4226 τοῦ
2632 4174 2867 4244 ἐτέρου;
2929 4175 3054 4238 Πῶς
3102 4174 3335 4239 σώζεται
3379 4175 3507 4229 καθ’

1927 4268 2115 4339 εἱρμὸν
2139 4268 2326 4339 ὥσπερ
2366 4267 2424 4319 ἐν
2462 4266 2650 4320 ἁλύσει
2681 4267 2789 4320 τινὶ
2821 4267 2884 4321 τὸ
2922 4265 3030 4320 τῶν
3063 4267 3352 4338 νοημάτων
3377 4267 3512 4320 ἀκό-

1926 4359 2142 4423 λουθον;
2176 4357 2389 4410 Ἀκούει
2409 4357 2507 4410 τοῦ
2534 4357 2958 4428 προστάγματος
2977 4377 2990 4388 ο
3013 4357 3408 4427 ένδυναμοῦται
3429 4357 3511 4428 τῷ

1925 4450 2101 4522 λόγῳ,
2152 4450 2460 4520 ἐγείρεται,
2509 4448 2871 4520 προσέρχεται
2897 4491 2912 4515 ,
2972 4447 3301 4519 πλησιάζει,
3366 4449 3510 4519 καλὴ

1924 4543 2152 4610 γίνεται,
2178 4539 2477 4612 περιστερά
2495 4539 2839 4610 ὀνομάζεται.
2867 4539 2992 4604 Πῶς
3013 4540 3122 4610 γάρ
3141 4540 3257 4593 ἑστι
3279 4539 3510 4592 δυνατὸν

1926 4630 2096 4700 καλὴν
2115 4629 2235 4699 ὄψιν
2267 4631 2324 4682 ὲν
2367 4629 2658 4699 κατόπτρῳ
2691 4629 2817 4682 ἰδεῖν
2842 4669 2857 4692 ,
2891 4628 2965 4698 μὴ
3000 4627 3172 4698 καλῆς
3197 4639 3345 4690 τινος
3374 4645 3512 4700 μορ-

1926 4723 2032 4791 φῆς
2063 4719 2359 4790 δεξαμένου
2386 4718 2483 4790 τὴν
2517 4717 2792 4788 έμφασιν;
2829 4717 3038 4773 Οὐκοῦν
3069 4719 3250 4771 καὶτὸ
3278 4719 3382 4787 τῆς
3411 4720 3513 4773 άν-

1927 4811 2203 4882 θρωπίνης
2244 4809 2460 4879 φύσεως
2503 4810 2830 4881 κάτοπτρον,
2872 4811 2934 4863 οὐ
2980 4810 3246 4881 πρότερον
3288 4811 3513 4880 ἐγένετο

1927 4902 2109 4965 καλὸν,
2152 4901 2266 4954 ἀλλ’
2296 4902 2385 4954 ὅτε
2422 4900 2502 4971 τῷ
2533 4900 2684 4971 καλῷ
2731 4901 3052 4973 ἐπλησίασε,
3087 4903 3180 4955 καὶ
3224 4905 3291 4973 τῇ
3335 4903 3511 4956 εἰκόνι

1925 4988 2018 5044 τοῦ
2048 4989 2191 5044 θείου
2241 4990 2470 5055 κάλλους
2498 4992 2879 5063 ὲνεμορφώθη.
2910 4993 3125 5064 Ὥσπερ
3155 4993 3266 5064 γὰρ
3305 4993 3368 5046 τὸ
3409 4994 3510 5048 τοῦ

1926 5081 2101 5151 ὄφεως
2132 5077 2276 5152 εἶχεν
2321 5078 2458 5146 εἶδος
2500 5082 2605 5146 ἓως
2633 5083 2810 5138 ἔκειτο
2837 5085 2929 5137 ἐπὶ
2955 5084 3057 5154 τῆς
3090 5085 3214 5155 γῆς,
3246 5084 3339 5137 καὶ
3369 5086 3513 5154 πρὸς

1926 5173 2089 5227 αὐτὸν
2124 5172 2380 5244 ἀφεώραο
2425 5173 2566 5227 κατά
2605 5173 2695 5227 τὸν
2728 5175 2892 5228 αὐτὸν
2932 5176 3155 5246 τρόπον,
3193 5175 3383 5246 ἐπειδὴ
3411 5177 3512 5229 ἀν-

1926 5267 2078 5336 έστη,
2129 5266 2222 5319 καὶ
2265 5265 2326 5318 τὸ
2366 5266 2568 5334 ἀγαθὸν
2609 5266 2812 5333 ἔδειξεν
2844 5268 3044 5338 ἑαυτὴν
3067 5267 3506 5338 ἀντιπρόσωπον,

1926 5356 2068 5410 κατά
2095 5355 2262 5409 νώτου
2299 5355 2395 5426 τὴν
2431 5357 2630 5411 κακίαν
2659 5358 3028 5430 ποιησαμένη,
3065 5357 3200 5430 πρὸς
3232 5358 3262 5410 δ
3292 5357 3507 5427 βλέπει,

1927 5447 2046 5499 κατ’
2087 5447 2262 5501 έκεῖνο
2307 5448 2400 5500 καὶ
2448 5447 2863 5519 σχηματίζεται.
2915 5449 3112 5502 Βλέπει
3160 5448 3216 5502 δὲ
3270 5448 3412 5520 πρὸς
3445 5449 3510 5501 τὸ

1926 5537 2230 5609 ἀρχέτυπον
2272 5538 2466 5603 κάλλος
2498 5556 2511 5570 ·
2569 5538 2866 5611 περιστερά
2909 5538 2967 5593 δὲ
3016 5539 3078 5592 τὸ
3131 5539 3347 5602 κάλλος.
3402 5537 3508 5593 Διά

326 5715 370 5746 ⁸⁹
411 5715 600 5773 Matth.
659 5734 737 5782 is,
786 5719 854 5787 6;
899 5719 1064 5775 Marc.
1104 5735 1165 5785 ιι,
1223 5719 1306 5774 Η.
1379 5719 1427 5752 ⁸⁸
1465 5717 1611 5776 Psal.
1646 5734 1812 5787 van,

1929 5739 1956 5774 μ.
2034 5719 2076 5750 ⁸³
2133 5718 2278 5774 Psal.
2319 5735 2488 5787 xxx",
2521 5719 2573 5776 9.
