3854 6216
207 310 320 368 869

1271 304 1338 359 ΙΝ
1372 305 1677 361 CANTlCA
1721 300 1994 358 CANTIC.
2033 302 2322 358 llOMlLlA
2366 301 2425 356 γ.

3367 294 3487 358 ⁷87³)

206 424 370 477 τοῦτο
415 422 494 494 τῷ
518 421 659 491 φωτὶ
705 418 1118 491 προσεγγίσασα
1140 458 1153 479 ,
1187 417 1305 487 φῶς
1344 419 1577 486 γίνεται.
1628 415 1718 486 Τῷ
1749 417 1804 469 δὲ

1921 415 2199 479 :olumbae,
2229 415 2390 484 cujus
2415 412 2627 484 species
2651 412 2977 483 significavit
2995 412 3285 468 adventum
3311 431 3438 472 satu:
3451 417 3487 471 ti

211 513 356 581 φωτὶ
382 512 444 564 τὸ
490 511 655 564 καλὸν
695 509 796 578 τῆς
845 509 1175 579 περιστερᾶς
1219 503 1358 572 εἶδος
1396 508 1800 572 ὲνεικονίζεται,

213 601 434 669 ἐκείνης
472 599 616 667 λέγω
656 597 756 667 τῆς
809 599 1162 667 περιστερᾶς,
1195 593 1264 668 ἦς
1309 597 1370 650 τὸ
1413 594 1551 660 εἶδος
1584 597 1680 668 τὴν
1709 596 1802 650 τοῦ

213 692 374 760 ἁγίου
407 691 725 762 Πνεύματος
756 692 1060 762 παρουσίαν
1089 690 1405 760 ἐγνώρισεν.

301 782 460 836 Οὕτω
503 783 682 836 τοίνυν
729 784 865 854 αὐτῇ
919 783 1324 854 προσφωνήσας
1377 783 1406 834 ὁ
1459 780 1653 849 λόγος,
1710 780 1806 833 καὶ

215 875 494 946 ὀνομάσας
538 877 730 946 αὑτὴν,
783 876 953 946 καλὴν
991 877 1088 945 μὲν
1138 875 1225 927 διὰ
1256 875 1316 928 τὸ
1366 873 1614 942 πλησίον,
1657 890 1807 944 περι-

220 964 423 1035 στερὰν
454 964 511 1016 δὲ
537 963 625 1017 διά
654 964 714 1016 τὸ
742 964 959 1029 κάλλος,
992 963 1086 1017 καὶ
1125 962 1193 1016 τὰ
1223 962 1422 1032 ἑφεξῆς
1449 961 1802 1033 διεξέρχεται,

217 1057 406 1110 οὐκέτι
436 1055 612 1123 λέγων
653 1058 878 1127 κρατεῖν
922 1055 1015 1109 τοῦ
1051 1056 1317 1126 χειμῶνος
1344 1055 1452 1107 τῶν
1490 1054 1675 1125 ψυχῶν
1708 1053 1805 1125 τὴν

220 1151 546 1219 κατήφειαν.
610 1149 686 1201 Οὑ
736 1149 843 1221 γάρ
898 1150 1114 1220 ἀντέχει
1169 1148 1305 1220 πρὸς
1351 1147 1449 1218 τὴν
1498 1149 1696 1203 ἀκτῖνα
1745 1146 1805 1199 τὸ

220 1243 411 1312 κρύος.
461 1239 639 1304 Ἰδοὺ,
670 1241 853 1310 φησὶν,
886 1243 919 1293 ὀ
956 1240 1176 1308 χειμὼν
1205 1239 1533 1308 παρῆλθεν,
1571 1243 1604 1293 ό
1631 1242 1806 1308 ὑετὸς

222 1331 522 1400 ἀπῆλθεν,
569 1332 860 1401 ἐπορεύθη
905 1331 1113 1398 ἐαυτῷ.
1164 1332 1522 1404 Πολυώνυμον
1567 1337 1711 1387 ποιεῖ
1744 1335 1806 1387 τὸ

225 1425 420 1490 κακὸν,
449 1427 590 1479 κατά
610 1427 708 1490 τὰς
741 1427 1002 1498 διαφορὰς
1032 1427 1140 1480 τῶν
1181 1427 1568 1499 ἐνεργημάτων
1611 1430 1807 1500 ὀνομα-

221 1516 470 1588 ζόμενον.
520 1519 578 1570 '0
630 1518 792 1583 αὐτὸς
836 1519 944 1590 γάρ
995 1520 1089 1572 καὶ
1119 1519 1348 1590 χειμὼν,
1379 1521 1474 1573 καὶ
1507 1521 1678 1585 ὑετὸς,
1712 1521 1807 1576 καὶ

224 1609 489 1678 σταγόνες
511 1651 524 1674 ,
556 1610 681 1663 καθ’
716 1611 948 1664 ἕκαστον
989 1610 1098 1664 τῶν
1153 1613 1434 1682 ὀνομάτων
1495 1613 1805 1684 πειρασμοῦ

221 1717 374 1764 τινος
418 1701 560 1755 κατά
609 1701 670 1755 τὸ
720 1701 921 1764 ἰδιάζον
974 1704 1396 1775 σημαινομένου.
1457 1705 1544 1757 Ἐν
1577 1704 1684 1776 γὰρ
1728 1705 1808 1775 τῷ

221 1793 476 1864 χειμῶνι,
498 1794 566 1848 τά
589 1795 852 1865 τεθηλότα
879 1797 1216 1868 μαραίνεται,
1245 1797 1306 1849 τὸ
1328 1798 1419 1850 ἐπὶ
1441 1798 1548 1851 τῶν
1573 1797 1808 1870 δένδρων

222 1886 444 1950 κάλλος,
475 1886 504 1939 ὃ
529 1887 618 1939 διὰ
648 1887 756 1940 τῶν
782 1887 996 1957 φύλλων
1026 1889 1269 1959 φυσικῶς
1302 1891 1615 1955 ὼραῖζεται,
1645 1892 1811 1964 ἀποῤ⁴

227 1981 317 2050 ῥεῖ
339 1979 448 2031 τῶν
481 1977 838 2041 κλάδων,⁵καὶ
871 1983 937 2051 τῇ
969 1983 1040 2051 γῇ
1079 1981 1498 2052 καταμίγνυται.
1537 1983 1674 2053 Σιγᾷ
1701 1983 1810 2035 τῶν

228 2069 510 2140 μουσικῶν
540 2069 768 2140 ὀρνίθων
790 2072 822 2141 ἡ
849 2071 1102 2141 μελῳδία,
1139 2071 1327 2140 φεύγει
1353 2073 1387 2142 ἡ
1411 2070 1610 2144 ἀηδὼν,
1633 2074 1811 2144 ναρκᾷ.

223 2165 260 2234 ἡ
291 2161 532 2233 χελιδὼν,
583 2162 934 2227 ἀποξενοῦται
973 2164 1071 2233 τῆς
1103 2163 1295 2226 καλιᾶς
1334 2165 1367 2235 ἡ
1414 2163 1628 2232 τρυγών
1655 2181 1668 2195 ο
1719 2183 1810 2235 μι-

229 2257 416 2326 μεῖται
445 2255 622 2308 πάντα
646 2255 746 2324 τήν
775 2254 868 2308 τοῦ
901 2255 1130 2308 θανάτου
1165 2258 1487 2325 κατήφειαν,
1525 2255 1810 2326 νεκροῦται

224 2349 256 2400 6
292 2348 540 2418 βλαστὸς,
575 2349 908 2418 ἀποθνήσκει
941 2350 974 2419 ἡ
1001 2348 1127 2402 πόα.
1164 2349 1270 2402 Καὶ
1293 2349 1480 2418 ὥσπερ
1510 2350 1672 2403 ὀστέα
1705 2351 1811 2402 τῶν

227 2441 454 2512 σαρκῶν
499 2441 899 2511 κεχωρισμένα,
936 2439 1109 2503 οὕτως
1143 2443 1190 2494 οἱ
1239 2441 1422 2495 κλάδοι
1454 2441 1563 2495 τῶν
1598 2441 1811 2511 φύλλων

225 2531 632 2603 γυμνωθέντες,
695 2532 930 2602 εἰδεχθὲς
979 2532 1158 2602 θέαμα
1210 2533 1492 2601 γίνονται,
1545 2535 1667 2587 ἀντὶ
1713 2533 1812 2602 τῆς

226 2622 544 2694 προσούσης
572 2623 754 2686 αὑτοῖς
783 2624 848 2676 ὲκ
875 2623 982 2675 τῶν
1011 2623 1254 2692 βλαστῶν
1292 2623 1541 2692 ἀγλαΐας.
1575 2623 1640 2676 Τί
1676 2623 1720 2676 δ’
1748 2623 1813 2678 ἄν

224 2734 314 2780 τις
345 2717 494 2784 λέγοι
524 2715 590 2769 τά
619 2716 760 2769 κατά
805 2717 1080 2770 θάλασσαν
1109 2717 1278 2788 πάθη,
1321 2717 1389 2770 τὰ
1432 2717 1520 2771 διὰ
1562 2716 1655 2770 τοῦ
1697 2735 1812 2787 χει-

230 2808 414 2880 μῶνος
441 2809 732 2880 γινόμενας
782 2808 906 2872 Πῶς
941 2810 1006 2862 ὲκ
1035 2809 1210 2879 βυθῶν
1248 2808 1696 2880 ἀναστρεφομένη
1721 2809 1816 2862 καὶ

229 2903 590 2957 διοιδαίνουσα
623 2902 917 2967 σκοπέλους
949 2903 1044 2956 καὶ
1088 2903 1188 2974 ὅρη
1238 2904 1516 2972 μιμεῖται,
1569 2901 1705 2972 πρὸς
1754 2900 1816 2954 τὸ

229 2993 415 3066 ὄρθιον
445 2995 630 3064 σχῆμα
674 2993 1056 3065 κορυφουμένη
1097 2993 1176 3064 τῷ
1211 2992 1397 3058 ὖδατι;
1439 2992 1564 3056 Πῶς
1600 2993 1817 3064 ἐφορμᾷ

1907 503 2171 575 Spiritus.

1977 778 2114 833 Cum
2146 795 2276 850 ergo
2303 779 2384 834 sic
2411 794 2528 833 eam
2556 779 2795 834 allocuta
2820 790 2970 836 esset
2998 782 3196 846 oratio,
3230 789 3282 836 et
3311 782 3484 851 ipsam

1906 871 2128 942 quidem
2165 872 2506 927 nominasset
2550 873 2836 942 pulchram
2885 883 3112 942 propter
3165 876 3487 943 propinqui-

1905 971 2092 1028 tatem,
2127 963 2434 1016 columbam
2467 973 2647 1018 autem
2686 972 2909 1034 propter
2964 965 3427 1034 pulchritmliuem
3462 1008 3482 1031 I,

1905 1055 2261 1126 persequitur
2292 1054 2342 1108 id
2375 1055 2522 1124 quod
2546 1054 2806 1124 deinceps
2839 1056 3105 1124 sequitur,
3145 1056 3334 1110 dicens
3377 1071 3485 1109 non

1907 1147 2142 1216 amplius
2174 1146 2446 1201 dominari
2477 1147 2673 1202 hiemis
2702 1147 3009 1201 animarum
3048 1148 3350 1202 tristitiam.
3383 1145 3488 1202 Ne-

1907 1253 2014 1307 que
2044 1237 2190 1292 enim
2223 1236 2398 1308 frigus
2443 1238 2652 1292 resistit
2694 1237 2870 1291 radio.
2905 1242 3039 1292 Ecce
3079 1232 3246 1298 enim,
3288 1238 3486 1308 inquit,

1907 1330 2072 1384 hiems
2094 1331 2374 1400 prwteriit,
2396 1329 2564 1383 imber
2587 1330 2717 1382 abiit
2741 1339 2790 1383 et
2821 1346 2875 1384 se
2904 1331 3114 1398 recepit.
3145 1330 3289 1385 Malo
3316 1332 3488 1384 multa

1909 1423 2103 1478 tribuit
2129 1424 2375 1485 nomina,
2417 1430 2478 1476 ut
2509 1421 2655 1492 quod
2692 1423 3006 1476 nominetur
3063 1437 3128 1475 ex
3169 1422 3488 1477 differentiis

1907 1516 2310 1585 operationum.
2332 1513 2474 1570 Idem
2497 1514 2642 1569 enim
2673 1523 2727 1567 et
2754 1515 2928 1568 hiems
2946 1514 3190 1567 etimber
3221 1523 3275 1568 et
3304 1514 3486 1576 stillas,

1907 1615 1964 1660 et
1986 1606 2374 1660 convenienter
2399 1605 2697 1673 unicuique
2727 1606 2934 1658 nomini
2971 1605 3271 1659 tentatione
3308 1604 3488 1675 aliqua

1910 1712 1976 1752 ex
2013 1697 2345 1767 proprietate
2383 1696 2710 1766 significata,
2761 1695 2962 1748 dicitur
3001 1695 3196 1752 hiems.
3263 1703 3488 1765 propter

1912 1789 2266 1858 multiplicem
2300 1789 2565 1842 malorum
2611 1788 3090 1858 significationem.
3138 1786 3274 1840 Nam
3313 1787 3491 1840 hieme

1910 1889 1964 1935 et
1994 1896 2116 1950 quae
2146 1880 2520 1949 germinat-ant
2566 1886 2951 1942 marcescunt,
2985 1885 3038 1932 et
3073 1879 3332 1932 arborum
3366 1877 3489 1947 pul-

1911 1973 2189 2035 chritudo,
2219 1989 2340 2042 quae
2367 1974 2691 2026 naturaliter
2720 1988 2875 2026 suam
2919 1979 3262 2026 venustatem
3301 1986 3366 2026 ac
3399 1971 3492 2024 de-

1911 2075 2096 2116 corem
2127 2062 2340 2130 accepit
2373 2077 2402 2114 a
2443 2060 2622 2124 foliis,
2656 2060 2859 2115 excidit
2891 2075 2920 2112 a
2951 2059 3096 2114 foliis
3126 2071 3180 2114 et
3230 2061 3494 2114 miscetur

1912 2162 2108 2216 terrm;
2154 2153 2492 2206 musicarum
2549 2152 2731 2204 avium
2788 2151 2910 2206 silet
2966 2157 3312 2204 concentus:
3354 2147 3494 2218 fugit

1911 2242 2172 2303 luscinia,
2211 2249 2391 2310 torpet
2423 2241 2685 2308 hirundo,
2719 2255 2745 2295 a
2779 2241 2909 2295 nido
2956 2241 3340 2311 peregrinatur
3375 2248 3496 2294 tur-

1915 2336 2341 2398 tur;imitantur
2375 2337 2557 2389 omnia
2594 2335 2876 2390 tristitiam
2907 2335 3121 2401 mortis,
3151 2333 3341 2389 interit
3374 2347 3496 2402 ger-

1911 2441 2060 2485 men.
2093 2427 2330 2480 moritur
2357 2427 2520 2481 herba
2551 2440 2566 2479 :
2600 2433 2654 2480 et
2679 2440 2791 2496 quo
2816 2424 2980 2480 modo
3011 2441 3138 2480 ossa
3182 2433 3432 2496 separata
3465 2440 3493 2477 a

1913 2517 2196 2584 carnibus,
2230 2519 2303 2572 ita
2334 2518 2470 2571 rami
2503 2518 2697 2572 nudati
2753 2517 2900 2573 foliis
2948 2517 3194 2574 deforme
3258 2518 3498 2573 evadunt

1915 2611 2314 2680 spectaculum,
2358 2625 2457 2679 pro
2485 2611 2669 2680 specie
2710 2623 2775 2663 ac
2809 2609 3008 2664 decore
3037 2608 3133 2678 qui
3173 2608 3254 2664 eis
3308 2610 3499 2664 aderat

1915 2717 1980 2756 ex
2014 2701 2376 2772 germinibus.
2405 2700 2546 2767 Quid
2578 2711 2758 2755 autem
2803 2715 3240 2755 commemorare
3295 2703 3493 2757 attinet

1914 2809 1979 2849 ea
2013 2809 2135 2864 qua:
2186 2794 2242 2848 in
2279 2795 2415 2848 mari
2460 2795 2636 2849 hieme
2699 2792 2980 2856 accidunt,
3036 2793 3497 2862 quemadmodum

1917 2888 1986 2942 ab
2020 2888 2130 2941 imo
2157 2902 2410 2942 eversum
2444 2893 2499 2942 et
2545 2885 2904 2940 tumefactum
2964 2886 3220 2955 scopulos
3253 2885 3498 2941 imitatur

1916 2987 1971 3035 et
2000 2988 2237 3041 montes,
2295 2977 2353 3032 in
2388 2985 2595 3032 rectam
2632 2976 2861 3046 ﬁguram
2895 2977 3071 3030 instar
3101 2977 3327 3031 verticis
3357 2992 3498 3048 aqua

233 3086 486 3157 καθάπερ
530 3085 764 3156 πολεμία
809 3088 875 3156 τῇ
923 3086 1032 3156 γῇ,
1077 3085 1217 3156 ὑπὲρ
1263 3085 1365 3149 τάς
1411 3086 1578 3156 μονάς
1621 3085 1814 3156 ἑαυτὴν

1923 3069 2244 3138 fastigiata?
2293 3069 2754 3139 quemadmodum
2801 3068 2858 3122 in
2915 3077 3117 3123 terram
3151 3068 3332 3128 irruit.
3388 3083 3500 3123 non

237 3178 680 3240 ὲπεκϐἀλλουσα,
727 3178 821 3231 καὶ
861 3181 982 3242 ταῖς
1030 3176 1350 3248 ἐπαλλήλοις
1397 3177 1506 3230 τῶν
1555 3177 1816 3247 κυμάτων

235 3271 477 3341 πληγαῖς
510 3267 620 3323 οἷόν
669 3287 778 3323 τισι
825 3269 1234 3342 μηχανημάτων
1281 3269 1607 3341 προσϐολαῖς
1647 3269 1817 3342 αὐτὴν

238 3364 626 3419 κατασείουσα.
679 3362 842 3416 Ἀλλά
867 3380 954 3434 μοι
985 3363 1094 3416 νόει
1132 3362 1202 3417 τὰ
1228 3359 1322 3416 τοῦ
1353 3361 1619 3433 χειμῶνος
1644 3361 1814 3432 πάθη,

232 3456 411 3510 ταῦτα
445 3455 543 3509 καὶ
569 3455 639 3508 τὰ
665 3453 890 3508 τοιαῦτα
914 3453 1092 3508 πάντα
1122 3453 1555 3525 μεταλαμϐάνων
1583 3455 1662 3517 εἰς
1687 3470 1818 3524 τρο-

236 3546 407 3618 πικὴν
438 3545 735 3617 σημασίαν.
768 3544 834 3597 Τί
863 3545 1010 3597 ἐστιν
1036 3544 1094 3597 ὲν
1114 3542 1344 3614 χειμῶνι
1373 3543 1432 3596 τὸ
1459 3541 1732 3612 ἀπανθοῦν
1756 3558 1816 3594 τε

235 3636 336 3690 καλ⁵
365 3635 792 3706 μαραινόμενον;
841 3634 906 3688 Τί
936 3633 997 3688 τὸ
1039 3635 1118 3697 εἰς
1144 3635 1248 3705 γῆν
1276 3635 1340 3687 ὲκ
1363 3633 1472 3687 τῶν
1499 3633 1817 3705 ἀκρεμόνων

235 3728 640 3798 ἀναλυόμενονς
693 3727 789 3790 Τίς
835 3727 868 3797 ἡ
917 3724 1178 3779 σιωπῶσα
1208 3725 1318 3780 τῶν
1352 3725 1561 3797 ᾠδικῶν
1589 3724 1818 3797 ὀρνίθων

238 3819 425 3888 φωνή;
474 3817 571 3880 Τίς
593 3819 626 3886 ή
659 3816 903 3870 θάλασσα
935 3819 968 3886 ἡ
1003 3815 1358 3887 ὲπωρυομένη
1384 3818 1494 3879 τοῖς
1524 3815 1714 3881 ὓδασις
1753 3816 1818 3869 Τί

238 3911 335 3964 ἐπὶ
365 3909 578 3972 τούτοις
608 3910 637 3962 ὀ
669 3908 852 3974 ὑετός;
901 3907 1060 3970 Τίνες
1101 3907 1196 3960 τοῦ
1235 3906 1391 3960 ὑετοῦ
1428 3909 1482 3961 αί
1521 3909 1815 3977 σταγόνες;

237 4003 369 4064 Πῶς
395 4000 574 4070 ἑαυτῷ
604 3999 899 4074 πορεύεται
926 4001 955 4053 6
983 3998 1138 4062 ὑετός
1170 4015 1186 4065 ;
1238 3996 1336 4051 Διά
1377 3997 1567 4053 τούτου
1598 3999 1728 4071 γάρ,
1758 4000 1819 4054 τὸ

241 4094 487 4163 ἔμψυχόν
513 4109 574 4145 τε
613 4092 709 4146 καὶ
736 4091 1118 4163 προαιρετικὸν
1145 4089 1240 4144 τοῦ
1273 4090 1514 4145 τοιούτου
1554 4091 1820 4163 χειμῶνος

243 4182 612 4253 ὑποσημαίνει
633 4181 694 4234 τὸ
721 4181 969 4250 αἴνιγμα.

313 4338 468 4409 Τάχα
501 4335 610 4406 γὰρ
637 4333 742 4389 κᾶν
775 4335 851 4406 μὴ
879 4333 1023 4389 ’καθ’
1067 4334 1298 4389 ἕκαστον
1333 4335 1645 4410 διασαφήσῃ
1675 4338 1704 4391 6
1731 4337 1820 4390 λό-

240 4450 361 4503 γος,
389 4429 655 4502 πρόδηλός
691 4431 810 4482 ἐστι
842 4427 922 4499 τῷ
969 4427 1262 4483 ἀκούσαντι
1289 4430 1322 4500 ἡ
1352 4429 1583 4483 ἑκάστου
1617 4429 1822 4484 τούτων

242 4523 629 4595 ἐμφαινομένη
655 4521 864 4574 διάνοια
897 4536 912 4550 ·
965 4519 1084 4584 πῶς
1116 4520 1359 4591 ὲτεθήλει
1393 4521 1452 4574 τὸ
1477 4521 1758 4592 καταρχὰς
1791 4523 1824 4592 ή

242 4614 563 4687 ἀνθρωπίνη
599 4614 780 4683 φύσις,
814 4612 920 4676 ἕως
956 4613 1015 4666 ὲν
1045 4612 1124 4683 τῷ
1153 4614 1470 4686 παραδείσῳ
1495 4609 1584 4686 ἦν,
1622 4615 1702 4685 τῷ
1727 4615 1828 4685 τῆς

242 4705 430 4775 πηγῆς
479 4703 693 4773 ἐκείνης
743 4702 895 4756 ὕδατι
924 4703 1247 4776 πιαινομένη
1277 4705 1370 4758 καὶ
1399 4704 1663 4759 θάλλουσα
1687 4744 1704 4768 ,
1737 4705 1824 4758 ὅτε

240 4795 315 4870 ἦν
363 4797 484 4851 ἀντὶ
533 4795 745 4865 φύλλων
777 4796 806 4848 6
831 4795 930 4864 τῆς
957 4795 1256 4858 ἀθανασίας
1289 4796 1534 4866 βλαστὸς,
1575 4797 1826 4868 ὼραῖζων

244 4889 345 4960 τὴν
376 4887 567 4957 φύσιν’
606 4886 744 4941 ἀλλά
792 4885 888 4939 τοῦ
939 4887 1209 4958 χειμῶνος
1258 4891 1356 4960 τῆς
1396 4891 1684 4960 παρακοῆς
1726 4890 1826 4962 τὴν

247 4980 405 5052 ῥίζαν
437 4979 879 5050 ἀποξηράναντος
897 5020 912 5044 ,
963 4979 1294 5050 ἀπετινάχθη
1323 4981 1384 5033 τὸ
1413 4981 1589 5045 ἄνθος,
1622 4981 1717 5035 καί
1745 4983 1826 5045 είς

245 5075 352 5144 γῆν
416 5072 648 5142 ἀνελύθη
675 5111 690 5134 ,
765 5071 860 5124 καὶ
923 5070 1214 5142 ἐγυμνώθη
1281 5072 1374 5125 τοῦ
1439 5073 1667 5137 κάλλους
1725 5075 1826 5145 τῆς

246 5163 543 5226 ἀθανασίας
577 5165 607 5216 ὁ
639 5162 946 5234 ἄνθρωπος,
971 5163 1067 5216 καὶ
1106 5163 1140 5232 ή
1181 5161 1289 5216 τῶν
1326 5163 1536 5234 ἀρετῶν
1568 5165 1673 5217 πόα
1696 5181 1826 5218 κατ-

247 5253 520 5326 εξηράνθη
543 5292 558 5317 ,
604 5254 704 5324 τῆς
746 5254 883 5325 πρὸς
927 5254 1017 5307 τὸν
1059 5253 1191 5307 Θεὸν
1222 5253 1440 5324 ἀγάπης
1481 5254 1570 5308 διὰ
1601 5255 1663 5307 τὸ
1689 5255 1825 5326 πλη.
1855 5236 1901 5293 υ

247 5347 511 5416 θυνθῆναι
555 5347 651 5418 τὴν
689 5347 920 5418 ἀνομίαν
963 5345 1407 5416 καταψυχούσης,
1452 5345 1573 5399 ὅθεν
1597 5346 1666 5400 τὰ
1699 5364 1821 5400 ποι·-

245 5437 374 5494 κίλα
424 5437 570 5509 πάθη
629 5441 744 5500 τοῖς
807 5437 1204 5508 ἀντικειμένοις
1245 5436 1550 5506 πνεύμασιν
1591 5437 1650 5489 ὲν
1691 5436 1825 5507 ἡμῖν

245 5527 591 5600 ὲκορυφὼθη,
627 5528 697 5581 δι’
734 5522 810 5582 ὧν
852 5528 921 5582 τὰ
971 5527 1186 5599 πονηρά
1227 5526 1328 5597 τῆς
1371 5526 1550 5598 ψυχῆς
1591 5526 1825 5595 ναυάγια

245 5619 476 5690 γίνεται.
516 5621 654 5674 Ἀλλ’
682 5620 925 5685 ἐλθόντος
951 5619 1046 5674 τοῦ
1087 5619 1150 5673 τὸ
1179 5617 1277 5690 ἔαρ
1302 5617 1412 5671 τῶν
1437 5617 1624 5688 ψυχῶν
1663 5618 1822 5688 ήμῶν

245 5713 669 5783 ἐμποιήσαντος,
697 5711 776 5778 ὃς,
812 5709 906 5765 τοῦ
933 5707 1172 5782 πονηροῦ
1195 5707 1398 5779 ἀνέμου
1432 5705 1530 5779 τὴν
1552 5705 1822 5762 θάλασσάν

1923 3177 2085 3218 secus
2114 3169 2281 3230 atque
2313 3159 2488 3215 hostis
2515 3173 2814 3228 erumpens
2849 3158 2992 3211 ultra
3021 3159 3159 3213 fines
3191 3173 3304 3212 suae
3338 3157 3500 3212 babi-

1923 3253 2171 3316 tationis,
2199 3259 2255 3307 et
2281 3250 2650 3319 frequentium
2684 3249 2955 3303 undarum
2991 3250 3217 3314 ictibus,
3239 3257 3498 3320 tanquam

1923 3344 2204 3414 aliquibus
2231 3342 2610 3396 machinarum
2649 3341 2972 3405 insultibus,
3000 3342 3175 3411 ipsam
3209 3341 3502 3412 quatiens?

1925 3435 2032 3491 Sed
2071 3435 2171 3489 has
2204 3441 2259 3490 et
2294 3449 2416 3504 quae
2443 3443 2573 3488 sunt
2603 3431 2918 3502 hujusmodi
2956 3432 3154 3487 hiemis
3185 3432 3501 3488 affectiones

1922 3545 2116 3586 omnes
2136 3527 2268 3582 mihi
2291 3535 2474 3582 mente
2506 3540 2667 3581 versa
2705 3525 2772 3580 ad
2819 3525 3090 3596 tropicam
3120 3526 3398 3583 deducens
3427 3527 3502 3582 si-

1923 3619 2350 3691 gnificationem.
2385 3615 2526 3682 Quid
2569 3615 2642 3670 sit
2681 3615 2829 3684 quod
2873 3614 3057 3695 bieme
3093 3613 3406 3670 deflorescit
3448 3623 3502 3670 et

1925 3705 2252 3760 marcescit?
2275 3703 2414 3770 Quid
2443 3704 2516 3758 sit
2548 3703 2692 3773 quod
2727 3703 2783 3758 in
2805 3710 3007 3757 terram
3037 3718 3103 3758 ex
3134 3704 3304 3760 ramis
3333 3703 3505 3760 resol-

1923 3797 2380 3862 vitur?Quaanam
2405 3795 2478 3850 sit
2495 3810 2600 3850 vox
2622 3810 2744 3864 quae
2771 3794 2897 3849 silet
2926 3809 3258 3849 canorarum
3282 3796 3504 3850 avium?

1923 3890 2200 3961 quodnam
2244 3889 2316 3943 sit
2356 3903 2506 3942 mare
2554 3887 2700 3958 quod
2731 3888 2878 3958 rugit
2915 3885 3212 3943 fluctibus?
3239 3885 3502 3953 Quisnam

1924 3983 2122 4038 deinde
2160 3983 2232 4037 sit
2263 3982 2480 4036 imber?
2505 3981 2638 4048 Quae
2655 3982 2766 4038 sint
2787 3981 2981 4038 imbris
3007 3983 3205 4038 stillae?
3234 3982 3505 4050 Quemado

1924 4074 2145 4128 modum
2184 4073 2362 4126 imber
2392 4072 2548 4127 abeat
2583 4081 2637 4126 et
2678 4087 2738 4128 se
2758 4071 3030 4141 recipiat?
3055 4071 3158 4127 Per
3190 4073 3296 4128 hoc
3333 4075 3502 4139 enim,

1927 4166 1979 4220 id
2009 4163 2156 4234 quod
2192 4173 2276 4217 est
2312 4164 2612 4218 animatum
2644 4171 2698 4218 et
2731 4163 2904 4218 libero
2933 4163 3161 4219 arbitrio
3189 4166 3500 4235 praditum,

1927 4257 2092 4311 tacite
2127 4255 2399 4324 significat
2439 4255 2669 4326 mnigma
2709 4255 3112 4326 hujushiemis.

1999 4345 2163 4401 Forte
2196 4346 2340 4399 enim
2394 4347 2498 4400 etsi
2553 4347 2765 4417 singula
2799 4364 2906 4401 non
2948 4346 3239 4415 explicarit
3292 4347 3500 4412 oratio,

1929 4435 2167 4491 auditori
2207 4437 2314 4488 erit
2347 4433 2641 4489 manifesta
2689 4435 2960 4489 sententia
2996 4449 3117 4504 quae
3170 4451 3228 4490 se
3265 4436 3506 4489 ostendit

1928 4529 1982 4583 in
2024 4540 2358 4596 unoquoque
2386 4540 2577 4580 eorum
2605 4543 2618 4578 :
2651 4526 3109 4595 quemadmodum
3143 4527 3195 4579 in
3224 4527 3376 4580 initio
3404 4527 3507 4579 lm-

1927 4633 2091 4673 mana
2125 4617 2454 4688 germinavit
2490 4625 2708 4681 natura,
2739 4617 2980 4687 quandiu
3018 4616 3118 4671 fuit
3141 4619 3194 4671 in
3225 4618 3502 4686 paradiso,

1927 4723 2070 4779 aqua
2135 4708 2286 4762 illius
2318 4706 2486 4762 fontis
2517 4708 2741 4778 irrigata
2776 4718 2830 4762 et
2884 4707 3248 4777 germinans:
3283 4709 3506 4778 quando

1925 4809 2046 4856 erat
2080 4815 2180 4869 pro
2213 4799 2361 4854 foliis
2399 4815 2620 4870 germen
2654 4800 3106 4865 immortalitatis,
3135 4807 3384 4854 naturam
3415 4801 3505 4856 de-

1927 4890 2271 4954 corans;sed
2313 4905 2437 4944 cum
2482 4889 2658 4944 hiems
2697 4888 3084 4944 inobedientim
3133 4889 3370 4943 radicem
3410 4904 3504 4944 ex-

1926 4982 2215 5046 siccassel,
2243 4979 2344 5035 flos
2373 4982 2427 5034 in
2467 4989 2668 5035 terram
2705 4996 2976 5036 excussus
3029 4987 3148 5044 est,
3179 4979 3500 5044 dissolutus,

1923 5082 1978 5128 et
2007 5073 2246 5128 nudatus
2285 5073 2394 5127 fuit
2422 5073 2588 5128 homo
2625 5088 2655 5127 a
2709 5071 3120 5144 pulchritudine
3179 5073 3502 5127 immortali-

1924 5165 2078 5230 tatis,
2113 5172 2167 5219 et
2203 5163 2480 5219 exsiccata
2516 5163 2620 5219 fuit
2647 5165 2817 5220 herba
2858 5164 3146 5226 virtutum,
3179 5162 3498 5234 refrigerata

1927 5257 1985 5311 in
2021 5256 2188 5310 Deum
2261 5252 2563 5318 charitate,
2602 5263 2886 5322 propterea
2963 5255 3109 5326 quod
3167 5253 3500 5308 abundasset

1929 5347 2215 5417 iniquitas,
2248 5345 2394 5402 unde
2432 5346 2600 5401 varia:
2628 5347 2944 5403 aﬂectiones
2990 5345 3236 5400 adversis
3279 5343 3500 5399 flatibus

1928 5440 1985 5494 in
2017 5439 2178 5493 nobis
2235 5445 2364 5494 sunt
2399 5439 2457 5492 in
2488 5440 2659 5491 altum
2707 5438 2987 5503 excitatae,
3044 5452 3140 5506 per
3190 5451 3327 5506 quas
3368 5436 3502 5490 fiunt

1929 5529 2072 5583 mala
2109 5529 2303 5583 anima:
2338 5529 2644 5598 naufragia.
2682 5528 2788 5584 Sed
2817 5545 2942 5584 cum
2998 5529 3240 5584 venisset
3269 5528 3360 5598 qui
3408 5543 3504 5584 ver

1929 5620 1984 5674 in
2021 5620 2228 5675 nostris
2262 5621 2459 5675 animis
2501 5620 2700 5674 indidit
2752 5636 2816 5674 ac
2851 5621 3176 5691 procreavit,
3223 5619 3340 5690 qui,
3375 5634 3500 5673 cum

1930 5712 2107 5767 malus
2144 5721 2338 5768 ventus
2370 5727 2521 5769 mare
2557 5712 2852 5783 aliquando
2875 5713 3171 5769 excitasset
3223 5719 3277 5767 et
3311 5716 3501 5767 ventos
