3854 6216
383 299 481 352 871
1587 301 1646 355 S.
1675 300 1951 356 GREGOR

2056 300 2332 357 VYSSENI
3535 303 3680 358 872

383 417 667 484 increpat,
713 421 768 470 et
805 413 939 470 dicit
985 415 1164 471 mari:
1223 416 1391 483 Tace,
1430 417 1766 473 obmutesce:
1813 427 1865 473 et
1892 419 1951 474 ad

2063 435 2191 472 ποτε
2224 417 2610 490 διεγείραντος,
2643 419 2737 472 καὶ
2781 420 2892 483 τοῖς
2937 417 3241 490 πνεύμασιν
3269 421 3518 494 ἐπιτιμᾷ,
3551 426 3680 475 καὶ

382 508 732 562 serenitatem
761 515 815 562 et
846 508 1297 578 tranquillitatem
1336 510 1557 564 redacta
1586 517 1715 564 sunt
1749 511 1951 576 omnia,

2060 513 2128 581 τῇ
2160 509 2401 581 θαλάσση
2433 509 2601 579 λέγει,
2634 511 2852 577 Σιώπα,
2871 512 3200 581 πεφίμωσο,
3230 513 3407 567 πάντα
3434 516 3518 577 εἰς
3547 533 3680 584 γα·-

380 605 436 649 et
475 611 673 651 rursus
738 597 929 667 incipit
985 606 1174 652 nostra
1227 607 1424 652 natura
1480 600 1718 671 propriis
1769 603 1955 657 ornari

381 687 653 753 ﬂoribus;
694 690 822 743 vitae
852 699 1034 743 autem
1090 698 1293 744 nostrae
1324 690 1483 747 ﬂores
1517 693 1771 756 virtutes,
1810 709 1956 749 nunc

382 776 602 844 quidem
643 777 858 842 ﬂorent,
898 794 1057 833 suum
1090 789 1270 834 autem
1305 781 1545 836 fructum
1573 784 1816 852 pra’bent
1855 799 1956 840 suo

382 877 647 938 tempore.
701 869 998 940 Propterea
1025 871 1159 927 dicit
1207 872 1509 942 Scriptura:
1541 883 1742 940 textus,
1773 877 1954 931 Hiems

380 960 660 1026 praeteriit,
683 961 852 1014 imber
874 961 1031 1025 abiit,
1061 978 1115 1016 se
1144 964 1356 1032 rerepit.
1381 961 1568 1018 Flore:
1607 967 1703 1019 visi
1732 977 1854 1020 sunt
1898 968 1955 1021 in

383 1063 548 1114 terra,
573 1060 773 1119 tempus
802 1054 1095 1120 putationis
1132 1054 1360 1109 advenit.
1389 1053 1578 1123 Vides,
1609 1057 1804 1127 inquit,
1832 1072 1957 1127 pra-

380 1152 497 1196 tum
532 1142 734 1198 ﬂorens
767 1144 1103 1199 virtutibus?
1141 1144 1307 1202 Vides
1357 1148 1796 1216 temperantiam,
1851 1149 1956 1203 hoc

379 1243 464 1290 est
489 1235 834 1304 splendidum
865 1248 919 1290 et
961 1237 1098 1292 bene
1126 1238 1283 1293 olens
1321 1239 1494 1292 lilium
1523 1241 1546 1293 ‘l
1581 1240 1743 1296 Vides
1780 1241 1957 1310 pudo-

381 1341 518 1392 rem,
557 1327 784 1380 rosam?
807 1327 970 1383 Vides
988 1327 1209 1392 violam,
1230 1332 1433 1386 Christi
1463 1332 1666 1388 bonum
1693 1333 1956 1389 odorem?

379 1416 492 1470 Cur
549 1432 681 1488 ergo
740 1433 840 1488 per
885 1419 1001 1474 haec
1035 1436 1142 1474 non
1189 1422 1332 1478 texis
1363 1425 1665 1478 coronam?
1716 1423 1833 1480 Hoc
1871 1432 1956 1480 est

379 1516 596 1577 tempus
643 1509 698 1564 in
739 1525 848 1580 quo
911 1510 998 1566 hls
1063 1511 1310 1568 collectis
1366 1522 1584 1583 oportet
1644 1515 1956 1585 huiusmodi

378 1602 601 1657 coronis
659 1603 866 1657 ornari.
933 1603 1159 1673 Tempus
1208 1607 1498 1675 putationis
1555 1607 1784 1664 advenit.
1842 1608 1957 1665 Hoc

378 1695 710 1750 testiﬁcatur
737 1711 840 1751 vox
877 1699 1130 1759 turturis,
1160 1698 1214 1753 id
1260 1706 1364 1764 est,
1401 1715 1507 1754 vox
1553 1702 1845 1758 clamantis
1895 1704 1956 1756 in

2062 601 2252 672 λήνην,
2296 602 2391 656 καὶ
2426 603 2689 673 νηνεμίαν
2735 605 3160 675 μετεσκευάσθη,
3193 606 3286 658 καί⁵
3313 607 3479 660 πάλιν
3513 610 3676 662 ἀνει-

2063 692 2276 746 θάλλειν
2323 693 2570 763 ἄρχεται,
2620 695 2715 748 καὶ
2760 696 2872 758 τοῖς
2916 694 3068 759 ἰδίοις
3132 695 3347 750 ἄνθεσιν
3403 699 3436 768 ή
3481 699 3675 768 φύσις

2061 784 2219 855 ἡμῶν
2247 785 2541 856 ὡραῖζεται
2562 801 2576 816 ⁶
2607 784 2740 857 ἄνθη
2769 785 2827 839 δὲ
2856 787 2954 857 τῆς
2981 786 3126 860 ζωῆς
3152 789 3311 858 ἡμῶν
3337 791 3393 842 αἰ
3424 791 3668 861 ἀρεταὶ,

2061 877 2158 932 νῦν
2185 877 2284 948 μὲν
2311 878 2590 940 άνθοῦσαι,
2618 879 2708 932 τὸν
2736 878 2791 931 δὲ
2817 880 3028 952 καρπὸν
3055 881 3235 936 αὐτῶν
3257 882 3334 953 τῷ
3363 883 3478 953 ἰδίῳ
3503 901 3638 953 παρ
3655 912 3672 922 ο

2061 968 2315 1039 εχόμεναι
2346 969 2540 1042 καιρῷ.
2576 969 2674 1023 Διά
2697 969 2854 1024 τοῦτό
2875 988 3038 1043 φησιν
3065 973 3094 1025 6
3121 971 3296 1041 λόγος,
3332 974 3388 1026 '0
3419 975 3670 1043 χειμὼν

2061 1058 2392 1127 παρῆλθεν,
2426 1063 2460 1113 ό
2491 1061 2662 1127 ὑετὸς
2689 1061 2984 1130 ἀπῆλθεν,
3012 1063 3302 1132 ἐπορεύθη
3325 1065 3546 1130 ἐαυτῷ’
3572 1067 3669 1120 τὰ

2060 1149 2213 1219 ἄνθη
2237 1151 2404 1220 ὤφθη
2436 1152 2506 1206 ἐν
2535 1152 2612 1222 τῇ
2634 1151 2730 1222 τῇ,
2759 1155 2965 1223 καιρὸς
2996 1153 3107 1222 τῆς
3136 1154 3322 1224 τομῆς
3352 1156 3658 1224 ἔφθακεν.

2073 1241 2256 1312 Ὁρᾷς,
2306 1244 2459 1313 φησὶ,
2502 1244 2595 1297 τὸν
2627 1243 2866 1315 λειμῶνα
2915 1243 3007 1298 τὸν
3041 1245 3128 1298 διὰ
3159 1245 3270 1298 τῶν
3302 1246 3517 1316 ἀρετῶν
3552 1248 3663 1299 άν-

2060 1330 2292 1399 θούντα;
2331 1333 2492 1404 Ὁρᾷς
2517 1333 2616 1404 τὴν
2656 1334 3014 1406 σωφροσύνην
3032 1377 3047 1400 ,
3077 1335 3234 1389 τοῦτό
3260 1337 3375 1390 ἐστι
3404 1337 3465 1390 τὸ
3495 1338 3662 1407 λαμ-

2059 1423 2197 1493 πρόν
2221 1439 2280 1476 τε
2303 1424 2398 1477 καὶ
2420 1424 2618 1488 εὐῶδες
2638 1424 2822 1495 κρίνον
2843 1441 2858 1490 ;
2890 1427 3054 1498 Ὁρᾷς
3070 1427 3168 1498 τὴν
3189 1428 3340 1491 αἰδὼ,
3362 1428 3425 1481 τὸ
3447 1429 3604 1500 ῥόδον
3627 1445 3650 1493 ;

2058 1513 2119 1566 τὸ
2149 1515 2226 1568 ῐον
2245 1555 2260 1579 ,
2285 1513 2378 1568 τοῦ
2409 1516 2646 1588 Χριστοῦ
2680 1517 2780 1590 τὴν
2795 1517 3054 1586 εὑωδίαν;
3083 1519 3148 1572 Τί
3172 1515 3264 1573 οὖν
3290 1520 3350 1572 ού
3377 1537 3652 1588 στεφανο-

2059 1603 2282 1669 πλοκεῖς
2312 1605 2401 1659 διὰ
2428 1606 2669 1673 τούτων;
2711 1601 2880 1673 Οὗτός
2911 1611 3060 1663 ἐστιν
3087 1611 3116 1662 6
3147 1611 3339 1680 καιρὸς
3362 1611 3422 1664 ὲν
3457 1604 3506 1679 ᾧ
3533 1613 3646 1683 χρὴ

2059 1693 2397 1766 δρεψάμενον
2419 1700 2484 1769 τῇ
2515 1698 2688 1770 πλοκῇ
2717 1699 2825 1754 τῶν
2852 1700 3104 1754 τοιούτων
3136 1702 3417 1771 στεφάνων
3437 1703 3648 1771 ἐγκαλ-

377 1787 598 1841 deserto
621 1789 689 1840 ".
717 1787 955 1843 Joannes
979 1790 1126 1845 enim
1158 1798 1240 1846 est
1269 1799 1472 1847 turtur.
1513 1791 1564 1849 ls
1597 1803 1681 1849 est
1711 1809 1951 1864 praecur-

2057 1789 2418 1846 λωπίσασθαι.
2474 1794 2531 1845 '0
2560 1794 2764 1862 καιρὸς
2804 1795 2917 1864 τῆς
2955 1796 3143 1865 τομῆς
3171 1800 3415 1866 ἔφθακε.
3463 1798 3650 1852 Τοῦτό

377 1894 472 1931 sor
507 1880 754 1948 praaclari
795 1879 962 1948 hujus
1012 1883 1180 1946 veris,
1219 1883 1314 1952 qui
1365 1885 1610 1940 ostendit
1641 1885 1953 1941 hominibus

377 1970 638 2038 pulchros
671 1969 831 2026 ﬂores
865 1973 1103 2036 virtutis,
1150 1980 1205 2027 et
1235 1974 1464 2045 porrigit
1498 1977 1566 2030 iis
1623 1975 1718 2045 qui
1758 1977 1955 2031 volunt

375 2056 538 2112 ﬂores
593 2058 889 2126 colligere:
951 2076 1046 2129 per
1075 2077 1214 2132 quos
1275 2064 1601 2120 ostendebat
1630 2065 1818 2120 ﬂorem
1855 2066 1949 2136 qui

374 2151 550 2206 exite
580 2151 763 2206 radice
809 2149 986 2216 Jesse,
1035 2169 1230 2224 nempe
1287 2154 1500 2226 Agnum
1542 2156 1638 2212 Dei
1693 2157 1788 2228 qui
1847 2157 1952 2212 tol-

374 2241 439 2295 lit
469 2250 688 2312 peccata
714 2244 931 2301 mundi.
963 2252 1017 2298 et
1043 2246 1369 2316 suggerebat
1396 2249 1462 2302 de
1495 2248 1655 2302 malis
1686 2247 1953 2318 paeniten-

375 2333 530 2398 tiam,
567 2343 622 2390 et
651 2337 819 2390 vitam
851 2334 1160 2406 degendam
1190 2352 1256 2393 ex
1292 2337 1526 2393 virtute.

2060 1897 2142 1932 σοι
2173 1880 2599 1952 διαμαρτύρεται
2637 1885 2670 1954 ἡ
2706 1883 2858 1956 φωνὴ
2885 1887 2986 1956 τῆς
3016 1886 3276 1954 τρυγόνος
3295 1926 3311 1950 ,
3354 1887 3648 1941 τουτέστιν

2059 1973 2094 2042 ἡ
2126 1972 2275 2044 φωνὴ
2299 1972 2394 2026 τοῦ
2429 1973 2657 2044 βοῶντος
2700 1976 2758 2029 ὲν
2786 1979 2852 2046 τῇ
2885 1977 3095 2048 ἐρήμῳ.
3141 1978 3394 2048 Ἰωάννης
3419 1979 3575 2032 ἐστὶν
3603 1981 3643 2048 ἡ

2058 2065 2292 2136 τρυγών.
2339 2060 2506 2129 Οὗτος
2534 2069 2563 2120 ό
2587 2065 2682 2120 τοῦ
2709 2067 2933 2138 φαιδροῦ
2967 2068 3127 2139 ἔαρος
3154 2069 3478 2140 πρόδρομος,
3507 2072 3538 2124 6
3569 2070 3646 2123 τὰ

2057 2155 2197 2209 καλὰ
2219 2156 2321 2224 τῆς
2345 2157 2548 2227 ἀρετῆς
2589 2157 2722 2228 ἄνθη
2748 2159 2859 2221 τοῖς
2898 2157 3204 2229 ἀνθρώποις
3232 2159 3516 2222 δεικνύων,
3544 2160 3644 2212 καὶ

2056 2249 2170 2311 τοῖς
2239 2247 2583 2318 βουλομένοις
2642 2248 2949 2317 ἀνθολογεῖν
3019 2250 3314 2320 προτείνων
3351 2263 3364 2277 ·
3433 2251 3504 2302 δι’
3561 2243 3644 2304 ὧν

2056 2339 2375 2394 ὑπεδείκνυε
2417 2340 2479 2394 τὸ
2522 2341 2586 2394 ὲκ
2612 2341 2711 2411 τῆς
2738 2340 2892 2412 ῥίζης
2920 2338 3015 2394 τοῦ
3068 2341 3265 2394 Ἰεσσαὶ
3315 2340 3497 2407 ἄνθος,
3546 2343 3645 2396 τὸν

374 2426 547 2497 ἀμνὸν
578 2425 672 2480 τοῦ
698 2426 835 2480 Θεοῦ
876 2428 967 2480 τὸν
993 2428 1216 2500 αἴροντα
1258 2431 1357 2501 τὴν
1398 2430 1673 2502 ἁμαρτίαν
1702 2431 1798 2485 τοῦ
1857 2431 2090 2504 κόσμου,
2138 2433 2234 2486 καὶ
2282 2433 2569 2488 ὑπετίθετο
2619 2434 2719 2504 τὴν
2760 2434 2827 2487 έκ
2857 2433 2966 2488 τῶν
2995 2433 3179 2488 κακῶν
3216 2434 3508 2503 μετάνοιαν
3543 2436 3646 2488 καὶ

371 2521 471 2592 τὴν
495 2523 614 2574 κατ’
647 2523 846 2594 ἀρετὴν
877 2522 1174 2578 πολιτείαν.

444 2613 646 2667 Audita
691 2623 767 2667 est
806 2612 984 2680 enim,
1047 2615 1244 2686 inquit,
1276 2631 1375 2670 vox
1433 2618 1655 2670 turturis
1711 2620 1766 2672 in
1807 2627 1951 2674 terra

376 2712 579 2756 nostra.
631 2700 859 2756 Terram
903 2702 1044 2758 forte
1077 2704 1328 2758 nominat
1373 2719 1470 2760 eos
1524 2705 1620 2777 qui
1674 2715 1805 2762 sunt
1849 2709 1950 2762 da-

375 2794 546 2847 mnati
581 2793 635 2848 in
668 2793 822 2860 vitio,
855 2809 998 2865 quos
1029 2795 1356 2865 publicanos
1383 2807 1438 2851 et
1467 2799 1788 2854 meretrices
1817 2798 1951 2854 dicit

375 2882 757 2954 Evangelium,
793 2898 822 2938 a
847 2885 1051 2954 quibus
1073 2885 1322 2941 auditum
1347 2895 1430 2942 est
1450 2888 1674 2942 verbum
1699 2887 1948 2954 Joannis,

374 2989 500 3028 cum
548 2974 748 3045 reliqui
799 2975 1025 3032 minime
1083 2977 1436 3034 admisissent
1481 2979 1948 3050 praedicationem.

375 3064 530 3130 Quod
573 3073 756 3165 autem
788 3065 995 3121 dictum
1026 3075 1138 3170 est.
1166 3069 1235 3124 de
1262 3069 1370 3125 ﬁcu
1459 3068 1693 3126 Protulit
1737 3089 1948 3142 grossae
1978 3109 2024 3170 ο

375 3171 522 3220 suos,
578 3155 795 3211 ratione
826 3157 909 3212 sic
963 3157 1369 3228 intelligamus:
1391 3159 1557 3216 Ficus
1585 3162 1657 3217 ob
1688 3165 1950 3232 calorem,

374 3255 460 3302 est
495 3247 723 3317 praedita
753 3249 806 3303 vi
841 3248 1046 3319 insigni
1079 3251 1392 3306 attrahendi
1427 3253 1674 3310 humoris
1725 3270 1793 3310 ex
1821 3271 1951 3326 pro-

377 3338 566 3394 fundo.
599 3339 734 3395 Cum
772 3347 955 3396 autem
985 3340 1193 3396 multus
1217 3341 1417 3398 humor
1442 3346 1712 3401 consistat
1747 3347 1803 3402 in
1835 3363 1953 3403 me-

375 3431 549 3495 dulla,
589 3433 908 3487 necessario
935 3441 1129 3487 natura
1175 3448 1272 3503 per
1310 3434 1605 3490 bumorum
1638 3441 1954 3495 concoctio-

377 3537 500 3576 nem
522 3523 578 3576 in
612 3522 816 3593 planta,
843 3525 1071 3594 expellit
1099 3541 1169 3580 ex
1200 3527 1370 3582 ramis
1407 3528 1653 3583 inutilem
1681 3537 1737 3584 et
1775 3541 1952 3588 terre-

377 3625 546 3669 strem
577 3614 883 3671 humorem.
916 3617 1084 3688 quue
1110 3633 1256 3689 saepe
1283 3619 1434 3688 facit,
1464 3621 1642 3678 donec
1668 3624 1950 3681 sincerum

375 3715 431 3758 et
459 3707 527 3761 ad
568 3706 924 3762 nutriendum
964 3718 1148 3780 aptum
1205 3710 1491 3768 humorem
1545 3722 1674 3786 apto
1707 3715 1954 3786 proferat

377 3806 646 3869 tempore,
703 3799 774 3854 ab
836 3801 1019 3855 inutili
1059 3812 1422 3874 expurgatum
1463 3808 1746 3877 qualitate.
1794 3808 1952 3876 Quod

376 3906 507 3961 ergo
537 3903 665 3946 ante
693 3891 912 3964 dulcem
943 3901 1000 3948 et
1024 3892 1331 3964 perfectum
1364 3895 1627 3964 fructum,
1665 3914 1695 3952 a
1734 3898 1838 3955 ﬁcu
1869 3903 1954 3955 in-

377 3991 495 4037 star
540 3982 750 4040 fructus
809 3983 1164 4055 producitur,
1233 4002 1462 4058 gressus
1519 3989 1745 4057 dicitur,
1805 3990 1951 4062 quod

377 4073 596 4143 quidem
650 4082 737 4130 est
785 4074 965 4146 ipsum
1018 4091 1236 4147 quoque
1289 4080 1633 4135 esculentum
1694 4096 1952 4136 nonnun-

378 4180 540 4234 quam
569 4168 885 4225 volentibus
918 4187 932 4224 :
972 4185 1080 4224 non
1117 4178 1204 4228 est
1231 4182 1416 4228 tamen
1451 4174 1543 4228 ille
1577 4173 1810 4241 fruetus,
1852 4175 1950 4230 sed

379 4262 590 4312 l'r‘uctus
622 4261 971 4330 procemium.
996 4260 1100 4327 Qui
1129 4278 1258 4334 ergo
1284 4279 1348 4318 ea
1371 4265 1527 4328 vidit,
1555 4265 1793 4321 fructum
1823 4283 1950 4322 mox

378 4349 624 4402 futurum
656 4351 880 4406 omnino
913 4361 1216 4422 exspectat.
1263 4352 1402 4410 Sunt
1444 4357 1588 4410 enim
1617 4358 1833 4428 signttm
1885 4357 1950 4411 ﬁ-

2137 2621 2429 2690 Ἠκούσθη
2459 2621 2588 2693 γὰρ,
2619 2623 2771 2695 φησὶν
2799 2623 2968 2693 φωνὴ
2992 2625 3102 2694 τῆς
3133 2626 3422 2696 τρυγόνος
3455 2627 3530 2681 ἐν
3561 2627 3642 2698 τῆ

2055 2711 2132 2784 γῇ
2159 2712 2348 2783 ἡμῶν.
2394 2715 2546 2786 Τάχα
2575 2717 2678 2788 γῆν
2707 2719 2832 2780 τοὺς
2864 2719 3346 2789 κατεγνωσμένους
3373 2721 3434 2772 ὲν
3463 2721 3641 2794 κακία

2055 2806 2437 2878 κατονομάζει,
2485 2807 2577 2871 οὒς,
2621 2808 2856 2873 τελώνας
2899 2827 2957 2863 τε
2999 2812 3094 2864 καί
3137 2811 3341 2883 πόρνας
3376 2811 3529 2879 λέγει
3575 2813 3642 2865 τὸ

2054 2897 2406 2968 Εὐαγγέλιον,
2442 2902 2500 2953 ἐν
2543 2897 2624 2963 οἷς
2656 2900 2896 2972 ἠκούσθη
2949 2901 3043 2954 τοῦ
3088 2901 3333 2955 Ἰωάννου
3380 2903 3410 2954 6
3449 2901 3636 2970 λόγος,

2053 2989 2162 3042 τῶν
2189 2990 2394 3045 λοιπῶν
2424 2992 2486 3045 οὐ
2518 2993 2981 3066 παραδεξαμένων
3020 2995 3079 3048 τὸ
3125 2995 3407 3065 κήρυγμα.
3459 2995 3537 3048 T6
3578 2996 3640 3048 δὲ

2053 3081 2184 3152 περὶ
2231 3082 2333 3153 τῆς
2379 3085 2550 3154 συκῆς
2601 3086 2928 3156 εἰρημένον,
2989 3089 3070 3142 ὅτι
3127 3089 3442 3160 Ἐξήνεγκε
3487 3091 3641 3158 τοὺς

2055 3173 2353 3241 ὀλύνθους
2380 3175 2592 3244 αὐτῆς,
2635 3177 2832 3231 οὑτωσὶ
2880 3179 2956 3249 τῷ
2982 3178 3125 3250 λόγῳ
3165 3183 3596 3252 κατανοήσωμεν
3618 3200 3638 3216 ο

2066 3264 2318 3338 Ἐλκτικὴ
2361 3267 2462 3337 τῆς
2495 3269 2552 3320 έν
2583 3267 2663 3339 τῷ
2706 3268 2861 3338 βάθει
2888 3270 3090 3334 νοτίδος
3131 3271 3492 3344 διαφερόντως
3524 3273 3640 3330 ὑπὸ

2054 3357 2386 3430 θερμότητός
2419 3361 2566 3413 ἐστιν
2599 3362 2632 3432 ὴ
2677 3362 2838 3434 συκῆ.
2886 3361 3095 3434 Πολλῆς
3143 3363 3200 3416 δὲ
3245 3364 3385 3417 κατὰ
3413 3365 3510 3428 τὰς
3542 3368 3638 3418 ὲν-

2051 3451 2312 3524 τεριώνας
2358 3454 2458 3524 τῆς
2510 3454 2732 3524 ἰκμάδος
2779 3454 3212 3526 συνισταμένης,
3251 3455 3565 3524 ἀναγκαίως
3601 3460 3638 3530 ή

2055 3543 2216 3612 φύσις
2247 3543 2336 3598 διὰ
2373 3544 2475 3614 τῆς
2521 3543 2628 3597 τῶν
2674 3543 2857 3616 ὑγρῶν
2890 3545 3106 3614 πέψεως
3149 3546 3250 3616 τῆς
3279 3547 3338 3599 ὲν
3374 3547 3450 3617 τῷ
3475 3549 3638 3618 φυτῷ

2054 3635 2346 3708 γινομένης
2379 3636 2442 3690 τὸ
2473 3637 2690 3708 ἀχρεῖόν
2735 3654 2794 3691 τε
2838 3638 2934 3692 καὶ
2963 3639 3163 3706 γεῶδες
3188 3639 3285 3708 τῆς
3314 3641 3539 3709 ἰκμάδος
3567 3641 3639 3694 ἐκ

2052 3728 2160 3782 τῶν
2187 3729 2507 3800 ἀκρεμόνων
2535 3729 2995 3794 ἀποσκευάζεται.
3027 3731 3138 3784 Καὶ
3173 3730 3434 3794 πολλάκις
3469 3731 3640 3786 τοῦτο

2053 3823 2217 3887 ποιεῖ,
2241 3820 2317 3884 ὡς
2339 3820 2406 3875 ἂν
2435 3821 2494 3874 τὺ
2522 3821 2812 3893 εἰλικρινές
2838 3839 2896 3875 τε
2927 3824 3022 3876 καὶ
3049 3823 3313 3894 τρόφιμον
3343 3826 3400 3877 ὲν
3428 3825 3504 3894 τῷ
3529 3842 3629 3878 κα·

2053 3907 2271 3979 θήκοντι
2320 3907 2500 3979 καιρῷ
2540 3908 2841 3982 προϐάλλῃ,
2878 3911 3289 3982 κεκαθαρμένον
3319 3913 3416 3982 τῆς
3452 3914 3636 3985 ἀχρή-

2054 4016 2178 4052 στου
2203 4000 2504 4070 ποιότητος.
2535 3999 2706 4054 Τοῦτο
2732 4001 2911 4054 τοίνυν
2939 4001 3047 4074 πρὸ
3070 4003 3164 4056 τοῦ
3187 4003 3434 4072 γλυκέως
3449 4023 3507 4058 τε
3535 4008 3637 4061 καὶ

2050 4090 2257 4144 τελείου
2287 4090 2500 4164 καρποῦ
2534 4092 2638 4145 ὑπὸ
2668 4093 2764 4163 τῆς
2795 4095 2964 4164 συκῆς
2995 4095 3051 4146 έν
3083 4095 3312 4166 καρπῶν
3341 4096 3472 4149 εῖδει
3497 4115 3637 4168 προ-

2052 4181 2411 4254 ϐαλλόμενον,
2462 4183 2680 4248 ὄλυνθος
2731 4184 2986 4253 λέγεταιο
3033 4188 3172 4258 ὅπερ
3207 4188 3301 4241 καὶ
3352 4189 3482 4243 αὐτὸ
3530 4190 3636 4259 μὲν

2051 4271 2309 4341 ἐδώδιμον
2350 4273 2462 4327 ἔσθ’
2513 4275 2602 4328 ὅτε
2651 4278 2762 4339 τοῖς
2798 4275 3144 4347 βουλομένοις
3187 4280 3369 4332 ἐστίν·
3415 4281 3476 4333 ού
3519 4281 3636 4353 μὴν

2051 4365 2226 4418 ἐκεῖνό
2249 4367 2395 4418 ἐστιν
2423 4367 2451 4419 6
2485 4366 2714 4441 καρπὸς,
2767 4367 2905 4421 ἀλλὰ
2937 4367 3030 4421 τοῦ
3081 4371 3294 4440 καρποῦ
3342 4371 3636 4442 προοίμιον

377 4454 542 4493 cuum
573 4443 980 4496 eseulentarum
1008 4444 1210 4513 grossi,
1248 4460 1388 4514 quos
1416 4446 1548 4500 dicit
1576 4445 1736 4502 ﬁcum
1765 4459 1945 4517 prom-

2056 4457 2278 4523 γίνεται.
2315 4459 2374 4511 Ὁ
2398 4459 2571 4514 ταῦτα
2595 4462 2773 4516 τοίνυν
2806 4463 3159 4536 θεασάμενος,
3182 4469 3276 4521 καὶ
3299 4469 3388 4522 τὸν
3416 4470 3635 4541 καρπὸν

377 4525 530 4581 lisse.
562 4526 701 4592 Quia
746 4530 891 4583 enim
955 4547 1048 4584 ver
1097 4533 1384 4600 spirituale
1435 4550 1652 4604 sponsae
1678 4536 1946 4592 describit

377 4619 590 4674 oratio;
622 4629 708 4675 est
737 4631 921 4676 autem
953 4622 1054 4678 hoc
1083 4632 1298 4694 tempus
1347 4625 1404 4680 in
1433 4628 1677 4684 conﬁnio
1708 4631 1943 4687 duorum

377 4719 706 4779 temporum,
753 4727 946 4782 nempe
1002 4721 1055 4766 et
1097 4715 1336 4769 tristitiae
1398 4717 1684 4784 hiemalis,
1717 4731 1774 4777 et
1831 4722 1948 4776 fru-

377 4810 588 4868 ctuum,
642 4803 738 4872 qui
795 4801 1130 4874 colliguntur
1178 4814 1388 4871 testate,
1458 4811 1942 4882 participationis:

378 4901 670 4962 propterea
694 4894 835 4947 mala
864 4896 1084 4965 quidem
1111 4897 1439 4966 praeteriisse
1468 4900 1710 4959 dilucide
1736 4921 1948 4959 annun-

378 4986 514 5050 tiat,
575 4985 848 5056 perfectos
910 4997 1092 5043 autem
1151 4988 1360 5047 fructus
1410 4993 1631 5052 virtutis
1700 4997 1946 5052 nondum

377 5088 564 5147 aperte
589 5077 848 5132 ostendit.
877 5077 982 5134 Sed
1007 5080 1107 5136 hos
1139 5081 1360 5151 quidem
1388 5086 1637 5141 recondit
1671 5103 1736 5143 ac
1769 5105 1950 5145 reser-

376 5177 466 5222 vat
524 5167 578 5222 in
609 5176 828 5239 tempus
857 5179 1252 5240 opportunum,
1287 5176 1509 5244 quando
1540 5187 1704 5234 aestas
1736 5180 1948 5237 instite-

377 5261 468 5314 rit.
510 5259 633 5316 Scis
663 5273 843 5314 autem
877 5262 1101 5318 omnino
1131 5265 1262 5334 quid
1289 5265 1631 5336 signiﬁcetur
1665 5287 1759 5338 per
1784 5281 1945 5326 aesta-

377 5360 484 5407 tem
513 5367 576 5407 ex
603 5368 737 5408 voce
766 5352 1007 5420 Domini,
1042 5372 1238 5427 nempe
1285 5358 1435 5428 quod
1501 5357 1693 5416 Moesis
1727 5370 1806 5416 est
1846 5379 1952 5419 sre-

2055 4549 2180 4602 ὅσον
2221 4549 2432 4604 οὐδέπω
2482 4553 2698 4616 πάντως
2747 4555 3045 4627 ἐκδέχεται.
3095 4559 3328 4630 Σημεῖον
3367 4560 3477 4632 γάρ
3517 4562 3635 4616 τῶν

2054 4639 2332 4710 ἐδωδίμων
2358 4641 2537 4696 σύκων
2562 4645 2610 4696 οἱ
2638 4644 2850 4698 ὄλυνθοι
2886 4647 3147 4715 γίνονται,
3187 4647 3282 4713 οὓς
3315 4650 3635 4722 ἐξενηνοχέ-

2053 4749 2142 4785 ναι
2185 4734 2319 4803 φησ¹ι
2365 4735 2466 4805 τὴν
2513 4735 2704 4806 συκῆν.
2756 4738 2973 4810 Ἐπειδὴ
3005 4740 3112 4812 γὰρ
3162 4741 3223 4794 τὸ
3260 4745 3636 4814 πνευματικὸν

2054 4822 2155 4895 ἔαρ
2183 4823 2490 4895 ὑπογράφει
2516 4830 2581 4898 τῇ
2612 4827 2796 4900 νύμφῃ
2823 4832 2851 4882 6
2881 4829 3035 4899 λόγος
3056 4848 3069 4861 ·
3111 4834 3139 4886 6
3163 4832 3219 4885 δὲ
3253 4834 3442 4904 καιρὸς
3477 4831 3636 4899 οὗτος

2056 4915 2306 4987 μεθόριός
2350 4917 2466 4970 ἐστι
2503 4917 2596 4973 δύο
2623 4920 2854 4990 καιρῶν,
2891 4921 2993 4992 τῆς
3020 4940 3079 4975 τε
3110 4925 3428 4997 χειμερινῆς
3459 4942 3636 4996 κατη-

2052 5007 2229 5074 φείας,
2261 5008 2357 5061 καὶ
2388 5010 2489 5081 τῆς
2531 5013 2590 5064 έν
2625 5013 2702 5082 τῷ
2728 5012 2874 5084 θέρει
2899 5013 3006 5066 τῶν
3033 5015 3262 5086 καρπῶν
3297 5016 3587 5086 μετουσίας
3615 5034 3629 5046 ·

2049 5095 2139 5149 διὰ
2165 5097 2322 5152 τοῦτο
2365 5099 2427 5152 τὸ
2472 5101 2572 5172 μὲν
2601 5104 2988 5175 παρῳχηκέναι
3019 5105 3087 5158 τά
3125 5106 3291 5170 κακὰ,
3325 5106 3633 5180 διαρρήδην

2049 5186 2458 5257 εὐαγγελίζεται
2489 5208 2502 5223 ·
2555 5192 2684 5256 τοὺς
2727 5195 2783 5248 δὲ
2817 5198 3062 5268 καρποὺς
3108 5198 3206 5268 τῆς
3243 5199 3446 5270 ἀρετῆς
3476 5198 3633 5254 οθπω

2048 5279 2269 5345 τελείως
2301 5284 2676 5352 προδείκνυσιν
2696 5328 2712 5353 ,
2758 5287 2896 5341 ἀλλὰ
2916 5289 3136 5354 τούτους
3183 5291 3285 5361 μὲν
3333 5292 3394 5345 έν
3423 5292 3503 5362 τῷ
3532 5310 3635 5346 κα-

2049 5372 2266 5445 θήκοντι
2296 5377 2473 5450 καιρῷ
2505 5380 2860 5450 ταμιεύεται,
2891 5383 3019 5437 ὅταν
3049 5387 3145 5454 στῇ
3171 5384 3232 5437 τὸ
3259 5383 3436 5455 θέρος.
3467 5383 3630 5449 Οἶδας,

373 5443 478 5494 culi
495 5442 880 5495 consummatio
928 5445 1014 5512 9';
1046 5462 1193 5502 nunc
1220 5457 1401 5503 autem
1428 5451 1669 5505 ostendit
1694 5452 1949 5510 ﬂorentes

2056 5442 2113 5519 δὲ.
2133 5466 2350 5533 πάντως
2380 5442 2456 5523 τὸ,
2483 5442 2590 5524 διὰ·
2611 5472 2706 5524 τοῦ
2739 5442 2932 5544 θέρους
2961 5442 3289 5545 δηλούμενον
3314 5442 3515 5548 έκντῆς
3534 5442 3629 5530 τού

375 5549 502 5604 spes
531 5544 818 5601 Virtutum,
849 5553 1082 5608 quarum
1109 5539 1344 5609 fructus,
1383 5551 1446 5598 ut
1491 5543 1626 5599 dicit
1654 5543 1949 5616 Propheta,

448 5711 494 5744 ⁸⁸
545 5713 731 5768 Matth.
776 5731 855 5781 nt,
905 5716 984 5784 ὃς
1050 5716 1215 5773 Marc.
1253 5735 1293 5784 ι,
1323 5720 1380 5776 '5.

2045 5555 2253 5627 Κυρίου
2274 5559 2477 5632 φωνῆς,
2505 5561 2540 5632 ἢ
2575 5561 2730 5617 τοῦτό
2759 5581 2943 5636 φησιν,
2968 5567 3050 5620 ὅτι
3095 5565 3157 5621 '0
3182 5569 3463 5638 θερισμὸς
3483 5585 3634 5623 avre

1456 5722 1504 5753 ’³
1552 5720 1742 5779 Matth.
1787 5740 1908 5792 xm,
1957 5735 2047 5783 ου.
