3854 6216
135 293 255 351 873

1169 287 1236 342 IN
1269 284 1573 343 CANTICA
1605 285 1880 344 CANTIC.
1936 285 2225 342 HOMILIA
2265 284 2332 340 ν..

3303 279 3410 337 874

137 413 350 468 τέλεια
385 409 492 465 τοῦ
529 408 745 475 αἰῶνός
787 409 952 463 ἐστι·
1010 407 1104 462 νῦν
1153 409 1211 464 δέ
1251 411 1350 476 τὰς
1378 411 1599 475 ἐλπίδας
1626 411 1733 464 δεί-

1848 419 2064 482 apparet
2115 412 2172 466 in
2219 419 2474 480 tempore
2528 424 2632 466 suo
2657 409 2728 468 ".
2770 409 2910 466 Cum
2959 411 3130 482 igitur
3169 412 3414 470 humana

134 521 309 558 κνυσι
331 502 420 557 διά
443 501 550 554 τῶν
581 499 791 572 ἀρετῶν
818 500 1107 567 ἀνθούσας,
1134 495 1210 555 ὧν
1237 505 1265 556 6
1295 502 1525 573 καρπὸς,
1549 500 1734 566 καθώς

136 614 317 668 φησιν
335 597 364 648 6
385 595 697 664 Προφήτης,
726 595 786 644 ἐν
812 592 890 664 τῷ
913 591 1093 664 καιρῷ
1113 593 1191 664 τῷ
1217 593 1332 666 ἰδίῳ
1353 593 1731 665 προφαίνεται.

137 688 268 758 Τῆς
295 687 475 747 τοίνυν
501 685 848 757 ἀνθρωπίνης
886 684 1102 754 φύσεως
1132 687 1274 740 κατὰ
1305 687 1405 760 τὴν
1437 704 1736 758 μνημονευ-

137 780 340 833 θεϊσαν
363 777 598 833 ἐνταῦθα
622 776 812 846 συκῆν,
845 778 1044 848 πολλὴν
1064 778 1155 831 διὰ
1181 779 1275 832 τοῦ
1299 779 1580 850 νοηθέντος
1600 782 1735 850 ἡμῖν

141 869 421 940 χειμῶνος
468 869 644 940 κακὴν
679 869 880 938 ἰκμάδα
925 868 1324 940 συλλεξαμένης
1349 911 1365 936 ,
1412 871 1590 933 καλῶς
1619 875 1647 926 6
1675 872 1736 924 τὸ

139 959 382 1031 ψυχικὸν
403 959 504 1030 ἔαρ
526 963 655 1032 ἡμῖν
669 961 1050 1032 ἐργαζόμενος,
1073 961 1166 1015 καὶ
1187 963 1252 1032 τῇ
1275 963 1592 1036 καθηκούσῃ
1614 979 1738 1032 γεο-

140 1053 318 1124 πονίᾳ
359 1052 689 1123 φυτηκομῶν
733 1053 794 1105 τὸ
837 1051 1195 1123 ἀνθρώπινον,
1248 1054 1463 1125 πρῶτον
1503 1055 1601 1125 μὲν
1640 1055 1736 1107 ἐκ-

142 1142 338 1197 ϐάλλει
358 1143 456 1211 τῆς
479 1143 692 1211 φύσεως
715 1144 822 1196 πᾶν
839 1143 962 1196 ὅσον
985 1144 1189 1211 γεῶδες
1208 1146 1302 1198 καὶ
1328 1144 1595 1216 ἄχρηστον
1616 1146 1738 1199 ἀντὶ

142 1233 494 1303 ἀκρεμόνων,
511 1233 578 1287 δι’
599 1232 1038 1304 ἐξομολογήσεως
1059 1235 1450 1300 ἀποσκευάζων
1472 1236 1538 1289 τὰ
1560 1253 1739 1307 περιτ-

140 1325 400 1396 τώματα.
427 1320 541 1378 Εἶθ’
562 1322 734 1388 οὕτως
753 1326 1078 1396 χαρακτῆρά
1100 1343 1221 1380 τινα
1253 1327 1352 1396 τῆς
1377 1327 1738 1398 ἐλπιζομένης

147 1418 582 1488 μακαριότητος,
620 1417 708 1472 διά
736 1419 836 1487 τῆς
879 1415 1227 1490 ἀστειοτέρας
1265 1418 1410 1490 ζωῆς
1436 1419 1739 1474 ἐπιϐάλλων

141 1507 228 1577 τῷ
257 1506 381 1577 βίῳ,
403 1502 514 1561 οἶόν
538 1524 682 1561 τισιν
709 1507 951 1572 ὀλύνθοις
978 1508 1076 1580 τὴν
1105 1508 1400 1578 μέλλουσαν
1428 1509 1740 1581 γλυκύτητα

141 1596 261 1648 τῶν
282 1597 464 1650 συκῶν
483 1597 912 1666 εὐαγγελίζεται.
929 1598 1038 1652 Καὶ
1051 1599 1205 1652 τοῦτό
1223 1601 1337 1654 ἐστι
1352 1601 1413 1654 τὸ
1428 1600 1736 1672 λεγόμενον,

141 1691 235 1742 ὅτι
277 1688 341 1743 Ἡ
366 1689 528 1758 συκῆ
548 1691 836 1761 ἐξήνεγκε
857 1691 1000 1757 τοὺς
1020 1692 1320 1759 ὀλύνθους
1345 1693 1556 1762 αὐτῆς.
1585 1694 1740 1748 Οὕτω

1835 510 2051 564 natura,
2079 511 2445 572 congruenter
2487 501 2651 567 ﬂeui,
2685 502 2753 557 de
2782 518 2891 574 qua
2950 503 3040 558 hic
3075 505 3134 559 lit
3180 506 3409 572 mentio,

1833 611 1929 667 per
1963 595 2293 650 intellectam
2341 608 2370 647 a
2414 594 2576 650 nobis
2611 594 2842 650 hiemem
2880 596 3082 650 malum
3133 598 3416 670 collegerit

1835 689 2142 752 humorem,
2181 695 2329 740 recte
2358 686 2451 755 qui
2493 686 2689 740 anima:
2719 701 2815 741 ver
2857 686 2913 742 in
2950 687 3110 743 nobis
3141 688 3321 757 efﬁcit,
3359 695 3418 746 et

1835 777 2183 834 convenienti
2238 779 2572 848 agricultura
2608 778 2662 832 in
2698 779 2858 834 nobis
2917 780 3128 849 plantat
3181 781 3233 836 id
3268 782 3417 852 quod

1835 878 1920 926 est
1953 870 2273 934 humanum,
2327 870 2561 941 primum
2602 871 2820 940 quidem
2876 887 2908 927 a
2944 881 3144 927 natura
3194 875 3418 944 expellit

1835 963 2107 1034 quidquid
2161 969 2248 1018 est
2292 970 2571 1018 terrenum
2605 972 2658 1018 et
2690 963 2903 1029 inutile,
2931 979 3212 1019 ramorum
3270 967 3420 1032 loco,

1837 1071 1935 1126 per
1981 1054 2388 1112 confessionem
2445 1057 2724 1126 expellens
2785 1069 3158 1112 excrementa.
3210 1057 3420 1114 Deinde

1837 1147 2200 1204 beatitudinis
2236 1163 2360 1218 quae
2393 1155 2678 1218 speratur,
2710 1148 3002 1218 quemdam
3041 1150 3420 1220 characterem

1838 1257 1936 1312 per
1961 1241 2336 1298 honestiorem
2377 1242 2594 1297 vivendi
2627 1243 2898 1298 rationem
2943 1242 3200 1312 injicit-ns
3245 1244 3422 1299 homi-

1838 1336 2025 1402 nibus,
2094 1338 2262 1391 veluti
2301 1337 2634 1408 quibusdam
2670 1339 2905 1409 gressis,
2947 1337 3229 1395 fructuum
3269 1341 3422 1396 futu-

1839 1445 1957 1484 ram
1996 1431 2285 1484 annuntiat
2315 1429 2683 1486 dulcedinem.
2722 1429 2790 1484 Et
2832 1431 2940 1486 hoc
2978 1441 3062 1488 est
3097 1433 3245 1503 quod
3285 1433 3421 1488 dici-

1839 1530 1951 1585 tur,
1981 1521 2146 1577 Ficus
2182 1522 2406 1591 protulit
2438 1538 2652 1592 grossae
2685 1538 2828 1578 suos.
2876 1521 2956 1578 Ita
2993 1525 3130 1579 mihi
3178 1525 3422 1597 intellige

1839 1616 2002 1671 etiam
2037 1615 2321 1671 ﬂorentem
2361 1617 2550 1683 vitem,
2586 1617 2746 1686 cujus
2790 1617 2976 1672 vinum
3022 1618 3243 1690 quidem
3275 1621 3422 1691 quod

1845 1707 2088 1762 laetiﬁcat
2143 1722 2241 1762 cor
2294 1708 2559 1772 hominis,
2617 1710 2865 1779 implebit
2918 1710 3098 1782 ipsum
3150 1721 3422 1768 craterem

149 1781 250 1846 μοὶ
275 1781 468 1852 νόησον
490 1782 584 1836 καὶ
604 1783 703 1853 τὴν
726 1783 1102 1854 κυπρίζουσαν
1125 1784 1386 1856 ἄμπελον,
1404 1779 1472 1858 ἦς
1499 1788 1527 1840 ὁ
1552 1786 1649 1856 μὲν
1670 1783 1742 1840 οῖ-

1848 1799 2168 1869 sapientiae:
2211 1807 2266 1854 et
2296 1807 2637 1870 proponetur
2685 1801 2933 1858 convivis
2987 1810 3049 1856 ut
3097 1819 3166 1858 ex
3202 1805 3420 1870 sublimi

141 1889 266 1936 νος,
290 1875 319 1926 6
338 1872 436 1945 τὴν
455 1873 682 1944 καρδίαν
703 1875 1034 1946 εὐφραίνων,
1066 1878 1346 1950 πληρώσει
1379 1879 1510 1932 ποτὲ
1538 1879 1627 1934 τὸν
1641 1882 1744 1949 τῆς

149 1963 351 2033 σοφίας
385 1967 662 2038 κρατῆραο,
691 1967 786 2021 καὶ
813 1969 1165 2039 προκείσεται
1197 1973 1310 2034 τοῖς
1341 1971 1647 2041 συμπόταις
1679 1972 1744 2025 ἐκ

145 2055 250 2110 τοῦ
287 2057 492 2127 ὑψηλοῦ
521 2057 878 2129 κηρύγματος
905 2060 1027 2114 κατ’
1056 2061 1305 2128 ἐξουσίαν
1333 2061 1636 2133 ἀρύσασθαι
1664 2065 1745 2128 είς

147 2149 372 2220 ἀγαθήν
403 2167 461 2202 τε
498 2151 595 2203 καὶ
622 2151 882 2220 νηφάλιον
926 2152 1119 2224 μέθην.
1171 2151 1422 2222 Ἐκείνην
1460 2154 1602 2221 λέγω
1645 2155 1745 2224 τὴν

154 2241 354 2310 μέθην,
385 2240 450 2292 δι’
477 2235 545 2312 ἦς
581 2244 694 2305 τοῖς
716 2241 1027 2313 ἀνθρώποις
1065 2245 1127 2297 ἐκ
1153 2243 1262 2298 τῶν
1289 2244 1489 2298 ὑλικῶν
1518 2244 1654 2316 πρὸς
1685 2245 1745 2298 τὸ

151 2331 437 2402 θειότερον
463 2333 497 2402 ἡ
528 2332 750 2396 ἔκτασις
775 2334 1003 2402 γίνεται.

228 2421 345 2494 Νῦν
393 2423 490 2492 μέν
538 2425 789 2494 κυπρίζει
817 2424 906 2479 διὰ
928 2425 1022 2478 τοῦ
1053 2426 1248 2492 ἄνθους
1275 2430 1308 2498 ἡ
1347 2428 1612 2499 ἄμπελος,
1649 2431 1743 2483 καί

153 2529 243 2576 τις
276 2514 544 2567 ἐκδίδοται
571 2518 700 2588 παρ’
730 2517 903 2585 αὐτῆς
931 2519 1106 2588 ἀτμὸς
1135 2520 1462 2586 εὐωδιάζων,
1498 2521 1630 2592 ἡδὺς
1655 2523 1747 2576 καὶ

155 2604 471 2673 προσηνὴς,
509 2605 646 2671 πρὸς
672 2605 734 2658 τὸ
780 2607 1034 2677 περιέχον
1084 2609 1302 2679 πνεῦμα
1336 2613 1745 2682 κατακιρνάμε-

161 2711 272 2759 νος.
308 2689 470 2758 Οἶδας
499 2695 558 2748 δὲ
579 2694 641 2748 τὸ
666 2695 884 2767 πνεῦμα
908 2699 1146 2761 πάντως,
1176 2700 1204 2751 ὃ
1234 2701 1331 2764 τὴν
1361 2702 1590 2755 εὐωδίαν
1613 2702 1745 2756 ταύ⁹

157 2801 262 2854 την
303 2786 416 2846 τοῖς
461 2784 786 2854 σωζομένοις
831 2785 1121 2855 ἐργάζεται
1145 2827 1160 2851 ,
1199 2790 1350 2860 παρὰ
1388 2789 1481 2842 τοῦ
1534 2789 1746 2842 Παύλου

162 2876 375 2948 μαθών.
415 2876 599 2930 Ταῦτα
635 2878 980 2949 προδείκνυσι
1023 2883 1090 2950 τῇ
1121 2879 1309 2953 νύμφῃ
1355 2883 1384 2934 6
1426 2882 1602 2950 λόγος,
1651 2882 1746 2936 τοῦ

159 2968 332 3022 καλοῦ
354 2968 463 3022 τῶν
481 2967 668 3039 ψυχῶν
689 2968 848 3040 ἔαρος
867 2969 936 3023 τά
961 2971 1340 3041 γνωρίσματα,
1367 2972 1460 3026 καὶ
1492 2973 1750 3028 ἐπισπεύ-

159 3061 244 3113 δει
279 3059 413 3132 πρὸς
445 3061 545 3131 τὴν
575 3061 682 3114 τῶν
712 3062 1092 3134 προκειμένων
1129 3062 1449 3125 ἀπόλαυσιν,
1470 3063 1748 3136 διεγείρων

161 3153 337 3224 αὐτὴν
359 3153 436 3224 τῷ
473 3152 636 3224 λόγῳ,
670 3154 926 3208 Ἀνάστα
949 3197 964 3220 ,
989 3154 1162 3222 λέγων
1183 3196 1196 3219 ,
1239 3155 1399 3218 ἐλθὲ,
1424 3156 1461 3222 ἡ
1484 3157 1750 3225 πλησίον

156 3264 306 3315 μου.
337 3247 493 3315 καλή
517 3266 657 3316 μου.
709 3247 1030 3316 περιστερά
1052 3266 1194 3317 μου.
1229 3249 1370 3302 Ὅσα
1409 3249 1652 3322 δόγματα
1681 3251 1748 3303 δι’

163 3336 363 3405 ὀλίγων
391 3340 449 3391 ἐν
475 3341 587 3403 τοῖς
627 3341 834 3410 ῥήμασι
873 3340 1084 3403 τούτοις
1113 3342 1140 3392 ὁ
1170 3341 1341 3410 Λόγος
1373 3343 1504 3412 ἡμῖν
1539 3342 1750 3396 ὑποδεί-

163 3430 387 3482 κνυσινί
421 3429 495 3481 Οὐ
519 3430 626 3500 γὰρ
650 3429 792 3483 κατά
818 3447 936 3482 τινα
965 3428 1340 3500 παρέλκουσαν
1366 3430 1748 3500 ματαιολογίαν

162 3521 278 3583 τοῖς
311 3519 494 3583 αὐτοῖς
545 3523 783 3591 ῥήμασιν
817 3520 1210 3591 ὲμφιλοχωρεῖν
1263 3521 1360 3591 τὴν
1395 3521 1748 3574 θεόπνευστον

164 3610 517 3664 διδασκαλίαν
549 3612 695 3664 ἐστὶν
723 3611 888 3675 είκός.
931 3611 1092 3665 Ἀλλά
1123 3629 1176 3664 τι
1215 3611 1357 3681 μέγα
1395 3611 1489 3664 καὶ
1522 3612 1750 3684 θεοπρε-

166 3703 267 3766 πές
301 3703 480 3772 νόημα
509 3704 594 3757 διὰ
641 3704 739 3774 τῆς
784 3702 1136 3772 παλιλλογίας
1179 3705 1310 3773 ἡμῖν
1350 3703 1746 3758 ύποδείκνυται.

165 3795 240 3849 Τὸ
263 3796 321 3848 δὲ
358 3795 648 3864 λεγόμενον
675 3795 914 3849 τοιοῦτόν
960 3797 1108 3849 ἐστιν
1128 3812 1139 3824 ⁸
1173 3796 1236 3848 Ἦ
1269 3796 1517 3866 μακαρία
1545 3796 1637 3849 καὶ
1663 3797 1750 3849 ατ-

164 3884 274 3948 διος
298 3885 393 3938 καὶ
416 3885 590 3938 πάντα
617 3885 740 3938 νοῦν
765 3885 1109 3956 ὑπερέχουσα
1131 3885 1312 3952 φύσις,
1337 3885 1514 3939 πάντα.
1532 3883 1599 3938 τὰ
1623 3885 1749 3939 ὄντα

166 3979 224 4030 ἐν
266 3979 432 4046 ἑαυτῇ
476 3977 829 4048 περιέχουσα,
863 3977 954 4029 ὑπ’
985 3976 1199 4038 οὐδενὸς
1249 3977 1563 4046 περιέχεται
1598 3978 1745 4047 ὅρου.

165 4069 332 4122 Οὐδὲν
362 4069 472 4141 γάρ
501 4071 616 4122 ἐστι
657 4069 785 4137 περὶ
817 4069 986 4139 αὐτὴν
1020 4068 1411 4140 θεωρούμενον,
1441 4068 1503 4120 ού
1539 4069 1750 4139 χρόνος,

165 4161 228 4212 οὐ
250 4160 437 4223 τόπος,
460 4161 520 4214 ού
556 4160 776 4232 χρῶμα,
806 4161 866 4213 ού
898 4161 1104 4231 σχῆμα,
1135 4162 1234 4214 ούκ
1254 4157 1413 4225 εἶδος,
1445 4161 1545 4214 οὐκ
1566 4160 1748 4229 ὄγκος,

167 4253 228 4306 οὗ
267 4253 597 4323 πηλικότης,
631 4253 692 4305 οὐ
724 4252 1018 4322 διάστημα,
1055 4253 1176 4306 οὐδὲ
1209 4253 1340 4307 ἄλλο
1370 4270 1423 4304 τι
1451 4251 1560 4304 τῶν
1595 4269 1754 4324 περι-

167 4349 492 4421 γραπτικῶν
538 4349 728 4418 ὄνομα,
778 4347 811 4418 ἦ
861 4350 1112 4416 πρᾶγμα,
1149 4347 1182 4418 ἢ
1232 4347 1432 4418 νόημα,
1477 4346 1613 4400 ἀλλά
1643 4349 1752 4401 πᾶν

167 4440 295 4512 περὶ
323 4441 493 4511 αὐτὴν
527 4438 816 4508 νοούμενον
846 4437 1050 4506 ἀγαθὸν
1093 4438 1173 4500 είς
1215 4437 1441 4506 ἄπειρόν
1469 4453 1529 4489 τε
1563 4438 1656 4490 καὶ
1684 4439 1746 4492 ἀ-
1778 4457 1823 4512 Ι)

167 4531 382 4601 όριστον
410 4531 674 4600 πρόεισιν.
713 4531 887 4583 Ὅπου
921 4529 1031 4601 γὰρ
1067 4529 1235 4583 κακία
1267 4527 1448 4600 χώραν
1482 4529 1581 4582 οὐκ
1613 4528 1744 4599 ἕχει,

167 4621 373 4691 ἀγαθοῦ
407 4623 578 4692 πέρας
614 4624 761 4676 ἐστὶν
795 4623 968 4676 οὐδέν.
1012 4622 1135 4675 Ἐπὶ
1165 4620 1274 4692 γὰρ
1306 4622 1404 4692 τῆς
1448 4621 1748 4692 τρεπτικῆς

169 4715 404 4784 φύσεως.
434 4714 521 4766 διὰ
540 4715 601 4767 τὸ
631 4715 751 4784 ἴσην
779 4713 1060 4781 ἐγκεῖσθαι
1087 4712 1184 4785 τὴν
1211 4713 1438 4782 δύναμιν
1465 4715 1531 4783 τῇ
1564 4730 1748 4783 προαι·

174 4807 318 4877 pisse
341 4806 479 4876 πρὸς
503 4807 602 4878 τὴν
628 4807 712 4876 ἐφ’
761 4807 996 4877 ἑκάτερα
1023 4805 1133 4859 τῶν
1166 4804 1423 4859 ἐναντίων
1465 4803 1658 4874 ῥοπὴν,
1687 4803 1747 4856 τό

166 4913 226 4950 τε
261 4897 464 4964 ἀγαθὸν
502 4897 562 4951 τὸ
599 4899 658 4950 ἐν
690 4899 844 4970 ἡμῖν,
883 4898 974 4951 καὶ
1011 4897 1069 4949 τὸ
1109 4896 1276 4950 κακὸν
1313 4897 1432 4960 ταῖς
1478 4895 1747 4964 διαδοχαῖς

171 4986 416 5057 ἀλλήλων
459 4987 818 5055 ἐναπολήγει,
853 4987 947 5040 καὶ
979 4986 1186 5054 γίνεται
1218 4983 1313 5036 τοῦ
1362 4981 1568 5051 ἀγαθοῦ
1621 4983 1746 5052 ὄρος

169 5077 204 5144 ἠ
241 5075 594 5147 ἐπιγινομένη
624 5076 810 5136 κακία,
833 5075 927 5129 καλ¹
949 5075 1125 5128 πάντα
1146 5073 1214 5128 τὰ
1241 5071 1348 5126 τῶν
1376 5071 1563 5143 ψυχῶν
1588 5071 1747 5142 ἡμῶν

170 5166 598 5237 ἐπιτηδεύματα,
633 5167 735 5219 ὅσα
763 5164 905 5218 κατὰ
937 5165 998 5218 τὸ
1034 5164 1277 5217 ἐναντίον
1316 5162 1566 5232 ἀλλήλοις
1599 5164 1746 5215 ἀντι-

170 5258 530 5326 καθέστηκεν,
567 5259 646 5320 εἰς
675 5257 878 5327 ἄλληλα
904 5255 1080 5326 λήγει,
1117 5256 1210 5310 καὶ
1240 5255 1332 5307 ὑπ’
1366 5253 1610 5324 ἀλλήλων
1632 5253 1747 5325 ὁρί-

171 5349 338 5411 ζεται.
387 5345 450 5400 Ἦ
498 5347 555 5400 δὲ
597 5347 741 5419 ἀτιλῆ
781 5347 877 5400 καὶ
914 5345 1134 5418 καθαρά
1183 5347 1277 5399 καὶ
1329 5345 1604 5417 μονοειδὴς
1653 5345 1745 5398 καὶ

171 5441 437 5509 ἄτρεπτος
453 5439 546 5491 καὶ
566 5439 922 5502 ἀναλλοίωτος
939 5441 1121 5507 φύσις,
1147 5437 1233 5491 ἀεὶ
1247 5435 1504 5500 ὡσαύτως
1526 5437 1742 5507 ἔχουσα,

171 5529 261 5582 καὶ
291 5527 548 5582 οὐδέποτε
569 5527 764 5598 ἑαυτῆς
791 5527 1138 5599 ἐξισταμένη,
1171 5525 1262 5579 διά
1287 5525 1348 5578 τὸ
1374 5525 1744 5596 ἀπαράδεκτος

234 5709 287 5746 οι
335 5707 486 5766 Psal.
525 5724 567 5776 ι,
602 5707 658 5765 5.
733 5707 780 5739 ’⁵
831 5705 879 5762 ll
906 5705 1034 5763 Cor.
1088 5720 1149 5772 ιι,
1183 5704 1271 5761 16.

493 5796 767 5855 ΡΑΤιιοι..
805 5795 922 5851 (in.
968 5790 1195 5850 λων..

1844 1891 2239 1962 praedicatione
2295 1894 2468 1948 libere
2523 1894 2826 1950 misceatur
2872 1893 2942 1949 ad
2984 1895 3184 1951 bonam
3231 1905 3288 1954 et
3335 1915 3430 1955 so-

1847 1985 2021 2040 briam
2045 1985 2391 2042 ebrietatem.
2418 1985 2567 2041 Illam
2591 1987 2739 2048 dico.
2782 2004 2880 2060 per
2910 2005 3075 2060 quam
3107 1991 3415 2049 hominibus

1845 2095 1912 2134 ex
1953 2079 2120 2135 rebus
2152 2080 2534 2136 materialibus
2567 2083 2627 2136 ﬁt
2663 2085 3055 2140 transmutatio
3085 2086 3154 2140 ad
3185 2086 3238 2141 id
3277 2088 3427 2158 quod

1847 2180 1930 2226 est
1956 2171 2220 2228 divinius.

1916 2425 2074 2481 Nunc
2111 2427 2332 2497 quidem
2382 2428 2542 2484 ﬂoret
2586 2430 2738 2494 vitis,
2779 2437 2834 2486 et
2864 2445 2933 2486 ex
2979 2445 3042 2486 ea
3091 2448 3188 2502 per
3233 2432 3427 2490 ﬂorem

1847 2520 2119 2572 emittitur
2144 2534 2314 2590 vapor
2343 2520 2565 2590 quidam
2595 2521 2733 2577 bene
2758 2524 2915 2578 olens
2958 2531 3014 2578 et
3057 2523 3266 2589 suavis,
3295 2540 3409 2581 cou-

1850 2627 2183 2690 temperatus
2235 2635 2361 2675 cum
2415 2621 2690 2677 ambiente
2745 2624 2965 2692 spiritu.
3026 2623 3186 2680 Nosti
3243 2638 3427 2686 autem

1848 2713 2074 2766 omnino
2113 2713 2389 2782 spiritum,
2440 2715 2536 2784 qui
2567 2713 2730 2769 eﬂicit
2774 2717 2920 2772 hunc
2967 2718 3170 2774 bonum
3203 2703 3428 2778 odorem

1851 2805 1921 2858 iis
1945 2804 2040 2874 qui
2071 2805 2209 2860 salvi
2251 2804 2408 2869 liuut,
2445 2813 2503 2860 ut
2538 2809 2632 2877 qui
2670 2808 2774 2862 hoc
2817 2808 3078 2866 didiceris
3105 2826 3134 2865 a
3161 2810 3334 2869 Paulo
3358 2815 3423 2868 ".

1850 2897 1976 2952 llaec
2009 2914 2225 2969 sponsae
2252 2900 2432 2954 oratio
2461 2903 2614 2970 prius
2651 2902 2891 2957 ostendit
2921 2903 3125 2958 indicia
3171 2914 3226 2960 et
3269 2915 3429 2963 notas

1851 2993 1978 3047 boui
2009 2993 2152 3050 veris
2181 2993 2513 3061 animarum,
2541 3005 2594 3050 et
2627 3010 2747 3049 eam
2781 2996 2976 3050 incitat
2999 3006 3060 3052 ut
3109 2996 3326 3053 fruatur
3363 3001 3429 3057 iis

1775 3113 1817 3172 α
1851 3100 1972 3154 quae
2000 3094 2130 3142 sunt
2170 3086 2475 3155 proposita,
2525 3087 2710 3142 verbis
2753 3103 2872 3143 eam
2921 3089 3196 3156 excitans,
3238 3089 3429 3162 Surge,

1851 3176 2065 3240 dicens,
2095 3179 2232 3240 veni,
2260 3178 2556 3248 propinqua
2579 3195 2718 3242 mea,
2757 3179 2983 3249 pulchra
3013 3197 3151 3246 mea,
3182 3182 3430 3240 columba

1851 3296 1989 3334 mea.
2014 3281 2188 3345 Quam
2219 3280 2391 3332 multa
2420 3290 2599 3334 autem
2630 3280 2887 3351 dogmata
2917 3283 3107 3352 paucis
3137 3283 3224 3339 his
3246 3287 3429 3342 verbis

1850 3378 2010 3434 nobis
2040 3379 2282 3434 ostendit
2309 3376 2580 3432 Verbum!
2633 3393 2742 3432 non
2787 3381 2932 3435 enim
2964 3380 3113 3436 inani
3160 3383 3343 3453 aliqua
3375 3391 3428 3439 et

1854 3485 2260 3542 supervacanea
2299 3471 2549 3526 oratione
2598 3472 2654 3526 in
2715 3473 2906 3528 iisdem
2945 3475 3130 3532 verbis
3177 3476 3429 3532 lubenter

1851 3564 2134 3619 immorari
2167 3564 2431 3620 divinitus
2465 3565 2788 3635 inspiratam
2821 3565 3130 3622 doctrinam
3174 3576 3260 3625 est
3291 3584 3430 3625 con-

1851 3673 2196 3722 sentaneum.
2234 3663 2340 3720 Sed
2396 3680 2594 3736 magna
2635 3665 2820 3736 aliqua
2850 3673 2906 3722 et
2953 3666 3064 3723 Deo
3092 3671 3431 3726 conveniens

1851 3757 2213 3828 intelligentia
2259 3758 2570 3814 ostenditur
2617 3757 2778 3813 nobis
2837 3773 2934 3827 per
2969 3759 3112 3814 hanc
3140 3763 3430 3832 repetitam

1851 3852 2202 3906 sententiam.
2257 3851 2414 3918 Quod
2480 3860 2663 3906 autem
2710 3851 2912 3907 dicitur
2967 3851 3053 3901 est
3079 3845 3429 3916 huiusmodi:

1850 3944 2014 3999 Beata
2045 3952 2100 3999 et
2135 3954 2338 4000 aeterna
2371 3951 2426 3999 et
2461 3959 2678 3998 omnem
2715 3943 3127 4015 intelligentiam
3157 3944 3432 4002 excedens

1851 4049 2070 4101 natura,
2101 4037 2286 4090 omnia
2311 4052 2433 4105 qua:
2462 4045 2593 4091 sunt
2622 4037 2675 4090 in
2705 4037 2882 4106 seipsa
2910 4053 3194 4103 coercens,
3224 4052 3254 4091 a
3280 4039 3431 4092 nullo

1851 4129 2086 4184 termino
2112 4128 2510 4184 circumdatur.
2559 4126 2708 4181 Nihil
2761 4137 2846 4184 est
2901 4129 3050 4183 enim
3108 4128 3252 4196 quod
3281 4129 3432 4184 circa

1852 4224 2027 4293 ipsam
2059 4221 2466 4286 consideratur,
2497 4236 2610 4276 non
2659 4231 2896 4290 tempus,
2926 4237 3034 4275 non
3092 4222 3268 4286 locus,
3319 4237 3432 4279 non

1851 4315 2026 4380 color,
2057 4329 2167 4368 non
2197 4314 2390 4383 ligura,
2420 4327 2528 4367 non
2577 4312 2918 4384 magnitudo,
2962 4329 3074 4368 non
3126 4316 3431 4384 quantitas,

1851 4422 1962 4462 non
1984 4407 2354 4470 intervallum,
2375 4420 2551 4474 neque
2573 4405 2743 4459 ullqu
2763 4405 2910 4460 aliud
2929 4421 3128 4460 nomen
3149 4407 3430 4476 pertinens

1855 4501 1924 4556 ad
1953 4499 2524 4569 circumscriptionem
2545 4538 2561 4563 ,
2611 4508 2707 4553 aut
2740 4515 2830 4556 res
2852 4541 2866 4562 .
2912 4511 3007 4553 aut
3048 4500 3429 4572 intelligentia,

1854 4595 1948 4651 sed
1981 4608 2146 4648 omne
2174 4593 2377 4647 bonum
2405 4592 2550 4662 quod
2576 4593 2724 4647 circa
2749 4593 2923 4662 ipsam
2957 4592 3281 4663 intelligitur
3303 4608 3429 4663 pro-

1853 4686 2001 4743 cedit
2028 4687 2083 4740 in
2113 4685 2410 4750 infinitum,
2448 4693 2503 4740 et
2535 4684 2762 4740 minime
2794 4684 3294 4740 circumscribitur.
3322 4683 3434 4741 Ubi

1852 4779 1998 4834 enim
2032 4777 2169 4832 vitio
2200 4778 2387 4832 nullus
2415 4785 2504 4832 est
2542 4776 2715 4840 locus,
2743 4777 2929 4832 nullus
2976 4783 3063 4832 est
3105 4777 3236 4831 boni
3282 4777 3430 4833 linis.

1852 4871 1914 4926 In
1957 4870 2207 4925 mutabili
2236 4869 2382 4924 enim
2431 4877 2648 4934 natura,
2700 4879 2988 4940 propterea
3031 4867 3180 4938 quod
3224 4869 3432 4938 pariter

1852 4963 1998 5018 inest
2022 4968 2265 5031 potestas
2309 4969 2364 5015 et
2394 4959 2566 5014 libera
2600 4958 2834 5030 eligendi
2884 4959 3143 5014 voluntas
3172 4958 3240 5012 ad
3270 4957 3428 5013 incli-

1852 5055 2126 5108 nationem
2175 5068 2242 5108 ac
2286 5049 2707 5121 propensionem
2751 5049 2818 5104 ad
2850 5058 3080 5120 utraque
3124 5049 3428 5114 contraria.

1851 5151 1997 5224 quod
2031 5158 2117 5205 cst
2151 5150 2207 5202 in
2239 5147 2396 5204 nobis
2446 5145 2650 5200 bonum
2691 5153 2746 5200 et
2791 5145 2993 5198 malum
3035 5143 3111 5198 ila
3143 5141 3428 5211 desinunt,

1853 5251 1914 5300 ut
1947 5243 2050 5299 sibi
2083 5241 2320 5296 invicem
2366 5241 2708 5294 succedant:
2755 5243 2810 5290 et
2847 5233 2978 5290 boni
3024 5240 3110 5290 est
3155 5232 3428 5290 terminus

1851 5338 2042 5392 vitium
2073 5333 2369 5389 adveniens
2403 5349 2417 5386 :
2452 5337 2508 5386 et
2535 5328 2722 5384 omnia
2759 5327 3068 5383 animarum
3109 5331 3427 5380 nostrarum

1851 5429 2036 5484 studia
2062 5436 2117 5482 et
2143 5424 2418 5488 instituta,
2454 5436 2577 5492 qua:
2617 5420 2719 5476 sibi
2754 5419 2987 5474 invicem
3041 5415 3426 5479 adversantur.

1850 5524 1906 5580 in
1936 5537 1996 5580 se
2019 5521 2254 5578 invicem
2274 5516 2559 5585 desinunt,
2578 5521 2634 5572 et
2651 5529 2684 5570 a
2705 5528 2766 5571 se
2783 5512 3019 5570 invicem
3035 5509 3427 5567 terminantur.

3086 5856 3088 5858 ν
3099 5779 3184 5840 ‘28
