3854 6216
441 265 549 322 8'15

1669 265 1726 319 S.
1765 263 2094 320 GREGORII
2129 261 2426 318 NYSSENI

3593 269 3706 322 876

440 377 678 449 Simplex
709 384 889 430 autem
919 386 972 431 et
1002 392 1137 446 pura
1168 385 1224 432 et
1250 378 1540 435 uniformis
1571 388 1624 433 et
1653 380 2003 434 immutabilis

2110 374 2250 433 εἶναι
2280 382 2378 450 τῆς
2411 379 2546 451 πρὸς
2575 397 2634 432 το
2664 380 2831 433 κακὸν
2863 379 3168 444 κοινωνίας,
3211 381 3461 452 ἀόριστος
3509 383 3568 434 ἐν
3620 384 3704 451 τῷ

439 479 493 525 et
522 467 904 531 inalterabilis,
929 476 984 522 et
1025 483 1149 538 qua:
1190 485 1406 540 semper
1436 471 1690 526 similiter
1732 479 1785 526 et
1814 470 2006 525 eodem

437 561 602 616 modo
623 575 683 615 se
698 559 863 614 habet
883 567 1106 624 natura,
1123 568 1179 614 et
1199 575 1229 614 a
1249 562 1428 630 seipsa
1451 576 1729 632 nunquam
1752 561 1968 616 excedit
1991 579 2006 615 :

442 661 732 723 propterea
767 651 912 722 quod
942 665 1052 706 non
1081 653 1155 706 sit
1179 667 1352 722 capax
1375 653 1657 709 societatis
1693 669 1815 708 cum
1841 653 2008 717 malo,

438 753 623 798 manet
647 742 702 796 in
732 742 878 797 bono
906 742 1133 797 minime
1153 741 1592 813 circumscripta,
1623 744 1677 797 in
1710 759 1768 798 se
1799 744 2009 799 nullum

435 834 626 888 videns
659 831 842 896 finem,
875 839 1164 902 propterea
1191 831 1337 899 quod
1371 833 1428 886 in
1481 847 1541 888 se
1570 833 1779 886 nullum
1829 832 2013 888 videat

436 925 800 979 contrarium.
834 923 1064 990 Quando
1088 939 1220 995 ergo
1253 925 1422 979 trahit
1449 926 1741 979 humanam
1770 924 2010 978 animam

438 1017 505 1071 ad
531 1016 616 1072 sui
641 1016 1139 1087 participationem,
1173 1016 1368 1086 atquaIi
1399 1031 1614 1086 semper
1652 1029 1931 1079 mensura,
1953 1015 2008 1069 in

435 1122 499 1163 ea
524 1123 646 1176 qua:
687 1107 754 1162 ad
790 1108 845 1162 id
891 1108 1036 1177 quod
1067 1114 1152 1162 est
1199 1107 1396 1162 melius
1438 1122 1502 1162 ac
1551 1107 1905 1177 praestantius
1948 1106 2006 1160 ﬁt

435 1199 879 1268 exsuperatioue,
913 1199 1154 1268 assurgit
1181 1213 1348 1268 supra
1397 1212 1516 1252 eam
1543 1213 1665 1268 qua!
1699 1206 1784 1253 est
1831 1198 2005 1268 parti-

434 1306 586 1362 ceps.
615 1290 750 1345 Nam
771 1292 954 1345 anima
983 1290 1206 1360 quidem
1240 1290 1422 1359 seipsa
1467 1303 1683 1358 semper
1717 1287 1778 1341 fit
1808 1289 2001 1357 major,

2108 471 2298 542 ἀγαθῷ
2348 472 2532 542 μένει,
2579 472 2701 525 οὑδὲ
2738 473 2908 542 αὑτῆς
2959 472 3231 542 βλέπουσα
3278 475 3470 545 πέρας,
3513 475 3610 528 διὰ
3642 478 3707 528 τδ

2113 561 2280 632 μηδὲν
2307 561 2416 615 τῶν
2442 564 2699 617 ἐναντίων
2722 562 2957 633 βλέπειν.
2989 566 3155 617 Ὅταν
3179 565 3358 618 τοίνυν
3387 566 3700 637 ἐφέλκηται

2110 651 2246 722 πρὸς
2278 651 2565 721 μετουσίαν
2594 654 2790 723 έαυτῆς
2807 653 2904 725 τὴν
2924 653 3021 706 ἀνθ
3030 653 3269 724 ρωπίνην
3289 655 3489 725 ψυχὴν,
3511 657 3603 708 ἀεὶ
3618 655 3699 727 τῷ

2112 745 2213 813 ῐσῳ
2232 744 2414 814 μέτρῳ
2427 745 2568 798 κατά
2580 745 2679 818 τὴν
2703 747 2759 808 ἐς
2774 746 2832 799 τὸ
2850 749 3094 817 κρεῖττον
3112 748 3383 818 ὑπεροχὴν
3405 747 3512 818 τῆς
3532 766 3697 818 μετε-

2116 834 2317 904 χούσης
2337 835 2792 906 ὑπερανέστηκεν.
2835 839 2897 890 Ἡ
2931 839 3028 908 μὲν
3054 839 3162 910 γὰρ
3187 839 3332 910 ψυχὴ
3362 840 3572 910 μείζων
3596 842 3698 894 αὑ-

2114 929 2212 1000 τῆς
2239 929 2468 983 πάντοτε
2497 929 2584 983 διὰ
2606 930 2703 1001 τῆς
2726 929 2820 984 τοῦ
2843 931 3196 1003 ὑπερέχοντος
3221 934 3514 1003 μετουσίας
3543 933 3696 1000 γίνε-

2112 1037 2223 1084 ται,
2255 1024 2350 1075 καὶ
2378 1023 2717 1095 αὐξανομένη
2751 1024 2850 1094 οὑχ
2896 1025 3115 1078 ἵσταται
3137 1043 3150 1054 ·
3189 1027 3250 1078 τὸ
3292 1026 3348 1079 δὲ
3387 1027 3697 1097 μετεχόμε-

2112 1128 2201 1166 νον
2231 1112 2429 1181 ἀγαθὸν
2457 1116 2512 1167 ἐν
2538 1113 2637 1183 ίσῳ
2663 1114 2809 1185 μένει
2832 1113 3110 1178 ὡσαύτως,
3139 1116 3244 1168 ὑπὸ
3260 1116 3358 1186 τῆς
3380 1116 3478 1168 ἐπὶ
3504 1116 3694 1169 πλεῖον

2111 1203 2199 1256 ἀεὶ
2234 1205 2564 1277 μετεχούσης
2599 1207 2658 1259 ἐν
2690 1207 2782 1278 ῐσῃ
2809 1207 3037 1261 πάντοτε
3063 1209 3132 1277 τῇ
3155 1208 3392 1278 ὑπεροχῇ
3428 1207 3694 1278 εὑρισκό-

2116 1307 2296 1361 μενον.

433 1395 488 1441 et
520 1393 750 1457 augetur
774 1400 870 1456 per
905 1384 1380 1455 participationem
1409 1385 1529 1453 ejus
1562 1383 1706 1454 quod
1739 1394 2051 1455 exsuperat,
2093 1400 2270 1456 neque
2301 1386 2504 1442 desiuit
2551 1388 2778 1460 augeri:
2812 1388 3013 1443 bonum
3064 1397 3244 1443 autem
3282 1387 3426 1458 quod
3460 1386 3693 1458 partici-

434 1485 614 1547 patur,
645 1491 860 1548 semper
885 1484 1068 1530 manet
1098 1476 1152 1530 in
1179 1476 1508 1546 aequalitate,
1551 1484 1612 1529 ut
1664 1475 1808 1547 quod
1851 1476 1920 1530 ab
1986 1492 2051 1532 ea
2120 1494 2242 1548 qua:
2266 1495 2480 1550 semper
2527 1489 2612 1537 est
2656 1481 2889 1552 amplius
2928 1481 3219 1552 particeps,
3269 1496 3486 1550 semper
3538 1482 3694 1536 iuve-

387 1559 394 1579 ³
435 1573 619 1624 niatur
643 1570 693 1622 in
718 1569 913 1639 aequali
938 1568 1374 1637 exsuperatione.

507 1661 769 1718 Videmus
799 1676 930 1732 ergo
957 1669 1222 1731 tanquam
1255 1662 1310 1715 in
1337 1661 1614 1716 scalarum
1648 1675 1883 1716 ascensu
1911 1674 2011 1729 per
2039 1667 2082 1722 Β

434 1755 655 1810 virtutis
720 1753 1072 1809 ascensiones
1131 1767 1392 1822 sponsam
1459 1768 1490 1806 a
1552 1751 1736 1808 Verbo
1787 1751 2006 1807 deduci.

437 1846 681 1900 Immittit
711 1846 885 1916 primo
917 1843 1158 1900 Verbum
1188 1845 1400 1900 radium
1429 1861 1527 1916 per
1573 1844 1843 1900 fenestras
1883 1859 2010 1916 pro-

435 1941 704 2011 pheticas,
734 1947 828 1992 aut
858 1937 1132 1993 cancellos
1162 1945 1557 2008 praeceptorum
1609 1936 1766 2008 legis,
1810 1943 1864 1992 et
1887 1951 2008 1991 eam

437 2033 668 2086 advocat
695 2039 754 2084 ut
790 2029 1190 2099 appropinquet
1215 2029 1346 2091 luci,
1377 2035 1432 2083 et
1460 2028 1689 2098 pulchra
1716 2027 1808 2081 fiat
1834 2028 2009 2081 instar

437 2121 700 2176 columbae
723 2118 956 2174 formata
991 2118 1045 2172 in
1081 2119 1223 2174 luce.
1257 2116 1464 2173 Deinde
1509 2133 1630 2173 cum
1675 2133 1856 2172 rerum
1892 2116 2010 2186 pul-

435 2214 694 2267 chrarum
723 2217 935 2265 tantum
982 2209 1200 2274 fuisset,
1248 2217 1520 2280 quantum
1566 2210 1741 2280 potuit
1788 2224 2003 2280 capere,

435 2304 729 2375 particeps,
745 2319 937 2360 rursus
952 2303 1020 2359 de
1056 2307 1286 2377 integro,
1311 2310 1372 2357 ut
1391 2317 1511 2372 quae
1532 2303 1803 2358 bonorum
1825 2303 2006 2358 adhuc

433 2413 542 2451 non
566 2402 711 2451 esset
729 2394 1021 2464 particeps,
1044 2407 1164 2449 eam
1191 2393 1416 2448 attrahit
1438 2392 1506 2448 ad
1529 2393 2005 2464 participationem

433 2488 562 2542 boui
591 2485 1071 2556 supereminentis,
1095 2485 1232 2540 adeo
1256 2493 1314 2539 ut
1341 2485 1392 2540 id
1416 2486 1596 2555 ipsum
1616 2485 1763 2557 quod
1789 2502 2007 2557 semper

434 2587 662 2649 apparet
696 2584 1064 2647 congruenter
1113 2577 1452 2648 proportioui
1502 2577 1805 2648 profectus,
1841 2578 2004 2632 simul

434 2672 604 2726 etiam
644 2670 885 2724 attrahat
912 2669 1268 2732 desiderium,
1300 2679 1356 2724 et
1381 2678 1603 2739 propter
1630 2671 2005 2740 exsuperatio-

431 2779 556 2820 nem
596 2764 861 2818 bonorum
930 2777 1051 2832 qua;
1100 2777 1315 2832 semper
1365 2762 1793 2818 considerantur
1839 2764 1898 2818 in
1937 2777 2004 2819 eo

432 2854 578 2925 quod
597 2854 1241 2924 supereminet,videatur
1261 2852 1437 2922 primo
1453 2862 1676 2925 tangere
1692 2869 1999 2912 ascensum.

432 2945 730 3016 Propterea
759 2960 890 3015 ergo
913 2945 962 3000 ci
1009 2945 1260 2999 excitata:
1301 2959 1496 2999 rursus
1541 2945 1695 3012 dicit,
1733 2945 1921 3017 Surge,
1950 2955 2003 3001 et

437 3037 489 3092 ei
514 3051 638 3090 cum
668 3035 910 3089 venisset
933 3033 1086 3096 dicit,
1123 3033 1269 3089 Veni.
1296 3033 1482 3104 Neque
1504 3036 1649 3090 enim
1673 3036 1722 3091 ei
1751 3037 1843 3106 qui
1874 3053 2002 3093 vere

436 3128 614 3197 surgit
647 3141 890 3196 unquam
931 3124 1107 3180 deerit
1154 3140 1368 3196 semper
1411 3141 1682 3196 surgere;
1731 3143 1909 3198 neque
1952 3127 2002 3183 ei

435 3217 526 3288 qui
581 3215 756 3270 currit
817 3213 885 3267 ad
949 3211 1283 3278 Dominum,
1351 3230 1592 3284 unquam
1649 3224 2004 3271 consumetur

433 3308 674 3378 amplum
731 3313 786 3360 et
837 3305 1008 3359 latum
1076 3305 1256 3374 campi
1322 3307 1558 3376 spatium
1622 3307 1691 3361 ad
1753 3307 2002 3362 divinum

434 3412 658 3453 cursum
681 3411 783 3451 con
793 3395 1102 3452 ﬁciendum.
1130 3396 1358 3466 Oportet
1376 3396 1520 3452 enim
1545 3412 1759 3467 semper
1780 3415 2005 3469 surgere

433 3496 487 3544 et
531 3489 780 3552 excitari,
825 3495 882 3542 et
925 3502 1024 3558 per
1064 3501 1289 3542 cursum
1335 3489 1820 3558 appropinquando
1862 3506 2004 3543 nun-

433 3596 595 3650 quam
623 3593 861 3635 cessare.
893 3577 1260 3644 Quamobrem
1293 3579 1510 3646 quoties
1534 3579 1704 3633 dicit:
1757 3579 1922 3649 Surge
1944 3587 2000 3634 et

433 3671 585 3734 Veni,
610 3667 775 3723 toties
802 3671 1034 3740 largitur
1068 3668 1383 3724 facultatem
1422 3669 1491 3723 ad
1531 3669 1586 3724 id
1613 3671 1760 3740 quod
1804 3671 2002 3727 melius

429 3769 518 3819 est
566 3761 918 3833 ascendendi.
978 3758 1071 3815 Sic
1128 3761 1370 3832 intellige
1421 3776 1542 3831 quae
1603 3769 1907 3832 sequuntur
1945 3763 2000 3817 iu

433 3861 604 3906 textu.
638 3848 774 3905 Nam
825 3851 919 3920 qui
957 3850 1243 3921 pulchram
1295 3867 1362 3906 ex
1395 3851 1625 3921 pulchra
1660 3853 1817 3922 jubet
1861 3854 1998 3918 fieri,

429 3951 615 4011 aperte
659 3941 916 3996 admonet
972 3950 1026 3996 et
1075 3942 1321 4012 suggerit
1379 3942 1514 3997 illud
1578 3943 1997 4014 Apostolicum,

427 4032 626 4103 jubeus
655 4034 902 4088 eamdem
927 4033 1219 4103 imaginem
1251 4049 1281 4086 a
1332 4034 1504 4104 gloria
1535 4036 1914 4091 transformari
1943 4038 1998 4091 in

429 4125 655 4195 gloriam
679 4125 748 4188 ",
776 4123 912 4179 adeo
939 4132 997 4178 ut
1022 4140 1239 4194 semper
1253 4124 1505 4180 videatur
1523 4141 1645 4181 esse
1664 4128 1834 4196 gloria
1851 4129 1996 4198 quod

429 4216 719 4286 accipitur,
747 4215 976 4284 etquod
1025 4231 1240 4284 semper
1292 4217 1593 4281 invenitur,
1627 4225 1682 4271 et
1741 4218 1869 4272 licet
1926 4219 1997 4274 sit

2193 1663 2437 1734 Ὁρῶμεν
2476 1665 2653 1716 τοίνυν
2686 1663 2873 1736 ὥσπερ
2912 1666 2968 1717 ἐν
3015 1663 3237 1735 βαθμῶν
3265 1663 3532 1717 ἀναϐάσει
3572 1684 3690 1735 χει-

2114 1753 2535 1825 ραγωγουμένην
2565 1755 2652 1808 διὰ
2695 1755 2803 1808 τῶν
2831 1756 2930 1825 τῆς
2985 1757 3185 1826 ἀρετῆς
3225 1755 3426 1808 ἀνόδων
3475 1755 3574 1808 ἐπὶ
3615 1756 3692 1810 τά

2110 1842 2218 1916 ὕψη
2251 1845 2400 1915 παρά
2421 1843 2515 1898 τοῦ
2535 1844 2705 1914 Λόγου
2735 1845 2833 1916 τὴν
2860 1839 3209 1916 νύμφηνΪΗν
3236 1847 3253 1865 ⁸
3271 1845 3444 1915 ἐνίησι
3466 1845 3692 1914 πρῶτον

2108 1937 2196 1990 διά
2236 1937 2344 1992 τῶν
2377 1937 2671 2009 προφητῶν
2710 1937 2961 2009 θυρίδων,
3010 1937 3106 1991 καὶ
3151 1937 3258 1992 τῶν
3297 1938 3539 1992 δικτύων
3578 1941 3691 1992 τῶν

2107 2022 2202 2077 τοῦ
2232 2024 2395 2093 νόμον
2426 2019 2901 2096 παραγγελμάτων
2925 2025 3024 2097 τὴν
3063 2026 3258 2080 ἀκτῖνα
3286 2029 3316 2080 ό
3360 2028 3558 2095 Λόγος,
3593 2030 3691 2081 καὶ

2109 2116 2454 2186 προσκαλεῖτ’
2478 2117 2644 2188 αὑτὴν
2674 2117 2888 2186 ἐγγίσαι
2915 2117 3077 2185 φωτὶ,
3104 2119 3199 2172 καὶ
3230 2118 3402 2190 καλὴν
3429 2119 3693 2188 γενέσθαι

2109 2207 2244 2278 πρὸς
2275 2207 2335 2260 τὸ
2363 2203 2500 2271 εἶδος
2528 2206 2627 2278 τῆς
2661 2210 2986 2280 περιστερᾶς
3012 2210 3070 2261 ἐν
3093 2208 3172 2280 τῷ
3206 2210 3343 2279 φωτὶ
3371 2211 3690 2281 μορφωθεῖ-

2109 2318 2228 2354 σαν.
2267 2295 2397 2352 Εἶτα
2430 2299 2805 2370 μετασχοῦσαν
2847 2301 2955 2352 τῶν
3004 2301 3202 2366 καλῶν,
3243 2304 3366 2355 ὅσον
3401 2303 3683 2375 ἐχώρησε,

2107 2393 2268 2446 πάλιν
2301 2391 2364 2456 ἐξ
2394 2393 2664 2462 ὑπαρχῆς,
2690 2391 2766 2455 ὡς
2799 2391 2878 2445 ἔτι
2909 2391 3016 2445 τῶν
3049 2393 3232 2446 καλῶν
3271 2389 3437 2447 οὖσαν
3475 2398 3690 2466 ἀμέτο-

2105 2501 2219 2553 χον,
2250 2483 2384 2552 πρὸς
2403 2480 2497 2534 τοῦ
2522 2482 2914 2552 ὑπερκειμένου
2940 2481 3170 2545 κάλλους
3201 2482 3491 2552 μετουσίαν
3532 2484 3706 2551 ἐφέλέ

2105 2591 2279 2635 κεται,
2313 2572 2453 2625 ὥστε
2483 2572 2622 2643 αὑτῇ
2648 2571 2788 2625 κατὰ
2817 2571 2917 2642 τὴν
2947 2571 3239 2639 ἀναλογίαν
3271 2573 3368 2642 τῆς
3396 2573 3692 2643 προκοπῆς

2105 2665 2243 2735 πρὸς
2262 2663 2324 2716 τὸ
2353 2664 2442 2716 ἀεὶ
2464 2663 2890 2734 προφαινόμενον
2920 2663 3014 2716 καὶ
3039 2662 3137 2734 τὴν
3158 2663 3455 2732 ἐπιθυμίαν
3487 2666 3692 2718 συναύ-

2106 2751 2311 2816 ξεσθαι,
2341 2752 2434 2806 καὶ
2457 2751 2546 2804 διὰ
2577 2751 2676 2822 τὴν
2702 2751 3007 2823 ὑπερϐολὴν
3033 2751 3143 2804 τῶν
3173 2752 3404 2805 πάντοτε
3446 2755 3596 2807 κατά
3628 2756 3693 2808 τὸ

2104 2842 2498 2915 ὑπερκείμενον
2535 2843 2937 2914 εὑρισκομένων
2975 2841 3215 2910 ἀγαθῶν,
3247 2843 3481 2914 πρώτως
3511 2844 3686 2896 ἅπτε-

2106 2937 2229 2991 σθαι
2263 2937 2362 3008 τῆς
2403 2936 2590 2990 ἀνόδου
2619 2935 2810 2988 δοκεῖν.
2846 2937 2943 2988 Διά
2971 2935 3130 2989 τοῦτό
3156 2952 3288 3004 φησι
3331 2935 3497 2988 πάλιν
3550 2935 3688 3006 πρὸς

2103 3030 2199 3100 τὴν
2221 3029 2596 3100 ἐγηγερμένην
2615 3030 2644 3081 ὁ
2658 3027 2846 3094 Λόγος,
2863 3027 2944 3080 ὅτι
2974 3022 3300 3094 Ἀνάστηθι,
3318 3027 3414 3078 καὶ
3430 3028 3572 3097 πρὸς
3589 3029 3692 3096 τὴν

2104 3121 2382 3184 ἐλθοῦσαν,
2408 3121 2489 3174 δτι
2525 3121 2710 3177 Ἐλθέ.
2739 3119 2875 3173 Οὕτε
2910 3119 3019 3188 γὰρ
3043 3118 3120 3188 τῷ
3140 3119 3308 3182 ὅντως
3335 3119 3689 3188 ἀνισταμένῳ

2102 3212 2275 3280 λείψει
2306 3212 2436 3264 ποτὲ
2477 3213 2566 3265 ἀεὶ
2609 3211 2966 3274 ἀνίστασθαι,
3001 3209 3125 3262 οὑτε
3153 3209 3231 3280 τῷ
3267 3209 3517 3280 τρέχοντι
3553 3211 3690 3280 πρὸς

2101 3303 2193 3358 τὸν
2226 3304 2448 3375 Κύριον,
2482 3304 2516 3374 ἡ
2545 3303 2681 3374 πρὸς
2711 3302 2802 3355 τὸν
2833 3303 2974 3355 θεῖον
3002 3301 3202 3372 δρόμον
3243 3301 3561 3371 εὐρυχωρία
3592 3301 3688 3354 δα-

2104 3396 2496 3467 πανηθήσεται.
2545 3395 2656 3447 ’Λεί
2695 3411 2754 3446 τε
2798 3394 2906 3464 γὰρ
2943 3392 3255 3464 ἐγείρεσθαι
3289 3392 3417 3463 χρὴ,
3458 3395 3556 3445 καὶ
3585 3410 3692 3461 μη-

2102 3487 2292 3540 δέποτε
2329 3484 2418 3538 διὰ
2461 3483 2561 3536 τοῦ
2600 3483 2800 3553 δρόμου
2839 3481 3299 3553 προσεγγίζοντας
3344 3480 3690 3534 παύσασθαι.

2107 3581 2184 3644 ὼς
2240 3576 2428 3638 ὁσάκις
2468 3576 2534 3628 ἂν
2571 3575 2718 3644 λέγει
2751 3574 2812 3627 τὸ
2864 3571 3181 3640 Ἀνάστηθι
3203 3589 3218 3602 ·
3253 3573 3348 3626 καὶ
3379 3573 3442 3625 τὸ
3485 3574 3690 3626 Ἐλθέ·

2102 3669 2323 3731 τοσάκις
2345 3668 2446 3736 τῆς
2469 3667 2604 3737 πρὸς
2627 3667 2688 3719 τὸ
2711 3668 2957 3736 κρεῖττον
2983 3664 3298 3726 ἀναϐάσεως
3325 3664 3426 3734 τὴν
3452 3663 3689 3733 δύναμιν

2100 3760 2331 3813 δίδωσιν.
2386 3757 2542 3812 Οὕτω
2585 3759 2693 3812 νόει
2732 3759 2828 3811 καὶ
2868 3757 2937 3811 τά
2981 3757 3179 3827 ἐφεξῆς
3211 3757 3549 3826 προκείμενα
3587 3756 3688 3810 τοῦ

2100 3849 2280 3919 λόγου.
2321 3851 2380 3903 Ὁ
2419 3849 2528 3920 γὰρ
2560 3849 2731 3920 καλὴν
2759 3851 2823 3901 ἐκ
2863 3848 3036 3918 καλῆς
3063 3847 3312 3917 γενέσθαι
3335 3847 3597 3908 κελεύων,
3621 3847 3688 3900 τὸ

2100 3940 2456 3994 ἀποστολικδν
2500 3941 2754 4010 ἄντικρυς
2787 3939 3126 4004 ὑποτίθεται,
3154 3938 3254 4006 τὴν
3294 3938 3468 4007 αὑτὴν
3496 3939 3690 3992 εἰκόνα

2100 4032 2458 4105 προστάσσων
2497 4032 2604 4085 ἀπὸ
2643 4031 2800 4100 δόξης
2836 4032 2916 4092 είς
2957 4029 3115 4094 δόξαν
3165 4029 3684 4101 μεταμορφοῦσθαισ

2107 4126 2183 4190 ὼς
2233 4123 2460 4178 πάντοτε
2505 4123 2661 4189 δόξαν
2713 4118 2850 4175 εἶναι
2901 4121 3315 4192 λαμϐανόμενον
3356 4121 3545 4174 καὶτὸ
3593 4121 3687 4174 ἀεὶ

2099 4218 2504 4286 εὑρισκόμενον,
2533 4216 2636 4269 κᾶν
2673 4216 2753 4268 ὅτι
2789 4215 3023 4284 μάλιστα
3059 4214 3202 4284 μέγα
3231 4229 3284 4266 τι
3328 4215 3422 4267 καὶ
3455 4215 3688 4286 ὑψηλὸν,

428 4323 684 4378 magnum
715 4317 768 4361 et
790 4307 1094 4370 excelsum,
1124 4307 1382 4361 credatur
1411 4323 1535 4363 esse
1557 4309 1739 4363 minus
1762 4324 1828 4363 eo
1849 4323 1994 4378 quoa

2108 4307 2134 4378 ἢ
2165 4309 2486 4378 μικρότερον
2509 4305 2645 4360 εἶναι
2665 4305 2758 4359 τοῦ
2780 4305 3135 4376 ἐλπιζομένου
3164 4305 3499 4359 πιστεύεται.
3526 4307 3691 4361 Οὕτω

429 4405 700 4466 speratur.
731 4396 823 4461 Sic
843 4411 974 4466 ergo
997 4411 1122 4450 cum
1147 4405 1292 4451 esset
1321 4397 1572 4452 columba
1610 4399 1680 4453 iis
1703 4415 1822 4468 qua:
1845 4402 1998 4470 prius

426 4497 577 4542 recte
601 4487 887 4558 gessisset,
917 4487 1279 4544 nihilominus
1307 4504 1427 4543 eam
1458 4504 1655 4545 rursus
1697 4490 1853 4560 jubet
1880 4492 1998 4547 fleri

425 4578 756 4641 columbam,
791 4593 886 4646 per
929 4577 1473 4635 transformationem
1510 4582 1566 4635 in
1613 4582 1667 4636 id
1717 4582 1867 4652 quod
1913 4591 1998 4639 est

425 4670 642 4723 melius.
675 4670 740 4723 Et
767 4669 812 4722 si
847 4669 952 4723 hoc
983 4668 1184 4723 factum
1223 4670 1412 4736 fuerit,
1453 4672 1712 4744 deinceps
1741 4674 1995 4729 ostendet

424 4760 600 4814 oratio
627 4775 725 4830 per
754 4775 952 4814 nomen
989 4760 1044 4813 id
1069 4762 1212 4830 quod
1239 4774 1320 4817 est
1351 4763 1626 4833 superius.

497 4851 638 4905 Dicit
682 4852 866 4905 enim:
917 4849 982 4904 Et
1022 4852 1122 4905 huc
1161 4853 1292 4916 veni,
1343 4855 1585 4909 columba
1637 4873 1774 4920 mea,
1821 4859 1877 4912 in
1919 4866 1994 4912 te-

421 4943 592 5010 gmine
626 4951 788 5007 petrae
825 4943 987 5009 juxta
1040 4943 1513 5012 propugnaculum.
1565 4944 1698 5009 Quis
1743 4955 1826 5001 est
1863 4962 1994 5018 ergo

423 5049 686 5087 ascensus
735 5032 801 5085 ad
855 5031 1274 5100 perfectionem,
1315 5034 1410 5103 qui
1448 5037 1789 5103 signiﬁcetur
1834 5039 1888 5092 in
1931 5041 1998 5093 iis

422 5139 542 5193 quae
597 5138 744 5177 nunc
795 5123 941 5177 dicta
987 5124 1160 5178 sunt?
1198 5121 1313 5177 Non
1360 5126 1593 5196 amplius
1641 5129 1887 5198 aspicere
1929 5129 1999 5183 ad

420 5213 666 5269 studium
696 5227 887 5268 eorum
924 5229 1046 5282 quae
1081 5212 1391 5278 attrahunt,
1431 5216 1528 5270 sed
1559 5216 1625 5270 ad
1656 5216 1710 5271 id
1741 5217 1888 5287 quod
1913 5226 1997 5273 est

419 5305 620 5360 melius
661 5305 856 5359 ducem
887 5303 1091 5358 habere
1125 5303 1405 5373 propriam
1443 5306 1822 5376 cupiditatem.
1854 5306 1993 5371 Huc,

417 5397 596 5465 inquit
640 5395 767 5467 ipsi,
817 5394 984 5450 veni:
1019 5410 1130 5450 non
1161 5411 1228 5451 ex
1263 5395 1604 5466 mgritudine,
1644 5408 1738 5452 aut
1784 5415 1852 5455 ex
1893 5414 1992 5456 ne-

418 5487 695 5555 cessitate,
746 5486 843 5543 sed
874 5487 1111 5558 propriis
1147 5486 1256 5544 tuis
1306 5487 1612 5548 rationibus
1660 5490 1997 5548 confirmans

489 5657 537 5689 ⁸⁸
582 5655 629 5712 ll
657 5659 812 5727 Cor.,
842 5673 931 5728 ιιι,
963 5661 1056 5718 18.

2101 4401 2280 4452 τοίνυν
2307 4399 2634 4470 περιστερὰν
2659 4394 2825 4452 οὖσαν
2859 4400 2917 4452 ἐν
2945 4401 3060 4460 τοῖς
3092 4399 3684 4469 προκατωρθωμένοις,

2101 4490 2252 4542 οὐδὲν
2273 4485 2433 4561 ἧττον
2458 4489 2781 4560 περιστερὰν
2816 4488 2984 4558 αὐτὴν
3016 4488 3178 4541 πάλιν
3213 4489 3300 4542 διὰ
3329 4489 3429 4559 τῆς
3461 4491 3600 4558 πρὸς
3621 4492 3690 4545 τδ

2101 4585 2347 4654 κρεῖττον
2370 4578 2846 4651 μεταμορφώσεως
2870 4580 3122 4648 γενέσθαι
3148 4579 3544 4636 διακελεύεται.
3573 4585 3689 4638 Καὶ

2102 4676 2152 4726 εἰ
2175 4673 2332 4726 τοῦτο
2353 4674 2584 4741 γένοιτο,
2603 4672 2661 4724 τὺ
2685 4671 2822 4742 ὑπὲρ
2843 4669 3002 4724 τοῦτο
3025 4671 3186 4724 πάλιν
3205 4673 3234 4726 ὁ
3257 4671 3414 4740 λόγος
3438 4673 3683 4745 καθεξῆς

2100 4767 2186 4820 διὰ
2224 4764 2316 4818 τοῦ
2346 4764 2608 4834 ὀνόματος
2638 4763 2922 4827 ὑποδείξει.

2172 4858 2332 4923 Λέγει
2366 4857 2493 4926 γάρ’
2532 4855 2714 4922 Δεῦρο
2753 4853 3012 4922 σεαυτὴ,
3052 4855 3374 4922 περιστερά
3407 4874 3560 4925 μου,
3610 4859 3684 4911 ἐν

2102 4949 2298 5016 σκέπῃ
2329 4948 2435 5015 τῆς
2464 4947 2684 5014 πέτρας
2728 4947 2982 5016 ἐχομένη
3015 4946 3120 5000 τοῦ
3159 4948 3682 5017 προτειχίσματος,

2097 5041 2194 5102 Τίς
2227 5037 2318 5092 οὖν
2345 5041 2378 5110 ἡ
2403 5040 2539 5108 πρὸς
2563 5039 2623 5091 τὸ
2648 5038 2851 5091 τέλειον
2873 5038 3082 5101 ἄνοδος,
3116 5039 3239 5108 ἥτις
3275 5042 3388 5103 τοῖς
3422 5059 3510 5092 ιυν
3536 5043 3689 5113 εἰρηο

2102 5131 2281 5201 μένοις
2309 5129 2666 5199 ἐμφαίνεται;
2693 5128 2767 5181 Τὸ
2800 5129 2996 5199 μηκέτι
3031 5129 3168 5200 πρὸς
3193 5130 3290 5200 τὴν
3314 5132 3424 5184 τῶν
3447 5133 3687 5201 ἐφελκοο

2101 5220 2277 5289 μένων
2306 5217 2523 5287 βλέπειν
2565 5217 2821 5288 σπουδὴν,
2847 5217 2961 5270 ἀλλ’
2993 5217 3184 5288 ὁδηγὸν
3215 5219 3353 5289 πρὸς
3392 5219 3454 5272 τὸ
3492 5226 3684 5291 κρεῖτ-

2096 5328 2187 5364 τον
2230 5309 2328 5381 τὴν
2374 5309 2509 5364 ίδίαν
2566 5309 2860 5380 ἐπιθυμίαν
2906 5308 3072 5381 ἔχειν.
3118 5309 3288 5382 Δεῦρο
3331 5313 3463 5383 γάρι,
3517 5317 3682 5383 φησὶ,

2102 5401 2324 5472 σεαυτὴ,
2383 5400 2458 5471 μὴ
2489 5402 2554 5453 ἐκ
2579 5399 2778 5472 λύπης,
2808 5400 2843 5472 ἢ
2877 5401 2935 5467 ἐξ
2975 5401 3239 5469 ἀνάγκης,
3283 5402 3421 5456 ἀλλά
3447 5408 3684 5478 σεαυτὴ,

2096 5495 2210 5558 τοῖς
2233 5493 2379 5558 ἰδίοις
2405 5493 2683 5564 λογισμοῖς
2705 5496 2803 5568 τὴν
2834 5491 3139 5566 προθυμίαν
3163 5493 3221 5546 ἐν
3241 5489 3321 5562 τῷ
3340 5490 3498 5563 καλῷ
3515 5494 3681 5564 ἐπιρ-
