3854 6216
250 323 364 382 877

1305 326 1372 381 ΙΝ
1411 325 1711 386 CANTICA
1768 330 2034 388 CANTIC.
2079 332 2360 391 HOMILIA
2401 335 2466 391 V.

3404 335 3513 396 878

251 440 513 510 ρὡασα,
562 440 661 494 οὐκ
717 440 962 510 ἀνάγκης
1015 440 1460 513 καθηγουμένης.
1520 443 1814 501 ΓΑδέσποτοε

1938 445 2290 515 cupiditatem
2321 447 2390 502 ad
2420 448 2473 502 id
2507 448 2652 520 quod
2682 456 2767 506 est
2789 450 3104 516 honestum,
3133 465 3243 507 non
3279 451 3512 509 ducente

249 532 363 604 γὰρ
390 534 423 602 ἡ
451 533 640 603 ἀρετὴ.
671 533 766 586 καὶ⁵
790 534 1056 597 ἑκούσιον,
1087 535 1182 587 καὶ
1204 533 1452 602 ἀνάγκης
1477 534 1658 606 πάσης
1681 534 1831 588 ἐλεύ-

249 625 429 696 θερον.
466 624 716 689 Τοιοῦτος
757 620 825 696 ἦν
863 624 1060 689 Δαϐὶδ,
1100 627 1132 678 ὁ
1176 625 1246 679 τά
1289 625 1516 680 ἑκούσια
1557 627 1693 696 μόνα
1722 626 1832 681 τῶν

247 718 386 788 παρ’
427 716 596 770 αὑτοῦ.
621 717 921 787 γινομένων
960 715 1315 788 εὐδοκηθῆναι
1341 717 1424 788 τῷ
1453 717 1571 788 Θεῷ
1599 735 1830 789 προσευ-

249 809 502 880 χόμενος,
527 809 622 862 καὶ
647 808 909 872 ἑκουσίως
941 807 1090 861 θύειν
1119 809 1613 878 ἐπαγγελλόμενος.
1644 809 1830 863 Τοιοῦ-

244 917 343 964 τος
369 900 598 964 ἕκαστος
634 899 740 954 τῶν
771 900 960 968 ἁγίων,
991 899 1180 953 ἑαυτὸν
1231 901 1310 968 τῷ
1351 900 1472 970 Θεῷ
1514 901 1823 971 προσάγων,

246 993 350 1045 οὐκ
381 991 442 1056 ἐξ
470 993 715 1062 ἀνάγκης
746 991 1032 1061 ἀγόμενος.
1069 991 1182 1044 Καὶ
1213 992 1280 1043 σὺ
1313 991 1491 1044 τοίνυν
1518 991 1691 1055 δεῖξον
1729 992 1827 1063 τὴν

244 1084 461 1138 τελείαν
483 1083 814 1137 κατάστασιν
841 1081 935 1136 τοῦ
969 1085 1168 1154 σεαυτῇ
1202 1083 1304 1152 τῆς
1337 1082 1472 1154 πρὸς
1495 1083 1554 1135 τὸ
1581 1085 1827 1154 κρεῖττον

244 1177 435 1231 ἀνόδου
469 1177 568 1246 τὴν
604 1175 900 1244 ἐπιθυμίαν
933 1174 1135 1227 λαϐεῖν.
1168 1174 1405 1244 Τοιαύτη
1446 1175 1503 1228 δὲ
1537 1176 1823 1245 γενομένη,

245 1269 434 1339 φησὶν,
464 1269 614 1339 ἥξεις
636 1268 727 1321 ἐπὶ
749 1266 846 1338 τὴν
872 1270 1080 1337 σκέπην
1109 1266 1208 1336 τῆς
1235 1267 1444 1334 πέτρας
1469 1266 1700 1338 ἐχομένη
1729 1267 1822 1320 τοῦ

243 1359 719 1431 προτειχίσματος.
751 1358 824 1411 Τὸ
842 1357 898 1411 δὲ
919 1357 1212 1426 λεγόμενον
1243 1357 1481 1410 τοιοῦτόν
1505 1357 1672 1411 ἐστιν.
1703 1356 1823 1431 Χρὴ

242 1453 353 1522 γὰρ
385 1451 739 1522 μεταϐάλλειν
759 1450 850 1504 τὸν
875 1450 1030 1518 λόγον
1051 1450 1158 1503 ἀπὸ
1188 1450 1294 1503 τῶν
1321 1450 1658 1521 αἰνιγμάτων
1687 1449 1822 1520 πρὸς

240 1546 304 1599 τὸ
329 1546 678 1616 σαφέστερον.
708 1543 824 1598 Μία
856 1543 1034 1614 σκέπη
1065 1543 1162 1614 τῆς
1195 1541 1547 1612 ἀνθρωπίνης
1576 1543 1692 1594 ἐστὶ
1720 1541 1823 1610 ψυ-

239 1636 343 1706 κῆς
364 1676 379 1694 ο
425 1635 488 1688 τὸ
539 1634 741 1705 ὑψηλὸν
779 1629 1129 1702 Εὖαγγέλιον,
1178 1633 1236 1684 ἐν
1266 1625 1310 1699 ᾧ
1339 1634 1367 1685 ὁ
1393 1632 1682 1701 γενόμενος
1720 1631 1820 1702 τῆς

239 1727 504 1792 σκιώδους
530 1725 873 1790 διδασκαλίας
914 1726 1001 1779 διὰ
1037 1725 1144 1778 τῶν
1175 1724 1419 1779 τυπικῶν
1450 1741 1511 1777 τε
1559 1724 1654 1778 καὶ
1685 1741 1820 1794 συμ-

1938 537 2286 594 necessitate.
2335 537 2566 595 Domino
2601 543 2748 597 enim
2781 551 2932 599 caret
2975 546 3172 611 virtus,
3215 551 3271 599 et
3299 552 3383 600 est
3409 559 3512 600 vo-

1938 626 2196 693 luntaria,
2227 637 2280 684 et
2316 631 2386 686 ab
2413 631 2564 686 omni
2603 637 2933 691 necessitate
2974 635 3165 692 libera.
3202 635 3354 692 Talis
3391 641 3510 694 erat

1941 718 2128 783 David,
2160 723 2255 792 qui
2283 738 2351 777 ex
2393 723 2462 780 iis
2490 739 2613 795 qua:
2641 727 2712 780 ab
2752 728 2874 798 ipso
2917 726 3058 783 facta
3087 735 3264 792 erant,
3294 743 3359 781 ea
3392 729 3511 786 sola

1934 823 2056 864 esse
2098 809 2211 867 Deo
2251 824 2404 883 grata
2444 822 2498 870 et
2565 817 2795 886 probata
2841 819 3339 885 animadvertebat,
3388 835 3510 892 qua:

1933 908 2090 954 erant
2141 903 2467 969 voluntaria,
2508 913 2563 961 et
2619 922 2680 962 se
2716 909 3025 966 voluntarie
3072 911 3509 966 sacriﬁcaturum

1933 994 2369 1061 promittebat".
2414 999 2562 1056 Talis
2601 1011 2686 1057 est
2719 1005 3100 1074 unusquisque
3146 1012 3372 1061 sanctus
3411 1007 3509 1076 qui

1932 1097 1992 1137 se
2024 1081 2137 1138 Deo
2184 1085 2364 1149 oiiert,
2410 1105 2518 1143 non
2571 1100 2730 1148 actus
2773 1096 3127 1153 necessitate.
3175 1096 3244 1154 Et
3281 1106 3339 1153 tu
3376 1115 3509 1171 ergo

1931 1174 2160 1230 ostende
2185 1175 2484 1245 perfectam
2530 1179 2586 1234 in
2622 1188 2677 1236 te
2715 1185 2995 1254 accepisse
3033 1189 3504 1254 constitutionem,

1930 1267 2286 1337 cupiditatem
2330 1285 2598 1328 ascensus
2639 1275 2708 1330 ad
2737 1275 2792 1329 id
2835 1277 2982 1346 quod
3013 1286 3098 1334 est
3123 1280 3340 1335 melius.
3366 1279 3506 1335 Cum

1929 1366 2108 1415 autem
2161 1361 2308 1424 talis,
2355 1362 2568 1434 inquit,
2626 1368 2901 1433 evaseris,
2946 1373 3131 1426 venies
3175 1371 3242 1424 ad
3291 1379 3503 1440 petram

1926 1451 2185 1522 tegminis
2223 1452 2381 1522 juxta
2426 1459 2922 1529 pr0pugnaculum.
2964 1459 3119 1526 Quod
3155 1469 3336 1518 autem
3371 1463 3506 1516 dicit

1926 1550 2011 1597 est
2042 1542 2336 1612 ejusmodi.
2373 1544 2603 1619 Oportet
2639 1551 2785 1604 enim
2827 1552 2895 1606 ab
2923 1552 3304 1624 aenigmatibus
3332 1553 3507 1609 abdu-
3537 1551 3542 1576 '

1927 1642 2071 1688 ctam
2102 1635 2407 1692 orationem
2441 1649 2682 1697 tractare
2709 1643 3026 1700 dilucidius.
3061 1645 3242 1700 Unum
3283 1653 3504 1718 tegmen

1926 1725 2184 1784 humanae
2233 1731 2430 1786 animm
2467 1741 2552 1789 est
2598 1735 2832 1792 sublime
2877 1735 3256 1808 Evangelium,
3296 1739 3352 1792 in
3391 1753 3503 1808 quo

239 1817 474 1870 ϐολικῶν
522 1818 809 1888 νοημάτων
852 1815 1036 1869 οὐκέτι
1090 1815 1445 1886 προσδέεται,
1484 1813 1814 1886 φανερούσης

1926 1831 2051 1872 cum
2081 1815 2248 1874 fuerit
2292 1822 2548 1879 umbrosa
2597 1825 2850 1881 doctrina
2883 1843 2982 1898 per
3015 1829 3228 1898 typicas
3269 1836 3322 1884 et
3351 1845 3502 1900 sym-

248 1910 338 1979 εῆς
387 1908 646 1980 ἀληθείας
693 1910 761 1962 τὰ
807 1908 1200 1980 κεκαλυμμένα
1241 1907 1348 1961 τῶν
1383 1908 1820 1978 προσταγμάτων

234 1999 557 2072 αἰνίγματα.
593 2000 805 2072 Πέτραν
831 2001 890 2054 δὲ
917 2001 1030 2072 ,τὴν
1060 2000 1418 2070 εύαγγελικὴν
1461 1999 1821 2070 ὀνομάζεσθαι

235 2092 422 2165 χάριν,
460 2091 636 2156 οὐδεὶς
661 2092 904 2146 ἀντείποι
933 2092 1042 2145 τῶν
1067 2093 1159 2146 καὶ
1193 2090 1443 2146 ὁπωσοῦν
1482 2093 1818 2162 μετεχόντων

232 2184 339 2253 τῆς
367 2183 622 2248 πίστεως
662 2183 991 2254 πολλαχόθεν
1020 2187 1129 2254 γὰρ
1163 2182 1310 2245 ἔστιν
1355 2183 1422 2237 ὲκ
1456 2183 1555 2254 τῆς
1597 2185 1822 2256 Γραφῆς

233 2274 398 2328 τοῦτο
427 2275 641 2344 μαθεῖν,
669 2275 729 2328 τὸ
755 2276 962 2346 πέτραν
987 2270 1128 2328 εἶναι
1156 2274 1510 2344 Εὐαγγέλιον.
1546 2275 1621 2328 Τὸ
1641 2276 1820 2331 τοίνυν

233 2364 529 2436 λεγόμενον
567 2366 807 2420 τοιοῦτόν
831 2368 977 2420 ἐστιν
994 2380 1010 2398 ο
1034 2368 1098 2421 Et
1126 2366 1554 2440 ὲνεγυμνάσθης,
1579 2361 1624 2421 ὦ
1650 2368 1819 2439 ψυχὴ,

233 2455 316 2529 τῷ
338 2457 510 2529 νόμῳ,
548 2459 595 2511 εί
621 2458 718 2521 τάς
745 2458 834 2514 διὰ
857 2459 968 2512 τῶν
1005 2459 1360 2530 προφητικῶν
1387 2461 1618 2530 θυρίδων
1647 2461 1820 2530 αὐγὰς

229 2553 302 2621 τῇ
333 2550 542 2622 διανοίᾳ
563 2550 835 2613 τεθέασαι,
870 2554 1068 2624 μηκέτ.
1095 2552 1201 2606 ὑπὸ
1219 2553 1318 2624 τὴν
1339 2553 1432 2606 τοῦ
1457 2554 1682 2624 νομικοῦ
1713 2554 1821 2607 τοί-

232 2660 334 2712 χου
371 2643 529 2697 σκιὰν
559 2643 708 2713 μένε.
752 2644 919 2697 Σκιάν
944 2660 1053 2717 γαρ
1086 2646 1115 2698 ὁ
1153 2647 1332 2716 τοῖχος
1363 2646 1507 2698 ποιεῖ
1542 2644 1649 2698 τῶν
1691 2645 1820 2715 μελ-

233 2735 436 2789 λόντων
467 2735 706 2804 ἀγαθῶν,
739 2737 841 2790 οὐκ
865 2737 1033 2807 αὐτὴν
1075 2737 1173 2809 τὴν
1208 2738 1389 2790 εἰκόνα
1414 2737 1523 2795 τῶν
1561 2737 1820 2809 πραγμά-

231 2845 362 2881 των·
390 2828 504 2882 ἀλλ’
535 2830 626 2882 ἐπὶ
667 2828 766 2900 τὴν
804 2829 1010 2898 πέτραν
1057 2832 1121 2883 ὲκ
1161 2829 1255 2883 τοῦ
1287 2829 1552 2899 σύνεγγυς
1589 2832 1696 2886 ἀπὸ
1723 2830 1818 2886 τοῦ

231 2918 416 2988 τοίχου
454 2919 739 2990 μετάϐηθι.
778 2921 999 2992 Ἐχεται
1041 2921 1150 2992 γὰρ
1181 2922 1213 2992 ἡ
1259 2921 1434 2992 πέτρα
1464 2921 1556 2975 τοῦ
1602 2933 1820 2996 προτει-

230 3011 515 3082 χίσματος·
551 3011 738 3083 ἐπειδὴ
778 3013 877 3082 τῆς
912 3012 1275 3084 εύαγγελικῆς
1303 3013 1540 3078 πίστεως
1582 3017 1611 3068 ὀ
1643 3017 1814 3086 νόμος

231 3102 593 3174 προτείχισμα
625 3104 834 3172 γέγονε·
862 3104 958 3156 καὶ
987 3104 1167 3174 ἔχεται
1193 3104 1438 3176 ἀλλήλων
1456 3106 1524 3158 τὰ
1545 3106 1810 3177 δόγματα,

229 3194 545 3262 γειτνιῶντα
569 3195 710 3248 κατά
738 3195 836 3265 τὴν
861 3195 1106 3265 δύναμιν.
1137 3196 1202 3249 Τί
1236 3197 1344 3267 γὰρ
1384 3197 1684 3269 ἐγγύτερον
1713 3200 1808 3254 τοῦ

229 3286 327 3354 Μὴ
344 3287 683 3356 μοιχεῦσαι,
713 3286 776 3341 τὸ
805 3287 878 3358 μὴ
925 3287 1362 3357 Ἐπιθυμῆσαι;
1391 3290 1487 3343 καὶ
1517 3291 1610 3343 τοῦ
1647 3292 1814 3347 καθα-

231 3396 414 3449 ρεύειν
445 3380 553 3433 ἀπὸ
572 3379 757 3448 φόνου,
787 3380 867 3443 τὸ,
895 3381 1029 3451 μηδὲ
1057 3382 1194 3452 ὀργῇ
1215 3381 1314 3452 τὴν
1338 3383 1563 3455 καρδίαν
1599 3384 1814 3453 μολύνε-

227 3470 382 3537 τθαις
419 3466 673 3525 Ἐπειῶν
691 3469 871 3540 ἔχεται
888 3469 980 3524 τοῦ
997 3471 1502 3543 προτειχίσματοςή
1524 3475 1699 3544 σκέπη
1716 3477 1813 3546 τῆς

228 3563 456 3633 πέτρας,
489 3562 807 3626 ἀδιάστατός
837 3562 953 3615 ἐστί
981 3579 1064 3616 σοι
1091 3563 1125 3633 ἡ
1147 3563 1255 3617 ἀπὸ
1272 3563 1368 3617 τοῦ
1387 3565 1568 3634 τοίχου
1599 3566 1690 3618 ἐπὶ
1713 3567 1813 3638 τὴν

228 3653 440 3724 πέτραν
475 3653 824 3722 μετάστασις.
860 3655 1140 3726 Περιτομὴ
1173 3655 1233 3707 ὲν
1265 3655 1344 3726 τῷ
1380 3657 1567 3727 τοίχω,
1598 3659 1692 3712 καὶ
1715 3677 1812 3712 πε-

232 3745 429 3818 ριτομὴ
459 3747 517 3800 ὲν
544 3749 608 3818 τῇ
639 3748 816 3818 πέτρᾳ
835 3787 850 3810 ,
884 3746 1156 3817 πρόϐατον
1201 3748 1296 3800 καὶ
1328 3748 1621 3819 πρόϐατον.
1674 3745 1811 3820 αἷμα

226 3833 526 3908 καὶάἷμα,
566 3839 752 3908 πάσχα
789 3838 883 3893 καὶ⁹
916 3839 1130 3913 πάσχα,
1156 3838 1250 3892 καὶ
1300 3840 1476 3893 πάντα
1517 3842 1703 3911 σχεδὸν
1736 3843 1808 3896 τὰ

226 3930 389 3989 αὐτὰ.
409 3931 502 3983 καὶ
517 3929 604 3983 διὰ
629 3929 738 3982 τῶν
761 3928 945 3981 αὐτῶν
972 3928 1216 3998 ἀλλήλων
1240 3929 1494 3998 ἐχόμενα,
1524 3930 1663 4000 πλὴν
1689 3933 1810 3986 ὅσον

227 4022 575 4092 πνευματικὴ
612 4023 709 4092 μὲν
739 4023 772 4092 ἡ
800 4021 974 4091 πέτρα
997 4061 1009 4082 ,
1039 4021 1221 4089 χοῖκὸς
1245 4020 1290 4072 δ’
1324 4021 1353 4071 ὁ
1377 4022 1574 4090 τοῖχος,
1614 4014 1659 4088 ᾧ
1685 4038 1811 4074 συν-

225 4111 640 4166 αναπέπλασται
677 4110 741 4161 τὸ
779 4108 1092 4177 σωματικὸν
1127 4107 1346 4174 γεῶδες.
1412 4108 1474 4159 Ἥ
1504 4107 1548 4159 δ’
1577 4107 1808 4174 εὐαγγε-

226 4202 352 4272 λικὴ
383 4202 555 4272 πέτρα
576 4241 589 4263 ,
619 4201 710 4253 τὸν
737 4197 990 4269 σαρκώδη
1040 4198 1149 4250 τῶν
1175 4197 1460 4268 νοημάτων
1505 4197 1674 4266 πηλὸν
1711 4198 1810 4250 οὐκ

227 4295 362 4363 ἔχει.
403 4293 563 4346 Ἀλλὰ
587 4293 681 4345 καὶ
713 4291 1010 4360 περιτομὴν
1033 4289 1300 4358 λαμϐάνει
1324 4292 1352 4342 ὁ
1380 4288 1683 4362 ἄνθρωπος,
1716 4291 1808 4341 καὶ

226 4388 349 4449 ὅλος
383 4384 540 4454 ὑγιὴς
582 4384 752 4455 μένει,
791 4382 1059 4453 μηδεμιᾶς
1088 4380 1269 4450 λώϐης
1308 4379 1806 4450 ἀκροτηριαζούσης

1921 1907 2130 1964 bolicas
2185 1911 2609 1983 intelligentias,
2672 1932 2779 1971 non
2842 1917 3080 1989 amplius
3141 1933 3278 1989 opus
3337 1919 3501 1974 habet

1919 2003 2172 2068 veritate,
2233 2019 2356 2074 quae
2413 2005 2622 2075 aperiat
2675 2018 2866 2077 operta
2915 2017 3311 2079 praeceptorum
3366 2009 3499 2063 aani‘

1920 2103 2122 2164 gmata.
2163 2094 2382 2152 Petram
2423 2105 2606 2154 autem
2641 2099 2872 2170 gratiam
2918 2099 3190 2155 nominari
3222 2101 3500 2170 evangelia

1919 2199 2061 2248 cam,
2098 2201 2260 2242 nemo
2302 2189 2700 2245 contradixerit
2733 2206 2800 2246 ex
2836 2189 2906 2245 iis
2935 2191 3029 2262 qui
3066 2198 3196 2247 sunt
3219 2199 3500 2261 utcunque

1921 2275 2045 2332 ﬁdei
2097 2277 2398 2349 participes
2432 2295 2538 2336 εει
2593 2281 2779 2336 multis
2823 2281 2971 2337 enim
3014 2282 3151 2338 locis
3199 2279 3497 2352 Scriptura:

1919 2368 2028 2424 dici
2078 2378 2258 2439 potest
2299 2379 2512 2441 petram
2563 2389 2688 2429 esse
2739 2373 3114 2447 Evangelium.
3162 2374 3318 2440 Quod
3365 2387 3497 2444 ergo

1918 2461 2120 2518 dicitur
2164 2473 2247 2520 est
2288 2465 2594 2534 ejusmodi:
2629 2464 2688 2521 Si
2734 2467 2788 2521 in
2825 2468 2946 2539 lege
2986 2467 3138 2525 fuisti
3171 2467 3493 2532 exercitata,

1918 2568 1952 2607 ο
1981 2557 2186 2621 anima,
2227 2563 2282 2610 et
2324 2571 2421 2626 per
2462 2556 2735 2619 fenestras
2783 2561 3138 2630 propheticas
3176 2559 3498 2628 splendore!

1918 2656 2103 2699 mente
2141 2647 2428 2715 aspexisti,
2475 2663 2544 2702 ne
2595 2662 2822 2705 maneas
2869 2650 3106 2720 amplius
3150 2649 3254 2705 sub
3297 2649 3496 2708 umbra

1916 2734 2066 2789 muri
2092 2735 2314 2806 legalis;
2353 2752 2544 2793 murus
2567 2739 2713 2795 enim
2736 2739 2870 2796 facit
2905 2742 3154 2798 umbram
3182 2741 3495 2798 futurorum

1916 2825 2208 2892 bonorum,
2247 2843 2357 2882 non
2397 2829 2571 2899 ipsam
2601 2845 2785 2886 rerum
2828 2833 3119 2906 imaginem
3149 2853 3164 2890 :
3201 2834 3295 2891 sed
3326 2850 3392 2890 ex
3425 2849 3498 2890 eo

1916 2917 2065 2986 quod
2112 2928 2198 2973 est
2235 2933 2404 2990 prope
2459 2937 2677 2977 murum
2724 2925 2896 2980 transi
2940 2926 3008 2981 ad
3050 2935 3282 2996 petram.
3328 2925 3496 2982 Petra

1915 3009 2061 3062 enim
2095 3017 2180 3065 est
2208 3011 2516 3083 propinqua
2544 3018 2956 3086 propugnaculo
2994 3032 3091 3073 seu
3120 3019 3446 3075 antemurali
3473 3036 3491 3075 ς

1913 3102 2360 3173 quandoquidem
2402 3105 2488 3160 lex
2521 3103 2625 3162 fuit
2672 3112 3142 3179 propugnaculum
3192 3127 3290 3167 seu
3334 3122 3494 3168 ante-

1914 3193 2124 3249 murale
2155 3193 2278 3250 ﬁdei
2320 3198 2649 3268 evangelicae
2669 3217 2686 3252 τ
2714 3208 2769 3254 et
2810 3201 2916 3256 sibi
2943 3202 3087 3258 inter
3115 3219 3176 3260 se
3210 3205 3494 3262 cohaerent

1913 3284 2191 3356 dogmata,
2248 3296 2309 3341 ut
2355 3303 2477 3360 quae
2525 3289 2729 3346 virtute
2781 3300 2912 3347 sunt
2952 3293 3280 3365 propinqua.
3343 3295 3492 3362 Quid

1911 3376 2056 3431 enim
2104 3386 2397 3450 prmeepto,
2431 3379 2557 3434 Non
2592 3382 2956 3448 maechaberis,
2991 3395 3074 3438 est
3105 3387 3488 3457 propinquius,

1915 3466 2041 3523 Non
2076 3471 2455 3539 concupisces?
2483 3479 2538 3527 et
2566 3481 2859 3544 praecepto,
2888 3475 3032 3545 quod
3061 3475 3218 3544 jubet
3249 3492 3309 3533 se
3340 3479 3492 3533 cado

1913 3577 2021 3618 non
2066 3565 2464 3629 contaminare,
2507 3581 2694 3642 quam,
2719 3581 2790 3622 ne
2837 3568 2918 3622 ira
2963 3569 3184 3639 quidem
3217 3586 3312 3625 cor
3360 3570 3488 3626 inﬂ-

1912 3657 2075 3712 cere?
2097 3656 2366 3723 Quoniam
2399 3673 2530 3728 ergo
2559 3658 2798 3715 cohaeret
2830 3662 3243 3731 propugnaculo
3273 3670 3490 3733 tegmen

1912 3757 2099 3820 petrae,
2128 3757 2212 3805 est
2237 3749 2339 3804 tibi
2374 3749 2714 3806 indubitatus
2743 3750 3013 3807 transitus
3043 3766 3074 3806 a
3111 3767 3272 3806 muro
3296 3752 3363 3807 ad
3393 3767 3490 3822 pe-

1911 3851 2073 3898 tram.
2109 3841 2471 3897 Circumcisio
2496 3849 2581 3897 est
2616 3842 2671 3896 in
2697 3857 2880 3905 muro,
2924 3853 2980 3897 et
3007 3843 3364 3898 circumcisio
3399 3851 3488 3898 est

1910 3935 1966 3986 in
2008 3941 2184 4002 petra,
2214 3934 2335 3989 ovis
2369 3940 2425 3989 et
2462 3935 2604 3999 ovis,
2644 3933 2873 4004 sanguis
2901 3942 2957 3989 et
2991 3934 3238 4005 sanguis,
3276 3935 3487 4004 pascha

1909 4033 1964 4079 et
1998 4025 2223 4094 pascha,
2255 4032 2311 4079 et
2354 4025 2543 4079 eadem
2582 4025 2697 4080 fere
2734 4025 2942 4089 omnia,
2981 4025 3086 4080 sibi
3120 4025 3353 4082 invicem
3387 4041 3486 4082 eoa

1910 4117 2196 4181 haerentia,
2240 4118 2347 4172 nisi
2377 4117 2524 4187 quod
2569 4125 2726 4187 petra
2777 4118 2997 4188 quidem
3030 4126 3114 4174 est
3157 4119 3486 4189 spiritualis,

1911 4224 2103 4264 murus
2130 4216 2310 4262 autem
2350 4216 2436 4263 est
2475 4217 2753 4269 terrenus,
2785 4207 2931 4278 quod
2970 4207 3135 4263 simul
3187 4223 3313 4262 cum
3356 4223 3485 4263 cor-

1909 4302 2082 4371 porali
2112 4309 2389 4356 terrenum
2435 4315 2654 4370 quoque
2689 4307 2775 4354 est
2804 4298 3058 4354 eﬂictum.
3102 4299 3260 4354 Petra
3299 4307 3484 4356 autem

1907 4392 2224 4463 evangelica
2253 4405 2362 4446 non
2401 4391 2564 4445 habet
2595 4390 2817 4445 carnale
2854 4392 3028 4444 lutum
3063 4390 3481 4445 sententiarum.

226 4479 288 4532 τὺ
324 4478 547 4546 πλάσμα
574 4477 674 4545 τῆς
701 4474 935 4542 φύσεως.
967 4474 1080 4527 Καὶ
1103 4472 1366 4541 φυλάσσει
1395 4473 1452 4524 ὲν
1477 4473 1544 4540 τῇ
1574 4470 1682 4522 τῶν
1711 4487 1804 4524 κα-

1916 4483 2214 4550 Quinetiam
2264 4482 2463 4552 accipit
2503 4482 2669 4536 homo
2703 4480 3202 4545 circumcisionem,
3238 4491 3293 4534 et
3333 4488 3484 4559 totus

225 4572 340 4625 κῶν
380 4569 621 4640 ἀπραξίᾳ
663 4568 725 4620 τὸ
763 4564 1060 4627 Σάϐϐατον,
1102 4565 1196 4616 καὶ
1240 4561 1338 4632 τὴν
1372 4561 1504 4632 πρὸς
1543 4561 1604 4613 τὸ
1641 4561 1804 4637 καλδν

224 4663 420 4735 ἀργίαν
441 4660 503 4714 οὐ
528 4659 914 4730 παραδέχεται,
936 4655 1121 4726 μαθὼν
1146 4655 1226 4708 ὅτι
1248 4653 1422 4718 ἔξεστι
1444 4653 1521 4723 τῷ
1544 4653 1804 4722 Σαϐϐάτῳ

225 4757 390 4812 καλὸν
417 4756 614 4817 ποιεῖν,
646 4753 740 4806 καὶ
767 4751 1075 4818 ἀδιάκριτον
1100 4750 1331 4801 ποιεῖται
1353 4746 1451 4815 τῆς
1475 4745 1678 4815 τροφῆς
1708 4743 1804 4812 τὴν

231 4846 541 4919 μετουσίαν,
590 4845 686 4898 κα)⁸
722 4842 1031 4912 ἀκαθάρτου
1063 4840 1160 4908 οὐχ
1206 4838 1456 4892 ἅπτεται.
1495 4837 1662 4891 Οὐδὲν
1697 4835 1805 4904 γάρ

226 4940 335 4995 τῶν
354 4939 748 5009 είσερχομένων
769 4935 857 4988 διά
879 4933 973 4986 τοῦ
1002 4933 1264 5002 στόματος
1287 4929 1462 4984 κοινὸν
1487 4925 1621 4981 εἶναι
1652 4929 1804 4998 παρὰ

225 5031 325 5100 τῆς
353 5031 557 5100 πέτρας
584 5023 932 5082 παιδεύεται·
965 5025 1102 5079 ἀλλά
1131 5024 1218 5077 διὰ
1242 5025 1458 5076 πάντων
1486 5021 1586 5086 τὰς
1617 5039 1806 5092 σωμα-

226 5119 385 5183 τικάς
414 5117 508 5171 τοῦ
545 5118 712 5188 νόμου
757 5116 1170 5187 παρατηρήσεις
1196 5112 1507 5184 ἀποθεμένη
1527 5153 1540 5176 ,
1574 5113 1708 5183 πρὸς
1745 5114 1806 5167 τὸ

229 5210 598 5282 πνευματικόν
622 5228 682 5263 τε
711 5210 806 5264 καὶ
837 5208 1024 5279 νοητὸν
1058 5206 1462 5277 μεταλαμϐάνει
1490 5205 1598 5258 τῶν
1629 5209 1693 5277 ρη
1705 5205 1806 5276 μά-

227 5322 334 5357 των
371 5305 489 5373 τὴν·
519 5303 776 5362 διάνοιαν,
819 5300 993 5363 οὕτως
1027 5300 1271 5361 εἰπόντος
1299 5298 1394 5351 τοῦ
1426 5295 1665 5361 Παύλου,
1719 5298 1800 5351 ὅτι

241 5395 304 5448 '0
330 5396 514 5465 νόμος
554 5394 953 5463 πνευματικός
974 5391 1165 5444 ἐστιν.
1215 5392 1272 5443 '0
1301 5389 1409 5458 γὰρ
1439 5389 1605 5452 ὅντως
1631 5387 1798 5442 ἐκϐα-

229 5487 336 5543 λὼν
368 5487 458 5541 τὸν
482 5487 664 5558 νόμον,
700 5485 808 5539 ὑπὸ
834 5484 932 5553 τὴν
963 5483 1171 5553 σκέπην
1202 5481 1303 5550 τῆς
1335 5479 1692 5548 εὐαγγελικῆς
1719 5481 1802 5547 γί-

230 5597 380 5633 νεται
405 5580 643 5652 πέτρας,
671 5579 770 5650 τὴν
801 5577 1068 5649 ἐχομένην
1097 5573 1190 5629 τοῦ
1241 5570 1550 5643 σωματικοῦ
1585 5588 1804 5642 προτειο

230 5671 518 5745 χίσματος.

1906 4590 2076 4632 sanus
2102 4583 2406 4643 permanet,
2435 4573 2691 4643 tigmento
2712 4581 2921 4626 naturae
2946 4571 3153 4625 nullam
3176 4571 3485 4640 accipiente

1907 4666 2331 4722 mutilationem.
2375 4662 2644 4719 Observat
2683 4679 2905 4734 quoque
2933 4661 3232 4717 Sabbatum
3263 4677 3294 4716 a
3320 4663 3484 4718 malis

1904 4756 2252 4820 cessatione,
2317 4766 2372 4810 et
2435 4770 2542 4809 non
2619 4755 2861 4810 admittit
2922 4754 3164 4824 quietem
3219 4768 3252 4806 a
3296 4754 3479 4821 bonis,

1906 4863 2032 4902 cum
2075 4847 2329 4902 didicerit
2359 4847 2504 4915 quod
2548 4847 2790 4902 Sabbato
2843 4847 2970 4901 licet
3020 4845 3223 4900 bonum
3274 4843 3481 4898 facere.

1905 4936 2059 4995 Facit
2097 4940 2260 4995 etiam
2310 4941 2682 4995 indistinctam
2715 4939 2826 4994 cibi
2880 4937 3381 5008 participationem.
3421 4941 3485 4989 et

1901 5029 2244 5084 immundum
2309 5045 2420 5084 non
2472 5029 2667 5100 tangit.
2719 5027 2892 5083 Docet
2928 5029 3075 5083 enim
3127 5037 3281 5096 petra
3338 5027 3481 5081 nihil

1874 5133 2024 5174 'esse
2055 5117 2397 5172 immundum
2427 5133 2494 5173 ex
2529 5119 2596 5174 iis
2619 5134 2740 5189 quae
2767 5134 2864 5189 per
2891 5131 2955 5172 os
2983 5116 3366 5188 ingrediuntur
3386 5113 3436 5149 ’δ’
3459 5132 3475 5170 :

1903 5211 1998 5266 sed
2025 5209 2406 5278 corporalibus
2441 5211 2665 5265 omnino
2707 5209 2928 5279 rejectis
2971 5208 3474 5270 observationibus,

1904 5302 2147 5357 traducit
2177 5301 2472 5356 verborum
2524 5302 2851 5357 sententiam
2885 5301 2951 5354 ad
3005 5300 3058 5354 id
3098 5299 3244 5370 quod
3283 5309 3367 5354 est
3401 5299 3478 5352 in-

1905 5411 2251 5466 corporeum,
2299 5403 2354 5450 et
2384 5396 2529 5462 quod
2563 5397 2710 5451 cadit
2757 5395 2862 5450 sub
2902 5395 3344 5464 intelligentiam,
3388 5393 3477 5450 sic

1905 5485 2122 5541 dicente
2154 5484 2345 5549 Baulo,
2375 5485 2486 5540 Lex
2515 5495 2593 5540 est
2632 5485 2928 5554 spiritualis
2949 5485 3015 5538 '9.
3051 5481 3185 5537 Nam
3219 5483 3311 5553 qui
3344 5495 3478 5538 vere

1913 5577 2083 5646 legem
2108 5576 2288 5646 ejecit,
2321 5575 2370 5633 is
2409 5577 2511 5632 sub
2539 5587 2752 5649 tegmen
2779 5586 2948 5650 petrae
2970 5575 3297 5647 evangelicae
3329 5574 3475 5629 reci-

1914 5666 2082 5736 pitur,
2131 5681 2253 5737 quae
2303 5675 2388 5724 est
2421 5668 2670 5739 proxima
2725 5667 2998 5741 corporali
3035 5661 3497 5756 propugnaculi».

304 5784 348 5817 ’⁷
389 5773 532 5839 Psal-
592 5801 680 5854 ιγ,
733 5785 787 5857 8.
860 5784 909 5820 “
971 5780 1165 5839 Matth.
1218 5796 1307 5847 xv,
1365 5779 1455 5836 ‘18.
1533 5777 1578 5812 "
1639 5776 1795 5835 Rom.

1917 5794 1953 5847 I,
1991 5777 2074 5834 14.
