3854 6216
359 363 463 422 879

1606 344 1662 400 S.
1695 334 2018 396 GREGORII
2050 335 2344 393 NYSSENI

3507 329 3619 385 880

433 479 565 534 Cum
598 472 841 530 Verbum
873 473 953 530 sic
977 471 1028 527 ei
1066 471 1358 527 clamasset
1380 481 1478 538 per
1500 464 1789 524 fenestras,
1815 457 1937 529 pul-

2111 457 2294 511 Ταῦτα
2317 455 2412 510 τοῦ
2442 455 2616 525 Λόγου
2641 456 2729 510 διὰ
2754 455 2862 509 τῶν
2892 454 3119 523 θυρίδων
3149 453 3285 522 αὐτῇ
3309 449 3619 520 ἐμϐοήσαν-

362 573 494 630 chre
522 567 820 638 respondet
847 565 1125 630 columba,
1161 560 1468 616 illuminata
1516 554 1812 626 splendore
1849 553 1932 605 in-

364 660 811 732 telligentiarum,
855 666 909 712 et
939 665 1145 726 petram
1175 652 1484 722 intelligens
1523 663 1645 719 quae
1678 653 1764 701 est
1788 643 1939 698 Chri-

365 763 506 811 stus.
534 752 675 806 Dicit
725 749 869 805 enim
897 767 920 808 ,:
961 745 1189 801 Ostende
1235 744 1363 796 mihi
1406 741 1596 810 faciem
1653 748 1820 802 tuam,
1887 742 1938 789 et

367 845 454 914 [ac
484 859 565 897 me
600 842 786 896 audire
816 855 989 893 vocem
1013 847 1180 890 tuam.
1221 835 1332 890 Vox
1358 835 1498 887 enim
1529 843 1620 885 tua
1643 840 1720 885 est
1743 828 1936 893 dulcis,

365 946 415 993 et
455 937 618 1006 facies
670 944 761 987 tua
796 932 1011 986 decora.
1060 928 1217 996 Quod
1258 935 1439 981 autem
1487 925 1621 980 dicit
1661 930 1745 977 est
1790 920 1939 990 ejus-

364 1031 514 1086 modi
545 1047 559 1084 :
589 1027 709 1082 Non
762 1025 997 1095 amplius
1038 1023 1169 1077 mihi
1217 1023 1436 1090 loquere
1479 1033 1574 1089 per
1621 1028 1934 1072 sermonem

364 1123 818 1178 documentorum
853 1117 1296 1189 propheticorum
1331 1121 1386 1167 et
1427 1111 1709 1182 legalium,
1748 1107 1844 1163 sed
1880 1115 1941 1159 ut

364 1229 592 1286 possum
635 1212 842 1272 videre,
883 1211 957 1263 ita
996 1208 1230 1277 teipsum
1271 1205 1403 1258 mihi
1454 1209 1642 1272 aperte
1689 1197 1940 1263 ostende,

364 1318 425 1361 ut
457 1307 559 1362 sim
596 1305 738 1359 intra
770 1312 975 1374 petram
1019 1299 1410 1370 evangelicam,
1446 1297 1640 1351 relicto
1683 1294 1817 1363 legis
1845 1307 1941 1346 an-

365 1399 640 1462 temurali,
674 1405 791 1463 aut,
825 1403 883 1450 ut
921 1410 1053 1449 mea:
1084 1392 1309 1462 capiunt
1349 1403 1532 1449 aures.
1577 1388 1650 1440 ita
1678 1384 1940 1449 concede,

368 1501 428 1544 ut
479 1505 586 1544 vox
637 1496 730 1542 tua
782 1487 919 1543 meis
966 1487 1192 1539 auribus
1250 1485 1486 1538 insonet.
1544 1477 1600 1532 Si
1645 1477 1790 1531 enim
1837 1491 1943 1529 vox

365 1595 488 1650 qua:
519 1577 788 1632 emittitur
815 1590 910 1646 per
942 1573 1214 1630 fenestras
1249 1578 1333 1624 est
1369 1569 1504 1622 adeo
1532 1567 1733 1631 dulcis,
1771 1565 1945 1618 multo

367 1672 542 1742 magis
581 1681 672 1724 tua
727 1670 780 1723 in
833 1678 1131 1737 conspectu
1181 1664 1472 1735 praesentia
1523 1662 1626 1716 erit
1665 1657 1940 1714 amabilis.

368 1762 493 1817 Haec
543 1762 678 1816 dicit
731 1774 954 1830 sponsa,
1027 1772 1150 1811 cum
1210 1754 1568 1810 intellexisset
1619 1751 1942 1823 mysterium

369 1854 515 1924 quod
547 1860 630 1908 est
659 1853 712 1906 in
749 1816 898 1921 petra
927 1816 1260 1920 evangelica,
1297 1847 1364 1902 ad
1399 1847 1542 1917 quod
1574 1816 1692 1900 eam
1721 1843 1946 1898 deduxit
1977 1816 2020 1872 Β

375 1943 635 2006 Verbum,
663 1941 808 2012 quod
852 1940 1205 1995 multifariam
1239 1940 1537 2008 multisque
1564 1935 1746 1991 modis
1776 1933 1949 1989 exsti-

372 2037 437 2092 tit
475 2037 532 2091 in
564 2034 856 2098 fenestris;
887 2045 940 2089 ct
972 2041 1186 2096 tenetur
1213 2031 1486 2086 desiderio
1521 2029 1644 2098 ejus
1681 2026 1949 2081 adventus

372 2131 430 2185 in
469 2137 656 2192 carne,
697 2143 894 2198 nempe
923 2135 982 2180 ut
1021 2125 1256 2181 Verbum
1306 2124 1398 2178 flat
1428 2139 1581 2185 caro,
1627 2128 1682 2176 et
1710 2119 1854 2174 Deus
1895 2118 1950 2171 in

373 2236 541 2277 carne
588 2229 868 2291 appareat,
907 2226 960 2274 et
998 2217 1212 2272 divinas
1254 2232 1417 2271 voces
1470 2213 1679 2270 nostris
1725 2211 1952 2265 auribus

373 2311 665 2375 exhibeat,
725 2327 846 2380 quae
907 2309 1090 2380 dignis
1148 2309 1476 2378 promittunt
1529 2303 1950 2360 beatitudinem.

373 2401 542 2458 Vides
584 2401 1045 2472 quemadmodum
1076 2410 1203 2453 voto
1243 2415 1460 2469 sponsae
1492 2397 1830 2452 conveniunt
1856 2411 1954 2450 vo-

375 2509 467 2548 ces
500 2493 805 2555 Simeonis,
840 2491 996 2546 Nunc
1025 2492 1249 2546 dimittis
1278 2508 1483 2546 servant
1512 2503 1682 2555 tuum,
1708 2489 1950 2551 Domine,

375 2585 662 2639 secundum
724 2584 933 2638 verbum
995 2592 1140 2636 tuum
1203 2585 1256 2637 in
1308 2601 1455 2651 pace.
1517 2584 1657 2650 Quia
1711 2582 1955 2636 viderunt

377 2679 518 2733 oculi
564 2678 664 2731 mei
709 2679 948 2731 salutare
1004 2686 1150 2728 tuum
1179 2676 1218 2727 ί.
1260 2676 1355 2730 Ille
1399 2677 1543 2730 enim
1585 2675 1720 2728 vidit
1749 2675 1952 2745 ipsum,

377 2779 440 2826 ut
473 2770 806 2826 desideravit
851 2769 1058 2825 videre.
1112 2768 1331 2823 Dulcem
1383 2778 1564 2822 autem
1612 2767 1733 2836 ejus
1764 2783 1954 2822 vocem

379 2868 707 2931 agnoscunt,
741 2860 832 2930 qui
880 2869 1212 2930 acceperunt
1242 2859 1472 2927 gratiam
1525 2859 1826 2930 Evangelii,
1861 2861 1958 2928 qui

379 2955 657 3014 dixerunt.
711 2954 881 3008 Verba
915 2954 1034 3008 vita:
1069 2965 1280 3009 retenta:
1315 2953 1472 3006 habes
1491 2953 1532 3006 '.

453 3223 750 3293 Propterea
794 3221 1003 3291 justum
1037 3235 1252 3290 sponsa
1282 3228 1464 3273 votum
1498 3219 1730 3288 suscipit
1786 3234 1956 3287 purus

384 3331 646 3387 sponsus,
697 3321 751 3369 et
802 3313 1047 3383 seipsum
1082 3319 1268 3382 aperte
1306 3320 1658 3374 ostensurus,
1715 3311 1958 3382 primum

383 3409 577 3464 incitat
603 3415 894 3462 venatores
943 3406 1011 3460 ad
1044 3404 1320 3460 venandas
1351 3405 1564 3473 vulpes,
1610 3419 1680 3458 ne
1728 3404 1962 3471 amplius

386 3501 456 3556 ab
481 3501 562 3556 eis
591 3499 920 3568 impediatur
937 3499 1115 3560 vinea,
1148 3513 1259 3567 quo
1279 3496 1460 3550 minus
1485 3495 1698 3557 floreat,
1729 3493 1919 3550 dicens
1944 3511 1958 3547 :

386 3591 576 3660 Capite
599 3590 749 3645 nobis
786 3590 982 3658 vulpes,
1014 3605 1131 3658 quae
1166 3597 1286 3642 sunt
1309 3587 1514 3656 quidem
1549 3602 1744 3655 parum,
1779 3585 1962 3639 demo-

389 3683 592 3734 tiuntur
643 3687 817 3733 autem
854 3680 1051 3734 vineas.
1096 3678 1393 3732 Florebunt
1435 3677 1580 3731 enim
1614 3677 1805 3741 vinea},
1835 3677 1879 3728 si
1901 3691 1965 3730 ea

388 3772 676 3836 tollantur,
715 3787 744 3825 a
769 3772 970 3841 quibus
1007 3778 1317 3826 vastantur.
1375 3769 1560 3838 Capite
1594 3769 1742 3823 nobis
1786 3767 1966 3836 vulpes

387 3878 608 3933 paruas,
633 3878 750 3931 quae
775 3861 1133 3915 demoliuntur
1164 3862 1362 3914 vineas.
1394 3859 1614 3912 Florent
1643 3859 1778 3912 enim
1808 3859 1970 3911 vinea!

390 3964 608 4010 uostrte.
646 3953 862 4008 Fierine
888 3961 1070 4023 potest
1097 3960 1156 4006 ut
1195 3968 1293 4023 pro
1315 3953 1580 4021 dignitate
1609 3965 1970 4020 assequamur

391 4047 734 4116 maiestatem
758 4045 1177 4109 sententiarum,
1213 4052 1268 4098 et
1318 4043 1519 4098 divinae
1574 4043 1970 4112 magnitudinis

391 4137 720 4194 miraculum
754 4137 904 4207 quod
945 4138 1192 4192 continet
1222 4137 1420 4201 oratio,
1447 4144 1502 4190 et
1535 4144 1797 4205 quantam
1833 4135 1973 4189 divi-

391 4247 477 4286 na:
524 4231 746 4285 virtutis
781 4231 1157 4284 excellentiam
1212 4230 1482 4300 significat
1544 4245 1741 4285 sensus
1781 4244 1970 4284 eorum

391 4341 515 4398 quat
551 4326 697 4381 dicta
729 4335 896 4390 sunt?
928 4340 1123 4395 nempe
1143 4325 1596 4395 quemadmodum
1622 4326 1711 4380 ille
1761 4326 1828 4380 de
1863 4343 1975 4396 quo

394 4416 510 4472 haec
545 4417 825 4481 dicuntur,
858 4415 1149 4478 homicida,
1179 4417 1268 4485 qui
1305 4429 1496 4485 p0tens
1522 4425 1606 4471 est
1647 4417 1702 4469 in
1743 4417 1971 4483 malitia,

2037 565 2162 613 τος,
2192 547 2375 612 καλῶς
2420 549 2778 621 ἀποκρίνεται
2825 549 2858 619 ἡ
2903 546 3220 617 περιστερὰ,
3270 546 3302 614 ή
3343 543 3620 612 περιλαμ-

2039 639 2233 710 φθεῖσα
2264 640 2352 694 διὰ
2373 641 2472 711 τῆς
2495 641 2604 693 τῶν
2631 639 2920 710 νοημάτων
2948 638 3137 708 αὐγῆς,
3164 637 3259 689 καὶ
3290 635 3387 703 τὴν
3410 633 3624 702 πέτραν

2041 735 2300 804 νοήσασα,
2321 735 2442 804 ἥτις
2465 731 2664 787 ἐστὶνὸ
2682 732 2933 802 Χριστός.
2961 730 3121 797 Λέγει
3147 725 3381 798 γὰρ,ὃτι
3407 727 3624 790 Δεῖξιὶν

2035 844 2135 896 μοι
2163 825 2278 894 τὴν
2309 827 2452 896 ὄψιν
2483 826 2619 888 σοῦ,
2656 825 2752 878 καί
2781 823 3106 878 ακούτισόν
3130 838 3229 890 μοι
3262 819 3379 886 τὴν
3406 821 3627 887 φωνήν

2041 932 2178 972 σουο
2210 917 2299 971 ὅτι
2322 919 2359 985 ἠ
2391 917 2556 987 φωνή
2586 932 2701 970 σου
2750 915 2940 983 ἡδεῖα,
2964 914 3061 968 καὶ
3091 914 3230 981 ὄψις
3258 910 3376 964 σοῦ
3407 911 3618 976 ὡραία.

2041 1011 2115 1064 Τὸ
2147 1011 2204 1064 δὲ
2239 1010 2530 1080 λεγόμενον
2559 1009 2799 1062 τοιοῦτόν
2832 1010 2966 1060 ἐστι·
3004 1005 3217 1076 Μηκέτι
3249 1008 3338 1074 μοὶ
3365 1002 3623 1069 διαλέγου

2041 1102 2130 1155 διὰ
2172 1103 2280 1154 τῶν
2317 1103 2669 1173 προφητικῶν
2716 1117 2775 1152 τε
2821 1102 2915 1152 καὶ
2961 1097 3199 1168 νομικῶν
3249 1096 3621 1165 αἰνιγμάτων,

2045 1194 2159 1248 ἀλλ’
2211 1195 2288 1259 ὡς
2351 1195 2477 1247 ἰδεῖν
2526 1195 2795 1264 δύναμαι,
2848 1191 2990 1244 οὕτω
3045 1191 3136 1260 μοὶ
3191 1185 3363 1252 δεῖξον
3423 1183 3624 1239 σαυτὴν

2044 1285 2323 1355 ἐμφανῶς,
2345 1286 2432 1338 ἵνα
2451 1286 2600 1347 ἐντὸς
2623 1285 2868 1353 γένωμαι
2890 1283 2988 1352 τῆς
3010 1278 3367 1348 εὐαγγελικῆς
3386 1275 3622 1346 πέτρας,

2043 1374 2415 1429 καταλιποῦσα
2444 1374 2504 1426 τὸ
2543 1373 2636 1425 τοῦ
2677 1375 2838 1443 νόμου
2873 1371 3253 1443 προτείχισμα·
3285 1367 3379 1422 καὶ
3405 1366 3482 1430 ὡς
3507 1383 3625 1436 χυ-

2047 1469 2132 1537 ρεῖ
2155 1467 2189 1537 ἡ
2219 1466 2355 1536 ἀκοή
2386 1482 2508 1535 μου,
2541 1463 2683 1516 οὕτω
2712 1463 2800 1526 δὸς
2832 1463 2931 1533 τὴν
2957 1463 3141 1531 φωνήν
3174 1477 3267 1512 σου
3297 1460 3354 1510 ὲν
3383 1458 3499 1520 τοῖς
3520 1455 3626 1509 ὠσί

2049 1575 2150 1627 μου
2179 1558 2452 1622 γενέσθαι.
2484 1558 2546 1609 Εἰ
2575 1558 2683 1627 γὰρ
2716 1559 2748 1627 ή
2790 1556 2878 1609 διὰ
2917 1554 3022 1608 τῶν
3045 1553 3275 1624 θυρίδων
3304 1549 3461 1621 φωνὴ
3492 1565 3627 1602 τοσα

2045 1649 2199 1704 οὖτόν
2237 1652 2383 1703 ἐστιν
2436 1649 2587 1719 ἡδεῖα
2609 1689 2622 1711 ,
2673 1650 2808 1701 πολὺ
2847 1647 3046 1718 μᾶλλον
3084 1647 3118 1714 ὴ
3155 1643 3298 1697 κατὰ
3329 1639 3630 1713 πρόσωπόν

2052 1760 2144 1797 σου
2171 1744 2441 1815 ὲμφάνεια
2461 1744 2519 1795 τὸ
2541 1743 2803 1813 ἐράσμιον
2824 1742 2955 1804 ἕξει.
2981 1739 3166 1792 Ταῦτα
3186 1739 3335 1805 λέγει
3356 1737 3391 1806 ἡ
3412 1734 3627 1805 νύμφη,

2051 1838 2290 1907 νοήσασα
2311 1835 2372 1888 τὸ
2393 1837 2532 1888 κατὰ
2561 1836 2658 1903 τὴν
2683 1833 3042 1902 εὐαγγελικὴν
3071 1831 3276 1901 πέτραν
3305 1826 3632 1899 μυστήριον,

2051 1932 2130 1994 εἰς
2163 1932 2298 2000 ὅπερ
2326 1928 2494 1999 αὐτὴν
2516 1931 2543 1981 6
2570 1927 2891 1997 πολυμερῶς
2921 1926 3012 1978 καὶ
3046 1921 3401 1995 πολυτρόπως
3424 1922 3486 1974 ὲν
3507 1920 3634 1982 ταῖς

2053 2020 2232 2092 θυρίσι
2263 2017 2555 2089 γενόμενος
2591 2018 2770 2084 Λόγος
2827 2014 3257 2086 ἐχειραγὼγησε·
3292 2011 3387 2064 καλ⁸
3414 2013 3472 2064 ὲν
3506 2010 3632 2061 ἐπι·

2054 2109 2220 2180 θυμία
2264 2109 2556 2179 γεγένηται
2589 2109 2688 2177 τῆς
2738 2107 2824 2159 διὰ
2861 2106 3062 2176 σαρκὸς
3107 2102 3458 2172 θεοφανείας,
3489 2099 3635 2153 ὥστε

2053 2203 2143 2256 τὸν
2175 2204 2344 2271 Λόγον
2370 2201 2624 2271 γενέσθαι
2671 2202 2879 2271 σάρκα,
2915 2200 3012 2252 καὶ
3050 2198 3144 2251 τὸν
3187 2197 3320 2250 Θεὸν
3360 2197 3421 2248 ἐν
3468 2195 3637 2267 σαρκὶ

2056 2291 2459 2363 φανερωθῆναι,
2496 2293 2590 2344 καὶ
2619 2290 2962 2361 παραθέσθαι
2987 2292 3106 2352 ταῖς
3135 2290 3324 2352 ἀκοαῖς
3347 2287 3510 2360 ἡμῶν
3536 2289 3639 2350 τὰς

2057 2385 2208 2446 Θείας
2233 2385 2414 2453 φωνὰς
2442 2384 2540 2447 τὰς
2567 2382 3041 2453 ἐπαγγελλομένας
3060 2383 3170 2444 τοῖς
3187 2380 3356 2446 ἀξίοις
3377 2380 3478 2452 τήν
3505 2379 3640 2433 αἰώ-

2056 2494 2166 2530 νιον
2207 2478 2611 2549 μακαριότητα.
2639 2476 2764 2539 Πῶς
2789 2475 2846 2528 δὲ
2881 2474 3235 2545 συμϐαίνουσι
3273 2476 3337 2544 τῇ
3375 2473 3511 2543 εὐχῇ
3539 2473 3644 2542 τῆς

2058 2571 2276 2643 νύμφης
2301 2573 2357 2624 αἱ
2376 2571 2467 2624 τοῦ
2496 2570 2781 2639 Συμεῶνος
2799 2572 2996 2636 φωναὶ,
3013 2571 3071 2632 ὃς
3097 2583 3284 2639 φησιν’
3318 2569 3650 2631 Ἀπολύοις

2057 2664 2175 2719 νῦν
2201 2665 2308 2717 τὸν
2331 2663 2554 2717 δοῦλόν
2574 2679 2712 2728 σου,
2738 2662 3030 2722 Δέσποτα,
3051 2660 3203 2714 κατὰ
3235 2659 3302 2713 τὸ
3329 2652 3498 2728 ῥῆμά
3525 2673 3644 2712 σου

2057 2759 2127 2811 ἐν
2145 2756 2376 2826 εἰρήνῃ.
2408 2757 2535 2808 Ὅτι
2554 2751 2717 2809 εῒδον
2730 2757 2784 2808 οἱ
2807 2754 3103 2823 ὀφθαλμοί
3115 2771 3235 2822 μου
3261 2751 3324 2805 τὸ
3342 2749 3649 2818 σωτήριόν

2059 2863 2198 2904 σου.
2236 2849 2341 2902 Ἴδε
2375 2849 2483 2918 γὰρ
2517 2850 2752 2911 ἐκεῖνος,
2793 2846 2868 2910 ὠς
2911 2847 3040 2899 ἰδεῖν
3090 2845 3432 2914 ὲπεπόθησεν
3478 2839 3641 2911 αὕτη.

2060 2943 2172 3012 Τὴν
2218 2939 2274 2994 δὲ
2323 2938 2508 3011 φωνὴν
2557 2937 2722 2991 αὐτοῦ
2769 2937 2866 3009 τὴν
2913 2937 3095 3009 ἡδεῖαν
3136 2939 3186 2990 οἰ
3223 2935 3513 3005 δεξάμενοι
3548 2934 3645 2987 τοῦ

2059 3033 2542 3103 Εὑαγγελίουιτὴν
2595 3034 2754 3103 χάριν
2801 3030 3272 3100 ἐπιγινώσκουσιν,
3298 3027 3349 3081 οἱ
3372 3021 3642 3078 εἰπόντες.

2064 3127 2147 3178 ὅτι
2188 3124 2449 3194 Ῥήματα
2486 3121 2633 3190 ζωῆς
2657 3122 2897 3175 αἰωνίου
2926 3120 3108 3189 ἔχεις.

2133 3217 2233 3270 Διὰ
2249 3216 2422 3271 ταῦτα
2444 3216 2655 3286 δέχεται
2676 3214 2840 3284 εὐχὴν
2871 3216 2970 3283 τῆς
2999 3213 3221 3281 νύμφης
3240 3210 3456 3264 δικαίαν
3482 3205 3654 3264 οὖσαν

2064 3311 2092 3362 6
2114 3307 2353 3378 καθαρὸς
2383 3307 2637 3378 νυμφίος,
2667 3307 2762 3359 καὶ
2803 3305 3012 3376 μέλλων
3042 3303 3308 3356 δεικνύειν
3335 3302 3654 3373 ὲαυτδγέμ-

2066 3399 2273 3470 φανῶς,
2307 3396 2523 3470 πρῶτον
2577 3397 2701 3458 τοὺς
2755 3393 3024 3464 θηρευτὰς
3056 3394 3317 3463 παρορμᾷ
3379 3391 3517 3463 πρὸς
3555 3391 3655 3461 τὴν

2065 3491 2242 3562 ἄγραν
2273 3488 2383 3542 τῶν
2415 3487 2736 3549 ἀλωπέκων,
2785 3485 2861 3547 ὡς
2893 3483 3090 3554 μηκέτι
3126 3483 3218 3535 τὸν
3250 3482 3555 3551 ἀμπελῶνα
3587 3482 3655 3534 δι’

2067 3582 2249 3636 αὐτῶν
2300 3580 2440 3651 πρὸς
2489 3579 2580 3632 τὸν
2621 3576 2933 3648 κυπρισμῦν
2978 3573 3397 3646 ἐμποδίζεσθαι,
3444 3572 3659 3640 λέγειν’

2070 3672 2332 3728 Πιάσατε
2383 3671 2533 3745 ἡμῖν
2587 3672 2934 3736 ἀλώπεκας,
2987 3668 3242 3738 μικροὺς
3286 3668 3405 3736 μὲν
3451 3667 3657 3730 ὄντας,

2069 3765 2509 3837 ἀφανιστικοὺς
2535 3762 2604 3817 δὲ
2633 3763 2754 3817 τῶν
2772 3761 3160 3832 ἀμπελώνων.
3199 3761 3517 3831 Ἀνθήσουσι
3549 3759 3668 3830 γὰρ

2071 3863 2125 3912 αἰ
2159 3859 2412 3930 ἄμπελοι,
2449 3861 2496 3910 εἰ
2527 3862 2727 3928 μηκέτι
2759 3856 2845 3926 εἴη
2871 3855 2942 3908 τὰ
2969 3854 3363 3925 λυμαινόμενα.
3393 3850 3667 3906 ﬂutant!

2072 3953 2218 4021 ἡμῖν·
2254 3951 2570 4014 ἀλώπεκας
2597 3947 2888 4018 μικροὺς,
2938 3943 3336 4014 ἀφανίζοντας
3369 3942 3511 4009 τοὺς
3553 3943 3661 4011 ἁμι-

2073 4042 2371 4108 πελῶνας,
2400 4042 2499 4095 καὶ
2526 4045 2584 4096 al
2611 4041 2868 4109 ἄμπελοι
2888 4036 3058 4107 ἡμῶν
3081 4034 3495 4105 κυπρίζουσιν.
3511 4029 3666 4104 ’Δρά

2073 4137 2194 4186 ἐστι
2222 4133 2447 4188 δυνατὸν
2491 4133 2609 4187 κατ’
2641 4132 2799 4197 ἀξίαν
2842 4129 3128 4199 ἐφικέσθαι
3153 4129 3251 4198 τῆς
3289 4126 3668 4198 μεγαλοφυτας

2073 4226 2182 4279 τῶν
2207 4223 2527 4295 νοημάτων;
2581 4223 2748 4276 Ὅσον
2782 4220 2971 4290 θαῦμα
2997 4220 3097 4288 τῆς
3129 4217 3279 4282 θείας
3308 4216 3669 4288 μεγαλειότη-

2074 4336 2162 4382 τος
2188 4317 2432 4389 περιέχει
2471 4320 2498 4369 ό
2533 4315 2726 4384 λόγοςς
2776 4314 2950 4383 Ὅσην
2973 4310 3227 4382 ἐμφαίνει
3253 4308 3357 4379 τῆς
3379 4307 3672 4379 δυνάμεως

2075 4411 2168 4462 τοῦ
2208 4410 2342 4462 Θεοῦ
2391 4409 2490 4479 τὴν
2519 4403 2824 4476 ὑπερϐολὴν
2853 4405 2888 4474 ἡ
2933 4401 3044 4455 τῶν
3085 4399 3394 4471 εἰρημένων
3421 4399 3666 4463 διάνοια;

392 4508 552 4576 cujus
582 4508 765 4577 lingua
799 4518 1060 4576 tanquam
1091 4507 1357 4560 novacula
1389 4516 1568 4570 acuta,
1599 4506 1665 4560 de
1695 4521 1805 4575 quo
1836 4505 1958 4560 dicit

2082 4501 2205 4564 Πῶς
2232 4503 2459 4562 ἐκεῖνος,
2486 4498 2613 4566 περί
2640 4490 2701 4550 οὗ
2728 4495 2796 4548 τὰ
2816 4491 3118 4564 τηλικαῦτα
3138 4491 3379 4559 λέγεται,
3403 4491 3435 4544 6
3461 4489 3670 4560 ἅνθρω-

391 4599 684 4668 Propheta,
735 4598 958 4669 Sagitta:
1010 4599 1235 4668 patentis
1297 4608 1468 4652 acuta:
1498 4595 1614 4651 cum
1650 4598 1970 4652 carbonibus

393 4691 729 4746 desolatoriis
755 4690 804 4756 ³;
836 4697 912 4755 et,
938 4688 1238 4743 Insidiatur
1262 4701 1514 4760 tanquam
1539 4690 1617 4744 (eo
1646 4691 1698 4743 in
1722 4689 1971 4758 spelunca

395 4799 495 4837 sua
509 4783 552 4844 ’⁸,
571 4782 744 4836 Draco
764 4781 854 4836 ille
873 4797 1128 4850 magnus,
1145 4773 1692 4844 θροδῐθιίιήηίθτηιιες
1733 4780 1972 4837 dilatans

394 4889 458 4930 os
489 4888 671 4939 suum,
731 4880 916 4927 rector
969 4873 1132 4942 hujus
1171 4873 1460 4928 mundanae
1497 4873 1785 4942 potestatis
1823 4881 1974 4928 tene-

396 4967 644 5028 brarum,
679 4965 774 5034 qui
828 4965 993 5019 habet
1038 4965 1325 5033 imperium
1381 4965 1596 5029 mortis,
1630 4975 1682 5018 et
1714 4979 1974 5033 quaecun-

398 5071 506 5126 que
537 5071 605 5111 ex
627 5069 860 5125 persona
911 5055 1032 5124 ejus
1081 5064 1268 5108 narrat
1299 5055 1604 5124 prophetia.
1660 5054 1763 5120 Qui
1799 5055 1978 5110 aufert

398 5147 665 5204 terminos
706 5145 972 5217 gentium,
1011 5160 1150 5214 quos
1180 5146 1503 5211 constituit,
1536 5161 1728 5215 nempe
1763 5146 1980 5200 Altissi-

399 5255 525 5294 mus
544 5287 556 5305 ,
593 5253 694 5310 pro
723 5253 952 5292 numero
975 5237 1289 5305 angelorum
1313 5253 1574 5305 suorum;
1605 5238 1697 5307 qui
1727 5252 1980 5308 compre-

402 5331 596 5388 hendit
629 5332 818 5387 orbem
847 5339 1009 5385 terra:
1041 5331 1184 5385 sicut
1211 5331 1420 5395 nidum,
1444 5339 1497 5385 et
1535 5346 1656 5384 eam
1686 5331 1828 5384 tollit
1855 5338 1979 5383 tan-

405 5439 570 5493 quam
590 5438 692 5478 ova
715 5422 1008 5491 derelicta;
1033 5424 1126 5494 qui
1152 5421 1286 5476 dicit
1312 5437 1371 5477 se
1393 5422 1697 5491 positurum
1723 5420 1982 5474 thronum

407 5527 569 5567 suum
604 5527 768 5582 super
795 5513 972 5568 nubes
993 5553 1009 5578 ,
1070 5515 1124 5566 et
1142 5504 1385 5559 futurum
1403 5504 1634 5564 similem
1662 5510 1981 5578 Altissimo,

407 5612 463 5659 et
493 5619 836 5674 quascunque
870 5603 1154 5676 Scriptura
1190 5603 1257 5660 de
1291 5619 1356 5660 eo
1384 5604 1737 5676 persequitur
1772 5605 1828 5658 in
1854 5603 1980 5669 Job,

2081 4594 2359 4656 ποκτὸνος,
2414 4594 2442 4644 6
2484 4593 2540 4643 ἐν
2588 4589 2758 4659 κακίᾳ
2793 4587 3050 4650 δυνατὸς,
3091 4578 3153 4639 οὗ
3193 4585 3226 4656 ἢ
3271 4581 3494 4651 γλῶσσα
3531 4581 3668 4634 ὡσεὶ

2081 4685 2240 4757 ξυρὸν
2255 4685 2590 4754 ἠκονημένον
2608 4681 2760 4753 [περὶ
2778 4675 2837 4732 οὗ
2861 4695 2993 4749 φησι
3014 4679 3042 4731 6
3063 4676 3378 4748 Προφήτης·
3407 4671 3487 4727 Τὰ
3501 4671 3670 4740 βέλη

2079 4778 2186 4831 τοῦ
2232 4775 2496 4830 δυνατοῦ
2532 4771 2900 4844 ἠκονημένα]
2939 4770 3062 4825 σὺν
3087 4769 3215 4835 τοῖς
3238 4766 3494 4835 ἄνθραξι
3539 4766 3670 4831 τοῖς

2077 4869 2394 4941 ἐρημικοῖςο
2426 4870 2540 4932 καὶ,
2578 4867 2907 4936 Ἔνεδρεύει
2929 4866 3010 4930 ὡς
3041 4863 3199 4918 λέων
3225 4862 3296 4916 ἐν
3329 4859 3407 4929 τῇ
3426 4858 3674 4929 Mm

2085 4963 2291 5027 αὐτοῦ,
2327 4963 2355 5015 6
2395 4961 2644 5033 Δράκων,
2686 4960 2715 5011 6
2758 4959 2947 5030 μέγας,
2977 4959 3006 5010 6
3038 4955 3372 5024 ἀποστάτης.
3403 4955 3436 5006 6
3458 4949 3622 5024 ᾅδης,
3645 4953 3677 5005 6

2086 5053 2371 5108 πλατύνων
2413 5053 2479 5106 τὸ
2521 5052 2695 5122 στόμα
2732 5049 2918 5113 αὐτοῦ,
2949 5053 2978 5102 6
3007 5046 3404 5119 κοσμοκράτωρ
3435 5046 3540 5118 τῆς
3579 5043 3674 5110 ἑξ-

2085 5147 2273 5210 ουσίας
2310 5145 2405 5198 τοῦ
2451 5143 2694 5208 σκότους,
2744 5146 2772 5197 6
2821 5143 2958 5213 ἔχων
2998 5141 3093 5196 τοῦ
3141 5139 3374 5196 θανάτου
3421 5139 3485 5193 τὸ
3527 5140 3676 5212 κρά-

2084 5257 2176 5302 τος
2200 5279 2215 5303 ,
2286 5239 2381 5291 καὶ
2438 5237 2666 5310 561.62
2727 5233 3020 5306 προσώπου
3085 5231 3252 5286 αὐτοῦ
3309 5232 3584 5303 διηγεῖται
3635 5233 3674 5303 ἰι

2088 5330 2411 5402 προφητεία.
2451 5328 2507 5382 ’0
2529 5314 2936 5399 ἁῷαιρούμενος
2981 5325 3101 5396 ὅρια
3147 5322 3315 5377 ἐθνῶν
3359 5321 3396 5376 ἃ
3445 5320 3673 5392 ἔστησε,

2088 5423 2332 5494 δηλονότι
2390 5422 2419 5473 6
2461 5420 2756 5489 ’Υψιστος,
2804 5416 2929 5470 κατ’
2996 5413 3228 5487 ἀριθμὸν
3271 5411 3519 5483 ἀλλήλων
3562 5417 3677 5471 αὒ-

2088 5513 2182 5566 τοῦ
2216 5552 2232 5578 ,
2296 5514 2325 5566 6
2389 5507 2819 5580 καταλαμϐάνων
2881 5505 2978 5577 τὴν
3029 5503 3352 5574 οἰκουμένην
3398 5501 3482 5566 ὣς
3530 5517 3676 5555 νοσ-

2095 5603 2237 5668 σιὰν,
2273 5603 2366 5657 καὶ
2410 5600 2488 5664 ὡς
2535 5594 2965 5668 καταλελειμένα
3021 5593 3106 5648 es
3195 5602 3370 5669 αἴρων
3399 5590 3565 5650 αΰτὰο
3645 5595 3678 5647 ὁ

483 5781 509 5842 ‘.
540 5780 678 5838 Luc.
715 5797 776 5850 ιι,
798 5779 890 5848 29,
942 5780 1032 5836 50.
1106 5783 1126 5816 ³
1157 5779 1313 5838 Joan.
1343 5797 1420 5851 vr,
1453 5781 1544 5838 69.
1622 5783 1642 5816 ³
1676 5779 1826 5842 Psal.
1867 5796 1956 5840 cst

2063 5781 2104 5840 ι.
2180 5781 2203 5816 ⁸
2231 5779 2378 5839 Psal.
2410 5795 2468 5849 ις,
2495 5778 2528 5836 9
2557 5791 2669 5834 sec.
2702 5770 2866 5829 llebr.
