3854 6216
1365 289 1433 344 ΙΝ
1463 289 1756 347 CANTICA
1783 287 2054 347 CANTIC.
2095 294 2382 351 HOMILIA
2426 292 2487 348 γ.
2523 248 2532 271 1

3408 284 3514 344 832

251 400 439 470 λέγων
507 403 718 458 τιθέναι
783 405 970 462 ἐπάνω
1020 405 1130 462 τῶν
1184 410 1422 479 νεφελῶν
1485 414 1578 466 τὸν
1649 413 1836 485 θρόνον

1951 427 2058 482 quae
2129 415 2290 485 plane
2341 422 2474 470 sunt
2529 410 2818 475 terribilia,
2876 409 3036 480 cujus
3063 408 3233 462 latera
3294 405 3515 475 quidem

248 493 446 557 αὐτοῦ,
509 496 606 549 καὶ
659 498 845 567 ὅμοιος
895 497 1142 566 γίνεσθαι
1193 501 1564 574 τῶὙψίστῳ,
1601 505 1695 558 καὶ
1737 506 1836 558 ὅσα

245 586 311 639 ὲν
337 585 416 656 τῷ
431 585 551 640 Ἰὼϐ
574 590 603 640 6
638 587 797 657 λόγος
822 592 951 663 περὶ
978 592 1142 646 αὑτοῦ
1162 594 1514 666 διεξέρχεται,
1539 597 1609 650 τά
1632 598 1759 667 (ροϐε
1770 598 1836 668 ρὰ

247 676 350 729 καὶ
383 678 649 753 φρικώδη,
693 675 754 735 οὗ
787 683 985 752 χαλκαῖ
1013 683 1113 755 μὲν
1155 687 1212 740 αἱ
1240 687 1493 758 πλευραὶ,
1537 687 1752 760 σίδηρος
1779 688 1837 742 δὲ

247 768 416 839 xm;
449 772 481 840 ὴ
514 770 691 841 ῥάχις,
721 772 925 842 ἔγκατα
945 775 1004 828 δὲ
1035 774 1200 829 αὑτοῦ
1232 778 1500 848 σμυρίτης
1526 778 1670 842 λίθος
1695 796 1708 810 ο
1741 779 1836 832 καὶ

248 861 438 914 πάντα
483 862 725 929 τοιαῦτα,
771 865 838 918 δι’
879 858 954 918 ὧν
986 866 1085 936 τὴν
1128 867 1365 938 φοόερὰν
1407 867 1569 938 φύσιν
1620 870 1836 942 εκείνην

249 952 566 1023 ὑπογράφει
597 956 627 1007 6
674 953 852 1024 λόγος.
879 947 1049 1019 Οὗτος
1075 953 1169 1009 οὖν
1189 957 1218 1010 6
1240 957 1500 1024 τοιοῦτος,
1516 962 1544 1015 6
1560 960 1837 1027 τοσοῦτος,

247 1046 279 1096 ὀ
310 1045 618 1124 στρατηγὸς
647 1047 756 1100 τῶν
785 1050 842 1102 ἐν
872 1050 983 1112 τοῖς
1010 1048 1226 1119 δαίμοσι
1251 1049 1552 1119 λεγεώνων,
1582 1052 1834 1122 πῶςνόνο-

251 1136 488 1204 μάζεται
522 1138 674 1210 παρὰ
699 1139 799 1209 τῆς
827 1140 1089 1210 ἀληθινῆς
1117 1157 1176 1192 τε
1203 1141 1297 1197 καὶ
1325 1142 1491 1212 μόνης
1519 1143 1835 1213 δυνάμεως;

249 1224 466 1296 Μικρὸν
487 1225 811 1283 ἀλωπέκιον.
845 1229 955 1282 Καὶ
979 1231 1027 1283 οἱ
1056 1230 1185 1301 περὶ
1212 1230 1374 1284 αὐτὸν
1398 1232 1618 1298 πάντες,
1650 1236 1683 1304 ἡ
1708 1235 1838 1288 ὑπο-

255 1316 464 1386 χείριος
504 1317 655 1388 αὐτῷ
689 1319 938 1391 στρατιὰ,
984 1321 1184 1384 πάντες
1213 1322 1354 1375 κατὰ
1381 1323 1441 1376 τὸ
1475 1323 1588 1377 ἴσον
1626 1325 1838 1390 ἐξευτε-

254 1407 534 1474 λισθέντες
585 1413 1043 1483 κατονομάζονται
1096 1415 1248 1486 παρὰ
1290 1413 1386 1468 τοῦ
1442 1417 1838 1488 παρορμῶντος

250 1497 396 1569 πρὸς
441 1499 543 1570 τὴν
578 1502 699 1557 κατ’
728 1502 908 1556 αὐτῶν
943 1504 1116 1574 ἄγραν
1144 1506 1270 1568 τοὺς
1304 1506 1592 1577 θηρευτάς.
1634 1505 1757 1562 Εἶεν
1779 1511 1837 1564 δὲ

251 1589 321 1642 ἂν
347 1585 494 1645 οὗτοι
519 1592 662 1663 τάχα
701 1595 800 1665 μὲν
833 1597 888 1648 αἱ
917 1597 1208 1665 ἀγγελικαὶ¹
1235 1598 1511 1668 δυνάμεις,
1540 1602 1600 1654 αἱ
1624 1603 1720 1673 τῆς
1755 1603 1838 1656 δε-

252 1684 521 1754 σποτικῆς
539 1688 840 1757 παρουσίας
861 1689 952 1741 ἐπὶ
967 1689 1064 1760 τὴν
1085 1690 1188 1760 γῆν
1209 1692 1602 1761 προπομπεύου
1612 1711 1720 1758 σαι,
1741 1699 1837 1750 καὶ

1935 515 2066 559 sunt
2121 521 2292 573 :enea,
2351 520 2544 560 aurum
2597 512 2778 559 autem
2811 503 2972 558 fusile
3004 501 3195 572 spina;
3255 497 3516 553 intestina

1935 605 2116 653 autem
2137 600 2256 669 ejus
2309 599 2448 669 lapis
2481 597 2775 668 smyrites:
2809 604 2864 652 et
2884 607 3222 667 quacunque
3247 598 3375 647 sunt
3409 589 3516 643 liu-

1931 687 2196 758 jusmodi,
2239 705 2334 759 per
2361 704 2482 759 qua:
2537 688 2836 743 terribilem
2896 687 3046 741 illam
3109 693 3363 739 naturam
3417 680 3515 735 do-

1935 781 2126 835 scribit
2159 780 2464 850 Scriptura.
2495 777 2595 833 llic
2629 795 2760 850 ergo
2793 779 2918 834 talis
2956 786 3012 832 et
3044 784 3235 829 tantus
3271 773 3515 842 impera-

1938 881 2024 925 tor
2056 872 2326 943 legionum
2354 874 2684 934 daemonum,
2715 868 3175 940 quemadmodum
3206 881 3236 919 a
3285 879 3412 919 vera
3463 870 3518 918 et

1936 965 2053 1020 sola
2083 972 2350 1034 potestate
2378 963 2734 1018 nominatur?
2760 977 2927 1032 parva
2955 961 3149 1030 vulpes
3188 979 3200 1014 :
3233 968 3287 1012 et
3325 972 3517 1012 omnes

1936 1059 2029 1126 qui
2051 1071 2176 1111 eum
2197 1055 2630 1116 circumsistunt,
2653 1060 2706 1108 et
2735 1052 3027 1106 universus
3049 1050 3143 1120 qui
3164 1057 3248 1104 est
3267 1046 3373 1102 sub
3397 1044 3517 1114 ejus

1937 1154 2205 1219 potestate
2233 1147 2527 1207 exercitus,
2574 1158 2766 1198 omnes
2799 1158 2867 1197 ex
2904 1157 3062 1213 aequo
3095 1139 3378 1209 despectui
3415 1137 3517 1190 ha-

1937 1241 2037 1296 biti
2069 1240 2421 1294 nominantur
2453 1237 2755 1307 vulpecula:
2799 1235 2868 1290 ab
2913 1250 2978 1288 eo
3009 1233 3103 1304 qui
3133 1232 3324 1286 incitat
3351 1241 3518 1284 vena,-

1937 1344 2083 1389 tores
2109 1333 2177 1388 ad
2205 1348 2300 1389 eos
2330 1333 2630 1388 venandos.
2662 1329 2702 1384 li
2737 1337 2916 1384 autem
2955 1328 3096 1382 forte
3128 1326 3332 1380 fuerint
3356 1336 3518 1391 ange-

1939 1426 2058 1479 lica:
2091 1432 2416 1495 potestates,
2459 1439 2582 1494 qua:
2632 1423 2687 1476 in
2718 1421 2952 1476 adventu
2982 1418 3192 1473 Domini
3223 1417 3279 1470 in
3319 1423 3522 1469 terram

1936 1518 2211 1572 deducunt
2251 1517 2430 1586 ipsum
2479 1529 2662 1585 regem
2703 1513 2909 1583 gloriae,
2957 1512 3017 1565 in
3047 1508 3314 1564 mundum
3352 1504 3523 1559 addu-

1937 1616 2155 1682 centes,
2209 1613 2262 1659 et
2321 1607 2501 1674 ipsum
2535 1601 2886 1659 ostendentes
2923 1599 3346 1672 ignorantibus:
3387 1594 3523 1661 Quis

1937 1709 2015 1755 est
2051 1700 2149 1752 iste
2174 1697 2282 1751 Rea:
2297 1697 2478 1767 gloria:
2498 1697 2522 1749 ?
2546 1695 2730 1750 Fortis
2754 1703 2803 1748 et
2832 1703 3011 1762 potens
3048 1692 3101 1744 in
3131 1688 3314 1759 prwlio
3338 1689 3381 1742 ⁵.

251 1774 345 1828 τὸν
389 1774 610 1845 βασιλέα
645 1778 746 1844 τῆς
792 1778 954 1851 δόξης
1001 1779 1153 1844 ἐντὸς
1203 1781 1298 1834 τοῦ
1347 1782 1462 1852 βίου
1503 1786 1870 1858 παράγουσαι,
1907 1793 2000 1846 καὶ
2036 1793 2149 1854 τοῖς
2186 1787 2472 1858 ἀγνοοῦσιν
2501 1785 2957 1841 ἐπιδεικνύουσαι.
3009 1783 3106 1849 Τίς
3135 1781 3304 1835 ἐστιν
3342 1771 3523 1840 οὗτος

254 1869 290 1921 ὀ
320 1869 623 1936 βασιλεὺς
652 1870 760 1939 τῆς
789 1871 976 1940 δόξης
1000 1891 1020 1938 ;
1060 1875 1116 1927 '0
1139 1878 1418 1944 κραταιὸς
1453 1880 1552 1931 καὶ
1583 1879 1842 1950 δυνατὸς
1876 1887 1946 1941 ἐν
1969 1885 2228 1954 πολέμῳ.

332 1964 491 2025 Ἴσως
517 1964 561 2016 δ’
583 1966 649 2019 ἄν
668 1984 752 2028 τις
780 1967 923 2020 εἴποι
955 1969 1050 2021 καὶ
1076 1969 1144 2022 τὰ
1175 1970 1522 2042 λειτουργικὰ
1553 1974 1840 2046 πνεύματα

2011 1980 2174 2034 Forte
2194 1985 2375 2032 autem
2413 1976 2611 2033 dixerit
2647 1975 2919 2045 quispiam
2947 1971 3112 2027 etiam
3161 1967 3392 2040 spiritus
3425 1977 3521 2021 aa-

253 2052 324 2108 τὰ
358 2057 438 2117 εἰς
469 2055 744 2110 διακονίαν
785 2058 1225 2131 ἀποστελλόμενα
1263 2062 1350 2116 διὰ
1383 2065 1509 2125 τοὺς
1549 2065 1837 2135 μέλλοντας

253 2145 610 2218 κληρονομεῖν
645 2151 936 2220 σωτηρίαν.
991 2152 1141 2221 Τάχα
1169 2153 1227 2205 δὲ
1259 2152 1530 2226 θηρευτὰς
1572 2157 1716 2211 εἴποι
1752 2177 1837 2224 τις

255 2234 325 2288 ἂν
358 2238 452 2290 καὶ
483 2239 610 2302 τοὺς
648 2241 976 2311 ἀποστόλους
1015 2239 1187 2310 εἶναι,
1235 2248 1362 2309 τοὺς
1406 2250 1486 2311 εἰς
1517 2247 1615 2319 τὴν
1664 2252 1838 2322 ἄγραν

254 2327 366 2381 τῶν
401 2327 605 2400 θηρίων
638 2331 842 2387 τούτων
874 2337 1347 2407 ὲκπεμπομένους,
1378 2339 1513 2410 πρὸς
1545 2341 1638 2403 οὓς
1663 2339 1837 2408 εἶπεν,

253 2418 338 2472 ὃτι
370 2421 611 2489 Ποιήσω
637 2422 791 2491 ὑμᾶς
813 2425 1002 2491 ἁλιεῖς
1031 2424 1147 2480 τῶν
1171 2427 1516 2495 ἀνθρώπων.
1542 2433 1615 2484 Ού
1641 2433 1748 2505 γὰρ
1773 2433 1839 2487 ἂν

256 2509 571 2579 ὲνήργησαν
611 2511 709 2582 τὴν
751 2513 1100 2586 ἀνθρωπίνην
1151 2515 1339 2569 ἀλείαν
1386 2521 1452 2590 τῇ
1493 2521 1602 2573 τῶν
1644 2521 1840 2590 λογίων

257 2602 520 2673 περιϐολῇ
572 2603 671 2667 τὰς
710 2605 818 2658 τῶν
857 2606 1181 2678 σωζομένων
1220 2609 1398 2681 ψυχὰς
1428 2613 1852 2683 σαγηνεύοντες,

259 2695 310 2747 εί
343 2695 417 2767 μὴ
461 2697 722 2769 πρότερον
762 2701 829 2753 ὲκ
857 2699 966 2754 τῶν
1010 2703 1235 2772 φωλεῶν
1248 2705 1330 2766 ,τὰ
1359 2705 1524 2777 Θηρία
1558 2707 1730 2761 ταῦτα
1762 2709 1842 2774 ἐξ·

264 2784 477 2848 ἐδαλον,
493 2789 620 2852 τοὺς
648 2791 876 2862 μικροὺς
900 2792 1141 2856 ἐκείνους
1162 2793 1474 2860 ἀλώπεκας,
1501 2797 1565 2851 ἐκ
1584 2798 1689 2851 τῶν
1711 2815 1844 2870 καρ-

261 2876 392 2930 διῶν
418 2877 582 2947 λέγω,
614 2874 700 2944 αἷς
743 2881 1093 2952 ὲνεφώλευον,
1129 2883 1268 2939 ὥστε
1305 2887 1528 2956 ποιῆσαι
1572 2890 1734 2942 τόπον
1765 2890 1844 2960 τῷ

261 2968 378 3040 Υίῷ
406 2970 501 3023 τοῦ
533 2971 687 3037 Θεοῦ,
717 2973 852 3026 ὅπου
886 2974 985 3046 τὴν
1016 2974 1209 3030 ἑαυτοῦ
1243 2978 1484 3051 κεφαλὴν
1531 2980 1843 3052 ἀναπαύσῃ,

265 3062 464 3131 μηκέτι
505 3062 604 3116 τοῦ
641 3064 834 3132 γένους
863 3067 970 3120 τῶν
1019 3069 1320 3124 ἀλωπέκων
1355 3073 1413 3124 ὲν
1450 3075 1570 3136 ταῖς
1599 3073 1844 3144 καρδίαις

264 3152 618 3222 φωλεύοντος.
661 3155 810 3228 Πλὴν
846 3158 1055 3230 οὕσπερ
1089 3160 1154 3214 ἂν
1186 3161 1450 3232 ὑπόθηται
1478 3167 1608 3228 τοὺς
1646 3165 1844 3237 θηρευ-

264 3245 363 3310 τὰς
403 3243 540 3300 εἶναι
581 3250 610 3301 6
640 3247 824 3318 λόγος,
873 3249 935 3303 τὸ
976 3252 1262 3322 μεγαλεῖον
1303 3257 1398 3308 καὶ
1426 3256 1704 3326 ἄφραστον
1746 3256 1846 3327 τῆς

1944 2071 2390 2133 ministratorios,
2410 2071 2504 2139 qui
2530 2069 2820 2123 mittuntur
2834 2065 2900 2121 ad
2921 2063 3284 2118 ministerium
3304 2067 3525 2130 propter

1943 2180 2039 2219 eos
2073 2163 2165 2234 qui
2232 2171 2362 2218 sunt
2418 2161 2588 2214 futuri
2654 2159 2898 2213 haeredes
2932 2155 3128 2212 salutis
3161 2154 3202 2208 ⁸.
3265 2153 3524 2207 Fortasse

1943 2255 2104 2311 etiam
2142 2261 2322 2308 autem
2377 2251 2577 2307 dixerit
2604 2249 2883 2321 quispiam
2926 2255 3220 2302 venatores
3239 2258 3364 2299 esse
3398 2258 3525 2298 san-

1944 2356 2064 2402 ctos
2103 2345 2402 2415 apostolos,
2443 2345 2538 2414 qui
2570 2345 2863 2397 mittuntttr
2915 2339 2981 2394 ad
3013 2340 3112 2394 has
3150 2337 3293 2393 feras
3321 2350 3526 2390 venan-

1945 2439 2066 2492 das.
2123 2435 2333 2504 Quibus
2386 2435 2563 2490 dixit:
2602 2431 2827 2488 Faciam
2873 2449 2961 2487 vos
3012 2432 3301 2499 piscatores
3358 2427 3528 2481 homi-

1947 2546 2072 2583 num
2099 2529 2142 2581 ".
2184 2527 2303 2582 Non
2333 2527 2478 2582 enim
2520 2525 2779 2582 fecissent
2809 2524 3167 2596 piscationem
3219 2519 3526 2582 hominum,

1947 2616 2290 2686 eloquiorum
2332 2631 2534 2686 sagena
2597 2631 2788 2669 eorum
2828 2615 2922 2684 qui
2961 2613 3101 2674 salvi
3156 2609 3538 2666 liuntanimas.

1947 2712 2283 2774 irretientes,
2317 2709 2423 2764 nisi
2448 2709 2602 2779 prius
2635 2724 2666 2762 e
2689 2705 2967 2778 speluncis
2995 2705 3207 2759 belluas
3244 2701 3528 2772 ejicerent,

1947 2819 2143 2872 nempe
2174 2817 2369 2872 parvas
2408 2801 2600 2870 vulpes
2631 2815 2699 2854 ex
2725 2797 2986 2852 cordibus
3015 2795 3068 2850 in
3094 2795 3294 2865 quibus
3341 2793 3531 2848 delite-

1950 2895 2199 2956 scebant,
2238 2901 2295 2946 ut
2351 2889 2491 2945 Filio
2546 2898 2601 2945 et
2649 2891 2760 2944 Deo
2815 2889 2994 2942 locum
3037 2887 3301 2949 facerent,
3337 2885 3390 2939 in
3423 2898 3534 2954 quo.

1949 2994 2113 3054 caput
2141 2999 2303 3038 suum
2349 2982 2664 3046 reclinaret,
2719 2981 2871 3034 nullo
2902 2994 3101 3049 genere
3134 2979 3374 3048 vulpium
3400 2977 3538 3031 deli—

1951 3083 2192 3131 tescente
2245 3075 2482 3145 amplius
2529 3074 2584 3126 in
2617 3071 2900 3127 cordibus.
2953 3072 3223 3126 Caeterum
3270 3085 3378 3124 non
3411 3083 3544 3124 esse

1950 3183 2090 3238 quos
2113 3168 2263 3238 ponit
2315 3167 2592 3236 Scriptura
2637 3173 2947 3228 venatores,
3014 3177 3268 3234 magnam
3310 3170 3365 3216 et
3398 3161 3537 3214 inef-

1953 3257 2172 3311 fabilem
2218 3257 2458 3312 divinam
2523 3257 2802 3316 virtutem,
2857 3255 3120 3309 discimus
3165 3269 3262 3323 per
3304 3268 3368 3308 ea
3415 3268 3538 3322 qua:

267 3335 418 3400 θείας
448 3337 727 3409 δυνάμεως
759 3339 848 3392 διὰ
888 3339 997 3393 τῶν
1037 3345 1528 3416 προστεταγμένων
1556 3347 1737 3410 αὐτοῖς
1766 3347 1846 3400 δι-

1951 3350 2086 3420 ipsis
2140 3349 2424 3418 iubentur.
2479 3349 2602 3403 Non
2637 3349 2782 3404 enim
2819 3347 2981 3414 dixit,
3003 3347 3296 3402 Venamini
3343 3361 3536 3416 aprum

265 3428 598 3500 δασκόμεθα.
656 3430 735 3486 Οὐ
765 3433 873 3503 γὰρ
923 3429 1099 3506 εἶπεν,
1151 3437 1232 3489 ὃτι
1280 3437 1595 3508 Θηρεύσατε
1643 3433 1707 3492 ὗν
1756 3439 1848 3493 τὸν

270 3521 335 3572 ὲκ
377 3521 472 3573 τοῦ
518 3520 749 3592 δρυμοῦ,
808 3522 908 3594 τὴν
959 3525 1203 3596 ἄμπελον
1255 3528 1350 3581 τοῦ
1403 3529 1537 3582 Θεοῦ
1595 3529 1850 3599 λυμαινό-

274 3629 456 3682 μενον,
503 3613 536 3685 ἢ
575 3614 667 3667 τὸν
711 3616 893 3686 μονιὺν
934 3617 1026 3671 τὸν
1067 3618 1279 3689 ἄγριον,
1319 3619 1352 3689 ἢ
1392 3621 1483 3673 τὸν
1538 3621 1851 3693 ὠρυόμενον

273 3703 532 3777 λέοντα,ἢ
567 3705 629 3759 τὸ
652 3707 795 3777 μέγα
818 3706 1005 3777 κῆτος,
1025 3707 1057 3779 ἢ
1083 3710 1174 3763 τὸν
1209 3711 1537 3783 ὑποϐρύχιον
1561 3712 1848 3784 δράκοντα.

276 3790 356 3849 Ἥ
389 3796 499 3868 γάρ
527 3797 590 3850 ἄν
614 3813 737 3850 τινα
760 3795 992 3866 δύναμιν
1021 3797 1129 3852 τῶν
1163 3799 1609 3870 ἀντιμαχούντων
1634 3803 1720 3856 διὰ
1745 3803 1853 3857 τῶν

277 3889 532 3945 τοιούτων
563 3893 591 3944 6
615 3890 771 3962 λόγος
800 3896 914 3957 τοῖς
949 3893 1244 3963 θηρευταῖς
1285 3892 1640 3947 ἐνεδείκνυτο.
1695 3893 1854 3949 Ἀλλά

279 3983 472 4050 πᾶσαι,
504 3985 688 4056 φησὶν,
719 3987 926 4040 ἐκεῖναι
959 3987 1018 4038 αἱ
1051 3984 1317 4056 περίγειοι
1350 3983 1683 4050 δυναστεῖαι,
1720 3986 1855 4057 πρὸς

277 4076 344 4140 ἃς
374 4079 407 4146 ἡ
436 4076 582 4147 πάλη
611 4082 724 4142 τοῖς
753 4079 1061 4151 ἀνθρώποις
1095 4078 1265 4141 ἐστὶν,
1294 4077 1461 4148 ἀρχαί
1500 4095 1561 4130 τε
1587 4078 1679 4131 καὶ¹
1708 4079 1857 4144 ἐξου-

282 4172 415 4237 σίαι,
447 4172 542 4226 καὶ
579 4173 1019 4245 κοσμοκράτορες
1048 4173 1294 4234 σκότους,
1322 4172 1417 4225 καὶ
1445 4170 1731 4242 πνεύματα
1758 4189 1858 4224 πο-

279 4263 495 4333 νηρίας,
525 4263 806 4317 ἀλωπεκία
825 4264 943 4316 ἐστὶ
969 4263 1162 4334 μικρὰ,
1180 4261 1371 4333 δολερά
1398 4279 1456 4314 τε
1481 4263 1575 4316 καὶ
1601 4262 1855 4330 δύστηνα,

281 4354 420 4426 πρὸς
460 4355 557 4426 τὴν
598 4356 873 4427 ἡμετέραν
907 4354 1205 4426 κρινόμενα
1236 4352 1486 4423 δύναμιν.
1551 4352 1677 4406 Ἐὰν
1717 4352 1860 4406 ὲκεί-

283 4465 390 4503 νων
426 4449 903 4518 κατακρατήσητε,
939 4446 1248 4517 ἀπολήψετε
1281 4446 1381 4516 τὴν
1410 4445 1546 4498 ἰδίαν
1579 4444 1759 4515 χάριν.
1799 4445 1860 4498 '0

281 4539 544 4611 ἀμπελὼν
589 4541 618 4592 ὁ
649 4539 939 4611 ἡμέτερος,
983 4540 1021 4609 ἡ
1067 4537 1384 4609 ἀνθρωπίνη
1414 4536 1596 4607 φύσις,
1627 4537 1722 4589 καὶ
1764 4537 1860 4608 τὴν

280 4630 388 4685 τῶν
413 4631 654 4702 βοτρύων
685 4630 856 4702 φορὰν
873 4629 960 4682 διὰ
977 4627 1072 4682 τοῦ
1100 4629 1294 4692 ἄνθους
1314 4628 1414 4699 τῆς
1438 4628 1694 4700 ἐναρέτου
1719 4627 1862 4680 πολι-

1953 3441 2283 3507 silvestrem,
2333 3440 2429 3511 qui
2468 3441 2683 3496 vineam
2715 3439 2812 3494 Dei
2850 3439 3239 3509 depopulatur,
3277 3446 3371 3492 aut
3423 3438 3541 3492 sin-

1951 3534 2193 3604 gularem
2247 3532 2454 3599 ferum,
2502 3542 2596 3588 aut
2643 3533 2943 3603 rugientem
2991 3533 3224 3598 leonem,
3279 3538 3374 3584 aut
3423 3544 3540 3582 ma-

1953 3643 2113 3699 gnam
2148 3613 2418 3689 balenam,
2463 3637 2559 3680 aut
2588 3627 2861 3680 marinum
2901 3631 3220 3680 draconem.
3249 3621 3368 3677 Vim
3391 3621 3538 3676 enim

1953 3720 2190 3788 aliquam
2246 3733 2434 3773 eorum
2486 3733 2608 3788 quae
2659 3726 2850 3772 contra
2911 3717 3266 3788 depugnant,
3328 3730 3425 3786 per
3474 3729 3541 3767 ea

1955 3811 2269 3865 ostenderet
2327 3811 2502 3866 oratio
2552 3811 2927 3866 venatoribus.
2987 3809 3092 3864 Sed
3143 3809 3250 3862 illa:
3305 3821 3540 3871 omnes,

1955 3903 2165 3972 inquit,
2212 3909 2506 3958 terrestres
2561 3910 2898 3971 potestates,
2955 3905 3218 3956 adversus
3265 3914 3404 3969 quas
3459 3905 3545 3953 est

1956 3995 2270 4049 colluctatio
2321 3994 2660 4060 hominibus,
2718 3995 3079 4066 principatus,
3132 3999 3433 4064 potestates
3489 3997 3554 4044 et.

1957 4094 2200 4141 rectores
2242 4087 2591 4144 tenebrarum
2651 4086 2841 4140 mundi
2877 4086 3062 4156 hujus,
3103 4094 3157 4140 et
3183 4086 3415 4156 spiritus
3445 4098 3544 4137 ne-

1957 4178 2164 4248 quitiae,
2207 4188 2336 4232 sunt
2377 4194 2562 4249 parvae
2608 4180 2797 4247 vulpes
2842 4178 3046 4234 dolosae
3084 4189 3137 4233 et
3180 4176 3448 4240 infelices,
3497 4175 3554 4230 sie

1959 4285 2082 4325 cum
2135 4270 2339 4326 nostris
2396 4269 2752 4324 conferantur
2808 4270 3038 4325 viribus.
3105 4268 3163 4324 Si
3219 4269 3343 4324 illas
3390 4268 3544 4323 devi-

1960 4359 2181 4424 ceritis,
2240 4361 2519 4431 propriam
2582 4363 2862 4433 accipietis
2914 4363 3165 4432 gratiam.
3230 4359 3400 4415 Vinea
3446 4375 3546 4414 no-

1961 4459 2077 4504 stra
2124 4455 2209 4504 est
2253 4450 2491 4503 humana
2549 4457 2786 4514 natura,
2857 4465 2977 4519 quae
3035 4447 3138 4502 fert
3198 4448 3386 4501 botros
3451 4460 3556 4514 per-

1960 4537 2122 4595 ﬂores
2167 4540 2290 4594 vitaz
2343 4555 2464 4612 qua:
2515 4542 2694 4610 agitur
2746 4556 2813 4594 ex
2851 4541 3072 4594 virtute.
3137 4537 3322 4606 Capite
3381 4536 3548 4606 igitur

1963 4627 2112 4682 nobis
2148 4643 2337 4696 parvas
2394 4629 2593 4698 vulpes,
2657 4646 2774 4699 qua:
2829 4630 3187 4682 demetiuntur
3243 4629 3444 4692 vineas,
3496 4636 3548 4680 et

281 4723 433 4785 τείας
470 4721 909 4793 προοιμιάζεται.
975 4718 1239 4773 Πιάσατε
1282 4713 1377 4772 οὖν
1423 4717 1568 4786 ἡμῖν
1612 4717 1847 4786 μικροὺς

1969 4720 2130 4774 vinea:
2159 4730 2355 4774 nostrw
2378 4721 2594 4790 ﬂorent.
2618 4721 2871 4775 Divinum
2889 4721 3104 4790 jussum
3135 4720 3343 4775 audivit
3363 4719 3544 4784 vinea,

281 4813 598 4880 ἀλώπεκας
626 4811 1019 4882 ἀφανίζοντας
1042 4809 1386 4880 ἀμπελῶνα,
1415 4809 1512 4863 καὶ
1535 4808 1847 4877 αίᾶμπελοη

1967 4828 2162 4882 nempe
2187 4815 2379 4877 mulier
2411 4816 2479 4869 de
2506 4830 2614 4885 qua
2659 4815 2796 4869 dicit
2821 4814 3011 4880 David,
3081 4813 3230 4868 Uxor
3273 4821 3367 4866 tua
3410 4813 3547 4865 sicut

284 4904 451 4975 ἠμῶν
467 4904 1125 4973 κυπρίξουσιν.Ἥκουσε
1182 4899 1271 4953 τοῦ
1287 4899 1433 4953 θείου
1448 4897 1847 4969 προστάγματος

1965 4905 2083 4958 vitis
2108 4906 2385 4960 abundans
2416 4908 2458 4959 ⁸.
2493 4906 2557 4960 Et
2591 4907 2728 4961 vidit
2756 4922 2896 4971 eam,
2923 4907 3123 4960 virtute
3144 4905 3264 4975 ejus
3296 4904 3389 4972 qui
3435 4904 3552 4978 Lus-

283 4998 318 5066 ἡ
352 4993 614 5065 ἄμπελος.
657 4997 690 5066 ἡ
729 4993 889 5063 γυνὴ,
925 4993 1052 5064 περλ⁵
1087 4986 1157 5064 ἦς
1192 5009 1356 5063 φησιν
1395 4993 1423 5045 6
1465 4992 1648 5057 Δαϐὶδ,
1684 4993 1764 5045 ὅτι
1807 4995 1866 5048 Ἠ

286 5088 440 5160 γυνή
461 5102 578 5140 σου
599 5086 680 5152 ὡς
701 5088 974 5162 ἄμπελος
993 5085 1357 5152 εὐθηνοῦσα.
1391 5086 1500 5139 Καὶ
1524 5086 1635 5140 ἴδεν
1663 5088 1864 5160 ἑαυτὴν

289 5179 345 5230 ὲν
381 5179 447 5248 τῇ
480 5177 708 5246 δυνάμει
750 5175 844 5229 τοῦ
875 5175 1231 5238 κελεύσαντος
1269 5177 1369 5246 τῆς
1402 5178 1466 5229 ὲκ
1498 5177 1606 5230 τῶν
1651 5177 1856 5250 θηρίων

288 5268 493 5324 τούτων
515 5269 691 5340 λύμης
719 5268 1157 5339 κεκαθαρμένην,
1192 5268 1286 5320 καὶ
1321 5267 1480 5332 εὐθὺς
1503 5269 1716 5323 δίδωσιν
1739 5273 1862 5324 ἐαυ-

291 5359 387 5431 τὴν
414 5358 493 5430 τῷ
521 5358 752 5430 γεωργῷ
786 5357 864 5430 τῷ
891 5359 952 5411 τὸ
985 5358 1294 5428 μεσότοιχον
1333 5357 1429 5410 τοῦ
1471 5359 1726 5429 φραγμοῦ
1763 5359 1858 5413 λύ-

1968 4998 2060 5061 sit,
2117 4998 2184 5052 ab
2231 4999 2400 5053 exitio
2451 5007 2506 5054 et
2574 4998 2999 5070 depopulatione
3054 4997 3248 5051 barum
3307 4996 3548 5050 ferarum

1967 5097 2341 5159 expurgatam,
2398 5099 2453 5146 et
2497 5091 2680 5146 statim
2739 5091 2833 5144 dat
2877 5090 3114 5159 seipsam
3157 5087 3411 5158 agricola:
3451 5087 3550 5156 qui

1964 5180 2110 5250 sepis
2133 5179 2518 5234 intermedium
2545 5180 2712 5235 diruit
2736 5179 3019 5250 parietem.
3041 5177 3231 5248 Neque
3257 5176 3402 5233 enim
3431 5190 3550 5229 am-

1970 5273 2114 5342 plius
2144 5281 2360 5326 arcetur
2393 5274 2599 5342 pariete
2628 5273 2785 5342 legis,
2830 5287 2940 5342 quo
2970 5271 3155 5326 minus
3185 5269 3551 5340 conjungatur

1967 5378 2090 5416 cum
2116 5377 2181 5416 eo
2206 5364 2298 5432 qui
2332 5362 2694 5417 desideratur.

293 5469 466 5509 σαντι.
506 5449 704 5505 Οὐκέτι
732 5450 838 5521 γὰρ
881 5447 959 5519 τῷ
1007 5447 1172 5519 τοίχῳ
1203 5447 1298 5501 τοῦ
1340 5448 1506 5518 νόμου
1552 5451 1688 5520 πρὸς
1727 5451 1826 5521 τὴν
1867 5445 2160 5532 συνάφειοίν
2193 5451 2287 5504 τοῦ
2316 5451 2652 5523 ποθουμένου
2686 5451 3090 5523 διατειχίζεται.

379 5547 576 5612 Ἀλλὰ,
603 5546 786 5615 φησὶν,
804 5543 918 5614 ἐγὼ
941 5541 1021 5608 τῷ
1047 5541 1346 5612 ἀδελφιδῷ
1360 5561 1502 5613 μου,
1518 5544 1617 5597 καὶ
1643 5548 1676 5598 ό
1698 5545 1868 5600 ἀδελ.

297 5638 469 5710 φιδός
481 5655 599 5708 μου
619 5636 768 5708 ἐμοὶ,
781 5639 814 5691 ὁ
836 5635 1165 5707 ποιμαίνων
1177 5635 1247 5690 ἐν
1266 5634 1391 5703 τοῖς
1410 5636 1778 5706 κρίνοις,ἓως
1794 5633 1868 5695 οὗ

2065 5545 2164 5601 Sed
2219 5563 2342 5616 ego,
2400 5548 2608 5618 inquit,
2673 5548 2903 5618 patrueli
2973 5563 3123 5614 meo,
3179 5555 3230 5601 et
3293 5549 3552 5614 patrium

1976 5656 2120 5694 meus
2152 5641 2316 5707 mihi,
2345 5640 2435 5709 qui
2463 5643 2632 5710 pascit
2667 5643 2804 5698 inter
2844 5640 2992 5710 lilia,
3034 5639 3197 5695 donec
3237 5636 3554 5710 perspirarit

367 5750 393 5784 ⁸
436 5748 582 5809 Psal.
619 5767 777 5821 xxiii,
812 5751 869 5810 8,
905 5751 964 5838 r‘
989 5748 1151 5809 Hebr.
1185 5767 1225 5821 ι,
1275 5752 1358 5809 14.
1437 5754 1456 5788 ⁷
1505 5753 1700 5811 Matth.
1727 5770 1803 5822 tv,
1837 5754 1847 5810 ί

1998 5758 2026 5790 ⁸
2067 5755 2212 5814 Psal.
2245 5771 2450 5824 cxxvu,
2491 5758 2543 5813 5.
