3854 6216
375 277 482 336 833

1593 291 1651 348 S.
1693 293 2021 354 GREGORII
2058 298 2356 358 NYSSENI

3516 311 3640 366 885

369 395 484 452 dies
511 404 562 449 et
607 405 762 452 mota:
793 397 991 466 fuerint
1025 399 1248 458 umbrae.
1301 403 1414 460 Hoc
1459 414 1642 463 autem
1679 418 1762 465 est
1792 424 1810 464 :
1837 409 1933 467 Vid

2063 419 2401 489 διαπνεύσῃ
2428 421 2466 489 ἡ
2488 419 2696 490 ἡμέρα.
2720 421 2819 475 καὶ
2838 421 3163 490 κινηθῶσιν
3178 426 3238 478 al
3257 427 3422 479 σκιαί
3429 469 3441 480 .
3466 429 3643 485 Τοῦτο

372 485 514 542 facie
538 485 604 539 ad
635 484 832 542 laciem
862 504 986 544 eum
1017 489 1109 560 qui
1141 507 1357 563 semper
1383 507 1586 562 manet,
1617 507 1671 554 et
1699 502 1792 571 qui
1822 518 1951 573 pro-

371 586 494 652 pter
518 594 605 634 me
629 595 696 634 ex
725 595 918 636 sorore
940 597 1058 637 mea
1089 583 1377 657 Synagoga
1408 588 1460 643 in
1493 590 1728 646 humana
1756 604 1952 650 natura

369 677 457 725 est
491 678 752 733 exortus,
789 681 844 726 et
878 673 933 727 in
967 690 1033 728 eo
1065 677 1358 744 requiesco
1379 719 1392 742 ,
1429 687 1485 734 et
1524 681 1594 735 lio
1627 687 1750 752 ejus
1787 685 1946 740 habi-

369 762 636 818 taculum.
680 760 781 818 Hic
808 763 953 818 enim
987 775 1071 822 est
1101 776 1291 836 pastor
1319 769 1498 827 bonus
1518 811 1533 834 ,
1565 774 1658 844 qui
1689 789 1796 830 non
1825 775 1952 831 feno

371 853 550 921 pascit
591 868 846 923 gregem,
894 857 989 912 sed
1038 873 1177 926 puro
1213 859 1329 914 lilio
1376 862 1555 932 pascit
1587 879 1738 920 oves.
1777 864 1827 924 ls
1857 877 1944 926 est

367 944 518 998 enim
562 960 753 1000 revera
799 947 895 1016 qui
948 948 1072 1004 leno
1100 965 1210 1006 non
1247 953 1486 1023 amplius
1525 957 1696 1011 nutrit
1739 957 1946 1016 fenum.

368 1034 590 1092 Natura:
624 1039 770 1095 enim
801 1043 1013 1111 experti
1047 1043 1278 1100 rationis
1309 1048 1592 1117 proprium
1639 1053 1948 1108 nutrimen-

369 1137 483 1182 tum
519 1137 604 1184 est
635 1128 842 1187 fenum.
878 1131 1053 1188 Homo
1084 1143 1267 1190 autem
1301 1152 1426 1192 cum
1459 1140 1530 1194 sit
1560 1143 1832 1214 particeps
1859 1160 1950 1198 ra-

367 1221 572 1284 tionis,
609 1238 741 1278 vero
782 1225 1027 1280 nutritur
1079 1228 1272 1282 verbo.
1323 1227 1481 1295 Quod
1536 1233 1583 1287 si
1631 1233 1948 1304 huiusmodi

365 1312 494 1366 feno
529 1311 698 1369 fuerit
730 1318 1195 1386 saturatus,~ipse
1222 1334 1446 1391 quoque
1480 1322 1538 1377 lit
1571 1321 1776 1381 fenum.
1819 1326 1948 1382 0m-

366 1405 451 1460 m's
485 1407 671 1472 enim,
709 1406 930 1478 inquit,
958 1426 1083 1464 caro
1119 1420 1196 1465 est
1238 1411 1417 1482 fenum
1450 1417 1491 1480 ’,
1530 1417 1774 1485 quandiu
1816 1434 1946 1474 caro

361 1503 471 1550 est.
522 1495 621 1550 Sin
666 1505 850 1554 autem
884 1499 978 1554 ﬁat
1014 1502 1248 1573 spiritus
1277 1505 1372 1575 qui
1407 1517 1572 1563 natus
1608 1517 1692 1565 est
1723 1527 1788 1566 ex
1831 1513 1945 1582 spi-

363 1589 516 1652 ritu,
562 1603 673 1642 non
723 1591 960 1661 amplius
1006 1595 1192 1649 cibum
1233 1597 1492 1668 depascet
1545 1617 1610 1656 ex
1651 1601 1810 1667 leno,
1848 1606 1942 1660 sed

363 1677 594 1748 spiritus
623 1680 728 1735 erit
756 1681 877 1751 ejus
907 1684 1228 1741 alimentum
1250 1729 1266 1755 ,
1316 1690 1463 1759 quod
1505 1693 1728 1762 quidem
1773 1697 1940 1752 tacite

363 1769 638 1839 significat
692 1771 793 1826 lilii
851 1775 1066 1843 puritas
1116 1786 1171 1832 et
1219 1755 1398 1836 bonus
1449 1755 1606 1838 odor.
1650 1783 1770 1840 Erit
1809 1755 2013 1858 ergoB

361 1861 480 1929 ipse
507 1876 728 1932 quoque
769 1863 945 1919 lilium
986 1883 1184 1937 purum
1213 1878 1268 1925 et
1298 1872 1438 1927 bene
1467 1874 1623 1931 olens
1645 1915 1660 1940 ,
1695 1884 1939 1936 mutatus

359 1958 416 2007 et
445 1952 712 2011 alteratua
745 1970 814 2013 ex
849 1957 1093 2014 alimenti
1128 1969 1346 2017 natura.
1377 1962 1493 2022 Hoc
1535 1973 1622 2021 est
1669 1966 1789 2025 dies
1836 1971 1935 2040 qui

359 2044 535 2100 radiis
567 2045 896 2103 diﬂ‘unditur
929 2065 1026 2105 seu
1067 2054 1379 2124 perspirat,
1427 2057 1572 2112 sicut
1614 2057 1798 2115 divina
1835 2077 1936 2117 no-

360 2137 591 2194 minavit
625 2138 945 2209 Scriptura,
993 2157 1112 2197 eam
1160 2161 1283 2215 qua:
1327 2163 1424 2217 per
1475 2150 1660 2209 radios
1707 2154 1936 2224 spiritus

359 2226 504 2282 facta
556 2237 642 2285 est
694 2230 1043 2292 diﬂ'usionem
1095 2239 1391 2294 nominans
1439 2243 1933 2312 perspirationem,

359 2318 508 2376 Unde
559 2327 847 2377 moventur
881 2324 1088 2378 umbrae
1138 2327 1309 2382 vitae:
1365 2343 1503 2398 quas
1551 2331 1838 2404 diligenter
1882 2344 1937 2391 et

359 2410 607 2469 studiose
633 2411 947 2479 intuentur,
975 2416 1071 2485 qui
1105 2416 1227 2474 luce
1256 2420 1506 2476 veritatis
1560 2423 1757 2480 animae
1801 2441 1933 2482 ocu-

357 2501 472 2560 lum
507 2517 618 2557 non
653 2503 1049 2574 illustrarunt,
1080 2509 1334 2565 umbram
1366 2519 1421 2567 et
1455 2513 1508 2568 id
1544 2515 1690 2585 quod
1733 2524 1819 2572 est
1842 2533 1936 2576 va-

356 2607 493 2654 num
521 2608 586 2652 ac
613 2595 797 2661 inane,
825 2604 1082 2666 tanquam
1104 2599 1250 2669 quod
1271 2603 1558 2672 consistat,
1583 2607 1931 2677 aspicientes,

354 2693 414 2741 et
445 2687 596 2757 quod
629 2704 760 2748 vere
787 2698 908 2756 est,
945 2699 1208 2762 tanquam
1242 2694 1388 2764 quod
1422 2711 1530 2751 non
1563 2698 1665 2765 sit,
1704 2715 1812 2756 non
1849 2717 1935 2757 re-

355 2778 464 2834 ctis
497 2788 790 2839 cernentes
820 2783 1018 2839 oculis.
1053 2783 1158 2840 Sed
1190 2786 1285 2856 qui
1317 2787 1641 2846 nutriuntur
1668 2807 1765 2862 per
1795 2794 1930 2862 lilia,

354 2869 463 2931 hoc
491 2881 604 2934 est,
635 2888 873 2943 quorum
901 2891 1041 2945 puro
1091 2884 1147 2934 et
1198 2877 1339 2936 bene
1379 2879 1548 2935 olenti
1597 2887 1933 2943 nutrimento

354 2962 739 3036 impinguatur
767 2966 952 3026 anima
975 3007 989 3030 ,
1020 2983 1147 3023 cum
1178 2969 1248 3024 ab
1287 2971 1438 3024 omni
1487 2971 1669 3028 fallaci
1715 2984 1770 3031 et
1808 2993 1930 3032 um-

2051 511 2108 564 δέ
2121 513 2267 564 ἐστιν
2281 529 2294 542 ο
2312 507 2484 574 Ε’ίδον,
2499 513 2654 582 φησὶ,
2669 513 2958 586 πρόσωπον
2975 516 3112 585 πρὸς
3129 516 3419 586 πρόσωπον
3439 520 3529 572 τὸν
3548 523 3643 576 ἀεὶ

2050 602 2180 656 ὄντα
2200 603 2339 674 ὅπερ
2355 602 2490 669 ἐστὶ,
2509 603 2580 656 δι’
2594 603 2695 674 ἐμὲ
2715 603 2771 657 δὲ
2791 607 2855 658 ἐκ
2871 607 2969 676 τῆς
2997 606 3229 677 ἀδελφῆς
3253 625 3354 677 μου
3381 610 3483 681 τῆς
3506 629 3644 665 σον-

2051 695 2658 766 αγωγῆςάνθρωπικῶς
2686 697 3059 761 ἀνατείλαντα,
3101 699 3196 753 καὶ
3223 702 3283 755 ἐν
3313 703 3462 773 αὐτῷ
3495 704 3638 758 ἀναε

2051 786 2318 858 παύομαι,
2361 787 2455 841 καὶ
2498 788 2718 858 γίνομαι
2759 788 2908 860 αὐτῷ
2937 791 3272 862 οἰκητήριον.
3320 789 3491 858 Οὗτος
3521 797 3636 868 γάρ

2049 877 2198 930 ἐστιν
2221 879 2249 930 6
2283 877 2487 948 ποιμὴν
2522 878 2550 929 6
2575 877 2760 941 καλὸς,
2790 879 2850 942 ὃς
2884 879 3006 949 οὐχὶ
3033 881 3225 950 χόρτον
3259 887 3494 938 ποιεῖται
3530 887 3637 958 τὴν

2048 969 2158 1023 τῶν
2186 970 2450 1040 ποιμνίων
2475 971 2665 1040 νομὴν,
2715 971 2850 1026 ἀλλά
2896 973 3155 1044 καθαροῖς
3186 975 3393 1046 κρίνοις
3431 979 3634 1049 τρέφει

2048 1058 2118 1112 τὰ
2146 1059 2414 1130 πρόϐατα,
2456 1061 2530 1113 Οὐ
2568 1060 2764 1130 μηκέτι
2811 1060 2987 1132 χόρτῳ
3030 1063 3248 1134 τρέφων
3287 1063 3379 1117 τὸν
3407 1066 3629 1138 χόρτον.

2063 1149 2191 1204 Ἰδία
2219 1148 2328 1221 γὰρ
2367 1149 2538 1221 τροφὴ
2575 1150 2675 1218 τῆς
2703 1150 2896 1219 ἀλόγου
2939 1151 3154 1220 φύσεως
3180 1153 3209 1204 ὁ
3240 1152 3430 1224 χόρτος
3455 1155 3631 1208 ἐστίν.

2061 1242 2120 1297 Ὀ
2145 1241 2189 1295 δ’
2233 1243 2519 1312 ἄνθρωπος
2568 1243 2784 1311 λογικὸς
2821 1243 2928 1308 ὢν,
2975 1245 3054 1316 τῷ
3091 1244 3327 1316 ἀληθινῷ
3365 1243 3632 1318 τρέφεται

2047 1335 2211 1406 λόγῳ.
2253 1334 2316 1389 Εἰ
2341 1336 2399 1390 δὲ
2441 1337 2680 1389 τοιούτου
2721 1338 3078 1410 ἐμφορηθείη,
3124 1340 3219 1393 καὶ
3248 1340 3412 1404 αὐτὸς
3434 1342 3632 1410 χόρτος

2045 1425 2274 1495 γίνεται.
2307 1427 2483 1482 Πᾶσα
2509 1427 2616 1498 γὰρ
2644 1429 2822 1496 σὰρξ,
2857 1431 3010 1500 φησι,
3058 1433 3271 1499 χόρτος
3299 1431 3491 1496 ἐστὶν,
3521 1431 3630 1496 ἕως

2046 1519 2112 1572 ἂν
2146 1519 2281 1590 σάρξ
2402 1521 2464 1572 Εἰ
2489 1520 2545 1572 δέ
2573 1538 2655 1582 τις
2697 1520 2917 1591 πνεῦμα
2974 1520 3201 1588 γένοιτο,
3235 1521 3517 1592 γεννηθεὶς
3560 1525 3632 1576 ἐκ

2045 1613 2141 1668 τοῦ
2189 1619 2520 1684 πνεύματος.
2571 1614 2753 1667 οὐκέτι
2787 1615 2879 1667 τὸν
2911 1613 3152 1686 χορτώδη
3195 1616 3632 1686 ἐπιϐοσκηθήσε-

2043 1721 2133 1759 ται
2173 1703 2305 1774 βίον,
2341 1704 2476 1758 ἀλλά
2509 1706 2569 1757 τὸ
2613 1706 2829 1776 πνεῦμα
2869 1706 3035 1759 αὐτοῦ
3076 1705 3230 1760 ἔσται
3256 1709 3449 1779 τροφὴ,
3485 1709 3629 1778 ὅπερ

2039 1800 2074 1867 ἡ
2113 1796 2424 1869 καθαρότης
2463 1799 2556 1851 καί
2595 1800 2627 1868 ἡ
2672 1798 2894 1852 εὖπνοια
2938 1799 3033 1853 τοῦ
3073 1799 3260 1871 κρίνου
3300 1801 3622 1855 αἰνίσσεται.

2043 1884 2238 1944 Ἔσται
2262 1884 2358 1942 οὖν
2390 1890 2484 1942 καὶ
2520 1885 2701 1954 αὐτὸς,
2742 1890 2982 1961 καθαρὸν
3025 1891 3208 1962 κρίνον
3248 1892 3340 1944 καὶ
3367 1891 3623 1956 εὔπνουν,

2039 1981 2178 2054 πρὸς
2197 1980 2293 2054 τὴν
2311 1985 2513 2053 τροφῆς
2533 1982 2693 2049 φύσιν
2718 1982 3115 2053 ἀλλοιούμενος.
3139 1983 3431 2036 Τουτέστιν
3459 1984 3497 2054 ἡ
3515 1983 3626 2036 δια·

2037 2075 2300 2148 δεχομένη
2325 2077 2446 2140 ταῖς
2465 2078 2677 2130 ἀκτῖσιν
2695 2077 2896 2146 ἡμέρα,
2929 2077 3048 2147 ἦτοι
3065 2077 3414 2137 διαπνέουσα,
3435 2075 3625 2138 καθὼς

2038 2165 2319 2237 ὠνόμασεν
2334 2167 2368 2236 ἠ
2388 2164 2504 2218 θεία
2522 2165 2672 2234 φωνὴ
2686 2164 2782 2234 τὴν
2801 2163 2889 2217 διὰ
2905 2164 2997 2218 τοῦ
3017 2163 3322 2233 πνεύματος
3341 2163 3452 2216 τῶν
3466 2163 3620 2217 ἀκτί-

2037 2274 2146 2312 νων
2168 2257 2456 2328 γινομένην
2485 2257 2748 2326 διάχυσιν,
2771 2256 3031 2326 διαπνοὴν
3053 2257 3394 2326 ὀνομάσασα,
3417 2255 3543 2310 ὅθεν
3563 2259 3620 2310 αἱ

2037 2347 2134 2404 τοῦ
2165 2347 2282 2418 βίου
2316 2348 2733 2418 μετακινοῦνται
2762 2347 2911 2400 σκιαί
2938 2365 2952 2378 ·
2985 2348 3112 2418 περὶ
3130 2347 3198 2410 ἃς
3215 2346 3355 2401 κατά
3379 2346 3622 2417 σπουδὴν

2037 2439 2256 2512 ὁρῶσιν,
2291 2439 2342 2491 οἱ
2378 2439 2544 2508 μήπω
2575 2436 2651 2507 τῷ
2681 2438 2821 2505 φωτὶ⁹
2845 2438 2945 2507 τῆς
2970 2437 3225 2506 ἀληθείας
3249 2436 3343 2492 τὸν
3379 2437 3483 2509 τῆς
3514 2437 3622 2508 ψυ-

2036 2533 2137 2604 χῆς
2163 2529 2440 2601 ὀφθαλμὸν
2492 2528 2958 2596 καταυγάσαντες,
2999 2530 3048 2581 οἱ
3088 2528 3188 2598 τὴν
3223 2527 3381 2582 σκιὰν
3420 2527 3520 2582 καὶ
3560 2529 3622 2582 τὸ

2038 2623 2265 2695 μάταιον
2301 2621 2375 2683 ὡς
2403 2619 2649 2690 ὑφεστὼς
2688 2619 2939 2691 ὁρῶντες,
2990 2621 3085 2672 καὶ
3117 2619 3175 2672 τὸ
3202 2618 3419 2691 άληθῶς
3454 2618 3520 2673 δν
3543 2620 3622 2684 ὡς

2038 2715 2114 2786 μὴ
2133 2715 2193 2768 ὃν
2213 2715 2671 2787 παραϐλέποντες.
2711 2714 2847 2768 Ἀλλ’
2875 2713 3027 2767 οἱδιά
3055 2712 3161 2766 τῶν
3183 2713 3384 2784 κρίνων
3411 2715 3615 2784 τρεφό-

2038 2824 2219 2878 μενοι,
2269 2808 2576 2866 τουτέστιν,
2625 2808 2675 2860 οί
2711 2812 2774 2877 τῇ
2813 2806 3030 2879 καθαρᾷ
3067 2824 3125 2860 τε
3170 2807 3265 2859 καὶ
3310 2807 3618 2880 εὖπνοούσῃ

2032 2900 2205 2968 τροφῇ
2229 2897 2329 2966 τὴν
2351 2897 2527 2968 ψυχὴν
2552 2898 2914 2968 πιαινόμενοι,
2936 2898 3115 2950 πᾶσαν
3131 2897 3418 2968 ἀπατηλήν
3436 2915 3498 2952 τε
3523 2899 3618 2951 καὶ

2038 2988 2275 3059 σκιοειδῆ
2296 2989 2595 3057 φαντασίαν
2621 2987 2729 3042 τῶν
2749 2988 2890 3042 κατά
2918 2989 3010 3041 τὸν
3046 2988 3156 3058 βίον
3177 2988 3364 3041 τοῦτον
3382 2989 3617 3043 σπουδαο

354 3053 523 3112 brosa
572 3056 788 3113 visione
827 3073 1018 3114 eorum
1071 3060 1127 3118 in
1167 3076 1289 3132 quae
1322 3062 1562 3119 studium
1599 3066 1656 3119 in
1689 3066 1792 3122 hac
1822 3069 1931 3124 vita

2041 3053 2275 3149 ζομένων
2309 3053 2521 3133 ἐαυτῶν
2556 3079 2988 3148 ἀποστήσαντες,
3022 3053 3158 3149 πρὸς
3197 3077 3298 3146 τὴν
3349 3075 3616 3151 ἀληθινὴν

354 3147 662 3214 confertur,
699 3165 759 3205 se
791 3151 1156 3212 abduxerint.
1187 3153 1252 3207 ad
1305 3169 1488 3209 rerum
1545 3172 1728 3212 veram
1785 3162 1934 3232 aSpi-

353 3239 504 3294 cient
539 3241 904 3296 substantiam
929 3283 943 3307 ,
975 3242 1152 3298 eli'ecti
1184 3244 1277 3299 lilii
1301 3246 1442 3301 lucis
1475 3257 1529 3301 et
1555 3249 1684 3304 diei.

429 3328 554 3384 Haec
591 3332 790 3400 aspicit
829 3347 1033 3402 sponsa
1055 3373 1070 3395 ,
1105 3343 1162 3389 et
1203 3346 1360 3406 urget
1393 3337 1634 3394 Verbum
1668 3347 1729 3394 ut
1767 3356 1930 3412 quam

355 3421 624 3482 citissime
662 3439 814 3495 spem
844 3425 1113 3481 bonorum
1144 3427 1386 3484 deducat
1416 3430 1484 3485 ad
1513 3430 1769 3487 eﬂ‘ectum
1789 3475 1805 3499 ,
1841 3434 1930 3488 di-

354 3527 488 3569 cens
519 3533 531 3568 :
561 3513 831 3571 Revertere
859 3518 962 3570 cito
983 3559 999 3584 ,
1028 3535 1058 3572 ο
1088 3519 1342 3588 patruelis
1361 3560 1376 3584 ,
1406 3523 1482 3576 sia
1509 3523 1700 3578 similis
1729 3541 1932 3589 caprea:

355 3615 452 3663 aut
494 3606 714 3666 hinnulo
757 3624 1028 3668 cervorum
1071 3627 1236 3680 supra
1280 3623 1480 3669 montes
1525 3617 1926 3674 concavitatum.

356 3697 494 3755 Vide
520 3708 582 3754 ut
615 3715 813 3770 caprea
838 3741 854 3762 .
900 3710 957 3756 tu
988 3703 1084 3772 qui
1117 3705 1318 3774 aspicis
1357 3706 1720 3776 cogitationes
1754 3709 1932 3764 homi-

353 3806 525 3856 num,
569 3800 629 3848 tu
677 3795 776 3863 qui
819 3793 1071 3852 cordium
1121 3796 1258 3866 legis
1307 3796 1755 3868 disceptationes.
1802 3799 1931 3858 Dele

353 3884 564 3954 peccati
616 3886 1060 3954 generationem,
1118 3887 1579 3945 sicut~rhinnulus
1643 3905 1930 3948 cervorum

353 3976 500 4032 tlelet
555 3992 727 4046 genus
788 3986 1121 4047 serpentum,
1178 3979 1343 4037 Vides
1389 3996 1662 4037 concavos
1716 3992 1931 4041 montes

351 4066 478 4120 vita:
526 4066 808 4133 humanae,
853 4085 1087 4139 quorum
1137 4086 1201 4126 ea
1251 4089 1372 4143 quae
1427 4083 1760 4144 assurgunt,
1819 4091 1929 4132 non

353 4167 486 4220 sunt
532 4160 787 4224 vertices,
833 4161 925 4216 sed
961 4161 1169 4218 valles?
1194 4163 1379 4222 Currit
1418 4181 1549 4235 ergo
1573 4181 1733 4236 quam
1760 4168 1931 4222 celer-

353 4249 492 4302 rime
517 4247 753 4304 Verbum
787 4251 853 4305 ad
885 4260 1100 4307 montes
1129 4267 1419 4311 concavos.
1465 4255 1739 4326 Quidquid
1783 4259 1929 4313 enim

352 4338 632 4394 extollitur
690 4340 954 4398 adversus
1022 4345 1330 4410 veritatem,
1365 4356 1448 4401 est
1497 4346 1818 4405 barathrum
1873 4356 1930 4404 et

2031 3171 2140 3225 τῶν
2178 3173 2515 3242 πραγμάτων
2545 3171 2842 3226 ὑπόστασιν
2875 3171 3094 3242 ὄψονται
3114 3212 3130 3238 ,
3177 3171 3282 3226 υἱοὶ
3309 3172 3488 3241 φωτὸς
3519 3174 3614 3227 καὶ

2034 3263 2142 3316 υἱοὶ
2167 3262 2378 3334 ἡμέρας
2407 3263 2702 3333 γινόμενοι.

2101 3351 2287 3406 Ταῦτα
2321 3351 2510 3421 βλέπει
2540 3353 2573 3420 ἡ
2605 3351 2812 3422 νύμφη,
2846 3350 2942 3404 καὶ
2979 3348 3293 3416 κατεπείγει
3317 3347 3409 3403 τὸν
3435 3349 3610 3418 Λόγον

2030 3443 2118 3498 διὰ
2146 3445 2342 3515 τάχους
2385 3445 2465 3507 εἰς
2498 3443 2658 3514 ἔργον
2689 3443 2972 3512 διαγαγεῖν
3017 3441 3124 3495 τῶν
3152 3439 3370 3509 ἀγαθῶν
3399 3441 3502 3513 τὴν
3528 3440 3612 3493 ἐλ-

2032 3534 2180 3597 πίδα,
2199 3535 2618 3601 Ἀπόστρεψον,
2635 3533 2886 3602 λέγουσα,
2924 3527 2972 3586 ὦ
2988 3529 3293 3600 ἀδελφιδὲ,
3311 3531 3614 3602 ὁμοιόθητι

2030 3624 2274 3693 δορκάδι
2310 3625 2349 3692 ἢ
2377 3622 2562 3691 νεϐρῷ
2589 3624 2831 3693 ἐλάφων
2861 3623 2962 3677 ἐπὶ
2997 3624 3071 3678 τὰ
3097 3623 3203 3692 ὄρη
3242 3621 3364 3675 τῶν
3395 3625 3610 3676 κοιλω-

2024 3715 2246 3785 μάτων.
2294 3715 2401 3768 Ἴδε
2444 3715 2519 3778 ὡς
2560 3713 2779 3784 δορκάς,
2814 3715 2844 3766 6
2879 3715 2979 3778 τὰς
3012 3712 3339 3784 ἐνθυμήσεις
3377 3711 3492 3766 τῶν
3519 3713 3614 3766 ἀνι

2031 3806 2263 3878 θρώπων
2311 3805 2542 3875 βλέπων,
2573 3807 2600 3858 ὁ
2643 3806 2770 3870 τοὺς
2805 3805 3188 3876 διαλογισμοὺς
3219 3802 3329 3859 τῶν
3373 3803 3616 3876 καρδιῶν

2029 3894 2435 3964 ἀναγινώσκων.
2499 3895 2786 3963 Ἀφάνισον
2818 3896 2918 3966 τὴν
2947 3894 3111 3966 γονὴν
3143 3897 3243 3965 τῆς
3266 3894 3492 3961 κακίας,
3537 3893 3615 3960 ὡς

2030 3985 2219 4057 νεϐρὸς
2269 3985 2483 4055 ἐλάφων
2527 3987 2894 4049 ἐξαναλίσκων
2945 3985 3006 4038 τὸ
3060 3986 3216 4053 γένος
3257 3985 3366 4037 τῶν
3407 3985 3614 4054 ὄφεων.

2041 4077 2203 4149 Ὁρᾷς
2233 4077 2301 4130 τὰ
2330 4076 2486 4130 κοῖλα
2515 4077 2613 4147 ὅρη
2648 4075 2742 4130 τοῦ
2771 4076 3112 4146 ἀνθρωπίνου
3148 4076 3285 4146 βίου,
3321 4070 3397 4130 ὧν
3416 4076 3488 4130 τὰ
3512 4077 3619 4130 ὲπ-

2029 4169 2406 4238 αναστήματα,
2437 4168 2558 4237 οὐχὶ
2595 4168 2897 4240 ἀκρώρειαί
2930 4170 3087 4234 εἰσιν,
3122 4165 3258 4222 ἀλλά
3286 4169 3616 4238 φάραγγεςς

2029 4259 2226 4329 Τρέχει
2254 4259 2444 4327 ,τοίνυν
2473 4261 2576 4322 ἕως
2600 4261 2799 4330 τάχους
2820 4263 2847 4313 6
2877 4260 3050 4327 Λόγος
3076 4259 3169 4312 ἐπὶ
3197 4258 3266 4320 τὰ
3291 4257 3452 4313 κοῖλα
3483 4258 3614 4330 ὅρη.

2030 4351 2147 4403 Πᾶν
2179 4350 2288 4421 γάρ
2306 4349 2368 4402 τὸ
2392 4350 2534 4404 κατά
2553 4350 2652 4420 τῆς
2683 4351 2940 4422 ἀληθείας
2966 4351 3290 4422 ὑψούμενον,
3333 4350 3618 4422 βάραθρόν

354 4445 462 4484 non
513 4447 709 4496 mons,
782 4437 1099 4490 concavitas
1151 4447 1204 4491 et
1258 4453 1366 4492 non
1424 4453 1719 4510 assurgens
1772 4440 1926 4497 lasti-

2041 4440 2144 4494 ἐστι
2181 4441 2276 4493 καί⁸
2316 4441 2436 4510 οὐχὶ
2486 4441 2630 4511 ὅρος.
2681 4443 2977 4513 Κοίλωμα,
3029 4442 3124 4494 καὶ
3169 4441 3269 4494 οὐκ
3297 4441 3613 4512 ἀνάστημα,

351 4521 524 4591 gium.
575 4521 634 4576 Si
677 4538 839 4594 ergo,
883 4525 1091 4595 inquit,
1124 4527 1192 4581 ad
1226 4527 1340 4581 haec
1369 4531 1700 4594 accurreris,
1741 4531 1926 4587 Omnis

351 4611 506 4665 vallis
557 4613 860 4680 implebitur
914 4625 965 4669 et
1014 4618 1182 4670 omnis
1232 4634 1382 4671 mam
1414 4618 1715 4688 hujusmodi
1751 4622 1926 4676 humi-

281 4741 309 4781 ξ,
354 4703 574 4758 liabitur
606 4706 668 4758 '°.
724 4705 791 4760 Et
838 4707 956 4762 haec
1005 4709 1139 4762 dicit
1183 4709 1360 4763 anima
1390 4726 1553 4781 quam
1585 4714 1760 4783 pascit
1790 4713 1929 4771 Ver-

287 4783 293 4856 ἶ
352 4791 518 4857 bum,
571 4810 682 4851 non
727 4797 1005 4868 aliquibus
1045 4799 1221 4868 spinis
1275 4810 1371 4854 aut
1413 4802 1572 4869 leno,
1633 4805 1728 4859 scd
1782 4806 1928 4862 bono

285 4870 309 4932 ῗι
350 4885 522 4938 odore
565 4885 804 4941 liliorum
847 4903 997 4956 purae
1050 4889 1175 4944 vitae
1223 4891 1734 4951 administrationis.
1795 4895 1929 4962 Qui-

351 4975 458 5035 bus
506 4979 671 5032 etiam
717 4977 879 5034 nobis
909 4980 1068 5036 detur
1110 4981 1299 5036 satiari
1346 4982 1519 5052 pastis
1559 4999 1588 5038 a
1627 4983 1826 5053 Verbo,
1872 4990 1928 5042 in

353 5067 576 5124 Christo
602 5067 731 5124 Jesu
759 5068 992 5128 Domino
1019 5079 1246 5138 nostro,
1274 5074 1363 5128 cui
1395 5075 1570 5145 gloria
1603 5084 1656 5130 et
1685 5079 1928 5148 potentia

355 5172 481 5212 cum
520 5167 712 5215 sancto
741 5160 984 5231 Spiritu,
1017 5177 1166 5224 nunc
1193 5169 1248 5221 et
1282 5180 1520 5236 semper,
1552 5174 1606 5222 et
1640 5167 1696 5222 in
1733 5170 1929 5226 saecula

351 5249 704 5312 mulorum.
734 5249 929 5308 Amen.

928 5386 1214 5444 HOMILIA
1245 5388 1334 5447 Vl.

425 5495 558 5554 Cn.
591 5513 672 5566 ιιι,
691 5515 835 5556 vers.
855 5502 908 5556 1.
935 5500 1000 5560 In
1022 5501 1155 5557 lecto
1172 5514 1334 5563 noctu
1355 5507 1569 5578 quaesivi
1586 5523 1735 5583 quem
1758 5507 1930 5580 diligit

423 5683 447 5723 ⁹
487 5679 613 5743 lsai.
649 5699 740 5752 XL,
770 5685 826 5742 6.
903 5685 950 5717 ¹⁰
987 5683 1112 5748 lsai.
1167 5703 1255 5754 ιιι,
1291 5686 1360 5760 4;
1394 5687 1526 5746 Luc.
1588 5706 1668 5759 ιιι,
1723 5692 1756 5749 4

2049 4528 2177 4585 Ἐὰν
2231 4526 2324 4583 οὖν
2373 4530 2684 4604 ἐπιδράμῃς
2735 4532 2828 4588 ἐπὶ⁸
2876 4533 3070 4602 ταῦτα,
3153 4531 3317 4602 φησὶ,
3349 4529 3536 4586 Πᾶσα
3572 4534 3616 4601 ἡ

2031 4619 2271 4685 τοιαύτη
2309 4619 2540 4688 φάραγξ
2582 4621 3068 4689 πληρωθήσεται,
3101 4623 3200 4678 καί
3242 4620 3367 4678 πᾶν
3390 4621 3461 4676 τὸ
3490 4640 3616 4678 τοι-

2031 4709 2212 4763 οῦτον
2245 4710 2382 4778 ὅρος
2426 4712 2950 4778 ταπεινωθήσεται.
2993 4714 3177 4773 Ταῦτα
3230 4713 3532 4784 φθέγγεται
3575 4716 3613 4786 ἡ

2029 4800 2196 4873 ψυχὴ,
2226 4803 2291 4872 ἢν
2317 4803 2594 4871 ποιμαίνει
2622 4804 2650 4855 6
2682 4805 2876 4874 Λόγος,
2910 4807 3010 4860 οὐκ
3034 4808 3090 4859 ἐν
3117 4804 3383 4870 ἀκάνθαις
3406 4806 3550 4860 τισὶν
3577 4805 3614 4876 ἢ

2031 4891 2264 4962 χόρτοις,
2298 4891 2411 4945 ἀλλ’
2437 4895 2495 4945 ἐν
2522 4896 2589 4964 τῇ
2611 4893 2836 4965 εὐοδμία
2861 4897 2970 4947 τῶν
2994 4896 3195 4966 κρίνων
3221 4895 3319 4966 τῆς
3355 4893 3612 4965 καθαρᾶς

2032 4982 2325 5047 πολιτείας.
2370 4977 2471 5038 Ὧν
2512 4985 2721 5052 γένοιτο
2765 4987 2859 5039 καὶ
2893 4988 3040 5058 ἡμᾶς
3082 4985 3461 5058 ἐμφορηθῆναι
3489 5003 3616 5042 not-

2037 5073 2394 5145 μαινομένους
2432 5076 2537 5129 ὑπὸ
2579 5076 2671 5130 τοῦ
2704 5077 2900 5147 Λόγου,
2950 5079 3009 5131 ὲν
3041 5077 3261 5150 Χριστῷ
3315 5075 3492 5146 Ἰησοῦ
3529 5075 3616 5146 τῷ

2030 5167 2220 5238 Κυρίῳ
2248 5167 2426 5239 ήμῶν,
2537 5169 2736 5240 πρέπει
2778 5173 2812 5242 ἡ
2839 5171 2967 5238 δόξα
2990 5173 3082 5226 καὶ
3116 5170 3337 5244 κράτος,
3375 5171 3459 5234 είς
3480 5169 3615 5234 τοὺς

2033 5259 2232 5325 αίῶνας
2259 5260 2368 5314 τῶν
2394 5259 2623 5318 αἰώνων.
2678 5265 2876 5335 Ἀμήν.

2637 5397 2874 5452 οΜιΑιΑ
2917 5401 3006 5465 (τ’.

2113 5513 2235 5566 Ἐπὶ
2264 5513 2470 5581 κοίτην
2505 5529 2624 5583 μου
2661 5511 2732 5568 ἐν
2776 5512 2956 5579 νυξὶν
2992 5512 3253 5584 ἐζήτησα
3279 5510 3353 5568 ὃν
3378 5507 3615 5579 ἠγάπη-
