3854 6216
164 339 290 396 885

1211 339 1279 397 ΙΝ
1312 339 1608 397 CANTICA
1646 340 1916 396 CANTIC.
1963 336 2246 395 llOMlLlA
2292 336 2378 393 Vl.

3336 327 3440 382 836

164 470 298 509 σειν
321 453 361 522 ἡ
390 453 560 524 ψυχή
589 472 730 524 μου.
778 453 1066 525 Ἐξήτησα
1093 459 1298 522 αὑτὸν,
1318 459 1416 512 καὶ
1439 462 1552 530 οὐχ
1585 454 1765 529 εὖρον

1877 457 2044 510 mima
2061 471 2193 508 mea.
2214 451 2444 520 Quwsiri
2462 465 2579 504 eum
2595 457 2643 502 et
2663 463 2764 500 non
2782 444 2953 499 inveni
2963 459 3081 497 eum
3100 457 3116 496 .·
3137 443 3312 496 vocavi
3324 458 3443 495 eum

164 545 402 598 αὐτόν’
438 545 707 599 ἐκάλεσα
740 547 949 613 αὐτὸν,
991 548 1091 601 καὶ
1114 550 1227 619 οὐχ
1263 550 1586 620 ὑπήκουσέ
1618 568 1760 620 μου.

183 635 634 705 Ἀναστήσομαι
655 636 725 690 δὲ
739 638 839 692 καὶ
859 640 1150 694 κυκλὼσω
1169 641 1240 694 ἐν
1253 640 1329 711 τῇ
1343 643 1534 705 πόλει,
1547 642 1617 696 ἑν
1636 641 1766 709 ταῖς

167 727 426 798 ἀγοραῖς
447 728 552 783 καί
565 729 636 782 ἐν
652 730 782 796 ταῖς
801 733 1133 799 πλατείαις,
1153 734 1251 789 καὶ
1269 734 1501 802 ζητήσω
1528 735 1602 790 ὃν
1627 735 1764 805 ἠγά-

171 831 392 886 πησεν
411 819 450 887 ἠ
469 819 639 890 ψυχή
662 837 804 890 μου.
822 820 1106 892 Ἐζήτησα
1127 824 1313 878 αὑτὸν
1333 828 1558 896 καὶούχ
1583 822 1765 896 εὗρον

169 911 395 966 αὐτόν.
423 911 790 969 Ἐπεκάλεσα
811 914 1018 981 αὐτὸν,
1041 917 1139 970 καὶ
1162 921 1273 986 οὐχ
1292 917 1608 985 ὑπήκουσέ
1621 937 1761 990 μου.

174 1002 472 1072 Εῧροσάν
481 1021 558 1074 με
579 1007 633 1060 ol
653 1006 999 1075 τηροῦντες,
1014 1013 1067 1063 οἱ
1092 1010 1464 1078 κυκλοῦντες
1483 1012 1552 1065 ἐν
1569 1011 1644 1082 τῇ
1659 1014 1767 1067 πό-

171 1097 298 1149 λει.
324 1095 422 1166 Μὴ
445 1095 518 1150 ὃν
547 1097 865 1167 ἠγάπησεν
885 1101 923 1168 ἡ
950 1101 1119 1171 ψυχή
1132 1120 1273 1171 μου,
1293 1104 1520 1168 sidere;
1563 1106 1659 1170 Ὠς
1679 1123 1766 1174 μι-

175 1186 336 1254 κρὸν
349 1187 446 1240 ὅτε
459 1187 776 1256 παρῆλθον
787 1189 888 1244 ἀπε
901 1190 1120 1255 αὐτῶν,
1133 1191 1249 1257 ἕως
1267 1189 1337 1249 οὗ
1355 1189 1534 1264 εὖρον
1550 1194 1616 1248 ὃν
1630 1192 1767 1266 ἠγά-

174 1280 437 1347 ττησενή
455 1279 623 1348 ψυχή
639 1297 776 1350 μου.
814 1281 1140 1350 Ἐκράτησα
1152 1283 1362 1346 αὐτὸν,
1382 1284 1601 1338 καὶούκ
1614 1284 1768 1352 ἀφῆ-

173 1384 264 1421 κα
279 1367 490 1433 αὑτὸν,
507 1369 618 1436 ἕως
632 1363 705 1426 οὗ
722 1369 1050 1441 εἰσήγαγον
1063 1371 1250 1425 αὐτὸν
1264 1375 1351 1438 εἰς
1366 1370 1534 1428 οἷκον
1541 1376 1768 1443 μητρός

168 1477 324 1528 μου,
358 1459 459 1514 καί
500 1463 586 1528 είς
627 1462 895 1532 ταμιεῖον
919 1462 1030 1531 τῆς
1053 1466 1488 1532 συλλαϐούσης
1507 1482 1603 1533 με.
1640 1465 1769 1534 Ὥρ-

175 1569 335 1607 κισα
356 1550 531 1622 ὑμᾶς,
557 1553 877 1624 θυγατέρες
913 1555 1323 1625 Ἰερουσαλὴμ,
1347 1557 1417 1610 ὲν
1436 1556 1562 1623 ταῖς
1585 1556 1767 1610 δυνά·

166 1658 346 1712 μεσι,
383 1645 481 1698 καὶ
510 1645 581 1698 ἐν
610 1645 740 1712 ταῖς
784 1647 1071 1716 ίσχύσεσι
1103 1647 1210 1702 τοῦ
1237 1647 1446 1718 άῃοοῦ,
1488 1649 1597 1702 ἐὰν
1623 1649 1770 1718 ἐγεί-

163 1751 328 1804 mre
356 1735 456 1790 καὶ
480 1737 816 1806 ἐξεγείρητε
847 1738 962 1808 τὴν
988 1738 1248 1808 ἀγάπην,
1275 1740 1383 1806 ἕως
1411 1739 1488 1794 ἂν
1511 1739 1764 1809 θελήσῃ.

1863 556 1912 602 et
1943 563 2046 600 non
2075 545 2276 599 audivit
2300 559 2400 596 me.
2425 540 2479 594 2.
2503 539 2729 612 Surgam
2747 546 2922 591 autem
2941 543 2991 588 et
3007 532 3239 588 circuibo
3262 533 3445 586 civita-

1868 650 1969 698 tem
1982 641 2038 694 in
2055 637 2184 709 {oris
2199 646 2248 690 et
2264 636 2320 690 in
2332 633 2550 701 plateis:
2566 640 2615 688 et
2630 644 2868 701 quaeram
2882 649 3033 706 quem
3045 632 3416 703 diligitanima

1863 745 2000 782 mea.
2035 727 2088 782 5.
2118 726 2351 794 Quaesivi
2387 741 2505 779 eum
2531 735 2581 780 et
2621 741 2725 780 non
2751 724 2923 782 inveni
2954 739 3093 777 eum.
3128 721 3445 776 Invenerunt

1863 837 1946 875 me
1958 821 2050 891 qui
2069 818 2372 874 custodiunt
2396 819 2779 872 circumeuntes
2809 817 3098 871 civitatem.
3127 813 3274 867 Num
3292 829 3447 884 quem

1864 913 2043 984 diligit
2075 912 2257 966 anima
2291 927 2407 964 mea
2437 910 2684 965 vidistis?
2717 910 2771 963 4.
2810 908 3218 976 Quamprimum
3255 921 3446 974 parum

1867 1003 1932 1056 ab
1969 1004 2045 1057 eis
2079 1003 2292 1068 transii,
2322 1001 2487 1055 donec
2525 1001 2694 1054 inveni
2724 1016 2842 1054 eum
2873 1015 3024 1068 quem
3057 997 3230 1068 diligit
3268 997 3448 1050 anima

1869 1112 2008 1160 mea,
2044 1095 2188 1149 tenui
2227 1111 2366 1158 euin,
2404 1103 2453 1148 et
2488 1110 2594 1148 non
2625 1091 2806 1146 dimisi
2851 1107 2990 1155 eum,
3023 1089 3185 1143 donec
3214 1104 3330 1143 eum
3364 1088 3449 1140 in-

1870 1187 2083 1242 troduxi
2113 1188 2168 1242 in
2194 1186 2412 1242 domum
2457 1187 2648 1242 matris
2687 1200 2836 1246 mete,
2873 1192 2922 1236 et
2949 1184 3004 1237 in
3039 1182 3285 1236 conclave
3330 1180 3446 1249 ejus

1867 1297 1985 1352 quo:
2011 1298 2092 1336 me
2140 1281 2394 1348 concepit.
2425 1279 2479 1334 5.
2519 1278 2777 1348 Adjuravi
2820 1294 2931 1341 vos,
2969 1276 3097 1346 ﬁlia:
3125 1273 3444 1336 Jerusalem,

1871 1376 1925 1428 in
1958 1374 2312 1443 potestatibus
2343 1382 2393 1426 et
2423 1373 2705 1428 virtutibus
2739 1373 2874 1442 agri,
2927 1370 2974 1425 si
3006 1370 3242 1424 excitetis
3276 1378 3325 1423 et
3354 1383 3448 1428 ea;-

1870 1469 2096 1539 pergisci
2125 1468 2344 1538 faciatis
2389 1469 2724 1533 charitatem,
2759 1465 2922 1518 donec
2949 1464 3092 1518 velit.
3127 1460 3179 1517 6.
3219 1461 3349 1526 Quae
3375 1470 3454 1514 est

1870 1560 1978 1614 ista
2022 1577 2140 1630 qua:
2185 1559 2421 1615 ascendit
2468 1561 2528 1614 in
2573 1559 2841 1613 desertum
2886 1556 3023 1610 sicut
3058 1565 3273 1606 truncus
3319 1552 3452 1620 fumi

1872 1666 2162 1719 evaporans
2212 1651 2484 1721 myrrham
2525 1662 2576 1706 et
2609 1651 2750 1714 thus,
2777 1665 2842 1704 ex
2885 1649 3126 1702 omnibus
3156 1643 3454 1714 pulveribus

1875 1743 2229 1799 aromatorii?
2276 1743 2327 1800 7.
2360 1743 2494 1798 Ecce
2543 1743 2764 1797 lectulus
2810 1740 3145 1796 Salomonis:
3178 1737 3456 1805 sexaginta

177 1823 292 1891 Τίς
321 1827 473 1896 αὕτη
503 1829 542 1897 ἠ
574 1830 991 1884 ἀναϐαίνουσα
1025 1829 1094 1884 ἐκ
1125 1830 1236 1900 τῆς
1260 1829 1506 1899 ἐρήμου,
1529 1831 1609 1896 ὡς
1628 1847 1764 1884 στε-

1877 1835 2032 1902 lortes
2063 1836 2206 1889 circa
2245 1852 2360 1890 eum
2387 1852 2453 1890 e1:
2486 1835 2713 1906 fortibus
2747 1833 2938 1888 Israel.
2973 1833 3028 1887 8.
3061 1830 3254 1887 Omnes
3283 1838 3457 1882 tenen-

172 1917 342 1986 ,λέχη
381 1921 776 1990 τεθυμιαμένη
817 1923 1097 1991 σμύρναν
1144 1924 1244 1976 καὶ
1294 1924 1580 1988 λίϐανον,
1646 1923 1767 1977 ἀπὸ

174 2008 435 2063 πάντων
475 2010 798 2080 κονιορτῶν
823 2013 1137 2082 μυρεψοῦ;
1187 2014 1334 2068 Ἰδοὺ
1371 2017 1410 2084 ἡ
1445 2015 1625 2080 κλίνη
1661 2013 1768 2068 τοῦ

1873 1933 1950 1979 tes
1984 1925 2246 1996 gladium,
2281 1929 2440 1996 periti
2467 1943 2677 1998 pugnat,
2723 1927 2803 1980 vir
2832 1924 3070 1995 gladium
3099 1938 3256 1991 super
3288 1920 3457 1990 femur

1875 2034 2028 2071 suum
2054 2029 2264 2088 propter
2292 2029 2555 2088 stuporem
2583 2027 2920 2073 nocturnum.

174 2105 612 2175 Σολομῶντος;
683 2108 982 2175 ἐξήκοντα
1025 2110 1270 2165 δυνατοὶ
1313 2113 1518 2175 κύκλῳ
1569 2109 1761 2178 αὐτῆς
1798 2111 1920 2166 ἀπὸ
1987 2115 2268 2170 δυνατῶν
2299 2116 2560 2185 Ἰσραήλ.
2629 2113 2860 2179 Πάντες
2899 2111 3254 2180 κατέχοντες
3305 2107 3453 2174 ῥομ-

173 2195 396 2264 φαίαν,
437 2196 843 2268 δεδιδαγμένοι
884 2200 1186 2270 πολέμων.
1248 2202 1430 2272 Ἀνὴρ
1454 2201 1760 2272 ῥομφαίαν
1795 2204 1982 2258 αὑτοῦ
2014 2205 2118 2259 ἐπὶ·
2133 2207 2333 2276 μηρόν
2356 2209 2544 2262 αὐτοῦ
2575 2204 2694 2262 ἀπὸ
2717 2202 2980 2273 θάμϐους
3010 2201 3080 2253 ἐν
3111 2197 3311 2263 νυξίνι

259 2287 430 2342 Πάλιν
457 2289 527 2342 τὰ
557 2290 774 2360 μεγάλα
801 2308 860 2343 τε
893 2293 989 2346 καὶ
1017 2292 1196 2362 ὑψηλὰ
1225 2292 1472 2364 δόγματα
1496 2293 1647 2364 παρὰ
1675 2292 1770 2347 τοῦ

180 2377 470 2449 ’ᾼσματος
501 2380 609 2435 τῶν
636 2383 899 2453 ᾀσμάτων
941 2384 1032 2438 διὰ
1061 2385 1163 2455 τῆς
1207 2386 1489 2458 παρούσης
1527 2386 1773 2455 ἀναγνώ-

177 2487 325 2535 σεως
358 2472 746 2544 παιδευόμεθα.
785 2475 1080 2546 Φιλοσοφία
1120 2477 1232 2548 γάρ
1272 2480 1388 2531 ἐστι
1419 2478 1481 2530 τὸ
1504 2478 1604 2548 τῆς
1637 2478 1773 2549 νύμ-

177 2580 297 2633 φης
343 2564 622 2636 διήγημα,
673 2565 740 2619 δι’
766 2559 842 2621 ὧν
881 2567 952 2622 τὰ
996 2568 1125 2640 περὶ
1172 2569 1371 2640 ἑαυτῆς
1416 2568 1770 2640 διεξέρχεται,

176 2655 338 2718 ὅπως
357 2657 464 2727 χρὴ
487 2657 616 2728 περὶ
633 2657 694 2710 τὸ
723 2657 877 2711 Θεῖον
903 2657 1046 2728 ἔχειν
1077 2661 1202 2724 τοὺς
1225 2662 1458 2732 ἐραστὰς
1483 2660 1578 2714 τοῦ
1607 2662 1774 2731 ὑπερ-

177 2746 422 2819 κοσμίου
455 2748 683 2813 κάλλους
727 2749 1182 2822 δογματιζούσης.
1244 2754 1310 2806 Ὃ
1339 2751 1398 2806 δὲ
1430 2753 1773 2825 μανθάνομεν

177 2840 275 2894 διὰ
306 2840 417 2895 τῶν
444 2843 822 2914 προκειμένων
843 2845 1046 2914 λογίων
1065 2845 1306 2900 τοιοῦτόν
1328 2847 1466 2900 ἐστι.
1496 2848 1617 2918 Χρὴ
1642 2847 1769 2917 γὰρ,

179 2931 365 3004 οἶμαι,
399 2935 763 3006 προεκθέσθαι
794 2937 1062 3009 πρότερον
1090 2938 1192 3011 τὴν
1219 2940 1335 3001 τοῖς
1376 2941 1558 3010 ῥητοῖς
1589 2941 1774 3007 ἐγκει-

183 3023 365 3096 μένην
389 3025 660 3080 διάνοιαν·
698 3023 798 3081 εἶθ’
826 3027 1001 3092 οὕτως
1037 3028 1351 3101 ἐφαρμόσαι
1393 3029 1506 3092 τοῖς
1535 3027 1776 3100 προθεω-

1943 2293 2158 2353 Rursus
2220 2313 2416 2368 magna
2475 2305 2536 2352 et
2579 2297 2796 2351 excelsa
2841 2295 3099 2363 dogmata
3145 2305 3176 2344 a
3226 2287 3456 2345 Cantico

1876 2385 2218 2442 canticorum
2249 2403 2346 2458 per
2387 2388 2528 2442 hanc
2558 2387 2818 2442 docemur
2857 2383 3169 2440 lectionem.
3207 2381 3457 2435 Philoso-

1878 2475 2004 2544 phia
2035 2478 2182 2532 enim
2222 2486 2308 2534 est
2345 2494 2564 2547 sponsa:
2604 2478 2851 2533 narratio
2901 2492 2999 2547 per
3031 2491 3095 2531 ea
3132 2489 3256 2546 quae
3287 2473 3354 2529 de
3397 2489 3458 2529 se

1879 2577 2150 2635 recenset,
2215 2571 2504 2626 statuendo
2554 2570 3018 2640 quemadmodum
3075 2568 3131 2622 in
3177 2565 3347 2621 Deum
3398 2581 3477 2622 se

1876 2675 2068 2729 gerere
2112 2667 2365 2730 oporteat
2398 2670 2673 2717 amatores
2699 2659 3162 2731 supramundana:
3206 2655 3466 2733 pulchrh.

1881 2751 2111 2807 tudinis.
2141 2751 2295 2818 Quod
2321 2760 2503 2808 autem
2535 2751 2804 2808 discimus
2832 2765 2929 2820 per
2956 2765 3021 2805 ea
3047 2764 3169 2820 qua:
3183 2757 3312 2804 sunt
3331 2761 3458 2817 pro-

1881 2843 2084 2914 posita,
2121 2860 2294 2915 prope
2325 2851 2412 2899 est
2459 2841 2753 2913 ejusmodi.
2799 2840 3027 2912 Oportet
3058 2841 3228 2903 enim,
3279 2846 3339 2893 ut
3369 2854 3458 2892 ar-

1881 2937 2078 3002 bitror,
2111 2937 2264 3008 prius
2296 2951 2574 3006 exponere
2596 2949 2819 2990 sensum
2845 2933 2937 3003 qui
2970 2932 3115 2987 inest
3153 2933 3204 2984 in
3241 2930 3471 2987 verbisz.

1880 3029 2079 3084 deinde
2120 3029 2286 3084 verba
2320 3028 2588 3084 divinitus
2634 3027 2903 3097 inspirata
2937 3023 3353 3080 accommodare
3389 3023 3458 3078 iis

185 3115 407 3186 ρηθείσι
435 3116 504 3170 τὰ
531 3115 867 3172 θεόπνευστα
905 3121 1144 3190 ῥήματα.
1199 3119 1356 3172 Ἔστι
1382 3119 1581 3183 τοίνυν,
1612 3119 1689 3183 ὡς
1711 3120 1770 3173 ὲν

1877 3138 1996 3191 quae
2026 3129 2155 3177 sunt
2207 3119 2360 3190 prius
2407 3120 2779 3176 considerata.
2835 3120 2932 3174 Est
2959 3133 3112 3188 ergo,
3161 3127 3220 3170 ut
3265 3115 3458 3187 paucis

180 3207 359 3278 ὀλίγῳ
401 3207 691 3263 συνελόντα
729 3209 955 3281 φράσαι,
983 3207 1227 3264 τοιοῦτόν
1269 3228 1319 3263 τι
1347 3209 1522 3280 δόγμα
1551 3209 1640 3263 διὰ
1665 3209 1774 3263 τῶν

182 3297 497 3368 εἰρημένων
535 3299 996 3370 ἀναφαινόμενον·
1035 3302 1168 3371 Διχῇ
1198 3299 1467 3371 τέτμηται
1507 3301 1648 3354 κατὰ
1677 3300 1774 3373 τὴν

184 3390 456 3443 ἀνωτάτω
489 3389 753 3461 διαίρεσιν
779 3392 812 3461 ὴ
840 3389 950 3442 τῶν
985 3388 1155 3442 ὄντων
1188 3390 1371 3459 φύσις.
1420 3391 1494 3445 Τὸ
1536 3393 1634 3462 μὲν
1665 3393 1774 3464 γάρ

185 3483 343 3536 ἑστιν
376 3481 634 3551 αἰσθητὸν
665 3483 760 3537 καὶ
791 3481 992 3545 ὑλῶδες
1012 3498 1026 3511 ο
1075 3481 1139 3534 τὸ
1169 3482 1227 3536 δὲ
1247 3483 1437 3554 νοητὸν
1465 3483 1562 3537 καὶ
1591 3483 1772 3540 ἄῦλον.

184 3572 462 3644 Δίσθητὸν
495 3574 594 3645 μὲν
633 3569 726 3628 οὖν
759 3573 1012 3644 λέγομεν,
1037 3575 1159 3628 ὅσον
1200 3578 1269 3647 τῇ
1315 3575 1566 3646 αἰσθήσει
1601 3592 1774 3628 κατα-

183 3662 542 3736 λαμϐάνομεν
565 3681 586 3700 ’ν
630 3666 816 3738 νοητὸν
841 3666 898 3719 δὲ
938 3665 998 3719 τὸ
1033 3667 1374 3742 ὑπερπίπτον
1401 3667 1504 3737 τὴν
1530 3665 1777 3737 αἰσθητι-

187 3756 297 3829 κὴν
351 3757 717 3829 κατανόησινε-
759 3759 824 3812 ὲκ
856 3757 1061 3813 τούτων
1091 3759 1153 3812 τὸ
1202 3760 1301 3830 μὲν
1329 3759 1518 3830 νοητὸν
1551 3758 1776 3828 ἄπειρόν

190 3852 313 3904 ἔστι
339 3851 436 3904 καὶ
464 3850 717 3922 ἀόριστον
739 3869 753 3882 ·
785 3853 844 3906 τὸ
871 3852 927 3906 δὲ
958 3853 1143 3923 ἕτερον
1168 3852 1386 3905 πάντων
1418 3851 1526 3904 τισὶ
1547 3850 1796 3921 διαλαμ-’

187 3943 418 3996 σάνεται
460 3943 682 4014 πέρασι.
735 3945 925 4015 Πάσης
969 3944 1078 4016 γὰρ
1127 3943 1260 4014 ὕλης
1298 3943 1374 4014 τῷ
1411 3941 1564 4013 ποσῷ
1590 3959 1651 3994 τε
1683 3924 1778 3995 καὶ

187 4034 271 4105 τῷ
299 4035 442 4105 ποιῷ
469 4035 892 4108 διειλημμένης,
943 4037 1002 4089 ὲν
1034 4035 1182 4106 ὄγκῳ
1213 4035 1306 4088 καὶ
1349 4034 1478 4087 εἴδει
1519 4034 1614 4087 καὶ
1658 4035 1777 4086 ἐπι-

188 4129 393 4200 φανείᾳ
431 4129 524 4182 καλ⁹
565 4131 803 4202 σχήματι
857 4130 1030 4201 πέρας
1055 4129 1260 4199 γίνεται
1305 4126 1405 4197 τῆς
1437 4127 1563 4197 περὶ
1608 4125 1776 4197 αὐτὴν

186 4222 579 4293 κατανοήσεως
617 4223 687 4276 τὰ
732 4223 860 4291 περὶ
901 4221 1070 4292 αὐτὴν
1115 4219 1495 4290 θεωρούμενα,
1547 4217 1622 4282 ὡς
1668 4235 1775 4288 μη-

186 4313 279 4368 δὲν
323 4313 470 4384 ἔχειν
512 4314 602 4368 τὸν
647 4315 747 4384 τὴν
793 4313 925 4386 ὕλην
958 4310 1402 4384 διερευνώμενον,
1441 4308 1546 4374 ἔξω
1574 4307 1776 4360 τούτων

188 4408 252 4458 ὲν
283 4406 559 4476 φαντασίᾳ
600 4405 804 4460 λαϐεῖν.
861 4405 935 4459 Τὸ
966 4404 1024 4457 δὲ
1054 4403 1242 4476 νοητόν
1273 4418 1333 4454 τε
1361 4401 1454 4454 καὶ
1489 4399 1648 4452 ἇῦλον
1677 4399 1777 4470 τῆς

1877 3211 2079 3280 dicam,
2118 3210 2438 3282 hujusmodi
2481 3210 2679 3281 dogma
2714 3225 2812 3281 per
2859 3225 2923 3264 ea
2959 3225 3080 3279 quae
3113 3209 3258 3263 dicta
3292 3215 3453 3263 sunt:

1877 3303 2135 3358 Bil‘ariam
2167 3301 2432 3358 dividitur
2460 3315 2644 3356 rerum
2685 3309 3000 3355 creatarum
3033 3306 3231 3352 natura
3262 3313 3330 3352 ex
3362 3312 3458 3352 su-

1878 3407 2065 3462 prema
2097 3391 2388 3447 divisione.
2420 3388 2557 3444 Nam
2591 3389 2737 3443 aliud
2775 3389 2998 3459 quidem
3040 3397 3127 3444 est
3172 3389 3373 3444 sensile
3405 3398 3461 3442 et

1879 3483 2195 3538 materiale:
2234 3482 2384 3538 aliud
2419 3492 2602 3537 autem
2637 3481 2786 3552 quod
2820 3480 3182 3550 intelligentia
3222 3480 3456 3549 percipi-

1876 3583 1990 3642 tur,
2021 3584 2076 3630 et
2115 3582 2198 3629 est
2230 3589 2429 3646 expers
2476 3575 2745 3628 materiae.
2799 3575 2981 3643 Atque
3009 3572 3211 3628 sensile
3238 3571 3460 3642 quidem

1877 3668 2112 3724 dicimus
2141 3667 2410 3739 quidquid
2439 3682 2606 3724 sensu
2637 3665 3144 3738 comprehenditur.
3178 3664 3336 3732 Quod
3377 3665 3462 3719 in-

1877 3760 2175 3829 telligentia
2213 3766 2394 3814 autem
2437 3758 2759 3830 percipitur,
2813 3758 2868 3812 id
2903 3757 3048 3829 quod
3097 3771 3318 3811 omnem
3359 3771 3457 3810 su-

1878 3854 2032 3914 perat
2053 3860 2252 3900 sensus
2275 3846 2846 3916 comprehensionem,
2871 3860 2974 3901 nec
3001 3846 3128 3901 ullis
3148 3845 3462 3900 continetur

1879 3937 2102 3992 ﬁnibus.
2133 3935 2266 3990 Nam
2299 3951 2423 3991 cum
2452 3936 2636 3993 omnis
2669 3936 2896 3992 materia
2927 3951 2959 3990 δ
2992 3945 3277 4006 quanto-et
3309 3936 3460 4006 quali

1879 4027 1951 4083 sit
1969 4027 2386 4097 comprehensa,
2411 4027 2576 4081 unius
2599 4036 2682 4082 est
2706 4026 2905 4082 mentis
2928 4025 3458 4096 comprehensionis,

1879 4133 1942 4173 ea
1963 4133 2083 4188 quae
2105 4127 2231 4171 sunt
2255 4118 2310 4171 in
2338 4117 2456 4187 ipsa
2483 4115 2908 4182 considerantis,
2935 4115 3061 4171 linis
3078 4116 3132 4170 in
3150 4113 3391 4184 pondere
3404 4121 3462 4168 et

1879 4209 2055 4265 forma
2085 4219 2139 4264 et
2185 4208 2476 4279 superﬁcie
2502 4214 2555 4262 et
2591 4207 2763 4278 ﬁgura
2789 4225 2804 4261 :
2846 4205 2982 4261 adeo
3012 4213 3072 4260 ut
3101 4207 3195 4278 qui
3243 4216 3462 4262 scruta-

1878 4313 1970 4356 tur
2004 4301 2316 4364 materiam,
2352 4299 2491 4354 nihil
2536 4299 2713 4368 possit
2735 4307 2892 4354 extra
2939 4298 3055 4353 haec
3101 4297 3461 4368 comprehen-

1879 4393 2010 4448 dere
2033 4393 2087 4447 in
2122 4391 2439 4463 phantasia;
2475 4390 2528 4444 id
2563 4401 2744 4444 autem
2781 4389 3266 4461 quod-percipitur
3297 4391 3461 4445 intel-

188 4466 446 4566 τοιαύτης
474 4466 736 4568 περιοχῆς
767 4495 1069 4568 καθαρεῦον
1100 4466 1353 4564 ἐκφεύγει
1388 4492 1480 4547 τὸν
1519 4493 1642 4561 ὅρον
1661 4531 1676 4556 ,
1716 4466 1772 4545 εν

1879 4487 2124 4556 ligentia,
2164 4495 2219 4540 et
2263 4490 2348 4538 est
2380 4497 2576 4553 expers
2624 4485 2890 4547 materiae,
2940 4497 3138 4552 purum
3190 4483 3259 4538 ab
3308 4485 3460 4537 omni

190 4590 373 4644 οὐδενὶ
408 4589 835 4660 περατούμενον.
889 4589 1060 4642 Πάλιν
1089 4587 1146 4640 δὲ
1181 4587 1276 4640 καὶ
1305 4586 1404 4656 τῆς
1431 4583 1628 4656 νοητῆς
1676 4583 1780 4652 φύ-

192 4697 336 4746 σεως
372 4680 735 4754 διῃρημένης,
761 4682 796 4751 ἠ
831 4681 928 4750 μὲν
950 4680 1202 4742 ᾶκτιστός
1235 4679 1370 4740 ἐστι,
1397 4675 1492 4730 καὶ
1526 4673 1780 4745 ποιητικὴ

188 4773 304 4826 τῶν
336 4773 524 4835 ὄντων,
558 4773 645 4826 ἀεὶ
671 4767 808 4825 οὖσα
833 4772 970 4842 ὅπερ
1003 4769 1127 4823 ἐστί·
1147 4784 1160 4796 ·
1204 4769 1299 4822 καὶ
1337 4767 1567 4820 πάντοτε
1603 4764 1782 4818 ὡσαύ-

190 4881 304 4928 τως
339 4863 557 4934 έχουσα,
590 4864 855 4935 κρείττων
883 4878 942 4915 τε
975 4859 1291 4932 προσθήκης
1323 4857 1543 4929 ἀπάσης
1566 4859 1658 4912 καὶ
1678 4858 1778 4928 τῆς

191 4956 566 5019 ἐλαττώσεως,
595 4957 706 5009 τῶν
727 4954 950 5024 ἀγαθῶν
982 4953 1361 5016 ἀνεπίδεκτος·
1395 4954 1427 5023 ἡ
1459 4952 1518 5005 δὲ
1545 4950 1633 5006 διὰ
1659 4951 1775 5004 κτί-
1811 4949 1818 4957 ’

195 5065 335 5112 σεως
359 5047 700 5120 παραχθεῖσα
747 5048 804 5110 ἐς
843 5045 1067 5115 γένεσιν
1099 5045 1237 5116 πρὸς
1267 5045 1330 5097 τὸ
1360 5042 1574 5116 πρῶτον
1601 5044 1772 5096 αῐτιον

192 5139 286 5192 ἀεὶ
320 5138 540 5209 βλέπει,
589 5139 683 5191 καὶ
717 5139 786 5208 τῇ
835 5135 1098 5208 μετουσίᾳ
1137 5135 1232 5189 τοῦ
1272 5133 1615 5205 περιέχοντος
1655 5134 1772 5187 δια-

193 5229 396 5293 παντὸς
437 5231 496 5283 ὲν
539 5229 618 5300 τῷ
649 5227 839 5299 ἀγαθῷ
879 5229 1260 5299 συντηρεῖται,
1311 5225 1406 5279 καὶ
1431 5226 1630 5296 τρόπον
1654 5225 1775 5279 τινὰ

193 5321 430 5379 πάντοτε
466 5321 729 5385 κτίζεται,
775 5319 866 5374 ἄδι
895 5321 996 5390 τῆς
1036 5322 1096 5373 ὲν
1139 5321 1252 5382 τοῖς
1281 5317 1505 5386 ἀγαθοῖς
1533 5316 1774 5387 ἐπαυξη-

198 5429 338 5475 σεως
376 5412 513 5482 πρὸς
539 5409 600 5464 τὸ
627 5410 810 5482 μεῖζον
834 5410 1211 5480 ἀλλοιουμένη,
1250 5407 1325 5472 ὡς
1358 5407 1490 5478 μηδὲ
1517 5406 1687 5476 ταύτῃ
1720 5423 1772 5459 τι

195 5503 374 5574 πέρας
392 5501 794 5574 ὲνθεωρεῖσθαι,
819 5503 956 5574 μηδὲ
975 5503 1084 5574 ὅρῳ
1108 5502 1216 5556 τινὶ
1236 5501 1334 5572 τὴν
1360 5499 1499 5572 πρὸς
1512 5499 1574 5554 τὸ
1601 5502 1790 5571 κρεῖττ

195 5611 290 5649 τον
319 5594 544 5667 αὔξησιν
576 5594 745 5664 αὐτῆς
791 5593 1264 5667 περιγράφεσθαι·
1308 5593 1421 5646 ἀλλ’
1459 5587 1598 5646 εἶναι
1634 5592 1773 5646 πάν-

198 5701 323 5739 τοτε
347 5685 434 5738 ἀεὶ
471 5684 532 5738 τὸ
559 5685 734 5757 παρὸν
761 5685 985 5756 ἀγαθὸν,
1032 5685 1136 5739 κᾶν
1161 5685 1243 5738 ὅτι
1283 5681 1512 5754 μάλιστα
1539 5681 1679 5753 μέγα
1712 5697 1772 5734 τε

205 5777 300 5833 καὶ
329 5777 533 5833 τέλειον
561 5773 701 5833 εἶναι
730 5779 896 5844 δοκεῖ,
929 5777 1102 5849 ἀρχὴν
1131 5775 1223 5831 τοῦ
1254 5773 1653 5848 ὑπερκειμένου
1680 5773 1774 5829 καὶ

1876 4577 2148 4648 ejusmodi
2197 4573 2714 4645 comprehensione,
2781 4573 2971 4644 eﬂ‘ugit
3024 4573 3339 4637 terminum,
3399 4583 3461 4628 ut

1877 4669 2030 4740 quod
2055 4671 2113 4724 in
2137 4668 2290 4722 nullo
2318 4667 2561 4721 ﬁniatur.
2600 4664 2816 4721 Rursus
2848 4673 3031 4720 autem
3056 4679 3178 4719 cum
3216 4680 3339 4734 qua:
3373 4665 3458 4719 in-

1876 4761 2181 4833 telligentia
2230 4759 2532 4830 percipitur
2570 4766 2788 4820 natura,
2839 4755 3091 4811 bifariam
3142 4755 3214 4810 sit
3259 4755 3452 4821 divisa,

1877 4854 1984 4908 alia
2013 4852 2234 4923 quidem
2266 4859 2349 4905 est
2376 4850 2643 4914 increata,
2676 4859 2742 4902 et-
2756 4862 2945 4902 eorum
2985 4861 3106 4916 quae
3143 4855 3273 4901 sunt
3299 4860 3458 4900 erea-

1883 4946 2012 5020 tris,
2068 4951 2124 4998 et
2167 4958 2290 5014 quae
2322 4957 2536 5012 semper
2568 4948 2662 4995 est-
2702 4939 2754 4993 id
2801 4937 2943 5008 quod
2979 4944 3101 4993 est:
3156 4945 3210 4992 et
3241 4953 3457 5008 semper

1881 5039 2135 5095 similiter
2182 5043 2236 5090 et
2270 5033 2463 5089 eodem
2500 5032 2661 5086 modo
2707 5046 2768 5086 sc
2809 5030 2996 5094 habet,
3041 5037 3095 5085 et
3135 5029 3329 5099 quavis
3358 5030 3457 5084 ad-

1882 5131 2092 5186 ditione
2119 5134 2175 5182 et
2193 5124 2560 5181 diminutione
2597 5131 2680 5178 est
2707 5120 2980 5190 superior,
3017 5134 3116 5174 nec
3144 5119 3286 5174 bona
3312 5121 3456 5175 valet

1882 5223 2158 5292 accipere:
2197 5219 2304 5273 alia
2335 5227 2517 5272 autem
2570 5229 2692 5285 quae
2728 5229 2824 5282 per
2850 5211 3183 5265 creationem
3221 5209 3456 5264 deducta

1881 5317 1948 5371 ad
1981 5311 2410 5386 generationem,
2439 5322 2654 5377 semper
2680 5303 2878 5375 aspicit
2903 5301 2971 5356 ad
3003 5301 3233 5371 primam
3262 5313 3454 5355 eorum

1879 5424 2004 5478 quae
2033 5413 2170 5462 sunt
2192 5417 2439 5466 causam,
2493 5407 2548 5454 et
2577 5395 2993 5470 participatione
3023 5393 3146 5462 ejus
3179 5391 3324 5462 quod
3359 5406 3454 5446 su-

1881 5497 2184 5570 pereminet
2209 5507 2425 5561 semper
2444 5497 2804 5545 conservatur
2830 5487 2882 5540 in
2907 5486 3074 5549 bono,
3103 5491 3156 5538 et
3185 5481 3452 5553 quodam-

1881 5589 2045 5646 modo
2089 5595 2330 5648 creatur,
2377 5599 2472 5654 per
2511 5583 2906 5636 incrementum
2941 5576 2995 5631 in
3051 5573 3210 5630 bonis
3242 5582 3462 5628 mutata.

1881 5682 1947 5736 ad
1978 5679 2031 5734 id
2064 5677 2209 5749 quod
2240 5684 2326 5731 est
2365 5674 2568 5744 majus,
2618 5671 2754 5726 adeo
2796 5677 2856 5724 ut
2896 5685 2963 5723 ne
2991 5668 3045 5721 in
3097 5668 3197 5720 hac
3228 5665 3458 5735 quidem

1882 5771 2262 5828 consideretur
2296 5764 2440 5832 linis,
2473 5778 2649 5834 neque
2687 5761 2798 5816 ullo
2829 5759 3066 5815 termino
3097 5755 3453 5813 circumscri-
