3854 6216
406 233 514 297 887
1645 255 1702 312 s.
1738 256 2068 318 casconu
2101 259 2390 318 NYSSENI
2468 261 2474 264 ·
3566 265 3678 322 sas
3751 83 3810 310 ‘

411 359 568 458 batur
590 361 716 433 ejus
737 365 1136 425 incrementum
1165 370 1232 426 ad
1261 371 1316 426 id
1335 374 1480 444 quod
1503 382 1589 432 est
1619 379 1854 438 melius:
1887 381 1981 439 sed

2101 383 2366 448 ιειζονος’
2401 383 2478 448 ὡς
2499 385 2592 438 καὶ
2618 385 2677 438 ὲν
2706 383 2878 455 τούτῳ
2899 384 2992 437 τὸν
3021 383 3376 440 ἀποστολικὸν
3402 385 3675 458 ἀληθεύε-

403 453 493 546 sit
511 469 731 527 semper
766 458 914 528 quod
945 475 1188 532 pmsens
1222 471 1308 520 est
1344 466 1574 533 bonum,
1613 470 1715 526 etsi
1751 475 1988 531 maxime

2101 474 2218 530 σθαι
2253 473 2432 544 λόγον,
2476 474 2565 528 διὰ
2591 475 2692 546 τῆς
2725 475 2835 529 τῶν
2850 453 3168 546 ἔμπροσθεν
3210 453 3586 544 ἐπεκτάσεως,
3613 483 3677 534 ὲν

401 544 662 602 videatur
694 564 820 606 esse
873 568 1134 626 magnum
1183 564 1240 613 et
1281 560 1613 629 praestabile,
1654 565 1985 636 principium

401 639 527 712 ejus
559 644 708 714 quod
756 651 1148 718 supereminet,
1179 660 1234 708 et
1275 662 1362 708 est
1389 655 1608 726 majus:
1655 659 1792 713 adeo
1825 669 1884 714 ut
1927 660 1984 715 in

403 732 512 789 hoc
538 751 726 794 verum
773 740 847 795 sit
876 742 1021 812 quod
1055 743 1190 800 dicit
1223 745 1522 816 Apostolus
1549 749 1615 814 “,
1649 765 1747 820 per
1787 759 1983 806 exten-

403 827 617 885 sionem
646 831 715 887 ad
744 831 797 888 id
825 835 971 905 quod
998 844 1082 891 est
1115 847 1261 903 ante,
1294 839 1555 894 oblivioni
1586 842 1729 898 datis
1765 842 1832 900 iis
1862 858 1985 915 quae

402 922 561 992 prius
591 934 722 981 sunt
763 927 1024 998 perfecta.
1060 929 1197 985 Nam
1229 932 1374 1002 quod
1411 947 1630 1003 semper
1667 941 1752 990 est
1782 934 1983 1004 majus,

401 1019 463 1070 et
494 1017 642 1086 quod
677 1017 956 1075 invenitur
987 1021 1043 1076 in
1074 1021 1342 1079 bonorum
1371 1024 1810 1094 exsuperatione,
1841 1025 1985 1098 apud

403 1121 468 1162 se
499 1107 753 1165 detinens
784 1110 1126 1169 affectionem
1163 1129 1353 1170 eorum
1385 1117 1480 1186 qui
1509 1124 1640 1172 sunt
1667 1116 1984 1188 participes,

403 1214 516 1254 non
549 1201 683 1258 sinit
713 1204 962 1275 aspicere
993 1206 1061 1260 ad
1094 1221 1156 1262 ea
1197 1223 1319 1278 quae
1346 1215 1476 1263 sunt
1509 1210 1804 1280 praeterita,
1836 1211 1892 1264 in
1924 1210 1993 1266 iis

2090 565 2230 638 λήθῃ
2256 565 2556 637 γινομένων
2583 566 2693 620 τῶν
2721 567 3216 639 προδιηνυσμένων.
3266 569 3338 621 Τὸ
3367 570 3479 640 γὰρ
3515 573 3678 626 ἀεί-ει

2094 654 2308 726 μεῖξον,
2353 655 2448 709 καὶ
2485 654 2610 710 καθ’
2659 655 2964 726 ὑπερϐολὴν
3009 656 3218 726 ἀγαθὸν
3254 659 3679 729 εὑρισκόμενον,

2091 747 2222 818 περὶ
2264 747 2424 802 ἑαυτὸ
2462 747 2689 818 κατέχον
2727 747 2826 820 τὴν
2868 749 2976 802 τῶν
3021 749 3354 820 μετεχόντων
3405 751 3680 819 διάθεσιν,

2092 840 2192 894 οὐκ
2217 841 2280 911 ἐᾷ
2309 840 2444 911 πρὸς
2473 839 2543 893 τά
2573 841 2938 912 παρῳχηκότα
2964 841 3205 911 βλέπειν,
3235 845 3300 912 τῇ
3340 843 3454 895 τῶν
3488 861 3682 916 προτι-

2094 931 2337 1004 μοτέρων
2363 931 2659 986 ἀπολαύσει
2694 932 2803 985 τῶν
2834 933 3271 1004 καταδεεστέρων
3315 933 3414 1004 τὴν
3450 937 3686 1006 μνήμην

2091 1024 2590 1096 παρακρουόμενον.
2639 1024 2714 1077 Τὸ
2745 1026 2842 1094 μὲν
2871 1020 2963 1078 οὖν
2991 1024 3167 1095 νόημα
3191 1025 3250 1077 τὸ
3276 1028 3340 1096 τῇ
3377 1026 3686 1095 φιλοσοφίᾳ.

2091 1117 2185 1170 τοῦ
2215 1117 2488 1187 νυμφικοῦ
2522 1116 2858 1188 διηγήματος
2889 1118 3023 1188 ἡμῖν
3048 1116 3536 1188 δογματιζόμενον,
3564 1136 3685 1171 τοι-

2097 1209 2254 1263 οῦτον
2279 1209 2418 1263 εἶναι
2454 1209 2762 1280 νομίζομεν.

403 1287 659 1348 fruendis
696 1309 820 1364 quae
854 1304 986 1351 sunt
1020 1299 1427 1368 praestantiora,
1497 1300 1785 1355 excutiens
1851 1300 2172 1355 memoriam
2223 1314 2414 1354 eorum
2468 1315 2589 1369 quae
2668 1307 2800 1355 sunt
2854 1297 3146 1355 deteriora.
3221 1314 3398 1370 atque
3446 1314 3684 1355 sensum

404 1386 627 1457 quidem
658 1389 753 1458 qui
783 1403 812 1442 a
842 1389 1190 1462 philos0phia
1217 1408 1432 1464 sponsae
1461 1395 1794 1451 narrationis
1823 1395 1981 1450 nobis
2018 1393 2305 1458 statuitur,
2360 1395 2522 1449 talem
2569 1409 2691 1448 esse
2752 1393 3139 1450 existimantis.

477 1479 718 1550 Tempus
763 1493 946 1538 autem
995 1495 1080 1540 est
1131 1487 1366 1557 primum
1414 1489 1630 1560 quidem
1668 1488 1986 1544 meminisse

405 1584 698 1630 contextus
719 1577 1012 1632 verborum
1041 1579 1353 1634 divinorum
1377 1580 1752 1650 eldquiorum:
1785 1577 1984 1632 deinde

2161 1487 2368 1558 Καιρὸς
2407 1487 2451 1542 δ’
2486 1487 2551 1541 ἂν
2579 1487 2663 1556 εἴη
2694 1486 2908 1557 πρῶτον
2941 1486 3038 1556 μὲν
3069 1486 3238 1556 αὐτῆς
3263 1482 3684 1554 ἐπιμνησθῆναι

2087 1581 2188 1651 τῆς
2212 1581 2407 1646 λέξεως
2429 1580 2537 1633 τῶν
2572 1578 2944 1632 θεοπνεύστων
2966 1577 3162 1646 λογίων
3185 1595 3200 1608 ο
3237 1572 3335 1631 εἶθ’
3364 1576 3546 1640 οὕτως
3579 1579 3649 1644 ἐφ

405 1667 479 1722 iis
514 1683 636 1738 quae
677 1670 831 1738 prius
867 1677 997 1725 sunt
1045 1672 1394 1727 considerata
1447 1671 1708 1742 adaptare
1759 1685 1980 1727 sensum

2101 1672 2324 1742 ιρμόσαι
2354 1672 2467 1734 τοῖς
2514 1669 2943 1740 προθεωρηθείσι
2986 1670 3086 1740 τὴν
3116 1671 3229 1732 τοῖς
3263 1670 3452 1738 ῥητοῖς
3487 1671 3682 1736 ὲγκει-

405 1757 502 1826 qni
569 1759 709 1814 situs
775 1769 858 1815 est
917 1759 972 1814 in
1033 1761 1236 1816 verbis.
1274 1761 1338 1815 In
1391 1761 1524 1814 lecto
1566 1773 1722 1815 noctu
1769 1760 1985 1830 quwsivi

2101 1762 2259 1834 μένην
2287 1761 2542 1816 διάνοιαν.
2578 1761 2702 1815 Ἐπὶ
2735 1761 2944 1827 κοίτην
2959 1777 3078 1828 μου
3109 1760 3180 1813 ἐν
3205 1759 3385 1823 νυξὶν
3404 1757 3677 1826 ἐζήτησα

406 1865 603 1918 ipsum,
641 1862 689 1905 et
727 1867 829 1905 non
860 1853 1069 1907 inveni:
1122 1855 1290 1920 ipsum
1321 1854 1520 1916 vocavi,
1556 1861 1606 1907 et
1651 1869 1756 1908 non
1785 1852 1988 1906 audivit

407 1954 509 1994 me.
559 1939 788 2010 Surgam
841 1951 1015 1996 autem
1058 1953 1107 1997 et
1143 1945 1372 1998 circuibo
1407 1945 1669 1998 civitatem
1693 1983 1708 2009 ,
1743 1945 1798 1997 in
1854 1943 1986 2012 foris

413 2040 464 2082 et
499 2033 553 2084 in
594 2032 820 2100 plateis,
866 2043 916 2088 et
947 2051 1184 2104 quwram
1225 2052 1375 2105 quem
1408 2036 1580 2106 diligit
1622 2036 1801 2088 anima
1851 2050 1985 2088 mea.

412 2125 648 2191 Quiesivi
685 2141 803 2178 eum
836 2135 886 2179 et
914 2143 1020 2180 non
1042 2127 1215 2180 inveni
1251 2144 1390 2181 eum.
1427 2125 1744 2182 Invenerunt
1784 2145 1865 2181 me
1901 2129 1990 2196 qui

409 2217 719 2272 custodiunt
741 2218 1124 2273 circumeuntes
1151 2220 1436 2275 civitatem.
1468 2219 1613 2273 Num
1642 2236 1792 2290 quem
1817 2221 1992 2290 diligit

411 2311 596 2363 anima
640 2326 758 2364 mea
806 2310 1050 2366 vidistis?
1091 2311 1495 2380 Quamprimum
1542 2327 1733 2380 parum
1796 2311 1862 2365 ab
1914 2313 1990 2366 eis

412 2401 629 2463 transii,
678 2399 842 2453 donec
870 2401 1041 2454 inveni
1083 2417 1201 2454 eum
1233 2418 1385 2470 quem
1417 2402 1595 2471 diligit
1623 2401 1803 2454 anima
1838 2418 1990 2456 mea:

413 2492 558 2544 tenui
594 2508 713 2545 eum
753 2501 803 2546 et
845 2508 946 2545 non
980 2491 1160 2546 dimisi
1200 2509 1337 2557 eum,
1374 2492 1541 2547 donec
1573 2509 1688 2546 eum
1720 2494 1993 2546 introduxi

409 2581 467 2636 in
494 2581 710 2636 domum
740 2583 927 2637 matris
965 2599 1112 2647 metr,
1157 2593 1205 2638 et
1237 2585 1290 2637 in
1332 2584 1574 2639 conclave
1615 2585 1730 2655 ejus
1765 2602 1880 2655 qua:
1913 2601 1992 2639 me

411 2677 667 2742 concepit.

486 2951 774 3019 Quomodo
811 2967 944 3023 ergo
986 2953 1042 3007 in
1077 2952 1143 3009 iis
1180 2968 1301 3023 qua:
1335 2953 1480 3007 dicta
1526 2959 1654 3007 sunt
1687 2953 1992 3009 invenimus

2088 1853 2162 1907 ὃν
2188 1852 2505 1922 ἠγάπησεν
2533 1853 2571 1919 ή
2611 1851 2780 1920 ψυχή
2815 1868 2959 1916 μου·
2997 1848 3259 1918 ὲᾷἱτησα
3298 1849 3519 1913 αὐτὸν,
3575 1851 3679 1905 καὶ

2087 1948 2201 2014 οὐχ
2232 1941 2413 2012 εὗρον
2439 1943 2654 1997 αὐτόν·
2692 1941 2958 1996 ἐκάλεσα
2984 1940 3190 2005 αὐτὸν,
3228 1941 3325 1994 καὶ
3369 1942 3487 2008 οὐχ
3522 1941 3682 2005 ὑπή-

2088 2036 2277 2091 κουσέ
2303 2055 2443 2106 μου.
2479 2035 2925 2103 Ἀναστήσομαι
2954 2033 3021 2087 δὲ
3054 2033 3154 2086 καὶ
3179 2031 3478 2086 κυκλώσω
3505 2032 3576 2085 ὲν
3602 2031 3681 2100 τῇ

2089 2128 2296 2192 πόλει,
2341 2129 2412 2181 ἐν
2448 2126 2578 2193 ταῖς
2604 2125 2879 2196 ἀγοραῖς,
2928 2124 3027 2178 καὶ
3059 2124 3129 2177 ἐν
3159 2123 3288 2190 ταῖς
3335 2125 3676 2188 πλατείαις,

2090 2222 2189 2276 καὶ
2215 2220 2446 2290 ζητήσω
2475 2219 2547 2273 ὃν
2583 2220 2904 2288 ἠγάπησεν
2932 2219 2970 2286 ἡ
3001 2216 3172 2287 ψυχή
3202 2235 3342 2286 μου.
3386 2216 3682 2284 Ἐζήτησα

2089 2314 2296 2374 αὐτὸν,
2330 2311 2430 2366 καὶ
2462 2313 2575 2379 οὐχ
2599 2305 2780 2378 εὗρον
2807 2311 3010 2366 αὐτόν.
3066 2307 3347 2377 Εὕροσάν
3366 2326 3445 2378 με
3490 2313 3546 2362 οἱ
3574 2326 3682 2375 τη-

2083 2405 2356 2476 ροῦντες,
2382 2408 2434 2458 οἱ
2461 2403 2834 2468 κυκλοῦντες
2858 2403 2928 2455 ἐν
2955 2401 3030 2471 τῇ
3061 2403 3253 2455 πόλει.
3285 2401 3381 2468 Μὴ
3421 2401 3500 2454 ὃν
3536 2401 3684 2469 imi-

2091 2513 2294 2566 πησεν
2329 2498 2368 2565 ἡ
2409 2494 2580 2564 ψυχή
2605 2511 2724 2563 μου
2750 2494 2944 2557 ῖδετε;
2990 2495 3070 2559 ὡς
3094 2492 3355 2561 σμικρὸν
3383 2493 3485 2544 ὅτε
3529 2506 3683 2560 παρ-

2091 2587 2285 2656 ἦλθον
2322 2586 2424 2641 ἀπ’
2458 2584 2675 2649 αὐτῶν,
2714 2584 2825 2650 ἕως
2865 2584 2936 2638 οὗ
2976 2579 3160 2650 εὗρον
3185 2582 3258 2636 ὃν
3285 2581 3613 2651 ἠγάπησεν
3639 2583 3682 2648 ἠ

2090 2678 2260 2747 ψυχή
2273 2695 2393 2747 μου
2418 2693 2431 2705 ι
2455 2675 2758 2745 ἐκράτησα
2775 2675 2979 2738 αὑτὸν,
2995 2674 3095 2728 καὶ
3112 2676 3222 2727 οὐκ
3241 2672 3451 2741 ἀφῆκα
3469 2671 3680 2732 αὐτὸν.

2091 2771 2202 2836 ἕως
2233 2765 2305 2824 οὗ
2334 2769 2660 2838 εἰσήγαγον
2705 2766 2893 2822 αὑτὸν
2922 2768 3008 2831 εἰς
3050 2762 3218 2819 οἷκον
3257 2765 3491 2834 μητρός
3531 2781 3678 2832 μου.

2093 2861 2191 2915 καὶ
2218 2863 2304 2926 εὶς
2325 2861 2587 2929 ταμιεῖον
2608 2859 2713 2927 τῆς
2742 2857 3182 2923 συλλαϐούσης
3203 2872 3294 2924 με.

2165 2953 2291 3016 Πῶς
2319 2953 2496 3006 τοίνυν
2539 2954 2597 3005 ὲν
2632 2954 2745 3015 τοῖς
2785 2951 3094 3022 εἰρημένοις
3119 2949 3448 3020 εὑρίσκομεν
3489 2947 3560 3000 τά
3591 2947 3680 2999 δο-

414 3061 612 3103 sensus
638 3045 733 3116 qui
763 3045 1070 3115 dogmatice
1102 3061 1198 3114 per
1231 3044 1590 3116 periphrasim
1618 3059 1647 3097 a
1674 3045 1834 3100 nobis
1863 3055 1992 3100 sunt

2101 3043 2380 3116 γματικῶς
2421 3045 2554 3113 ἡμῖν
2601 3040 3054 3112 προθεωρηθέντα
3103 3041 3392 3110 vomicam;
3459 3037 3688 3106 γέγονεν

413 3138 694 3209 expositi?
726 3135 785 3191 In
815 3137 1252 3208 praecedentibus
1285 3136 1726 3200 ascensionibus,
1762 3137 1864 3191 fuit
1896 3153 1995 3207 pro

414 3233 631 3287 ratione
675 3231 798 3301 ejus
843 3230 991 3301 quod
1045 3245 1259 3300 semper
1296 3229 1356 3284 lit
1399 3229 1742 3294 incrementi,
1782 3245 1997 3300 semper

415 3330 631 3378 mutata
664 3323 731 3378 ad
766 3323 820 3378 id
850 3322 996 3393 quod
1027 3331 1113 3377 est
1152 3323 1375 3386 melius,
1403 3331 1456 3377 et
1487 3323 1540 3377 in
1569 3323 1714 3378 bono
1745 3338 1996 3395 compre-

420 3414 594 3468 henso
649 3429 930 3482 nunquam
982 3414 1209 3481 sistens,
1263 3429 1411 3469 nunc
1453 3414 1612 3485 equis
1656 3425 1996 3485 comparata,

419 3506 513 3573 qui
546 3502 867 3576 Egyptium
901 3512 1156 3560 evertunt
1196 3512 1515 3577 tyrannum,
1570 3521 1765 3562 rursus
1811 3519 1993 3563 autem

423 3594 717 3664 torquibus
764 3603 818 3649 et
865 3593 1175 3648 turturibus
1222 3594 1525 3649 assimilata
1567 3595 1621 3650 in
1661 3596 1786 3650 colli
1827 3611 1995 3650 orna-

421 3693 630 3740 mento.
650 3683 854 3741 Deinde
873 3685 960 3740 his
989 3701 1100 3740 non
1129 3694 1384 3742 contenta
1417 3687 1666 3756 procedit
1695 3687 1876 3742 adhuc
1902 3703 1996 3744 su-

422 3778 631 3848 perius.
659 3776 796 3833 Nam
826 3790 926 3848 per
954 3789 1179 3830 suavem
1204 3777 1435 3832 nardum
1459 3779 1702 3835 divinum
1751 3782 1998 3852 agnoscit

421 3872 625 3926 bonum
653 3871 875 3928 odorem
895 3913 912 3938 ,
941 3879 996 3928 et
1026 3887 1127 3928 nec
1171 3874 1228 3927 in
1263 3873 1346 3928 his
1388 3874 1609 3943 quidem
1641 3881 1862 3942 manet,
1899 3873 1996 3931 sed

421 3977 619 4018 rursus
650 3977 775 4018 eum
803 3978 966 4034 quem
1009 3964 1309 4030 desiderat,
1347 3965 1513 4019 veluti
1548 3965 1822 4034 quoddam
1859 3966 1997 4022 bene

422 4053 579 4110 olens
608 4068 818 4119 aroma,
869 4055 1158 4124 suspendit
1207 4056 1349 4108 inter
1396 4070 1494 4110 sua
1531 4056 1742 4111 ratione
1773 4056 1998 4124 praedita

423 4147 620 4214 ubera,
667 4147 815 4203 unde
848 4156 1060 4203 scatent
1084 4149 1271 4204 divina
1310 4148 1662 4216 documenta,
1708 4149 1764 4206 in
1815 4150 1998 4220 amplo

422 4237 612 4294 cordis
637 4239 814 4310 spatio
836 4254 963 4294 eum
989 4239 1247 4294 induens.
1271 4239 1400 4296 Post
1427 4241 1544 4295 haec
1569 4240 1805 4296 fructum
1835 4257 1996 4297 suum

424 4330 560 4386 facit
582 4331 914 4401 Agricolam,
950 4331 1129 4401 ipsum
1164 4331 1378 4385 botrum
1415 4333 1725 4400 nominans,
1769 4349 1996 4389 suavem

425 4431 482 4477 et
527 4431 744 4494 gratum
775 4423 999 4478 odorem
1033 4423 1372 4478 emittentem
1421 4438 1518 4493 per
1557 4423 1764 4479 liorem.
1815 4423 1883 4479 Et
1913 4425 2002 4480 his

425 4516 846 4572 ascensionibus
883 4515 965 4571 sic
989 4525 1173 4579 aucta,
1205 4516 1436 4584 pulchra
1459 4515 1681 4581 dicitur,
1711 4524 1768 4570 et
1791 4517 1848 4572 lit
1873 4531 2003 4588 pro-

425 4607 666 4679 pinqua:
722 4614 778 4664 et
813 4623 935 4678 quae
980 4619 1066 4663 est
1114 4608 1170 4662 in
1223 4608 1398 4677 ipsius
1435 4607 1614 4664 oculis
1657 4608 2005 4678 pulchritudo

427 4697 771 4752 assimilatur
814 4697 1108 4756 columbis.
1142 4697 1348 4753 Deinde
1395 4697 1642 4769 procedit
1675 4699 1742 4754 ad
1776 4700 1828 4754 id
1860 4699 2005 4770 quod

427 4799 516 4847 est
548 4789 749 4860 majus.
785 4788 950 4844 Facta
1001 4791 1149 4845 enim
1202 4790 1574 4861 perspicacior
1633 4791 1728 4847 illa
1783 4807 2007 4863 quoque

428 4882 597 4941 Verbi
639 4883 806 4940 discit
841 4884 1224 4955 decorem,'et
1271 4884 1502 4938 miratur
1543 4885 2003 4955 quemadmodum

431 4974 796 5032 adumbratus
844 4975 1132 5032 descendit
1173 4974 1241 5030 ad
1291 4976 1490 5031 lectum
1533 4977 1660 5032 vitae
1705 4975 2004 5042 inferioris,

432 5068 704 5123 materiali
748 5073 947 5122 natura
979 5068 1230 5138 corporis
1273 5067 1497 5122 humani
1527 5068 1856 5124 occultatus.
1908 5067 2007 5123 His

434 5162 648 5218 accedit
676 5160 824 5231 quod
851 5160 1072 5251 v/irtutis
1099 5161 1318 5215 domum
1337 5160 1518 5217 verbis
1537 5160 1816 5226 describit,
1846 5161 2008 5230 cujus

434 5267 545 5322 qua
575 5252 783 5323 tegitur
822 5250 1054 5306 materia
1089 5257 1173 5306 est
1213 5250 1410 5306 cedrus
1439 5260 1495 5305 et
1541 5266 1858 5320 cupressus,
1888 5265 2011 5321 quae

439 5347 782 5419 putredinem
811 5363 922 5404 non
946 5347 1178 5418 suscipit
1206 5355 1262 5403 et
1286 5345 1693 5417 corruptionem
1711 5385 1726 5409 ,
1763 5361 1860 5416 per
1891 5359 2014 5418 quae

439 5441 622 5496 verbis
652 5440 890 5511 explicat
915 5441 1270 5496 stabilitatem
1303 5447 1359 5495 et
1383 5439 1879 5494 immutabilitatem
1915 5439 2013 5492 ha-

440 5530 712 5587 bitudinis
741 5530 810 5585 ad
846 5531 1072 5587 bonum.
1110 5532 1376 5590 Praeterea
1406 5548 1502 5605 per
1546 5532 2012 5603 comparationem

514 5711 558 5742 “
609 5710 842 5781 Philipp.
887 5725 969 5776 tu,
1027 5711 1107 5767 l5.

2097 3137 2156 3189 ἐν
2181 3138 2299 3199 ταῖς
2347 3133 2745 3205 προλαϐούσαις
2775 3131 2985 3194 ἀνόδοις
3033 3131 3170 3202 πρὸς
3213 3130 3371 3198 λόγον
3408 3131 3510 3199 τῆς
3555 3130 3690 3182 ἑκά-

2100 3246 2250 3284 στοτε
2273 3227 2567 3298 γινομένης
2588 3226 2886 3295 αὐξήσεως.
2920 3223 3030 3277 Ἀεὶ
3050 3224 3160 3294 γὰρ
3189 3223 3326 3293 πρὸς
3349 3222 3408 3274 τὸ
3432 3224 3688 3292 κρεῖττον

2098 3320 2454 3391 ἀλλοιουμένη
2476 3358 2491 3383 ,
2535 3318 2630 3371 καὶ
2678 3317 2933 3370 οὐδέποτε
2980 3316 3073 3368 ἐπὶ
3105 3313 3198 3367 τοῦ
3242 3313 3691 3384 καταληφθέντος

2097 3413 2302 3483 ἀγαθοῦ
2342 3411 2628 3482 ἱσταμένη,
2664 3409 2759 3463 νῦν
2804 3408 2903 3480 μὲν
2941 3408 3094 3478 ἵππῳ
3123 3404 3589 3477 παραϐαλλομένη
3621 3407 3690 3473 τῇ

2098 3503 2592 3577 καταστρεψαμένῃ
2617 3503 2711 3556 τὸν
2741 3501 3041 3570 Αίγύπτιον
3079 3498 3339 3570 τύραννον
3362 3515 3376 3527 ·
3437 3497 3606 3549 πάλιν
3635 3495 3694 3548 δὲ

2099 3599 2382 3670 ὁρμίσκοις
2423 3596 2518 3649 καὶ
2553 3593 2808 3665 τρυγόσιν
2852 3591 3177 3661 εἰκαζομένη
3212 3587 3354 3642 κατὰ
3392 3588 3490 3640 τὸν
3533 3603 3695 3658 περι-

2102 3689 2350 3760 αυχένιον
2387 3688 2610 3758 κόσμον.
2679 3679 2814 3738 Εἶτα
2837 3682 2914 3748 ὠς
2943 3683 3043 3736 οὐκ
3074 3679 3406 3752 ἀρκεσθεῖσα
3449 3677 3693 3740 τούτοις,

2100 3779 2181 3833 ἔτι
2207 3779 2342 3851 πρὸς
2370 3777 2640 3846 ἀνώτερον
2670 3775 2904 3845 πρόεισι.
2949 3774 3048 3826 Διὰ
3079 3771 3188 3841 γὰρ
3215 3771 3314 3841 τῆς
3341 3769 3533 3840 ἡδείας
3557 3769 3693 3840 νάρο

2098 3873 2210 3938 δου,
2232 3870 2330 3942 τὴν
2351 3869 2502 3923 θείαν
2519 3866 2870 3936 ἐπιγινώσκει
2894 3865 3143 3930 εὐωδίαν,
3166 3863 3262 3916 καὶ
3281 3861 3405 3914 οὐδὲ
3427 3864 3486 3914 ὲν
3515 3862 3696 3930 τούτῳ

2103 3965 2274 4036 μένει,
2303 3962 2438 4016 ἀλλὰ
2455 3962 2615 4015 πάλιν
2636 3959 2798 4015 αὐτὸν
2815 3959 2906 4012 τὸν
2929 3955 3262 4026 ποθούμενον
3280 3948 3392 4007 οἷόν
3413 3971 3468 4006 τι
3487 3957 3695 4025 άρωμα

2101 4055 2333 4108 εὔπνουν
2349 4055 2516 4124 ἑαυτῇ
2545 4052 2835 4124 περιάπτει
2855 4049 3055 4120 μεταξὺ
3077 4048 3187 4100 τῶν
3211 4046 3445 4115 λογικῶν
3477 4045 3693 4116 μαζῶν,

2099 4146 2221 4201 ὅθεν
2250 4144 2404 4218 βρύει
2427 4143 2498 4197 τὰ
2519 4143 2639 4197 θεῖα
2670 4142 2998 4212 διδάγματα,
3016 4139 3093 4211 τῷ
3116 4140 3265 4210 χωρή
3275 4154 3406 4209 ματι
3429 4139 3534 4208 τῆς
3567 4155 3695 4208 καρ-

2099 4237 2217 4300 δίας
2243 4235 2604 4306 ὲνδυσαμένη.
2658 4234 2815 4288 Μετὰ
2841 4231 3000 4287 τοῦτο
3036 4231 3248 4302 καρπὸν
3281 4231 3485 4300 ἑαυτῆς
3524 4233 3696 4284 πυιεῖο

2100 4341 2193 4384 ται
2226 4328 2316 4383 τὸν
2345 4325 2615 4400 γεωργὸν,
2665 4325 2858 4396 βότρυν
2891 4325 3055 4378 αὐτὸν
3091 4320 3456 4394 ὀνομάζουσα,
3506 4321 3610 4391 ἡδύ
3644 4336 3696 4371 τι

2104 4421 2201 4475 καὶ
2228 4419 2498 4490 προσηνὲς
2521 4417 2611 4471 διὰ
2632 4416 2725 4469 τοῦ
2748 4414 2943 4478 ἀνθους
2967 4412 3332 4476 εύωδιάζοντα
3357 4428 3370 4441 ·
3395 4413 3495 4465 καὶ
3519 4410 3696 4472 οὓτως

2103 4513 2398 4584 αὐξηθεῖσα
2426 4510 2514 4564 διὰ
2547 4509 2655 4563 τῶν
2683 4508 2940 4562 τοιούτων
2989 4506 3221 4566 ἀνόδων.
3274 4505 3416 4574 καλὴ
3451 4503 3690 4572 λέγεται,

2105 4606 2199 4658 καὶ
2225 4603 2450 4674 πλησίον
2478 4603 2708 4672 γίνεται,
2751 4601 2844 4653 καὶ
2884 4599 3237 4671 περιστεραῖς
3267 4596 3330 4650 τὸ
3359 4597 3418 4649 ὲν
3447 4598 3567 4657 τοῖς
3600 4594 3697 4664 δμ-

2111 4715 2276 4767 μασιν
2299 4695 2471 4767 αὐτῆς
2491 4693 2885 4766 παρεικάζεται
2902 4691 3114 4754 κάλλος.
3136 4685 3268 4742 Εἶτα
3289 4687 3452 4740 πάλιν
3474 4686 3618 4756 πρὸς
3639 4685 3696 4739 τὸ
3739 4713 3742 4724 ι

2109 4790 2292 4862 μεῖζον
2319 4789 2510 4860 χωρεῖ.
2554 4783 2992 4858 Διορατικωτέρα
3015 4782 3122 4852 γὰρ
3144 4779 3412 4850 γενομένη
3438 4777 3691 4846 κάκείνη,

2110 4883 2205 4938 τοῦ
2233 4883 2408 4952 Λόγου
2431 4878 2839 4952 καταμανθάνει
2858 4877 2953 4948 τὴν
2978 4876 3146 4947 ὤραν·
3169 4873 3263 4927 καὶ
3282 4871 3560 4940 θαυμάζει
3583 4871 3697 4932 πῶς

2111 4977 2328 5040 εὖσκιος
2359 4975 2452 5029 ἐπὶ
2495 4973 2592 5045 τὴν
2630 4972 2819 5042 κλίνην
2861 4970 2960 5040 τῆς
2997 4969 3149 5022 κάτω
3181 4966 3326 5035 ζωῆς
3353 4963 3694 5024 καταϐαίνει,

2111 5073 2180 5142 τῇ
2209 5069 2370 5140 ὑλικῇ
2401 5066 2496 5122 τοῦ
2538 5062 2879 5135 ἀνθρωπίνου
2919 5060 3173 5132 σώματος
3205 5057 3366 5126 φύσει
3408 5055 3696 5117 συσκιαζόο

2116 5179 2296 5234 μενος.
2347 5159 2492 5230 Πρὸς
2520 5157 2732 5219 τούτοις
2770 5154 2862 5209 τὸν
2891 5151 2992 5222 τῆς
3020 5151 3220 5222 ἀρετῆς
3258 5143 3407 5200 οἷκον
3436 5145 3516 5212 τῷ
3555 5145 3694 5234 λόγῳ

2115 5233 2429 5321 διαγράφει,
2455 5241 2517 5302 οὗ
2549 5246 2756 5315 γίνεται
2794 5245 2829 5314 ή
2857 5241 3122 5314 ὲρέψιμος
3151 5235 3274 5307 ὕλη,
3306 5235 3497 5304 κέδρος
3521 5251 3585 5286 τε
3609 5233 3695 5288 καὶ

2117 5345 2472 5415 κυπάρισσος,
2492 5338 2784 5410 σηπεδόνος
2805 5351 2866 5389 τε
2885 5335 2980 5388 καὶ
3001 5330 3297 5401 διαφθορᾶς
3320 5326 3690 5387 ἀνεπίδεκτος,

2116 5437 2184 5491 δι’
2219 5429 2294 5490 ὧν
2337 5433 2400 5486 τὸ
2433 5431 2658 5503 μόνιμόν
2700 5445 2762 5482 τε
2797 5426 2890 5481 καὶ
2929 5421 3304 5495 ἀμετάϐλητον
3333 5419 3437 5487 τῆς
3478 5417 3618 5488 πρὸς
3640 5415 3692 5468 τὸ

2118 5529 2322 5600 ἀγαθὸν
2363 5527 2600 5599 σχέσεως
2626 5519 2972 5594 διερμηνεύει
3008 5516 3085 5588 τῷ
3109 5514 3272 5586 λόγῳ.
3327 5511 3456 5566 Ἐπὶ
3489 5509 3690 5569 τούτοις
