3854 6216
159 292 288 354 889
1265 282 1337 341 IN
1374 279 1675 340 CANTICA
1702 273 1972 336 CANTIC.
2017 276 2300 337 HOMILIA
2337 277 2430 333 VI.
3351 265 3457 325 890

159 415 268 468 δ.ὰ
293 408 638 481 συγκρίσεως
665 406 700 478 ἡ
728 403 865 479 πρὸς
889 404 950 458 τὸ
979 404 1227 475 κρεῖττον
1250 400 1422 466 αὐτῆς
1446 393 1769 470 παραλλαγὴ
1800 395 1820 450 Α

1910 394 2182 450 stenditur
2212 393 2334 464 ejus
2379 392 2449 448 ab
2478 405 2545 446 eo
2575 387 2725 461 quod
2756 395 2843 444 est
2888 385 3089 443 melius
3127 381 3455 445 differentia.

163 475 485 570 δείκνυται,
509 501 606 555 καὶ
641 475 824 572 κρίνον
864 499 924 551 ὲν
962 495 1226 558 ἀκάνθαις
1257 492 1443 546 δοκεῖ·
1483 489 1580 544 καὶ
1613 487 1775 541 πάλιν

1911 499 1932 544 ι
1974 488 2192 543 videtur
2229 502 2352 544 esse
2392 485 2570 540 lilium
2604 483 2752 538 inter
2800 481 2993 551 spinas
3029 495 3044 533 :
3079 484 3136 533 et
3168 490 3364 532 rursus
3402 475 3461 529 in

164 597 281 653 καὶ
332 567 479 667 παρ’⁷
515 567 733 662 ἐκείνης
775 589 1076 662 καθορᾶται
1123 584 1219 640 τοῦ
1266 583 1503 656 νυμφίου
1549 581 1612 636 τὸ
1641 581 1777 653 πρὸς

1910 582 1970 636 lla
2002 582 2246 636 cernitur
2279 577 2470 649 sponsi
2517 575 2586 630 ab
2621 573 2742 628 aliis
2769 571 3090 626 discrimen.
3136 567 3464 624 Nominatur

165 688 316 752 τοὺς
347 659 544 749 ἄλλους
573 659 849 756 διάφορον.
883 659 1064 752 Μῆλον
1087 678 1196 752 γὰρ
1219 677 1545 750 ὀνομάζεται
1571 673 1775 747 μεταξὺ

1913 674 2024 726 nim
2068 686 2291 742 pomum
2345 671 2402 724 in
2453 668 2608 739 sylva
2639 664 2814 722 sterili
2859 663 3008 718 bono
3042 661 3258 717 fructus
3293 659 3464 716 odore

168 779 476 851 δρυμῶνος
504 752 780 848 ἀκάρπού,
818 776 884 844 τῇ
920 772 1144 844 εὐχροίᾳ
1171 773 1270 843 τῆς
1299 768 1522 841 ὀπώρας
1552 765 1780 838 ὡραϊζο-

1910 769 2219 830 lecoratum,
2246 761 2408 832 cujus
2444 760 2694 816 umbram
2727 759 2846 834 ipsa
2889 756 3138 819 subiens,
3166 752 3386 810 exsistit
3409 753 3466 806 in

175 888 379 944 μενον,
406 864 468 924 οὗ
491 869 591 940 τὴν
624 866 782 922 σκιὰν
799 864 1107 920 ὑπελθοῦσα
1121 866 1178 918 ὲν
1195 862 1272 934 τῷ
1287 862 1418 932 οίκῳ
1437 861 1662 930 γίνεται,
1684 858 1780 913 καὶ

178 965 394 1036 μύροις
425 961 759 1033 στηρίζεται,
783 959 877 1012 καὶ
904 960 1016 1022 τοῖς
1045 959 1280 1028 καρποῖς
1305 953 1400 1008 τοῦ
1430 954 1602 1025 μήλου
1639 969 1782 1006 στοι-

174 1058 443 1122 6άζεται,
462 1055 557 1108 καὶ
580 1053 639 1107 τὸ
665 1051 923 1107 ἐκλεκτὸν
956 1050 1108 1121 βέλος
1128 1051 1186 1104 ὲν
1204 1052 1272 1120 τῇ
1298 1047 1494 1119 καρδίᾳ
1515 1044 1780 1118 δεξαμένη

175 1151 280 1204 διὰ
301 1151 405 1221 τῆς
426 1147 689 1218 γλυκείας
716 1146 952 1216 πληγῆς,
976 1143 1138 1198 πάλιν
1162 1143 1256 1197 καὶ
1287 1141 1427 1212 αὑτὴ
1463 1139 1614 1210 βέλος
1644 1138 1786 1208 γίνε-

175 1258 280 1295 ται
316 1243 379 1294 ὲν
405 1243 526 1304 ταῖς
552 1241 708 1310 χερσὶ
732 1236 827 1291 τοῦ
857 1236 1098 1301 τοξότου,
1124 1237 1224 1307 τῆς
1256 1235 1354 1305 μὲν
1376 1232 1658 1304 εὐωνύμου
1684 1232 1784 1303 τὴν

178 1331 442 1401 κεφαλὴν
471 1329 608 1402 πρὸς
636 1329 726 1382 τὸν
762 1327 875 1382 ἀνω
901 1326 1103 1381 σκοπὸν
1152 1323 1482 1394 εὐθυνούσης
1507 1341 1522 1354 ·
1576 1323 1678 1394 τῆς
1696 1323 1784 1376 δε-

181 1424 316 1492 ξιᾶς
347 1424 406 1477 δὲ
430 1422 568 1494 πρὸς
597 1421 797 1491 ἑαυτὴν
829 1417 1308 1490 διαλαμϐανούσης
1336 1417 1398 1471 τὸ
1425 1417 1597 1488 βέλος.
1634 1419 1788 1472 Μετά

177 1517 372 1572 ταῦτα
419 1517 494 1580 ὡς
528 1515 630 1587 ἤδη
685 1513 821 1586 πρὸς
857 1513 920 1566 τὸ
954 1511 1159 1565 τέλειον
1199 1509 1490 1579 φθάσασα,
1530 1511 1626 1564 καὶ
1669 1513 1790 1573 ταῖς

182 1610 415 1673 λοιπαῖς
446 1607 545 1680 τὴν
583 1607 676 1661 ἐπὶ
706 1607 800 1660 τὸν
833 1605 1170 1677 ποθούμενον
1212 1603 1524 1675 προθυμίαν
1568 1605 1793 1674 ὑφηγεῖ-

183 1717 284 1753 ται
311 1699 393 1770 τῷ
426 1698 592 1769 λόγῳ,
633 1697 699 1750 δι’
734 1697 1002 1770 ὁρκισμοῦ
1042 1714 1192 1760 τινος
1221 1695 1320 1767 τὴν
1357 1697 1579 1767 ἀγάπην
1609 1695 1790 1749 αὐτῶν

185 1793 588 1863 ἐπεγείρουσα.
630 1791 727 1854 Τίς
757 1786 851 1844 οὖν
881 1791 981 1843 οὐκ
1018 1789 1084 1844 ἂν
1119 1790 1261 1844 είποι
1290 1790 1390 1860 τὴν
1413 1791 1504 1842 ἐπὶ
1537 1789 1790 1844 τοσοῦτον

186 1882 510 1952 ὑψωθεῖσαν
538 1882 717 1952 ψυχὴν
749 1881 808 1934 ἐν
847 1880 926 1951 τῷ
973 1881 1260 1951 ἀκροτάτῳ
1308 1879 1638 1951 γεγενῆσθαι
1679 1881 1792 1952 ὅρῳ

187 1974 299 2045 τῆς
326 1973 698 2045 τελειότητος;
737 1973 879 2026 Ἀλλ’
909 1973 1060 2043 ὅμως
1087 1972 1148 2026 τὸ
1172 1972 1348 2043 πέρας
1371 1973 1480 2026 τῶν
1508 1972 1796 2044 προδιηνυ-

192 2066 423 2137 σμένων
453 2067 597 2138 ἀρχὴ
639 2065 849 2134 γίνεται
880 2066 980 2136 τῆς
1009 2065 1101 2119 ἐπὶ
1131 2064 1201 2119 τὰ
1237 2065 1607 2137 ὑπερκείμενα
1649 2082 1796 2136 χειρ-

192 2159 474 2228 αγωγίας.
529 2159 715 2212 Πάντα
744 2159 853 2230 γὰρ
886 2160 1073 2212 ἐκεῖνα
1108 2159 1295 2228 φωνῆς
1328 2154 1463 2230 ἦχος
1509 2157 1794 2229 ἐνομίσθη,

194 2249 344 2319 πρὸς
377 2250 476 2320 τὴν
518 2249 626 2302 τῶν
653 2248 933 2319 μυστικῶν
971 2247 1204 2318 θεωρίαν
1231 2248 1331 2320 τὴν
1363 2247 1539 2320 ψυχὴν
1568 2248 1658 2302 διὰ
1697 2247 1799 2317 τῆς

195 2343 374 2412 ἀκοῆς
396 2340 852 2413 ἐπιστρεφούσης,
871 2343 964 2395 καὶ
988 2340 1206 2411 βλέπειν
1226 2342 1450 2412 ἄρχεται
1483 2342 1573 2395 τὸν
1605 2341 1800 2394 ποθού-

201 2450 392 2506 μενον,
421 2431 567 2504 άλλῳ
591 2433 721 2486 εῖδει
748 2435 863 2496 τοῖς
885 2434 1183 2506 ὀφθαλμοῖς
1212 2434 1638 2505 ἐμφαινόμενον.
1666 2439 1801 2505 Δορ-

199 2527 332 2583 κάδι
359 2527 470 2599 γάρ
508 2525 816 2597 ὁμοιοῦται,
859 2528 956 2580 καὶ
982 2527 1160 2599 νεϐρῷ
1203 2528 1602 2600 παρεικάζεται
1625 2545 1640 2560 ο
1705 2529 1802 2582 καὶ

199 2620 305 2690 οὐχ
325 2618 580 2690 ἕστηκεν,
610 2617 735 2673 οὗτε
770 2619 864 2674 ἐπὶ
891 2620 991 2692 τῆς
1018 2621 1296 2694 ἡμετέρας
1328 2621 1526 2692 ὅψεως,
1558 2620 1684 2676 οὒτε
1709 2622 1803 2675 ἐπὶ

201 2708 303 2762 τοῦ
345 2708 516 2762 τόπου
550 2709 714 2762 αὐτοῦ
755 2710 818 2764 τὸ
861 2709 1225 2780 φαινόμενονο
1257 2710 1373 2764 ἀλλ’
1421 2711 1662 2782 ὲπιπηδᾷ
1689 2713 1803 2774 τοῖς

203 2799 416 2872 ὄρεσιν,
456 2797 566 2851 ἀπὸ
585 2798 695 2851 τῶν
720 2797 1065 2870 ἀκροτηρίων
1093 2799 1188 2851 ἐπὶ
1211 2798 1309 2861 τὰς
1332 2796 1442 2851 τῶν
1473 2798 1677 2869 βουνῶν
1697 2795 1806 2863 ὲξο-

207 2898 314 2966 χὰς
346 2892 766 2963 μεθαλλόμενος.
811 2893 923 2946 Καὶ
959 2891 1120 2946 πάλιν
1152 2894 1211 2945 ὲν
1244 2891 1451 2962 μείζονι
1471 2891 1803 2944 καταστάσει

208 2989 246 3054 ὴ
276 2985 466 3056 νύμφη
499 2984 732 3054 γίνεται,
762 2986 948 3056 φωνῆς
971 2984 1228 3055 δευτέρας
1258 2983 1394 3055 πρὸς
1421 2981 1592 3055 αὐτὴν
1621 2982 1805 3036 ὲλθού-

1882 858 2044 912 domo
2075 855 2200 920 viri,
2230 863 2285 910 et
2317 853 2548 908 fulcitur
2577 849 2896 922 unguentis,
2925 855 2982 904 et
3009 846 3154 918 pomi
3193 845 3466 900 fructibus

1884 949 2141 1019 stipatur,
2167 954 2222 1001 et
2247 947 2419 1002 electa
2452 945 2652 1016 sagitta
2683 943 2741 997 in
2765 941 2934 998 corde
2961 955 3064 996 suo
3098 943 3343 1008 accepta,
3369 951 3469 1007 per

1885 1039 2102 1095 dulcem
2140 1038 2356 1109 plagam
2390 1037 2509 1106 ipsa
2560 1049 2755 1090 rursus
2789 1034 2848 1086 tit
2876 1031 3072 1103 sagi-tta
3118 1029 3176 1083 in
3214 1027 3470 1082 manibus

1887 1132 2176 1204 sagittarii,
2211 1131 2435 1185 sinistra
2473 1127 2694 1199 quidem
2727 1125 2996 1196 dirigente
3039 1130 3206 1192 caput
3248 1120 3316 1174 ad
3345 1134 3471 1175 sco-

1887 1243 2016 1299 pum
2044 1239 2343 1296 supermun
2371 1238 2384 1275 :
2417 1223 2612 1277 dextra
2644 1227 2827 1274 autem
2856 1217 2922 1272 ad
2954 1215 3191 1286 seipsam
3215 1213 3468 1284 sagittam

1889 1323 2266 1374 convertente.
2315 1313 2446 1369 Post
2477 1313 2613 1374 haec,
2650 1320 2708 1364 ut
2742 1325 2864 1380 qua:
2901 1309 3014 1378 jam
3044 1306 3354 1378 pervenerit
3401 1299 3473 1357 ad

1891 1410 1945 1466 id
1976 1408 2122 1480 quod
2149 1415 2233 1463 est
2266 1404 2597 1476 perfectum,
2640 1401 2856 1456 czeteris
2886 1413 3041 1456 suam
3068 1398 3125 1451 in
3153 1412 3277 1452 eum
3310 1409 3473 1466 quem

1891 1503 2192 1565 desiderat,
2236 1506 2458 1556 enarrat
2509 1497 2860 1558 charitatem,
2918 1491 3132 1546 ratione
3183 1487 3475 1560 cujusdam

1895 1593 2258 1666 adjurationis
2284 1607 2378 1646 eas
2404 1589 2653 1646 excitans
2680 1585 2748 1641 ad
2777 1583 3152 1639 dilectionem.
3183 1579 3319 1646 Quis
3343 1593 3477 1648 ergo
3576 1570 3581 1574 ’

1895 1704 2004 1763 non
2035 1686 2237 1741 dixerit
2265 1683 2505 1738 animam
2537 1694 2659 1751 qua:
2686 1684 2772 1732 est
2796 1674 2931 1730 adeo
2960 1673 3179 1728 sublata
3208 1674 3263 1729 in
3287 1673 3480 1738 altum,

1893 1759 2209 1852 pervenisse
2234 1777 2300 1832 ad
2337 1789 2613 1831 summum
2637 1771 2932 1827 terminum
2961 1763 3350 1838 perfectionis?
3372 1759 3479 1815 Sed

1894 1884 2078 1930 tamen
2123 1871 2244 1928 linis
2289 1883 2481 1925 eorum
2535 1881 2659 1937 qua:
2710 1867 2864 1936 prius
2920 1870 3048 1918 sunt
3095 1856 3372 1918 confecta,
3421 1853 3482 1908 fit

1895 1965 2227 2036 principium
2278 1961 2622 2020 deductionis
2687 1956 2756 2011 ad
2785 1970 2848 2010 ea
2893 1969 3014 2024 quae
3049 1948 3480 2022 supereminent.

1894 2057 2030 2113 Nam
2059 2057 2151 2111 illa
2185 2053 2414 2110 omnino
2461 2059 2591 2106 sunt
2638 2048 2950 2104 existimata
2993 2059 3163 2100 sonus
3193 2041 3342 2095 vocis
3387 2051 3484 2108 per

1897 2154 2144 2209 auditum
2170 2149 2411 2205 animam
2437 2144 2816 2202 convertentis
2837 2141 2904 2196 ad
2933 2137 3264 2194 naturalium
3297 2145 3484 2188 rerum

1898 2243 2448 2313 contemplationem,
2485 2250 2540 2294 et
2568 2236 2761 2306 incipit
2780 2234 2966 2289 videre
2995 2245 3120 2286 eum
3146 2242 3306 2298 quem
3341 2223 3489 2279 desi-

1899 2339 2076 2404 derat,
2103 2338 2160 2391 in
2210 2335 2317 2389 alia
2361 2333 2544 2404 specie
2579 2336 2932 2401 apparentem
2977 2323 3179 2380 oculis.
3211 2318 3348 2374 Nam
3390 2331 3486 2372 ca-

1899 2448 2044 2505 prea:
2071 2429 2252 2488 evadit
2291 2427 2510 2490 similis,
2551 2434 2608 2480 et
2654 2422 2991 2478 assimilatur
3041 2415 3268 2473 hinnulo
3308 2410 3485 2476 cervi;

1901 2541 2004 2581 nec
2058 2531 2143 2580 est
2190 2525 2244 2577 in
2278 2529 2468 2576 nostro
2523 2519 2663 2582 visu,
2717 2529 2821 2570 nec
2857 2514 2912 2567 in
2947 2511 3140 2567 eodem
3180 2509 3302 2562 loco
3342 2502 3489 2574 quod

1903 2626 2163 2691 apparet;
2213 2614 2308 2671 sed
2341 2612 2470 2669 salit
2508 2610 2565 2665 in
2612 2615 2860 2670 montes,
2894 2621 2924 2658 a
2959 2599 3350 2674 promontoriis
3384 2597 3493 2654 sal-

1902 2688 2028 2768 tans
2071 2723 2237 2779 super
2270 2707 2508 2762 vertices
2549 2701 2798 2758 collium.
2838 2697 2905 2751 Et
2936 2709 3134 2750 rursus
3173 2693 3229 2747 in
3277 2688 3494 2746 meliori

1906 2811 2052 2858 statu
2083 2813 2286 2872 sponsa
2319 2795 2700 2856 constituitur,
2737 2805 2863 2844 cum
2896 2786 2964 2842 ad
2995 2801 3116 2841 eam
3148 2783 3362 2839 venerit
3387 2795 3496 2835 vox

1906 2893 2172 2956 secunda,
2211 2906 2309 2962 per
2341 2902 2502 2960 quam
2545 2885 2810 2940 incitatur
2837 2889 2898 2936 ut
2937 2879 3212 2947 relinquat
3245 2873 3497 2929 umbram

1906 3002 2028 3059 qua:
2061 2981 2312 3056 procedit
2346 2995 2415 3036 ex
2446 2977 2677 3050 pariete,
2703 2984 2758 3032 et
2786 2975 2858 3030 sit
2887 2972 2989 3028 sub
3015 2971 3128 3035 dio,
3165 2975 3226 3022 ut
3250 2964 3499 3036 quiescat

212 3097 351 3149 σης,
399 3079 468 3132 δι’
507 3075 576 3152 ἧς
607 3081 961 3151 παρορμᾶται
1003 3078 1327 3133 καταλιπεῖν
1358 3079 1456 3150 τὴν
1492 3077 1587 3131 τοῦ
1623 3077 1802 3148 τοίχου

1910 3079 2013 3136 sub
2037 3075 2280 3148 tegmine
2314 3081 2507 3144 petrae,
2561 3084 2682 3141 qua:
2706 3075 2791 3124 est
2821 3067 2979 3138 juxta
3002 3059 3496 3134 pr0pugnaculum,

215 3168 400 3231 σκιὰν,
425 3168 520 3222 καὶ
549 3170 608 3223 ὲν
637 3167 888 3239 ὑπαίθρῳ
928 3168 1214 3238 γενέσθαι,
1256 3170 1351 3224 καὶ
1394 3172 1460 3239 τῇ
1494 3169 1674 3243 σκέπῃ
1705 3170 1805 3240 τῆς

212 3263 422 3334 ’πέτρας
457 3262 936 3317 συναναπαύεσθαι
956 3303 971 3324 ,
1014 3263 1116 3333 τῆς
1159 3263 1425 3334 ἐχομένης
1456 3263 1553 3316 τοῦ
1586 3280 1806 3333 προτει-

214 3355 502 3426 χίσματος,
527 3356 622 3410 καὶ
652 3356 752 3427 τῆς
787 3355 1011 3428 ἐαρινῆς
1041 3357 1191 3430 ὥρας
1211 3358 1652 3428 κατατρυφῆσαι.
1686 3359 1810 3428 δρε-

215 3449 431 3518 πομένη
457 3448 554 3502 τοῦ
584 3448 778 3520 καιροῦ
805 3449 874 3502 τὰ
915 3448 1051 3521 ἀνθη
1084 3451 1294 3520 ἀκμαῖα
1325 3449 1455 3504 ὄντα
1485 3451 1581 3502 καὶ
1610 3450 1806 3522 ὡραῖα,

218 3541 478 3611 καὶπρὸς
505 3542 678 3612 τομὴν
706 3542 1019 3612 ἐπιτήδεια,
1073 3544 1168 3597 καὶ
1200 3543 1302 3598 ὅσα
1347 3542 1482 3598 ἄλλα
1517 3542 1655 3614 πρὸς
1676 3543 1812 3597 ἀπόε-

218 3631 413 3686 λαυσιν
435 3634 465 3685 ὁ
493 3633 684 3705 καιρὸς
711 3636 824 3697 τοῖς
851 3633 1101 3705 τρυφῶσι
1135 3634 1442 3706 χαρίζεται,
1467 3637 1525 3690 ὲν
1557 3637 1678 3698 ταῖς
1703 3634 1812 3688 τῶν

225 3723 502 3794 μουσικῶν
533 3723 761 3795 ὀρνίθων
793 3728 999 3794 φωναῖς
1023 3741 1036 3755 ·
1093 3725 1161 3778 δι’
1195 3719 1272 3778 ὧν
1302 3725 1466 3779 πάλιν
1501 3724 1814 3796 τελειοτέρα

222 3814 486 3885 γινομένη
509 3816 543 3886 ἡ
567 3815 776 3887 νύμφη,
805 3817 976 3888 αὐτὴν
1010 3817 1153 3884 ἀξιοῖ
1186 3817 1281 3870 τοῦ
1315 3816 1688 3888 φθεγγομένου
1712 3818 1814 3890 τὴν

223 3906 346 3976 δψιν
372 3907 502 3960 ἰδεῖν
531 3907 822 3977 ἐμφανῶς,
853 3909 948 3962 καὶ
982 3910 1074 3963 τὸν
1104 3910 1264 3978 λόγον
1295 3911 1426 3982 παρ’
1467 3910 1632 3964 αὑτοῦ
1657 3910 1815 3976 δέξα-

227 3999 374 4063 σθαι,
422 3999 621 4070 μηκέτι
661 3999 730 4053 δι’
778 4000 980 4071 ἑτέρων
1011 4001 1404 4070 φθεγγόμενον.
1456 4001 1628 4056 Πάλιν
1673 4001 1819 4065 εἰκός

228 4091 376 4144 ἐστιν
400 4091 496 4143 ἐπὶ
516 4091 729 4156 τούτοις
762 4093 1171 4163 μακαρισθῆναι
1199 4093 1302 4163 τὴν
1329 4093 1530 4164 ψυχὴν,
1555 4093 1654 4164 τῆς
1681 4093 1822 4165 ὑψη-

227 4180 328 4252 λῆς
349 4183 670 4247 ἀναϐάσεως
687 4182 783 4237 τοῦ
804 4184 1107 4256 ἀκροτάτου
1127 4185 1236 4239 τῶν
1261 4185 1613 4256 ποθουμένων
1637 4188 1824 4256 ἐφικο-

235 4275 420 4346 μένην.
462 4273 528 4326 Τί
552 4273 661 4345 γὰρ
690 4273 756 4328 ἄν
805 4291 890 4338 τις
923 4273 1108 4344 μεῖζον
1151 4276 1227 4333 εἰς
1260 4278 1612 4350 μακαρισμὸν
1638 4279 1825 4351 ἐννοή..

235 4384 396 4427 σειεν,
422 4365 518 4420 τοῦ
552 4367 717 4420 εἰδεῖν
735 4365 828 4419 τὸν
862 4366 996 4420 Θεόν
1021 4384 1035 4429 ;
1078 4367 1238 4422 Ἀλλὰ
1260 4368 1556 4436 καὶτοῦτο,
1583 4369 1691 4426 τῶν
1725 4373 1826 4443 μὲν

1909 3180 1964 3228 et
1999 3185 2060 3226 se
2100 3167 2253 3224 verni
2280 3162 2546 3235 temporis
2579 3161 2796 3232 expleat
2831 3157 3068 3219 deliciis,
3100 3152 3368 3223 colligens
3399 3148 3501 3203 flo-

1910 3281 2001 3321 res
2041 3263 2208 3333 hujus
2238 3257 2526 3330 temporis,
2561 3255 2658 3327 qui
2689 3260 2820 3310 sunt
2859 3250 3078 3323 pulchri
3113 3255 3168 3304 et
3195 3247 3499 3315 elegantes,

1909 3365 1966 3412 ει
1991 3355 2102 3424 apti
2143 3353 2210 3408 ad
2255 3349 2579 3415 secandum,
2623 3355 2677 3403 et
2726 3357 3068 3416 quaecunque
3133 3339 3240 3394 alia
3287 3346 3504 3407 tempus

1912 3445 2145 3504 fruenda
2169 3444 2393 3500 exhibet
2420 3443 2490 3498 iis
2527 3440 2622 3511 qui
2651 3455 2712 3495 se
2737 3439 2958 3508 explent
2991 3434 3204 3490 deliciis
3233 3433 3289 3485 in
3323 3431 3502 3484 musi-

1913 3556 2101 3597 carum
2130 3540 2313 3594 avium
2356 3536 2587 3592 vocibus
2611 3551 2624 3588 :
2664 3548 2758 3603 per
2784 3546 2906 3601 quae
2929 3542 3132 3598 sponsa
3169 3540 3361 3582 rursus
3381 3537 3506 3578 eva-

1914 3635 2051 3690 dens
2103 3631 2424 3705 perfectior,
2487 3644 2550 3684 se
2600 3627 2824 3696 dignam
2878 3629 3067 3677 censet
3109 3627 3168 3673 ut
3216 3615 3506 3670 manifeste

1917 3729 2192 3783 intueatur
2235 3723 2435 3778 faciem
2480 3721 2622 3788 ejus,
2677 3726 2732 3772 et
2775 3716 2895 3785 ejus
2925 3717 3233 3768 orationem
3268 3709 3507 3778 excipiat

1917 3819 1986 3873 ab
2019 3819 2162 3888 ipso,
2197 3816 2288 3884 qui
2331 3827 2440 3867 non
2486 3809 2722 3879 amplius
2768 3821 2866 3877 per
2909 3805 3077 3859 alium
3121 3801 3286 3858 verba
3315 3799 3505 3854 faciat.

1919 3909 2136 3964 Rursus
2167 3918 2251 3962 est
2279 3913 2710 3961 consentaneum
2752 3906 2976 3970 propter
3005 3897 3121 3951 haec
3145 3896 3359 3951 beatam
3389 3894 3508 3949 exi-
3549 3897 3560 3929 ι

1921 4001 2134 4060 stimari
2182 3999 2444 4063 animam,
2491 4011 2615 4067 quae
2661 3995 2717 4048 in
2766 3993 2874 4046 alta
2904 3989 3232 4046 ascensione
3262 3987 3510 4058 pervenit

1923 4097 1990 4150 ad
2023 4106 2297 4149 summum
2340 4103 2532 4145 eorum
2565 4101 2688 4152 quae
2724 4084 3130 4140 desiderantur.
3181 4078 3325 4147 Quid
3362 4079 3509 4134 enim

1924 4187 1992 4242 ad
2021 4183 2423 4242 beatitudinem
2462 4179 2644 4248 majus
2679 4184 2855 4248 potest
2888 4173 3193 4244 excogitari
3232 4186 3398 4242 quam
3428 4171 3513 4224 vi-

1925 4279 2056 4334 dere
2073 4273 2282 4331 Deum?
2311 4270 2416 4326 Sed
2444 4270 2550 4324 hoc
2575 4283 2795 4339 quoque
2821 4274 2908 4322 est
2929 4265 3152 4337 quidem
3179 4263 3303 4318 finis
3321 4275 3511 4317 eorum

1927 4384 2050 4440 quae
2074 4376 2293 4440 peracta
2323 4372 2472 4426 sunt,
2501 4362 2722 4418 initium
2747 4375 2876 4416 vero
2915 4360 3033 4429 spei
3055 4371 3248 4413 eorum
3278 4369 3402 4426 quae
3426 4370 3514 4411 su-

235 4457 710 4529 προδιηνυσμένων
735 4456 909 4529 πέρας
944 4458 1082 4524 ἐστὶ,
1117 4460 1216 4530 τῆς
1244 4460 1303 4514 δὲ
1342 4461 1452 4514 τῶν
1493 4462 1820 4534 ὑπερκειμέ-

1929 4463 2290 4534 pereminent.
2325 4455 2542 4511 Rursus
2569 4455 2716 4509 enim
2769 4451 2924 4506 audit
2960 4465 3176 4514 vocem,
3209 4462 3331 4519 quae
3357 4446 3514 4516 jubet

236 4568 340 4604 νων
381 4549 597 4612 ἐλπίδος
639 4550 784 4620 ἀρχὴ
828 4551 1054 4619 γίνεται.
1117 4552 1287 4606 Πάλιν
1328 4553 1437 4624 γὰρ
1486 4557 1585 4627 τῆς
1635 4557 1824 4627 φωνῆς

236 4641 423 4698 ἀκούει
449 4642 552 4713 τῆς
580 4642 1037 4716 διακελευομένης
1069 4647 1182 4708 τοῖς
1205 4645 1494 4718 θηρευταῖς
1531 4648 1622 4700 ἐπὶ
1648 4665 1824 4719 σωτη-

243 4735 330 4808 ρίᾳ
359 4733 470 4788 τῶν
501 4734 844 4806 ἀμπελώνων
871 4735 980 4790 τῶν
1011 4736 1268 4806 λογικῶν,
1300 4738 1567 4810 ἀγρεῦσαι
1591 4738 1662 4792 τὰ
1691 4739 1822 4809 βλα⁴

241 4826 408 4883 πτικά
429 4827 537 4881 τῶν
558 4828 788 4898 καρπῶν
810 4827 994 4900 θηρία,
1015 4830 1140 4892 τοὺς
1168 4831 1397 4901 μικροὺς
1418 4831 1662 4894 ἐκείνους
1689 4830 1831 4885 ἀλὼ-

243 4939 415 4985 πεκας
439 4938 454 4952 ·
495 4923 592 4976 καὶ
616 4922 807 4976 τούτου
831 4922 1145 4994 γενομένου,
1193 4926 1505 4996 μεταχωρεῖ
1530 4925 1600 4978 τὰ
1627 4927 1722 4982 δύο
1749 4932 1830 4994 εἰς

245 5014 468 5083 ἄλληλα,
505 5014 612 5067 ὅτε
636 5013 769 5078 Θεὸς
792 5015 850 5067 ὲν
887 5017 954 5086 τῇ
995 5013 1139 5085 ψυχῇ
1180 5016 1485 5087 γινόμενος,
1533 5021 1627 5073 καὶ
1668 5021 1831 5077 πάλιν

248 5108 323 5169 είς
355 5106 449 5159 τὸν
478 5105 614 5161 Θεὸν
662 5109 696 5178 ἡ
731 5105 874 5176 ψυχὴ
920 5107 1306 5177 μετοικίζεται.
1356 5109 1518 5179 Λέγει
1557 5115 1697 5186 γὰρ,
1748 5114 1833 5169 ὅτι

268 5199 592 5269 Αὸελφιδός
647 5218 768 5270 μου
826 5201 958 5270 ἐμοι
980 5217 995 5231 ⁶
1065 5201 1220 5270 κάγὼ
1270 5205 1331 5256 ἐν
1385 5203 1570 5275 αὐτῷ,
1643 5205 1724 5275 τῷ
1772 5209 1831 5260 ὲν

251 5295 356 5355 τοῖς
383 5298 584 5364 κρίνοις
618 5293 985 5362 ποιμαίνοντι,
1017 5293 1113 5346 καὶ
1149 5293 1438 5364 μεταθέντι
1485 5295 1585 5366 τὴν
1618 5295 1832 5368 ἀνθρω-

253 5383 408 5448 πίνην
426 5381 569 5453 ζωὴν
614 5381 722 5436 ἀπὸ
750 5381 860 5436 τῶν
883 5383 1160 5437 σκιοειδῶν
1179 5384 1584 5455 φαντασμάτων
1609 5387 1703 5439 ἐπὶ
1731 5386 1829 5457 τὴν

255 5473 354 5527 τῶν
378 5474 544 5528 ὄντων
573 5473 848 5545 ἀλήθειαν.
884 5475 1048 5548 Ὁρᾷς
1079 5477 1160 5540 εἰς
1179 5477 1304 5531 ὅσον
1333 5477 1675 5549 ἀναϐέϐηκεν
1696 5477 1831 5549 ὕψος

255 5567 291 5639 ἡ
314 5567 377 5620 ὲκ
402 5565 681 5638 δυνάμεως
711 5569 792 5631 είς
818 5567 1046 5640 δύναμιν
1075 5569 1216 5625 κατὰ
1243 5571 1333 5625 τὸν
1365 5571 1701 5644 προφητικὸν
1731 5589 1831 5626 πο-

335 5753 376 5785 ¹²
425 5749 570 5809 Psal.
620 5766 846 5820 Lsxxni,
898 5751 952 5808 8.

1929 4551 2286 4610 venatoribus
2319 4555 2380 4604 ut
2412 4562 2514 4619 pro
2546 4547 2726 4603 salute
2762 4545 3044 4600 vinearum
3072 4542 3284 4596 ratione
3313 4539 3511 4610 praedi-

1929 4656 2131 4708 tarum,
2187 4649 2456 4698 venentur
2509 4638 2774 4694 animalia
2825 4652 2948 4706 qua:
3004 4635 3220 4690 fructus
3283 4632 3510 4698 laedunt,

1930 4749 2126 4806 nempe
2152 4749 2348 4805 parvas
2393 4732 2516 4786 illas
2557 4731 2771 4799 vulpes.
2807 4727 2886 4783 Eo
2926 4735 3108 4782 autem
3144 4726 3289 4780 facto
3315 4725 3426 4779 duo
3457 4725 3513 4779 in

1929 4845 1992 4886 se
2029 4829 2262 4882 invicem
2291 4830 2602 4879 transeunt.
2649 4820 2786 4875 Nam
2815 4830 2870 4876 et
2914 4819 3058 4875 Deus
3097 4827 3182 4875 est
3219 4819 3273 4872 in
3305 4818 3512 4880 anima,

1928 4931 1984 4980 et
2015 4935 2216 4976 rursus
2245 4919 2430 4973 anima
2458 4917 2658 4987 migrat
2681 4916 2734 4970 in
2760 4915 2952 4969 Deum.
2983 4913 3073 4968 Ait
3095 4913 3262 4975 enim,
3290 4910 3515 4964 Patrue-

1933 5013 1999 5068 lis
2031 5028 2174 5068 meus
2210 5011 2375 5075 mihi,
2413 5016 2469 5065 et
2497 5023 2599 5078 ego
2627 5006 2704 5061 illi
2744 5004 2991 5075 pascenti
3015 5003 3312 5068 interlilia,
3332 5011 3387 5056 et
3417 5002 3517 5055 hu-

1931 5121 2152 5164 manam
2185 5105 2355 5158 vitam
2380 5099 2737 5156 transferenti
2767 5113 2798 5152 a
2822 5097 2958 5154 visis
2987 5097 3268 5152 umbrosis
3297 5095 3362 5150 ad
3395 5109 3514 5150 eam

1937 5214 2062 5269 quae
2085 5213 2212 5254 vere
2235 5205 2320 5252 est
2346 5195 2654 5251 veritatem.
2689 5190 2857 5247 Vides
2878 5192 2934 5245 in
2959 5198 3222 5260 quantam
3253 5186 3518 5244 ascende--

1938 5293 2013 5348 rit
2040 5289 2386 5346 altitudinem
2421 5289 2603 5342 anima
2631 5301 2754 5354 quae
2778 5285 2936 5354 juxta
2962 5283 3015 5337 id
3045 5282 3192 5353 quod
3221 5280 3358 5336 dicit
3384 5279 3519 5335 Pro—

1937 5385 2100 5456 pheta
2128 5383 2172 5415 “
2196 5422 2212 5447 ,
2240 5381 2483 5436 ambulat
2504 5394 2535 5432 a
2565 5378 2770 5432 virtute
2800 5377 2858 5430 in
2887 5375 3164 5440 virtutem,
3190 5380 3247 5427 ut
3271 5373 3520 5429 videatur

1936 5493 2062 5534 esse
2089 5481 2342 5532 assecuta
2384 5485 2661 5529 summum
2711 5468 2828 5540 spei
2866 5468 3158 5523 bonorum.
3195 5465 3338 5532 Quid
3367 5465 3516 5520 enim

1939 5578 2022 5628 est
2054 5569 2239 5635 altius,
2267 5580 2432 5637 quam
2473 5579 2597 5622 esse
2633 5563 2690 5619 in
2727 5561 2846 5633 ipso
2884 5560 2979 5632 qui
3011 5558 3382 5627 desideratur,
3423 5563 3520 5616 aut
