3854 6216
415 271 515 329 εει

1655 283 1710 339 8.
1753 283 2081 341 GREGORII
2119 286 2161 342 Ν
2173 285 2411 344 YSSE’NI

3581 288 3692 344 93!

412 402 540 442 eum
579 388 672 459 qui
703 389 1050 448 desideratur
1081 393 1136 449 in
1177 397 1418 467 seipsum
1456 403 1770 473 suscipere?
1800 403 1864 458 Et
1899 413 1982 458 ta-

2099 409 2366 479 ρευομένη
2393 407 2572 476 λόγον,
2608 407 2682 470 ὡς
2716 405 2810 460 τοῦ
2836 405 3134 479 ἀκροτάτου
3173 407 3271 478 τῆς
3312 407 3422 460 τῶν
3454 407 3691 476 ἀγαθῶν

416 495 538 535 men
569 497 695 536 cum
738 484 791 538 in
819 500 886 540 eo
915 485 1102 550 fuerit,
1151 503 1344 546 rursus
1383 491 1732 555 lamentatur,
1787 503 1845 549 ut
1875 511 1997 567 qua:

417 572 544 628 boni
581 575 652 630 sit
677 575 961 648 indigens:
1013 587 1068 635 et
1107 589 1165 636 ut
1208 599 1330 652 quae
1362 585 1602 640 nondum
1635 587 1833 642 habeat
1865 603 1996 657 pro-

416 668 652 737 positum
682 669 964 737 desiderii,
1006 674 1224 746 angitur
1253 687 1305 732 et
1329 687 1413 732 est
1447 679 1724 748 perplexa,
1763 695 1996 751 eamque

412 760 830 829 perplexitatem
887 765 1085 821 animae
1134 771 1452 825 narratione
1507 787 1604 826 sua
1669 772 1876 843 profert
1937 773 1994 827 in

411 851 714 920 publicum.

411 944 565 1012 χανεϊ
589 959 648 996 τε
680 945 774 998 καὶ
796 945 1133 1019 δυσχεραίνει
1162 950 1258 1004 καὶ
1287 951 1384 1024 τὴν
1417 955 1671 1024 τοιαύτην
1697 955 1797 1026 τῆς
1816 953 1994 1026 ψυχῆς
2066 953 2386 1026 ἀμηχανίαν
2442 953 2755 1024 δημοσιεύει
2787 951 2864 1024 τῷ
2903 953 3199 1024 διηγήματι
3246 953 3340 1006 καὶ
3371 954 3527 1016 ὅπως
3559 951 3694 1026 εὗρε
3807 978 3809 988 λ

406 1034 471 1090 τὺ
498 1033 850 1108 ζητούμενον,
881 1040 1187 1112 ὑπογράφει
1209 1043 1287 1114 τῷ
1317 1044 1478 1116 λόγῳ.

480 1127 606 1185 Haec
643 1137 822 1186 autem
860 1135 1043 1187 omnia
1063 1135 1329 1192 discimus
1356 1153 1451 1207 per
1473 1141 1988 1213 contemplationem

407 1221 707 1277 verborum
742 1222 798 1278 in
826 1232 1085 1280 contextu
1118 1226 1276 1282 nobis
1301 1231 1731 1300 propositorum,
1753 1249 1848 1304 per
1867 1251 1989 1306 quae

407 1323 593 1386 aperte
619 1315 902 1382 docemur,
934 1317 1082 1388 quod
1114 1335 1292 1390 neque
1344 1321 1453 1376 ullo
1509 1323 1615 1380 line
1663 1327 1988 1383 terminatur

407 1406 731 1476 magnitudo
757 1406 956 1462 divina:
988 1419 1217 1476 naturas,
1255 1428 1433 1482 neque
1467 1415 1612 1472 ullus
1660 1418 1856 1475 modus
1885 1434 1985 1475 co-

406 1497 669 1566 gnitionis
731 1497 798 1556 ﬁt
850 1503 1124 1560 terminus
1186 1505 1572 1565 intellectionis
1620 1525 1810 1565 eorum
1863 1528 1985 1582 qua:

405 1599 752 1658 queruntur,
783 1608 898 1662 quo
929 1603 1178 1665 oporteat
1210 1613 1270 1654 se
1301 1599 1519 1668 sistere,
1551 1617 1620 1657 ne
1667 1605 1985 1675 progredia-

407 1689 500 1734 tur
529 1695 594 1736 ac
623 1694 1014 1754 promoveatur
1045 1689 1278 1746 ulterius
1309 1691 1356 1747 is
1385 1693 1479 1764 qui
1512 1694 1767 1749 sublimia
1802 1711 1989 1766 perse-

406 1775 638 1844 quitur:
669 1777 766 1832 sed
795 1777 869 1833 ita
901 1795 960 1836 se
991 1792 1142 1852 gerat
1192 1783 1239 1839 is
1280 1785 1374 1854 qui
1423 1801 1521 1856 per
1575 1788 1989 1857 supereminen-

404 1867 543 1921 tium
585 1867 1013 1928 intellectionem
1071 1873 1138 1928 ad
1197 1891 1490 1947 supernam
1521 1879 1696 1933 currit
1729 1888 1985 1946 mentem,

407 1968 465 2014 ut
492 1961 674 2017 omnis
704 1961 972 2033 perfectio
995 1966 1330 2036 cognitionis
1349 1984 1512 2040 quam
1538 1969 1775 2025 humana
1808 1981 1988 2042 potest

407 2053 628 2124 assequi
664 2064 885 2124 natura,
913 2058 984 2113 sit
1011 2060 1340 2130 principium
1371 2060 1629 2117 desiderii
1651 2078 1840 2118 eorum
1866 2081 1988 2136 qua:

406 2153 538 2199 sunt
562 2148 887 2203 excelsiora.
921 2149 1053 2204 Mihi
1097 2158 1279 2205 autem
1343 2151 1634 2224 diligenter
1697 2156 1985 2212 considera

404 2233 462 2289 id
490 2239 638 2306 quod
669 2246 754 2294 est
785 2241 1126 2310 propositum
1163 2242 1230 2297 ad
1260 2248 1763 2316 contemplandum,
1805 2251 1851 2306 si
1881 2251 1985 2307 hoc

403 2327 558 2396 prius
588 2339 772 2387 mente
818 2334 1323 2404 comprehenderis,
1381 2337 1530 2407 quod
1593 2339 1865 2396 thalamus
1899 2350 1987 2398 est

404 2417 697 2489 scripturae
720 2425 1024 2493 corporalis
1052 2426 1372 2498 descriptio,
1405 2435 1462 2484 et
1504 2431 1768 2500 nuptialis
1815 2447 1986 2504 appa-

402 2518 559 2568 ratus
589 2515 872 2570 materiam
900 2515 994 2571 dat
1019 2520 1491 2591 contemplationi,
1521 2537 1553 2577 a
1581 2524 1782 2594 quibus
1814 2527 1988 2596 philo-

401 2601 617 2670 sophia,
655 2607 724 2661 ad
757 2607 813 2662 id
863 2611 1008 2678 quod
1042 2618 1129 2665 est
1159 2624 1356 2681 purum
1389 2620 1445 2668 et
1498 2627 1696 2684 expers
1745 2617 1985 2671 materias

402 2695 802 2752 sententiarum
830 2708 885 2754 et
915 2701 1117 2756 mentis
1159 2702 1587 2773 conceptionum
1638 2706 1983 2764 transferens

400 2789 856 2863 signiﬁcationes,
903 2808 1002 2864 per
1047 2809 1110 2850 ea
1171 2810 1294 2866 qua:
1345 2796 1402 2852 in
1452 2798 1590 2869 ipsis
1645 2810 1984 2873 peraguntur

400 2882 654 2954 producit
679 2883 958 2955 dogmata,
995 2893 1154 2942 utens
1186 2887 1256 2944 iis
1289 2903 1412 2960 quae
1443 2888 1581 2946 fiunt
1626 2891 1681 2945 in
1715 2893 1982 2964 aenigma-

2099 498 2312 561 ἐλπίδος
2355 497 2710 568 τετυχηκέναι
2742 497 2956 566 δοκεῖν;
2999 499 3064 552 Τί
3097 501 3206 570 γάρ
3235 498 3516 570 ἀνώτερον
3590 502 3686 551 τώ

2098 589 2157 642 ἐν
2200 587 2346 658 αὐτῷ
2392 587 2643 657 γενέσθαι
2684 587 2761 658 τῷ
2799 587 3151 658 ποθουμένῳ,
3198 589 3291 642 καὶ
3318 591 3377 642 ἐν
3407 587 3568 658 αὐτῷ
3597 588 3690 640 τὸν

2101 679 2433 752 ποθούμενον
2452 679 2704 746 δέξασθαι
2725 696 2738 744 ;
2774 679 2911 732 Ἀλλ’
2933 681 3082 750 ὅμως
3109 681 3168 733 ἐν
3195 679 3368 751 τούτῳ
3386 679 3691 750 γενομένη.

2099 771 2262 825 πάλιν
2288 771 2364 834 ὡς
2405 769 2590 840 ἐνδεὴς
2634 765 2770 823 οὖσα
2796 769 2892 823 τοῦ
2921 769 3126 839 ἀγαθοῦ
3167 770 3505 840 ἀποδύρεται
3525 787 3541 801 ο
3591 771 3693 824 καὶ

2099 862 2175 926 ὡς
2211 863 2378 934 μήπω
2403 861 2602 934 ἔχουσα
2629 861 2691 914 τὸ
2728 864 2793 932 τῇ
2832 861 3094 932 ἐπιθυμίᾳ
3117 862 3500 932 προκείμενον,
3540 864 3696 933 ἀμη.

2160 1133 2347 1188 Ταῦτα
2393 1133 2450 1186 δέ
2495 1133 2671 1189 πάντα
2715 1133 2805 1187 διὰ
2844 1134 2944 1205 τῆς
2979 1135 3085 1188 τῶν
3124 1138 3504 1208 προκειμένων
3547 1143 3690 1211 ἡμῖν

2091 1226 2272 1303 ῥητῶν
2314 1225 2550 1296 θεωρίας
2581 1225 2944 1296 μανθάνομεν,
2976 1225 3043 1279 δι’
3085 1221 3160 1280 ὧν
3191 1230 3380 1297 σαφῶς
3421 1231 3688 1286 διδασκό-

2091 1319 2254 1390 μεθα,
2297 1317 2357 1371 τὸ
2403 1318 2543 1389 μήτε
2571 1318 2678 1371 τινὶ
2721 1318 2917 1390 πέρατι
2964 1317 3026 1371 τὸ
3061 1319 3346 1389 μεγαλεῖον
3391 1326 3492 1393 τῆς
3526 1323 3691 1388 θείας

2085 1408 2362 1482 ὁρίζεσθαι
2408 1407 2658 1477 φύσεως,
2709 1410 2842 1480 μήτε
2891 1427 2944 1462 τι
2993 1409 3248 1478 γνώσεως
3301 1412 3502 1484 μέτρον
3547 1417 3683 1487 ὅρον

2089 1499 2332 1571 γίνεσθαι
2364 1499 2463 1570 τῆς
2499 1498 2610 1552 τῶν
2643 1498 2993 1571 ζητουμένων
3025 1503 3440 1574 κατανοήσεως,
3485 1507 3610 1575 μεθ’
3655 1509 3688 1560 ὃ

2093 1591 2282 1664 στῆναι
2309 1591 2414 1663 χρὴ
2436 1593 2536 1662 τῆς
2564 1591 2657 1644 ἐπὶ
2681 1591 2743 1644 τὸ
2773 1593 2960 1662 πρόσω
2985 1595 3178 1665 φορᾶς,
3201 1595 3291 1648 τὸν
3313 1595 3422 1649 τῶν
3452 1598 3687 1668 ύῂλῶν

2088 1682 2414 1754 ὀρεγόμενον
2445 1699 2460 1712 ·
2511 1681 2627 1736 ἀλλ’
2661 1681 2833 1747 οὕτως
2865 1683 3009 1754 ἔχειν
3037 1684 3129 1738 τὸν
3153 1684 3240 1738 διὰ
3281 1686 3380 1756 τῆς
3415 1687 3688 1758 ὑπερκει-

2092 1775 2260 1847 μένης
2306 1776 2686 1846 κατανοήσεως
2717 1775 2809 1829 ἐπὶ
2841 1775 2932 1829 τὸν
2961 1776 3074 1830 ἀνω
3112 1778 3376 1848 τρέχοντα
3405 1778 3559 1844 νοῦν,
3604 1783 3688 1844 ὡς

2089 1870 2269 1924 πᾶσαν
2315 1868 2625 1939 τελειότητα
2667 1868 2919 1937 γνώσεως
2967 1871 3067 1940 τὴν
3099 1872 3326 1942 ὲφικτὴν
3355 1876 3420 1943 τῇ
3460 1874 3685 1944 ἀνθρω-

2089 1961 2218 2032 πίνῃ
2272 1961 2464 2029 φύσει,
2510 1961 2687 2032 ἀρχὴν
2734 1961 2979 2029 γίνεσθαι
3027 1961 3127 2031 τῆς
3171 1963 3278 2016 τῶν
3324 1965 3686 2036 ὑψηλοτέρων

2086 2054 2401 2125 ἐπιθυμίας.
2433 2055 2541 2108 Καί
2563 2070 2654 2125 μοι
2690 2054 2881 2107 σκόπει
2907 2053 2974 2106 δι’
3002 2053 3286 2125 ἀκρίϐειαν
3323 2057 3414 2110 τὸν
3452 2060 3681 2128 προκεί-

2089 2162 2250 2217 μενον
2290 2149 2356 2217 τῇ
2409 2145 2612 2217 θεωρίᾳ
2655 2144 2833 2214 λόγον,
2879 2144 3038 2200 τοῦτο
3083 2151 3557 2219 προκατανοήσας,
3595 2153 3683 2204 ὅτι

2087 2235 2327 2307 θάλαμός
2354 2239 2503 2290 ἐστιν
2531 2237 2565 2307 ή
2597 2236 2884 2309 σωματικὴ
2916 2237 3011 2290 τοῦ
3043 2238 3204 2307 λόγου
3231 2241 3549 2313 ὑπογραφὴ,
3583 2247 3683 2301 καὶ

2085 2329 2296 2398 γαμική
2329 2345 2414 2392 τις
2438 2329 2721 2400 διασκευὴ,
2750 2329 2935 2384 δίδωσι
2964 2333 3031 2402 τῇ
3063 2331 3264 2405 θεωρίᾳ
3290 2333 3391 2397 τὰς
3419 2334 3578 2398 ὕλας,
3599 2330 3684 2389 ὧν

2085 2419 2120 2490 ὴ
2148 2417 2454 2488 φιλοσοφία,
2488 2419 2626 2489 πρὸς
2651 2421 2712 2473 τὸ
2736 2420 2977 2493 καθαρόν
3006 2439 3066 2475 τε
3093 2424 3186 2476 καὶ
3215 2424 3377 2478 ἄῦλον
3417 2443 3684 2495 μετενεγ-

2085 2507 2258 2562 κοῦσα
2297 2508 2395 2573 τὰς
2441 2507 2548 2563 τῶν
2589 2511 2876 2580 νοημάτων
2908 2513 3195 2582 ἐμφάσεις,
3230 2514 3319 2567 διὰ
3350 2516 3464 2570 τῶν
3493 2519 3682 2582 αὐτοῖς

2085 2599 2517 2670 ἐπιτελουμένων
2547 2600 2780 2672 προάγει
2810 2601 2882 2656 τά
2911 2603 3176 2676 δόγματα,
3215 2609 3326 2670 τοῖς
3372 2608 3483 2660 τῶν
3527 2626 3680 2677 γινο-

2087 2691 2263 2762 μένων
2283 2693 2568 2763 αἰνίγμασι
2596 2695 3024 2766 συγχρησαμένη
3060 2695 3196 2766 πρὸς
3222 2697 3321 2769 τὴν
3347 2698 3459 2751 τῶν
3491 2700 3684 2771 δηλου-

2087 2783 2264 2854 μένων
2315 2785 2632 2862 σαφήνειαν.
2678 2786 2896 2858 Ἐπειδὴ
2945 2789 3127 2842 τοίνυν
3173 2788 3392 2860 νύμφην
3427 2793 3532 2862 μὲν
3573 2795 3680 2845 ὑπ-

2084 2874 2238 2929 έθετο
2267 2876 2367 2948 τήν
2396 2859 2575 2950 ψυχήν
2601 2877 2631 2930 ὁ
2677 2868 2854 2946 λόγος,
2877 2879 2980 2933 ea;
3005 2880 3064 2947 ιε
3091 2881 3221 2953 ὅλης
3241 2859 3474 2955 καρδίας
3500 2903 3558 2938 τε
3582 2889 3679 2939 καὶ

397 2972 552 3030 tibus
581 2972 650 3027 ad
678 2973 1006 3030 declaranda
1031 2990 1096 3032 ea
1122 2993 1245 3049 quae
1275 2978 1678 3050 signiﬁcantur.
1710 2981 1978 3049 Quoniam

2089 2967 2260 3038 ψυχῆς
2309 2969 2404 3022 καὶ
2434 2968 2720 3040 δυνάμεως
2760 2971 2894 3042 παρ’
2923 2972 3094 3042 αὐτῆς
3122 2973 3491 3045 ἀγαπώμενος
3518 2977 3680 3047 Θεὸς,

398 3079 532 3137 ergo
563 3065 851 3138 Scriptura
878 3068 1116 3122 animam
1147 3070 1336 3140 posuit
1379 3087 1504 3128 esse
1551 3089 1850 3146 sponsam:
1885 3077 1980 3147 qui

399 3163 588 3212 autem
614 3172 684 3212 ex
716 3163 834 3212 toto
866 3156 1057 3223 corde,
1093 3169 1149 3214 et
1176 3162 1381 3228 anima,
1409 3173 1461 3218 et
1505 3164 1709 3221 virtute
1740 3166 1810 3221 ab
1861 3169 1981 3236 ipsa

397 3247 649 3318 diligitur
677 3245 845 3312 Deus,
870 3258 1101 3305 vocatur
1121 3265 1382 3322 sponsus,
1409 3263 1831 3325 consequenter,
1859 3273 1981 3327 quae

396 3339 553 3394 venit
582 3337 651 3393 ad
681 3353 980 3405 summum,
1011 3346 1072 3395 ut
1095 3342 1469 3410 existimabat,
1491 3360 1679 3400 eorum
1714 3362 1836 3417 qua:
1856 3362 1982 3417 spe-

396 3439 616 3496 rantur,
664 3439 720 3488 et
749 3431 862 3502 jam
897 3447 957 3489 se
1002 3441 1469 3506 contemperatam
1507 3437 1808 3494 arbitratur
1852 3454 1978 3496 cum

395 3541 465 3582 eo
494 3525 589 3596 qui
634 3524 1001 3594 desideratur,
1033 3526 1235 3582 lectum
1297 3529 1537 3600 appellat
1589 3530 1978 3602 perfectiorem

396 3615 530 3672 boni
561 3615 1062 3688 participationem,
1095 3625 1152 3674 et
1203 3627 1422 3676 noctem
1455 3621 1591 3677 dicit
1643 3631 1858 3694 tempus
1893 3635 1975 3682 te-

396 3707 698 3763 nebrarum
723 3727 739 3765 :
770 3723 868 3779 per
898 3723 1099 3765 nomen
1130 3719 1314 3767 autem
1343 3715 1546 3780 noctis,
1577 3716 1818 3772 ostendit
1845 3732 1978 3773 con-

395 3800 807 3870 templationem
842 3815 1034 3857 eorum
1084 3817 1208 3873 quas
1261 3819 1370 3858 non
1407 3804 1615 3860 cadunt
1681 3808 1784 3862 sub
1818 3823 1977 3879 aspe-

395 3899 572 3958 ctum,
605 3891 675 3946 ad
711 3891 1130 3950 similitudinem
1161 3893 1330 3950 Mosis
1359 3897 1454 3967 qui
1502 3896 1605 3950 fuit
1635 3898 1690 3952 in
1741 3899 1976 3970 caligine

395 3984 453 4039 in
475 3998 583 4055 qua
622 3992 742 4040 erat
771 3983 938 4048 Deus,
967 3986 1084 4055 qui,
1117 3993 1177 4041 ut
1207 3987 1284 4042 ait
1317 3986 1587 4059 Propheta
1615 3990 1680 4054 ",
1718 3993 1975 4049 tenebras

395 4080 580 4151 posuit
602 4079 890 4136 latibulum
917 4096 1077 4136 suum
1113 4081 1168 4136 in
1204 4083 1439 4138 circuitu
1467 4099 1586 4140 suo.

465 4171 525 4226 In
556 4186 664 4243 qua
691 4187 817 4227 cum
848 4171 1037 4238 fuerit,
1072 4173 1301 4229 docetur
1347 4176 1494 4246 quod
1544 4185 1758 4234 tantum
1819 4180 1974 4236 abest

394 4274 458 4323 ut
489 4265 802 4322 ascenderit
857 4265 926 4320 ad
960 4265 1379 4336 perfectionem,
1417 4275 1478 4322 ut
1521 4283 1592 4322 ne
1644 4269 1970 4340 principium

2087 3062 2317 3133 νυμφίος
2342 3065 2792 3136 κατονομάζεται,
2813 3067 3119 3132 ἀκολούθως
3143 3071 3236 3124 ἐπὶ
3262 3071 3324 3125 τὸ
3346 3072 3675 3144 ἀκρότατον,

2085 3153 2162 3216 ὡς
2193 3153 2350 3226 ᾤετο,
2392 3155 2504 3210 τῶν
2550 3157 2922 3231 ἐλπιζομένων
2965 3160 3214 3227 ἐλθοῦσα,
3247 3166 3343 3218 καὶ
3385 3164 3487 3235 ήδη
3536 3167 3683 3236 πρὸς

2085 3243 2177 3298 τὸν
2242 3246 2576 3319 ποθούμενον
2636 3251 3042 3323 ἀνακεκρᾶσθαι
3102 3255 3409 3324 νομίσασα,
3486 3259 3682 3327 κοίτην

2084 3336 2338 3408 ὀνομάζει
2370 3341 2471 3412 τὴν
2507 3341 2850 3416 τελειοτέραν
2871 3344 2964 3398 τοῦ
2991 3346 3197 3415 ἀγαθοῦ
3232 3350 3550 3418 μετουσίαν,
3583 3353 3681 3404 καὶ

2085 3428 2254 3482 νύκτα
2298 3431 2465 3500 λέγει,
2508 3434 2598 3488 τὸν
2651 3433 2747 3487 τού
2805 3436 3028 3501 σκότους
3061 3441 3287 3509 καιρὸνο
3331 3440 3422 3493 διὰ
3471 3441 3531 3494 δὲ
3577 3441 3680 3495 τοῦ

2083 3520 2342 3593 ὀνόματος
2388 3523 2486 3595 τῆς
2521 3525 2736 3594 νυκτὸς,
2782 3527 3114 3582 ἐνδείκνυται
3155 3529 3266 3582 τῶν
3296 3531 3552 3602 ἀοράτων
3575 3533 3681 3603 τὴν

2084 3610 2350 3687 θεωρίαν,
2383 3617 2506 3671 καθ’
2531 3619 2824 3691 ὁμοιότητα
2861 3619 2957 3673 τοῦ
3003 3621 3281 3684 Μωῦσέως
3302 3663 3319 3688 ,
3366 3621 3464 3675 τοῦ
3500 3625 3560 3676 ἐν
3596 3624 3680 3695 τῷ

2081 3705 2266 3776 γνόφῳ
2295 3708 2577 3775 γεγονότος
2603 3710 2662 3764 ἐν
2694 3702 2740 3778 ᾧ
2785 3705 2854 3782 ἦν
2881 3712 2911 3763 ὁ
2947 3711 3079 3774 Θεός
3100 3724 3116 3740 ⁶
3167 3711 3226 3775 ὃς
3269 3712 3443 3774 ἔθετο,
3488 3714 3682 3778 καθώς

2082 3813 2247 3866 φησιν
2274 3799 2302 3851 ὁ
2331 3798 2643 3873 Προφήτης,
2693 3802 2886 3866 σκότος
2922 3803 3248 3874 ἀποκρυφὴν
3282 3804 3449 3858 αὐτοῦ
3485 3805 3680 3878 κύκλῳ

2081 3888 2266 3942 αὐτοῦ.

2161 4173 2250 4228 Ἐν
2295 4167 2342 4244 ᾧ
2393 4178 2728 4244 καταστᾶσα,
2761 4178 2879 4232 τότε
2917 4175 3246 4242 διδάσκεται,
3281 4178 3366 4229 ὅτι
3409 4173 3685 4229 τοσοῦτον.

2078 4267 2284 4337 ἀπέσχε
2310 4265 2406 4320 τοῦ
2454 4268 2709 4340 ἐπιϐῆναι
2751 4269 2851 4340 τῆς
2897 4270 3256 4341 τελειότητος,
3289 4269 3411 4322 ὅσον
3441 4268 3490 4319 οἱ
3532 4267 3674 4338 μηδὲ

395 4360 616 4432 quidem
648 4357 914 4430 attigerit.
946 4356 1068 4412 Jam
1100 4359 1272 4423 enim,
1312 4357 1516 4430 inquit,
1573 4359 1643 4416 iis
1675 4375 1796 4431 qua:
1843 4369 1974 4417 sunt

2089 4359 2176 4429 τὴν
2205 4357 2380 4430 ἀρχὴν
2407 4359 2849 4433 ἐγχειρήσαντες.
2901 4361 3040 4434 Ἤδη
3069 4361 3200 4433 γὰρ,
3231 4359 3419 4431 φησὶν,
3448 4359 3529 4422 ὡς
3560 4359 3671 4411 τῶν

397 4453 662 4525 perfecta,
695 4453 940 4524 dignata,
971 4457 1027 4506 et
1061 4457 1323 4521 tanquam
1351 4449 1409 4505 in
1431 4451 1574 4506 lecto
1599 4452 1857 4522 quopiam
1887 4469 1976 4510 eo-

396 4559 521 4599 rum
535 4558 658 4613 quaa
676 4539 1034 4612 suntcognita
1052 4539 1566 4610 comprehensionis
1594 4540 1970 4611 requiescens,

396 4632 621 4705 quando
653 4646 804 4688 eram
850 4631 998 4686 intra
1029 4644 1094 4685 ea
1123 4643 1247 4700 quae
1291 4642 1402 4684 non
1427 4627 1634 4684 cadunt
1677 4629 1780 4685 sub
1815 4632 1975 4702 aspe-

397 4735 568 4790 ctum,
600 4723 810 4780 relictis
854 4722 1130 4788 sensibus,
1165 4722 1386 4793 quando
1417 4722 1744 4778 continebar
1786 4723 1974 4779 divina

398 4827 587 4885 nocte,
628 4831 880 4888 quaerens
913 4829 1040 4871 eum
1076 4815 1169 4885 qui
1204 4814 1406 4870 latebat
1435 4815 1491 4869 in
1525 4815 1758 4886 caligine
1791 4835 1804 4870 :
1842 4825 1975 4871 tunc

396 4911 626 4982 quidem
664 4908 935 4964 habebam
964 4907 1316 4964 dilectionem
1353 4907 1409 4962 in
1449 4922 1577 4962 eum
1619 4908 1714 4978 qui
1759 4907 1979 4963 deside-

400 5002 625 5057 rabatur
649 5019 664 5068 ;
700 5001 940 5071 idipsum
973 5008 1155 5056 autem
1179 4999 1327 5069 quod
1349 4999 1682 5072 diligebatur
1703 5001 1978 5064 evolabat,

399 5099 462 5146 ut
491 5091 544 5146 id
574 5090 984 5162 apprehendere
1007 5105 1117 5145 non
1146 5096 1373 5159 possent
1404 5089 1782 5160 cogitationes.
1814 5089 1978 5157 Quae-

400 5186 584 5239 rebam
620 5183 766 5238 enim
813 5182 995 5253 ipsum
1033 5181 1086 5236 in
1122 5181 1265 5237 lecto
1293 5196 1414 5236 meo
1446 5191 1632 5246 noctu,
1672 5189 1732 5237 ut
1759 5197 1979 5238 nossem

399 5292 523 5346 quae
554 5277 626 5332 sit
663 5275 784 5345 ejus
811 5274 1077 5338 essentia,
1114 5273 1260 5329 unde
1299 5273 1546 5344 incipiat,
1581 5289 1691 5343 quo
1735 5274 1974 5340 desinat,

402 5368 461 5423 iu
489 5383 729 5438 quonam
761 5381 916 5422 suam
953 5367 1152 5422 habeat
1180 5365 1496 5422 essentiam.
1528 5366 1635 5419 Sed
1656 5381 1765 5421 non
1791 5367 1978 5424 inveni

403 5460 621 5529 ipsum:
653 5459 844 5514 vocavi
885 5459 1066 5530 ipsum
1102 5458 1447 5526 nominatim,
1478 5467 1747 5530 quantum
1801 5474 1834 5514 a
1890 5475 1977 5517 me

355 5585 360 5590 -
403 5550 519 5608 ﬁeri
551 5553 748 5621 potuit,
778 5559 838 5605 ut
863 5551 1166 5608 invenirem
1217 5551 1269 5608 in
1306 5551 1528 5610 nomine
1581 5553 1702 5626 ejus
1730 5552 1824 5625 qui
1864 5567 1974 5610 non

474 5725 520 5760 ⁸³
591 5729 736 5788 Psal.
796 5732 1054 5802 “11,12.

2080 4449 2302 4504 τελείων
2335 4449 2668 4514 ἀξιωθεῖσα,
2713 4450 2966 4523 καθάπερ
2999 4452 3092 4504 ἐπὶ
3137 4450 3326 4522 κοίτης
3368 4448 3518 4511 τινὸς
3566 4448 3672 4519 τῆς

2080 4538 2188 4593 τῶν
2212 4539 2572 4610 ἐγνωσμένων
2599 4540 2959 4612 καταλήψεως
2996 4541 3242 4612 ἐμαυτὴν
3278 4537 3667 4602 ἀναπαύουσα,

2081 4631 2172 4684 ὅτε
2203 4629 2312 4685 τῶν
2343 4631 2590 4702 ἀοράτων
2634 4632 2788 4696 ἐντὸς
2830 4633 3098 4703 ἐγενόμην
3120 4671 3136 4695 ,
3188 4628 3571 4685 καταλιποῦσα
3601 4629 3671 4682 τά

2083 4721 2432 4793 αἰσθητήρια,
2463 4725 2552 4777 ὅτε
2603 4724 2963 4796 περιεσχέθην
2987 4726 3056 4799 τῇ
3087 4723 3207 4794 θεία
3249 4722 3435 4783 νυκτὶ,
3476 4721 3575 4774 τὸν
3611 4723 3668 4774 ἐν

2082 4815 2162 4887 τῷ
2192 4816 2378 4886 γνόφῳ
2419 4815 2802 4887 κεκρυμμένον
2851 4813 3198 4886 ἀναζητοῦσα
3221 4853 3237 4878 ,
3284 4814 3406 4867 τότε
3435 4813 3538 4882 τὴν
3567 4814 3668 4883 μὲν

2077 4908 2300 4980 ἀγάπην
2321 4909 2458 4979 πρὸς
2480 4909 2542 4962 τὸ
2561 4909 2892 4980 ποθούμενον
2913 4906 3058 4978 εἶχον
3079 4923 3094 4937 °
3123 4906 3256 4961 αὐτὸ
3274 4906 3331 4960 δὲ
3350 4905 3410 4958 τὸ
3433 4905 3667 4972 ἀγαπώ-

2081 5015 2242 5070 μενον
2267 4998 2458 5069 διέπτη
2478 5000 2586 5053 τῶν
2612 4999 2888 5071 λογισμῶν
2919 4999 3018 5069 τὴν
3042 4998 3236 5068 λαϐήν.
3277 4995 3532 5066 Ἐζήτουν
3553 4996 3667 5066 γὰρ

2077 5091 2240 5146 αὐτὸν
2277 5091 2371 5144 ἐπὶ
2411 5093 2478 5163 τῇ
2522 5091 2680 5165 κοίτῃ
2711 5091 2817 5163 μού
2849 5091 2908 5144 ἐν
2935 5093 3054 5154 ταῖς
3085 5089 3254 5154 νυξὶν,
3286 5088 3428 5140 ὥστε
3455 5087 3664 5156 γνῶναι

2075 5185 2160 5249 τίς
2196 5186 2230 5256 ἡ
2258 5182 2436 5251 οὐσία,
2471 5183 2637 5238 πόθεν
2665 5185 2916 5256 ἄρχεται,
2942 5185 3023 5247 είς
3054 5182 3108 5236 τί
3133 5181 3453 5252 καταλήγει,
3479 5181 3580 5234 καὶ
3608 5183 3663 5234 ἐν

2080 5277 2183 5330 τίνι
2216 5277 2278 5330 τὸ
2307 5271 2446 5331 εἶναι
2480 5276 2616 5346 ἔχει.
2662 5275 2799 5329 Ἀλλ’
2842 5277 2940 5346 οὐχ
2989 5269 3147 5346 εὖρον
3173 5274 3336 5328 αὐτόν
3367 5289 3381 5303 ο
3429 5271 3663 5324 ἐκάλουν

2080 5371 2242 5424 αὐτὸν
2274 5369 2335 5435 ἐξ
2371 5370 2653 5441 ὀνόματος,
2697 5369 2773 5433 ὡς
2813 5365 2882 5440 ἦν
2925 5385 3014 5439 μοι
3041 5367 3265 5421 δυνατὸν
3300 5366 3545 5437 ἐξευρεῖν
3571 5367 3664 5419 ἐπὶ

2079 5460 2176 5514 τοῦ
2203 5459 2647 5530 ἀκατονομάστου
2681 5459 2966 5530 ὀνόματος.
3010 5457 3151 5512 Ἀλλ’
3176 5457 3277 5511 οὐκ
3303 5451 3373 5527 ἦν
3397 5455 3662 5525 ὀνόματος

2082 5553 2319 5626 ἔμφασις
2368 5553 2401 5623 ἠ
2447 5550 2850 5624 καθικνουμένη
2895 5549 3250 5623 ζητουμένου.
3312 5548 3440 5613 Πῶς
3481 5546 3595 5620 γὰρ
3635 5546 3664 5604 ὁ
