3854 6216
105 247 243 301 897)

1217 233 1283 289 IN
1320 231 1615 290 CANTICA
1651 232 1924 290 CANTIC.
1968 231 2254 289 HOMILIA
2293 231 2380 289 Vl.

3300 228 3403 287 εδι

100 351 140 403 ὑ
155 355 278 420 πὲρ
301 351 421 404 πᾶν
449 349 618 422 ὄνομα
642 349 720 405 ὢν
747 349 836 405 διὰ
856 351 954 422 τῆς
976 350 1337 424 όνομαστικῆς
1370 353 1616 424 κλήσεως
1643 351 1703 419 ἐξ

1831 357 2012 421 potest
2037 349 2329 406 nominari.
2368 347 2477 404 Sed
2508 362 2619 403 non
2652 354 2771 406 erat
2801 347 3044 405 nominis
3073 348 3403 422 signiﬁcatio

97 438 400 511 εὑρεθείη
422 457 437 505 ;
463 435 538 494 Οὑ
566 440 724 512 χάριν
750 441 935 512 φησὶν,
970 441 1053 493 ὅτι
1089 440 1384 496 Ἐκάλεσα
1401 442 1608 505 αὑτὸν,
1629 440 1728 493 καὶ

99 533 243 599 οὐχ
275 531 604 596 ὑπήκουσέ
625 550 766 603 μου.
800 533 935 587 Τότε
959 532 1129 602 ἔγνων
1156 533 1239 587 ὅτι
1265 534 1365 604 τῆς
1385 532 1728 604 μεγαλοπρε-

105 622 326 686 πείας,
362 626 463 694 τῆς
493 624 672 696 δόξης,
702 626 802 697 τῆς
831 625 1140 698 ἁγιωσύνης
1165 626 1330 680 αὑτοῦ
1355 627 1454 679 οὑκ
1483 625 1598 679 ἐστι
1627 626 1727 678 πέ-

114 729 260 781 ρας.
317 715 418 767 Διὸ
461 716 625 769 πάλιν
665 717 1000 788 διανίστησιν
1034 717 1264 789 ἑαυτὴν,
1303 718 1400 771 καὶ
1445 717 1730 789 περιπολεῖ

103 806 188 876 τῇ
223 805 456 877 διανοίᾳ
479 807 579 878 τὴν
603 808 800 878 νοητήν
830 825 889 860 τε
921 809 1018 862 καὶ¹
1045 808 1414 880 ὑπερκόσμιον
1449 808 1630 877 φύσιν,
1660 809 1727 879 ἢν

108 896 295 950 πόλιν
323 897 710 968 κατονομάζει,
735 899 796 951 ἐν
891 901 947 952 αἱ
982 898 1147 969 ἀρχαί
1176 915 1236 951 τε
1262 900 1356 952 καὶ
1383 900 1723 971 κυριότητες,

108 986 225 1038 καὶ
250 987 305 1038 οἱ
332 987 457 1050 ταῖς
482 985 752 1051 ἐξουσίαις
776 987 1207 1057 ἀποτεταγμένοι
1233 987 1410 1059 θρόνοι
1429 1005 1442 1019 ·
1479 987 1514 1058 ἦ
1539 1005 1598 1041 τε
1618 988 1727 1042 τῶν

109 1081 490 1152 ἐπουρανίων
519 1082 826 1153 πανήγυρις
849 1121 864 1144 ,
909 1082 976 1151 ἢν
1002 1081 1210 1152 ἀγορὰν
1234 1079 1509 1152 ὀνομάζει,
1546 1082 1639 1135 καὶ
1665 1082 1728 1134 τὸ

111 1171 523 1244 ἀπερίληπτον
571 1173 791 1245 ἀριθμῷ
841 1172 1087 1244 πλῆθος,
1139 1173 1167 1226 ὃ
1203 1173 1282 1244 τῷ
1319 1175 1420 1245 τῆς
1465 1174 1726 1237 πλατείας

110 1263 493 1335 διασημαίνει
525 1265 770 1336 ὀνόματι,
803 1267 852 1318 εἰ
896 1265 1005 1336 ἄρα
1049 1267 1107 1319 ἐν
1149 1264 1357 1330 τούτοις
1385 1266 1634 1337 εὑρεθείη
1665 1266 1726 1318 τὸ

111 1356 532 1428 ἀγαπώμενον.
561 1359 628 1412 Ἠ
651 1359 748 1429 μὲν
765 1354 858 1412 οὖν
879 1376 944 1411 πε
955 1358 1108 1430 ριῆκε
1125 1359 1524 1430 διερευνωμένη
1546 1361 1726 1412 πᾶσαν

113 1448 450 1521 ἀγγελικὴν
486 1450 879 1522 διακόσμησιν,
924 1453 1018 1505 καὶ
1065 1453 1142 1515 ὡς
1185 1453 1284 1504 οὑκ
1329 1448 1466 1506 εἶδεν
1512 1454 1570 1504 ἐν
1613 1455 1725 1514 τοῖς

116 1540 451 1612 εὑρεθεῖσιν
473 1543 696 1612 ἀγαθοῖς
719 1545 778 1598 τὸ
810 1542 1163 1614 ζητούμενον,
1191 1545 1352 1597 τοῦτο
1380 1543 1500 1598 καθ’
1525 1544 1726 1615 ἑαυτὴν

115 1632 448 1700 ἐλογίσατο⁹
476 1628 628 1704 Ἀρα
677 1632 781 1690 γᾶν
821 1635 1052 1698 ἐκείνοις
1090 1635 1292 1704 ληπτόν
1338 1637 1452 1689 ἐστι
1497 1635 1558 1688 τὸ
1593 1636 1722 1706 παρ’

1826 457 1948 512 quae
1983 442 2320 513 pertingeret
2353 455 2528 510 usque
2560 439 2626 494 ad
2655 439 2708 501 id
2741 440 2890 510 quod
2919 441 3209 512 quaeritur.
3257 442 3404 510 Quo-

1827 533 1991 586 modo
2019 533 2166 588 enim
2199 533 2294 603 qui
2319 537 2405 588 est
2430 546 2596 602 supra
2622 546 2784 587 omne
2806 547 3029 598 nomen,
3059 533 3240 590 eﬂ‘erri
3277 551 3402 604 pos-

1827 623 1899 676 sit
1928 638 2025 692 per
2077 625 2423 678 vocationem
2475 623 2762 678 nominis?
2810 623 3176 690 Quamobrem
3231 625 3399 688 dicit,

1842 713 2035 769 Vocavi
2063 716 2318 783 ipsum,et
2339 731 2442 770 non
2471 715 2646 768 audiit
2677 732 2777 769 me.
2806 715 2962 772 Tunc
2995 717 3224 788 cognovi
3253 715 3399 788 quod

1826 790 2266 876 magniﬁcentiae,
2293 807 2504 877 gloriae,
2523 807 2830 862 sanctitatis
2849 807 2969 878 ejus
2992 824 3100 863 non
3127 816 3210 864 est
3245 809 3395 866 linis.

1825 895 2191 962 Quamobrem
2233 897 2352 966 ipsa
2387 913 2582 952 rursus
2633 899 2900 970 exsurgit,
2960 907 3015 954 et
3043 900 3158 955 obit
3187 901 3396 971 cogita-

1828 988 1974 1042 tione
2003 987 2527 1058 supramundanam.
2555 996 2609 1044 et
2637 1004 2759 1060 quae
2782 990 3140 1062 intelligentia
3165 992 3399 1062 percipi-

1827 1086 1934 1143 tur,
1971 1090 2244 1143 naturam,
2282 1096 2447 1150 quam
2479 1089 2635 1135 vocat
2674 1082 2976 1150 civitatem,
3014 1083 3068 1137 in
3132 1099 3238 1154 qua
3267 1093 3397 1140 sunt

1825 1171 2163 1240 principatus
2195 1179 2246 1225 et
2277 1170 2694 1234 dominationes,
2740 1187 2804 1226 ac
2848 1175 3207 1243 potestatibus
3255 1178 3397 1232 assi-

1825 1263 1971 1328 gnati
2006 1263 2208 1323 throni,
2244 1273 2298 1316 et
2327 1263 2632 1317 caalestium
2663 1272 2984 1327 conventus,
3019 1279 3180 1333 quem
3215 1264 3395 1320 lorum

1825 1352 2090 1414 nominat,
2123 1361 2176 1406 et
2200 1352 2774 1423 incomprehensibilis
2817 1369 3047 1409 numero
3081 1355 3393 1424 multitudo,

1823 1457 1984 1512 quam
2022 1443 2289 1510 signiﬁcat
2318 1443 2538 1498 nomine
2573 1443 2782 1512 platea},
2816 1459 2886 1498 an
2927 1445 2983 1498 in
3017 1445 3098 1500 eis
3145 1445 3395 1500 invenia-

1824 1543 1914 1587 tur
1945 1535 1993 1588 id
2022 1535 2167 1604 quod
2196 1535 2462 1604 diligitur.
2520 1535 2700 1606 Atque
2735 1537 2827 1590 illa
2859 1536 3080 1607 quidem
3137 1547 3394 1594 scrutans

1824 1625 1940 1679 obit
1969 1640 2185 1680 onmem
2225 1627 2532 1697 angelicum
2563 1627 2888 1694 exercitum,
2913 1635 2968 1682 et
2996 1643 3119 1682 cum
3149 1629 3205 1683 in
3235 1629 3392 1686 bonis

115 1722 272 1792 ἐμοῦ
304 1721 707 1793 ἀγαπώμενον;
745 1725 854 1779 Καί
884 1743 1020 1798 φησι
1051 1727 1188 1796 πρὸς
1211 1726 1403 1790 αὑτούς,
1424 1744 1440 1760 ο
1485 1726 1579 1794 Μὴ
1607 1724 1705 1780 aedi

1826 1718 2062 1771 inventis
2090 1734 2195 1772 non
2222 1717 2454 1774 vidisset
2480 1719 2533 1773 id
2563 1719 2710 1789 quod
2733 1719 3098 1789 quaerebatur,
3129 1721 3230 1776 hoc
3251 1723 3392 1790 apud

115 1815 309 1883 ὑμεῖς
364 1815 438 1869 ὃν
477 1815 797 1884 ἠγάπησεν
848 1819 887 1886 ἠ
931 1818 1103 1886 ψυχή
1144 1836 1286 1888 μου,
1331 1819 1538 1882 were;
1585 1819 1720 1872 Σιω-

119 1907 438 1976 πησάντων
474 1906 532 1959 δὲ
579 1923 717 1976 προς
744 1908 845 1977 τὴν
869 1909 1128 1979 τοιαύτην
1176 1909 1464 1980 ἐρώτησιν,
1513 1910 1606 1962 καὶ
1635 1909 1724 1962 διὰ

118 1999 228 2066 τῆς
262 1999 485 2067 σιωπῆς
517 1997 904 2068 ἐνδειξαμένων
935 1999 996 2052 τὸ
1023 2001 1294 2064 κάκείνοις
1322 2001 1560 2070 ἄληπτον
1582 1995 1719 2054 εἷναι

115 2089 185 2140 τὸ
238 2090 384 2160 παρ’
430 2090 601 2160 αὑτῆς
635 2090 995 2162 ζητούμενον,
1039 2092 1115 2157 ὼς
1159 2091 1400 2161 διεξῆλθε
1438 2095 1505 2164 τῇ
1553 2094 1717 2146 πολυ-

120 2180 508 2253 πραγμοσύνῃ
541 2181 640 2252 τῆς
671 2181 912 2246 διανοίας
943 2185 1124 2237 πᾶσαν
1165 2183 1381 2254 ἐκείνην
1409 2182 1508 2254 τὴν
1549 2185 1719 2255 ὑπερ-

121 2272 370 2342 κόσμιον
411 2272 587 2338 πόλιν,
617 2273 710 2326 καὶ
738 2274 858 2327 οὑδὲ
884 2276 942 2327 ἐν
971 2277 1082 2337 τοῖς
1113 2279 1320 2345 νοητοῖς
1350 2293 1410 2328 τε
1446 2277 1541 2329 καὶ
1570 2278 1716 2330 ἀσωο

125 2365 334 2432 μάτοις
361 2359 502 2418 οἶδεν
529 2363 588 2418 ὃν
611 2365 878 2436 ἐπόθησεν
904 2382 919 2396 ο
959 2365 1080 2418 τότε
1121 2366 1494 2421 καταλιποῦσα
1522 2370 1630 2424 πᾶν
1655 2370 1718 2422 τὸ

122 2456 547 2528 εὑρισκόμενον,
567 2455 740 2520 οὕτως
759 2456 1019 2530 ἐγνώρισε
1038 2457 1100 2510 τὸ
1125 2458 1472 2530 ζητούμενον,
1492 2462 1550 2513 ἐν
1572 2461 1717 2530 μόνῳ

124 2546 209 2616 τῷ
239 2547 321 2617 μὴ
359 2546 877 2617 καταλαμϐάνεσθαι
905 2548 958 2601 τί
993 2549 1162 2614 ἐστιν,
1195 2550 1279 2602 ὃτι
1306 2550 1424 2602 ἐστὶ
1457 2553 1717 2618 γινωσκό-

127 2653 332 2706 μενον,
378 2632 439 2691 ob
483 2638 592 2691 πᾶν
637 2637 926 2710 γνώρισμα
969 2639 1408 2710 καταληπτικὺν,
1453 2642 1711 2710 ἐμπόδιον

123 2729 246 2792 τοῖς
275 2729 610 2802 ἀναζητοῦσι
637 2730 775 2802 πρὸς
797 2730 898 2802 τὴν
925 2731 1143 2803 εὕρεσιν
1164 2731 1395 2800 γίνεται.
1431 2733 1530 2786 Διά
1558 2733 1715 2786 τοῦτό

127 2838 269 2891 φησι
287 2838 302 2852 ⁸
335 2822 548 2896 Μικρὸν
565 2823 654 2878 ὅτε
674 2820 948 2893 παρῆλθον
973 2823 1068 2876 ἀπ’
1099 2823 1298 2888 αὐτῶν,
1318 2826 1515 2894 ἀφεῖσα
1536 2827 1714 2878 πᾶσαν

125 2911 230 2981 τὴν
262 2909 460 2976 κτίσιν,
493 2913 588 2965 καὶ
622 2912 966 2985 παρελθοῦσα
1003 2916 1110 2968 πᾶν
1134 2915 1195 2969 τὸ
1225 2917 1284 2968 ἐν
1319 2917 1386 2986 τῇ
1413 2917 1590 2968 κτίσει
1627 2933 1714 2969 νο-

127 3003 383 3072 ούμενον,
421 3003 514 3058 καὶ
558 3005 740 3058 πᾶσαν
785 3006 1200 3076 καταληπτικὴν
1247 3006 1433 3078 ἔφοδον
1483 3008 1708 3061 καταλι-

128 3095 332 3161 ποῦσα,
362 3099 427 3169 τῇ
462 3095 644 3149 πίστει
679 3091 836 3167 εὗρον
864 3097 924 3150 τὸ
957 3097 1318 3168 ἀγαπώμενον
1337 3115 1352 3129 ο
1402 3099 1497 3152 καὶ
1525 3099 1707 3152 οὐκέτι

134 3185 356 3256 μεθήσω
383 3189 451 3257 τῇ
484 3186 585 3258 τῆς
622 3188 856 3252 πίστεως
894 3188 1032 3259 λαϐῇ
1078 3189 1171 3242 τοῦ
1201 3189 1518 3261 εὑρεθέντος
1556 3191 1710 3244 ἀντε-

131 3277 357 3348 χομένη,
404 3278 510 3342 ἕως
554 3278 621 3331 ἂν
669 3279 820 3342 ἐντὸς
861 3279 1086 3351 γένηται
1111 3279 1205 3334 τοῦ
1243 3280 1377 3352 ἐμοῦ
1418 3282 1666 3352 ταμιείου
1691 3299 1706 3314 ο

130 3370 324 3441 καρδία
354 3371 410 3424 δὲ
438 3372 656 3435 πάντως
685 3373 746 3426 τὸ
765 3373 1011 3442 ταμιεῖόν
1044 3377 1210 3438 ἐστιν,
1261 3375 1295 3446 ἡ
1347 3375 1468 3428 τότε
1500 3377 1707 3444 γίνεται

129 3465 350 3537 δεκτικὴ
377 3465 478 3536 τῆς
525 3466 675 3530 θείας
707 3469 1051 3539 ἐνοικήσεως,
1093 3471 1222 3523 ὅταν
1268 3471 1536 3543 ἐπανέλθῃ
1572 3473 1709 3544 πρὸς

130 3559 229 3627 τὴν
273 3560 605 3613 κατάστασιν
639 3561 876 3631 ἐκείνην,
910 3561 969 3614 ἐν
1093 3561 1154 3615 τὸ
1194 3563 1474 3635 καταρχὰς
1500 3561 1590 3636 ἦν,
1619 3567 1707 3619 ὅτε

133 3648 373 3718 ἐπλάσθη
407 3649 514 3703 ὑπὸ
553 3649 656 3720 τῆς
695 3650 1086 3722 συλλαϐούσης.
1131 3652 1358 3724 Μητέρα
1399 3654 1456 3707 δὲ
1490 3655 1708 3718 πάντως

133 3739 230 3808 τὴν
271 3737 492 3810 πρώτην
534 3739 635 3810 τῆς
678 3740 990 3804 συστάσεως
1028 3741 1184 3812 ἡμῶν
1228 3742 1408 3796 αἰτίαν
1439 3743 1574 3798 νοῶν
1601 3760 1704 3807 τις,

133 3831 230 3902 οὐχ
255 3831 646 3903 ἁμαρτήσεται.

201 3999 400 4071 Καιρὸς
437 3999 484 4051 δ’
532 3998 598 4052 ἃν
640 4000 724 4069 εἴη
780 3999 942 4054 πάλιν
997 4001 1085 4054 ἐπ’
1135 4003 1306 4072 αὐτῆς
1361 4002 1461 4074 τῆς
1508 4003 1706 4069 λέξεως

138 4089 467 4160 παραθέσθαι
498 4089 596 4155 τὰς
627 4090 777 4154 θείας
807 4093 1009 4161 φωνὰς,
1041 4093 1183 4147 ὥστε
1212 4097 1324 4157 τοῖς
1353 4093 1705 4166 θεωρηθεῖσιν

136 4186 541 4257 ἐφαρμοσθῆναι
595 4187 664 4240 τὰ
727 4189 970 4258 ῥήματα.
1035 4191 1158 4244 Ἐπὶ
1205 4193 1414 4260 κοίτην
1457 4192 1576 4261 μοῦ
1634 4191 1704 4245 ἐν

137 4276 308 4340 νυξὶν
337 4275 594 4345 ἐζήτησα
636 4279 710 4332 ὃν
747 4280 1069 4349 ἠγάπησεν
1093 4285 1131 4351 ή
1157 4283 1328 4352 ψυχή
1365 4301 1505 4352 μου.
1545 4281 1701 4352 Ἐζή-

1735 3067 1778 3126 C

1821 1824 1881 1864 se
1907 1808 2354 1880 cogitavitzNum
2385 1811 2774 1881 comprehendi
2805 1819 2986 1882 potest
3017 1812 3149 1866 illud
3180 1813 3326 1884 quod
3359 1830 3391 1868 a

1821 1915 1907 1954 me
1932 1900 2210 1969 diligitur?
2233 1909 2289 1955 et
2327 1901 2460 1955 dicit
2487 1902 2568 1956 eis
2600 1920 2615 1956 :
2643 1900 2899 1972 Nunquid
2924 1919 3012 1957 vos
3043 1919 3192 1972 quem
3218 1904 3389 1976 diligit

1819 1992 2000 2044 anima
2031 2008 2169 2055 mea,
2199 1991 2443 2048 vidistis?
2489 1993 2625 2048 Cum
2673 2001 2853 2048 autem
2889 1995 2969 2047 illi
2996 1996 3294 2051 tacuissent
3323 1995 3390 2049 ad

1817 2095 1936 2135 eam
1986 2083 2489 2154 interrogationem,
2543 2093 2597 2140 et
2635 2084 2854 2140 silentio
2903 2085 3238 2143 indicassent
3283 2087 3392 2143 illis

1818 2187 2034 2242 quoque
2059 2190 2182 2230 esse
2230 2175 2785 2246 incomprehensibile
2851 2175 2904 2230 id
2960 2177 3107 2247 quod
3143 2178 3212 2232 ab
3269 2178 3391 2247 ipsa

1816 2265 2107 2333 quaeritur;
2139 2275 2430 2336 postquam
2467 2266 2633 2322 nimis
2688 2267 2908 2321 curioso
2963 2269 3144 2323 studio
3177 2270 3389 2340 cogita-

1816 2356 1983 2411 tionis
2012 2357 2320 2426 peragravit
2353 2357 2503 2410 illam
2531 2357 3036 2428 supramundanam
3071 2359 3346 2415 civitatem
3370 2401 3386 2428 ,

1815 2455 1946 2500 tunc
2007 2448 2201 2502 relicto
2236 2447 2490 2504 universo
2537 2451 2682 2520 quod
2749 2449 3150 2514 inveniebatur,
3186 2452 3262 2506 ita
3296 2466 3390 2506 co-

1817 2538 2005 2606 guovit
2036 2538 2090 2593 id
2118 2538 2265 2608 quod
2306 2541 2676 2610 quaerebatur,
2710 2551 2770 2596 ut
2792 2541 2844 2596 ei
2877 2542 3075 2610 solum,
3119 2543 3263 2613 quod
3304 2543 3391 2600 in-

1815 2629 2146 2699 telligeretur
2173 2646 2281 2685 nou
2315 2647 2478 2702 posse
2509 2633 2924 2703 comprehendi;
2964 2644 3392 2705 cognosceretur

1813 2736 1956 2787 esse,
1987 2721 2148 2790 cujus
2186 2738 2350 2778 omne
2383 2724 2599 2792 signum
2631 2739 2695 2779 ac
2726 2725 2990 2781 indicium
3027 2729 3391 2797 comprehen-

1813 2806 1971 2872 dens,
2019 2807 2079 2860 ﬁt
2112 2809 2562 2879 impedimentum
2601 2811 2668 2867 iis
2710 2813 2803 2882 qui
2853 2823 3108 2885 quaerunt
3152 2817 3218 2872 ad
3267 2819 3391 2888 ejus

1813 2897 2205 2954 inventionem.
2239 2898 2530 2971 Propterea
2560 2902 2694 2958 dicit
2719 2923 2732 2958 :
2757 2903 3171 2976 Quamprimum
3196 2923 3388 2978 parum

1817 2990 1886 3044 ab
1909 2991 1991 3047 eis
2027 2993 2244 3057 transii,
2299 2993 2490 3050 relicta
2539 2996 2687 3050 omni
2753 3007 3026 3063 creatura,
3059 3007 3114 3055 et
3167 3011 3392 3072 prazter-

1810 3084 1983 3140 misso
2014 3085 2272 3140 universo
2313 3084 2462 3154 quod
2512 3085 2840 3158 intelligitur
2903 3089 2961 3143 in
2997 3098 3294 3160 creatura;
3333 3101 3391 3148 et

1809 3176 2036 3232 dimissa
2058 3177 2205 3231 omni
2235 3177 2320 3230 via
2346 3185 2403 3232 et
2440 3178 2657 3233 ratione
2675 3178 3388 3250 comprehendendijriveni

1810 3265 1914 3322 ﬁde
1961 3282 2086 3322 eum
2121 3267 2214 3336 qui
2253 3266 2537 3338 diligitur:
2574 3275 2629 3322 et
2683 3283 2794 3322 non
2846 3269 3083 3340 amplius
3116 3271 3387 3327 dimittam

1807 3371 1931 3411 eum
1979 3371 2111 3412 ansa
2169 3355 2294 3411 ﬁdei
2345 3357 2772 3427 apprehensum,
2809 3357 2986 3415 donec
3043 3359 3206 3416 fuerit
3240 3361 3386 3416 intra

1809 3464 1990 3502 meum
2025 3449 2321 3502 conclave:
2355 3462 2453 3502 cor
2501 3459 2682 3502 autem
2714 3449 2937 3504 omnino
2983 3457 3067 3504 est
3101 3453 3384 3518 conclave,

1811 3541 1956 3610 quod
1980 3551 2109 3594 ttuic
2137 3541 2194 3594 ﬁt
2225 3555 2398 3610 capax
2431 3540 2630 3595 divina:
2656 3540 2779 3610 ejus
2809 3541 3190 3608 habitationis,
3215 3560 3388 3615 quan-

1807 3632 1880 3685 do
1912 3631 2132 3686 redierit
2173 3634 2240 3684 atl
2276 3631 2428 3684 illum
2465 3639 2669 3686 statum
2727 3632 2782 3686 in
2815 3647 2925 3703 quo
2975 3633 3080 3688 fuit
3107 3634 3174 3689 ab
3205 3635 3381 3700 initio,

1807 3725 2025 3794 quando
2057 3722 2154 3777 fuit
2182 3723 2416 3779 elﬁctum
2443 3725 2514 3779 ab
2537 3739 2600 3779 ea
2631 3739 2755 3793 qua:
2801 3727 3075 3796 concepit.
3110 3725 3230 3782 Non
3285 3729 3384 3782 ab-

1805 3815 2009 3870 errabit
2049 3824 2229 3870 autem
2276 3815 2501 3870 omnino
2554 3815 2805 3885 quisquis
2837 3815 3102 3888 intelliget
3133 3828 3384 3888 matrem,

1805 3907 2036 3978 primam
2066 3921 2286 3962 causam
2312 3915 2513 3962 nostrai
2541 3907 2974 3963 constitutionis.

1876 3994 2112 4066 Tempus
2146 4003 2230 4051 est
2272 4004 2454 4051 autem
2490 3996 2804 4066 exponendi
2851 4013 3013 4053 voces
3063 3998 3279 4056 divinas
3328 4017 3384 4057 in

1805 4090 1926 4160 ipso
1955 4091 2245 4145 verborum
2279 4097 2562 4156 contextu,
2617 4098 2678 4144 ut
2711 4091 2877 4146 verba
2921 4093 3252 4148 conveniant
3305 4095 3374 4150 iis

1802 4197 1924 4252 quae
1985 4191 2112 4236 sunt
2166 4180 2532 4237 considerata.
2586 4180 2653 4235 In
2711 4184 2844 4237 lecto
2883 4199 2996 4236 meo
3032 4194 3190 4237 noctu
3242 4201 3384 4255 qua-

1803 4275 1902 4328 sivi
1930 4290 2083 4344 quem
2113 4272 2288 4344 diligit
2332 4273 2515 4327 anima
2565 4289 2702 4327 mea.
2735 4273 2971 4340 Quazsivt'
3011 4276 3152 4328 enim
3182 4291 3300 4330 eum
3331 4287 3384 4332 et

139 4383 288 4435 τησα
332 4369 538 4435 αὑτὸν,
597 4370 695 4423 καὶ
754 4373 866 4440 οὐχ
929 4369 1110 4441 εὗρον
1159 4377 1384 4429 αὐτόν’
1435 4375 1702 4430 ἐκάλεσα

1813 4383 1908 4421 non
1956 4368 2126 4421 inveni
2162 4383 2300 4430 eum,
2347 4367 2525 4420 vocavi
2578 4383 2698 4422 eum
2758 4377 2807 4420 et
2871 4385 2974 4422 non
3024 4367 3224 4423 audivit
3278 4386 3378 4426 me.

139 4459 336 4524 αὐτὸν,
359 4459 454 4514 καὶ
488 4463 601 4531 οὐχ
632 4462 951 4527 ὑπήκουσέ
974 4483 1114 4533 μου.
1137 4466 1592 4538 ’Ἃναστήο-ομαι
1621 4468 1698 4537 δὴ

1813 4458 2034 4529 Surgam
2054 4467 2231 4512 autem
2259 4466 2308 4511 et
2329 4456 2562 4511 circuibo
2581 4458 2846 4512 civitatem
2871 4459 2926 4511 in
2949 4457 3082 4526 foris
3099 4468 3148 4512 et
3169 4459 3378 4526 plateis,

140 4555 236 4608 καὶ
271 4552 559 4614 κυκλὼσω
601 4553 671 4606 ἐν
711 4552 787 4623 τῇ
819 4557 1026 4618 πόλει,
1073 4557 1142 4610 ἐν
1173 4557 1302 4622 ταῖς
1332 4559 1574 4626 ἀγοραῖς
1600 4561 1701 4614 καὶ

139 4645 207 4697 ἐν
237 4641 358 4709 ταῖς
387 4643 699 4710 πλατείαις
720 4685 736 4709 ,
789 4645 889 4697 καί
933 4643 1164 4714 ζητήσω
1204 4646 1276 4699 ὃν
1313 4647 1633 4717 ἠγάπησεν
1658 4652 1697 4718 ἠ

141 4735 300 4804 ψυχή
319 4751 456 4804 μου.
491 4732 784 4802 Ἐζήτησα
807 4735 1014 4800 αὐτὸν,
1040 4737 1137 4790 καὶ
1156 4739 1269 4806 οὐχ
1296 4735 1477 4807 εὗρον
1490 4742 1696 4795 αὐτόν.

144 4825 402 4895 Εῦροσάν
438 4843 516 4896 με
555 4830 610 4881 οἱ
646 4827 969 4896 τηροῦ-ντες
1019 4833 1071 4882 οὶ
1120 4830 1488 4895 κυκλοῦντες
1522 4832 1592 4884 ἐν
1624 4832 1699 4900 τῇ

147 4920 323 4973 πόλει.
352 4917 446 4987 Μὴ
477 4918 551 4972 ὃν
576 4917 895 4988 ἠγάπησεν
931 4921 970 4987 ἠ
1002 4919 1173 4989 ψυχή
1199 4937 1338 4988 μου,
1371 4920 1525 4975 ἴδετε
1542 4939 1562 4986 ;
1602 4923 1699 4988 Ὠς

142 5010 337 5081 μικρὸν
361 5009 458 5064 ὅτε
482 5010 796 5080 παρῆλθον
815 5011 916 5065 ἀπ’
935 5010 1152 5075 αὐτῶν,
1185 5013 1296 5078 ἕως
1327 5009 1399 5069 οὗ
1423 5009 1604 5082 εὗρον
1627 5014 1699 5068 ὃν

148 5086 438 5171 ἠγάπησεν
480 5103 520 5170 ἡ
555 5103 726 5172 ψυχή
768 5121 908 5172 μου.
975 5104 1312 5173 Έκράτησα
1349 5105 1554 5170 αὑτὸν,
1599 5105 1698 5159 καὶ

151 5197 252 5250 οὐκ
284 5193 476 5263 ἀφῆκα
529 5196 749 5260 αὐτὸν,
796 5195 906 5262 ἕως
938 5191 1010 5252 οὗ
1057 5195 1380 5266 εἰσήγαγον
1418 5197 1604 5251 αὑτὸν
1631 5199 1698 5265 ἐς

153 5282 302 5340 οἶκον
321 5287 539 5355 μητρός
572 5304 713 5355 μου,
755 5287 858 5340 καὶ
896 5290 983 5352 εὶς
1018 5287 1282 5357 ταμιεῖον
1316 5288 1428 5356 τῆς
1466 5295 1698 5346 συλλα-

156 5377 354 5440 ϐούσης
387 5393 481 5445 με.
528 5377 652 5430 Ἐπὶ
682 5376 892 5440 τούτοις
931 5376 1095 5429 πάλιν
1124 5377 1230 5429 ὑπὸ
1268 5377 1694 5449 φιλανθρωπίας,

158 5469 240 5520 καὶ
275 5470 380 5530 ταῖς
420 5467 755 5539 θυγατράσιν
793 5468 1150 5539 Ἰερουσαλὴμ
1188 5468 1513 5537 διαλέγεται,
1542 5469 1609 5534 ἃς
1639 5473 1697 5525 ἐν

157 5557 254 5618 rei;
281 5555 572 5627 ἔμπροσθεν
604 5557 661 5610 ἐν
701 5558 986 5626 συγκρίσει
1030 5557 1124 5610 τοῦ
1165 5559 1265 5628 τῆς
1309 5558 1527 5629 νύμφης
1564 5560 1696 5613 κάλ-

159 5645 267 5717 λννς
294 5647 372 5706 τοῦ
401 5647 856 5726 παρεικασθέντος
902 5645 980 5718 τῷ
1026 5650 1230 5723 κρίνῳ,
1279 5651 1519 5718 ἀκάνθας
1562 5652 1696 5718 ὅλως

1800 4561 1850 4607 et
1897 4568 2134 4622 quwram
2182 4568 2334 4621 quem
2365 4551 2541 4620 diligit
2581 4551 2764 4604 anima
2808 4567 2942 4604 mea.
2987 4551 3220 4616 Qumivi
3262 4568 3381 4605 eum

1799 4654 1849 4698 et
1896 4660 2000 4698 non
2036 4643 2208 4697 inveni
2257 4657 2395 4695 eum.
2454 4639 2770 4694 Invenerunt
2830 4657 2910 4694 me
2953 4641 3044 4709 qui
3075 4639 3382 4695 custodiunt

1801 4737 2180 4790 circumeuntes
2202 4734 2486 4788 civitatem.
2514 4730 2659 4784 Num
2679 4747 2830 4800 quem
2849 4731 3021 4801 diligit
3041 4733 3221 4786 anima
3240 4748 3376 4797 mea,

1800 4827 2048 4882 vidistis?
2108 4824 2510 4892 Quamprimum
2566 4837 2754 4888 parum
2803 4821 2868 4875 ab
2914 4822 2988 4875 eis
3027 4823 3239 4886 transii,
3270 4821 3371 4876 do-

1801 4937 1892 4975 nec
1913 4919 2085 4974 inveni
2105 4935 2222 4972 eum
2247 4933 2398 4986 quem
2427 4915 2602 4983 diligit
2653 4916 2833 4968 anima
2865 4930 3003 4968 mea.
3041 4913 3206 4967 Tenui
3257 4931 3376 4969 eum

1798 5022 1849 5067 et
1880 5029 1984 5066 non
2014 5011 2194 5064 dimisi
2225 5024 2364 5069 eum,
2394 5007 2557 5061 donec
2589 5023 2707 5059 eum
2739 5006 3015 5060 introduxi
3045 5007 3102 5060 in
3158 5007 3376 5060 domum

1798 5103 1988 5158 matris
2012 5117 2160 5165 mete,
2200 5109 2250 5154 et
2297 5101 2350 5152 in
2373 5099 2616 5152 conclave
2658 5098 2773 5166 ejus
2820 5113 2940 5165 qua:
2990 5114 3071 5151 me
3115 5100 3371 5166 concepit.

1799 5195 1931 5251 Post
1963 5195 2078 5249 hare
2117 5207 2312 5247 rursus
2361 5198 2583 5260 pr0pter
2641 5188 3029 5259 benignitatem
3079 5191 3374 5260 alloquitur

1797 5287 1940 5343 ﬁlias
1971 5284 2273 5342 Jerusalem
2293 5325 2307 5345 ,
2349 5297 2491 5354 quas
2531 5292 2692 5336 antea
2723 5282 3134 5350 comparatione
3160 5298 3374 5352 sponsae

1799 5378 2251 5450 pulchritudinis,
2301 5391 2468 5447 quam
2521 5376 2636 5429 lilio
2695 5375 3131 5438 assimilaverat,
3183 5375 3373 5446 spinas

1799 5471 2108 5542 appellavit,
2156 5478 2213 5526 et
2264 5485 2362 5541 per
2420 5468 2822 5539 adjurationem
2872 5475 3210 5538 potestatum
3248 5485 3372 5542 quae

1799 5569 1928 5617 sunt
1955 5564 2009 5616 in
2035 5561 2259 5626 mundo,
2293 5560 2425 5616 facit
2453 5574 2745 5629 assurgere
2777 5559 2842 5614 ad
2902 5575 3087 5630 parem
3147 5562 3369 5616 modum

1799 5653 2102 5722 charitatis,
2130 5659 2189 5708 ut
2222 5652 2472 5710 voluntas
2499 5651 2688 5722 sponsi
2714 5652 2784 5708 sit
2806 5651 2968 5709 etiam
2999 5653 3054 5708 in
3077 5652 3159 5709 eis
3189 5652 3368 5708 fortis.
