3854 6216
500 264 602 318 895'

1739 275 1796 330 S.
1840 271 2168 332 οιιειιοιιιι
2205 272 2493 334 NYSSENI

3671 267 3829 335 ωε

497 380 712 435 Dictum
741 389 827 435 est
862 389 1042 438 autem
1092 385 1148 440 in
1207 386 1274 442 iis
1331 403 1453 458 quae
1490 400 1914 460 prmeesserunt,
1953 393 2079 464 quis

2184 393 2452 466 ὠνόμασε,
2485 397 2578 450 καὶ
2606 397 2694 452 διὰ
2738 397 2830 452 τοῦ
2875 398 3037 470 ὅρκου
3079 398 3188 452 τῶν
3226 399 3284 451 ἐν
3318 397 3395 469 τῷ
3438 396 3643 468 κόσμῳ
3681 401 3782 452 δη..-

498 473 572 527 sit
605 473 846 529 mundus
891 475 945 529 in
977 492 1085 546 quo
1115 487 1243 535 sunt
1282 482 1510 536 virtutes
1543 498 1605 539 ac
1654 493 1979 553 potestates,
2031 500 2085 542 et

497 579 623 634 quae
658 565 730 619 sit
769 567 1026 624 voluntas
1052 570 1172 639 ejus
1204 573 1297 640 qui
1348 590 1414 628 ex
1449 583 1565 628 toto
1602 576 1768 630 corde
1811 578 2081 648 diligitur,

498 653 638 710 adeo
664 664 723 710 ut
759 672 870 712 non
909 659 981 714 sit
1025 675 1166 730 Opus
1196 662 1264 718 de
1313 664 1505 718 iisdem
1555 666 1826 736 prolixius
1877 667 2080 734 dicere,

498 763 626 802 cum
657 765 780 818 quae
816 751 870 804 in
903 753 1086 808 verbis
1123 755 1275 824 prius
1313 755 1413 808 fuit
1463 757 1811 811 considerata
1863 767 2086 814 senten-

500 840 602 906 tia,
631 841 768 896 satis
799 841 1041 898 declaret
1071 845 1124 898 id
1161 847 1305 914 quod
1339 848 1392 900 in
1423 848 1528 902 hoc
1568 848 1691 903 loco
1738 849 2080 920 intelligitur.

502 928 607 984 Sed
641 932 1002 1000 procedamus
1049 937 1114 989 ad
1150 937 1200 990 id
1231 939 1375 1006 quod
1405 937 1665 1008 deinceps
1701 941 1974 1009 sequitur,
2023 950 2083 996 ut

503 1019 806 1084 videamus,
848 1040 977 1078 num
1028 1025 1142 1080 fieri
1181 1029 1356 1096 possit
1413 1037 1472 1082 ut
1533 1047 1635 1086 nos
1687 1048 1906 1104 quoque
1956 1051 2080 1090 cum

501 1109 744 1180 perfecta
773 1114 1051 1180 columba,
1094 1135 1216 1187 qua:
1256 1121 1311 1173 in
1344 1121 1518 1175 altum
1559 1123 1761 1187 evolat,
1816 1127 2082 1181 ascenda-

503 1218 646 1270 mus,
676 1213 731 1259 et
789 1208 1091 1263 amicorum
1137 1214 1325 1280 sponsi
1360 1229 1548 1268 vocem
1598 1215 1914 1282 audiamus,
1983 1221 2079 1289 qui

497 1294 620 1362 ejus
647 1310 937 1353 ascensum
974 1316 1040 1354 ex
1076 1302 1296 1358 deserto
1345 1306 1636 1373 mirantur,
1682 1311 1827 1380 quod
1862 1313 2080 1382 quidem

500 1386 773 1454 praecipue
803 1399 1142 1458 spectatores
1175 1395 1228 1449 in
1260 1405 1541 1466 stuporem
1597 1401 1786 1469 trahit,
1833 1405 2080 1472 quando-

500 1474 726 1544 quidem
770 1479 932 1533 talem
968 1484 1226 1550 producit
1253 1486 1554 1553 desertum,
1593 1492 1672 1546 sic
1733 1503 1791 1547 ut
1824 1495 2080 1550 arborum

501 1568 967 1636 pulchritudinem
1031 1575 1297 1641 imitetur,
1335 1595 1456 1648 quae
1495 1581 1546 1634 in
1597 1582 1818 1638 deserto
1877 1601 2077 1656 vapore

2185 484 2401 553 νάμεων
2432 486 2568 558 πρὸς
2602 485 2664 540 τὸ
2699 487 2810 540 ἴσον
2838 488 2936 558 τῆς
2963 489 3181 559 ἀγάπης
3205 487 3509 559 διανίστησι
3550 488 3774 559 μέτρα...

2185 573 2325 627 ὥστε
2355 576 2414 628 τὸ
2440 575 2649 647 θέλημα
2691 577 2786 630 τοῦ
2815 579 3048 650 νυμφίου
3079 580 3174 633 καὶ
3202 579 3290 633 ἐπ’
3323 579 3512 632 αὐτῶν
3545 581 3778 650 ἐνεργὶν

2184 667 2452 734 γίνεσθαι.
2515 670 2740 741 Εἴρηται
2795 672 2852 725 δὲ
2914 674 2972 725 ἐν
3029 676 3141 736 τοῖς
3187 673 3447 740 φθάσασι,
3501 672 3596 735 τίς
3640 690 3698 724 τε
3749 675 3780 723 ό

2185 757 2392 827 κόσμος
2435 759 2494 810 ἐν
2601 762 2657 812 αἱ
2693 761 2875 832 ἰσχύες
2922 763 3016 816 καὶ
3056 765 3111 816 αἱ
3159 763 3436 833 δυνάμεις,
3484 765 3594 816 καὶ
3623 765 3676 815 τί
3713 765 3783 813 τὲ

2185 849 2398 921 θέλημα
2424 850 2518 904 τοῦ
2553 851 2612 918 ἐξ
2654 853 2780 924 ὅλης
2827 857 3052 926 καρδίας
3096 874 3155 909 τε
3195 857 3287 910 καὶ
3318 858 3500 927 ψυχῆς
3543 859 3786 924 ἀγαπω-

2188 944 2374 1015 μένου,
2403 945 2477 1008 ὡς
2505 946 2578 1017 μὴ
2609 946 2798 1017 χρείαν
2826 944 2962 1000 εἶναι
2991 948 3151 1001 πάλιν
3175 949 3241 1002 δι’
3279 949 3459 1002 αὐτῶν
3487 949 3593 1003 τὸν
3618 949 3792 1016 λόγον

2187 1035 2540 1106 μηκύνεσθαι,
2570 1037 2670 1108 τῆς
2712 1038 3187 1110 προθεωρηθείσης
3231 1042 3361 1110 ἡμῖν
3400 1041 3461 1092 ἐν
3510 1045 3636 1102 τοῖς
3682 1043 3792 1111 ῥή-

2187 1145 2317 1197 μασι
2339 1127 2595 1192 διανοίας,
2617 1131 2677 1182 τὸ
2701 1132 2758 1182 ἐν
2781 1130 2857 1200 τῷ
2879 1131 3026 1200 τόπῳ
3053 1127 3225 1202 τούτῳ
3247 1132 3544 1201 νοούμενον
3573 1133 3792 1192 ἰκανῶς

2184 1219 2542 1290 φανερούσης.
2598 1221 2760 1277 Ἀλλά
2790 1223 2924 1292 πρὸς
2949 1223 3010 1275 τὸ
3040 1223 3234 1296 ἐφεξῆς
3275 1223 3370 1280 τοῦ
3418 1223 3592 1291 λόγου
3640 1241 3792 1292 προ-

2177 1311 2374 1381 ΐωμεν,
2407 1312 2566 1382 εἴπερ
2605 1312 2816 1380 γένοιτο
2853 1313 3074 1368 δυνατὸν
3108 1317 3200 1367 καὶ
3229 1317 3360 1386 ἡμῖν
3391 1315 3792 1383 συναναϐἧνιειι

2181 1405 2245 1472 τῇ
2275 1403 2458 1476 τελείᾳ
2489 1407 2790 1476 περιστερᾷ
2831 1406 2968 1476 πρὸς
2999 1407 3060 1459 τὸ
3108 1407 3240 1476 ὕψος
3270 1409 3657 1479 ἀνιπταμένῃ.
3687 1408 3793 1459 καὶ

2181 1493 2411 1547 ἀκοῦσαι
2441 1495 2539 1564 τῆς
2579 1497 2690 1550 τῶν
2727 1497 2896 1566 φίλων
2921 1497 3014 1550 τοῦ
3046 1500 3276 1569 νυμφίου
3305 1501 3513 1572 φωνῆς,
3554 1501 3620 1552 ἐν
3650 1499 3793 1562 θαύ-

2185 1601 2313 1656 ματι
2352 1588 2692 1656 ποιουμένων
2737 1588 2836 1658 τὴν
2869 1589 3134 1642 ἀνάϐασιν
3184 1591 3354 1661 αὐτῆς
3402 1591 3506 1661 τὴν
3563 1593 3636 1644 ἐκ
3682 1592 3792 1658 τῆς

499 1660 715 1716 sullitus
747 1665 1094 1723 excoluntur.
1133 1666 1355 1725 Suﬂitus
1387 1684 1568 1726 autem
1594 1684 1750 1729 erant
1783 1679 2000 1748 myrrha
2026 1689 2078 1734 et

2184 1679 2412 1750 ἐρήμου,
2440 1678 2469 1730 ὃ
2497 1678 2558 1749 δὴ
2593 1680 2687 1731 καὶ
2718 1681 2917 1749 μᾶλλον
2950 1679 3230 1744 πλεονάζει
3270 1660 3384 1744 τοῖς
3415 1660 3651 1744 θεαταῖς
3683 1682 3792 1749 τὴν

500 1752 648 1808 thus.
675 1753 942 1810 Caeterum
986 1775 1093 1813 una
1124 1776 1244 1814 cum
1281 1779 1482 1834 vapore
1513 1781 1580 1820 ex
1636 1767 1721 1822 his
1777 1737 2079 1838 prodeunte.

2184 1737 2463 1842 ἔκπληξιν,
2499 1737 2558 1825 εἰ¹
2593 1737 2848 1841 τοιαύτην
2881 1775 2912 1843 ἡ
2947 1773 3150 1844 ἔρημος
3179 1772 3523 1833 ἀναδίδωσιν,
3581 1774 3666 1836 ὡς
3695 1791 3794 1841 μι-

501 1841 681 1910 puIlvis
707 1844 980 1915 quispiam
1020 1849 1365 1906 excitabatur
1394 1861 1450 1908 et
1497 1856 1829 1912 ascendebat
1857 1875 1924 1914 ex
1956 1877 2079 1916 aro-

500 1933 742 1990 natibus
779 1938 1152 1994 comminutis.
1187 1940 1266 1996 lta
1296 1952 1354 1997 ut
1388 1943 1510 1999 loco
1540 1948 1783 2016 pulveris
1805 1966 1927 2005 cum
1955 1970 2078 2010 aere

501 2025 645 2078 misti
705 2029 926 2085 subtilis
974 2033 1220 2101 quaedam
1267 2045 1573 2092 aromatum
1637 2052 1784 2096 esset
1834 2045 2071 2116 dilTusio,

497 2113 657 2181 cujus
692 2119 740 2172 vi
776 2128 959 2178 rectus
981 2131 1034 2177 et
1065 2126 1318 2180 sublimis
1348 2129 1526 2196 pulvis
1562 2135 1902 2204 erumpebat.

2187 1862 2404 1935 μεῖσθαι
2447 1863 2677 1933 δένδρων
2725 1864 2938 1926 κάλλος.
2977 1863 3086 1915 τῶν
3119 1867 3175 1916 ἐν
3207 1866 3271 1933 τῇ
3306 1865 3506 1934 ἐρήμῳ
3534 1863 3633 1915 διὰ
3674 1863 3792 1914 τῶν

2183 1955 2370 2025 ἀτμῶν
2397 1953 2492 2007 τοῦ
2525 1954 2866 2024 θυμιάματος
2893 1954 3341 2025 γεωργουμένων.
3373 1954 3460 2006 Τά
3484 1955 3545 2006 δὲ
3580 1953 3794 2022 θυμιᾶ-

2185 2065 2330 2120 ματα
2361 2047 2573 2117 σμύρνα
2616 2047 2712 2099 καὶ
2761 2046 2973 2109 λίϐανος
3005 2042 3072 2117 ἦν
3103 2064 3117 2076 ·
3171 2045 3249 2115 τῷ
3298 2045 3356 2098 δὲ
3405 2046 3520 2098 ἀπὸ
3570 2045 3804 2096 τούτων.

2181 2139 2338 2211 ἀτμῷ
2382 2141 2476 2193 καὶ
2532 2139 2806 2211 κονιορτός
2856 2155 2940 2200 τις
2989 2139 3077 2192 διὰ
3120 2138 3228 2191 τῶν
3260 2139 3794 2209 λεπτοποιηϐἐντων

497 2208 806 2277 ἀρωμάτων
831 2217 1181 2286 συνηγείρετό
1206 2234 1264 2270 τε
1290 2219 1384 2272 καὶ
1412 2223 1789 2277 συνανέϐαινεν
1815 2244 1828 2257 ο
1863 2228 1936 2291 ὡς
1957 2231 2077 2284 ἀντὶ
2115 2208 2322 2295 κόνεως
2344 2228 2481 2284 εἶναι
2507 2233 2604 2301 τῆς
2629 2208 3085 2302 ἀνακεκραμένης
3139 2231 3276 2300 πρὸς
3337 2230 3430 2283 τὸν
3466 2230 3638 2300 ἀέρα,

497 2298 805 2373 λεπτομερῆ
841 2303 948 2357 τῶν
972 2306 1280 2376 ἀρωμάτων
1310 2310 1578 2380 διάχυσιν,
1625 2313 1693 2366 δι’
1724 2311 1793 2386 ἧς
1833 2317 2016 2388 ὄρθιος
2045 2320 2074 2371 ὁ
2113 2324 2388 2395 κονιορτὸς
2418 2319 2485 2395 ἦν
2512 2298 2605 2376 καὶ
2639 2298 2929 2393 μετέωροςί

569 2393 740 2450 Porro
768 2403 953 2453 textus
986 2400 1067 2453 sic
1094 2401 1253 2455 habet
1277 2419 1290 2455 :
1311 2401 1444 2469 Qua
1461 2415 1540 2459 est
1563 2407 1670 2460 ista
1694 2424 1811 2478 qua:
1839 2413 2077 2467 ascendit

496 2486 561 2540 de
579 2486 784 2542 deserto
799 2490 935 2543 sicut
967 2493 1141 2545 trunci
1155 2493 1310 2562 fumi,
1327 2497 1540 2551 incensa
1567 2502 1785 2570 myrrha
1802 2511 1852 2554 et
1873 2503 1987 2559 thus
2013 2505 2077 2559 ab

498 2578 739 2632 omnibus
769 2581 1071 2648 pulveribus
1105 2587 1557 2654 unguentarii?Si
1588 2593 1713 2661 quis
1740 2594 1983 2649 animum
2011 2597 2079 2650 ad

494 2681 558 2719 ea
591 2683 712 2739 quin
753 2669 898 2724 dicta
955 2679 1085 2727 sunt
1121 2674 1413 2744 diligenter
1466 2680 1732 2746 attendat,
1792 2685 2076 2739 veritatem

497 2755 795 2823 dogmatis,
830 2759 976 2828 quod
1019 2777 1048 2815 a
1080 2763 1242 2818 nobis
1282 2765 1436 2832 prius
1469 2768 1807 2825 intellectum
1853 2780 1956 2838 est,
1994 2774 2080 2828 in-

495 2850 697 2903 veniet.
728 2847 864 2904 Nam
894 2854 1356 2922 quemadmodum
1390 2860 1447 2912 in
1472 2860 1808 2917 theatrorum
1841 2865 2071 2935 pompis,

498 2936 626 2992 licet
649 2939 811 2993 iidem
837 2941 969 3004 sint,
993 2943 1088 3012 qui
1111 2948 1451 3016 propositam
1499 2952 1634 3020 ipsis
1660 2953 1946 3008 historiam
1977 2971 2075 3011 ex-

498 3027 705 3095 hibent,
740 3046 889 3087 nunc
924 3032 1002 3097 hi,
1033 3049 1182 3090 nunc
1213 3039 1292 3093 illi
1325 3053 1625 3097 censentur
1653 3059 1941 3115 apparere,
1978 3049 2072 3117 qui

2184 3054 2358 3117 αὐτοῖς
2426 3055 2666 3124 ἱστορίαν
2727 3054 3145 3125 ὑποκρινόμενοι

497 3134 600 3190 pro
632 3123 895 3180 varietate
926 3141 1288 3195 personarum
1320 3133 1561 3201 speciem
1594 3145 1831 3202 mutant,
1866 3147 1920 3192 et
1983 3141 2079 3208 qui

499 3227 650 3267 nunc
682 3229 878 3270 servus
905 3227 997 3272 aut
1023 3217 1186 3274 homo
1205 3222 1452 3290 privatus
1483 3234 1732 3293 apparet,
1766 3228 1932 3297 paulo
1955 3237 2080 3298 post

499 3305 732 3360 bellator
764 3316 860 3362 aut
885 3309 1042 3366 miles
1069 3315 1336 3378 cernitur,
1365 3323 1420 3369 et
1447 3331 1639 3371 rursus
1671 3318 1918 3374 habitum
1949 3322 2080 3376 sub-

499 3396 601 3450 diti
653 3399 951 3467 deponens,
1014 3401 1364 3471 imperatoris
1419 3421 1709 3475 personam
1776 3419 1831 3464 et
1870 3412 2079 3465 cultum

503 3491 765 3554 assumit,
798 3501 892 3546 aut
923 3493 1070 3563 regis
1103 3496 1338 3565 speciem
1374 3495 1550 3552 induit
1590 3518 1603 3553 :
1649 3501 1729 3556 sic
1759 3510 1812 3556 et
1856 3502 1910 3556 in
1969 3505 2082 3556 vir-

503 3582 638 3636 tutis
671 3583 1055 3653 progressibus
1100 3601 1210 3640 non
1269 3604 1488 3658 semper
1541 3591 1788 3647 eamdem
1845 3593 2082 3649 retinent

503 3672 734 3726 formam
764 3677 856 3744 qui
886 3691 917 3729 a
940 3676 1195 3733 claritate
1237 3682 1706 3738 transformamur
1766 3685 1822 3738 in
1857 3685 2082 3740 clarita-

502 3773 635 3829 tem,
670 3769 764 3820 sed
795 3781 895 3837 pro
926 3771 1140 3826 ratione
1169 3772 1436 3826 bonorum
1469 3774 1850 3844 perfectionis,
1881 3777 2082 3846 quibus

503 3872 564 3912 se
615 3859 849 3928 quisque
902 3862 1190 3929 praeditum
1241 3866 1504 3930 ostendit,
1565 3870 1820 3938 proprius
1856 3868 2079 3940 quidam

501 3949 628 4004 vitae
660 3951 929 4007 illucescit
961 3952 1271 4020 character,
1318 3958 1461 4013 alius
1509 3958 1687 4014 factus
1737 3976 1802 4015 ex
1840 3965 1969 4032 alio,
2028 3976 2083 4023 et

501 4055 771 4110 apparens
821 4058 918 4114 per
953 4054 1308 4115 augmentum
1358 4049 1650 4103 bonorum.
1707 4052 2075 4118 Quamobrem

502 4132 633 4185 mihi
669 4133 926 4188 videntur
954 4136 1119 4190 amici
1168 4137 1357 4206 sponsi
1407 4147 1672 4209 tanquam
1741 4159 1856 4198 rem
1885 4161 2080 4201 novam

502 4222 761 4277 admirari
797 4224 851 4278 id
881 4226 1028 4295 quod
1057 4235 1302 4296 apparet,
1336 4230 1431 4298 qui
1466 4232 1622 4300 prius
1678 4233 1898 4302 quidem
1957 4252 2079 4291 eam

501 4324 876 4386 cognoverunt
920 4317 1236 4387 pulchram;
1277 4321 1594 4389 pulchram,
1648 4323 1904 4393 inquam,
1940 4329 2083 4384 inter

503 4406 639 4461 alias
667 4408 960 4462 mulieres:
994 4420 1182 4478 postea
1235 4422 1417 4467 autem
1460 4416 1582 4468 auri
1613 4432 1831 4488 quoque
1881 4435 2080 4477 murae-
2110 4387 2154 4444 ὓ

501 4498 648 4553 nulis
673 4513 800 4552 cum
836 4502 980 4556 netis
1015 4503 1228 4572 argenti
1262 4503 1384 4572 ejus
1439 4505 1773 4564 decorarunt
1833 4514 2083 4580 pulchri-

502 4588 771 4645 tudinem.
809 4590 968 4646 Nunc
1001 4604 1184 4647 autem
1217 4597 1639 4665 princedentium
1673 4612 1926 4658 notarum
1960 4605 2082 4659 ttul-

503 4681 608 4734 lam
635 4681 931 4749 intuentes,
957 4683 1053 4739 sed
1083 4700 1112 4738 a
1146 4687 1570 4744 sublimioribus
1605 4691 1755 4745 illam
1789 4693 2082 4765 insignien-

405 4825 419 4837 ,
504 4780 608 4835 tes,
639 4775 910 4828 mirantur
935 4790 1043 4828 non
1073 4778 1250 4831 solum
1271 4792 1588 4843 ascensum,
1622 4782 1717 4838 sed
1739 4783 1904 4837 etiam
1938 4785 2082 4841 unde

505 4865 830 4920 ascenderit.
869 4865 980 4921 Hoc
1012 4881 1096 4924 est
1125 4870 1270 4923 enim
1306 4872 1452 4940 quod
1489 4874 1747 4942 majorem
1777 4875 1934 4931 ail‘ert
1964 4887 2078 4933 stu-

503 4971 713 5024 porem,
739 4957 888 5027 quod
934 4975 1042 5013 una
1079 4963 1195 5016 sola
1234 4971 1495 5018 cernatur
1534 4966 1830 5022 ascendere
1862 4985 2082 5039 compa-

501 5055 620 5102 rata
646 5050 857 5104 nemori
889 5065 1242 5120 procerarum
1279 5055 1538 5109 arborum
1568 5077 1578 5109 :
1624 5068 1886 5126 putantur
1934 5061 2078 5114 enim

501 5137 760 5193 caudices
797 5140 851 5193 in
909 5142 1079 5195 altum
1129 5143 1426 5200 ascendere
1479 5153 1535 5200 et
1592 5163 1860 5204 crescere.
1923 5151 2079 5216 Quod

502 5237 686 5284 autem
715 5231 812 5284 alit
841 5230 1123 5297 caudices,
1158 5249 1268 5289 non
1314 5246 1399 5291 est
1447 5237 1629 5308 aliqua
1677 5247 1824 5294 terra
1861 5243 2079 5312 pinguis

502 5326 559 5375 et;
595 5322 826 5390 irrigua,
866 5323 959 5377 sed
991 5323 1259 5389 squalida,
1320 5327 1474 5380 arida
1513 5335 1566 5382 et
1592 5327 1830 5385 deserta.
1860 5332 1916 5386 In
1942 5348 2080 5402 quo-

503 5429 629 5467 nam
668 5429 801 5484 ergo
849 5415 1068 5470 radices
1102 5426 1272 5486 agunt
1316 5417 1371 5471 hi
1421 5420 1640 5485 trunci,
1687 5431 1742 5476 et
1789 5423 1934 5478 unde
1975 5439 2078 5479 au-

504 5507 742 5571 gentur?
775 5505 953 5560 Radix
977 5509 1200 5578 quidem
1228 5517 1312 5565 est
1338 5510 1519 5580 pulvis
1573 5520 1904 5568 aromatum.
1948 5515 2080 5569 Irri-

505 5596 652 5664 galio
683 5607 863 5653 autem
901 5608 986 5656 est
1036 5617 1206 5672 vapor
1257 5619 1326 5657 ex
1360 5602 1652 5671 sutlitibus,
1696 5605 1942 5662 irrorans
1973 5607 2078 5662 hoc

461 5707 466 5714 ·
509 5699 702 5743 nemus
729 5705 824 5757 per
850 5689 1052 5748 bonum
1084 5694 1332 5762 odorem,
1361 5705 1618 5766 quantum
1667 5698 1827 5755 habet
1860 5698 2074 5756 laudem

2257 2417 2410 2486 Ἔχει
2440 2415 2497 2468 δὲ
2525 2415 2697 2478 οὕτως
2728 2417 2760 2486 ή
2792 2413 2954 2479 λέξιςο
2997 2415 3090 2482 Τίς
3108 2414 3260 2482 αὕτη
3283 2416 3320 2482 ὴ
3347 2415 3792 2470 ἀναϐαίνουσα

2181 2507 2249 2560 ἐκ
2287 2505 2394 2574 τῆς
2432 2505 2655 2575 ἐρήμου
2674 2506 2754 2571 ὡς
2781 2504 3040 2574 στελέχη
3080 2505 3333 2566 καπνοῦ.
3362 2510 3794 2577 τεθυμιαμέιη

2184 2600 2423 2666 σμύρνα
2484 2597 2582 2650 καὶ
2638 2598 2886 2664 λίϐανος
2949 2598 3067 2652 ἀπὸ
3127 2597 3371 2651 πάντων
3439 2600 3789 2668 κογιορτῶν

2177 2689 2479 2757 ,ιιυρεψοῦς
2534 2690 2603 2742 Εἴ
2639 2707 2722 2751 τις
2753 2690 2997 2760 ἀκριϐῶς
3041 2691 3350 2760 ἐπιστήσειε
3386 2695 3508 2755 τοῖς
3545 2696 3788 2764 εἰρημέ-

2182 2798 2293 2844 νοις
2324 2781 2415 2834 τὸν
2447 2781 2601 2844 νοῦν,
2647 2783 2870 2853 εὑρήσει
2914 2781 3009 2835 τοῦ
3057 2784 3603 2854 προκατανοηθέντος
3646 2789 3785 2857 ημῖν

2179 2871 2446 2941 δόγματος
2474 2871 2572 2943 τὴν
2594 2871 2870 2942 ἀλήθειαν.
2905 2866 3121 2943 ’Ὥσπερ
3149 2871 3259 2943 γὰρ
3285 2874 3344 2925 ἐν
3363 2876 3489 2936 ταῖς
3522 2880 3783 2944 mttunt;

2179 2962 2284 3014 τῶν
2311 2961 2552 3032 θεάτρων
2594 2963 2698 3016 κᾶν
2735 2963 2782 3015 ei
2824 2962 2979 3015 αὐτοὶ
3014 2957 3148 3016 ὦσιν
3184 2964 3233 3016 οἱ
3280 2962 3378 3034 τὴν
3404 2964 3784 3034 προτεθεῖσαν

3182 3095 3197 3119 ,
3256 3057 3406 3125 ὅμως
3467 3055 3659 3126 ἕτεροι
3721 3055 3790 3119 ἐξ

2181 3145 2380 3216 ἐτέρων
2441 3146 2748 3216 νομίζονται
2801 3147 3086 3215 φαίνεσθαι
3145 3149 3194 3201 οἱ
3249 3150 3315 3218 τῇ
3369 3147 3618 3218 διαφορᾷ
3670 3149 3788 3200 τῶν

2183 3237 2540 3306 προσωπείων
2578 3237 2639 3289 τὸ
2679 3230 2818 3300 εἶδος
2861 3237 2922 3289 τὸ
2957 3239 3084 3308 περ)⁵
3123 3239 3318 3301 αὐτοὺς
3358 3239 3778 3308 ἐναμείϐοντες,

2181 3329 2276 3381 καὶ
2300 3327 2393 3380 νῦν
2431 3327 2614 3391 δοῦλος
2660 3329 2755 3382 καὶ
2807 3327 3022 3400 ἰδιώτης
3068 3329 3390 3399 φαινόμενος
3429 3331 3556 3398 μετ’
3598 3330 3780 3397 ὀλίγον

2181 3419 2436 3491 ἀριστεύς
2455 3437 2510 3473 τε
2532 3421 2627 3474 καὶ
2661 3420 3001 3493 στρατιώτης
3030 3423 3243 3492 ὁρᾶται.
3280 3421 3376 3473 καὶ
3411 3421 3586 3474 πάλιν
3611 3440 3783 3476 sta-.1-

2181 3511 2352 3565 λιπὼν
2395 3513 2457 3565 τὸ
2486 3513 2791 3585 ὑποχείριον
2827 3514 3032 3583 σχῆμα,
3065 3512 3428 3583 στρατηγικὴν
3470 3508 3620 3577 εἶδος
3656 3516 3785 3568 dva-

2181 3602 2470 3672 λαμϐάνει,
2517 3602 2550 3673 ἢ
2585 3604 2680 3656 καὶ¹
2709 3603 2971 3674 βασιλέως
3015 3602 3225 3673 μορφὴν
3257 3601 3590 3654 ὑποδύεται·
3641 3605 3780 3656 οὕτω

2183 3694 2275 3746 καὶ
2300 3693 2358 3746 ἐν
2385 3696 2506 3757 ταῖς
2545 3694 2686 3748 κατὰ
2721 3694 2820 3766 τὴν
2857 3693 3055 3765 ἀρετὴν
3084 3694 3410 3764 προκοπαῖς,
3443 3695 3512 3745 οὐ
3547 3697 3781 3748 πάντοτε

2181 3785 2261 3856 τῷ
2291 3784 2439 3856 αὐτῷ
2475 3787 2850 3856 παραμένουσι
2883 3786 3193 3856 χαρακτῆρι
3235 3785 3284 3838 οἱ
3328 3785 3438 3837 ἀπὸ
3478 3785 3654 3856 δόξης
3698 3786 3784 3839 διὰ

2181 3879 2281 3947 τῆς
2325 3879 2433 3930 τῶν
2484 3878 2829 3950 ὑψηλοτέρων
2886 3878 3178 3948 ἐπιθυμίας
3225 3878 3782 3948 μεταμορφούμενοι,

2183 3969 2318 4022 ἀλλά
2351 3969 2486 4039 πρὸς
2514 3969 2669 4038 λόγον
2697 3970 2784 4022 ἀεὶ
2817 3969 3256 4040 κατορθωθείσης
3281 3969 3506 4038 ἐκάστῳ
3529 3970 3638 4039 τῆς
3675 3972 3783 4022 τῶν

2182 4057 2402 4125 ἀγαθῶν
2426 4058 2782 4128 τελειότητος,
2824 4057 2954 4121 ἴδιός
2977 4076 3062 4120 τις
3091 4057 3171 4128 τῷ
3195 4059 3293 4128 βίῳ
3323 4060 3624 4130 χαρακτὴρ
3661 4061 3782 4113 ἐπι-

2182 4148 2409 4219 λάμπει,
2435 4149 2594 4212 ἀλλος
2621 4148 2684 4216 ἐξ
2713 4149 2876 4204 ἄλλου
2897 4149 3200 4220 γινόμενος,
3234 4149 3322 4202 διὰ
3347 4153 3446 4219 τῆς
3495 4150 3615 4204 τῶν
3645 4154 3782 4220 ἀγα·

2184 4239 2292 4293 θῶν
2322 4241 2693 4310 ἐπαυξήσεως.
2733 4241 2824 4294 Διό
2850 4259 2940 4311 μοι
2960 4240 3177 4295 δοκοῦσι
3208 4238 3518 4304 ξενίζεσθαι
3546 4243 3693 4313 πρὸς
3723 4243 3780 4294 τὸ

2184 4330 2506 4400 φαινόμενον
2545 4331 2594 4382 οἱ
2639 4329 2780 4397 φίλοι
2830 4328 2927 4381 τοῦ
2963 4328 3218 4398 νυμφίου,
3262 4329 3310 4381 οἱ
3350 4328 3636 4399 πρότερον
3685 4331 3784 4400 μὲν

2181 4422 2349 4494 αὐτὴν
2388 4419 2688 4489 ἐγνωκότες
2727 4419 2920 4490 καλὴν,
2958 4419 3072 4472 ἀλλ’
3109 4419 3186 4480 ὡς
3217 4419 3275 4470 ἐν
3302 4417 3528 4484 γυναιξὶ
3563 4419 3775 4489 καλήν⁸

2183 4513 2321 4582 μετά
2349 4510 2521 4565 ταῦτα
2543 4511 2600 4564 δὲ
2626 4510 2694 4564 δι’
2715 4510 3010 4579 ὁμοιότητα
3032 4509 3253 4581 χρυσίου
3281 4507 3420 4578 μετά
3447 4512 3778 4578 στιγμάτων

2179 4599 2272 4653 τοῦ
2295 4598 2560 4669 ἀργυρίου
2597 4599 2658 4651 τὸ
2696 4598 2892 4660 κάλλος
2932 4598 3104 4668 αὐτῆς
3135 4597 3489 4668 ὠραῖζοντες.
3533 4600 3685 4652 Νυνὶ
3727 4600 3777 4653 δὲ

2183 4694 2350 4764 μηδὲν
2385 4693 2494 4746 τῶν
2542 4691 2924 4764 προλαϐόντων
2963 4692 3204 4760 σημείων
3237 4692 3368 4762 περὶ
3413 4692 3594 4762 αὐτὴν
3643 4694 3777 4748 καθ-

2179 4788 2432 4856 ορῶντες,
2459 4785 2572 4838 ἀλλ’
2612 4783 2721 4837 ἀπὸ
2739 4784 2847 4837 τῶν
2876 4783 3220 4854 ὑψηλοτέρων
3245 4784 3775 4853 χαρακτηρίζοντες,

2181 4877 2550 4947 θαυμάζουσιν
2586 4877 2648 4929 ού
2692 4876 2851 4946 μόνον
2876 4876 2973 4946 τὴν
3012 4875 3217 4934 ἄνοδον.
3253 4874 3392 4928 ἀλλά
3419 4876 3522 4927 καὶ
3551 4876 3683 4929 ὅθεν
3714 4878 3776 4930 ἂν

2181 4969 2432 5040 ἔδραμεν.
2482 4968 2653 5021 Τοῦτο
2689 4968 2800 5038 γάρ
2833 4970 2983 5021 ἐστιν
3013 4968 3042 5020 ὃ
3072 4967 3172 5037 τὴν
3212 4967 3462 5020 ἐπίτασιν
3492 4973 3648 5021 ποιεῖ
3680 4971 3776 5040 τῆς

2180 5061 2528 5132 ἐκπλήξεως·
2583 5061 2681 5131 μία
2722 5063 2916 5133 ὁρᾶται
2957 5062 2992 5132 ή
3025 5059 3391 5114 ἀναϐαίνουσα
3415 5099 3430 5121 ,
3484 5061 3585 5113 καὶ
3618 5063 3776 5117 ἄλσει

2179 5152 2406 5222 δένδρων
2435 5153 2498 5205 τὸ
2535 5153 2856 5223 φαινόμενον
2899 5151 3301 5223 παραϐάλλεται
3322 5168 3335 5182 ο
3385 5152 3622 5224 στελέχη
3668 5155 3774 5227 γὰρ

2181 5242 2407 5314 ὁρᾶσθαι
2441 5241 2717 5311 νομίζεται
2750 5242 2807 5304 ἐς
2837 5239 2971 5310 ὕψος
3001 5241 3366 5310 ἀνατρέχοντα
3404 5239 3502 5293 καὶ
3541 5241 3771 5307 αὐξανό-

2183 5350 2338 5404 μενα.
2369 5333 2442 5385 Τὸ
2460 5332 2518 5385 δέ
2541 5331 2844 5402 ὑποτρέφον
2863 5330 2932 5385 τά
2959 5332 3184 5402 στελέχη
3209 5331 3404 5396 ταῦτα,
3427 5333 3488 5384 οὐ
3523 5334 3674 5386 πίων
3692 5335 3772 5397 τίς

2179 5429 2297 5481 ἐστι
2327 5427 2400 5498 γῆ
2437 5427 2533 5480 καὶ
2561 5427 2926 5498 κατάρρυτος,
2963 5426 3079 5481 ἀλλ’
3118 5427 3381 5499 αὐχμηρὰ
3413 5428 3510 5482 καὶ
3535 5428 3771 5499 διψώδης

2177 5535 2237 5571 τε
2278 5519 2372 5572 καὶ
2417 5517 2639 5588 ἕρημος.
2691 5519 2808 5571 Τίνι
2852 5519 3032 5572 τοίνυν
3075 5517 3386 5591 ἐρριξοῦται
3424 5519 3495 5572 τὰ
3544 5522 3768 5590 στελέχη

2179 5610 2372 5677 ταῦτα,
2386 5611 2479 5664 καὶ
2498 5609 2618 5664 ὅθεν
2637 5609 2858 5676 αὔξεται
2878 5627 2894 5675 ;
2926 5609 3080 5673 Ῥίξα
3103 5611 3201 5681 μὲν
3223 5611 3430 5675 αὐτοῖς,
3452 5613 3485 5681 ἡ
3505 5611 3620 5664 τῶν
3637 5611 3770 5681 ἀρω-

2183 5700 2366 5770 μάτων
2403 5699 2550 5762 κόνις
2587 5700 2752 5756 ἐστίν.
2792 5699 3082 5771 Ἀρδείαδέ
3116 5701 3144 5754 ό
3181 5701 3244 5753 ἐκ
3274 5699 3382 5754 τῶν
3407 5699 3768 5773 θυμιαμάτων
