3854 6216
21 356 112 409 ἰῦἾ

1065 336 1132 396 ΙΝ
1158 338 1459 397 CANTICA
1497 336 1769 393 CANTIC.
1813 330 2100 395 HOMlLIA
2137 332 2227 396 Vl.

3219 325 3324 384 898

21 469 206 540 ᾰτμὸς
223 463 590 537 ἐπιδροσίζων
607 463 696 516 διὰ
710 464 808 530 τῆς
824 459 1053 522 εὐωδίας
1067 456 1227 511 τοῦτο
1241 456 1301 509 τὸ
1321 454 1503 518 ἄλσος,
1518 454 1641 506 ὅσον
1669 489 1680 512 λ

1768 457 1798 510 d
1827 457 1971 527 quod
2004 455 2208 512 dicitur
2235 454 2378 525 ejus,
2411 453 2480 509 de
2503 463 2608 524 qua
2647 451 2815 505 latum
2853 446 2956 502 l'uit
3003 443 3070 499 de
3091 443 3180 500 his
3214 450 3325 499 tes-

21 567 261 618 ξπαινον
280 560 531 630 ⁴περιέχει
545 558 644 628 τῆς
667 556 760 610 ἐπὶ
781 558 895 618 τοῖς
909 551 1170 614 τοιούτοις
1191 546 1636 621 μαρτυρηθείσης

21 654 265 722 5λόγος.
312 651 465 705 Τότε
507 648 616 720 γάρ
655 646 918 717 ἀλλήλους
953 640 1217 716 διερωτᾷν
1251 640 1379 711 περὶ
1407 639 1508 709 τῆς
1541 638 1634 706 ὀφι

21 748 248 817 θεία-ης,
300 743 379 806 ῶς
427 743 487 795 ἐν
538 741 683 810 ἄλλῳ
725 735 1052 808 δεικνυμένῃ
1092 733 1172 804 τῷ
1218 731 1382 794 εἴδει,
1429 729 1522 784 καὶ
1574 727 1636 781 οὐ

21 840 174 894 κατὰ
209 837 318 909 τὴν
350 834 623 908 προτέραν
665 830 898 902 μορφὴν,
932 825 1206 896 ἐγκώμιόν
1242 826 1357 877 ἐστι
1391 823 1489 894 τῆς
1515 821 1637 875 κατ’

21 933 246 1004 ἀρετὴν
303 927 590 1001 προκοπῆς
637 922 1014 984 τελειότατον,
1059 917 1261 989 πολλὴν
1306 917 1444 986 αὐτῇ
1501 931 1640 984 μαρ-

21 1025 244 1096 τὐροῦν
285 1023 388 1093 τὴν
419 1015 556 1090 πρὸς
591 1019 652 1070 τὸ
685 1017 932 1087 κρεῖττον
971 1007 1328 1082 παραλλαγὴν
1350 1009 1445 1061 καὶ
1475 1006 1641 1076 μετά-

26 1138 260 1174 στασιν.
317 1113 690 1186 Ξενιζομένων
739 1109 848 1181 γάρ
895 1111 1043 1162 ἐστιν
1088 1107 1122 1177 ἡ
1177 1103 1328 1175 φωνὴ
1383 1101 1536 1174 παρὰ
1579 1099 1642 1152 τὸ

28 1214 280 1285 σύνηθες
339 1207 480 1272 εἶδος
539 1209 597 1260 ἐν
651 1205 888 1274 θαύματι
941 1199 1282 1270 ποιουμένων
1325 1195 1423 1266 τὴν
1471 1196 1641 1248 ἐπαν-

29 1305 248 1358 θοῦσαν
348 1301 604 1371 μορφὴν,
679 1298 761 1350 ὅτι
817 1292 972 1362 Αὕτη
1051 1290 1086 1362 ἠ
1154 1287 1521 1342 ἀναϐαίνουσα
1579 1287 1642 1338 ὲκ

39 1396 137 1464 τῆς
183 1393 442 1463 ἐρήμου,
502 1387 730 1459 μέλαινα
782 1384 844 1437 τὺ
901 1382 1168 1454 πρότερον
1226 1381 1360 1450 ἡμῖν
1411 1377 1640 1448 ἑωρᾶτο,

31 1487 162 1548 πῶς
239 1485 346 1554 τὴν
421 1479 702 1549 σκοτεινὴν
782 1474 993 1548 μορφὴν
1066 1470 1439 1538 ἀπεκλύσατο;
1525 1467 1645 1530 πῶς

37 1579 182 1648 αὐτῇ
243 1573 501 1646 χιονῶδες
541 1567 914 1641 ὲπαστράπτει
962 1565 1026 1620 τὸ
1074 1560 1487 1634 πρόσωπον;’Ἡ
1516 1558 1647 1630 ἔρη-

43 1672 147 1741 μός
197 1671 374 1732 ἐστιν,
419 1665 496 1730 ὡς
539 1664 734 1724 ἔοικεν,
781 1659 928 1714 αίτία
972 1657 1196 1721 τούτων,
1238 1657 1272 1726 ἡ
1319 1653 1568 1723 καθάπερ
1592 1669 1644 1704 τι

1745 550 2059 605 timonium.
2130 549 2266 604 Nam
2315 556 2370 604 et
2415 547 2562 618 quod
2597 561 2655 602 se
2687 545 2917 599 invicem
2982 537 3327 607 interrogant

1739 639 1807 696 de
1837 657 1899 696 ea
1933 656 2055 711 quae
2081 641 2357 712 apparuit,
2392 649 2653 708 tanquam
2688 640 2742 691 in
2776 637 2881 691 alia
2913 650 3035 705 quae
3081 629 3329 687 ostendia

1740 741 1833 787 tur
1858 733 2056 799 forma,
2081 741 2136 789 et
2172 749 2282 787 non
2325 734 2379 786 in
2409 747 2472 786 ea
2505 746 2626 802 qua:
2664 731 2816 799 prius
2851 736 2991 790 erat,
3037 734 3122 780 est
3156 737 3329 778 enco-

1743 829 1916 879 mium
1972 827 2116 894 ejus,
2166 840 2288 895 qua:
2341 840 2402 879 ex
2448 821 2699 892 profectu
2739 821 2794 874 in
2847 816 3046 869 virtute
3068 806 3348 870 efﬁciturr

1741 917 2235 987 perfectissimum,
2261 924 2474 971 testans
2497 929 2746 986 magnam
2775 912 2895 982 ejus
2921 921 3044 961 esse
3064 903 3324 958 diﬂ‘eren-

1740 1011 1873 1064 tiam
1905 1020 1961 1064 et
1992 1009 2350 1064 mutationem
2376 1009 2429 1062 in
2450 1022 2515 1061 eo
2534 1006 2683 1076 quod
2711 1013 2795 1059 est
2821 1000 3038 1056 melius.
3061 995 3154 1050 Est
3181 994 3328 1050 enim

1742 1119 1848 1157 vox
1879 1103 2218 1172 stupentium
2255 1109 2310 1155 et
2350 1099 2731 1170 perculsorum
2768 1091 3151 1155 admiratione,
3183 1083 3332 1156 quod

1742 1206 1939 1265 praeter
1977 1190 2198 1246 solitum
2219 1187 2394 1243 forma
2417 1191 2626 1248 ﬂoreat,
2650 1198 2842 1258 nempe
2857 1179 3331 1250 Quemadmodum

1741 1304 1806 1344 ea
1820 1303 1941 1358 quae
1962 1285 2209 1342 ascendit
2227 1299 2291 1339 ex
2311 1283 2688 1346 deserto,cum
2708 1277 2864 1348 prius
2879 1275 3039 1330 nobis
3055 1273 3336 1328 videretur

1741 1381 1919 1452 nigra,
1935 1379 2282 1435 tenebrosam
2303 1374 2535 1430 formam
2559 1369 2822 1426 abluerit?
2857 1363 3328 1439 quemadmodum

1743 1474 1792 1528 ei
1828 1474 1986 1528 nivea
2023 1470 2256 1539 refulget
2300 1460 2696 1539 pulchritudo?
2729 1461 2870 1516 Num
2922 1460 3226 1521 desertum,
3271 1459 3334 1508 ut

1742 1565 1980 1622 videtur.
2025 1571 2110 1618 cst
2145 1575 2309 1617 causa
2347 1558 2493 1630 quod
2547 1559 2664 1628 ipsa
2715 1556 2859 1612 sicut
2899 1551 3197 1623 virgultum
3246 1563 3336 1603 as-

1744 1664 1936 1727 surgat
1969 1655 2025 1710 in
2051 1655 2242 1717 altum,
2276 1653 2449 1722 ipsam
2483 1650 2537 1703 in
2569 1664 2689 1704 eam
2715 1656 2938 1702 mutans
2967 1640 3338 1715 pulchritudi—

40 1765 202 1833 ἔρνος
237 1758 572 1830 ἀναδραμεῖν
601 1756 771 1824 αὐτῆς
807 1750 868 1805 τὸ
897 1750 1029 1820 ὕψος
1053 1749 1346 1818 ποιήσασα,
1377 1743 1472 1798 καί⁹
1508 1741 1646 1814 πρὸς
1678 1813 1680 1821 η

1768 1745 2049 1806 ιοιιιῖΝοιι
2080 1747 2226 1802 enim
2270 1760 2405 1802 casu
2446 1742 2698 1804 fortuito,
2747 1754 2926 1810 neque
2957 1738 3142 1806 aliqua
3193 1740 3344 1788 sorte

39 1812 101 1908 1‘2;
146 1812 399 1907 τοιοῦτον
447 1812 856 1921 μεταϐάλλουσα
899 1812 1120 1908 κάλλος;
1149 1812 1222 1892 D6
1256 1839 1365 1909 γὰρ
1389 1835 1448 1903 ἐξ
1490 1812 1680 1890 αὐτο-ἵ

1768 1845 1870 1899 sine
1896 1841 2110 1896 delectu
2139 1838 2322 1894 factus
2355 1843 2440 1892 est
2473 1835 2563 1890 hic
2597 1835 2653 1889 in
2693 1833 2862 1886 altum
2899 1841 3165 1884 ascensus
3193 1839 3211 1878 :
3245 1821 3344 1880 sed

46 1949 228 2020 μάτου
259 1945 404 2008 τινὸς
440 1940 749 2011 συντυχίας,
783 1936 905 1990 οὐδὲ
939 1934 1082 1988 κατά
1109 1932 1331 2002 ἄκριτόν
1357 1945 1479 1982 τινα
1512 1927 1649 1980 ἀπο-

45 2017 332 2111 κλήρωσιν
357 2036 580 2106 γέγονεν
623 2029 764 2102 αὕτη
803 2031 838 2100 ὴ
887 2026 1023 2098 πρὸς
1050 2023 1112 2078 τὸ
1163 2019 1295 2093 ὕψος
1332 2017 1610 2091 ἀναδρομή
1633 2033 1646 2048 ·

46 2135 164 2188 ἀλλ’
200 2133 264 2199 ἐξ
292 2129 509 2185 οἰκείων
539 2125 716 2179 πόνων
749 2121 815 2176 δι’
851 2119 1176 2192 ἐγκράτειαν
1203 2117 1297 2170 καὶ
1331 2113 1651 2180 ἐπιμέλειαν

45 2226 107 2279 τὸ
141 2223 346 2284 κάλλος
384 2220 670 2289 ἐκτήσατο.
697 2213 852 2268 Οὕτω
909 2208 1040 2261 ποτὲ
1072 2207 1167 2261 καὶ
1190 2208 1222 2276 ἡ
1243 2204 1335 2259 τοῦ
1363 2203 1650 2274 Προφήτου

47 2315 199 2386 ψυχὴ
232 2312 471 2382 διψώδης
503 2311 718 2377 ἐγένετο
743 2305 844 2374 τῆς
873 2301 1021 2364 θείας
1057 2297 1259 2368 πηγῆς,
1285 2294 1471 2365 ἐπειδὴ
1504 2290 1654 2362 αὐτῷ

50 2413 83 2480 ἡ
285 2403 492 2476 ἔρημός
529 2418 590 2455 τε
631 2400 726 2452 καὶ
753 2398 952 2459 ἄϐατος
989 2393 1083 2448 καὶ
1109 2389 1336 2461 ἄνυδρος
1364 2383 1656 2456 γενομένη,

51 2475 112 2554 τὸ
141 2475 290 2553 θεῖον
312 2475 465 2566 δίψος
492 2496 549 2546 ἐν
576 2494 743 2562 ἑαυτῇ
775 2487 1128 2562 παρεδέξατο.
1161 2482 1234 2535 Τὸ
1257 2481 1436 2534 τοίνυν
1459 2479 1524 2531 ἐκ
1554 2475 1656 2542 τῆς

56 2596 268 2664 ἐρήμου
323 2587 635 2643 ἀναϐαίνειν
681 2583 873 2654 αὐτὴν,
914 2576 1220 2652 μαρτυρίαν
1273 2572 1516 2646 περιέχει
1561 2570 1654 2622 τοῦ

57 2659 175 2736 δίάῃ
199 2679 478 2752 προσοχῆς
521 2695 582 2730 τε
623 2675 718 2728 καὶ
769 2668 1091 2742 ἐγκρατείας
1144 2669 1202 2729 ἐς
1255 2661 1508 2717 τοσοῦτον
1561 2659 1658 2713 καὶ

58 2773 305 2827 τοιοῦτον
353 2769 484 2838 ὕψος
535 2766 886 2837 ἀναδραμεῖν.
940 2761 1016 2824 ὡς
1067 2758 1163 2812 καὶ
1201 2759 1314 2819 τοῖς
1350 2753 1523 2824 φίλοις
1563 2749 1658 2803 τοῦ

63 2862 303 2934 νυμφίου
345 2859 532 2928 θαῦμα
559 2853 832 2926 γενέσθαι,
863 2851 912 2905 οἳ
952 2850 1040 2904 διὰ
1081 2847 1292 2902 πολλῶν
1325 2841 1661 2912 ὑποδειγμά-

64 2933 172 3010 των
214 2954 277 3007 τὸ
322 2951 516 3013 κάλλος
563 2945 734 3015 αὐτῆς
779 2942 1192 3017 ἑρμηνεύουσιν,
1227 2937 1414 3008 ἐπειδὴ
1451 2935 1516 2988 δι’
1547 2933 1664 2995 ἐνὸς

69 3051 218 3104 ἅπαν
258 3042 660 3116 περιληφθῆναι
691 3039 790 3108 οὐχ
811 3033 923 3091 οἷόν
950 3053 1008 3088 τε
1034 3029 1124 3105 ἦν.
1171 3031 1395 3103 Πρῶτον
1427 3029 1524 3098 μὲν
1554 3025 1663 3096 γάρ

1747 1951 1813 1992 ex
1849 1935 1966 1991 suis
1998 1931 2280 1988 laboribus
2312 1944 2411 2000 per
2459 1925 2858 1983 continentiam
2902 1927 2958 1975 et
2998 1916 3344 1989 diligentiam

1749 2027 2045 2098 acquisivit
2069 2022 2559 2096 pulchritudinem.
2585 2019 2664 2072 [ta
2689 2017 2854 2072 etiam
2886 2013 3182 2082 aliquando
3207 2004 3344 2060 Pro-

1749 2122 1926 2193 pheta:
1980 2121 2162 2174 anima
2209 2116 2314 2172 fuit
2355 2114 2552 2170 sitiens
2593 2110 2841 2167 divinum
2895 2105 3143 2167 fontem,
3192 2106 3348 2170 post-

1751 2231 1916 2286 quam
1951 2229 2083 2269 caro
2110 2225 2232 2282 quae
2258 2210 2309 2265 ei
2340 2212 2593 2263 evaserat
2617 2203 2863 2266 deserta,
2894 2198 3107 2254 nullum
3133 2193 3351 2249 habens

1753 2307 1986 2372 aditum,
2015 2304 2284 2373 aridaque
2309 2310 2364 2357 et
2387 2301 2679 2370 inaquosa,
2711 2295 2952 2349 divinam
2979 2291 3034 2344 in
3064 2303 3124 2344 se
3158 2301 3354 2342 suscea

1752 2401 1831 2473 pit
1874 2399 2044 2456 sitim.
2073 2395 2231 2463 Quod
2264 2413 2328 2450 ea
2361 2406 2495 2462 ergo
2531 2388 2781 2445 ascendit
2816 2387 2872 2440 in
2907 2383 3214 2446 desertum,
3244 2380 3352 2433 hoc

1754 2493 2011 2567 perhibet
2039 2487 2444 2550 testimonium,
2479 2482 2626 2553 quod
2664 2495 2762 2550 per
2793 2476 3127 2532 industriam
3172 2481 3354 2528 atten-

1755 2590 2070 2652 tionemque
2120 2589 2175 2637 et
2226 2577 2625 2634 continentiam
2675 2573 2732 2626 in
2789 2572 2961 2624 altum
3013 2565 3352 2628 ascenderit,

1757 2681 1896 2734 adeo
1945 2685 2005 2731 ut
2054 2683 2108 2730 et
2156 2672 2350 2727 amicis
2386 2667 2573 2739 sponsi
2620 2664 2675 2720 id
2726 2664 2799 2720 sit
2850 2658 3226 2722 admirationi,
3259 2655 3358 2729 qui

1758 2770 1948 2827 multis
2006 2765 2274 2835 exemplis
2336 2762 2458 2831 eius
2504 2757 2786 2828 explicant
2837 2751 3356 2825 pulchritudinem,

1765 2859 2214 2935 quandoquidem
2255 2870 2364 2909 uno
2394 2869 2505 2908 non
2549 2856 2765 2921 poterat
2800 2847 3060 2903 universa
3104 2857 3360 2914 compre-

1763 2957 1952 3013 hendi.
1999 2953 2135 3008 Nam
2167 2951 2408 3021 primum
2461 2946 2683 3016 quidem
2736 2940 3064 2998 caudicibus
3110 2946 3204 2992 aut
3249 2936 3362 2990 vir-

1763 3050 1930 3121 gultis
1978 3019 2288 3102 assimilaut
2337 3040 2462 3110 ejus
2523 3034 3034 3108 pulchritudinem,
3101 3043 3206 3085 nec
3262 3019 3361 3084 uni

69 3139 350 3211 στελέχεσι
397 3136 494 3208 τὴν
525 3137 675 3206 ῶραν
705 3129 1004 3194 εἰκάζουσι,
1036 3129 1132 3181 καὶ
1171 3125 1290 3180 οὐδὲ
1325 3121 1530 3176 τούτων
1561 3118 1661 3180 ἐνὶ,

1770 3117 1945 3199 solum
1974 3155 2038 3194 ex
2075 3137 2205 3199 illis,
2237 3133 2331 3190 sed
2368 3139 2422 3187 et
2468 3131 2730 3185 arborum
2761 3138 2984 3196 quoque
3015 3117 3363 3176 multitudini

70 3231 186 3288 ἀλλ’
329 3227 530 3300 πλῆθος
561 3225 791 3297 δένδρων
817 3223 1008 3291 ἄγεται
1054 3219 1164 3273 τῶν
1197 3219 1254 3271 ἐν
1284 3216 1419 3285 αὐτῇ
1457 3210 1666 3283 Θαυμάο

68 3344 180 3381 των
203 3327 239 3396 ἡ
269 3321 506 3385 εἰκασία,
540 3321 616 3384 ὡς
663 3319 729 3372 ἂν
769 3317 829 3370 τὸ
865 3313 1143 3376 πολυειδὲς
1168 3312 1262 3365 καὶ
1293 3306 1532 3362 ποικίλον
1559 3303 1668 3358 τῶν

74 3392 286 3490 ἀρετῶν
308 3417 375 3486 τῇ
407 3413 698 3483 ὑπογραφῇ
724 3407 818 3462 τοῦ
850 3406 1048 3468 ἄλσους
1087 3399 1490 3457 διαδεικνύοιτο.
1536 3392 1669 3449 Εἶτα

76 3503 284 3567 καπνὸς
326 3504 390 3555 ὲκ
434 3499 797 3572 θυμιαμάτων
845 3497 926 3559 είς
956 3494 1055 3564 τὴν
1084 3491 1268 3546 εἰκόνα
1309 3488 1403 3543 τοῦ
1443 3486 1672 3549 κάλλους

77 3593 600 3668 παραλαμϐάνεται’
654 3590 749 3644 καὶ
793 3587 915 3641 οὐδὲ
958 3579 1112 3648 οὗτος
1152 3580 1388 3645 ἁπλοῦς,
1447 3579 1561 3633 ἀλλ’
1608 3580 1673 3630 ἐκ

83 3689 329 3759 σμύρνης
377 3685 473 3740 καὶ
523 3683 742 3737 λιϐάνου
799 3676 1262 3750 συγκεκραμένος,
1311 3674 1386 3737 ὡς
1444 3671 1572 3743 μίαν
1615 3669 1674 3733 ἐξ

81 3782 283 3852 ἀμφοῖν
313 3777 556 3846 γίνεσθαι
583 3774 691 3828 τῶν
719 3773 908 3843 ἀτμῶν
938 3772 1036 3842 τὴν
1070 3766 1338 3840 χάριν,λδι’
1379 3759 1458 3820 ὧν
1491 3765 1552 3817 τδ
1576 3764 1674 3833 τῆς

84 3875 302 3944 νύμφης
335 3869 714 3940 ὑπογράφεται
750 3865 964 3928 κάλλος.
994 3863 1184 3925 Ἀλλος
1218 3860 1436 3921 ἔπαινος
1484 3857 1672 3928 αὐτῆς,

83 3969 116 4036 ὴ
150 3965 259 4017 τῶν
289 3961 596 4034 ἀρωμάτων
627 3958 832 4012 τούτων
879 3957 1089 4025 γίνεται
1137 3951 1301 4023 μίξις.
1336 3949 1402 4002 Ἥ
1438 3947 1674 4036 σμύρνα,

87 4027 225 4134 πρὸς
243 4027 722 4125 τὸν-ἐνταφιασμδν
753 4049 862 4104 τῶν
894 4046 1161 4117 σωμάτων
1191 4038 1510 4110 ἐπιτηδείως
1541 4027 1674 4106 ἔχει’

87 4127 202 4208 ὁδέ
229 4151 442 4212 λίϐανος
477 4145 621 4202 κατά
647 4160 769 4198 τινα
805 4141 961 4209 λόγον
992 4137 1294 4208 ἀφιέρωται
1326 4135 1392 4203 τῇ
1419 4129 1514 4183 τοῦ
1543 4127 1677 4182 Θεοῦ

90 4248 245 4317 τιμῇ.
295 4245 354 4296 '0
385 4241 560 4296 τοίνυν
614 4235 804 4292 ἑαυτὸν
852 4231 1060 4305 μέλλων
1103 4225 1416 4282 ἀνατιθέναι
1458 4225 1526 4294 τῇ
1585 4219 1678 4274 τοῦ

93 4312 228 4394 ﬁsci;
262 4334 548 4408 θεραπείᾳ,
573 4332 674 4385 οὐκ
706 4329 880 4392 ἄλλως
908 4326 1058 4379 ἔσται
1086 4321 1302 4383 λίϐανος
1333 4317 1412 4388 τῷ
1434 4313 1553 4385 Θεῷ
1587 4312 1681 4367 θυ-

99 4428 386 4501 μιώμενος,
415 4427 462 4478 εἱ
491 4423 565 4494 μὴ
593 4422 857 4492 πρότερον
881 4416 1097 4488 σμύρνα
1118 4413 1350 4483 γένοιτο,
1376 4408 1679 4472 τουτέστιν,

1769 3240 2124 3305 comparatur
2173 3227 2296 3297 ejus
2345 3219 2702 3296 pulchritudo
2755 3213 3118 3278 admirabilis,
3169 3220 3229 3266 ut
3278 3211 3368 3265 de-

1771 3331 2073 3399 scriptione
2117 3321 2376 3380 nemoris'
2416 3317 2744 3375 ostendatur
2792 3312 3056 3366 virtutum
3099 3305 3362 3361 varietas.

1773 3397 1980 3476 Deinde
2013 3417 2197 3472 fumus
2225 3429 2293 3468 ex
2326 3409 2598 3466 sullitibus
2623 3402 2932 3461 assumitur
2967 3399 3033 3455 ad
3070 3397 3368 3467 imaginem

1773 3506 2210 3582 pulchritudinis
2243 3524 2256 3558 :
2293 3517 2474 3571 neque
2523 3498 2617 3552 hic
2651 3493 2907 3564 simplex,
2958 3489 3051 3546 sed
3091 3487 3366 3543 sumtibus

1774 3605 2012 3676 myrrhae
2043 3609 2098 3655 et
2127 3597 2306 3653 thuris
2337 3592 2505 3650 simul
2533 3586 2875 3648 commistis,
2918 3591 2980 3638 ut
3017 3597 3084 3636 ex
3112 3579 3370 3647 utrisque

1775 3671 1884 3753 una
1924 3697 1996 3751 sit
2027 3693 2252 3764 vaporis
2279 3687 2482 3760 gratia,
2514 3698 2613 3754 per
2637 3696 2760 3752 quae
2791 3691 3012 3748 sponsa:
3033 3671 3374 3729 describitur

1776 3789 2152 3864 pulchritudo.
2190 3785 2309 3838 Alia
2333 3783 2458 3837 laus
2500 3786 2587 3834 est
2629 3773 3190 3831 mixtioaromatum.
3225 3763 3373 3836 Myr-

1778 3859 1878 3935 rha
1913 3886 2000 3932 est
2031 3886 2157 3946 apta
2186 3873 2252 3927 ad
2284 3883 2578 3941 corporum
2611 3865 2950 3928 sepulturam
2985 3879 2996 3913 :
3031 3859 3159 3911 thus
3189 3865 3370 3910 autem

1777 3983 1864 4031 est
1893 3971 2130 4043 quadam
2176 3968 2392 4022 ratione
2424 3967 2814 4018 consecratum
2862 3952 3059 4009 honori
3105 3948 3224 4005 Dei.
3268 3938 3374 4014 Qui

1779 4081 1839 4122 se
1871 4042 1987 4119 vult
2014 4076 2146 4133 ergo
2175 4058 2272 4115 Dei
2328 4055 2588 4111 dedicare
2618 4047 2816 4113 cultui,
2860 4060 2972 4101 non
3021 4043 3126 4098 erit
3165 4042 3374 4097 bonum

1780 4160 1912 4214 thus
1960 4132 2527 4212 Deoconsecratum,
2573 4143 2682 4199 nisi
2727 4142 2880 4211 prius
2918 4137 3085 4192 fuerit
3124 4132 3374 4205 myrrha,
3478 4175 3481 4177 .

1784 4253 1887 4306 hoc
1913 4255 2020 4314 est,
2057 4245 2166 4301 nisi
2213 4237 2630 4297 mortiﬁcaverit
2664 4232 2911 4289 membra
2951 4243 3074 4298 qua,
3108 4233 3240 4281 sunt
3281 4238 3382 4279 sud

1782 4358 1882 4415 pra
1929 4351 2154 4404 terram,
2213 4332 2576 4403 consepultus
2621 4341 2748 4382 cum
2800 4337 2864 4378 eo
2915 4321 3010 4390 qui
3065 4333 3164 4388 pro
3215 4315 3379 4370 nobis

1785 4413 2020 4494 mortem
2058 4427 2325 4498 suscepit,
2355 4431 2412 4480 et
2439 4420 2720 4494 myrrham
2755 4415 2902 4468 illam
2941 4426 3063 4481 quae
3092 4413 3383 4476 assumpta

95 4481 250 4590 μῆ
283 4481 612 4584 τάῃέπίτῆς
638 4481 956 4580 ⁸γῖγςάὐτού
999 4481 1139 4576 μέλη.
1169 4498 1517 4572 νεκρώσειεν,
1554 4511 1680 4547 συν-

1789 4533 1873 4582 est
1920 4522 1987 4578 ad
2035 4517 2252 4573 Domini
2308 4511 2673 4582 sepulturam,
2726 4505 2783 4557 in
2831 4499 3052 4571 propria
3098 4509 3266 4551 carne
3309 4492 3382 4548 ad

96 4610 283 4678 ταφεὶς
310 4607 387 4678 τῷ
425 4603 584 4675 ἡμῶν
624 4597 1010 4670 ἀναδεξαμένῳ
1055 4594 1147 4648 τὸν
1183 4593 1434 4654 θάνατον,
1460 4587 1557 4642 καὶ
1584 4585 1684 4656 τὴν

101 4703 344 4772 σμύρναν
381 4697 597 4768 ἐκείνην
626 4693 723 4766 τὴν
763 4693 823 4745 ἐν
851 4689 929 4761 τῷ
969 4682 1324 4756 ὲνταφιασμῷ
1354 4680 1450 4736 τοῦ
1479 4679 1685 4752 Κυρίου

102 4791 569 4866 παραληφθεῖσαν,
604 4790 671 4859 τῇ
709 4785 871 4857 σαρκὶ
907 4785 974 4854 τῇ
1011 4780 1117 4854 ἰδίᾳ
1153 4778 1242 4832 διά
1286 4775 1382 4831 τοῦ
1415 4772 1691 4847 νεκρῶσαι

102 4863 340 4958 τάνμέλη
389 4881 852 4951 καταδεξάμενοςσ
899 4869 974 4931 ὧν
1019 4871 1346 4943 γενομένων,
1397 4869 1506 4921 πᾶν
1550 4863 1691 4929 εἶδος

104 4981 212 5033 τῶν
244 4978 361 5032 κατ’
395 4973 594 5046 ἀρετὴν
640 4969 951 5044 ἀρωμάτων
986 4967 1043 5018 ἐν
1087 4962 1168 5033 τῷ
1199 4960 1385 5031 κύκλῳ
1411 4955 1506 5010 τοῦ
1550 4956 1688 5027 βίου,

108 5068 353 5141 καθάπερ
402 5045 460 5119 ἐν
518 5063 644 5134 θυῖᾳ
693 5060 802 5114 τινὶ
849 5051 1382 5124 λεπτοποιηθέντων,
1421 5047 1513 5101 τὸν
1562 5045 1692 5116 ἡδὺν

111 5134 333 5214 ἐκεῖνον’
372 5155 648 5226 κονιορτὸν
707 5148 1110 5223 ἀπεργάζεται,
1160 5143 1220 5196 ὂν
1272 5139 1452 5195 λαϐὼν
1500 5139 1560 5191 ἐν
1613 5134 1692 5205 τῷ

113 5254 364 5323 ἄσθματι,
408 5246 637 5310 εὔπνους
676 5245 904 5314 γίνεται,
943 5239 1038 5293 τοῦ
1087 5231 1494 5309 μεμυρισμένου
1532 5228 1694 5282 πνεύ-

119 5320 281 5418 ματος
323 5342 535 5413 πλήρης
580 5337 890 5408 γενόμενος.
941 5329 1097 5387 Μετὰ
1144 5327 1243 5399 τὴν
1286 5328 1344 5380 ἐν
1388 5323 1467 5394 τῷ
1510 5320 1697 5376 κάλλει

122 5415 439 5507 μαρτυρίαν,
464 5433 515 5485 οἱ
547 5429 688 5499 φίλοι
716 5426 812 5482 τοῦ
841 5423 1098 5495 νυμφίου,
1129 5420 1225 5474 καὶ
1247 5415 1700 5489 παρασκευασται

115 5527 211 5583 τοῦ
245 5523 407 5594 ἁγνοῦ
440 5522 708 5593 θαλάμου,
754 5519 849 5573 καὶ
887 5517 987 5588 τῆς
1029 5512 1278 5583 καθαρᾶς
1308 5508 1526 5579 νύμφης
1566 5522 1700 5574 προ-

125 5622 436 5693 μνήστορες,
468 5612 908 5671 ὑποδεικνύουσιν
953 5609 1091 5678 αὐτῇ
1138 5606 1237 5676 τῆς
1273 5600 1553 5674 βασιλικῆς
1582 5596 1700 5652 κλί-

125 5757 217 5812 νης
242 5738 300 5792 τὺ
327 5735 544 5798 κάλλος,
573 5733 648 5796 ὡς
679 5729 746 5788 ἂν
783 5727 984 5801 μᾶλλον
1022 5725 1079 5789 ὲς
1109 5719 1404 5791 ἐπιθυμίαν
1437 5715 1537 5788 τὴν
1572 5712 1788 5788 νύμφην
1817 5715 2076 5786 ἀγάγοιεν
2123 5713 2224 5785 τῆς
2255 5710 2406 5775 θείας
2460 5724 2520 5762 τε
2563 5704 2658 5760 καὶ
2700 5701 2970 5772 ἀχράντου
3042 5690 3158 5766 μετ’
3223 5690 3287 5741 αὐ

131 5827 490 5902 συμϐιώσεως.

1792 4612 2175 4674 mortilicanda
2199 4623 2299 4665 sua
2327 4603 2574 4660 membra
2602 4597 2900 4668 acceperit.
2925 4592 3058 4659 Quae
3082 4605 3206 4645 cum
3237 4587 3382 4641 facta

1795 4712 2024 4776 fuerint,
2054 4721 2217 4762 omne
2258 4716 2432 4774 genus
2464 4703 2774 4753 aromatum
2804 4709 2870 4747 ex
2904 4689 3134 4749 virtute,
3165 4685 3218 4738 in
3257 4683 3388 4736 vitae

1796 4794 2028 4866 circulo,
2085 4808 2348 4865 tanquam
2396 4791 2452 4845 in
2499 4789 2687 4859 aliquo
2721 4781 2991 4838 mortario
3045 4779 3102 4832 in
3151 4774 3390 4831 subtiles

1799 4901 1984 4968 partes
2012 4888 2502 4947 comminutorum,
2537 4893 2759 4934 suavem
2806 4876 2958 4929 illum
3004 4869 3168 4926 etiicit
3198 4866 3387 4937 pulve-

1796 5003 1934 5048 rem,
1975 4996 2139 5054 quem
2184 4978 2278 5049 qui
2324 4973 2531 5045 accepit
2564 4973 2620 5026 in
2661 4968 2932 5029 anhelitu,
2980 4962 3187 5018 odorus
3217 4957 3388 5012 effici-

1796 5087 1910 5143 tur,
1959 5047 2156 5146 plenus
2203 5047 2412 5140 ‘spiritu
2470 5068 2752 5135 unguenta
2805 5055 3100 5115 redolenti.
3140 5050 3271 5105 Post
3316 5047 3391 5102 de

1798 5140 2217 5241 pulchritudine
2263 5161 2436 5214 latum
2483 5154 2889 5215 testimonium,
2946 5147 3111 5203 amici
3171 5140 3388 5214 sponsi,

1799 5269 1855 5316 et
1915 5257 2009 5328 qui
2067 5259 2267 5325 parant
2323 5249 2626 5303 thalamum
2672 5241 3061 5314 impollutum,
3124 5242 3180 5291 et
3237 5247 3390 5304 pura:

1803 5320 2022 5420 Sponsae
2067 5320 2329 5415 pronubi,
2386 5337 2684 5394 ostendunt
2735 5333 2784 5389 ei
2842 5329 3045 5400 regalis
3096 5323 3219 5380 lecti
3266 5320 3392 5386 pul-

1804 5409 2198 5496 chritudinem,
2249 5439 2310 5486 ut
2359 5443 2619 5500 sponsam
2665 5423 2861 5494 majori
2896 5416 3201 5499 accendant
3241 5409 3393 5466 desi-

1805 5530 1960 5585 derio
1992 5527 2192 5583 divinae
2238 5533 2293 5580 et
2335 5519 2702 5577 immaculata:
2746 5529 2872 5571 cum
2901 5527 2967 5569 eo
2998 5511 3120 5565 vita:
3155 5516 3388 5561 consue»

1807 5622 2038 5678 tudinis.

3293 5680 3388 5736 τοῦ
3445 5675 3479 5736 ίί
