1927 3108
221 147 277 176 899

850 143 878 171 S.
892 142 1055 172 GREGORII
1083 142 1230 170 NYSSENI

254 202 318 231 Hmc
334 207 424 231 autem
441 207 483 231 est
506 203 569 231 lecti
595 203 671 238 regis
686 203 846 237 descriptio,
864 203 898 229 de
912 210 966 237 qua
981 202 1009 229 in
1024 202 1048 230 Α

219 248 347 274 oratione
369 247 586 275 demonstrativa
609 255 658 282 per
681 255 712 275 ea
729 255 790 282 quae
815 247 957 275 disserunt
984 246 1009 274 ei

220 293 324 328 aliquid
352 293 512 329 relinquunt
534 293 760 321 existimandum.
788 293 887 320 Dicunt
911 293 1008 321 enim:

219 338 287 367 Ecce
321 340 403 367 let-ms
436 339 605 373 Salomonis,
645 340 784 375 sexaginta
821 339 904 374 forte:
938 339 1010 366 circa

218 392 278 411 eum
306 392 340 412 ea:
361 384 473 419 fortibus
498 383 594 412 Israel.
620 384 716 412 Omnes
745 389 859 412 tenentes
879 384 1009 420 gladium,

217 431 296 465 periti
309 438 415 466 pugnaz,
431 431 637 466 uniuscujusque
651 431 721 458 ensis
743 439 823 465 super
837 430 923 465 femur
933 438 1010 457 suum

218 482 325 511 propter
341 481 474 511 stuporem
496 480 666 503 nocturnum.
685 477 775 511 Atque
796 476 870 512 quod
898 484 953 504 non
976 484 1009 504 ex

219 523 337 550 historia
351 523 461 557 quidem
484 523 518 550 de
536 523 608 550 lecto
624 523 706 550 verba
733 523 811 555 ﬁant,
828 523 915 550 cuivis
928 523 1011 550 fuerit

220 568 395 602 perspicuum
406 575 454 601 per
462 575 493 595 ca
504 575 565 603 quae
576 568 610 595 de
619 567 768 596 Salomone
781 569 882 604 scripta
892 572 956 596 sunt
967 568 1010 595 bi-

217 614 324 641 storice
344 621 377 641 ac
392 614 576 650 corporaliter
592 623 600 642 :
619 614 700 649 cujus
714 619 742 642 et
755 622 880 642 mensam
895 615 1009 650 regiam,

219 664 247 686 et
274 660 410 695 reliquum
431 660 459 687 in
480 667 565 695 regno
584 664 759 695 apparatum,
783 661 901 696 vitaeque
926 661 1010 688 totius

219 706 398 734 traducenda
421 707 557 734 rationem
579 707 791 742 diligentissime
812 711 839 734 et
856 707 1009 735 accuratis-

218 754 289 780 sime
307 752 455 787 descripsit
467 752 538 780 liber
557 753 659 789 Regum
674 762 680 780 :
698 753 762 780 novi
777 758 868 781 autem
884 757 912 781 et
930 752 1011 780 alieni

219 798 253 826 de
272 798 342 826 lecto
378 799 447 826 nihil
474 798 544 826 dixit
561 808 567 826 :
584 799 677 834 itaque
694 800 808 827 omnino
831 803 874 827 est
897 806 1012 827 necesse

219 844 417 879 expositionem
440 852 495 871 non
516 852 628 872 manere
644 845 672 872 in
696 845 798 877 littera,
822 845 870 873 sed
890 845 1010 880 aliquam

220 890 419 918 accuratiorem
437 891 669 924 comprehendere
685 891 902 926 intelligentiam,
920 895 1010 918 mente

220 935 339 963 abducta
358 942 374 963 a
394 936 530 963 materiali
554 937 755 972 significatione
783 937 816 964 ad
839 937 1010 972 spiritualem

218 980 296 1008 verbi
320 982 593 1016 contemplationem.
618 983 685 1015 Quis
701 984 773 1010 enim
794 984 856 1010 lecti
880 984 1010 1018 nuptialis

220 1025 304 1053 fuerit
318 1031 436 1055 ornatus
452 1035 484 1055 ex
502 1029 643 1063 sexaginta
657 1030 779 1061 armatis,
797 1031 842 1065 qui
857 1038 888 1057 ea
905 1030 1010 1057 didice-

221 1076 288 1100 runt
298 1080 360 1109 qua:
381 1078 447 1101 sunt
462 1074 525 1102 belli
540 1075 693 1102 terribilia?
711 1075 743 1102 Et
755 1077 817 1110 quis
834 1081 947 1104 ornatus
968 1081 1010 1104 est

219 1117 295 1145 ensis
318 1124 375 1152 quo
392 1118 548 1145 accinctum
575 1123 617 1146 est
639 1120 759 1153 corpus?
784 1119 855 1152 Quid
878 1128 942 1147 vero
963 1121 1009 1155 qui

219 1162 295 1189 circa
308 1169 356 1190 eos
372 1167 415 1190 est
439 1167 536 1197 stup0r
560 1164 735 1191 nocturnus?
749 1163 911 1191 Terribilem
927 1166 1009 1192 etiam

222 1211 364 1242 stuporem
381 1206 439 1235 lieri
452 1216 485 1234 ex
506 1209 671 1243 quihusdam
688 1210 831 1237 nocturnis
847 1211 1008 1243 terroribus,

222 1259 271 1287 per
284 1253 407 1287 stuporis
424 1254 587 1280 vocabulum
609 1254 732 1281 ostendit
752 1256 851 1287 oratio,
872 1264 952 1290 quem
969 1258 1009 1283 his

221 1297 290 1325 dicit
311 1298 424 1325 evenire
446 1300 572 1326 armatis.
597 1299 646 1327 Est
665 1308 732 1334 ergo
753 1302 868 1328 omnino
891 1310 938 1336 per
954 1302 1010 1329 haec

219 1344 303 1371 verba
325 1344 489 1379 quaerendus
513 1353 610 1372 SCDSIIS
632 1351 837 1372 consentaneus
862 1354 892 1373 ac
915 1355 1011 1374 CONSE-

219 1396 309 1423 quens
335 1389 369 1416 iis
394 1396 455 1424 qua:
482 1390 558 1424 prius
581 1395 645 1417 sunt
670 1392 852 1418 considerata.
880 1392 947 1424 Quis
970 1398 1010 1420 est

220 1442 287 1470 ergo
313 1436 432 1462 sensus?
449 1435 497 1462 Est
520 1440 736 1463 consentaneum
762 1438 868 1464 ostendi
892 1438 964 1464 divin
985 1446 1010 1464 in

221 1480 455 1515 pulchritudinem
474 1483 500 1507 in
520 1486 626 1508 terrore
644 1482 744 1509 habere
763 1483 865 1518 aliquid
883 1484 1011 1515 amabile.

221 1533 256 1552 ex
278 1525 314 1553 iis
327 1533 389 1560 quae
404 1530 470 1553 sunt
486 1527 625 1553 contraria
648 1534 788 1562 corporeae,
801 1529 1008 1561 pulchritudini.

221 1571 293 1598 Nam
312 1571 358 1599 hic
379 1572 489 1606 quidem
507 1573 621 1599 attrahit
642 1573 675 1599 ad
698 1574 875 1608 cupiditatem
897 1576 921 1602 id
938 1575 1011 1610 quod

222 1619 265 1643 est
289 1615 361 1643 visui
385 1616 551 1650 jucundum,
575 1618 647 1652 quod
676 1618 806 1645 blandum
829 1623 856 1645 ct
877 1620 911 1646 ab
937 1620 1010 1647 omni

221 1661 338 1689 terribili
361 1662 479 1696 iratiquc
495 1663 577 1689 animi
602 1663 743 1691 ali‘cctionc
764 1670 931 1699 separatum.
950 1666 1011 1692 l‘ul-

222 1707 353 1735 chritudo
372 1710 464 1735 autem
484 1708 530 1735 illa
548 1709 575 1735 in
594 1717 676 1743 quam
695 1718 747 1736 non
773 1711 847 1737 cadit
871 1712 1010 1743 interitus,

222 1756 264 1780 est
281 1753 370 1789 magni
386 1757 413 1781 et
428 1754 529 1781 excelsi
547 1754 630 1781 animi
649 1755 734 1783 virtus
753 1757 894 1786 terribilis.
910 1762 937 1784 et
952 1766 1011 1792 quae

222 1806 277 1825 non
312 1802 402 1834 potest
426 1800 586 1826 conturbari
619 1805 665 1827 aut
692 1806 804 1836 stupore
834 1803 913 1830 adici.
944 1803 1010 1830 Nam

222 1845 353 1878 quoniam
369 1846 454 1872 animi
470 1846 590 1873 motibus
606 1847 723 1874 obnoxia
741 1851 767 1874 ct
786 1848 897 1875 sordida
915 1856 1011 1884 corpo-

222 1898 284 1917 rum
313 1891 463 1926 cupiditas.
492 1893 625 1919 membris
652 1894 744 1920 carnis
765 1894 900 1926 insidens,
927 1895 1010 1922 veluti

223 1936 347 1971 quaedam
370 1939 528 1972 praedonum
545 1942 652 1970 turmw,
674 1940 758 1966 tuenti
778 1940 934 1971 insidiatur,
952 1949 1010 1968 eain

223 1990 413 2016 saepenumero
431 1985 565 2018 captivam
587 1984 620 2011 ad
640 1992 718 2012 suam
735 1987 870 2021 arripiens
888 1989 1011 2014 volunta-

222 2032 277 2056 tem
296 2037 303 2055 :
321 2028 377 2056 Deo
388 2035 479 2056 autem
496 2030 616 2057 cvadcns
635 2030 758 2063 inimica,
777 2032 848 2059 sicut
862 2034 927 2059 dicit
941 2033 1012 2067 Apo-

224 2077 323 2107 stolus,
338 2075 410 2110 quod
431 2076 575 2110 prudentia
599 2078 691 2103 carnis
708 2077 761 2104 Deo
782 2082 823 2104 est
844 2078 954 2105 inimica
969 2079 989 2094 “
1004 2089 1010 2104 :

224 2126 367 2158 propterea
383 2127 425 2149 est
439 2130 622 2157 consequens.
647 2128 675 2149 ut
691 2123 800 2150 divinus
821 2132 897 2150 amor
920 2124 964 2151 liat
979 2132 1011 2151 ex

220 2168 257 2199 iis
274 2175 335 2203 quae
359 2171 424 2195 sunt
451 2169 588 2195 contraria
612 2170 750 2203 corporali
777 2170 929 2204 cupiditati.
952 2170 1011 2203 Quo

1027 880 1047 907 Β

1025 1548 1045 1576 C

1101 201 1133 227 'H
1155 201 1184 228 δὲ
1203 201 1348 236 ὑπογραφὴ
1370 200 1421 234 τῆς
1438 200 1485 226 τοῦ
1507 199 1637 234 βασιλέως
1661 199 1777 234 κλίνης.
1795 198 1862 232 αὐτῆ

1060 248 1143 279 ἐστιν,
1157 248 1190 282 ἢν
1211 247 1250 282 τῷ
1270 246 1397 282 δεικτικῷ
1419 246 1490 281 λόγῳ
1512 246 1557 272 ὑπ’
1578 245 1638 279 ἅψιν
1655 244 1781 278 ἄγουσιν
1797 243 1863 278 αὐτῇ

1813 49 1912 167 ιλ

1059 293 1093 319 δι’
1116 290 1153 319 ὧν
1171 292 1363 328 διεξέρχονται.
1391 292 1506 326 Λέγουσι
1532 292 1600 326 γάρ·
1622 291 1696 318 Ἰδοὺ
1724 291 1749 324 ἠ
1775 290 1865 323 κλίνη
1910 291 1914 318 ἐ

1060 339 1113 365 τοῦ
1126 338 1327 373 Σολομῶντος.
1340 338 1489 371 ἑξήκοντα
1498 337 1621 365 δυνατοὶ
1633 338 1742 368 κύκλῳ
1755 335 1866 370 αὐτῆς,

1060 385 1119 412 ἀπὸ
1137 384 1275 412 δυνατῶν
1295 383 1425 418 Ἰσραὴλ,
1448 383 1560 416 πάντες
1580 382 1771 417 κατέχοντες
1792 383 1867 416 pop-

1060 432 1163 465 φαιαιν,
1170 430 1373 465 δεδιδαγμένοι
1387 431 1531 464 πόλεμον·
1554 429 1642 464 ἀνὴρ,
1651 428 1799 463 ῥομφαία
1813 429 1868 455 σὺν

1060 476 1114 503 τοῦ
1128 477 1177 503 ἐπὶ
1190 477 1244 503 τὸν
1255 476 1354 511 μηρὸν
1367 475 1469 508 αὐτοῦ,
1485 475 1544 502 ἀπὸ
1559 474 1691 509 θάμϐους
1704 474 1745 501 ἐν
1759 474 1824 505 νυξ
1827 474 1867 500 1r.

1062 523 1123 550 Ὀτι
1139 523 1187 558 μὲν
1203 520 1249 549 οὖν
1264 523 1313 549 οὐκ
1329 522 1361 548 ὲκ
1376 522 1426 557 τῆς
1438 521 1559 556 ἱστορίας
1575 521 1589 547 ὁ
1607 520 1673 555 περὶ
1689 521 1744 556 τῆς
1770 520 1869 554 κλίνης

1061 568 1139 602 λόγος
1157 567 1227 601 ἐστὶ,
1243 568 1325 594 παντὶ
1340 567 1417 602 δῆλον
1431 566 1465 593 ἃν
1478 566 1590 600 γένοιτο,
1604 565 1648 592 διά
1661 565 1719 592 τῶν
1738 574 1871 600 σωματι-

1061 614 1117 646 κῶς
1131 614 1195 649 περὶ
1215 613 1262 640 τοῦ
1281 612 1453 648 Σολομῶντος
1476 612 1683 648 ἱστορηθέντων.
1707 608 1749 638 Οὗ
1770 612 1821 637 καὶ
1835 610 1871 636 τὰ

1062 661 1185 696 βασίλεια
1207 660 1254 687 καὶ
1275 660 1324 694 τὴν
1339 658 1490 695 τράπεζαν,
1509 658 1557 685 καὶ
1577 657 1626 692 τὴν
1646 656 1750 692 λοιπὴν
1778 658 1811 683 ὲν
1834 657 1869 690 τῇ

1062 706 1184 741 βασιλείᾳ
1207 705 1344 740 διαγωγὴν
1368 705 1435 740 μετά
1458 704 1548 740 πάσης
1572 702 1717 738 ἀκριϐείας
1742 701 1760 728 ὁ
1786 701 1869 735 λόγος

1062 752 1203 788 ὑπέγραψε
1213 760 1220 767 '
1235 751 1326 778 καινὸν
1337 750 1365 777 δέ
1375 759 1401 777 τι
1413 750 1460 776 καὶ
1474 748 1702 785 παρηλλαγμένον
1716 745 1784 774 εἷπε
1802 747 1870 782 περὶ

1061 798 1110 833 τῆς
1124 791 1219 832 κλίνης
1230 796 1316 827 οὐδὲν,
1327 795 1364 828 ὡς
1380 796 1470 822 πᾶσαν
1482 796 1604 830 ἀνάγκην
1618 792 1701 824 εἶναι,
1715 794 1758 829 μὴ
1779 802 1870 828 παρα-

1064 844 1153 879 μεῖναι
1173 843 1212 877 τῷ
1233 842 1376 878 γράμματι
1401 842 1450 876 τὴν
1475 841 1613 877 ἐξήγησιν,
1633 840 1703 867 ἀλλά
1721 839 1773 867 διὰ
1795 849 1869 869 τινος

1061 887 1273 923 ἐπιμελεστέρας
1299 887 1487 922 κατανοήσεως
1516 885 1678 921 μεταλαϐεῖν
1698 885 1747 911 τὸν
1773 884 1868 918 λόγον,

1061 934 1100 965 εἰς
1116 933 1303 968 πνευματικὴν
1321 932 1436 968 Θεωρίαν
1459 932 1507 967 τῆς
1529 932 1625 966 ὑλικῆς
1645 931 1801 966 ἐμφάσεως
1820 930 1870 957 τὸν

1060 978 1122 1005 νοῦν
1137 979 1350 1013 ἀποστήσαντες.
1365 978 1413 1009 Τίς
1428 978 1482 1013 γάρ
1498 977 1530 1004 ἂν
1545 977 1574 1010 ἐξ
1592 976 1711 1003 ὁπλιτῶν
1726 977 1869 1012 sagacem

1061 1024 1253 1058 καλλωπισμὸς
1267 1024 1369 1058 γένοιτο
1382 1024 1475 1058 κλίνης
1488 1022 1636 1058 νυμφικῆς,
1651 1019 1693 1054 οἷς
1709 1023 1869 1058 μαθήματα

1063 1072 1111 1106 μὲν
1126 1071 1159 1097 τὰ
1174 1070 1275 1105 φοϐερὰ
1291 1070 1338 1097 τοῦ
1356 1069 1491 1104 πολέμους
1514 1069 1622 1103 Κόσμος
1644 1068 1673 1094 δὲ
1697 1069 1715 1103 ἡ
1740 1068 1869 1103 ῥομφαία

1061 1116 1268 1152 προϐεϐλημένη
1282 1116 1329 1142 τοῦ
1348 1116 1471 1150 σώματος
1484 1124 1491 1147 ;
1509 1114 1619 1150 Θάμϐος
1637 1114 1667 1140 δὲ
1681 1114 1749 1148 περὶ
1763 1114 1867 1144 αὐτοὺς

1062 1163 1227 1197 νυκτερινὸν;
1244 1162 1299 1197 Τὴν
1315 1162 1368 1197 γὰρ
1393 1161 1510 1196 φοϐερὰν
1526 1160 1655 1195 ἔκπληξιν
1673 1159 1726 1195 τὴν
1750 1159 1787 1186 ἐκ
1810 1155 1869 1185 δει-

1063 1210 1154 1244 μάτων
1167 1209 1248 1235 τινῶν
1261 1208 1424 1243 νυκτερινῶν
1439 1207 1595 1242 γινομένην,
1607 1207 1651 1233 διὰ
1662 1207 1712 1241 τῆς
1726 1206 1776 1233 τοῦ
1795 1206 1867 1241 Θάμ.

1061 1256 1124 1283 6ους
1142 1256 1240 1288 λέξεως
1263 1255 1277 1280 ὁ
1298 1254 1375 1287 λόγος
1395 1254 1578 1283 ἐνδείκνυται,
1601 1253 1635 1287 ἣν
1658 1254 1716 1283 τοῖς
1735 1252 1868 1283 ὁπλίταις

1060 1301 1164 1331 τούτοις
1183 1301 1321 1335 προσεῖναι
1337 1300 1416 1333 λέγει.
1438 1298 1542 1325 Οὐκοῦν
1558 1298 1638 1324 παντὶ
1661 1299 1757 1333 τρόπῳ
1780 1298 1869 1333 ζητη-

1061 1347 1121 1373 τέον
1138 1346 1169 1372 ἂν
1192 1346 1233 1380 εἴη
1252 1345 1369 1372 διάνοιάν
1394 1353 1453 1371 τινα
1474 1345 1517 1371 διὰ
1535 1344 1589 1370 τῶν
1607 1344 1740 1379 ῥημάτων
1759 1338 1868 1370 τούτων

1062 1392 1328 1427 προτεθεωρημένοις
1349 1391 1504 1418 ἀκόλουθον.
1529 1390 1578 1422 Τίς
1599 1389 1645 1416 οὖν
1666 1390 1743 1416 ἐστιν
1764 1390 1784 1424 ἠ
1805 1389 1866 1416 διά-

1061 1447 1138 1469 νοια;
1157 1439 1248 1464 Ἕοικε
1272 1438 1302 1464 τὸ
1321 1438 1392 1464 θεῖον
1411 1437 1507 1468 κάλλος
1522 1438 1550 1463 ἐν
1567 1436 1605 1472 τῷ
1623 1435 1734 1472 φοϐερῷ
1748 1436 1781 1462 τδ
1798 1435 1865 1471 ἐρά-

1063 1493 1141 1519 σμιον
1158 1484 1239 1518 ἔχειν,
1258 1483 1310 1509 ἀπὸ
1327 1482 1380 1509 τῶν
1398 1482 1525 1509 ἐναντίων
1538 1482 1579 1516 τῷ
1599 1481 1752 1517 σωματικῷ
1767 1477 1865 1508 κάλλει

1061 1528 1244 1563 δεικνύμενον.
1267 1528 1399 1555 Ἐνταῦθα
1419 1528 1468 1562 μὲν
1489 1527 1544 1563 γὰρ
1563 1527 1722 1560 ἐλεγκτικὸν
1738 1528 1782 1559 είς
1802 1528 1864 1554 ἑπι-

1062 1575 1161 1609 θυμίαν
1179 1575 1236 1600 ἐστὶ
1253 1575 1282 1600 τὺ
1297 1574 1432 1610 προσηνὲς
1449 1575 1482 1608 τῇ
1503 1573 1562 1607 δίψει
1581 1573 1628 1599 καὶ
1651 1572 1801 1608 μειλίχιον,
1819 1572 1865 1599 καὶ

1062 1621 1150 1655 πάσης
1167 1620 1283 1655 φοῧερᾶς
1305 1628 1334 1645 τε
1359 1619 1405 1645 καὶ
1419 1618 1560 1653 θυμώδους
1579 1617 1727 1649 διαθέσεως
1743 1627 1863 1654 κεχωρι-

1062 1666 1169 1700 σμένον.
1187 1665 1223 1691 Τὸ
1237 1666 1374 1700 ἀκήρατον
1388 1665 1416 1691 δὲ
1431 1664 1528 1695 κάλλος
1550 1665 1646 1696 έκεῖνο,
1667 1664 1684 1699 ἡ
1708 1663 1821 1700 φοϐερὰ
1836 1672 1864 1690 τε

1061 1713 1107 1739 καὶ
1132 1712 1340 1746 ἀκατάπληκτος
1361 1710 1455 1746 ἀνδρία
1477 1709 1560 1737 ἐστίν.
1583 1709 1692 1743 Ἐπειδὴ
1707 1709 1767 1745 γὰρ
1780 1711 1799 1745 ἡ
1815 1711 1861 1744 ἐμ-

1062 1758 1150 1793 παθὴς
1164 1759 1211 1785 καὶ
1227 1758 1338 1793 ρυπῶσα
1358 1757 1413 1783 τῶν
1438 1756 1572 1791 σωμάτων
1593 1755 1728 1790 ἐπιθυμία
1741 1754 1803 1788 τοῖς
1816 1755 1866 1790 τῆς

1062 1804 1163 1839 σαρκὸς
1181 1804 1288 1838 μέλεσιν
1313 1802 1498 1838 ἐγκαθημένη,
1522 1802 1649 1837 καθάπερ
1667 1809 1694 1828 τι
1716 1801 1865 1836 σύνταγμα

1061 1850 1205 1886 λῃστρικὸν
1221 1849 1355 1884 ὲνεδρεύει
1376 1849 1421 1875 τὸν
1442 1849 1513 1880 νοῦν,
1534 1848 1581 1874 καὶ
1604 1847 1782 1882 αίχμάλωτον
1804 1847 1865 1881 ἄγει

1062 1896 1190 1927 πολλάκις
1221 1895 1287 1930 πρὸς
1311 1896 1341 1921 τὸ
1368 1896 1466 1930 ἑαυτῆς
1494 1894 1618 1929 βούλημα
1641 1894 1863 1929 συναρπάσασα·

1062 1941 1156 1975 ἐχθρὸν
1169 1940 1196 1966 δῖε
1210 1940 1249 1975 τῷ
1258 1940 1317 1975 Θεῷ
1333 1940 1363 1966 τὸ
1378 1940 1528 1975 γινόμενον,
1541 1939 1632 1971 καθὼς
1648 1948 1732 1974 φησιν
1749 1940 1764 1966 ὁ
1785 1939 1866 1966 Ἀπό-

1064 1986 1163 2017 ττολος,
1180 1986 1220 2012 ὅτι
1237 1985 1266 2011 τὸ
1286 1985 1413 2020 φρόνημα
1431 1986 1479 2020 τῆς
1501 1985 1601 2020 σαρκὸς
1618 1984 1702 2019 ἔχθρα
1718 1985 1762 2016 εἰς
1781 1985 1863 2011 Θεό-ιι·

1062 2033 1105 2059 διὰ
1121 2032 1199 2058 τοῦτο
1215 2032 1359 2058 ἀκόλουθόν
1376 2032 1459 2060 ἐστιν,
1474 2032 1505 2057 ἐκ
1526 2031 1579 2057 τῶν
1595 2030 1725 2056 ἐναντίων
1744 2031 1797 2064 τῆς
1814 2039 1865 2057 σω-

1064 2079 1181 2114 ματικῆς
1195 2077 1341 2112 ἐπιθυμίας
1361 2077 1405 2103 τὸν
1428 2076 1499 2102 θεῖον
1521 2076 1610 2111 ἔρωτα
1631 2075 1775 2109 γίνεσθαι·
1795 2076 1864 2103 ὥστε

1062 2127 1085 2151 εἰ
1099 2125 1199 2159 ταύτης
1215 2123 1375 2157 καθηγεῖται
1390 2122 1466 2153 λύσις
1482 2121 1528 2147 καὶ
1546 2121 1636 2152 ἄνεσις
1654 2121 1702 2148 καὶ
1719 2121 1863 2156 βλακώδης

1062 2171 1193 2205 διάχυσις,
1218 2170 1275 2195 ἐκεῖ
1294 2168 1342 2203 τὴν
1371 2166 1501 2202 ἐπίφοϐον
1525 2175 1555 2193 τε
1580 2167 1627 2193 καὶ
1648 2167 1863 2203 ἀκατάπληκτον

224 2214 255 2240 tit
278 2218 309 2241 ut
337 2213 359 2241 si
391 2213 474 2247 hujus
494 2214 548 2240 dux
576 2214 658 2240 fuerit
687 2215 843 2245 dissolutio,
876 2216 1011 2247 remissio,

1076 2216 1189 2251 ινδρείαν
1210 2215 1275 2249 ὕλην
1297 2214 1343 2240 τοῦ
1365 2214 1437 2240 θείου
1463 2213 1563 2248 ἔρωτος
1584 2211 1718 2247 γίνεσθαι.
1735 2213 1794 2240 Τοῦ
1812 2213 1863 2248 γὰρ

224 2259 371 2295 mollisque
395 2265 423 2286 et
448 2265 577 2286 enervata
600 2260 720 2291 diﬂ'usio,
739 2262 795 2288 illic
815 2261 961 2290 vehemens
985 2267 1012 2290 et

224 2313 286 2340 qua),
310 2303 464 2340 perturbari
489 2313 542 2333 non
570 2310 661 2340 potest
685 2307 769 2334 animi
789 2308 948 2342 magnitudo
974 2309 1010 2336 sit

224 2351 340 2379 materia
367 2351 452 2378 divini
481 2353 593 2380 amoris.
618 2353 685 2380 Cum
714 2354 786 2380 cnim
811 2353 851 2380 ira
875 2354 954 2381 fortis
980 2362 1012 2381 ac

226 2397 315 2424 virilis
331 2397 489 2425 insidiantis
504 2398 651 2434 voluptatis
665 2405 769 2427 turmas
781 2401 969 2434 perterrucrit,
985 2405 1012 2427 et

225 2443 255 2470 in
270 2442 362 2478 fugam
379 2443 501 2475 verterit,
529 2449 585 2471 tum
612 2451 724 2480 apparet
748 2454 816 2481 pura
840 2448 936 2474 animae
955 2448 1013 2482 pul-

225 2488 365 2519 chritudo,
379 2489 455 2515 nullo
471 2494 544 2516 motu
563 2492 697 2517 maculata
711 2494 861 2527 corporalis
877 2494 1012 2528 cupidita-

225 2534 271 2560 tis.
291 2532 454 2560 Necessario
476 2535 558 2569 igitur
579 2536 711 2570 nuptialis
725 2538 797 2572 regis
814 2538 902 2566 lectus
917 2540 951 2566 ab
967 2547 1011 2565 ar-

225 2579 307 2606 matis
325 2579 521 2611 circumdatur.
548 2589 663 2614 quorum
683 2582 745 2609 belli
764 2584 871 2617 peritia,
892 2592 924 2612 eo
941 2586 1012 2620 quod

226 2632 309 2659 super
335 2623 423 2652 femur
450 2631 573 2660 paratum
598 2627 716 2654 habeant
740 2636 851 2661 ensem,
882 2634 1013 2658 terrorem

227 2667 305 2695 aﬁ'ert
318 2673 346 2696 et
360 2675 498 2705 stuporem
519 2672 673 2699 tenebrosis
696 2674 920 2708 cogitationibus,
939 2681 965 2703 et
981 2677 1014 2704 iis

227 2713 274 2747 qui
300 2715 327 2741 in
352 2716 471 2743 obscuro
494 2717 670 2751 insidiantur,
696 2723 722 2746 et
748 2720 857 2754 sagittis
882 2725 1013 2756 appetunt

227 2765 318 2787 rectos
333 2762 426 2789 corde.

267 2850 290 2865 ν’
317 2850 394 2879 itam.
413 2860 474 2886 vui,
494 2853 519 2881 7.

1061 2262 1209 2297 ἀνδρώδους
1232 2260 1319 2295 θυμοῦ
1340 2259 1384 2286 τὸν
1408 2259 1459 2293 τῆς
1483 2259 1580 2294 ἡδονῆς
1603 2257 1682 2292 λόγον
1703 2260 1862 2294 χαταπτοή-

1063 2307 1158 2338 σαντός
1179 2316 1208 2332 τε
1227 2306 1274 2332 καὶ
1295 2304 1524 2339 φυγαδεύσαντος,
1541 2302 1611 2329 οὕτω
1624 2302 1654 2329 τὸ
1670 2303 1798 2339 καθαρὸν
1817 2305 1862 2338 τῆς

1060 2353 1148 2387 ψυχῆς
1164 2352 1339 2386 ἀναφαίνεται
1360 2351 1468 2382 κάλλος,
1488 2349 1582 2385 μηδενὶ
1596 2348 1677 2375 πάθει
1701 2351 1861 2385 σωματικῆς

1066 2398 1211 2432 ἐπιθυμίας
1231 2396 1500 2433 καταρῤυπούμενον.
1527 2395 1632 2421 Οὐκοῦν
1657 2394 1823 2428 ἀναγκαίως
1844 2397 1859 2431 ὴ

1066 2444 1186 2478 νυμφικὴ
1201 2443 1247 2469 τοῦ
1263 2442 1393 2478 βασιλέως
1412 2441 1490 2476 κλίνη
1513 2441 1570 2472 τοῖς
1585 2440 1708 2472 ὁπλίταις
1726 2442 1756 2467 ὲν
1773 2442 1861 2475 κύκλῳ

1066 2489 1286 2524 διαλαμϐάνεται,
1302 2485 1339 2514 ὧν
1355 2489 1371 2523 ἡ
1394 2488 1440 2514 τοῦ
1467 2487 1594 2522 πολεμεῖν
1610 2486 1755 2523 ἐμπειρία,
1775 2490 1823 2516 καὶ
1834 2488 1860 2515 τὸ

1066 2536 1208 2571 πρόχειρον
1224 2535 1294 2569 ἔχειν
1307 2535 1352 2560 ἐπὶ
1367 2534 1413 2560 τοῦ
1427 2533 1514 2569 μηροῦ
1527 2534 1577 2569 τὴν
1592 2532 1742 2569 ῥομφαίαν,
1758 2533 1858 2568 θάμϐος,

1064 2582 1109 2608 καὶ
1131 2580 1259 2616 ἔκπληξιν
1284 2581 1395 2615 ἐμποιεῖ
1415 2581 1470 2611 τοῖς
1494 2579 1685 2614 σκοτουμένοις
1704 2580 1856 2615 λογισμοῖς,

1134 2629 1160 2654 ὲν
1174 2627 1232 2659 νυξί
1246 2635 1275 2653 τε
1288 2627 1335 2653 καὶ
1349 2626 1501 2661 σκοτομήνῃ
1522 2626 1584 2656 τοὺς
1603 2622 1690 2657 εὐθεῖς
1708 2626 1743 2662 τῇ
1765 2625 1857 2661 καρδίᾳ

1063 2673 1170 2708 ).οχοῦσί
1186 2682 1214 2699 τε
1227 2673 1274 2699 καὶ
1287 2672 1453 2706 τοξεύουσιν.

1063 2629 1117 2657 τοῖς

1904 485 1916 691 ἲ
