3854 6216
112 304 218 362 9ῦὶ

1195 296 1258 352 ΙΝ
1297 293 1598 350 CANTICA
1631 289 1900 348 (ZANTIC.
1948 292 2235 349 HOMILIA
2279 294 2364 349 Vl.

3289 300 3391 358 902

169 416 327 473 -⁸Ὀτι
363 414 472 487 γάρ
493 413 810 486 ἀναιρετικὴ
839 413 946 467 τῶν
973 413 1232 485 ῥυπαρῶν
1261 413 1466 484 ἡδονῶν
1498 413 1645 465 ἐστιν

1885 410 2040 477 Quod
2080 413 2223 467 enim
2261 414 2529 468 obscenas
2552 414 2856 484 voluptates
2880 415 3058 471 deleat
3079 431 3141 470 ac
3164 427 3392 486 perimat

108 514 232 568 τῶν
281 512 802 583 περιστοιχισμένων
847 511 946 582 τὴν
985 511 1171 580 κλίνην
1205 509 1508 574 ἐξόπλισις,
1553 508 1711 578 δῆλον

110 604 186 656 ἂν
230 602 444 672 γένοιτο
472 605 561 657 διὰ
595 604 693 675 τῆς
731 601 1056 673 ὑπογραφῆς
1096 600 1192 654 τοῦ
1222 601 1404 668 λόγου,
1439 601 1496 663 ὃς
1525 616 1710 670 φησιν,

105 694 200 748 ὅτι
229 693 467 762 Πάντες
494 694 899 764 δεδιδαγμένοι
948 693 1236 761 πόλεμον,
1263 691 1418 760 ἀνὴρ
1447 691 1712 760 ῥομφαία

107 786 310 840 αὐτοῦ
339 788 440 842 ἐπὶ
473 788 581 843 τὸν
606 786 802 857 μηρὸν
829 785 1036 841 αὐτοῦ.
1082 783 1321 855 Ἀληθῶς
1356 783 1466 856 γὰρ
1494 784 1712 837 εἰδότων

108 881 287 945 ἐστὶν,
320 882 469 946 ὅπως
517 878 1031 953 ἀντιστρατεύεσθαι
1066 878 1172 950 χρὴ
1203 881 1271 950 τῇ
1311 877 1474 950 σαρκί
1515 894 1575 930 τε
1617 878 1712 930 καὶ

105 973 191 1042 τῷ
229 973 449 1044 αἵματι,
489 975 548 1028 ἐν
573 973 652 1044 τῷ
678 973 777 1044 τὴν
813 973 1087 1043 ῥομφαίαν
1121 972 1214 1025 ἐπὶ
1250 970 1329 1041 τῷ
1379 969 1538 1041 μηρῷ
1567 968 1710 1040 ἔχειν

106 1065 570 1136 ἐφηρμοσμένην.
598 1065 730 1118 Νοεῖ
753 1065 810 1118 δέ
841 1066 1056 1127 πάντως
1097 1066 1126 1117 6
1159 1063 1268 1116 τῶν
1295 1061 1581 1134 γραφικῶν
1610 1061 1710 1114 οὐκ

105 1153 347 1225 ἄπειρος
389 1155 676 1228 νοημάτων
724 1157 816 1210 καὶ
862 1156 1220 1226 αἰνιγμάτων,
1269 1154 1334 1210 ἐκ
1373 1171 1432 1207 τε
1477 1154 1579 1222 τῆς
1613 1152 1708 1206 τοῦ

108 1247 297 1318 μηροῦ
335 1247 556 1319 μνήμης
581 1248 643 1302 τὸ
679 1248 1075 1320 σημαινόμενον
1097 1288 1114 1312 ,
1159 1249 1256 1302 καὶ
1294 1249 1374 1301 ὅτι
1407 1247 1650 1320 ῥομφαία
1681 1247 1710 1299 6

103 1335 272 1406 λόγος
321 1339 488 1393 ἐστίν.
531 1339 590 1392 '0
637 1339 816 1392 τοίνυν
864 1339 925 1392 τὸ
966 1337 1195 1409 φοϐερὸν
1237 1337 1420 1400 ὅπλον,
1462 1338 1606 1407 λέγω
1642 1337 1706 1408 δὴ

101 1428 206 1498 τὴν
247 1429 350 1500 τῆς
395 1429 747 1501 σωφροσύνης
786 1430 1080 1502 ῥομφαίαν,
1127 1429 1518 1499 διεζωσμένος·
1555 1423 1708 1496 οὗτός

100 1521 258 1573 ἐστιν
289 1523 320 1575 6
343 1524 410 1594 τῇ
433 1522 692 1592 ἀφθάρτῳ
722 1523 878 1593 κλίνῃ
909 1523 1192 1594 ἐράσμιος,
1220 1517 1300 1586 εἷς
1329 1521 1438 1575 τῶν
1469 1520 1707 1575 δυνατῶν

112 1611 361 1682 Ἰσραὴλ,
392 1613 488 1667 καὶ
523 1601 619 1666 τοῧ
646 1613 947 1682 καταλόγου
978 1612 1086 1666 τῶν
1116 1613 1384 1683 ἐξήκοντα
1407 1612 1574 1680 ἄξιος.
1601 1613 1708 1667 Τὸν

97 1705 156 1760 δὲ
188 1707 428 1779 ἀριθμὸν
464 1708 652 1762 τοῦτον
675 1707 818 1778 ἔχειν
847 1707 945 1778 μέν
974 1725 1099 1762 τινα
1121 1709 1377 1779 μυστικὸν
1405 1709 1578 1778 λόγον,
1602 1709 1702 1765 οὐκ

99 1797 522 1868 ἀμφιϐάλλομεν
541 1817 555 1830 ·
589 1798 727 1852 ἀλλά
759 1798 938 1869 μόνοις
982 1799 1212 1863 ἐκείνοις
1237 1798 1414 1870 δῆλον,
1453 1797 1534 1864 οἷς
1565 1801 1701 1854 ἀπο-ι

97 1885 374 1941 καλύπτει
401 1889 471 1942 τὰ
497 1889 857 1960 κεκρυμμένα
887 1891 1163 1962 μυστήρια
1198 1892 1232 1961 ἡ
1262 1889 1356 1945 τοῦ
1385 1892 1701 1962 Πνεύματος

95 1977 287 2048 χάρις.
338 1979 529 2051 Ἡμεῖς
563 1980 620 2034 δὲ
657 1981 836 2042 καλῶς
869 1980 1014 2052 ἐχειν
1043 1982 1221 2053 φαμὲν
1257 1982 1366 2036 τῶν
1395 1983 1700 2055 προχείρων

92 2070 194 2122 τοῦ
241 2071 402 2140 λόγου
447 2073 734 2142 νοημάτων
773 2072 1204 2146 ἐμφορηθέντας,
1258 2072 1440 2138 καθὼς
1481 2077 1573 2127 ἐπὶ
1622 2074 1698 2146 τῷ

95 2161 299 2233 Πάσχα
335 2161 618 2233 νομοθετεῖ
646 2165 909 2235 Μωῦσῆς,
941 2163 1052 2217 τῶν
1084 2165 1534 2236 προφαινομένων
1567 2183 1700 2236 σαρ-

93 2251 215 2304 κῶν
261 2252 632 2324 ἐμφαγόντας,
661 2254 1223 2326 ἀπολυπραγμόνητον
1272 2256 1432 2311 ἐάσαι
1472 2257 1535 2310 τὸ
1582 2259 1698 2322 τοῖς

90 2347 313 2410 ὀστέοις
341 2348 441 2418 τῆς
465 2348 732 2418 ἀσαφείας
765 2349 1231 2422 ἐγκεκρυμμένον.
1263 2350 1326 2403 Ei
1354 2350 1411 2404 δέ
1441 2350 1524 2414 τίς
1548 2352 1696 2405 ἐστιν

95 2438 447 2510 ἐπιθυμητὴς
474 2439 582 2492 τῶν
611 2441 857 2510 κρυφίων
882 2441 1094 2512 μυελῶν
1122 2441 1216 2494 τοῦ
1249 2441 1431 2510 λόγου,
1465 2440 1696 2512 ζητείτω

94 2531 254 2602 παρὰ
290 2529 385 2584 τοῦ
426 2531 494 2584 τὰ
537 2534 893 2604 κεκρυμμένα
925 2535 1040 2596 τοῖς
1081 2531 1251 2597 ἀξίοις
1285 2533 1696 2588 ἀποκαλύπτον-

97 2639 209 2685 τος.
247 2621 336 2686 Ὦς
359 2622 404 2675 δ’
431 2622 498 2676 ἂν
532 2623 606 2694 μὴ
634 2623 922 2695 δοκοίημεν
953 2623 1299 2694 ἀγύμναστον
1327 2625 1692 2697 παρατρέχειν

94 2713 188 2768 τὸν
217 2715 400 2784 λόγον,
440 2714 575 2786 μηδέ
599 2715 1004 2787 καταραθυμεῖν
1035 2715 1128 2769 τοῦ
1162 2715 1307 2769 θείου
1339 2716 1694 2788 προστάγμα-

94 2825 208 2870 τος,
245 2805 341 2860 τοῦ
375 2808 602 2879 ἐρευνᾷν
643 2808 743 2872 τὰς
784 2808 935 2872 θείας
969 2807 1413 2878 διακελευομένου
1447 2807 1688 2876 Γοαφάς,

95 2901 298 2953 οὑτωσὶ
343 2900 434 2953 τὸν
469 2901 598 2971 περὶ
633 2900 696 2952 τὸ
737 2898 997 2970 ἐξήκοντα
1029 2898 1482 2970 διασκοπήσωμεν
1509 2897 1690 2965 λόγονι⁵
1721 2906 1731 2917 ’

96 2992 319 3046 Δώδεκα
347 2991 533 3064 ῥάϐδοι
560 2991 680 3045 κατ’
710 2991 942 3063 ἀριθμὸν
972 2990 1082 3045 τῶν
1108 2989 1289 3060 φυλῶν
1314 2989 1408 3044 τοῦ
1450 2988 1684 3061 Ἰσραὴλ,

1813 517 2001 557 eorum
2044 505 2137 574 qui
2174 505 2371 559 lectum
2406 506 2652 559 ambiunt
2685 517 2960 560 armatura
2985 548 2998 570 ,
3037 510 3388 579 perspicUum

1814 595 1978 651 fuerit
2014 613 2081 650 ex
2119 597 2236 665 ejus
2276 596 2423 667 quod
2460 606 2544 651 est
2585 597 2637 651 in
2677 609 2934 652 contextu
2973 601 3339 670 descriptione
3373 619 3386 655 :

1813 689 1904 758 qui
1938 689 2009 741 ita
2041 688 2240 752 habet,
2283 689 2475 748 Omnes
2505 692 2659 758 periti
2705 705 2893 761 pugna:
2918 731 2932 756 ,
2978 689 3391 764 uniuscujusque

1810 780 1950 832 ensis
1982 795 2145 848 supra
2172 779 2343 848 femur
2365 797 2538 835 suum.
2569 770 2779 838 Revera
2811 783 2956 838 enim
2987 794 3044 838 ut
3071 784 3272 839 bellum
3295 800 3390 856 ge-

1813 877 1970 923 ratur
2010 872 2274 927 adversus
2312 873 2658 945 voluptates,
2699 884 2914 943 oportet
2961 877 3114 930 carni
3155 885 3209 932 et
3249 892 3388 932 san-

1811 964 1962 1032 guini
1983 1006 1997 1028 ,
2020 972 2280 1035 tanquam
2308 966 2536 1032 femori,
2559 983 2746 1022 ensem
2773 967 2972 1024 habere
2994 964 3384 1024 accommoda-

1811 1062 1947 1112 tum.
1986 1056 2222 1113 Omnino
2244 1068 2424 1115 autem
2449 1060 2703 1132 intelligit
2724 1061 2772 1116 is
2797 1061 2888 1132 qui
2920 1057 3216 1132 Scriptura
3247 1063 3386 1116 aani-

1811 1156 2053 1218 gmatnm
2093 1165 2200 1205 non
2235 1161 2319 1206 est
2361 1152 2617 1222 ignarus,
2650 1170 2716 1209 ex
2748 1154 3025 1210 mentione
3060 1154 3286 1212 femoris
3326 1149 3383 1211 id

1809 1239 1955 1309 quod
1985 1241 2346 1312 significatur,
2376 1255 2429 1300 et
2458 1246 2603 1316 quod
2634 1247 2846 1318 gladius
2878 1254 2963 1303 est
2998 1248 3242 1302 verbum.
3275 1247 3383 1315 Qui

1809 1346 1939 1402 ergo
1976 1331 2078 1387 fert
2111 1348 2259 1388 arma
2285 1377 2301 1400 ,
2338 1336 2462 1390 dico
2503 1345 2687 1393 autem
2727 1341 3104 1409 temperantiae
3136 1338 3382 1410 gladium

1810 1423 2116 1477 accinctum
2137 1464 2152 1489 ,
2183 1425 2230 1480 is
2259 1435 2343 1480 est
2368 1426 2619 1483 amabilis
2652 1429 2793 1484 lecto
2823 1429 2878 1483 in
2904 1444 3064 1499 quem
3098 1445 3208 1484 non
3235 1431 3384 1486 cadit

1809 1517 2092 1584 corruptio
2122 1526 2176 1570 et
2204 1518 2484 1584 interitus.
2518 1536 2662 1576 unus
2691 1536 2759 1575 ex
2795 1519 3034 1578 fortibus
3076 1522 3240 1578 Israel
3262 1565 3278 1588 ,
3325 1527 3382 1578 et

1809 1603 2008 1677 dignus
2029 1609 2120 1677 qui
2147 1607 2419 1664 referatur
2444 1611 2496 1664 in
2528 1612 2839 1682 catalogum
2876 1613 3186 1684 sexaginta.
3222 1611 3382 1668 Hunc

1810 1709 1990 1755 autem
2022 1716 2308 1755 numerum
2343 1701 2580 1772 aliquam
2624 1705 2908 1774 mySticam
2952 1705 3155 1761 habere
3211 1701 3383 1762 ratio-

1803 1808 1925 1847 nem
1954 1808 2062 1848 non
2089 1793 2280 1848 dubito
2307 1813 2320 1847 :
2355 1795 2448 1849 sed
2479 1795 2532 1848 id
2567 1795 2636 1849 iis
2661 1798 2838 1851 solum
2868 1805 2954 1852 est
2984 1797 3338 1855 manifestum
3361 1840 3379 1864 ,

1801 1887 1999 1957 quibus
2023 1887 2236 1940 occulta
2264 1887 2468 1942 revelat
2491 1888 2754 1960 mysteria
2775 1889 2949 1960 gratia
2981 1890 3241 1960 Spiritus.
3268 1889 3380 1948 Nos

1799 1988 1978 2034 autem
2018 1987 2164 2034 recte
2195 1979 2396 2034 habere
2431 1988 2722 2050 putamus,
2760 1980 2806 2035 si
2839 1995 2962 2036 cum
2995 1981 3064 2038 iis
3096 1997 3218 2052 quae
3247 1991 3379 2038 sunt

1799 2073 1854 2126 in
1894 2079 2146 2140 promptu
2181 2071 2330 2125 verbi
2372 2072 2663 2127 sententiis
2700 2087 2802 2126 nos
2839 2069 3042 2127 affatim
3075 2073 3380 2143 expleveri-

1798 2180 1940 2228 mus,
1968 2164 2110 2218 sicut
2133 2163 2186 2217 in
2214 2162 2478 2228 Paschate
2502 2165 2747 2235 praecipit
2769 2158 3002 2236 Moyses,
3025 2179 3092 2220 ex
3113 2166 3376 2222 carnibus

1794 2273 1858 2312 ea
1888 2272 2010 2327 quae
2055 2265 2317 2326 apparent
2364 2255 2796 2322 comederimus,
2843 2257 3222 2324 dimittamus,
3275 2276 3378 2317 nec

1795 2349 2010 2403 curiose
2037 2358 2344 2403 scrutemur
2372 2347 2424 2402 id
2453 2347 2598 2418 quod
2633 2349 2739 2403 sub
2767 2347 2988 2405 ossibus
3012 2350 3146 2406 latet
3171 2350 3376 2408 obscu-

1793 2441 1973 2494 ritatis
2009 2442 2075 2495 ¹⁵.
2131 2440 2187 2494 Si
2238 2441 2364 2510 quis
2401 2449 2580 2496 autem
2630 2432 2908 2496 desiderat
2939 2444 3189 2500 occultas
3220 2445 3375 2502 verbi

1793 2531 2060 2586 medullas
2080 2564 2096 2596 ,
2127 2540 2336 2601 quaarat
2364 2545 2429 2587 ex
2465 2547 2530 2587 eo
2555 2532 2646 2602 qui
2680 2532 2862 2604 dignis
2897 2535 3101 2589 revelat
3133 2536 3371 2590 occulta.

1790 2621 1870 2677 Ne
1901 2628 2082 2676 tamen
2120 2623 2404 2678 videamur
2435 2623 2486 2677 id
2515 2614 2661 2692 quod
2705 2622 2909 2678 dicitur
2938 2627 3220 2694 pmteﬁre
3262 2642 3373 2682 non

1789 2727 2082 2768 excussura
2102 2751 2117 2776 ,
2149 2720 2203 2766 et
2230 2712 2472 2767 divinum
2510 2706 2786 2784 negligere
2820 2724 3151 2786 praeceptum
3171 2757 3185 2780 ,
3225 2718 3373 2785 quod

1789 2805 2004 2860 divinas
2033 2805 2188 2876 jubet
2215 2798 2450 2860 scrutari
2480 2804 2797 2877 Scripturas
2825 2803 2898 2870 “,
2941 2808 3376 2908 ita.considere-

1787 2913 1911 2954 mus
1940 2897 2009 2953 de
2055 2913 2122 2952 eo
2167 2897 2314 2968 quod
2360 2897 2564 2952 dicitur
2607 2897 2676 2954 de
2721 2897 3048 2970 sexaginta?
3069 2899 3370 2957 Duodecim

1787 2992 1985 3062 virgae,
2026 3005 2124 3060 pro
2159 3004 2386 3044 numero
2430 2988 2672 3045 tribuum
2723 2987 2926 3055 Israel,
2973 3007 3043 3047 ex
3095 3003 3371 3064 praecepto

97 3082 242 3136 κατά
267 3083 598 3154 πρόσταγμα
641 3081 782 3136 θεῖον
832 3079 984 3152 παρά
1027 3081 1122 3136 τοῦ
1160 3082 1438 3145 Μωῦσέως
1475 3080 1679 3151 λαμϐά-

1792 3082 1973 3138 divino
1995 3080 2338 3151 accipiuntur
2367 3096 2398 3134 a
2431 3070 2637 3152 Moyse,
2665 3081 2758 3136 sed
2790 3096 2900 3136 una
2930 3083 3185 3140 omnibus
3215 3091 3371 3138 ante-

95 3191 298 3238 νονται,
335 3173 473 3228 ἀλλά
500 3175 597 3245 μία
619 3174 730 3228 τῶν
755 3174 946 3228 πασῶν
979 3173 1339 3246 προετιμήθη,
1372 3175 1507 3244 μόνη
1537 3173 1689 3245 παρά

94 3266 196 3328 τάς
218 3265 386 3327 ἄλλας
411 3264 783 3336 βλαστήσασα.
811 3265 980 3320 Πάλιν
1013 3264 1163 3336 παρά
1191 3263 1285 3317 τοῦ
1310 3263 1465 3334 Ναυὴ
1489 3263 1685 3333 Ἰησοῦ,

100 3357 379 3429 ίσάριθμοι
409 3361 532 3421 ταῖς
556 3358 752 3426 φυλαῖς
785 3356 880 3410 τοῦ
925 3356 1139 3428 Ἰσραὴλ
1168 3357 1302 3410 λίθοι
1332 3358 1398 3409 ὲκ
1431 3355 1525 3409 τοῦ
1558 3357 1688 3428 Ἰορ-

95 3448 253 3500 δάνου
283 3447 673 3519 λαμϐάνονται,
702 3443 778 3505 ὧν
817 3446 936 3500 ούδέ
986 3441 1066 3510 εἷς
1113 3446 1416 3515 ἀπόϐλητος
1457 3446 1683 3514 γίνεται,

95 3539 316 3594 πάντων
344 3538 625 3610 δμοτίμως
656 3540 737 3602 είς
769 3537 1075 3608 μαρτυρίαν
1106 3535 1198 3589 τοῦ
1239 3536 1380 3589 κατά
1419 3534 1510 3588 τὸν
1552 3534 1680 3606 Ἰορ-

94 3629 258 3700 δάνην
291 3629 591 3701 μυστηρίου
615 3627 1104 3698 παραληφθέντων.

165 3720 277 3774 Καὶ
306 3718 440 3772 πολὺ
472 3717 534 3770 τὸ
561 3716 850 3771 ἀκόλουθον
877 3717 934 3769 ἐν
962 3719 1074 3780 τοῖς
1115 3715 1510 3787 ἱστορουμένοις
1544 3717 1681 3772 ἐστί.

96 3810 384 3882 Προκοπὴν
425 3809 534 3880 γάρ
573 3826 695 3863 τινα
725 3808 820 3861 τοῦ
856 3806 986 3860 λαοῦ
1026 3806 1164 3879 πρὸς
1198 3806 1258 3860 τὸ
1296 3807 1623 3880 τελειότερον
1655 3811 1684 3862 6

94 3902 248 3971 λόγος
279 3903 635 3962 ἐνδείκνυται,
655 3899 732 3962 ὼς
765 3901 822 3952 ἐν
852 3899 1046 3968 ἀρχαῖς
1088 3899 1185 3968 μὲν
1216 3899 1315 3969 τῆς
1343 3899 1677 3970 νομοθεσίας,

98 3995 225 4065 μίαν
261 3993 551 4064 εὑρεθῆναι
583 3991 776 4064 ῥάϐδον
808 3989 988 4054 ζῶσάν
1018 4007 1078 4042 τε
1120 3991 1214 4042 καὶ
1242 3989 1640 4060 βλαστάνουσαν
1663 4008 1678 4023 ·

94 4089 189 4151 τὰς
209 4087 266 4140 δὲ
296 4086 491 4149 λοιπάς
521 4085 596 4147 ὡς
626 4083 796 4155 ξηράς
833 4099 891 4136 τε
919 4080 1085 4145 οὗσας
1116 4083 1208 4134 καὶ
1237 4083 1519 4153 ἀκάρπους
1547 4083 1681 4136 ἀπο-

95 4179 372 4252 ϐληθῆναι.
410 4177 658 4240 Πλείονος
688 4176 743 4230 δὲ
781 4174 1156 4244 διαγεγονότος
1193 4170 1406 4245 χρόνου,
1445 4175 1539 4228 καὶ
1569 4174 1678 4228 τῶν

94 4269 332 4340 νομικῶν
351 4270 533 4330 αὐτοῖς
555 4266 1027 4338 παραγγελμάτων
1049 4267 1104 4319 ἐν
1125 4264 1488 4336 ἀκριϐεστέρα
1513 4281 1680 4318 κατα-

94 4369 273 4435 νοήσει
304 4363 704 4434 γεγενημένων,
734 4363 811 4426 ὡς
850 4361 946 4416 καὶ
990 4361 1089 4428 τὴν
1129 4363 1194 4414 ἐκ
1231 4360 1482 4431 δευτέρου
1521 4379 1675 4433 περι-

1789 3174 1898 3228 lata
1924 3180 2010 3228 est
2027 3212 2042 3237 ,
2071 3187 2195 3244 quae
2223 3172 2337 3227 sola
2361 3187 2472 3242 prae
2502 3172 2717 3227 caeteris
2743 3171 3032 3229 floruerat.
3050 3172 3266 3229 Rursus
3293 3175 3364 3230 ab

1785 3258 1914 3321 Jesu
1940 3263 2088 3320 Nave
2111 3274 2270 3336 pares
2291 3277 2521 3319 numero
2553 3263 2812 3319 tribubus
2837 3262 3007 3319 Israel
3040 3265 3250 3334 lapides
3274 3281 3370 3320 ac-

1787 3356 2069 3424 cipiuntur
2089 3371 2153 3409 ex
2179 3345 2418 3409 Iordane
2437 3359 2716 3424 ,‘quorum
2752 3356 2994 3409 omnium
3027 3354 3212 3411 nullus
3238 3358 3368 3426 reji-

1787 3449 1952 3513 citur,
1987 3448 2104 3518 pari
2142 3447 2349 3502 honore
2382 3447 2650 3516 assumpti
2685 3446 2753 3500 ad
2791 3446 3075 3502 ferendum
3112 3450 3367 3505 testimo-

1785 3543 1936 3596 nium
1970 3542 2038 3596 de
2078 3542 2338 3612 mysterio
2370 3539 2514 3610 quod
2549 3538 2754 3594 factum
2789 3548 2874 3596 est
2908 3540 2966 3594 in
2995 3538 3252 3597 Jordane.

1855 3714 2046 3788 Magna
2087 3725 2169 3772 est
2207 3723 2388 3772 autem
2429 3719 2823 3788 consequentia
2865 3719 2919 3772 in
2961 3719 3030 3774 iis
3063 3735 3186 3790 quae
3222 3719 3364 3776 refe-

1782 3817 1998 3864 runtur.
2040 3806 2339 3876 Quemdam
2378 3809 2524 3864 enim
2562 3809 2865 3880 profectum
2903 3811 2970 3866 ad
3003 3811 3056 3865 id
3094 3812 3241 3883 quod
3275 3821 3361 3868 est

1781 3901 2076 3972 perfectius
2110 3900 2352 3956 ostendit
2386 3900 2600 3965 oratio,
2636 3910 2826 3972 utpote
2856 3902 2912 3956 in
2949 3903 3107 3958 initio
3141 3905 3367 3974 quidem

1781 3993 1922 4064 legis
1962 3990 2084 4046 latae
2120 3993 2402 4048 inventam
2439 3991 2613 4048 fuisse
2647 4007 2812 4047 unam
2851 3994 3060 4064 virgam
3096 3996 3359 4052 virentem

1779 4092 1834 4142 et
1871 4084 2312 4156 germinantem:
2349 4091 2578 4139 caeteras
2618 4095 2800 4139 autem
2836 4083 3007 4140 fuisse
3036 4085 3270 4155 rejectas
3301 4097 3367 4142 ut'

1780 4177 1956 4234 siccas
1994 4186 2048 4231 et
2079 4175 2372 4231 infertiles.
2406 4176 2544 4232 Cum
2590 4184 2774 4231 autem
2825 4178 2950 4248 plus
2995 4180 3368 4248 processisset

1778 4269 2079 4340 temporis,
2110 4277 2164 4323 et
2203 4267 2399 4338 legalia
2453 4267 2575 4338 ejus
2618 4277 2889 4338 praecepta
2935 4269 3259 4340 diligentius
3304 4284 3364 4328 ec

1778 4363 2093 4419 accuratius
2129 4361 2367 4416 fuissent
2397 4361 2713 4416 examinata
2733 4402 2748 4425 ,
2783 4362 3027 4417 secundo
3057 4362 3224 4417 etiam
3260 4379 3356 4418 ac-

90 4431 262 4528 τομὴν
427 4431 574 4525 παρά
612 4452 708 4506 τοῦ
749 4450 922 4523 Ἰησοῦ
966 4451 1147 4514 αὐτοῖς
1190 4451 1536 4524 ἐπαγομένην
1580 4431 1675 4506 καὶ

1792 4455 1992 4526 :episse
2029 4453 2504 4508 circumcisionem
2544 4467 2574 4506 a
2612 4451 2742 4508 Jesu
2774 4453 2856 4509 eis
2887 4453 3107 4507 allatam
3130 4494 3145 4515 ,
3174 4454 3368 4524 gladio

91 4548 278 4617 νοῆσαι
323 4547 417 4599 καὶ
452 4544 726 4610 δέξασθαι,
759 4544 859 4613 τῆς
900 4542 1156 4614 πετρίνης
1197 4543 1469 4615 μαχαίρας
1513 4561 1670 4617 περι-

92 4640 314 4710 ελούσης
352 4637 532 4692 αὐτῶν
561 4639 669 4691 πᾶν
696 4637 759 4689 τὸ
793 4635 1099 4706 ἀκάθαρτον
1117 4652 1131 4665 ο
1169 4638 1279 4689 νοεῖ
1307 4636 1364 4689 δέ
1397 4637 1613 4701 πάντως
1643 4639 1672 4691 6

94 4731 360 4795 συνεστὼς
392 4730 666 4802 ἀκροατὴς
691 4729 790 4799 τῆς
819 4746 876 4782 τε
917 4727 1122 4800 πέτρας
1156 4729 1250 4780 καὶ
1274 4727 1372 4798 τῆς
1398 4729 1672 4800 μαχαίρας

90 4827 150 4879 τὺ
180 4824 601 4894 σημαινόμενον
633 4822 709 4884 ὡς
732 4821 878 4885 εἰκὸς
902 4815 970 4892 ἦν
997 4820 1383 4892 βεϐαιωθείσης
1409 4823 1468 4874 ἐν
1491 4823 1670 4886 αὐτοῖς

91 4917 186 4987 τῆς
228 4916 458 4986 νομίμου
499 4931 558 4966 τε
599 4914 692 4967 καὶ
733 4913 987 4984 ἐναρέτου
1014 4911 1182 4981 ζωῆς,
1217 4912 1418 4983 μηδένα
1448 4913 1557 4967 τῶν
1592 4913 1671 4986 λί-

93 5008 199 5062 θων
229 5008 334 5061 τῶν
365 5009 453 5060 ἐπ’
481 5007 706 5076 ὀνόματι
753 5005 860 5059 τῶν
894 5004 1239 5076 Ἰσραηλιτῶν
1275 5004 1454 5073 φυλῶν
1493 5024 1671 5078 παρα-

92 5099 398 5170 ληφθέντων
429 5098 716 5170 εὑρεθῆναι
746 5097 1070 5166 ἀπόϐλητον.
1109 5098 1262 5150 Ἐπεὶ
1305 5097 1362 5150 δὲ
1394 5097 1500 5170 χρὴ
1532 5099 1670 5152 πάν-

92 5205 211 5242 τοτε
258 5187 366 5241 τῶν
413 5187 636 5257 ἀγαθῶν
678 5187 775 5251 τάς
830 5185 1158 5258 ἐπαυξήσεις
1209 5185 1516 5258 ἐπιζητεῖν,
1582 5191 1672 5243 ὅτε

93 5278 356 5351 προῆλθεν
383 5281 412 5332 6
442 5280 651 5351 χρόνος,
679 5279 772 5334 καὶ
798 5280 831 5350 η
854 5278 1079 5348 δύναμις
1103 5277 1196 5330 τοῦ
1231 5278 1446 5350 Ἰσραὴλ
1472 5279 1674 5350 μείζων

94 5371 325 5439 ἐγένετο.
355 5370 512 5425 Οὕτω
539 5372 647 5443 γάρ
685 5389 849 5442 φησιν
891 5372 949 5424 ἐν
987 5373 1098 5434 τοῖς
1127 5371 1505 5441 προκειμένοις
1542 5374 1674 5444 ἡμῖν

97 5465 273 5534 ῥητοῖς
301 5465 330 5516 6
353 5463 529 5533 λόγος,
557 5463 637 5517 ὃτι
669 5463 776 5518 ἀπὸ
819 5462 1050 5534 Ἰσραὴλ,
1087 5462 1210 5515 τότε
1247 5462 1430 5516 οὐκέτι
1454 5459 1536 5526 εἷς
1562 5466 1671 5520 ἀπὸ

99 5555 262 5626 φυλῆς
303 5554 449 5620 λίθος
487 5555 522 5627 ἢ
549 5555 646 5627 μία
683 5556 876 5628 ῥάϐδος
915 5553 1281 5626 λαμϐάνεται·
1320 5552 1456 5611 ἀλλά
1507 5557 1667 5613 πέντε

167 5727 210 5761 ⁸⁵
263 5726 431 5784 Exod.
485 5743 588 5796 ιιι,
638 5727 690 5784 9.
769 5728 812 5761 ¹⁸
848 5727 1042 5785 Joanu.
1084 5744 1137 5795 v,
1191 5727 1282 5786 59.

1777 4547 1993 4617 petrino
2037 4545 2118 4600 eis
2166 4542 2449 4598 auferente
2499 4543 2728 4597 omnino
2772 4543 3046 4614 quidquid
3085 4554 3205 4600 erat
3247 4545 3355 4600 im-

1777 4638 2040 4694 mundum
2073 4633 2370 4707 (intelligit
2417 4643 2599 4688 autem
2639 4637 2865 4690 omnino
2907 4636 3151 4706 prudens
3193 4639 3362 4693 audi-

1775 4743 1862 4787 tor
1894 4739 2060 4802 petrae
2085 4735 2140 4784 et
2173 4725 2339 4797 gladii
2373 4724 2868 4799 signiﬁcationem)
2909 4738 2964 4783 et
3001 4728 3172 4786 fuisse
3216 4745 3352 4786 con-

1777 4831 2098 4879 sentaneum
2131 4827 2255 4890 post
2283 4816 2756 4872 confirmationem
2783 4817 2966 4886 ipsius
2995 4819 3116 4873 vita:
3144 4834 3266 4889 qua:
3297 4828 3358 4875 et

1775 4931 1842 4972 ex
1883 4915 2000 4986 lege
2043 4919 2098 4966 et
2143 4927 2211 4967 ex
2256 4914 2458 4965 virtute
2489 4909 2686 4981 agitur,
2715 4909 2926 4964 nullum
2957 4925 3022 4965 ex
3053 4911 3121 4966 iis
3151 4910 3350 4982 lapidi-

1774 5010 1898 5072 bus,
1929 5006 2025 5078 qui
2059 5004 2328 5074 assumpti
2353 5012 2482 5060 sunt
2514 5003 2618 5058 sub
2650 5003 2871 5058 nomine
2904 5001 3144 5058 tribuum
3174 5002 3334 5058 Israer

1771 5103 2034 5163 litarum,
2089 5097 2373 5153 inventum
2417 5095 2590 5154 fuisse
2643 5093 3028 5164 rejiciendum.
3079 5095 3358 5161 Quoniam

1771 5201 1952 5249 autem
2008 5197 2224 5261 oportet
2281 5189 2506 5244 omnino
2558 5203 2803 5258 quzerere
2850 5187 3120 5242 bonorum
3172 5187 3352 5241 incre-

1771 5293 1955 5342 menta
1979 5325 1994 5348 ,
2029 5283 2254 5354 quando
2286 5292 2506 5353 tempus
2540 5282 2853 5352 processit,
2887 5288 2941 5337 et
2978 5280 3082 5335 fuit
3113 5279 3350 5350 amplior

1770 5378 1949 5433 virtus
1977 5376 2224 5432 israelis.
2253 5373 2345 5431 Sic
2368 5377 2514 5432 enim
2542 5375 2745 5430 dicitur
2770 5375 2822 5428 in
2851 5373 3036 5428 verbis
3063 5387 3185 5443 quae
3215 5379 3352 5427 sunt

1772 5469 1935 5530 nobis
1965 5469 2279 5540 proposita,
2311 5466 2458 5538 quod
2489 5474 2621 5522 tunc
2662 5466 2718 5520 in
2757 5463 2924 5520 Israel
2962 5477 3074 5517 non
3110 5459 3349 5531 amplius

1774 5577 1842 5619 ex
1867 5561 2014 5619 tribu
2040 5559 2177 5632 lapis
2198 5566 2294 5616 aut
2317 5559 2474 5632 virga
2494 5572 2603 5615 una
2625 5555 2864 5615 sumitur
2895 5573 2908 5610 :
2937 5553 3031 5613 sed
3054 5566 3153 5624 pro
3179 5549 3350 5624 virgis
