3854 6216
431 320 538 377 903

1687 317 1743 371 S.
1771 315 2099 372 GREGOIIII
2132 315 2424 372 NYSSENI

3602 311 3722 368 θυι

433 443 527 485 aut
558 428 832 501 lapidibus
861 431 917 485 in
944 446 1273 503 unaquaque
1304 430 1448 486 tribu
1481 429 1725 501 quinque
1754 429 1856 483 viri
1895 428 1995 483 bel-

2109 431 2228 484 ἀντὶ
2261 432 2471 503 ῥάϐδων
2499 431 2532 501 ἢ
2562 431 2725 485 λίθων
2761 432 2854 501 ἀφ’
2885 431 3120 500 ἑκάστης
3159 429 3331 498 φυλῆς
3364 428 3573 499 ἄνδρες
3601 444 3717 481 πο-

432 521 589 577 Iicosi
615 559 627 584 ,
658 520 736 574 rei
767 521 1022 577 militaris
1055 523 1250 592 periti,
1279 538 1345 577 ex
1376 522 1608 576 fortibus
1639 521 1836 584 Israel,
1867 534 2005 590 quo-

431 623 554 664 rum
588 611 969 680 unusquisque
997 627 1186 667 ensem
1221 612 1457 667 habebat
1487 625 1654 681 supra
1684 610 1883 672 femur,
1919 610 2006 664 di-

429 704 619 758 vinum
669 704 867 758 lectum
911 705 967 758 in
1020 706 1209 761 orbem
1261 704 1702 760 circumdabunt.
1759 703 2004 770 Quorum

430 804 723 867 propterea
763 798 948 853 nullus
987 797 1089 851 fuit
1121 799 1453 867 rejiciendus
1476 836 1492 859 ,
1520 797 1782 868 quoniam
1815 795 2006 864 cujus-

431 891 566 945 libet
597 891 778 946 tribus
808 891 1066 961 primitiae
1112 903 1242 946 sunt
1289 892 1568 962 quinque,
1615 905 1851 960 quorum
1900 903 2007 942 nu-

428 1001 618 1040 merus
653 985 950 1041 duodecies
983 985 1383 1056 multiplicatus
1413 1000 1683 1040 summam
1718 982 1881 1039 eIIicit
1919 997 2006 1038 se-

429 1081 672 1150 xaginta.
709 1079 936 1149 Oportet
968 1095 1100 1150 ergo
1129 1095 1194 1134 ex
1224 1093 1553 1148 unaquaque
1581 1077 1728 1131 tribu
1764 1075 2005 1146 quinque

425 1172 703 1225 terribiles
734 1179 977 1225 armatos
1004 1170 1206 1226 milites
1230 1186 1355 1226 esse
1385 1169 1642 1224 custodes
1674 1169 1797 1224 lecti
1827 1167 2000 1236 regis,

337 1286 346 1296 σ
426 1262 566 1318 adeo
598 1271 656 1317 ut
697 1263 744 1318 si
778 1263 998 1317 deficiat
1032 1277 1293 1316 numerus
1323 1262 1566 1332 quinque
1591 1302 1604 1327 ,
1643 1261 1694 1314 id
1735 1259 1879 1330 quod
1920 1273 2005 1313 re—

328 1343 332 1351 “
427 1362 533 1410 stat
564 1355 787 1410 minime
818 1355 890 1410 sit
923 1354 1341 1408 admittendum.

345 1430 378 1494 ἠ
500 1443 642 1499 Num
697 1454 878 1499 autem
913 1445 968 1498 in
1004 1447 1106 1499 hoc
1140 1447 1380 1514 inempto
1435 1451 1518 1499 est
1549 1441 1758 1512 aliquid
1795 1439 2006 1495 auden-

325 1557 337 1581 κ
369 1517 382 1533 ’
425 1537 582 1602 dum,
647 1548 706 1592 ut
760 1538 1012 1593 dicamus
1055 1534 1526 1598 Quemadmodum
1579 1536 1633 1590 in
1678 1547 2006 1603 unaquaque

427 1626 574 1680 tribu
629 1638 914 1680 armantur
957 1626 1223 1696 quinque,
1293 1638 1353 1679 ut
1407 1626 1520 1680 sint
1573 1625 1831 1679 custodes
1878 1624 2004 1676 lecti

425 1719 611 1786 regis?
633 1731 686 1774 et
715 1718 1175 1789 quemadmodum
1214 1720 1590 1790 unusquisque
1616 1719 1810 1774 horum
1842 1719 2004 1789 quin-

2109 523 2379 592 λεμισταὶ,
2401 525 2763 595 δεδιδαγμένοι
2791 526 3025 596 πόλεμον
3051 526 3159 577 ἀπὸ
3185 525 3421 579 δυνατῶν
3454 525 3715 596 Ἰσραὴλ,

2107 617 2352 686 αἴροντες
2391 615 2681 686 ῥομφαίαν,
2718 616 2818 686 τὴν
2851 615 3001 668 Θείαν
3035 615 3223 685 κλίνην
3267 614 3688 685 περιστοιχίζον

2106 724 2218 771 τες.
2246 703 2348 760 Ὧν
2387 707 2474 760 διὰ
2520 707 2677 761 τοῦτο
2721 708 2894 770 οὐδεὶς
2937 707 3242 775 ἀπόϐλητος
3291 707 3529 770 γίνεται,
3569 707 3715 760 διότι

2108 801 2288 870 πάσης
2326 799 2496 870 φυλῆς
2519 799 2762 870 ἀπαρχὴ,
2810 800 2860 852 οἱ
2906 799 3065 852 πέντε
3096 798 3354 867 γίνονται,
3394 792 3470 851 ὧν
3515 800 3548 850 ὁ
3577 799 3714 869 ἀρι-

2107 890 2242 961 θμὸς
2270 891 2564 956 δωδεκάκις
2595 891 3075 962 κεφαλαιούμενος,
3112 892 3173 944 τὸ
3225 891 3504 962 πλήρωμα
3559 893 3713 943 τωιεί

2104 986 2212 1038 τῶν
2242 985 2521 1056 ἑξήκοντα.
2560 985 2680 1055 Χρὴ
2720 984 2896 1036 τοίνυν
2942 985 3102 1036 πέντε
3130 983 3221 1051 ἀφ’
3246 983 3481 1048 ἑκάστης
3521 981 3713 1050 φυλῆς

2106 1077 2369 1150 φοϐεροὺς
2395 1077 2735 1147 ὁπλομάχους
2763 1075 3009 1144 φύλακας
3033 1077 3131 1146 τῆς
3152 1075 3246 1128 τοῦ
3285 1074 3556 1144 βασιλέως
3585 1072 3712 1127 κλί-

2104 1187 2201 1241 νης
2229 1169 2500 1239 γενέσθαι,
2530 1170 2605 1232 ὡς
2637 1170 2749 1236 εἴγε
2783 1169 2956 1221 λείποι
3002 1167 3080 1237 τῷ
3122 1167 3340 1239 ἀριθμῷ
3367 1168 3478 1222 τῶν
3511 1167 3706 1234 πέντε,

2104 1260 2480 1332 ἀπαράδεκτον
2510 1256 2647 1313 εἶναι
2673 1259 2766 1313 καὶ
2790 1259 2851 1312 τὸ
2878 1259 3215 1330 λειπόμενον.

2173 1431 2324 1511 Ἀρά
2350 1439 2468 1491 ἐστι
2497 1439 2904 1510 κατατολμῆσαι
2935 1436 3121 1491 λοιπὸν
3149 1435 3243 1489 τοῦ
3279 1435 3704 1506 ἐνθυμήματοςς

2108 1523 2236 1592 Πῶς
2291 1525 2396 1596 ἀφ’
2423 1530 2661 1598 ἑκάστης
2687 1530 2861 1601 φυλῆς
2901 1530 2952 1582 ot
2992 1529 3153 1581 πέντε
3213 1526 3570 1590 ὁπλίζονται,
3608 1529 3702 1579 ἵνα

2105 1620 2202 1690 τῆς
2231 1618 2514 1689 βασιλικῆς
2557 1619 2744 1688 κλίνης
2779 1620 3022 1688 φύλακες
3050 1620 3343 1688 γένωνται;
3374 1619 3502 1682 Πῶς
3556 1619 3700 1672 ’ἐκα-

2109 1729 2235 1776 στος
2271 1713 2380 1766 τῶν
2413 1713 2574 1767 πέντε
2603 1713 2837 1777 τούτων,
2884 1714 3113 1786 φοϐερὸς
3137 1717 3251 1776 τοῖς
3292 1715 3700 1785 ἀντιτεταγμέσ

427 1828 538 1880 que
587 1806 659 1866 fit
706 1813 976 1867 terribilis
1005 1813 1359 1880 adversariis,
1385 1828 1570 1868 ensem
1602 1827 1762 1868 suum
1795 1811 1995 1866 habens

2109 1823 2220 1870 νοις
2245 1806 2334 1860 διὰ
2378 1808 2476 1876 τῆς
2520 1807 2786 1870 ὁπλίσεως
2826 1808 3065 1875 γίνεται,
3115 1808 3214 1878 τὴν
3263 1808 3547 1878 ῥομφαίαν
3595 1807 3695 1861 τοῦ

424 1904 744 1973 impositum
789 1918 956 1973 super
993 1903 1212 1959 femur?
1257 1907 1338 1960 An
1373 1921 1480 1960 non
1513 1914 1598 1959 est
1628 1903 2001 1966 manifestum,

425 1995 571 2065 quod
624 2013 768 2051 unus
815 1996 978 2066 lapis,
1039 2012 1236 2067 nempe
1282 1998 1318 2051 ii
1365 1997 1615 2068 quinque
1644 1995 1837 2050 armati
1874 2004 2004 2050 sunt

426 2089 813 2159 unusquisque
867 2105 1085 2153 sensus,
1140 2090 1559 2144 convenientem
1617 2103 1777 2144 suum
1813 2103 2001 2143 ensem

420 2175 664 2231 ‘educens
715 2177 780 2230 ad
839 2184 1111 2232 terrorem
1153 2177 1546 2231 inimicorum?
1585 2175 1743 2232 Oculi
1779 2176 2000 2246 quidem

423 2275 510 2323 est
537 2268 690 2323 ensis
743 2279 1008 2338 perpetuo
1038 2268 1288 2338 aspicere
1319 2269 1387 2323 ad
1417 2267 1730 2333 Dominum,
1764 2276 1818 2323 et
1854 2279 2002 2324 recta

420 2357 646 2423 intueri,
709 2366 762 2412 et
809 2359 962 2412 nullo
1011 2359 1155 2428 turpi
1197 2360 1515 2429 spectaculo
1561 2359 1859 2430 inquinari.
1892 2359 1994 2412 Au-

419 2451 572 2506 ditus
626 2465 778 2505 arma
825 2461 955 2506 sunt
1013 2452 1288 2515 similiter,
1337 2451 1648 2508 divinorum
1702 2453 2002 2508 documen-

419 2550 606 2598 torum
661 2544 895 2608 auditio,
918 2553 973 2600 et
995 2560 1279 2616 nunquam
1307 2561 1510 2600 vanum
1537 2547 1592 2600 in
1619 2560 1679 2601 se
1707 2545 1997 2600 admittere

420 2650 754 2692 sermonem.
811 2636 887 2690 Ita
945 2638 1110 2692 etiam
1168 2637 1299 2691 licet
1362 2652 1579 2692 armare
1623 2646 1880 2707 gustum,
1943 2647 1999 2692 et

416 2737 649 2794 tactum,
701 2737 756 2785 et
808 2728 1100 2784 odoratum
1142 2731 1322 2800 gladio
1374 2731 1758 2795 continentiae;
1802 2746 2000 2784 unum-

413 2837 693 2892 quemque
751 2837 974 2878 sensum
1027 2822 1262 2893 tegendo
1301 2821 1624 2894 congruenti
1661 2822 1852 2885 lorica,
1904 2837 2000 2891 per

413 2926 543 2981 qua;
582 2911 892 2966 tenebrosis
922 2911 1352 2982 cogitationibus
1397 2922 1591 2982 stupor
1623 2912 1680 2966 fit
1707 2919 1761 2965 et
1795 2920 1994 2976 terror,

410 3016 654 3071 quorum
698 3001 862 3056 etiam
889 3009 1108 3072 tempus
1135 3010 1319 3071 aptum
1351 3001 1416 3056 ad
1450 3001 1679 3056 insidias
1707 3001 1996 3056 struendas

410 3093 684 3147 adversus
712 3096 926 3149 animas
961 3108 1066 3146 nox
1095 3101 1222 3149 sunt
1250 3101 1305 3148 et
1338 3093 1600 3148 tenebrae.
1640 3091 1697 3146 In
1751 3108 1814 3147 ea
1847 3093 1991 3146 enim

408 3189 558 3243 'dixit
607 3186 902 3258 Propheta,
934 3187 1141 3242 bestias
1178 3186 1291 3257 agri
1328 3187 1529 3240 malum
1563 3187 1666 3241 sibi
1708 3184 1997 3257 providere

407 3295 573 3336 "esum
617 3297 683 3336 ex
729 3281 1021 3351 pecoribus
1085 3278 1199 3334 Dei.
1267 3277 1506 3332 Posuisti
1561 3279 1732 3341 enim,
1791 3278 1993 3348 inquit,

409 3372 681 3435 tenebras,
724 3385 774 3427 et
844 3372 990 3441 facta
1041 3381 1117 3426 est
1161 3387 1287 3427 nox.
1321 3369 1388 3426 In
1438 3373 1556 3440 ipsa
1598 3371 1997 3438 pertransibunt

410 3480 596 3517 mune:
650 3463 827 3517 bestia:
873 3463 1020 3517 silva’
1042 3505 1055 3528 ,
1086 3461 1251 3515 catuli
1280 3462 1542 3530 rugientes
1576 3471 1634 3513 ut
1669 3461 1882 3529 rapiant
1929 3461 1992 3514 ¹⁷.

411 3555 687 3621 Quoniam
735 3562 916 3609 autem
957 3563 1039 3608 est
1069 3554 1236 3608 Israel
1290 3552 1606 3623 quicunque
1662 3552 1720 3605 fit
1769 3551 1990 3606 salvus:

411 3661 530 3701 non
569 3648 712 3702 enim
750 3647 1067 3716 quicunque
1103 3654 1234 3701 sunt
1267 3661 1332 3699 ex
1374 3642 1563 3710 Israel,
1606 3653 1734 3699 sunt
1776 3641 1994 3699 Israeli-

416 3747 486 3792 tte
519 3738 597 3805 ¹⁸;
647 3738 742 3793 sed
795 3741 1113 3807 quicunque
1164 3736 1332 3792 Deum
1366 3736 1586 3807 proprie
1633 3736 1900 3806 aspiciunt
1928 3752 1991 3790 ex

415 3831 560 3888 bona
611 3831 931 3900 operatione
980 3833 1122 3884 hanc
1184 3829 1386 3885 habent
1440 3827 1989 3881 denominationem:

415 3924 700 3993 proprium
748 3932 830 3978 est
883 3932 1065 3978 autem
1123 3925 1243 3994 ejus
1279 3925 1371 3994 qui
1417 3923 1585 3978 Deum
1627 3924 1794 3988 videt,
1844 3927 1993 3978 nullo

415 4029 579 4068 sensu
619 4014 869 4084 aspicere
913 4013 980 4067 ad
1029 4024 1335 4083 peccatum.
1396 4011 1568 4066 Nemo
1613 4013 1760 4067 enim
1815 4023 1995 4084 potest

416 4106 483 4159 ad
531 4106 670 4161 duos
723 4106 980 4161 dominos
1039 4108 1310 4175 aspicere,
1345 4106 1438 4160 sed
1491 4114 1545 4160 et
1585 4105 1810 4158 omnino
1849 4121 1992 4160 unus

415 4197 541 4251 adio
567 4196 871 4255 habendus.
896 4196 942 4251 si
967 4206 1051 4251 est
1075 4198 1234 4251 aliter
1256 4195 1594 4266 diligendus.
1631 4194 1704 4248 Ea
1728 4195 1797 4249 de
1823 4211 1990 4251 causa

410 4287 476 4342 fit
525 4303 670 4341 unus
724 4288 898 4342 lectus
935 4287 1080 4355 regis
1126 4285 1395 4356 quidquid
1435 4294 1708 4341 servatur.
1743 4284 1801 4339 Si
1847 4269 1990 4340 enim

407 4393 606 4435 omnes
645 4379 813 4434 Deum
861 4379 1125 4434 videbunt
1170 4379 1263 4449 qui
1298 4377 1502 4432 fuerint
1535 4377 1702 4432 corde
1753 4378 1988 4444 mundo;

2111 1898 2287 1970 μηροῦ
2353 1899 2816 1970 προϐαλλόμενος;
2861 1902 2929 1952 Ἢ
2980 1899 3136 1970 δῆλόν
3185 1902 3362 1964 ἑστιν,
3415 1901 3499 1954 ὅτι
3542 1903 3575 1954 ὁ
3613 1896 3698 1965 εἷς

2106 1991 2272 2055 λίθος,
2301 1993 2350 2045 ot
2396 1993 2556 2045 πέντε
2589 1992 2806 2046 ὁπλίται
2851 1983 2998 2045 οὗτοί
3032 1994 3170 2044 είσιν
3213 1992 3456 2062 ἑκάστης
3491 1995 3696 2064 αἰσθή-

2107 2103 2278 2148 σεως.
2325 2084 2423 2156 τὴν
2476 2086 2783 2155 πρόσφορον
2831 2087 2998 2156 ἑαυτῇ
3060 2086 3338 2156 ῥομφαίαν
3390 2088 3475 2149 είς
3511 2086 3691 2139 κατά-

2105 2175 2300 2247 πληξιν
2352 2175 2460 2228 τῶν
2513 2175 2771 2229 ἐναντίων
2821 2173 3294 2247 προϐαλλομένηςς
3369 2174 3691 2245 Ὀφθαλμοῦ

2105 2267 2348 2340 ῥομφαία
2393 2266 2454 2318 τὸ
2502 2267 2789 2330 διαπαντὸς
2835 2267 2969 2338 ὁρᾷν
3015 2266 3150 2337 πρὸς
3185 2265 3277 2318 τὸν
3312 2263 3559 2335 Κύριον,
3593 2265 3691 2318 καὶ

2103 2358 2240 2429 ὀρθὰ
2279 2356 2532 2427 βλέπειν,
2567 2357 2662 2411 καὶ
2710 2357 2897 2428 μηδενὶ
2929 2373 3040 2411 των
3091 2356 3354 2428 ῥυπαρῶν
3389 2357 3690 2425 θεαμάτων

2104 2447 2592 2518 καταμολύνεσθαι.
2655 2447 2850 2516 Ἀκοῆς
2907 2445 3069 2499 ὅπλον
3118 2445 3380 2509 ὡσαύτως
3432 2447 3466 2516 ῆ
3522 2445 3692 2498 Θείων

2102 2539 2448 2609 διδαγμάτων
2497 2539 2794 2609 ἀκρόασις,
2863 2537 2960 2591 καὶ
3013 2537 3074 2592 τὸ
3129 2537 3403 2606 μηδέποτε
3456 2538 3691 2608 μάταιον

2104 2630 2260 2698 λόγον
2293 2633 2350 2684 ἑν
2395 2633 2532 2704 αὐτῇ
2576 2632 2850 2699 δέξασθαι.
2895 2630 3082 2694 Οὕτως
3123 2623 3276 2681 ἐστιν
3316 2630 3541 2684 ὁπλίσαι
3594 2635 3693 2684 καὶ

2101 2725 2200 2797 τὴν
2226 2724 2435 2794 γεῦσιν,
2481 2727 2575 2779 καὶ
2609 2725 2707 2794 τὴν
2745 2727 2911 2796 ἁφὴν,
2941 2727 3034 2779 καὶ
3062 2723 3161 2794 τὴν
3189 2722 3461 2793 ὄσφρησιν
3489 2725 3556 2793 τῇ
3589 2724 3690 2793 τῆς

2100 2819 2424 2890 ἐγκρατείας
2453 2821 2714 2892 ῥομφαίᾳ,
2738 2818 3088 2890 καταλλήλως
3111 2818 3348 2888 ἑκάστην
3359 2817 3472 2870 τῶν
3495 2817 3688 2886 αἰσθή-

2102 2929 2240 2966 σεων
2291 2911 2697 2985 Θωρακίζοντα,
2753 2913 2819 2966 δι’
2854 2906 2930 2967 ὧν
2974 2913 3182 2981 γίνεται
3214 2911 3423 2982 Θάμϐος
3463 2911 3561 2964 καὶ
3594 2911 3684 2963 ἔκ-

2099 3004 2297 3074 πληξις
2327 3006 2439 3067 τοῖς
2481 3005 2772 3067 σκοτεινοῖς
2817 3004 3118 3074 λογισμοῖς,
3153 2996 3229 3058 ὧν
3257 3001 3449 3074 καιρὸς
3480 3004 3562 3065 είς

2103 3094 2242 3148 κατά
2264 3094 2370 3148 τῶν
2399 3093 2585 3164 ψυχῶν
2607 3094 2948 3166 ἐπιϐουλὴνὴ
2978 3096 3072 3162 νὺξ
3101 3096 3307 3162 γίνεται
3342 3096 3438 3148 καὶ
3467 3097 3528 3147 τὸ
3562 3097 3684 3148 σκό-

2101 3204 2210 3250 τος.
2247 3187 2335 3238 Ἐν
2360 3188 2534 3257 ταύτῃ
2561 3185 2670 3257 γὰρ
2703 3181 2858 3241 εἶπεν
2885 3189 2914 3240 ὁ
2949 3190 3262 3260 Προφήτης,
3285 3189 3355 3242 τὰ
3386 3187 3556 3261 θηρία
3585 3188 3680 3242 τοῦ

2099 3277 2270 3349 ἀγροῦ
2303 3278 2402 3348 τὴν
2433 3279 2674 3350 πονηρὰν
2706 3278 2909 3350 βρῶσιν
2938 3278 3150 3343 ἑαυτοῖς
3182 3281 3246 3334 ἑκ
3273 3282 3384 3333 τῶν
3411 3277 3510 3334 τοῦ
3542 3280 3682 3333 Θεοῦ

2099 3368 2363 3439 ποιμνίων
2388 3368 3061 3440 περιεργάζεσθαι.”Εθου
3086 3371 3214 3442 γὰρ,
3243 3373 3394 3442 φησι,
3429 3375 3678 3438 σκότος,

2096 3461 2194 3514 καὶ
2233 3461 2469 3531 ἐγένετο
2513 3462 2648 3526 νύξ.
2693 3463 2796 3517 Ἐν
2834 3463 2989 3531 αὐτῇ
3025 3464 3439 3518 διελεύσονται
3484 3467 3683 3521 πάντα

2096 3555 2168 3608 τὰ
2206 3556 2380 3623 θηρία
2429 3555 2535 3608 τοῦ
2583 3555 2840 3624 δρυμοῦ,
2894 3557 3155 3626 σκύμνοι
3192 3558 3520 3628 ὠρυόμενοι
3574 3562 3682 3615 τοῦ

2095 3645 2382 3714 ἁρπάσαι.
2429 3647 2649 3717 Ἐπειδὴ
2673 3647 2850 3700 τοίνυν
2891 3649 3104 3719 Ἰσραὴλ
3130 3650 3338 3717 γίνεται
3379 3653 3486 3713 πᾶς
3515 3654 3546 3704 ὁ
3575 3669 3683 3705 σω-

2096 3737 2322 3808 ζόμενος
2341 3754 2354 3768 ·
2377 3739 2438 3791 οὐ
2459 3738 2566 3809 γὰρ
2593 3739 2794 3800 πάντες
2819 3739 2868 3791 oi
2894 3739 2953 3803 ἑξ
2987 3737 3220 3810 Ἰσραὴλ,
3244 3735 3388 3795 οὗτοι
3418 3743 3672 3812 Ἰσραήλ*

2094 3829 2207 3882 ἀλλ’
2253 3831 2367 3883 ὅσοι
2408 3829 2663 3899 βλέπουσι
2710 3829 2802 3883 τὸν
2834 3830 2996 3896 Θεὸν,
3030 3832 3094 3884 ἐκ
3131 3831 3234 3900 τῆς
3262 3832 3548 3902 ἐνεργείας
3581 3850 3681 3884 κυ-

2096 3921 2228 3990 ρίως
2276 3923 2341 3992 τῇ
2389 3921 2728 3992 προσηγορίᾳ
2775 3920 2948 3992 ταύτῃ
2988 3921 3475 3991 κατονομάζονται.
3521 3922 3684 3975 Ἵδιον

2093 4010 2148 4063 δὲ
2177 4010 2270 4064 τοῦ
2320 4012 2554 4082 ὁρῶντός
2583 4014 2699 4065 ἑστι
2728 4012 2819 4065 τὸν
2847 4012 3003 4069 Θεὸν.
3033 4012 3093 4064 τὸ
3129 4012 3319 4084 μηδενὶ
3343 4013 3456 4066 τῶν
3487 4015 3684 4084 αἰσθη-

2091 4103 2296 4174 τηρίων
2329 4105 2466 4175 πρὸς
2499 4104 2770 4176 ἁμαρτίαν
2803 4101 3039 4174 βλέπειν.
3073 4105 3263 4168 Οὐδεὶς
3294 4105 3405 4176 γὰρ
3451 4106 3682 4160 δύναται

2095 4198 2232 4266 πρὸς
2269 4197 2364 4250 δύο
2416 4198 2637 4268 κυρίους
2688 4199 2856 4268 ὁρᾷν·
2912 4197 3047 4252 ἀλλὰ
3092 4199 3197 4268 χρὴ
3242 4197 3335 4251 τὸν
3369 4198 3471 4252 ἕνα
3517 4215 3680 4269 μισηο

2095 4286 2292 4359 θῆναι,
2327 4290 2374 4341 εί
2408 4290 2589 4360 μέλλει
2627 4290 2942 4358 ἀγαπᾶσθαι
2970 4291 2998 4342 ὁ
3030 4291 3234 4360 ἕτερος.
3267 4289 3478 4344 Τούτου
3520 4291 3681 4362 χάριν

2096 4380 2194 4450 μία
2238 4381 2392 4451 κλίνη
2428 4382 2520 4434 τοῦ
2558 4382 2820 4451 βασιλέως
2867 4383 3073 4450 γίνεται
3101 4384 3210 4436 πᾶν
3237 4382 3300 4435 τὸ
3343 4383 3676 4452 σωζόμενον.

413 4471 506 4539 qui
553 4477 742 4524 autem
778 4468 948 4525 Deum
987 4471 1269 4536 viderunt,
1303 4468 1470 4525 Israel
1503 4470 1721 4539 proprie
1760 4468 1897 4522 ﬁunt
1937 4478 1990 4524 et

2101 4472 2157 4525 Εἰ
2181 4473 2289 4543 γὰρ
2329 4473 2529 4536 πάντες
2553 4473 2771 4542 ὸψονται
2804 4473 2894 4527 τὸν
2921 4475 3054 4527 Θεὸν
3082 4475 3132 4526 οἱ
3165 4474 3401 4545 καθαροῖ¹
3436 4478 3507 4546 τῇ
3539 4493 3680 4546 καρ-

415 4563 771 4615 nominantur
805 4580 819 4615 :
872 4562 926 4614 in
976 4561 1265 4617 duodecim
1303 4568 1484 4615 autem
1515 4561 1693 4615 tribus
1722 4561 1990 4615 dividitur

412 4653 518 4707 hoc
560 4669 760 4708 nomen
803 4667 1007 4707 arcana
1047 4652 1285 4722 quadam
1337 4653 1572 4715 ratione,
1621 4660 1769 4707 recte
1814 4653 1990 4721 pleni-

411 4746 546 4800 tudo
589 4761 778 4801 eorum
833 4747 925 4814 qui
962 4745 1098 4799 salvi
1152 4744 1311 4809 fiunt,
1346 4760 1575 4798 numero
1626 4745 1904 4814 sexaginta
1933 4744 1986 4798 in

411 4853 681 4893 summam
739 4838 1036 4908 redigitur,
1072 4853 1197 4891 cum
1250 4853 1421 4891 unum
1461 4838 1683 4907 quidem
1735 4846 1989 4892 sumatur

410 4930 467 4983 in
516 4945 846 5000 unaquaque
887 4937 1064 5000 parte,
1111 4930 1164 4983 in
1217 4929 1460 4999 quinque
1517 4937 1695 4983 autem
1747 4939 1988 4986 armatos

409 5036 510 5091 pro
545 5035 775 5076 numero
814 5035 1079 5076 sensuum
1110 5018 1217 5074 hoc
1269 5034 1434 5073 unum
1483 5017 1779 5072 dividatur.

477 5319 680 5365 Umnes
721 5320 849 5375 ergo
892 5304 985 5374 qui
1033 5303 1216 5357 divina
1272 5301 1452 5356 induti
1495 5306 1625 5356 sunt
1675 5305 1979 5364 armatura,

406 5418 574 5456 unum
614 5399 758 5469 regis
784 5398 984 5452 lectum
1021 5393 1387 5457 circumdant,
1411 5391 1588 5448 effecti
1616 5407 1806 5446 omnes
1839 5407 1980 5445 unus

405 5491 594 5551 Israel.
618 5499 671 5545 et
708 5505 832 5543 cum
865 5505 961 5558 per
985 5487 1274 5542 duodecim
1301 5487 1478 5541 tribus
1501 5485 1837 5555 intelligatur
1860 5500 1981 5554 qua:

405 5591 488 5636 est
537 5579 739 5649 ubique
787 5578 1112 5647 optimatum
1181 5585 1234 5632 et
1286 5593 1346 5632 se
1406 5575 1622 5630 fortiter
1677 5575 1977 5646 gerentium

460 5759 517 5834 γ’*
553 5758 697 5817 Psal.
727 5775 844 5828 cm,
879 5759 965 5828 IS,
994 5761 1086 5830 ‘20,
1141 5759 1230 5814 2t.
1313 5759 1355 5792 ³⁸
1386 5755 1545 5812 Romo
1593 5771 1668 5824 ιι,
1695 5754 1748 5812 σε

2093 4563 2181 4634 δίᾳ
2219 4563 2532 4632 γενόμενοι·
2574 4565 2623 4616 οἱ
2667 4562 2722 4615 δὲ
2750 4564 2842 4616 τὸν
2874 4563 3008 4617 Θεὸν
3042 4564 3275 4628 ἰδόντες,
3325 4566 3550 4636 Ἰσραὴλ
3582 4584 3679 4620 xu-

2095 4655 2227 4726 ρίως
2267 4654 2508 4722 γίνονταί
2539 4671 2598 4708 τε
2633 4654 2728 4708 καὶ
2771 4653 3153 4726 ὀνομάζονται·
3191 4656 3400 4710 δώδεκα
3436 4659 3496 4711 δὲ
3540 4659 3678 4712 διαι-

2096 4749 2266 4816 ρεῖται
2297 4746 2488 4815 φυλαῖς
2531 4745 2674 4799 κατά
2713 4763 2835 4798 τινα
2861 4747 3019 4815 λόγον
3067 4747 3381 4819 ἀπὸῥρητον
3425 4750 3594 4804 τοῦτο
3620 4752 3678 4804 τὸ

2091 4835 2281 4907 ὄνομα,
2316 4837 2496 4900 καλῶς
2542 4837 2602 4890 τὸ
2638 4837 2911 4909 πλήρωμα
2935 4838 3043 4891 τῶν
3076 4841 3400 4910 σωζομένων
3436 4841 3520 4912 τῷ
3554 4845 3676 4913 ἀριο

2093 4929 2216 4998 θμῷ
2274 4928 2380 4982 τῶν
2436 4928 2698 5001 ἐξήκοντα
2756 4929 3179 4998 κεφαλαιοῦται·
3243 4932 3365 4995 ἑνὸς
3427 4935 3530 5004 μὲν
3583 4933 3674 5005 ἀφ’

2090 5023 2319 5077 ἑκάστου
2355 5021 2556 5092 μέρους
2597 5022 3032 5093 λαμϐανομένου,
3059 5025 3138 5086 εἰς
3166 5023 3328 5076 πέντε
3361 5025 3420 5078 δὲ
3447 5027 3675 5094 ὁπλίτας

2090 5114 2232 5167 κατὰ
2276 5113 2364 5167 τὸν
2406 5113 2639 5185 ἀριθμὸν
2685 5113 2794 5168 τῶν
2845 5114 3153 5186 αἰσθήσεων
3185 5114 3279 5168 τοῦ
3324 5116 3448 5180 ἑνὸς
3483 5119 3671 5174 τούτου

2092 5222 2160 5275 με
2171 5205 2475 5275 ριζομένου.

2160 5296 2368 5351 Οὐκοῦν
2402 5298 2600 5362 πάντες
2639 5300 2688 5352 οἱ
2731 5298 2884 5353 θείαν
2923 5299 3274 5370 ἐνδυσάμενοι
3329 5302 3665 5369 πανοπλίαν,

2091 5386 2220 5458 μίαν
2253 5387 2512 5442 κυκλοῦσι
2537 5389 2629 5443 τοῦ
2673 5390 2934 5460 βασιλέως
2971 5392 3182 5462 κλίνην,
3226 5392 3444 5463 Ἰσραὴλ
3468 5394 3666 5455 πάντες

2085 5480 2396 5551 γενόμενοι,
2439 5484 2532 5535 καὶ
2559 5482 2645 5536 διὰ
2673 5481 2780 5537 τῶν
2810 5481 3016 5536 δώδεκα
3057 5484 3242 5553 φυλῶν
3277 5485 3379 5553 τῆς
3415 5486 3659 5555 πανταχῆ

2085 5573 2380 5645 νοουμένης
2406 5574 2720 5647 ἀριστείας,
2752 5577 2833 5640 εἰς
2857 5575 2948 5632 τὸν
2981 5575 3213 5648 ἀριθμὸν
3251 5575 3360 5630 τῶν
3402 5577 3660 5649 ἐξήκοντα
