3854 6216
113 305 258 362 905

1190 307 1254 362 ΙΝ
1297 305 1592 362 CANTICA
1635 303 1905 362 CANTIC.
1947 303 2230 362 HOMILIA
2269 308 2382 367 VII.

3316 307 3418 361 9-76

123 422 356 486 παντὸς
397 419 968 492 ἀνακεφαλαιουμένου
1013 421 1106 476 τοῦ
1133 421 1241 475 τῶν
1283 422 1552 493 ἀριστέων
1589 421 1724 493 πλη-

1834 419 2166 487 respublica,
2225 422 2450 478 fortium
2504 425 2748 478 virorum
2801 421 3144 493 plenitudine
3191 420 3416 476 redacta

125 513 440 586 ρῶματος.
493 511 590 582 μία
622 513 923 583 παράταξις
953 513 1048 566 καὶ
1082 513 1310 584 στρατὸς
1348 509 1458 576 εἷς,
1503 513 1599 566 καὶ
1636 512 1733 582 μία

121 605 307 675 ⁴κλίνη
329 647 344 670 ,
376 606 654 658 τουτέστιν
710 605 1006 674 Ἐκκλησία
1036 606 1134 676 μία
1153 645 1167 668 ,
1204 607 1296 658 καὶ
1328 605 1456 668 λαὸς
1485 601 1566 668 εἷς
1587 647 1601 667 ,
1639 604 1732 656 καὶ

123 697 337 768 νύμφη
369 699 466 768 μία
493 700 544 751 οἱ
591 698 795 760 πάντες
831 699 1186 770 γενήσονται,
1217 699 1305 767 ὑφ’
1335 699 1416 751 ἐνὶ
1451 697 1730 768 ταξιάρχῳ

124 791 241 842 καὶ
286 789 658 860 ἐκκλησιαστῇ
717 790 809 842 καὶ
847 790 1066 860 νυμφίῳ
1119 789 1256 862 πρὸς
1307 791 1426 853 ἑνὸς
1478 789 1731 860 σώματος

123 883 436 936 κοινωνίαν
465 881 998 954 προσαρμοζόμενοι.
1031 881 1105 934 Τὸ
1123 883 1180 934 δὲ
1203 882 1390 952 κλίνην
1421 882 1728 936 ἀνάπαυσιν

122 967 278 1026 εἶναι
327 971 439 1024 τῶν
487 971 842 1042 σωζομένων,
881 973 978 1026 καὶ
1009 974 1074 1026 ὲκ
1119 973 1220 1042 τῆς
1251 972 1343 1026 τοῦ
1375 973 1508 1026 Θεοῦ
1543 975 1728 1044 φωνῆς

123 1063 536 1134 διδασκόμεθα,
571 1065 632 1128 ὃς
655 1081 789 1134 φησι
819 1064 956 1137 πρὸς
991 1065 1084 1118 τὸν
1115 1065 1348 1126 ἀναιδῶς
1373 1066 1430 1118 ὲν
1452 1065 1606 1119 νυκτὶ
1633 1065 1729 1118 θυ-

125 1151 582 1226 ροκρουστοῦντα
603 1170 616 1183 ·
655 1153 738 1206 ὅτι
770 1154 922 1220 Ἤδη
967 1149 1006 1222 ἦ
1045 1156 1194 1222 θύρα
1224 1154 1566 1209 κέκλεισται
1584 1197 1598 1218 ,
1627 1155 1728 1210 καὶ

121 1249 214 1301 τὰ
247 1246 456 1300 παιδία
497 1247 623 1315 μετ’
655 1246 800 1314 ἐμοῦ
835 1247 932 1300 ἐπὶ
975 1246 1085 1314 τῆς
1113 1248 1320 1313 κοίτης
1343 1248 1496 1302 ἐστι.
1531 1247 1727 1310 Καλῶς

123 1341 196 1394 δὲ
245 1343 373 1403 τοὺς
401 1341 487 1394 διὰ
518 1341 626 1394 τῶν
677 1340 856 1392 ὅπλων
903 1340 1002 1411 τῆς
1045 1340 1391 1410 δικαιοσύνης
1423 1340 1484 1392 τὺ
1515 1341 1725 1404 ἀπαθὲς

123 1431 636 1502 κατορθώσαντας,
686 1432 874 1484 παιδία
928 1429 1290 1502 κατονομάζει
1334 1434 1362 1486 ὀ
1411 1431 1598 1500 λόγος,
1637 1431 1725 1486 διὰ

125 1525 351 1578 τούτων
379 1527 510 1596 ἡμῖν
541 1525 937 1596 ὑφηγούμενος,
965 1526 1047 1578 ὅτι
1074 1525 1133 1578 τὸ
1163 1524 1222 1588 ἐξ
1249 1524 1567 1593 ἐπιμελείας
1593 1526 1724 1594 ἡμῖν

1837 509 1892 562 in
1937 526 2212 566 summam
2257 516 2470 570 numeri
2503 516 2809 588 sexaginta,
2839 531 2946 569 una
2981 514 3152 578 acies,
3183 522 3238 568 et
3271 528 3415 568 unus

1836 606 2136 669 exercitus,
2167 613 2222 660 et
2271 623 2415 663 unus
2449 616 2534 662 est
2583 609 2782 675 lectus,
2837 623 3034 678 nempe
3081 622 3190 660 una
3223 603 3414 660 Eccle-

1837 696 1942 758 sia,
1999 705 2054 752 et
2097 698 2332 768 populus
2378 715 2542 762 unus,
2574 707 2628 752 et
2659 715 2768 754 una
2822 713 3026 769 sponsa
3063 698 3193 751 fient
3221 712 3414 751 omnes

1837 787 1942 840 sub
1993 803 2103 842 uno
2153 790 2376 844 tribuno
2444 792 2702 856 militum,
2767 799 2822 846 et
2877 790 3291 850 concionatore,
3362 795 3415 840 et

1836 892 2042 948 sponso
2091 883 2360 950 compacti
2403 889 2458 936 et
2499 882 2812 938 concinnati
2849 883 2904 936 in
2951 896 3115 936 unam
3165 880 3415 949 corporis

1835 969 2302 1038 conjunctionem.
2373 972 2530 1040 Quod
2591 984 2776 1030 autem
2835 975 3010 1028 lectus
3067 973 3143 1028 sit
3193 971 3413 1041 requies

1833 1075 2025 1114 eorum
2083 1062 2174 1131 qui
2235 1063 2372 1118 salvi
2429 1062 2584 1130 fiunt,
2633 1063 2898 1120 docemur
2947 1064 3112 1118 etiam
3165 1077 3232 1117 ex
3278 1073 3414 1115 voce

1837 1150 2074 1214 Domini.
2128 1153 2220 1222 qui
2271 1153 2406 1208 dicit
2455 1155 2504 1208 ei
2553 1156 2646 1224 qui
2685 1163 2852 1210 noctu
2906 1156 3107 1210 ostium
3159 1152 3416 1224 pulsabat

1833 1243 2223 1313 impudenter:
2261 1244 2519 1299 Clausum
2562 1255 2640 1302 est
2673 1249 2891 1311 ostium,
2929 1257 2976 1300 et
3017 1246 3166 1315 pueri
3211 1260 3412 1298 mecum

1833 1343 1954 1384 sunt
1996 1334 2051 1386 in
2083 1333 2248 1386 cubili
2287 1335 2351 1388 ²⁰.
2402 1335 2568 1390 Recte
2603 1343 2785 1390 autem
2823 1351 2919 1391 eos
2962 1335 3055 1404 qui
3113 1338 3208 1404 per
3259 1347 3412 1386 arma

1827 1424 2060 1494 justitia:
2108 1427 2214 1480 sibi
2261 1440 2653 1498 compararunt
2684 1430 3166 1500 impatibilitatc-m.
3213 1442 3413 1496 pueros

1835 1517 2104 1580 nominat,
2166 1521 2572 1589 exponentibus
2623 1521 2786 1576 nobis
2831 1520 3205 1591 dogmatibus,
3265 1519 3412 1589 quod

128 1615 575 1686 προσγινόμενον
605 1615 842 1684 ἀγαθὸν,
877 1617 978 1670 οὐκ
1002 1617 1130 1671 ἄλλο
1148 1616 1202 1669 τί
1241 1621 1356 1670 ἐστι
1391 1617 1540 1688 παρὰ
1565 1617 1627 1670 τὸ
1664 1615 1724 1682 ἐξ

1831 1607 2033 1663 bonum
2075 1611 2220 1680 quod
2271 1613 2432 1668 nobis
2482 1612 2693 1668 accedit
2744 1629 2810 1668 ex
2861 1613 3135 1668 industria
3187 1626 3251 1666 ac
3283 1610 3411 1664 dili—

125 1707 322 1776 ὰρχῆς
354 1707 678 1761 ὲναποτεθὲν
712 1711 778 1778 τῇ
807 1709 985 1775 φύσει.
1021 1709 1150 1762 Ὅτε
1182 1709 1290 1782 γὰρ
1320 1710 1416 1780 τὴν
1447 1710 1722 1779 ῥομφαίαν

1831 1702 2035 1772 gentia,
2065 1719 2172 1758 non
2206 1713 2291 1760 est
2353 1705 2498 1760 aliud
2534 1706 2737 1761 bonum
2777 1721 2842 1760 ac
2899 1707 3213 1769 honestum,
3247 1720 3410 1774 quam

125 1795 552 1866 διαζωσάμενος
589 1797 680 1851 διὰ
707 1801 978 1870 προσοχῆς
1007 1799 1100 1852 τοῦ
1124 1801 1244 1853 κατ’
1285 1800 1484 1872 ἀρετὴν
1519 1800 1634 1870 βίου
1664 1802 1724 1854 τὸ

1833 1794 1886 1848 id
1935 1797 2080 1864 quod
2144 1797 2212 1852 ab
2263 1798 2424 1852 initio
2483 1807 2682 1854 natura
2730 1809 2818 1855 est
2868 1801 3028 1856 nobis
3077 1799 3409 1871 repositum.

129 1889 323 1951 πάθος
375 1890 821 1952 ἀπεσκευάσατο,
879 1891 998 1944 τότε
1051 1888 1242 1958 νήπιον
1302 1886 1406 1958 τῆς
1475 1891 1728 1962 ἡλικίας,

1832 1883 2060 1951 Quando
2111 1889 2257 1943 enim
2302 1891 2395 1959 qui
2453 1889 2650 1946 femori
2707 1893 2946 1946 accinxit
2986 1907 3197 1953 ensem,
3231 1897 3410 1945 alten-

129 1981 493 2048 ἀναισθήτως
528 1979 639 2050 ἔχει
663 1980 758 2034 τοῦ
785 1981 1027 2034 τοιούτου
1054 1982 1280 2044 πάθους.
1323 1983 1396 2034 Οὐ
1430 1981 1538 2052 γὰρ
1566 1985 1724 2053 χωρεῐ

1831 1975 2011 2028 dendo
2057 1977 2182 2031 vitae
2216 1993 2284 2033 ex
2319 1980 2522 2036 virtute
2549 1981 2792 2051 agendae,
2825 1983 3036 2053 expulit
3081 1982 3250 2038 animi
3287 1996 3413 2053 per-

125 2071 199 2124 τδ
238 2069 414 2132 πάθος
441 2076 475 2140 ἠ
508 2071 686 2141 ἀωρία
713 2071 812 2141 τῆς
837 2071 1084 2142 ἡλικίας..
1115 2071 1324 2126 Οὐκοῦν
1365 2072 1558 2125 ταυτόν
1584 2075 1732 2126 ἐστιν

123 2161 372 2225 ὁπλίτας
405 2179 464 2214 τε
494 2163 622 2233 περὶ
650 2163 748 2232 τὴν
783 2162 971 2232 κλίνην
1005 2159 1142 2217 εἶναι
1171 2164 1382 2234 μαθεῖν,
1431 2166 1527 2218 καὶ
1559 2167 1728 2238 νήπια

129 2255 240 2306 ἐπὶ
272 2254 376 2323 τῆς
416 2253 604 2325 κλίνης
653 2255 1064 2324 ἀναπαυόμενοι.
1113 2255 1230 2310 Μία
1281 2254 1390 2327 γὰρ
1423 2257 1510 2310 ἐπ’
1547 2259 1728 2328 ἀμφο-

131 2348 325 2418 τέρων
361 2351 394 2420 ἠ
441 2347 712 2410 ἀπάθεια,
751 2347 861 2401 τῶν
890 2365 949 2401 τε
987 2349 1062 2419 μὴ
1106 2348 1592 2419 παραδεξαμένων,
1637 2352 1730 2404 καὶ

130 2443 258 2495 τῶν
319 2441 702 2512 ἀπωσαμένων
763 2440 822 2494 τὸ
891 2440 1082 2504 πάθος.
1141 2441 1210 2494 Oi
1269 2441 1372 2511 μὲν
1415 2441 1524 2512 γὰρ
1575 2445 1730 2499 οὕτω

129 2535 428 2600 ἔγνωσαν·
475 2533 524 2585 oi
553 2532 612 2585 δὲ
643 2533 779 2604 πρλς
820 2533 918 2604 τὴν
953 2531 1174 2604 πρώτην
1211 2533 1546 2587 κατάστασιν
1605 2536 1731 2588 ἐαυ-

127 2621 270 2682 τοίδς
317 2621 695 2689 ἐπανήγαγον,
734 2620 1100 2690 στραφέντες,
1139 2621 1234 2674 καὶ
1259 2621 1445 2674 παιδία
1485 2625 1550 2694 τῇ
1584 2623 1727 2676 ἀπα-

131 2711 265 2779 θείᾳ
303 2713 620 2782 γενόμενοι,
671 2712 745 2776 ὡς
790 2712 1062 2782 μακάριον
1111 2711 1173 2764 τδ
1214 2713 1271 2766 ὲν
1312 2713 1523 2778 τούτοις
1574 2716 1728 2787 εὑρε-

133 2806 346 2874 θῆναι,
395 2804 428 2872 ἦ
475 2803 708 2870 παιδίον,
758 2805 790 2874 ἢ
837 2803 1104 2872 ὁπλίτην,
1149 2805 1183 2875 ἢ
1216 2805 1468 2875 ἀληθινὸν
1511 2806 1726 2878 Ἰσραη-

131 2899 302 2966 λίτην
363 2897 672 2968 γενόμενον.
737 2900 810 2962 ὡς
855 2897 954 2970 μὲν
1019 2899 1356 2970 Ἰσραηλίτην
1403 2901 1460 2955 ὲν
1511 2900 1728 2975 καθαρᾷ

131 2991 348 3060 καρδίᾳ
377 2991 468 3042 τὸν
512 2991 644 3045 Θεὸν
685 2992 930 3061 ὁρῶντα·
989 2989 1066 3056 ὡς
1114 2993 1170 3046 δὲ
1207 2993 1458 3065 ὁπλίτην,
1489 2995 1547 3048 ὲν
1586 2997 1722 3050 ἀπα-

129 3081 268 3152 θείᾳ
339 3083 434 3135 καὶ
483 3081 816 3154 καθαρότητι
878 3085 978 3156 τὴν
1025 3085 1120 3138 τοῦ
1188 3087 1454 3156 βασιλέως
1518 3089 1722 3162 κλίνην,

1831 2065 2224 2132 turbationem,
2275 2078 2405 2124 tunc
2437 2071 2623 2128 infans
2659 2083 2820 2128 aetate
2849 2082 2955 2140 est,
2989 2090 3188 2144 expers
3215 2088 3411 2130 sensus

1827 2155 2105 2223 ejusmodi
2143 2159 2309 2212 animi
2340 2161 2788 2229 perturbationis.
2828 2162 2948 2218 Non
2997 2165 3140 2219 enim
3173 2179 3238 2219 ea
3275 2175 3410 2220 aetas

1829 2246 2121 2303 immatura
2153 2265 2324 2321 capax
2352 2260 2438 2308 est
2465 2253 2736 2322 ejusmodi
2777 2256 3224 2324 perturbationis.
3261 2255 3408 2311 Idem

1827 2349 1914 2394 est
1953 2355 2083 2410 ergo
2122 2341 2305 2398 dicere
2356 2353 2410 2399 et
2455 2354 2697 2401 armatos
2737 2363 2862 2402 esse
2910 2350 3058 2402 circa
3095 2349 3318 2412 lectum,
3355 2359 3410 2403 et

1828 2428 2089 2496 infantes,
2125 2449 2234 2486 una
2269 2437 2472 2506 quippe
2505 2447 2590 2492 est
2627 2439 3026 2509 impatibilitas,
3061 2439 3410 2512 quandoqui-

1828 2518 1950 2575 dem
1986 2523 2040 2574 bi
2071 2537 2180 2578 non
2220 2525 2586 2592 admiserunt,
2644 2530 2723 2584 illi
2753 2547 2885 2587 vero
2930 2537 3208 2602 ejecerunt
3238 2534 3408 2589 animi

1827 2615 2322 2682 perturbationem.
2380 2617 2516 2674 Nam
2561 2622 2636 2676 illi
2691 2623 2912 2692 quidem
2967 2625 3212 2680 nondum
3242 2641 3411 2682 nove-

1827 2713 1988 2772 runt;
2045 2705 2098 2760 hi
2149 2723 2281 2763 vero
2318 2709 2384 2764 ad
2425 2711 2663 2781 priorem
2698 2722 2900 2770 statum
2945 2731 3006 2772 se
3051 2718 3406 2787 redegerunt.

1827 2801 2103 2864 conversi,
2152 2811 2206 2857 et
2257 2803 2666 2874 impatibilitate
2716 2807 2892 2863 effecti
2927 2811 3106 2880 pueri,
3153 2812 3292 2866 adeo
3350 2820 3410 2866 ut

1828 2891 2024 2948 beatus
2065 2895 2118 2947 in
2169 2894 2255 2952 bis
2289 2899 2623 2962 inveniatur,
2655 2901 2736 2956 vel
2775 2901 2978 2966 infans,
3019 2904 3102 2958 vel
3141 2913 3406 2970 armatus,

1827 2985 1912 3037 vel
1960 3000 2124 3042 verus
2155 2987 2402 3044 Israelita
2461 2988 2660 3054 factus,
2697 3003 2755 3048 ut
2792 3010 2956 3052 verus
3006 2997 3250 3052 lsraelila
3288 2999 3412 3062 qui-

1828 3075 1951 3130 dem
1975 3078 2028 3130 in
2053 3095 2192 3147 puro
2212 3082 2379 3136 corde
2407 3081 2574 3138 Deum
2607 3085 2820 3151 videns,
2853 3098 2912 3141 ut
2938 3097 3182 3146 armatus
3203 3098 3406 3158 autem,

131 3173 392 3226 τουτέστι
431 3173 530 3244 τὴν
576 3174 768 3227 ἑαυτοῦ
823 3177 1048 3248 καρδίαν
1109 3177 1492 3244 φυλάσσονταο
1546 3179 1622 3244 ὡς
1667 3181 1724 3235 δὲ

1830 3165 1884 3219 ἰη
1925 3168 2329 3236 impatibilitate
2365 3187 2428 3226 ac
2469 3173 2712 3242 puritate
2771 3176 2912 3246 regis
2951 3177 3175 3242 lectum,
3208 3178 3261 3232 id
3301 3185 3406 3243 est,

133 3267 382 3330 παιδίον,
416 3267 508 3320 ἐπὶ
537 3269 637 3338 τῆς
667 3268 942 3339 μακαρίας
971 3268 1154 3340 κοίτης
1189 3271 1633 3342 ἀναπαυόμενον,
1671 3275 1728 3326 ὲν

133 3357 368 3428 Χριστῷ
414 3357 588 3427 Ἰησοῦ
629 3357 706 3428 τῷ
756 3360 946 3432 Κυρίῳ
989 3361 1165 3431 ἡμῶν,
1195 3354 1240 3429 ᾧ
1281 3361 1462 3434 ήδόξα
1500 3363 1580 3426 είς
1600 3365 1728 3428 τοὺς

133 3449 348 3512 αἰῶνας
385 3448 495 3502 τῶν
531 3448 770 3503 αἰώνων.
815 3451 1010 3522 Ἀμήν.

753 3544 996 3598 ΟΜῙΛΙΑ
1033 3546 1107 3598 Z'.

210 3634 462 3703 Φορεῒον
505 3635 794 3702 ἐποίησεν
837 3634 1028 3701 ἑαυτῷ
1054 3639 1086 3691 ό
1109 3637 1412 3704 ,βασιλεὺς
1443 3638 1728 3708 Σολομὼν

131 3727 260 3782 ἀπὸ
301 3729 508 3791 ξύλων
542 3729 649 3782 τοῦ
679 3728 958 3790 Λιϐάνου,
997 3730 1268 3790 στύλους
1299 3731 1486 3784 αὑτοῦ
1520 3732 1727 3801 ἐποίη-

131 3833 255 3870 σεν
324 3817 638 3884 ἀργύριον.
702 3817 802 3870 καὶ
867 3816 1195 3871 civ-ductor
1249 3821 1540 3888 χρυσίον,
1595 3822 1724 3874 ἐπί-

135 3911 320 3975 σασις
355 3907 544 3962 αὑτοῦ
585 3903 884 3978 πορφυρᾶ.
926 3909 1132 3976 Ἐντὸς
1172 3913 1362 3966 αὐτοῦ
1405 3915 1726 3981 λιθόστρω-

137 4013 272 4060 τον,
317 3997 560 4066 ἀγάπην
604 3999 724 4053 ἀπὸ
771 3998 1109 4068 θυγατέρων
1161 4000 1564 4070 Ἰερουσαλήμ.
1611 4005 1724 4056 Θυ-

137 4089 389 4158 γατέρες
412 4091 586 4154 Σιὼν,
631 4090 926 4154 cauom,
962 4091 1060 4146 καὶ
1093 4093 1246 4148 ἴδετε
1279 4095 1348 4147 ἐν
1379 4093 1460 4160 τῷ
1475 4095 1734 4159 ,ϐασιλεῖ

137 4178 449 4248 Σολομὼν,
483 4179 555 4232 ἐν
593 4179 674 4244 τῷ
703 4179 1013 4248 στεφάνῳ,
1056 4173 1105 4247 ᾧ
1149 4182 1572 4253 ἐστεφάνωσεν
1617 4188 1726 4240 αὐ-

137 4273 252 4326 τὸν
305 4271 340 4336 ἠ
385 4269 586 4340 μήτηρ
622 4271 811 4324 αὑτοῦ
842 4271 911 4324 ἐν
950 4271 1140 4340 ἡμέρᾳ
1184 4275 1576 4342 νυμφεύσεωρ
1618 4279 1725 4330 ιιὺ-

137 4365 268 4426 τοῦ,
307 4367 408 4418 καὶ
453 4365 524 4418 ἐν
567 4363 758 4434 ἡμέρᾳ
789 4367 1174 4435 εὐφροσύνης
1220 4369 1471 4437 καρδίας
1511 4372 1720 4424 αὐτοῦ.

149 4456 312 4512 Ἰδοὺ
365 4455 424 4510 εἷ
475 4455 657 4524 καλὴ.
706 4459 745 4526 ἡ
789 4459 1056 4524 πλησίον
1088 4477 1242 4528 μου,
1275 4459 1402 4514 ἰδοὺ
1445 4455 1504 4514 εἷ
1541 4461 1718 4528 καλή.

150 4548 476 4615 Ὀφθανιμοί
528 4562 644 4600 σου
699 4550 1070 4618 περιστεραὶ,
1124 4550 1296 4616 ἐκτὸς
1345 4548 1454 4617 τῆς
1500 4551 1724 4618 σιωπή-

135 4640 297 4705 σεώς
347 4641 626 4704 σου.⁶ὡς
671 4641 880 4710 ἀγέλαι
937 4641 1056 4694 τῶν
1109 4641 1328 4710 αἰγῶν,
1391 4642 1453 4697 at
1497 4645 1722 4698 ἀπεκα-

135 4733 470 4798 λύφθησαν
505 4730 626 4785 ἀπὸ
675 4732 781 4786 τοῦ
830 4731 1096 4786 Γαλαὰδ.
1151 4734 1424 4800 Ὀδόντες
1473 4751 1592 4789 σου
1643 4737 1724 4801 ὡς

139 4815 357 4886 ἀγέλαι
391 4815 510 4869 τῶν
555 4819 957 4886 κεκαρμένων,
995 4819 1060 4872 αἲ
1105 4821 1414 4890 ἀνέϐησαν
1457 4823 1575 4877 ἀπὸ
1615 4825 1723 4880 τοῦ

137 4902 424 4970 λουτροῦ.
463 4905 523 4958 al
559 4903 750 4960 πᾶσαι
773 4905 1224 4976 διδυμεύουσαι,
1257 4912 1354 4965 καὶ
1379 4913 1722 4970 ἀτεκνοῦσα

139 4995 254 5046 οὐκ
307 4993 482 5047 ἐστιν
525 4995 597 5049 ἐν
632 4997 862 5062 αὐταῖς.
921 4999 1016 5066 Ὡς
1050 5003 1345 5072 cra/aptior
1385 5005 1452 5058 τὸ
1481 5007 1723 5062 κόκκιον

139 5088 320 5152 χείλη
373 5101 528 5152 σου,
567 5088 666 5140 καί
698 5087 737 5154 ή
781 5088 965 5144 λαλιά
1011 5107 1126 5146 σου
1170 5094 1372 5161 ὡραία.
1407 5091 1510 5162 ’.Ως
1537 5098 1725 5151 λέπυ-

137 5193 252 5244 ρον
301 5175 453 5243 ῥοᾶς
513 5177 720 5246 μῆλόν
791 5197 910 5233 σου
970 5182 1148 5250 ἐκτὸς
1203 5184 1312 5253 τῆς
1363 5188 1722 5257 σιωπήσεώς

141 5279 279 5316 σου.
331 5263 424 5329 Ὠς
469 5265 695 5334 πύργος
740 5267 918 5322 Δαόὶδ
951 5270 1253 5340 τράχηλός
1288 5289 1440 5338 σου,
1491 5279 1527 5328 δ
1573 5279 1721 5344 ᾠκο-

139 5352 480 5423 δομημένος
536 5358 623 5420 είς
678 5359 971 5414 camino.
1025 5363 1218 5418 Χίλιοι
1241 5365 1438 5433 θιιρεοὶ
1465 5368 1718 5438 κρέμαν-

141 5458 240 5496 ται
287 5443 380 5496 ἐπ’
425 5447 647 5510 αὐτὸν,
713 5449 904 5504 πᾶσαι
965 5453 1217 5520 ,ϐολίδες
1271 5455 1390 5510 τῶν
1424 5456 1716 5516 δυνατῶν.

141 5537 258 5589 Δύο
290 5539 518 5604 μαστοὶ
555 5555 673 5594 σου
707 5541 790 5607 ὡς
821 5541 932 5596 δύο
957 5547 1149 5614 νεϐροί
1169 5546 1404 5618 δίδυμοι
1426 5549 1720 5618 δορκάδος

1830 3271 1928 3312 cor
1969 3274 2128 3314 suum
2176 3261 2518 3329 custodiens,
2563 3273 2624 3319 ut
2679 3266 2861 3322 infans
2903 3277 3108 3332 autem,
3150 3271 3204 3325 in
3251 3271 3410 3328 beato

1829 3349 1970 3405 lecto
2016 3354 2328 3422 quiescens,
2368 3357 2423 3410 in
2466 3355 2684 3413 Christo
2725 3358 2855 3415 Jesu
2903 3359 3135 3418 Domino
3191 3373 3408 3432 nostro,

1828 3444 1918 3497 cui
1959 3444 2134 3515 gloria
2186 3447 2242 3501 in
2287 3451 2488 3504 saecula
2543 3453 2891 3510 saeculorum.
2939 3455 3133 3512 Amen.

2389 3539 2674 3598 HOMILIA
2734 3544 2850 3600 VII.

1897 3623 2029 3680 CAP.
2053 3642 2135 3692 ιιι,
2153 3629 2208 3702 ᾗ.
2227 3629 2280 3684 9.
2308 3629 2598 3686 Ferculum
2617 3636 2719 3688 sibi
2740 3636 2866 3705 fecit
2887 3637 3144 3695 Salomon
3163 3657 3229 3696 ea:
3251 3644 3410 3713 lignis

1827 3713 2039 3771 Libani.
2069 3720 2154 3774 10.
2177 3719 2468 3780 Columnas
2490 3726 2593 3780 sibi
2610 3727 2733 3796 fecit
2752 3743 3048 3800 argenteas,
3070 3747 3121 3787 et
3133 3736 3414 3789 reclinata-

1827 3807 1968 3859 rium
1999 3825 2153 3863 suum
2198 3830 2439 3878 aureum,
2477 3833 2726 3872 ascensus
2753 3825 2868 3889 ejus
2893 3838 3210 3890 purpureus.
3254 3824 3411 3882 Intra

1827 3897 1997 3966 ipsum
2025 3911 2102 3954 est
2135 3904 2490 3970 pavimentum
2530 3909 2790 3968 charitate
2829 3922 3063 3968 stratum
3097 3933 3162 3969 ea:
3191 3917 3412 3986 ﬁliabus

1823 3987 2144 4048 Jerusalem.
2175 3995 2260 4050 11.
2301 3997 2473 4066 Exite,
2511 4003 2639 4071 ﬁliae
2665 4003 2817 4065 Sion,
2848 4015 2897 4059 et
2926 4007 3092 4062 videte
3111 4026 3278 4080 regem
3303 4009 3411 4066 Sa-

1828 4081 2086 4138 lomonem
2115 4087 2170 4140 in
2196 4105 2392 4144 corona
2417 4109 2522 4162 qua
2551 4097 2822 4150 coronavit
2848 4113 2968 4151 eum
2998 4111 3168 4154 mater
3195 4101 3331 4171 ejus,
3353 4103 3410 4157 in

1825 4173 1911 4229 die
1933 4176 2358 4244 desponsationis
2389 4201 2522 4248 sum,
2551 4195 2601 4239 et
2642 4188 2695 4240 in
2723 4188 2808 4242 die
2856 4189 3064 4246 latitia!
3092 4179 3268 4249 cordis
3300 4197 3406 4252 sui.

1825 4262 1955 4318 CAP.
1983 4281 2056 4330 Iv,
2081 4269 2136 4338 ᾗ.
2178 4271 2230 4322 ι.
2265 4270 2400 4324 Ecce
2428 4274 2649 4342 pulchra
2679 4293 2754 4342 es,
2794 4281 3086 4350 propinqua
3119 4299 3256 4348 mea,
3294 4301 3411 4340 ecce

1823 4355 2044 4420 pulchra
2073 4377 2148 4414 es.
2181 4359 2340 4418 Oculi
2384 4367 2460 4418 tui
2490 4367 2766 4434 columbie,
2794 4383 2987 4437 prwter
3013 4373 3068 4425 id
3105 4376 3244 4444 quod
3274 4375 3328 4430 in
3360 4387 3410 4432 te

1826 4450 2088 4507 reticetur.
2115 4454 2282 4510 Coma
2304 4466 2396 4510 tua
2424 4458 2562 4512 velut
2602 4477 2778 4530 greges
2818 4479 3102 4531 caprarum
3145 4481 3261 4534 qua:
3285 4475 3410 4522 sunt

1829 4544 2072 4598 revelata:
2097 4546 2162 4600 de
2185 4557 2358 4602 monte
2389 4546 2622 4608 Galaad.
2655 4551 2711 4604 ‘2.
2741 4551 2938 4606 Dentes
2971 4555 3050 4607 tui
3069 4555 3208 4609 sicut
3229 4573 3408 4627 greges

1833 4643 2110 4688 tonsarum
2177 4653 2294 4708 qua:
2349 4641 2696 4695 ascenderunt
2744 4643 2810 4696 de
2853 4643 3091 4706 lavacro,
3137 4655 3188 4700 et
3229 4664 3408 4704 omnes

1829 4727 2062 4793 geminos
2083 4731 2322 4794 pariunt,
2349 4738 2399 4782 et
2425 4731 2623 4784 sterilis
2646 4741 2845 4786 nonest
2869 4734 3130 4788 intereas.
3175 4736 3227 4790 5.
3257 4735 3410 4790 Sicut

1829 4819 2101 4888 funiculus
2134 4824 2408 4880 coccineus
2436 4825 2584 4878 labia
2609 4837 2722 4890 tua,
2749 4837 2798 4879 et
2823 4843 2994 4880 sermo
3023 4839 3146 4882 tuus
3168 4830 3404 4898 pulcher.

1834 4911 2111 4982 Tanquam
2140 4925 2319 4969 cortex
2348 4916 2480 4968 mali
2508 4917 2686 4984 punici
2735 4933 2868 4985 gena
2899 4927 3012 4983 tua,
3040 4930 3195 4973 extra
3247 4921 3409 4974 silen-

1831 5005 1963 5058 tium
2000 5017 2168 5060 tuum.
2202 5007 2255 5060 4.
2290 5007 2442 5062 Sicut
2477 5009 2639 5062 turris
2675 5008 2843 5062 David
2867 5010 3060 5064 collum
3095 5020 3264 5076 tuum,
3289 5029 3406 5081 qua:

1827 5107 1907 5150 est
1941 5097 2210 5166 a'diﬁcata
2239 5100 2295 5151 in
2323 5097 2628 5167 Thalpioth.
2671 5098 2820 5153 Mille
2851 5102 3019 5172 clypei
3047 5102 3102 5156 in
3141 5103 3257 5170 ipsa
3278 5117 3408 5171 pen-

1827 5187 1972 5250 dent,
2006 5203 2185 5242 omnes
2210 5188 2378 5242 hasta:
2401 5187 2642 5256 fortium.
2669 5189 2725 5244 5.
2777 5190 2894 5245 Duo
2925 5191 3086 5246 ubera
3127 5205 3221 5245 tua
3267 5193 3406 5246 sicut

1825 5281 1931 5333 duo
1964 5279 2171 5333 hinnuli
2191 5295 2394 5347 caprea:
2413 5278 2644 5349 gemelli,
2662 5280 2752 5348 qui
2771 5291 3065 5348 pascuntur
3085 5283 3138 5336 in
3167 5283 3320 5338 liliis.
3345 5281 3400 5340 6.

1832 5370 2006 5424 Donec
2057 5371 2312 5438 perspiret
2364 5369 2477 5423 dies
2499 5381 2549 5424 et
2595 5381 2902 5426 moveantur
2947 5374 3168 5428 umbraz.
3203 5373 3299 5428 Ibo
3333 5377 3402 5430 σε

1829 5473 2060 5516 montem
2109 5462 2360 5532 myrrhae,
2426 5469 2476 5515 et
2515 5459 2586 5514 ad
2655 5461 2842 5517 collem
2892 5465 3082 5517 thuris.
3147 5463 3199 5518 7.
3267 5461 3404 5518 Tota

1824 5552 2046 5621 pulchra
2067 5569 2144 5618 es,
2170 5551 2466 5622 propinqua
2489 5568 2628 5618 mea,
2658 5565 2707 5610 et
2738 5556 2947 5608 macula
2979 5571 3084 5608 non
3111 5565 3187 5610 est
3213 5557 3269 5608 iu
3298 5563 3368 5610 te.

142 5633 199 5684 οδ
257 5631 572 5703 νεμόμενοι
637 5636 708 5689 έν
752 5637 998 5705 κρίνοις·
1054 5641 1204 5710 Ἕως
1275 5640 1348 5701 οὗ
1395 5643 1732 5718 διαπνεύσῃ
1805 5649 1996 5720 ἡμέρα
2017 5688 2031 5711 ,
2103 5647 2202 5702 καί
2261 5645 2588 5715 κινηθῶσιν
2642 5651 2704 5704 al
2787 5651 2976 5706 σκιαί.
3031 5649 3404 5719 Πορεύσοέιαι

325 5746 373 5781 ⁸ο
413 5746 546 5804 Luc.
611 5763 688 5812 xl,
749 5748 800 5806 7.

487 5839 764 5904 Ριιτιιοι..
809 5841 927 5904 Gn.
959 5841 1191 5904 XLIV.

3013 5857 3092 5916 29
