3854 6216
440 289 542 347 907

1687 299 1747 356 ὅ.
1780 298 2114 358 GRGGORII
2141 300 2436 362 NYSSENI

437 409 674 480 ἐμαί·τῷ
721 411 870 480 πρὸς
922 411 988 465 τὸ
1039 412 1177 482 ὄρος
1223 413 1334 482 τῆς
1369 417 1664 484 σμύρνης,
1711 419 1810 473 καὶ
1862 421 2012 487 πρὸς
2047 421 2153 475 τὸν
2218 425 2454 488 ,βουνὸν
2493 428 2600 482 τοῦ
2656 428 2931 485 Λιϐάνου.
2983 432 3127 501 Ὄλη
3163 433 3404 503 xuii”)
3443 439 3724 506 πλησίον

431 518 574 571 μου,
622 500 720 554 καὶ
749 501 952 572 μῶμος
986 505 1096 557 οὐκ
1121 504 1292 558 ἔστιν
1317 506 1387 560 ἐν
1417 509 1537 562 σοί.

511 596 567 650 In
605 599 796 652 multis
829 614 923 652 rex
966 599 1229 656 Salomon
1265 605 1570 658 assumitur
1600 605 1653 659 in
1682 612 1869 677 typum
1907 607 2021 662 veri
2054 611 2099 668 Α

437 690 586 758 regis
618 705 632 754 ;
669 691 721 742 in
759 691 969 754 multis,
1001 692 1249 763 inquam,
1280 711 1403 765 qua:
1434 712 1462 749 a
1510 705 1704 753 sancta
1735 699 2022 770 Scriptura

437 780 506 834 de
539 783 660 852 ipso
691 793 1071 850 recensentur,
1099 787 1270 840 relata
1309 789 1374 841 ad
1419 789 1473 842 id
1505 790 1652 860 quod
1687 799 1772 847 est
1801 793 2020 848 melius.

435 871 572 926 Nam
623 881 678 927 et
731 875 993 942 paciﬁcus
1045 877 1272 942 dicitur,
1327 887 1381 934 et
1433 883 1760 937 immensam
1814 883 2022 939 habens

438 965 768 1035 sapientiam
795 984 806 1019 :
833 975 885 1020 et
912 969 1177 1038 templum
1201 970 1459 1034 aediﬁcat,
1484 982 1540 1028 et
1565 974 1705 1043 regit
1739 975 2019 1043 lsraelem,

436 1067 491 1112 ιιι
528 1061 789 1130 populum
840 1062 1058 1131 judicat
1095 1065 1148 1118 in
1190 1064 1442 1130 justitia:
1497 1074 1666 1122 etest
1716 1083 1783 1122 ex
1813 1069 2022 1125 semine

436 1150 630 1207 David.
668 1153 774 1208 Sed
815 1161 869 1209 et
915 1155 982 1210 ad
1018 1156 1196 1226 ipsum
1249 1161 1398 1212 venit
1447 1159 1636 1229 regina
1673 1159 2016 1232 Ethiopum.

434 1241 572 1297 Nam
604 1244 719 1298 haec
749 1245 969 1314 quidem
1001 1249 1208 1309 omnia.
1249 1257 1303 1304 et
1327 1266 1448 1320 quae
1499 1261 1628 1306 sunt
1680 1252 2016 1319 huiusmodi,

435 1335 504 1387 de
533 1351 600 1390 eo
639 1337 860 1406 quidem
894 1338 1157 1392 dicuntur
1199 1341 1404 1410 typice,
1462 1343 1785 1399 describunt
1837 1355 2018 1400 autem

434 1430 694 1485 virtutem
734 1431 1034 1502 Evangelii.
1081 1433 1216 1500 Quis
1263 1435 1408 1490 enim
1459 1437 1598 1492 adeo
1637 1437 1901 1506 paciﬁcus
1933 1446 2020 1494 est

432 1527 598 1590 atque
639 1522 686 1576 is
733 1523 827 1593 qui
879 1525 1161 1579 interemit
1212 1526 1575 1594 inimicitias,
1627 1529 1777 1583 cruci
1833 1539 2016 1585 autem

432 1629 563 1668 suos
599 1613 768 1668 allixit
824 1616 1103 1678 inimicos.
1163 1635 1422 1690 nosque,
1485 1621 1595 1675 imo
1649 1637 1779 1677 vero
1839 1631 2016 1676 totum

431 1706 700 1760 mundum
733 1708 838 1763 sibi
874 1711 1282 1777 reconciliavit,
1334 1722 1388 1768 et
1429 1716 1578 1784 scpis
1633 1715 2014 1771 intermediam

431 1799 595 1853 solvit
625 1801 942 1866 maceriem,
994 1811 1053 1855 ut
1101 1803 1242 1859 duos
1298 1805 1352 1859 in
1411 1807 1594 1876 seipso
1649 1808 1912 1863 conderet
1960 1807 2015 1862 in

430 1907 600 1944 unum
635 1907 837 1946 novum
880 1893 1193 1958 hominem,
1245 1898 1340 1966 qui
1397 1898 1525 1953 facit
1563 1915 1775 1968 pacem,
1828 1907 1882 1955 et
1917 1901 2012 1970 qui

428 1985 690 2054 praedicat
719 1986 787 2040 iis
815 1987 911 2057 qui
946 1987 1127 2060 longe,
1161 1999 1214 2045 et
1249 1991 1316 2045 iis
1339 1993 1432 2062 qui
1477 2009 1664 2063 prope,
1690 2008 1880 2064 pacem
1913 2009 2010 2064 per

428 2092 524 2132 eos
571 2077 663 2146 qui
718 2081 1053 2134 annuntiant
1110 2082 1253 2137 bona
1277 2084 1364 2136 ἰζ’
1393 2083 1533 2150 Quis
1555 2091 1637 2140 est
1670 2094 1851 2140 autem
1886 2086 2016 2142 talis

426 2168 729 2223 aediﬁcator
761 2173 985 2240 templi,
1018 2175 1200 2243 qualis
1255 2177 1350 2247 qui
1401 2175 1758 2231 fundamenta
1793 2178 2012 2248 quidem

422 2260 560 2328 jacit
596 2262 649 2315 in
677 2263 958 2318 montibus
985 2266 1218 2332 sanctis,
1259 2267 1363 2321 hoc
1389 2278 1496 2332 est,
1529 2269 1584 2322 in
1619 2270 1904 2338 prophetis
1960 2278 2014 2324 et

426 2354 712 2421 apostolis,
746 2356 842 2425 qui
872 2355 1136 2420 aediﬁcat,
1161 2357 1308 2412 sicut
1333 2357 1469 2412 dicit
1499 2360 1823 2429 Apostolus,
1849 2376 2016 2430 super

427 2445 850 2502 fundamentum
880 2450 1258 2519 apostolorum
1294 2459 1348 2506 et
1373 2451 1793 2521 prephetarum,
1828 2468 1924 2523 per
1954 2467 2015 2508 se

425 2537 674 2592 viventes
701 2548 756 2593 et
789 2541 1065 2597 animatos
1093 2541 1325 2612 lapides,
1358 2542 1453 2611 qui
1487 2558 1582 2612 per
1614 2559 1673 2597 se
1715 2558 1780 2597 ac
1820 2551 2015 2613 sponte

423 2628 723 2683 volvuntur
757 2629 824 2685 ad
849 2632 1286 2702 compactionem
1321 2643 1375 2689 et
1396 2634 1797 2689 connexionem
1831 2634 2013 2704 parie-

428 2725 562 2784 tum,
587 2718 743 2788 juxta
779 2721 828 2775 id
861 2723 1006 2792 quod
1037 2723 1172 2777 dicit
1202 2723 1479 2794 Propheta
1507 2726 1576 2788 ",
1609 2733 1668 2778 ut
1698 2725 1932 2780 connexi
1959 2733 2016 2780 et

423 2813 705 2881 compacti
743 2814 796 2867 in
831 2815 1038 2869 virtute
1078 2815 1202 2870 ﬁdei
1254 2824 1308 2871 et
1342 2816 1564 2870 vinculo
1605 2817 1780 2886 pacis,
1817 2831 1914 2887 per
1945 2830 2006 2871 se

391 2909 680 2955 ocrescant
709 2902 762 2956 in
796 2905 1058 2974 templum
1119 2911 1396 2966 sanctum,
1434 2913 1494 2958 ut
1546 2905 1681 2959 ﬁant
1731 2905 2013 2960 habitacu-

422 2993 537 3047 lum
601 2993 691 3049 Dei
743 2995 799 3049 in
857 2995 1289 3066 spiritu?Quod
1355 3006 1535 3050 autem
1586 3012 1686 3050 sua
1743 2998 2012 3068 sapientia

426 3083 692 3139 Salomon
720 3101 902 3140 veram
928 3086 1200 3157 signiﬁcet
1225 3087 1576 3156 sapientiam,
1599 3103 1763 3142 nemo
1791 3096 2016 3141 contra-

423 3176 671 3242 dixerit,
739 3178 807 3231 ad
876 3177 1167 3232 historiam
1234 3179 1516 3248 aspiciens
1584 3188 1638 3234 et
1700 3181 2010 3234 veritatem.

424 3267 686 3323 Testatur
715 3269 862 3322 enim
890 3269 1145 3333 historia,
1172 3269 1318 3338 quod
1352 3270 1442 3323 ille
1469 3272 1712 3325 excessit
1736 3271 2004 3326 terminos

423 3357 681 3412 humanae
712 3360 1016 3429 sapientiae,
1047 3367 1105 3414 ut
1127 3361 1219 3431 qui
1249 3362 1495 3414 omnium
1520 3377 1704 3415 rerum
1735 3361 2004 3431 cognitio-
2030 3327 2074 3385 ϐ

2211 607 2300 660 Ἐν
2349 608 2564 674 πολλοῖς
2609 613 2638 664 6
2686 611 2938 682 βασιλεὺς
2975 614 3228 685 Σολομὼν
3268 617 3350 681 είς
3397 618 3581 673 τύπον
3625 621 3724 675 τοῦ

2126 699 2383 770 ἀληθινοῦ
2439 702 2703 772 βασιλέως
2764 707 3284 778 παραλαμϐάνεται’
3347 711 3570 774 πολλοῖς
3617 713 3723 785 δὴ,

2069 784 2086 804 ⁸
2125 790 2308 859 φημὶ,
2338 793 2450 856 τοῖς
2489 793 2624 864 πρὸς
2668 795 2728 848 τὸ
2771 799 3016 866 κρεῖττον
3055 798 3182 868 περὶ
3211 799 3375 852 αὑτοῦ
3429 802 3590 871 παρὰ

2122 883 2287 950 ἁγίας
2322 884 2548 955 Γραφῆς
2589 888 3008 960 ἱστορουμένοις.
3065 891 3355 962 Εἱρηνικός
3381 910 3443 945 τε
3469 893 3590 965 γὰρ
3626 895 3722 948 λέ-

2122 991 2310 1042 γεται,
2347 979 2443 1030 καὶ
2492 979 2680 1047 σοφίαν
2731 981 3038 1053 ἀμέτρητον
3075 983 3222 1054 ἔχει·
3270 987 3362 1038 καὶ
3400 985 3532 1038 ναὸν
3567 989 3722 1040 οἱκο-

2121 1063 2308 1132 δομεῖ,
2343 1063 2613 1135 βασιλεύει
2643 1086 2701 1122 τε
2735 1070 2830 1124 τοῦ
2871 1073 3105 1146 Ἰσραὴλ,
3137 1075 3231 1127 καὶ
3258 1076 3435 1146 κρίνει
3463 1078 3562 1130 τὸν
3587 1079 3724 1132 λαὸν

2123 1154 2181 1205 ἐν
2201 1154 2511 1228 δικαιοσύνῃ
2530 1175 2544 1191 ⁸
2575 1160 2668 1213 καὶ
2694 1162 2758 1214 ὲκ
2787 1161 2880 1215 τοῦ
2905 1165 3222 1234 σπέρματός
3252 1169 3365 1220 ἐστι
3391 1168 3488 1226 τοῦ
3518 1171 3718 1230 Δασίδ.

2135 1239 2296 1332 Ἀλλά
2343 1244 2436 1296 καὶ
2475 1247 2507 1316 ή
2537 1247 2644 1300 τῶν
2682 1249 2952 1304 Αἰθιόπων
2989 1252 3272 1322 βασίλισσα
3309 1257 3472 1310 αὑτὸν
3522 1264 3715 1332 φοιτᾷ.

2121 1331 2307 1385 Ταῦτα
2339 1334 2447 1407 γὰρ
2482 1337 2660 1392 πάντα
2697 1341 2791 1394 καὶ
2834 1341 2902 1395 τὰ
2949 1343 3206 1408 τοιαῦτα,
3241 1349 3370 1418 περὶ
3399 1349 3572 1403 αὐτοῦ
3614 1353 3719 1421 μὲν

2119 1422 2334 1491 λέγεται
2381 1430 2656 1496 τυπικῶς,
2709 1433 3106 1506 προδιαγράφει
3144 1437 3199 1490 δὲ
3234 1439 3328 1493 τοῦ
3360 1441 3716 1511 Εὐαγγελίου

2119 1515 2217 1585 τὴν
2246 1517 2492 1590 δύναμιν.
2529 1523 2624 1587 Τίς
2670 1525 2779 1598 γὰρ
2814 1527 2990 1593 οὕτως
3029 1533 3331 1602 εἰρηνικὸς,
3373 1535 3450 1599 ὡς
3488 1538 3518 1588 6
3572 1537 3717 1592 ἀπο-

2130 1609 2458 1683 κτείναςτὴν
2473 1614 2691 1685 ἔχθραν,
2709 1621 2803 1672 καὶ
2825 1619 2902 1690 τῷ
2939 1622 3154 1693 σταυρῷ
3185 1625 3554 1696 προσηλώσας
3587 1631 3720 1693 τοὺς

2117 1699 2345 1772 ἐχθροὺς
2383 1705 2597 1759 ἑαυτοῦ’
2636 1710 2812 1780 ήμᾶς,
2841 1711 3040 1779 μᾶλλον
3069 1713 3126 1765 δὲ
3155 1713 3244 1766 τὸν
3274 1716 3482 1786 κόσμον
3524 1721 3715 1791 ἐαυτῷ

2119 1791 2474 1859 καταλλάξας,
2513 1798 2606 1850 καὶ
2651 1799 2712 1851 τὸ
2744 1801 3056 1872 μεσότοιχον
3083 1803 3176 1857 τοῦ
3207 1809 3467 1877 φραγμοῦ
3507 1810 3710 1874 λύσας,

2119 1879 2206 1933 ἴνα
2245 1885 2370 1948 τοὺς
2407 1885 2500 1940 δύο
2541 1889 2702 1961 κτίσῃ
2729 1893 2788 1944 ὲν
2818 1894 2995 1964 ἐαυτῷ
3032 1897 3110 1958 είς
3139 1896 3238 1950 ἕνα
3268 1900 3455 1952 καινὸν
3483 1901 3710 1972 ἄνθρω-

2117 1990 2218 2026 πον
2239 2015 2253 2037 ,
2290 1979 2458 2033 ποιῶν
2486 1983 2727 2053 εἰρήνην,
2761 1985 2788 2037 6
2837 1987 3079 2058 κηρύξας
3110 1993 3221 2054 τοῖς
3253 1994 3476 2062 μακράν
3514 2012 3582 2047 τε
3614 1997 3709 2049 καὶ

2116 2068 2230 2130 τοῖς
2274 2070 2442 2138 ἐγγὺς
2488 2073 2582 2144 τὴν
2621 2077 2866 2147 εἰρήνην,
2919 2079 3007 2133 διὰ
3038 2081 3147 2135 τῶν
3191 2084 3708 2153 εὐαγγελιζομένων

2115 2158 2183 2211 τὰ
2217 2160 2420 2228 ἀγαθά;
2452 2165 2549 2228 Τίς
2571 2165 2625 2218 δὲ
2650 2167 2892 2234 τοιοῦτος
2918 2173 3200 2243 οἰκοδόμος
3236 2175 3388 2237 ναοῦς
3417 2177 3497 2241 ὡς
3516 2179 3547 2231 ὁ
3577 2183 3706 2246 τοὺς

2119 2251 2218 2318 μὲν
2251 2252 2529 2324 θεμελίους
2558 2258 2722 2312 αὑτοῦ
2749 2259 2918 2326 τιθεὶς
2944 2264 3002 2314 ἐν
3031 2266 3142 2328 τοῖς
3167 2266 3320 2337 ὄρεσι
3354 2272 3468 2331 τοῖς
3494 2271 3700 2338 ἁγίοις,

2119 2345 2408 2407 τουτέστιν.
2454 2351 2510 2402 ἐν
2544 2354 2656 2415 τοῖς
2690 2356 2996 2425 προφήταις
3024 2358 3115 2411 καὶ
3149 2360 3472 2426 ἀποστόλοις
3494 2381 3508 2394 ο
3549 2366 3708 2420 ἐπα·-

2116 2434 2358 2506 κοδομῶν
2381 2438 2459 2502 δὲ,
2493 2441 2675 2505 καθώς
2705 2461 2868 2514 φησιν
2900 2449 2928 2497 6
2953 2447 3195 2512 Παῦλος,
3227 2451 3322 2504 ἐπὶ
3347 2452 3426 2522 τῷ
3461 2454 3706 2526 θεμελίῳ

2114 2527 2223 2581 τῶν
2240 2529 2553 2586 ἀποστόλων
2575 2535 2668 2588 καὶ
2705 2539 3002 2608 προφητῶν
3019 2583 3034 2607 ,
3055 2543 3182 2605 τοὺς
3197 2541 3406 2607 ζῶντας
3442 2547 3537 2599 καὶ
3573 2550 3706 2610 τοὺς

2119 2619 2397 2692 ἐμψύχους
2426 2623 2626 2689 λίθους,
2651 2628 2778 2691 τοὺς
2815 2630 2882 2682 δι’
2922 2632 3129 2685 ἑαυτῶν
3164 2634 3300 2703 πρὸς
3321 2636 3421 2705 τὴν
3445 2637 3561 2690 τῶν
3588 2640 3706 2691 τοί-

2115 2729 2226 2781 χων
2261 2715 2524 2786 ἁρμονίαν
2562 2720 2701 2772 κατά
2742 2720 2836 2774 τὸν
2867 2725 3202 2794 προφητικὸν
3235 2725 3390 2794 λόγον
3437 2731 3702 2784 κεκύλισ-

2117 2805 2311 2875 μένους
2332 2846 2346 2870 ,
2376 2807 2515 2862 ὥστε
2549 2814 3016 2883 συναρμοσθέντας
3045 2818 3103 2869 ὲν
3133 2822 3195 2888 τῇ
3232 2819 3444 2891 ἐνότητι
3473 2823 3578 2892 τῆς
3609 2825 3702 2876 πί-

2116 2911 2316 2961 στεως,
2351 2899 2444 2952 καὶ
2475 2899 2552 2969 τῷ
2593 2902 2876 2975 συνδέσμῳ
2911 2905 3011 2974 τῆς
3055 2909 3311 2978 εἰρήνης,
3349 2910 3592 2978 αὐξῆσαι
3630 2914 3700 2966 δι’

2114 2985 2322 3039 ἑαυτῶν
2346 2988 2436 3041 τὸν
2469 2989 2594 3042 ναὸν
2625 2991 2714 3044 τὸν
2741 2992 2914 3061 ἀγιον,
2945 2997 3024 3057 εἰς
3047 2995 3107 3048 τὸ
3146 2996 3398 3064 γενέσθαι
3437 3017 3703 3072 κατοικη-

2111 3079 2297 3150 τήριον
2341 3080 2473 3133 Θεοῦ
2508 3084 2566 3134 ὲν
2607 3084 2903 3154 πνεύματι;
2934 3087 3054 3139 Ὅτι
3089 3087 3145 3141 δὲ
3188 3091 3280 3142 καὶ
3319 3092 3384 3159 τῇ
3430 3093 3600 3164 σοφίᾳ
3632 3096 3699 3162 τῇ

2113 3167 2306 3221 ἑαυτοῦ
2333 3171 2360 3222 6
2391 3171 2638 3242 Σολομὼν
2668 3176 2766 3244 τὴν
2809 3174 3068 3248 ἀληθινὴν
3115 3178 3307 3248 μηνύει
3340 3182 3572 3248 σοφίαν,
3607 3184 3701 3236 οὐ·

2111 3259 2222 3322 δεὶς
2258 3259 2323 3313 ἂν
2350 3261 2615 3327 ἀντείποι,
2645 3264 2780 3336 πρός
2807 3282 2869 3318 τε
2902 3267 3000 3338 τὴν
3033 3269 3271 3340 ἱστορίαν
3299 3271 3392 3322 καὶ
3426 3271 3571 3342 πρὸς
3604 3273 3702 3343 τὴν

2108 3351 2370 3422 ἀλήθειαν
2403 3354 2637 3422 βλέπων.
2671 3358 3044 3430 Μαρτυρεῖται
3077 3360 3178 3430 μὲν
3205 3360 3314 3432 γὰρ
3347 3365 3562 3428 ἐκεῖνος
3596 3365 3701 3417 ύπὺ

422 3464 549 3504 nem
577 3449 633 3503 in
677 3451 765 3505 sui
804 3451 993 3506 cordis
1041 3452 1336 3507 latitudine
1386 3453 1613 3522 ceperit,
1667 3454 1803 3508 adeo
1852 3462 1909 3508 ut
1952 3461 2007 3508 et

2117 3448 2202 3516 τῆς
2247 3448 2516 3520 ἱστορίας,
2553 3451 2634 3504 ὃτι
2664 3450 2911 3523 παρῆλθε
2938 3453 3063 3516 τοὺς
3087 3453 3187 3523 τῆς
3218 3453 3576 3527 ἀνθρωπίνης
3606 3475 3700 3510 σο-

423 3541 641 3612 priores
665 3543 1015 3611 praeterierit,
1039 3552 1094 3598 et
1122 3545 1214 3614 qui
1249 3544 1509 3613 deinceps
1539 3552 1667 3599 sunt
1699 3545 2004 3610 consecuti,

2105 3537 2232 3603 φίας
2277 3537 2469 3608 ὅρους,
2523 3539 2739 3593 πάντων
2767 3540 2864 3613 τὴν
2904 3542 3106 3610 γνῶσιν
3154 3544 3212 3597 ἐν
3251 3545 3329 3612 τῷ
3362 3545 3565 3599 πλάτει
3598 3547 3702 3617 τῆς

423 3648 552 3688 eum
605 3649 713 3688 non
765 3636 984 3704 possint
1029 3637 1296 3706 assequi:
1342 3635 1608 3692 Dominus
1672 3646 1852 3690 autem
1907 3653 2004 3691 sua

2117 3626 2328 3698 ιαρδίας
2369 3629 2659 3701 χωρήσας,
2689 3631 2765 3694 ὡς
2807 3633 2900 3685 καὶ
2935 3632 3060 3694 τοὺς
3091 3633 3468 3703 προλαϐόντας
3505 3655 3695 3708 παρει-

423 3734 647 3790 natura,
673 3725 724 3779 id
761 3727 938 3795 ipsum
974 3727 1122 3797 quod
1174 3735 1279 3790 est,
1309 3737 1394 3782 est
1447 3727 1686 3782 essentia
1730 3729 2002 3790 veritatis,

422 3819 706 3888 sapientiae
753 3828 805 3873 et
840 3823 1100 3890 potentia!
1149 3836 1212 3874 ac
1261 3821 1496 3874 virtutis.
1531 3819 1825 3890 Propterea
1874 3837 1998 3876 cum

423 3911 658 3964 dixisset
691 3909 857 3965 David
887 3931 900 3966 :
938 3911 1132 3966 Omnia
1170 3913 1223 3964 in
1255 3913 1518 3982 sapientia
1549 3913 1722 3982 fecisti
1749 3913 1829 3967 "z
1864 3911 2003 3966 Pro-

423 4003 642 4072 phetam
693 4003 1063 4072 interpretans
1107 4004 1329 4060 divinus
1383 4006 1705 4074 Apostolus,
1767 4005 1821 4060 in
1880 4005 2001 4074 ipso

423 4094 558 4148 dicit
589 4103 776 4149 creata
803 4111 927 4150 esse
963 4096 1146 4149 omnia
1171 4097 1215 4126 “
1243 4115 1255 4150 :
1297 4103 1486 4166 utpote
1535 4097 1683 4167 quod
1730 4096 2001 4165 Propheta

423 4201 548 4241 eum
582 4187 849 4258 signiﬁcet
882 4203 976 4256 per
1012 4189 1354 4256 sapientiam.

495 4366 652 4434 Quod
680 4376 860 4421 autem
892 4383 988 4421 rex
1011 4367 1174 4421 Israel
1202 4367 1271 4420 sit
1295 4365 1580 4429 Dominus,
1605 4363 1815 4419 inimici
1836 4364 2000 4419 etiam

425 4458 547 4527 ejus
577 4458 762 4512 testati
792 4465 942 4520 sunt,
982 4460 1072 4526 qui
1111 4456 1516 4512 confessionem
1537 4455 1691 4526 regni
1724 4455 1846 4523 ejus
1875 4454 2005 4509 sub-

427 4551 768 4621 scripserunt
797 4550 972 4614 cruci,
1010 4549 1110 4602 Hic
1138 4558 1215 4602 est
1262 4564 1355 4602 rex
1387 4547 1702 4602 Judworum
1736 4547 1781 4578 "
1809 4565 1822 4601 :
1859 4548 2006 4601 acci-

2099 3717 2359 3788 δραμεῖν,
2388 3720 2479 3772 καὶ
2506 3724 2618 3784 τοῖς
2653 3720 2848 3792 ἐφεξῆς
2893 3723 3150 3790 γενέσθαι
3189 3725 3486 3792 ἀνέφικτος
3510 3745 3524 3756 ·
3575 3731 3606 3782 6
3639 3730 3697 3783 δὲ

2106 3811 2310 3883 Κύριος
2350 3813 2492 3866 κατά
2537 3814 2633 3886 τὴν
2681 3816 2874 3870 ἑαυτοῦ
2918 3817 3108 3886 φύσιν,
3163 3818 3295 3872 αὐτὸ
3333 3820 3475 3892 ὅπερ
3519 3823 3696 3887 ἐστὶν,

2106 3905 2364 3974 ἀληθείας
2403 3924 2461 3960 τε
2515 3908 2609 3962 καὶ
2653 3910 2846 3978 σοφίας
2888 3911 2982 3964 καὶ
3028 3910 3308 3982 δυνάμεως
3345 3914 3510 3967 οὐσία
3555 3917 3698 3970 ἐστί.

2105 3997 2204 4051 Διά
2235 3999 2388 4052 τοῦτο
2421 3999 2512 4053 τοῦ
2546 4001 2711 4054 Δαόὶδ
2748 4003 3024 4066 είπόντος·
3073 4003 3150 4056 ’ότι
3179 4003 3384 4058 Πάντα
3408 4007 3488 4060 ἑν
3507 4011 3700 4078 σοφίᾳ

2105 4089 2434 4156 ἐποίησας,
2464 4091 2782 4162 ἑρμηνεύων
2819 4092 2911 4146 τὸν
2949 4096 3243 4166 Προφήτην
3279 4099 3307 4150 6
3337 4099 3486 4163 θεῖος
3534 4102 3698 4156 ’Δπόο

2113 4179 2317 4244 στολος,
2347 4182 2404 4233 ὲν
2426 4181 2573 4252 αύτῷ
2602 4182 2849 4235 ἐκτίσθαι
2878 4183 2950 4236 τὰ
2978 4186 3155 4240 πάντα
3178 4188 3359 4257 λέγει’
3394 4192 3474 4256 ὼς
3505 4195 3696 4251 τοῦτον

2105 4270 2197 4324 τοῦ
2225 4274 2512 4342 Προφήτου
2541 4273 2627 4326 διὰ
2657 4275 2754 4345 τῆς
2790 4277 2982 4346 σοφίας
3010 4280 3391 4348 σημαίνοντος.

2177 4362 2250 4414 Τὸ
2286 4363 2341 4415 δὲ
2379 4363 2601 4433 βασιλέα
2635 4365 2727 4418 τοῦ
2773 4368 2991 4438 Ἰσραὴλ
3026 4365 3164 4424 εἶναι
3190 4372 3282 4424 τὸν
3315 4373 3566 4445 Κύριον,
3601 4377 3696 4432 καὶ

2107 4452 2258 4522 παρά
2292 4453 2401 4506 τῶν
2439 4454 2649 4525 ἐχθρῶν
2681 4459 3119 4529 μεμαρτύρηται,
3157 4460 3265 4514 τῶν
3300 4464 3694 4539 ὑπογεγραφό-

2105 4559 2211 4594 των
2233 4542 2311 4613 τῷ
2338 4544 2555 4616 σταυρῷ
2591 4546 2690 4616 τὴν
2718 4548 3008 4616 ὁμολογίαν
3038 4551 3137 4620 τῆς
3167 4551 3451 4622 βασιλείας
3490 4560 3657 4613 αὑτοῦ
3675 4577 3691 4589 ·

427 4645 609 4712 pimus
640 4642 784 4695 enim
817 4641 1214 4704 testimonium,
1251 4640 1467 4694 etiamsi
1516 4639 1584 4692 de
1631 4638 2003 4708 magnitudine

2117 4635 2186 4686 5τι
2224 4630 2416 4700 Οὗτός
2445 4637 2616 4689 ἐστιν
2657 4640 2690 4690 ὀ
2715 4639 3019 4705 ,βασιλεὺς
3052 4640 3172 4695 τῶν
3229 4645 3577 4701 Ἰουδαίων
3615 4650 3696 4702 δε-

430 4736 720 4805 potestatis
752 4743 1046 4789 censeatur
1074 4732 1383 4797 detrahere,
1410 4731 1541 4785 dum
1583 4746 1748 4800 regno
1789 4729 2004 4786 Israeli—

431 4835 612 4879 tarum
639 4827 897 4880 terminat
922 4825 1248 4878 dominium.
1273 4823 1392 4876 Non
1417 4824 1561 4877 enim
1586 4823 1658 4875 ita
1682 4821 1845 4877 habet
1871 4840 1884 4876 :
1909 4821 2004 4876 sed

435 4934 501 4971 ex
527 4925 682 4988 parte
717 4917 1006 4986 imperium
1039 4917 1092 4970 in
1121 4931 1312 4970 omnes
1334 4915 1450 4984 ipsa
1485 4916 1536 4967 iu
1571 4928 1737 4967 cruce
1771 4913 2005 4980 inscrip-

428 5010 508 5063 tio
534 5009 748 5067 tribuit.
781 5007 926 5078 quod
959 5023 1064 5061 non
1096 5005 1382 5075 adjecerit,
1435 5005 1580 5072 quod
1631 5005 1677 5058 is
1710 5005 1778 5059 sit
1824 5005 2001 5058 solum

430 5118 529 5157 rex
557 5101 890 5156 Judazorum.
928 5099 1061 5153 Nam
1091 5115 1214 5152 cum
1240 5100 1288 5153 ei
1317 5100 1494 5153 oratio
1527 5098 1774 5151 absolute
1799 5097 2006 5150 tribue-

430 5193 504 5246 rit
555 5207 656 5249 suo
705 5192 1022 5245 testimonio
1079 5189 1393 5243 Judacorum
1453 5187 1784 5258 imperium,
1840 5187 2004 5241 etiam

431 5285 720 5350 imperium
744 5283 798 5336 in
819 5299 1010 5336 omnes
1035 5283 1198 5336 tacite
1213 5297 1278 5334 eo
1300 5296 1549 5337 sermone
1569 5279 2003 5348 comprehendit.

432 5375 550 5429 Rex
577 5376 724 5430 enim
752 5376 1020 5430 universae
1047 5383 1207 5428 terra:
1239 5373 1400 5426 etiam
1434 5372 1486 5425 in
1515 5379 1724 5441 partem
1756 5370 2008 5424 domina-

433 5477 548 5521 tum
577 5467 831 5534 obtinet;
867 5465 1176 5519 Salomouis
1213 5471 1392 5517 autem
1427 5463 1670 5516 studium
1716 5462 1772 5515 in
1815 5475 2005 5515 verum

429 5558 723 5628 judicium,
757 5559 1030 5629 signiﬁcat
1069 5573 1260 5610 verum
1305 5555 1546 5626 judicem
1579 5555 1745 5608 totius
1789 5551 2002 5616 mundi,

495 5671 539 5742 ξι
596 5673 792 5742 Epth.
844 5688 906 5738 ιι,
963 5673 1028 5728 14
1075 5688 1192 5742 seq.
1263 5673 1306 5704 ²²
1346 5671 1492 5726 Psal.
1583 5687 1777 5738 xxxw,
1809 5671 1857 5741 2
1880 5687 2001 5740 sqq.

436 5738 502 5787 '57

2111 4726 2317 4797 χόμεθα
2353 4727 2460 4796 γὰρ
2493 4727 2588 4799 τὴν
2625 4732 2928 4802 μαρτυρίαν
2951 4775 2962 4796 ,
3000 4735 3050 4786 εἱ
3091 4735 3184 4787 καὶ⁹
3222 4740 3694 4810 κατασμικρύνειν

2111 4817 2387 4889 νομίζεται
2403 4819 2462 4872 τὸ
2499 4820 2781 4888 μεγαλεῖον
2803 4823 2896 4876 τοῦ
2915 4824 3170 4895 κράτους,
3187 4831 3252 4898 τῇ
3280 4827 3391 4881 τῶν
3427 4829 3694 4903 Ἰσραηλι-

2111 4909 2218 4961 τῶν
2245 4910 2490 4981 βασιλείᾳ
2510 4912 2609 4981 τὴν
2625 4913 2940 4967 δεσποτείαν
2979 4916 3260 4987 ὁρίζουσα.
3277 4917 3354 4970 Οὐ
3387 4919 3502 4991 γὰρ
3525 4921 3694 4984 οὕτως

2112 5001 2224 5071 ἔχει
2247 5020 2258 5032 ο
2277 5001 2391 5054 ἀλλ’
2408 5003 2515 5054 ἀπὸ
2536 5004 2599 5072 μέ
2610 5020 2754 5073 ρους,
2775 5005 2874 5075 τὴν
2889 5005 3027 5058 κατά
3050 5008 3272 5060 πάντων
3289 5009 3472 5081 ἀρχὴν
3505 5014 3538 5083 ή
3576 5015 3688 5065 stt-

2108 5092 2292 5163 γραφὴ
2315 5093 2451 5163 αὕτη
2471 5094 2547 5164 τῷ
2572 5094 2788 5164 σταυρῷ
2806 5096 3110 5166 ἀνατίθησι,
3134 5097 3212 5168 τῷ
3242 5098 3316 5170 μὴ
3347 5104 3683 5170 προσθεῖναι,

2109 5185 2190 5235 ὅτι
2227 5185 2403 5253 μόνων
2443 5185 2548 5237 τῶν
2586 5185 2852 5239 Ἰουδαίων
2891 5180 3050 5250 οὗτός
3076 5192 3192 5242 ὲστι
3215 5189 3495 5259 βασιλεύς.
3536 5196 3687 5247 Ἀπο-

2109 5276 2281 5339 λύτως
2313 5277 2422 5346 γὰρ
2472 5276 2618 5346 αὐτῷ
2656 5281 3159 5350 προσμαρτυρήσας
3200 5281 3230 5333 ὁ
3263 5281 3423 5352 λόγος
3447 5285 3551 5357 τὴν
3587 5285 3687 5339 τῶν

2122 5367 2384 5420 Ἰουδαίων
2437 5369 2630 5439 ἀρχὴν,
2678 5372 2772 5422 καὶ
2809 5369 2869 5424 τὸ
2901 5372 3043 5424 κατά
3071 5373 3289 5428 πάντων
3321 5377 3532 5446 κρᾶτος
3556 5377 3686 5431 κατά

2111 5458 2172 5510 τὸ
2208 5456 2561 5525 σιωπώμενον
2601 5459 2666 5527 τῇ
2703 5458 2963 5530 ὁμολογίᾳ
3017 5459 3188 5531 ταύτῃ
3244 5463 3677 5534 συμπαρέλαϐεν.

2124 5550 2183 5602 '0
2213 5547 2321 5620 γὰρ
2340 5546 2592 5617 βασιλεὺς
2623 5548 2804 5620 πάσης
2835 5549 2934 5618 τῆς
2959 5550 3061 5622 γῆς
3090 5553 3183 5604 καὶ
3213 5551 3308 5605 τοῦ
3331 5554 3536 5626 μέρους
3562 5553 3681 5607 πάν-

2114 5669 2161 5700 ’³
2192 5666 2339 5724 Psal.
2366 5681 2482 5734 CIII,
2511 5665 2601 5721 24.
2677 5668 2722 5699 "
2755 5665 2968 5723 Coloss.
3000 5682 3042 5734 ι,
3068 5665 3154 5722 16.
3234 5668 3280 5701 ’⁸
3307 5665 3502 5724 Matth.
3521 5681 3678 5731 nm,
