3854 6216
36 370 175 424 M3

1060 365 1124 419 IV
1163 363 1459 419 CANTICA
1491 361 1758 416 CANTlC.
1801 359 2080 415 HOMILIA
2127 358 2237 412 νιι.

3235 354 3348 409 910'

41 504 182 553 τως
205 485 306 558 τὴν
337 485 656 542 δεσποτείαν
683 484 801 558 ’ἔχει
825 502 838 516 ο
869 487 902 556 ή
927 485 983 540 δὲ
1017 487 1146 557 περὶ
1169 486 1270 556 τὴν
1292 483 1506 538 δικαίαν
1540 481 1658 553 κρξ·
1688 528 1692 536 .

1777 477 1854 546 iui
1897 476 2069 530 dicit:
2134 474 2298 527 Pater
2353 471 2609 526 neminem
2649 467 2884 538 judicat,
2939 468 3030 524 sed
3071 469 3342 538 Judicium

43 596 160 635 σιν
196 580 294 635 τοῦ
322 581 666 652 Σολομῶντος
700 577 902 649 σπουδὴ
932 578 1024 630 τὸν
1054 577 1309 648 ἀληθινὸν
1336 575 1531 648 κριτὴν
1563 574 1658 629 τοῦ

42 674 276 738 παντὸς
312 673 521 744 κόσμου
547 672 918 743 διασημαίνει,
943 672 1002 736 ὃς
1036 687 1200 741 φησιν
1219 686 1232 700 ·
1271 669 1336 722 ’0
1362 669 1564 735 Πατὴρ
1587 670 1659 722 οὐ

43 767 262 834 κρίνει
300 765 544 825 οὐδένα.
583 758 747 822 ἀλλὰ
788 765 905 832 τὴν
945 766 1151 834 κρίσιν
1196 761 1406 818 πᾶσαν
1440 761 1662 815 δέδωκε

45 854 146 921 τῷ
185 855 332 921 Υἱῷ·
361 856 456 910 καὶ
481 855 585 917 ὅτι,
624 856 708 908 Οὐ
744 855 1000 924 δύναμαι
1029 854 1223 909 ποιεῖν
1270 854 1371 908 ἀπ’
1401 853 1662 922 ἐμαυτοῦ

51 948 262 1004 οὐδέν
284 965 296 977 ⁸
329 949 490 1002 ἀλλὰ
541 946 736 1015 καθὼς
761 949 989 1012 ἀκούω,
1026 948 1226 1016 κρίνω.
1268 947 1365 1002 καί
1399 949 1436 1016 ἡ
1467 947 1664 1015 κρίσις

51 1043 100 1108 ἡ
137 1041 260 1110 ἐμὴ
283 1040 486 1094 δικαία
531 1040 723 1094 ἐστίν.
755 1030 924 1104 Οὗτος
956 1039 1066 1110 γὰρ
1085 1040 1115 1091 ὁ
1137 1039 1436 1110 ἀκρότατος
1458 1039 1557 1103 τῆς
1587 1037 1666 1091 δι-

53 1133 240 1196 καίας
292 1132 526 1202 κρίσεως
581 1133 728 1203 i590;,
783 1131 844 1186 τὸ
880 1132 955 1203 μὴ
1011 1133 1104 1200 ἀφ’
1138 1131 1334 1184 ἑαυτοῦ
1377 1130 1517 1184 κατά
1543 1147 1667 1185 τινα

55 1223 457 1296 προσεκάθειαν
517 1223 809 1294 ἀπόκρισιν
861 1225 970 1284 τοῖς
1024 1221 1368 1292 κρινομένοις
1439 1223 1661 1292 νέμειν⁹

55 1315 217 1370 ἀλλὰ
246 1314 464 1385 πρῶτον
504 1313 725 1369 ἀκούειν
771 1311 880 1366 τῶν
917 1313 1188 1367 ὑποδίκων
1227 1314 1297 1384 τῇ
1329 1310 1528 1382 κρίσει,
1564 1306 1664 1364 εἷθ’

51 1405 256 1469 οὕτως
291 1405 388 1476 τὴν
416 1405 506 1458 ἐπ’
535 1405 718 1467 αὐτοῖς
747 1405 925 1474 ψῆφον
972 1403 1303 1458 ἐκτίθεσθαι.
1339 1397 1415 1457 Οὒ
1442 1404 1603 1475 χάριν
1631 1405 1666 1474 ἠ

55 1498 170 1552 τοῦ
200 1496 338 1551 Θεοῦ
373 1497 602 1569 δύναμίς
628 1514 750 1550 τινα
780 1496 1034 1568 ὁμολογεῖ
1053 1497 1128 1568 μὴ
1145 1495 1425 1550 δύνασθαι.
1459 1494 1533 1548 Τδ
1557 1493 1668 1564 γὰρ

57 1589 188 1655 ιξω
225 1586 319 1640 τοῦ
372 1587 583 1641 δικαίου
646 1585 991 1658 παρατρέψαι
1039 1586 1138 1657 τὴν
1187 1585 1370 1658 κρίσιν
1418 1585 1672 1640 ἀδυνατεῖ

57 1676 340 1748 ἀλήθεια.
381 1675 540 1731 Ἀλλά
567 1675 628 1728 sb
657 1676 755 1746 μὲν
780 1677 844 1730 ἐκ
871 1676 966 1729 τοῦ
995 1675 1309 1747 σπέρματος
1338 1673 1502 1728 Δαδὶδ
1529 1669 1670 1728 εἶναι

60 1767 227 1822 κατά
258 1767 439 1838 σάρκα
468 1765 556 1820 τὸν
581 1766 808 1839 Κύριον,
839 1771 936 1820 καὶ
986 1765 1138 1836 παρά
1167 1764 1262 1818 τοῦ
1295 1764 1579 1834 γεγονότος
1603 1765 1668 1818 ὲκ

1758 587 1910 624 omne
1937 568 2083 624 dedit
2118 567 2266 620 Filio
2288 565 2335 597 ¹⁶
2364 582 2379 629 ;
2423 572 2499 626 et,
2530 562 2652 616 Non
2696 577 2914 632 possum
2959 575 3026 614 ex
3053 577 3130 615 mc
3170 561 3348 629 facere

1758 662 2086 733 quidquam:
2134 658 2225 714 sed
2289 658 2430 711 sicut
2481 653 2664 717 audio,
2717 653 2938 723 judico:
2987 661 3036 706 et
3079 653 3344 720 Judicium

1761 771 1934 809 meum
1979 753 2188 822 justum
2235 759 2314 804 est
2355 749 2421 802 ’⁷.
2472 744 2599 800 llaec
2641 752 2726 800 est
2769 744 2916 800 enim
2963 742 3098 810 justi
3150 741 3347 810 indicii

1762 845 2118 899 exactissima
2149 841 2422 902 definitio,
2475 855 2581 894 non
2606 855 2671 894 ex
2707 853 2767 895 se
2825 838 3010 908 aliqua
3059 835 3349 890 affectione

1761 935 1894 990 dare
1920 948 2250 1004 responsum
2281 933 2350 987 iis
2374 932 2468 1002 qui
2499 931 2552 986 in
2579 929 2792 997 judicio
2835 927 3215 992 contendunt;
3248 925 3348 981 sed

1762 1027 1998 1094 primum
2027 1024 2216 1079 audire
2245 1039 2341 1079 eos
2373 1023 2467 1092 qui
2493 1022 2732 1078 subeunt
2753 1019 3048 1090 judicium,
3075 1027 3128 1073 et
3151 1016 3350 1072 deinde

1762 1122 1818 1172 in
1851 1132 1948 1172 eos
1981 1116 2125 1171 ferre
2170 1116 2523 1172 sententiam.
2577 1111 2945 1178 Quamobrem
2989 1126 3048 1165 se
3093 1111 3345 1179 quaedam

1765 1224 1873 1264 non
1910 1222 2073 1277 posse
2100 1206 2196 1262 Dei
2228 1206 2433 1262 fatetur
2460 1205 2724 1275 polentia.
2757 1201 2892 1257 Nam
2941 1210 3095 1256 extra
3135 1200 3348 1269 justum

1764 1297 2364 1372 perverterejudicium
2415 1297 2642 1351 minime
2689 1303 2873 1367 potest
2915 1295 3144 1350 veritas.
3189 1291 3350 1360 Quod

1765 1402 1948 1448 autem
1971 1393 2044 1448 sit
2064 1407 2130 1446 ex
2155 1391 2368 1447 semine
2390 1389 2559 1443 David
2583 1390 2886 1444 secundum
2913 1402 3159 1451 carnem,
3189 1387 3353 1453 idque

1767 1482 2108 1554 signiﬁcetur
2133 1499 2229 1554 per
2255 1499 2379 1538 eum
2405 1483 2498 1552 qui
2531 1491 2696 1537 natus
2723 1491 2807 1536 est
2831 1497 2897 1536 ex
2926 1479 3152 1544 Davide,
3197 1477 3263 1534 de
3286 1494 3353 1532 eo

1767 1579 2249 1649 praetermittemus
2277 1577 2564 1649 prolixiori
2604 1578 2685 1632 uti
2715 1579 2990 1642 oratione,
3031 1586 3092 1632 ut
3135 1577 3202 1633 de
3241 1593 3354 1648 quo

1768 1671 1906 1726 satis
1931 1676 2172 1724 constet.
2199 1669 2556 1741 Ethiopissa:
2586 1677 2770 1725 autem
2794 1670 3136 1742 mysterium,
3162 1685 3355 1740 quem-

1769 1762 2064 1818 admodum
2100 1761 2294 1817 relicto
2353 1777 2521 1832 regno
2572 1760 2917 1832 Ethiopum,
2945 1771 2998 1818 et
3023 1763 3357 1818 transmisso

59 1861 172 1914 τοῦ
205 1831 370 1914 Δαδίδ
404 1831 840 1932 προμηνύεσθαι,
866 1859 944 1923 ὡς
971 1831 1400 1929 ὁμολογούμενον
1427 1855 1505 1926 τῷ
1525 1855 1669 1926 λόγῳ

1777 1857 1926 1905 tanto
1954 1851 2103 1921 quod
2135 1831 2510 1905 intercedebat
2540 1850 2742 1921 spatio,
2767 1831 3030 1921 properat
3077 1849 3144 1904 ad
3193 1849 3355 1904 Salo-

63 1956 430 2026 παρήσομεν.
457 1953 532 2006 Τὸ
557 1953 614 2006 δὲ
643 1953 786 2007 κατὰ
822 1953 923 2022 τὴν
953 1951 1311 2006 Αἰθιόπισσαν
1343 1951 1670 2021 μυστήριον,

63 2047 204 2110 πῶς
225 2043 602 2099 καταλιποῦσα
648 2044 759 2098 τῶν
808 2043 1086 2097 Αἰθιόπων
1125 2041 1226 2112 τὴν
1256 2040 1554 2112 βασιλείαν,
1581 2041 1675 2094 καὶ

64 2138 340 2192 τοσοῦτον
362 2136 592 2191 διαϐᾶσα
614 2136 706 2190 τὸν
733 2137 791 2189 ὲν
807 2134 884 2206 τῷ
909 2134 1058 2206 μέσῳ
1086 2133 1266 2197 τόπον,
1303 2132 1440 2204 πρὸς
1465 2132 1557 2186 τὸν
1588 2132 1677 2186 Σο-

63 2229 342 2302 λομῶντα
393 2227 481 2282 διά
529 2229 591 2282 τὸ
615 2228 772 2292 κλέος
813 2229 913 2297 τῆς
943 2226 1136 2297 σοφίας
1175 2225 1476 2294 ἐπείγεται,
1509 2223 1678 2287 λίθοις

66 2319 291 2388 τιμίοις
323 2318 417 2372 καὶ
442 2317 658 2388 χρυσῷ,
677 2317 772 2370 καὶ
794 2318 906 2379 τοῖς
937 2315 1044 2368 τῶν
1069 2315 1377 2386 ἀρωμάτων
1405 2312 1679 2385 ἡδύσμασι

65 2411 405 2482 δεξιουμένη
439 2411 530 2464 τὸν
553 2409 796 2480 βασιλέα,
831 2408 988 2480 δῆλον
1013 2407 1079 2462 ἂν
1106 2407 1317 2476 γένοιτο
1345 2405 1425 2476 τῷ
1453 2407 1679 2477 ἐπιστή-

72 2523 246 2561 σαντι
286 2503 425 2575 πρὸς
456 2505 484 2557 ὅ
521 2519 576 2554 τι
605 2501 714 2554 τῶν
743 2499 1112 2568 εὐαγγελικῶν
1141 2497 1324 2568 βλέπει
1363 2497 1675 2566 θαυμάτων.

71 2597 182 2661 Τίς
214 2595 328 2668 γὰρ
353 2596 454 2648 οὐκ
479 2589 618 2647 οἶδεν
640 2593 722 2646 ὅτι
767 2591 996 2662 μέλαινα
1029 2586 1098 2662 ἦν
1149 2589 1210 2657 ἐξ
1237 2586 1680 2659 εἰδωλολατρείας

72 2687 136 2740 τὸ
167 2684 457 2756 καταρχὰς
485 2684 524 2753 ή
554 2682 614 2750 ἐξ
637 2682 807 2736 ἐθνῶν
841 2681 1157 2752 Ἐκκλησία,
1186 2681 1315 2750 πρὶν
1356 2677 1682 2750 Ἐκκλησίαν

72 2776 366 2844 γενέσθαι,
403 2772 583 2844 πολλῷ
610 2772 813 2844 μεταξὺ
834 2771 912 2843 τῷ
942 2772 1044 2842 τῆς
1088 2771 1308 2841 ἀγνοίας
1329 2771 1680 2842 διαστήματι,

74 2870 182 2940 τῆς
222 2867 364 2940 πρὸς
409 2865 499 2920 τὸν
538 2865 790 2935 ἀληθινὸν
829 2865 964 2918 Θεὸν
1002 2864 1255 2932 γνώσεως
1283 2862 1680 2936 ἀπῳκισμένη;

86 2958 247 3011 Ἀλλ’
282 2957 374 3010 ὅτε
423 2956 669 3025 ἐπεφάνη
717 2957 750 3025 ἡ
793 2955 954 3026 χάρις
999 2953 1095 3007 τοῦ
1139 2953 1298 3016 Θεοῦ,
1329 2955 1486 3025 καὶὴ
1523 2953 1686 3023 σοφία

78 3049 386 3121 διέλαμψε,
417 3049 511 3102 καὶ
535 3049 596 3101 τὸ
633 3048 750 3116 φῶς
785 3047 847 3100 τὸ
880 3046 1132 3118 ἀληθινὸν
1151 3046 1292 3118 πρὸς
1321 3047 1448 3110 τοὺς
1475 3047 1533 3099 ὲν
1562 3045 1685 3098 σκό-

77 3159 166 3195 τει
223 3143 323 3194 καὶ
371 3143 498 3212 σκιᾷ
548 3140 783 3194 θανάτου
837 3139 1180 3210 καθημένους
1220 3139 1318 3210 τὴν
1347 3141 1541 3194 ἀκτῖνα
1575 3140 1685 3193 διέ-

1774 1957 1990 1998 nionem
2023 1950 2250 2012 propter
2273 1941 2490 1996 laudem
2524 1942 2829 2012 sapientiae,
2857 1943 3089 2014 gemmis
3117 1950 3172 1998 et
3193 1957 3356 2005 auro,

1776 2034 2183 2105 unguentisque
2238 2034 2500 2105 pretiosis
2564 2049 2748 2107 regem
2803 2034 3106 2090 honorifice
3159 2049 3356 2105 prose-

1775 2141 1974 2196 quens,
2027 2124 2386 2181 manifestum
2443 2126 2609 2182 fuerit
2656 2126 2902 2181 animum
2953 2125 3254 2182 advertenti
3288 2126 3359 2180 ad

1775 2217 2053 2289 quodnam
2108 2216 2500 2288 Evangelicum
2563 2218 2761 2289 aspicit
2817 2218 3170 2273 miraculum.
3224 2217 3360 2284 Quis

1777 2310 1926 2366 enim
1950 2311 2303 2380 nescit,quod
2327 2325 2449 2381 quae
2466 2326 2533 2365 ex
2555 2309 2868 2366 idololatria
2900 2311 2970 2366 ab
2998 2311 3157 2365 initio
3181 2319 3266 2366 est
3293 2327 3361 2364 ex

1780 2400 2037 2469 gentibus
2061 2399 2332 2466 Ecclesia,
2363 2401 2522 2472 nigra
2556 2409 2695 2463 erat,
2728 2401 3050 2472 priusquam
3085 2401 3232 2457 ﬁeret
3254 2400 3362 2456 Ec-

1778 2493 1944 2548 clesia
1969 2533 1984 2556 ,
2023 2494 2299 2565 longoque
2345 2495 2636 2565 interjecto
2661 2493 3026 2564 ignorationis
3051 2493 3360 2559 intervallo,

1781 2585 1978 2654 procul
2012 2586 2303 2641 habitabat
2325 2601 2355 2640 a
2377 2588 2492 2643 veri
2512 2585 2608 2640 Dei
2634 2585 2985 2656 cognitione?
3015 2584 3122 2640 Sed
3141 2586 3364 2656 quando

1783 2676 2042 2746 apparuit
2074 2677 2253 2749 gratia
2285 2677 2402 2743 Dei,
2436 2686 2493 2733 et
2521 2677 2705 2734 illuxit
2725 2679 3090 2749 sapientia,et
3114 2680 3204 2733 lux
3236 2694 3366 2735 vera

1784 2768 1854 2822 ad
1888 2783 1984 2823 eos
2012 2768 2107 2837 qui
2139 2767 2408 2824 sedebant
2437 2769 2494 2823 in
2538 2768 2784 2824 tenebris
2817 2775 2872 2824 et
2918 2769 3114 2824 umbra
3147 2770 3366 2836 mortis,

1784 2859 1938 2914 misit
1985 2860 2238 2925 radium,
2290 2870 2422 2914 tunc
2479 2859 2680 2916 lsraele
2733 2861 2801 2916 ad
2845 2861 3024 2916 lucem
3075 2861 3369 2918 claudente

1785 2953 2004 3016 oculos,
2044 2961 2101 3008 et
2128 2953 2370 3023 seipsum
2423 2953 2732 3009 abducente
2762 2970 2792 3009 a
2825 2956 3096 3010 bonorum
3142 2957 3368 3026 partici-
3433 2935 3451 2953 ⁸

1786 3045 2034 3114 patione,
2055 3049 2284 3100 veniunt
2311 3044 2604 3116 Ethiopes
2633 3047 2668 3100 ii
2695 3047 2790 3118 qui
2815 3048 2881 3102 ad
2913 3047 3074 3105 fidem
3099 3049 3370 3106 accedunt

1788 3153 1854 3192 ex
1893 3138 2171 3209 gentibus,
2204 3145 2258 3191 et
2290 3138 2385 3208 qui
2421 3137 2718 3208 aliquando
2777 3138 2938 3209 longe
2968 3148 3151 3205 erant,
3200 3157 3371 3215 prope

80 3233 440 3304 πεμψε.τότε
472 3231 566 3285 τοῦ
606 3231 823 3302 Ἰσραὴλ
855 3232 992 3303 πρὸς
1020 3232 1137 3299 φῶς
1171 3231 1560 3302 ἑπιμύσαντος,
1593 3233 1687 3284 καὶ

1791 3229 2086 3293 accedunt,
2140 3229 2362 3300 nigrore
2417 3229 2607 3283 ablulo
2644 3244 2784 3298 aqua
2833 3232 3086 3302 mystica,
3123 3231 3260 3288 adeo
3312 3244 3372 3289 ut

80 3326 188 3394 τῆς
239 3322 350 3375 τῶν
389 3321 608 3390 ἀγαθῶν
662 3323 955 3393 μετουσίας
1009 3322 1200 3376 ἑαυτὸν
1255 3323 1684 3394 ἀποστήσαντος,

1791 3321 2134 3392 Ethiopia”
2158 3322 2471 3392 porrexerit
2487 3336 2687 3378 manus
2706 3323 2837 3384 Deo,
2856 3338 2922 3378 eo
2943 3323 3091 3394 quod
3108 3325 3372 3381 obtulerit

83 3418 348 3488 ἔρχονται
381 3416 433 3468 οἱ
478 3416 755 3479 Αἰθίοπες,
801 3417 851 3468 οἰ
884 3413 1052 3468 ἐθνῶν
1093 3417 1162 3486 τῇ
1209 3415 1392 3468 πίστει
1421 3414 1688 3486 προστρέ-

1791 3415 1935 3468 dona
1993 3414 2128 3484 regi,
2160 3413 2387 3483 pietatis
2415 3425 2684 3481 aromata,
2713 3423 2769 3469 et
2807 3429 3002 3468 aurum
3043 3415 3140 3470 Dei
3176 3416 3372 3487 cogni-

84 3525 304 3578 χοντες,
340 3507 437 3560 καὶ
486 3508 541 3560 οἵ
582 3524 713 3560 ποτε
765 3506 917 3570 ὅντες
956 3505 1195 3577 μακρὰν,
1236 3507 1404 3574 ἐγγὺς
1428 3507 1688 3575 γίνονται,

1791 3507 1983 3569 tionis,
2006 3515 2060 3562 et
2095 3523 2343 3577 gemmas
2374 3515 2800 3579 praeceptorum,
2840 3516 2894 3563 et
2925 3508 3191 3562 virtutum
3239 3524 3371 3580 ope-

84 3598 166 3669 τῷ
194 3596 450 3669 μυστικῷ
477 3597 627 3651 ὕδατι
652 3597 752 3665 τὴν
772 3596 1030 3667 μελανίαν
1047 3597 1484 3667 ἀποκλυσάμενοι
1504 3615 1516 3626 ⁸
1549 3597 1690 3652 ὥστε
1789 3600 2048 3654 rationis.

84 3689 189 3759 τὴν
223 3687 512 3741 Αἰθιοπίαν
566 3685 875 3757 προφθάσαι
912 3689 1072 3758 χεῖρα
1113 3688 1282 3759 αὐτῆς
1305 3687 1382 3759 τῷ
1415 3687 1552 3760 Θεῷ,
1630 3689 1724 3742 καὶ
1761 3691 2058 3762 προσάγειν
2077 3690 2228 3762 δῶρα
2252 3689 2330 3761 τῷ
2363 3689 2594 3760 βασιλεῖ,
2618 3689 2688 3743 τά
2702 3708 2760 3746 τε
2779 3692 2875 3761 τῆς
2894 3691 3173 3755 εὐσεϐείας
3229 3692 3373 3766 ἀρώ-

93 3797 264 3852 ματα,
283 3779 456 3832 καὶτὸ
479 3779 576 3848 τῆς
601 3777 934 3846 θεογνωσὶας
954 3781 1310 3850 χρυσίον,καὶ
1361 3783 1489 3846 τοὺς
1541 3781 1758 3852 τιμίους
1793 3783 1974 3847 λίθους
2020 3784 2120 3854 τῆς
2165 3782 2274 3838 τῶν
2327 3783 2556 3838 ἐντολῶν
2581 3801 2642 3837 τε
2683 3783 2778 3838 καὶ
2817 3785 2924 3838 τῶν
2952 3785 3164 3856 ἀρετῶν
3204 3788 3372 3858 ἔργα·

93 3875 236 3937 σίας.

177 3968 346 4022 Ἀλλά
367 3968 504 4039 πρὸς
529 3968 556 4020 ὃ
582 3985 636 4020 τι
664 3967 877 4038 βλέπων
897 3968 1146 4022 ἐντεῦθεν
1162 3969 1399 4042 ἄρχομαι
1428 3971 1526 4034 τῆς
1550 3988 1683 4040 προ-

1865 3964 1972 4020 Sed
2017 3978 2286 4033 quorsum
2339 3961 2642 4033 aspiciens,
2679 3961 2812 4017 hinc
2868 3963 3076 4034 incipio
3126 3981 3156 4020 a
3215 3969 3376 4027 nobis

93 4060 366 4132 κειμένης
414 4061 545 4129 ἡμῖν
583 4059 691 4113 τῶν
727 4059 906 4130 ῥητῶν
951 4058 1208 4130 θεωρίας.
1244 4061 1346 4130 ήδη
1365 4061 1685 4131 διασαφήσω

1791 4056 2078 4128 proposita
2097 4054 2392 4112 verborum
2413 4056 2903 4125 contemplatione.
2912 4057 3026 4127 jam
3053 4060 3372 4126 declarabo,

92 4153 171 4224 τῷ
217 4153 370 4222 λόγῳ
419 4151 589 4220 αὐτὴν
640 4151 1040 4223 προεκθέμενος
1080 4153 1177 4221 τὴν
1202 4152 1346 4217 λέξιν
1381 4152 1491 4205 τῶν
1525 4152 1684 4206 θείων

1792 4153 1836 4206 si
1871 4151 2028 4220 prius
2061 4162 2302 4220 posuero
2331 4148 2635 4205 dictionem
2659 4149 2971 4204 divinorum
3002 4153 3371 4222 eloquiorum,

93 4242 296 4311 λογίων
327 4241 556 4311 ἔχουσαν
602 4241 776 4305 οὕτως
795 4259 808 4272 ·
833 4243 1081 4312 Φορεῖον
1108 4244 1404 4312 ἐποίησεν
1435 4243 1626 4308 ἐαυτῷ
1651 4246 1684 4298 ό

1789 4258 1913 4312 qua!
1953 4241 2037 4297 sic
2085 4240 2280 4296 habet:
2320 4238 2610 4294 Ferculum
2653 4241 2755 4295 sibi
2794 4242 2920 4310 fecit
2971 4261 3066 4299 rex
3119 4245 3376 4304 Salomon

92 4331 398 4401 βασιλεὺς
429 4331 842 4402 Σολομὼνάπό
862 4332 1066 4397 ξύλων
1082 4333 1190 4387 τοῦ
1223 4332 1505 4396 Λιϐάνου,
1542 4334 1689 4388 στύ-

1785 4350 1852 4390 ea:
1889 4334 2048 4404 lignis
2089 4331 2305 4393 Libani.
2338 4331 2616 4388 columnas
2663 4334 2767 4388 sibi
2809 4334 2936 4405 fecit
2987 4349 3284 4409 argenteas,
3325 4351 3377 4395 et

96 4429 252 4491 ,ιους
270 4424 462 4478 αὐτοῦ
482 4425 769 4491 ἐποίησεν
806 4425 1107 4495 ἀργύριον,
1149 4425 1247 4480 καί
1272 4424 1339 4478 τὸ
1363 4425 1692 4481 ἀνάκλιτον

1789 4424 2189 4478 reclinatorium
2206 4439 2360 4477 suum
2379 4439 2624 4478 aureum.
2641 4425 2907 4480 Ascensus
2923 4428 3038 4496 ejus
3055 4445 3375 4498 purpureus.

100 4516 294 4570 αὑτοῦ
336 4516 615 4584 χρυσίον,
641 4516 922 4570 ἐπίϐασιν
951 4517 1139 4571 αὐτοῦ
1183 4518 1518 4586 πορφύραν.
1560 4519 1691 4572 Ἐν-

1792 4514 1949 4570 Intra
1980 4517 2151 4584 ipsum
2194 4525 2273 4569 est
2315 4516 2675 4584 pavimentum
2721 4517 2986 4573 charitate
3033 4529 3265 4575 stratum
3312 4538 3378 4578 ea:

103 4609 205 4674 rc‘r;
258 4607 448 4661 αὐτοῦ
491 4610 897 4675 λιθόστρωτον
935 4607 1179 4678 ἀγάπην
1206 4607 1325 4663 ἀπὸ
1357 4608 1692 4678 θυγατέροιν

1793 4609 2007 4677 ﬁliabus
2071 4607 2398 4664 Jerusalem.
2469 4607 2758 4676 Quomodo
2809 4612 2864 4666 in
2913 4613 2984 4668 iis
3041 4629 3165 4684 quae
3224 4617 3376 4686 ptius

117 4697 540 4767 Ἰερουσαλήμ.
583 4699 795 4770 Ὠσπερ
822 4701 1003 4753 τοίνυν
1036 4702 1094 4754 ἐν
1139 4704 1251 4764 τοῖς
1285 4702 1692 4773 προεξητασμέ-

1798 4708 1926 4753 sunt
1948 4697 2282 4763 examinata,
2317 4697 2386 4752 de
2419 4696 2717 4754 Salomone
2742 4699 2951 4755 dictum
2979 4683 3086 4765 est,
3124 4683 3378 4775 pervqua:

106 4807 213 4855 νοις
247 4790 378 4861 περὶ
434 4790 528 4844 τοῦ
577 4793 920 4863 Σολομῶντος
949 4785 1106 4864 εὗρεν
1147 4794 1176 4846 ὁ
1219 4793 1397 4861 λόγος.
1427 4794 1494 4847 δι’
1523 4787 1598 4848 ὧν
1630 4797 1692 4848 τὸ

1789 4787 1928 4843 illud
1960 4789 2027 4843 de
2071 4790 2274 4859 templo
2303 4790 2624 4861 mysterium
2663 4793 2716 4845 in
2761 4792 2854 4846 tali
2894 4809 3129 4864 persona
3165 4795 3371 4851 descri-

113 4882 234 4952 περὶ
283 4878 383 4932 τοῦ
420 4877 550 4934 ναοῦ
603 4882 899 4952 μυστήριον
954 4884 1014 4935 ὲν
1066 4882 1260 4954 ἐκείνῳ
1305 4883 1384 4954 τῷ
1413 4883 1692 4954 προσώπῳ

1790 4881 1974 4940 bitur:
2022 4881 2104 4936 sic
2133 4881 2298 4936 etiam
2342 4897 2410 4937 ex
2445 4882 2638 4937 ferculi
2680 4885 3096 4941 constructione
3157 4888 3379 4958 signiti-

106 4971 468 5041 διαγράφεται
492 4985 506 5000 ⁸
552 4970 694 5024 οὕτω
729 4972 822 5024 καὶ
869 4971 957 5025 διὰ
984 4973 1083 5043 τῆς
1124 4971 1218 5026 τοῦ
1266 4972 1483 5043 φορείου
1519 4991 1691 5026 κατα-

111 5064 311 5133 σκευῆς
337 5065 371 5133 ἡ
408 5065 536 5132 περὶ
557 5064 716 5132 ήμῶν
741 5063 1022 5133 οἰκονομία
1055 5063 1493 5134 διασημαίνεται.
1525 5064 1694 5118 Πολυο

113 5157 325 5219 τρόπως
379 5155 488 5225 γὰρ
521 5156 702 5220 ὁΘεός
745 5157 804 5209 ἐν
837 5159 949 5221 τοῖς
996 5155 1167 5220 ἀξίοις
1205 5156 1398 5210 ἑαυτοῦ
1444 5157 1650 5226 γίνεται
1673 5197 1688 5220 ,

110 5246 290 5310 uad/,-
315 5247 542 5309 ἕκαστος
569 5247 636 5300 ἂν
654 5247 749 5319 ἔχῃ
789 5248 1070 5319 δυνάμεώς
1088 5265 1148 5302 τε
1176 5249 1271 5302 καὶ
1305 5247 1482 5314 ἀξίας,
1521 5247 1694 5312 οὕτως

111 5337 167 5388 ἐν
219 5337 437 5406 ἑκάστῳ
474 5337 771 5406 γινόμενος.
813 5337 870 5390 '0
917 5338 1014 5407 μὲν
1039 5338 1148 5408 γάρ
1177 5355 1263 5400 τις
1293 5339 1503 5406 γίνεται
1555 5337 1692 5392 Θεοῦ

112 5426 296 5493 τόπος,
341 5428 372 5479 ὁ
418 5427 474 5480 δὲ
519 5423 690 5491 οἶκος,
713 5426 871 5491 ἄλλος
900 5428 957 5481 δὲ
984 5427 1192 5501 θρόνος,
1227 5429 1323 5484 καὶ
1343 5427 1530 5498 ἔτερος
1561 5427 1694 5480 ὑπο-

113 5518 312 5572 πόδιον.
357 5519 512 5571 Ἐστι
557 5518 614 5572 δέ
657 5537 741 5583 τις
791 5520 886 5573 καὶ
938 5521 1093 5591 ἆρμα
1126 5520 1428 5591 γινόμενος,
1461 5519 1494 5589 ἢ
1528 5519 1695 5582 ἴππος

113 5608 346 5680 εὐήνιος,
376 5607 662 5680 δεχόμενος
691 5611 778 5680 ἐφ’
812 5611 1007 5665 ἑαυτοῦ
1050 5611 1141 5665 τὸν
1176 5611 1380 5680 ἀγαθὸν
1407 5610 1694 5681 ἐπιϐάτην,

1791 4982 1950 5027 catur
1970 4972 2040 5027 de
2071 4974 2231 5028 nobis
2264 4973 2634 5045 dispensatio.
2685 4974 2873 5032 Multis
2903 4978 3049 5032 enim
3081 4979 3261 5034 modis
3291 4989 3378 5036 est

1795 5065 1940 5122 Deus
1984 5065 2040 5120 in
2079 5067 2148 5120 iis
2182 5066 2276 5136 qui
2307 5074 2438 5122 sunt
2468 5083 2530 5123 se
2555 5067 2733 5138 digni,
2764 5077 2928 5139 prout
2971 5069 3078 5124 fert
3112 5071 3379 5126 uniuscu-

1797 5158 1998 5228 jusque
2037 5157 2301 5222 facultas,
2329 5168 2385 5214 et
2411 5159 2495 5216 sic
2541 5175 2874 5231 unoquoque
2923 5170 3006 5216 est
3041 5161 3257 5228 dignus.
3295 5161 3380 5216 Fit

1799 5249 1947 5302 enim
2003 5248 2205 5319 aliquis
2254 5249 2410 5304 locus
2454 5249 2570 5312 Dei,
2613 5249 2759 5304 alius
2809 5266 2941 5305 vero
2988 5251 3210 5316 domus,
3237 5252 3378 5306 alius

1801 5349 1980 5394 autem
2011 5341 2191 5404 sedes,
2219 5348 2272 5395 et
2298 5341 2440 5396 alius
2470 5341 2796 5397 scabellum.
2826 5339 2925 5397 Est
2955 5342 3120 5397 etiam
3153 5343 3376 5412 aliquis,

1800 5433 1895 5501 qui
1927 5431 2158 5487 ell'ectus
2205 5447 2430 5497 currus,
2463 5441 2520 5490 et
2558 5438 2740 5504 equits
2797 5433 2893 5503 qui
2947 5431 3178 5489 habenis
3221 5432 3380 5488 facile

1802 5525 2035 5596 regitur,
2055 5526 2370 5597 suscipiens
2389 5527 2598 5582 bonum
2623 5539 2784 5583 suum
2813 5539 3110 5588 sessorem,
3137 5533 3191 5580 et
3214 5534 3380 5595 prout

1805 5615 2026 5674 videtur
2065 5619 2120 5674 ei
2163 5618 2262 5689 qui
2293 5617 2504 5690 dirigit,
2535 5633 2762 5676 cursum
2805 5633 2969 5675 suum
3021 5617 3266 5673 coniicit.
3307 5613 3375 5672 Ut

181 5785 231 5818 "
289 5783 449 5840 Joan.
511 5801 567 5854 ν,
611 5786 701 5843 22.
778 5789 823 5822 ³⁷
871 5769 1003 5848 ibid.
1055 5787 1144 5845 50.
1220 5789 1266 5822 ³³
1332 5788 1477 5845 Psal.
1525 5803 1693 5858 txvn,
1748 5787 1840 5844 32.
