1927 3108
237 181 285 209 ιιι

856 179 884 206 S.
899 178 1063 207 GRECORII
1076 178 1118 206 Νἴ
1126 179 1223 206 SSEM

1824 182 1875 210 ινιτ

198 266 209 276 ⁸
237 242 328 264 autem
356 242 430 262 nunc
455 234 599 266 docemur.
631 235 660 262 ﬁt
687 234 769 262 etiam
799 234 935 269 quispiam
967 233 1019 268 ejus

1080 234 1125 260 καὶ
1134 234 1201 270 πρὸς
1213 234 1243 261 τὺ
1257 233 1352 260 δοκοῦν
1363 234 1402 269 τῷ
1416 234 1552 261 εὖθύνοντι
1570 235 1683 262 διανύων
1697 236 1743 262 τὸν
1757 236 1872 272 δρόμον.

238 282 384 312 ferculum.
402 280 451 315 qui
470 288 502 308 ex
518 280 593 307 illius
620 280 756 316 sapientia
770 286 824 307 nou
849 280 940 307 solum
958 286 1027 306 con-

237 328 355 356 struitur
367 335 400 354 ex
419 326 501 362 lignis
515 325 622 358 Libani.
640 325 687 354 sed
701 326 783 353 etiam
799 332 867 352 auro
879 328 1028 360 etargento

235 378 263 402 et
286 380 410 410 purpura
434 376 461 400 et
487 372 604 408 gemmis
632 371 831 399 convenienter
858 374 976 398 ornatur
999 370 1027 398 in

236 427 405 455 unaquaque
418 423 506 453 parte,
527 425 576 453 per
591 425 653 453 quae
669 418 791 446 charilas
805 417 866 452 ejus
879 417 973 444 eﬁicax
987 416 1026 449 ﬁt,

235 474 290 493 non
307 466 438 493 omnibus
454 464 629 500 capientibus
654 464 799 491 charitatis
827 464 1026 500 operationem,

234 512 282 540 sed
294 512 318 539 si
329 519 383 546 qua
398 510 452 538 ﬁlia
463 518 592 546 supermc
605 509 758 537 Jerusalem
771 518 832 544 quae
846 514 887 537 est
899 510 1025 540 libera",

232 558 412 592 cognoscitur
430 565 477 593 per
492 557 588 584 vitam.
610 556 699 591 Atque
715 557 789 592 quod
807 558 830 584 is
848 556 959 592 quidem
980 556 1025 591 qui

233 605 261 632 in
278 612 307 632 sc
324 603 377 632 fert
405 603 503 635 Deum,
529 603 566 630 sit
594 602 727 630 ferculum
759 603 819 637 ejus
845 603 891 637 qui
922 603 947 629 iu
967 603 1026 636 ipso

232 650 352 681 insidet.
380 649 559 677 manifestum
589 649 672 675 fuerit
699 649 781 675 etiam
808 649 969 683 priusquam
991 647 1025 674 de

231 704 265 724 eo
284 697 438 732 loquamur.
459 695 510 729 Qui
536 696 625 726 enim,
650 695 728 729 juxta
752 699 878 721 sanctum
899 695 1023 724 Paulum,

234 749 289 769 non
307 741 427 776 amplius
443 741 511 768 vivit
524 741 594 776 ipse,
615 741 663 768 sed
689 741 715 767 in
739 748 768 767 se
789 741 925 767 viventem
944 741 1024 767 habet

231 786 373 814 Christum
389 786 422 818 ",
440 790 467 813 et
491 785 539 813 dat
563 786 781 820 experimentum
797 785 900 811 Christi
928 786 974 819 qui
996 786 1022 811 in

233 833 293 868 ipso
310 833 444 868 loquitur,
462 833 485 859 is
504 832 607 859 dicitur
622 835 648 859 et
664 832 691 858 ﬁt
708 832 841 859 ferculum
856 831 916 866 ejus
930 832 975 867 qui
991 832 1024 858 ali

233 879 293 914 ipso
323 880 412 906 fertur
431 883 459 906 et
485 883 621 914 portatur.
647 878 699 905 Sed
725 887 778 905 non
803 882 846 905 est
874 879 925 904 hoc
949 878 1022 912 quod

232 926 374 960 quaeritur.
390 926 458 953 Illud
471 925 564 960 potius
578 929 688 959 oportet
704 924 851 959 diligenter
868 924 1022 957 attendere,

231 972 297 1007 quid
313 972 366 1000 sibi
382 972 442 999 vult
458 971 533 999 raria
545 975 572 998 et
588 971 730 1006 multiplex
747 972 872 998 materia.

267 1112 412 1146 Quomodo
428 1121 494 1148 ergo
509 1118 608 1148 praeter
622 1121 732 1144 aurum,
748 1118 906 1148 argentum,
918 1119 945 1141 et
959 1123 1023 1149 ptir-

232 1166 338 1193 purum,
363 1154 391 1186 ἐι
420 1166 543 1193 gemmas
572 1160 725 1186 assumitur
757 1160 824 1194 ligni
860 1165 956 1186 natura
990 1161 1022 1187 ad

232 1205 471 1233 constructionem
487 1205 583 1232 l'erculi
599 1205 702 1239 ?:'llqui
728 1205 838 1239 sapiens
854 1206 1023 1232 architectus

231 1249 333 1278 Paulus
357 1250 559 1286 repudiandum
585 1256 680 1278 censet
704 1252 806 1286 lignum
831 1259 892 1278 cum
922 1252 984 1278 leno
997 1256 1023 1277 et

233 1296 333 1332 stipula
349 1295 383 1323 ad
398 1295 498 1323 domus
522 1296 744 1328 aediﬁcationem,
778 1301 807 1323 ut
824 1296 895 1331 quod
919 1304 1019 1323 consu-

231 1347 324 1369 matur
339 1349 354 1368 a
369 1342 394 1369 vi
413 1341 485 1377 ignis
502 1347 694 1372 consumente.
716 1351 777 1377 qua:
793 1351 862 1377 optts
880 1343 975 1377 probat
989 1342 1020 1368 “.

231 1388 285 1416 Sed
302 1388 407 1415 scimus
422 1395 484 1415 esse
500 1388 621 1423 aliquam
641 1388 706 1423 ligni
725 1392 864 1421 naturam,
879 1396 938 1423 qum
950 1388 976 1415 in
990 1396 1022 1414 co

231 1434 303 1469 quod
337 1438 391 1466 est,
426 1441 482 1461 non
518 1440 682 1469 permanet,
719 1434 765 1461 sed
806 1435 922 1469 seipsam
960 1442 1020 1460 mu-

231 1484 270 1507 tat
288 1479 316 1507 in
341 1487 451 1512 aurum,
481 1483 528 1506 aut
556 1484 711 1514 argentum,
745 1483 792 1506 aut
821 1480 924 1514 aliquid
948 1480 1020 1506 aliud

230 1526 393 1561 pretiosum.
408 1526 438 1553 ln
457 1533 555 1560 magna
568 1526 640 1552 enim
658 1525 702 1552 Dei
717 1525 801 1553 domo
819 1528 856 1552 ait
872 1526 1020 1560 Apostolus

1084 280 1128 312 Ὠς
1140 280 1169 307 δὲ
1180 281 1229 308 νῦν
1245 280 1435 315 διδασκόμεθα,
1454 281 1501 308 καὶ
1515 283 1623 317 φορεῖον
1638 282 1721 310 αὑτοῦ
1736 291 1785 315 τις
1804 283 1874 318 γίνε-

1078 334 1133 357 ται,
1146 327 1160 350 ὁ
1172 326 1243 353 κατὰ
1259 325 1308 361 τὴν
1321 326 1426 353 ἐκείνου
1448 326 1544 361 σοφίαν
1557 327 1588 354 οὐ
1606 327 1685 363 μόνον
1697 329 1755 360 τοῖς
1774 330 1811 355 ὲκ
1828 328 1872 355 πᾶ

1077 371 1195 398 Λιϐάνου
1217 371 1489 407 κατασκευαζόμενος
1507 372 1604 406 ξύλοις,
1619 373 1687 401 ἀλλὰ
1707 374 1756 401 καὶ
1776 375 1874 410 χρυσῷ

1078 418 1129 444 καὶ.
1143 418 1267 454 ἀργυρίῳ
1284 418 1331 445 καὶ
1349 418 1478 454 πορφύρᾳ
1492 419 1538 445 καὶ
1551 418 1635 451 λίθοις
1648 420 1833 456 καταλλήλως
1845 422 1873 447 ἐν

1077 464 1185 499 ἑκάστῳ
1204 464 1292 501 μέρει,
1302 464 1335 491 δι’
1348 461 1411 500 ὦνή
1430 465 1523 500 ἀγάπη
1535 465 1618 492 αὐτοῦ
1626 466 1737 502 ἐνεργὸς
1746 468 1872 501 γίνεται.

1076 511 1106 536 ού
1123 510 1231 537 πάντων
1255 511 1414 546 χωρούντων
1431 512 1481 546 τὴν
1500 513 1549 546 τῆς
1567 511 1678 548 ἀγάπης
1702 512 1851 548 ἐνέργειαν
1863 522 1871 529 ·

1076 557 1133 583 ἁλλ’
1150 558 1175 583 εἴ
1189 566 1229 588 τις
1247 557 1369 592 θυγάτηρ
1381 558 1429 592 τῆς
1451 558 1506 584 ἂνω
1528 559 1704 594 Ἰερουσαλὴμ
1719 559 1775 593 τῆς
1793 560 1872 586 ἐλευ-

1077 602 1157 638 θέρας
1185 603 1227 629 διὰ
1249 603 1294 629 τοῦ
1311 604 1367 639 βίου
1391 603 1557 638 γνωρίζοιτο.
1572 604 1633 630 Ὅτι
1650 604 1698 639 μὲν
1715 603 1765 632 οὖν
1789 606 1806 632 ὀ
1824 606 1872 632 τὸν

1075 649 1141 675 Θεὸν
1155 650 1183 675 ὲν
1198 649 1285 684 ἐαυτῷ
1300 650 1400 684 φέρων.
1416 650 1522 685 φορεῐὸν
1536 651 1592 676 ἐστι
1604 650 1651 677 τοῦ
1663 651 1692 677 ὲν
1709 651 1791 686 αὐτῷ
1804 660 1872 678 χατ-

1075 694 1212 725 οικοῡντος
1225 695 1270 720 καὶ
1288 694 1494 729 χαθεόουμένου,
1510 695 1586 729 δῆλον
1606 696 1652 722 καὶ
1667 695 1720 731 πρὸ
1731 696 1789 722 τῶν
1805 698 1874 732 ἡμε-

1075 742 1161 776 τέρων
1176 742 1262 775 λόγων
1279 742 1311 768 ἂν
1332 742 1384 776 εῐη.
1405 741 1433 767 '0
1450 741 1503 776 γὰρ
1515 741 1585 767 κατὰ
1595 741 1639 767 τὸν
1654 741 1732 776 ἅγιον
1746 742 1871 774 Παῦλον,

1077 787 1174 822 μηκέτι
1200 787 1280 818 αὐτὸς
1302 787 1366 819 ζῶν,
1386 787 1454 813 ἀλλὰ
1473 787 1562 818 ζῶντα
1586 787 1655 822 ἔχων
1672 788 1700 814 ἐν
1720 788 1872 823 ἐαυτῷτὺν

1075 834 1201 869 Χριστὸν,
1216 834 1262 860 καὶ
1279 833 1394 868 δοκιμὴν
1412 833 1497 864 διδους
1521 832 1568 859 τοῦ
1590 834 1619 858 ὲν
1636 833 1711 869 αὐτῷ
1722 833 1871 866 λαλοῦντος

1076 881 1203 915 Χριστοῦ,
1224 877 1301 911 οὗτος
1321 881 1422 915 κυρίως
1443 881 1549 914 φορεῖον
1570 879 1677 914 λέγεται
1698 880 1870 914 καὶγίνεται

1074 926 1121 952 τοῦ
1138 927 1165 952 ἐν
1179 925 1253 960 αὐτῴ
1266 925 1415 961 φερομένου
1428 925 1474 951 καὶ
1488 925 1532 950 ὑπ’
1549 924 1631 951 αύτοῦ
1648 923 1869 960 βασταζομένου.

1082 971 1150 997 Ἀλλ’
1163 972 1192 997 ού
1208 971 1286 997 τοῦτό
1308 972 1365 997 ἐστι
1389 970 1419 996 τὸ
1443 970 1616 1006 ζητούμενον.
1638 970 1780 996 Ἐκείνοδὲ
1798 971 1868 1005 μ.ιῦ-

1075 1019 1118 1044 λον
1130 1019 1262 1053 προσήκει
1279 1018 1311 1043 δι’
1328 1017 1485 1052 ἐπιμελείας
1504 1018 1681 1051 κατανοῆσαι,
1696 1016 1725 1042 τί
1742 1016 1870 1051 βούλεται

1074 1064 1104 1090 τὸ
1118 1065 1166 1099 τῆς
1180 1064 1244 1099 ὕλης
1256 1064 1376 1090 ποικίλον
1390 1072 1419 1089 τε
1432 1064 1479 1089 καὶ
1493 1063 1641 1093 πολυειδές.

1110 1104 1172 1140 Πῶς
1187 1107 1233 1135 οὖν
1248 1108 1547 1143 συμπαραλαμϐάνεται
1557 1107 1660 1143 χρυσίῳ
1673 1107 1717 1133 καὶ
1730 1108 1869 1143 ἀργυρίῳ,

1074 1156 1121 1181 καὶ
1136 1155 1273 1190 πορφύρᾳ,
1293 1155 1339 1180 καὶ
1364 1154 1447 1185 λίθοις
1470 1155 1485 1189 ὴ
1509 1154 1555 1180 τοῦ
1573 1153 1650 1185 ξύλου
1666 1153 1748 1187 φύσις
1760 1154 1804 1185 εἰς
1818 1154 1870 1189 τὴν

1074 1201 1244 1235 κατασκευὴν
1255 1200 1302 1226 τοῦ
1316 1200 1425 1235 φορείου
1437 1209 1443 1232 ;
1460 1200 1514 1226 Καί
1527 1200 1566 1225 τοί
1579 1207 1610 1233 γε
1625 1199 1655 1225 τὸ
1665 1198 1745 1232 ξύλον
1757 1201 1772 1225 ὁ
1786 1200 1871 1233 σοῖδς

1073 1247 1239 1282 ἀρχιτέκτων
1258 1246 1374 1278 Παῦλος,
1393 1246 1461 1281 μετὰ
1478 1245 1525 1272 τοῦ
1539 1246 1634 1280 χόρτου
1650 1246 1697 1272 καὶ
1711 1245 1763 1279 τῆς
1782 1245 1871 1272 καλά-

1074 1303 1127 1329 μης
1153 1295 1193 1325 είς
1218 1294 1267 1329 τὴν
1282 1293 1424 1328 οἰκοδομὴν
1437 1292 1483 1319 τοιῖ
1496 1293 1570 1319 οίκου
1585 1292 1674 1327 κρίνει
1696 1291 1867 1327 ἀπόϐλητον,

1072 1340 1148 1374 ὠςτῇ
1161 1340 1312 1374 ἀναλωτικῇ
1329 1338 1376 1365 τοῦ
1394 1339 1478 1373 πυρίις
1495 1338 1607 1373 δυνάμει
1620 1339 1653 1374 τῇ
1673 1337 1864 1373 δοκιμαζούσῃ

1071 1385 1101 1411 τὸ
1122 1386 1201 1420 ἔργον
1225 1384 1457 1418 ἐνδαπανώμενον.
1486 1383 1556 1409 Ἀλλ’
1573 1383 1683 1417 οῐδαμέν
1706 1386 1769 1410 τινά
1787 1383 1868 1417 ξύλου

1072 1432 1153 1465 φύσιν
1170 1432 1206 1466 μὴ
1222 1431 1400 1466 διαμένουσαν
1416 1431 1445 1456 ὲν
1459 1425 1481 1462 ᾦ
1492 1430 1576 1460 ἐστιν,
1590 1429 1656 1455 ἀλλὰ
1671 1429 1740 1464 πρὸς
1752 1429 1866 1465 χρυσὸν,

1071 1478 1087 1512 ἦ
1100 1478 1228 1512 ἄργυρον,
1242 1477 1258 1511 ἦ
1273 1476 1336 1503 ἄλλο
1349 1485 1374 1502 τι
1392 1475 1445 1505 τῶν
1458 1475 1555 1510 τιμίων
1563 1474 1662 1510 ἑαυτὴν
1675 1474 1866 1510 μεταϐάλλου-

1072 1532 1131 1549 σαν.
1169 1523 1213 1548 Ἐν
1242 1523 1295 1557 γὰρ
1326 1523 1359 1557 τῇ
1387 1521 1491 1556 μεγάλῃ
1520 1520 1566 1547 τοῦ
1584 1519 1651 1546 Θεοῦ
1664 1520 1740 1556 οἰκίᾳ
1758 1521 1869 1556 φησὶνό

229 1580 291 1600 esse
306 1579 372 1600 vasa
386 1576 484 1599 natura
502 1579 583 1599 aurea
599 1575 626 1598 et
641 1576 769 1606 argentea
780 1572 801 1587 ⁸¹
811 1593 818 1604 ,
835 1580 932 1606 nempe
943 1579 1019 1598 crea-

1077 1568 1237 1599 Ἀπ’ἱστολος
1248 1568 1281 1594 τὰ
1296 1568 1345 1603 μὲν
1359 1566 1426 1594 εἶναι
1436 1568 1524 1603 χρυσὶ
1537 1569 1569 1603 τῇ
1587 1567 1677 1602 φύσει,
1693 1567 1742 1594 καὶ
1757 1568 1868 1602 ἀργυρᾶ.

230 1622 319 1645 turam
333 1617 522 1651 incorpoream
541 1622 568 1644 et
585 1616 784 1651 intelligentem
805 1625 853 1651 per
863 1617 919 1643 hmc
934 1616 1018 1643 tacite

230 1662 389 1699 signiﬁcans
406 1662 542 1695 fortasse;
559 1670 606 1697 per
623 1662 679 1688 lucc
696 1662 784 1697 lignea
801 1670 864 1689 vero
877 1667 904 1689 et
927 1662 1017 1689 {iutilia

230 1716 280 1736 nos
289 1708 407 1735 fortasse
418 1707 608 1739 subindicaus,
631 1716 701 1741 quos
715 1712 837 1734 terrenos
847 1707 910 1734 fecit
926 1707 1018 1734 inobe—

229 1754 332 1783 dientia
368 1757 395 1781 et
418 1753 516 1781 ﬁctiles
536 1758 699 1788 :peccatum
729 1757 818 1779 autem
846 1760 894 1787 per
916 1753 1016 1787 lignum

228 1800 411 1828 commissum
434 1807 485 1828 nos
503 1799 569 1827 fecit
593 1808 657 1826 rasa
684 1800 771 1834 lignea
795 1807 826 1826 ex
849 1799 950 1826 aureis.
966 1799 1018 1826 Pro

229 1845 360 1881 dignitate
373 1850 462 1872 atttem
477 1845 597 1872 materiae
608 1844 714 1871 divisus
732 1849 774 1871 est
788 1844 869 1870 etiam
887 1851 954 1871 usus
971 1852 1017 1870 va-

229 1899 331 1920 sorum.
343 1890 411 1918 Nam
431 1899 492 1926 quae
505 1895 570 1918 sunt
585 1899 616 1918 ex
635 1890 789 1925 pretiosiori
804 1890 929 1922 materia,
947 1889 1019 1916 ordi-

228 1940 292 1964 nata
309 1940 373 1964 sunt
387 1941 414 1963 et
425 1936 553 1971 deputata
569 1935 601 1961 ad
614 1935 744 1962 honorem
758 1944 765 1967 ς
782 1935 832 1961 alia
848 1938 938 1961 autent
954 1939 1018 1961 sunt

228 1983 335 2016 ahjecta
351 1981 385 2009 ad
401 1986 480 2016 turpe
496 1986 523 2009 et
537 1982 749 2016 ignominiosum
763 1980 954 2007 ministerium.
965 1979 1016 2007 Sed

228 2026 294 2062 quid
306 2026 340 2054 de
356 2026 457 2054 talibus
468 2024 534 2053 dicit
547 2025 668 2052 Paulus?
683 2024 731 2052 Est.
747 2026 775 2051 in
785 2025 859 2052 vasis
883 2028 1017 2059 potestate

228 2080 261 2100 ex
269 2079 318 2099 sua
328 2071 406 2099 liberi
417 2071 674 2102 arbitriielectione,
686 2071 726 2098 vel
740 2078 853 2098 aureum
867 2078 899 2097 ex
914 2070 1015 2105 ligneo,

228 2119 270 2146 vel
285 2121 442 2153 argenteum
456 2117 515 2145 ﬁeri
528 2125 562 2145 ex
577 2117 662 2144 ﬁctili.
685 2117 714 2143 Si
728 2117 787 2151 quis
810 2117 888 2145 enim,
919 2115 1016 2150 inquit,

229 2165 343 2199 seipsum
362 2162 553 2195 emundarert't,
573 2163 624 2189 erit
640 2171 684 2189 vas
708 2162 820 2188 Domino
836 2163 862 2187 in
880 2161 1016 2193 honorem,

230 2211 264 2237 ad
278 2217 354 2237 omne
366 2217 431 2244 opus
445 2209 541 2235 bonum
556 2213 681 2243 paratum
691 2208 722 2234 ³³.
739 2207 820 2234 Forte
837 2215 902 2242 ergo
915 2215 964 2241 per
983 2215 1015 2233 ca

1074 1615 1169 1649 σκεύη,
1186 1616 1235 1649 τὴν
1249 1614 1404 1649 ἀσώματον,
1425 1611 1512 1649 οἶμαι,
1533 1613 1580 1640 καὶ
1602 1610 1698 1649 νοερὰν
1714 1613 1809 1639 κτίσιν
1824 1613 1867 1639 διὰ

1072 1663 1173 1688 τούτων
1193 1661 1433 1694 ὑπαινισσόμενος’
1453 1660 1487 1686 τὰ
1502 1659 1530 1686 δὲ
1543 1659 1635 1692 ξύλινά
1654 1667 1684 1685 τε
1698 1659 1748 1685 καὶ
1764 1660 1867 1695 ὀστρά-

1072 1716 1142 1738 κινα,
1158 1708 1232 1742 ἡμᾶς
1248 1707 1317 1741 τάχα
1332 1706 1375 1732 διὰ
1389 1706 1490 1732 τούτων
1504 1705 1710 1740 ἀποσημαίνων,
1732 1705 1782 1737 οὓς
1798 1706 1868 1732 ἀπε-

1071 1754 1173 1787 γοιίωσε
1198 1753 1276 1787 μὲνὴ
1296 1751 1423 1787 παρακοὴ
1443 1752 1489 1778 καὶ
1503 1751 1683 1786 ὁστρικίνους
1715 1751 1865 1787 ἐποίησεν·

1070 1802 1086 1835 ἡ
1105 1800 1133 1827 δὲ
1141 1800 1183 1826 διὰ
1197 1799 1243 1826 τοῦ
1265 1799 1343 1832 ξύλου
1361 1798 1496 1834 ἁμαρτὰς,
1514 1797 1607 1830 ξύλινα
1623 1798 1698 1833 ἡμᾶς
1711 1798 1867 1834 σκεύηὼιτὶ

1071 1846 1178 1881 χρυσῶν
1197 1846 1391 1881 ἀπειργάσατο.
1408 1845 1582 1880 Μεμέρισται
1597 1844 1626 1871 δὲ
1638 1843 1705 1878 πρὸς
1719 1845 1773 1880 τὴν
1789 1845 1867 1879 ἀξίαν

1071 1893 1119 1927 τῆς
1128 1892 1193 1926 ὕλης
1204 1893 1249 1919 καὶ
1262 1893 1278 1927 ὴ
1290 1892 1343 1918 τῶν
1355 1891 1459 1917 σκευῶν
1472 1891 1580 1927 χρῆσις.
1591 1891 1631 1917 Τὰ
1643 1891 1692 1926 μὲν
1701 1891 1760 1926 γὰρ
1769 1900 1868 1928 τιμιω-

1071 1938 1151 1972 τέρας
1168 1937 1245 1971 ὒλης,
1270 1937 1310 1967 είς
1336 1936 1418 1972 τιμὴν
1435 1935 1621 1963 ἀποτέτακται
1635 1944 1641 1951 '
1660 1936 1695 1962 τὰ
1708 1936 1740 1962 δὲ
1764 1938 1807 1969 εἰς
1818 1938 1868 1973 τὴν

1071 1984 1166 2018 ἄτιμον
1189 1982 1339 2017 ὑπηρεσίαν
1367 1982 1545 2018 ἀπέρῤιπται.
1566 1981 1645 2008 Ἀλλὰ
1668 1982 1695 2008 τί
1709 1991 1780 2017 φησι
1804 1984 1868 2019 πρὶ

1070 2026 1124 2052 τῶν
1134 2025 1260 2052 τοιούτοιν
1273 2026 1286 2051 ὁ
1295 2025 1399 2056 Παῦλος
1413 2034 1420 2057 ;
1439 2025 1500 2051 "(In
1515 2025 1639 2058 ἐξουσίαν
1653 2025 1712 2061 ἔχει
1728 2026 1761 2053 τδ
1769 2028 1868 2060 σκεῦος

1071 2072 1102 2098 ἐκ
1119 2072 1168 2105 τῆς
1196 2071 1263 2103 ἰδίας
1287 2071 1482 2106 προαιρέσεως,
1499 2071 1515 2106 ἧ
1531 2070 1646 2106 χρύσεον
1671 2071 1726 2098 ἀπὸ
1747 2072 1865 2106 ξυλίνου,

1070 2118 1086 2152 ἥ
1101 2117 1234 2152 ἀργύρεον
1247 2116 1293 2142 ἀπ’
1305 2117 1465 2151 ὀστρακίνου
1489 2116 1626 2150 γενέσθαι.
1647 2116 1721 2144 Ἐὰν
1738 2118 1797 2152 γάρ
1809 2126 1864 2151 τις.

1071 2172 1107 2198 φη
1113 2164 1162 2192 εἰν,
1175 2162 1323 2197 ἐκκαθάρῃ
1332 2162 1450 2192 ἑαυτὸν,
1460 2162 1545 2188 ἔσται
1553 2162 1664 2195 σκεῦος
1671 2163 1716 2196 εις
1724 2164 1818 2199 τιμὴν
1826 2163 1865 2196 τῷ

1071 2209 1217 2242 Aea-16:11,
1237 2208 1310 2242 πρὸς
1331 2208 1391 2235 πᾶν
1402 2208 1491 2242 ἔργον
1502 2208 1615 2242 ἀγαθὸν
1626 2209 1862 2244 ἡτοιμασμένον.

228 2264 290 2292 qua:
300 2255 372 2284 dicta
385 2258 460 2287 sunt,
476 2253 637 2281 adducimur
650 2253 683 2280 ad
695 2252 860 2288 propositam
873 2252 932 2286 ejus
943 2252 1016 2287 quod

1073 2256 1145 2290 Τάχα
1159 2256 1247 2282 τοίνυν
1262 2255 1305 2281 διὰ
1315 2255 1369 2281 τῶν
1381 2255 1532 2290 εἰρημένων
1547 2255 1746 2290 προσαγόμεθά
1759 2265 1818 2289 πως
1830 2258 1862 2292 τῇ

229 2302 328 2329 lectum
344 2305 386 2329 est
401 2300 669 2335 contemplationem.
690 2298 766 2326 Mons
778 2298 934 2325 Libanusiu
947 2299 1017 2325 mul-

230 2347 264 2374 tis
280 2346 348 2373 locis
362 2350 463 2374 sanctae
484 2344 631 2380 Scriptura:
654 2347 892 2375 commemoratur,
917 2343 949 2370 ad
976 2344 1017 2370 in-

228 2391 373 2419 dicandum
387 2391 570 2419 adversariam
584 2394 755 2425 potestatem,
782 2394 810 2415 ut
823 2388 933 2423 quando
950 2389 1016 2416 dicit

228 2444 278 2472 per
300 2435 463 2471 Prophetam
481 2444 487 2462 :
505 2434 627 2463 Conteret
645 2434 774 2461 Dominus
794 2434 886 2460 cedrus
908 2433 1015 2465 Libani,

228 2488 254 2510 σι
269 2483 487 2510 comminueteas
509 2485 535 2508 et
559 2480 690 2507 Libanum
709 2486 737 2506 ut
762 2480 871 2506 ritulum
894 2480 970 2506 illum
981 2480 1014 2510 ³⁸,

227 2529 275 2566 qui
288 2528 393 2557 scilicet
408 2527 459 2555 fuit
473 2534 488 2554 ιι
506 2526 580 2555 Mose
595 2527 780 2554 comminutus
797 2527 824 2553 in
844 2527 964 2558 deserto,
989 2530 1015 2552 et

227 2580 341 2612 propter
365 2574 542 2603 subtilitatem
560 2572 648 2601 factus
662 2573 712 2600 fuit
726 2574 854 2608 potabilis
872 2573 1013 2600 lsraelitis.

227 2622 277 2650 llic
300 2621 372 2649 enim
390 2620 562 2656 signiﬁcatur
586 2628 633 2654 per
658 2620 838 2654 prophetiam,
868 2619 940 2654 quod
958 2627 1013 2646 non

227 2670 316 2697 solum
332 2668 403 2695 mala
417 2675 478 2702 qua!
491 2670 551 2694 orta
572 2670 636 2693 sunt
651 2674 683 2694 ex
697 2665 853 2693 adversaria
868 2669 1012 2700 potestate,

228 2714 276 2742 sed
292 2715 374 2741 etiam
390 2713 448 2748 ipse
462 2720 542 2740 mons
552 2712 639 2746 prima
655 2712 718 2738 mali
733 2711 810 2737 radix
823 2710 954 2742 Libanus,
966 2711 1013 2745 qui

228 2760 298 2787 clam
313 2759 386 2786 fovet
407 2757 542 2793 ejusmodi
567 2757 695 2784 arborum
723 2757 830 2788 silvam.
850 2756 882 2783 ad
899 2757 1012 2783 nihilum

228 2805 375 2840 redigetur.
390 2804 446 2833 Nos
463 2811 528 2840 ergo
545 2803 647 2831 fuimus
662 2803 770 2838 quidem
786 2802 1013 2838 aliquandoligna

265 2862 287 2877 "
314 2861 403 2889 Galat.
435 2870 454 2894 ι,
480 2861 526 2889 ΞΟ.

231 2896 253 2912 ’δ
269 2895 341 2923 Psal.
358 2904 456 2929 “riu,
477 2897 493 2923 5
508 2904 568 2931 sqq.

589 2862 610 2877 '°
637 2861 659 2888 ll
683 2862 746 2889 Cor.
776 2869 816 2894 ιιι,
835 2861 876 2889 12.

939 2863 960 2877 “
979 2862 1062 2890 lCor.
1088 2869 1134 2895 ιιι,
1150 2860 1192 2887 l2.

1070 2300 1236 2336 προκειμένῃ
1251 2300 1350 2335 θεωρία
1366 2299 1413 2325 τοῦ
1431 2299 1521 2334 λόγου.
1541 2299 1578 2326 Τὸ
1593 2299 1655 2334 ὅρος
1672 2301 1687 2326 ὁ
1701 2300 1821 2333 Λίϐανος
1833 2301 1864 2327 ἔν

1068 2346 1173 2377 πολλοῖς
1188 2346 1237 2380 τῆς
1250 2346 1329 2378 ἁγίας
1341 2345 1451 2380 Γραφῆς
1463 2346 1501 2377 εἰς
1513 2345 1624 2377 ἔνδειξιν
1636 2346 1686 2381 τῆς
1702 2345 1863 2382 ἀντικειμέ-

1067 2400 1116 2427 νης
1143 2391 1284 2425 δυνάμεως
1309 2391 1523 2425 μνημονεύεται·
1540 2391 1577 2423 ὡς
1591 2391 1654 2417 ὅταν
1668 2391 1745 2425 λέγει
1760 2392 1804 2420 διὰ
1815 2392 1860 2419 τοῦ

1067 2438 1225 2472 Προφήτου·
1241 2437 1281 2463 ὅτι
1299 2437 1457 2471 Συντρίψει
1473 2437 1579 2471 Κύριος
1593 2438 1647 2470 τὰς
1665 2437 1797 2472 κέἳρσυς
1808 2438 1860 2466 τοῦ

1069 2481 1208 2513 Λιϐάνου,
1219 2481 1267 2507 καὶ
1275 2481 1419 2507 λεπτυνεῖ
1425 2481 1517 2514 αὑτάς
1524 2490 1555 2508 τε
1563 2481 1611 2508 καὶ
1621 2482 1676 2509 τὸν
1683 2483 1861 2515 Λίϐανονῶς

1069 2528 1122 2554 τὸν
1133 2528 1253 2562 μόσχον
1265 2526 1394 2558 ἐκεῖνον,
1412 2526 1513 2562 δηλαδὴ
1529 2527 1575 2554 τὸν
1586 2527 1655 2563 ἐντῇ
1668 2527 1769 2564 ἐρήμῳ
1779 2537 1847 2555 κατα

1068 2573 1214 2599 λεανθέντα
1229 2572 1281 2598 ὑπὸ
1293 2572 1339 2598 τοῦ
1352 2572 1500 2604 Μωῡσέως,
1519 2574 1565 2599 καὶ
1577 2573 1692 2608 πότιμον
1705 2573 1751 2601 διὰ
1764 2574 1857 2602 λεπτό-

1067 2627 1137 2654 τητα
1155 2619 1210 2650 τοῖς
1231 2618 1410 2654 Ἰσραηλίταις
1426 2619 1582 2654 γενόμενον.
1594 2619 1728 2654 Δηλοῦται
1740 2621 1798 2657 γὰρ
1809 2617 1857 2654 ᾦδε

1067 2665 1110 2691 διὰ
1134 2665 1186 2699 τῆς
1207 2664 1373 2699 προφητείας
1399 2665 1439 2690 ὅτι
1452 2665 1482 2690 οὐ
1498 2665 1578 2700 μόνον
1589 2665 1624 2692 τὰ
1633 2666 1775 2700 ἑκφυέντα

1067 2712 1115 2746 τῆς
1131 2711 1321 2745 ἀντικειμένης
1344 2710 1486 2745 δυνάμεως
1506 2711 1590 2743 κακὰ,
1606 2711 1676 2738 ἀλλὰ
1689 2712 1739 2739 καὶ
1755 2712 1817 2739 αὐτὸ
1828 2711 1856 2737 τὸ

1067 2758 1128 2791 ὄρος
1139 2758 1155 2792 ἡ
1168 2756 1260 2795 πρώτη
1273 2756 1320 2782 τοῦ
1332 2755 1418 2782 κακοῦ
1433 2756 1506 2792 ῥίζα,
1517 2756 1664 2789 ὀΔίϐανος,
1673 2759 1689 2784 ὀ
1698 2758 1856 2794 ὑποτρέφειν

1068 2802 1122 2829 τῶν
1133 2801 1260 2828 τοιούτων
1272 2801 1389 2837 δένδρων
1398 2802 1448 2837 τὴν
1460 2802 1536 2837 ὓλην,
1551 2803 1591 2834 εἰς
1599 2802 1629 2829 τὸ
1639 2802 1720 2838 μὴδν
1731 2803 1855 2840 περιστή-

1248 2863 1269 2878 ³¹
1290 2863 1311 2890 ll
1341 2862 1459 2890 Timolh.
1497 2870 1529 2895 ιι,
1558 2861 1604 2906 2Q.
1664 2863 1687 2879 ³³
1716 2865 1781 2893 ibid.
1812 2865 1854 2891 2i.
