3854 6216
112 301 230 357 $13

1167 316 1233 372 IN
1264 316 1563 372 CANTICA
1593 316 1865 376 CANTIC.
1908 318 2198 376 HUMILIA
2237 321 2349 380 VII.

3290 325 3399 380 9H

114 441 299 479 σεται.
322 423 538 480 Οὐκοῦν
565 428 728 500 ἡμεῖς
759 426 904 504 ἦμέν
935 451 1066 488 ποτε
1093 435 1186 489 τοῦ
1210 436 1442 490 Λιϐάνου
1468 436 1534 490 τά
1558 437 1712 504 ξύλα,

1840 438 2030 502 ιὶικιηὶ,
2061 448 2120 494 ιιι
2145 441 2239 510 qui
2266 441 2322 495 in
2353 441 2446 495 illo
2483 442 2696 497 radices
2719 443 3044 512 egissemus,
3073 457 3168 513 per
3199 445 3395 498 malam

114 516 234 581 ίως
259 519 316 570 ἐν
343 518 538 591 ἐκείνῳ
569 517 712 592 ἦμεν
739 524 1120 598 ἐρριζωμένοι,
1143 527 1232 580 διά
1264 545 1323 580 τε
1352 528 1446 580 τοῦ
1473 529 1710 599 πονηροῦ

115 607 273 678 βίου,
306 611 398 663 καὶ
419 613 519 682 τῆς
538 613 646 667 τῶν
671 615 904 670 εἰδώλων
934 618 1151 689 ἀπάτης
1171 636 1184 649 ·
1209 619 1322 672 ἀλλ’
1353 619 1541 690 ἐπειδὴ
1572 623 1714 674 ὲκεί-

116 698 222 751 θεν
261 701 369 754 ὐπὸ
417 703 517 774 τῆς
556 704 782 777 λογικῆς
829 707 1019 780 ἀξίνης
1059 709 1458 781 ὲξετμὴθημεν,
1509 713 1602 765 καὶ
1656 714 1714 764 ἐν

117 793 248 854 ταῖς
289 795 448 864 χερσὶ
484 796 576 848 τοῦ
618 797 860 868 τεχνίτου
912 801 1232 872 ἐγενόμεθα,
1272 807 1487 874 φορεῖον
1520 784 1712 858 ἑαυτοῦ

117 883 281 953 ἡμᾶς
315 886 559 956 ἐποίησε,
593 891 1083 962 μεταστοιχειώσας
1113 892 1204 945 τού
1241 893 1398 959 ξύλου
1429 894 1526 965 τὴν
1555 895 1716 964 φύσιν

119 973 218 1026 διὰ
250 977 352 1048 τῆς
403 979 820 1047 παλιγγενεσίας
856 985 935 1046 είς
971 983 1234 1055 ἀργύριόν
1264 1003 1324 1038 τε
1354 986 1444 1039 καὶ
1475 988 1717 1056 χρυσίον,

121 1066 227 1118 καὶ
257 1068 336 1128 εἰς
365 1068 566 1141 εὐανθῆ
596 1072 904 1142 πορφύραν,
940 1076 1034 1127 καὶ
1065 1079 1146 1139 εἰς
1165 1076 1264 1140 τὰς
1288 1076 1396 1130 τῶν
1429 1076 1590 1130 λίθων
1623 1078 1720 1131 αὐ-

119 1155 236 1222 γᾶς
257 1173 272 1185 ⁸
304 1158 396 1209 καὶ
420 1156 609 1230 ὥσπερ
639 1161 801 1230 φησὶν
845 1165 873 1216 6
918 1165 1258 1230 ’Λπόστολος,
1294 1167 1376 1220 ὅτι
1407 1168 1721 1235 Καταλλή-

120 1247 257 1311 λως
284 1246 562 1314 ἐμέρισεν
583 1249 865 1319 ἐκάστφό
892 1253 1037 1320 Θεὸς
1058 1255 1167 1320 τὰς
1191 1257 1296 1310 τοῦ
1329 1257 1502 1327 ἁγίου
1531 1259 1721 1313 Πνεύ-

123 1353 325 1405 ματος
355 1338 606 1408 δωρεάς·
668 1344 764 1397 καὶ
789 1338 832 1414 ᾧ
867 1345 966 1416 μὲν
1002 1347 1185 1402 δίδωσι
1216 1352 1553 1422 προφητείαν
1580 1353 1722 1408 κατά

125 1427 236 1499 τὴν
257 1431 548 1500 ἀναλογίαν
598 1434 697 1506 τῆς
738 1436 1005 1502 πίστεως·
1057 1440 1202 1512 ἄλλῳ
1247 1441 1304 1494 δὲ
1357 1442 1484 1496 ἄλλο
1509 1461 1562 1498 τι
1613 1445 1723 1498 τῶν

127 1522 553 1594 ἐνεργημάτων,
608 1527 744 1598 πρὸς
772 1527 800 1580 ὃ
833 1530 1075 1600 πέφυκέν
1120 1550 1178 1586 τε
1213 1536 1307 1587 καὶ
1340 1534 1566 1590 δύναται
1596 1537 1724 1590 ἓκα-

127 1628 270 1676 στος
297 1615 397 1686 τὴν
423 1617 584 1688 χάριν
635 1618 911 1686 δέξασθαι,
952 1624 1292 1696 ἢὸφθαλμδς
1331 1627 1426 1680 τοῦ
1476 1629 1726 1700 σώματος

125 1706 242 1777 τῆς
279 1708 605 1779 Ἐκκλησίας
643 1712 951 1784 γινόμενος,
999 1716 1034 1787 ἢ
1073 1718 1153 1780 είς
1184 1721 1339 1790 χεῖρα
1370 1721 1722 1785 τασσόμενος,

1818 530 2007 595 vitam,
2036 539 2092 586 et
2134 547 2232 602 per
2287 533 2533 588 fraudem
2572 533 2881 588 daemonum
2919 552 2933 588 :
2967 534 3063 589 sed
3101 543 3396 604 postquam

1817 621 1970 676 illinc
2001 637 2033 676 a
2067 624 2296 679 rationis
2345 626 2609 695 participe
2648 625 2828 680 securi
2871 625 3044 680 excisi
3089 640 3304 689 sumus,
3344 633 3401 680 et

1823 713 2023 770 fuimus
2047 714 2102 768 in
2134 716 2390 771 manibus
2421 717 2671 785 artificis,
2731 717 2778 774 is
2806 733 2906 773 nos
2934 733 3095 773 suum
3126 718 3254 773 fecit
3295 716 3404 773 fer-

1821 806 2028 871 culum,
2075 817 2442 862 transmutata
2478 808 2609 878 ligni
2652 817 2846 864 natura
2902 825 2999 880 per
3033 811 3404 882 regeneratio-

1822 914 1946 952 nem
1979 899 2033 954 in
2073 908 2361 971 argentum
2417 911 2472 956 et
2512 917 2731 966 aurum,
2781 912 2838 957 et
2880 901 3164 961 ﬂorentem
3204 918 3404 975 purpu-

1821 1006 1964 1054 ram,
1999 999 2053 1047 et
2102 993 2157 1046 in
2196 993 2546 1063 splendorem
2589 1010 2967 1067 gemmarum;
3006 1007 3061 1054 et
3096 999 3239 1054 sicut
3271 998 3407 1055 dicit

1827 1080 2126 1151 Apostolus
2167 1082 2234 1147 ³⁸,
2282 1080 2659 1137 Convenienter
2707 1086 2990 1155 unicuique
3037 1084 3217 1140 divisit
3254 1085 3400 1140 Deus

1829 1173 1980 1225 dona
2022 1172 2194 1225 sancti
2239 1170 2470 1240 Spiritus
2508 1187 2526 1225 :
2557 1181 2612 1227 et
2643 1173 2736 1226 alii
2765 1175 2988 1244 quidem
3032 1174 3126 1228 dat
3166 1176 3401 1246 prophe-

1827 1263 1961 1318 tiam
2009 1269 2402 1321 convenienter
2437 1266 2777 1334 proportioni
2813 1267 2972 1330 ﬁdei;
3015 1267 3108 1319 alii
3135 1280 3264 1319 vero
3304 1265 3408 1318 ali-

1827 1371 1992 1425 quam
2034 1356 2195 1410 aliam
2225 1357 2621 1424 Operationem,
2672 1363 2840 1426 prout
2885 1364 2974 1410 est
3031 1356 3410 1426 unusquisque

1830 1454 1992 1517 aptus
2024 1455 2240 1511 natura,
2273 1459 2328 1502 et
2360 1456 2542 1519 potest
2590 1448 2877 1517 suscipere
2904 1449 3158 1517 gratiam,
3203 1455 3263 1500 ut
3314 1447 3408 1518 qui

1831 1540 1918 1594 vel
1961 1540 2246 1595 ordinetur
2287 1541 2482 1595 oculus
2540 1537 2822 1605 Ecclesiae,
2885 1539 2967 1593 vel
3012 1538 3187 1594 locum
3230 1548 3411 1594 teneat

1833 1646 2120 1694 manuum,
2163 1632 2246 1687 vel
2303 1632 2426 1686 loco
2489 1631 2644 1702 pedis
2689 1629 2880 1685 fulciat
2914 1645 2979 1685 ac
3017 1630 3259 1686 stabiliat
3289 1648 3304 1684 :
3336 1630 3411 1684 ita

1833 1725 2001 1779 etiam
2039 1725 2095 1779 in
2147 1724 2343 1779 ferculi
2388 1725 2807 1779 constructione
2853 1723 3003 1778 aliud
3059 1723 3277 1794 quidem
3329 1730 3412 1776 est

126 1799 168 1871 ἢ
223 1801 346 1853 ἀντὶ
401 1804 560 1868 ποδὸς
618 1806 1035 1878 ὑποστηρίζων·
1093 1810 1238 1864 οὕτω
1278 1812 1373 1864 καὶ
1421 1813 1481 1866 ὲν
1519 1817 1584 1885 τῇ
1634 1814 1728 1868 τοῦ

1840 1817 2110 1881 columna,
2156 1817 2306 1870 aliud
2353 1831 2483 1872 vero
2525 1830 2814 1878 ascensus,
2859 1815 3008 1869 aliud
3047 1829 3174 1869 vero
3219 1805 3319 1869 est
3351 1830 3413 1866 ea

130 1893 366 1966 φορείου
396 1903 731 1970 κατασκευῇ,
771 1902 800 1954 ὁ
841 1899 938 1972 μέν
973 1920 1055 1967 τις
1091 1904 1301 1968 στύλος,
1335 1908 1364 1959 6
1392 1905 1449 1960 δὲ
1477 1906 1731 1971 ὲπίὸασις

130 1985 354 2055 γίνεται
374 2005 387 2019 ο
419 1988 604 2061 ἕτερος
643 1991 700 2046 δὲ
730 1992 792 2046 τὸ
831 1995 967 2066 πρὸς
1000 1997 1066 2066 τῇ
1099 1997 1308 2069 κεφαλῇ
1348 1998 1511 2070 μέρος
1543 1999 1571 2052 ὃ
1604 2000 1734 2054 ἀνά-

133 2079 330 2133 κλιτον
384 2083 826 2155 προσηγόρευσεν
848 2101 860 2112 ·
885 2088 992 2140 εἰσὶ
1037 2087 1094 2140 δέ
1126 2106 1270 2153 τινες
1307 2091 1356 2142 οἱ
1391 2093 1471 2155 είς
1498 2091 1560 2144 τὸ
1583 2092 1734 2156 ὲντὺς

130 2171 491 2242 τεταγμένοι.
515 2169 616 2228 Ὧν
645 2176 901 2231 ἁπάντων
921 2179 1066 2232 κατά
1090 2197 1212 2233 τινα
1239 2181 1396 2250 λόγον
1425 2184 1453 2235 ὀ
1482 2184 1733 2255 τεχνίτης

130 2264 205 2317 οὐ
237 2266 485 2338 μονοειδῆ
513 2270 649 2340 πρὸς
673 2270 763 2324 τὸν
789 2272 1178 2346 καλλωπισμὸν
1204 2277 1411 2329 ἐπινοεῖ
1432 2278 1532 2348 τὴν
1552 2278 1686 2349 ὓλην
1714 2296 1730 2310 ·

134 2355 286 2409 ἀλλά
316 2357 496 2412 πάντα
535 2360 635 2430 μὲν
665 2366 1095 2434 κατακοσμεῖται
1121 2365 1199 2437 τῷ
1231 2366 1417 2420 κάλλει
1441 2385 1455 2398 ο
1478 2368 1734 2441 διάφορος

133 2446 200 2500 δὲ
237 2449 334 2501 καὶ
355 2448 689 2523 κατάλληλος
721 2455 938 2526 ἑκάστῳ
970 2457 1175 2511 τούτων
1204 2460 1500 2514 ἐπινοεῖται
1526 2467 1558 2533 ἠ
1593 2462 1730 2534 ὥρα.

139 2539 274 2592 Εἰσὶ
317 2540 499 2597 τοίνυν
535 2545 797 2617 ἀργύριον
841 2548 940 2619 μὲν
962 2551 1010 2602 οἱ
1043 2549 1228 2603 στύλοι
1260 2551 1355 2604 τοῦ
1390 2553 1609 2623 φορείου
1630 2570 1644 2583 σ
1676 2556 1734 2608 αἱ

136 2631 205 2686 δὲ
227 2632 434 2688 τούτων
464 2637 744 2703 ἐπιϐάσεις
775 2640 1031 2712 πορφύρα
1053 2658 1065 2671 ·
1094 2644 1160 2694 ἐκ
1189 2645 1413 2713 χρυσίου
1438 2645 1496 2698 δὲ
1525 2647 1585 2700 τὸ
1605 2647 1737 2702 ἀνά-

141 2722 335 2776 κλιτον
355 2723 416 2776 τὸ
443 2727 510 2797 τῇ
535 2727 744 2799 κεφαλῇ
771 2729 1083 2795 ὐποὸαἰνον,
1114 2733 1173 2783 ὲν
1198 2725 1243 2800 ᾧ
1277 2734 1446 2788 κλίνει
1489 2737 1588 2807 τὴν
1605 2738 1726 2791 ἑαυξ

142 2811 248 2866 τοῦ
274 2817 514 2889 κεφαλὴν
531 2819 560 2871 ό
585 2821 844 2890 νυμφίος⁶
866 2825 980 2887 τοῖς
997 2824 1054 2880 δὲ
1080 2827 1284 2898 τιμίοις
1312 2827 1482 2893 λίθοις
1497 2829 1559 2883 τὸ
1587 2830 1735 2885 ἔνδον

140 2906 302 2960 ἅπαν
335 2911 834 2967 καταποικίλλεται.
859 2915 1071 2971 Οὐκοῦν
1103 2918 1329 2983 στύλους
1357 2920 1457 2990 μὲν
1490 2922 1733 2992 νοητέον,

145 2997 281 3060 τοὺς
321 2998 544 3065 στύλους
574 3002 675 3074 τῆς
716 3004 1062 3076 Ἑκκλησίας,
1092 3003 1174 3073 οἷς
1205 3010 1449 3081 ἀκριϐῶς
1477 3013 1535 3065 τὸ
1567 3013 1738 3083 ἀργύ-

150 3105 272 3157 ριον
299 3090 540 3164 καθαρόν
584 3112 642 3147 τε
668 3097 764 3149 καὶ
799 3100 1195 3172 πεπυρωμένον
1219 3105 1248 3156 ό
1276 3102 1431 3173 λόγος
1460 3106 1629 3160 ἐστίν.
1673 3108 1737 3160 Ἡ

144 3182 211 3234 δὲ
247 3184 504 3256 πορφύρα
542 3187 680 3240 είσὶν
707 3189 756 3241 οἳ
781 3189 877 3259 τῆς
911 3191 1185 3261 βασιλείας
1211 3193 1271 3247 ὲν
1303 3194 1381 3264 τῷ
1415 3194 1604 3266 ὑψηλῷ
1630 3195 1730 3267 τῆς
1765 3175 1808 3231 C

149 3275 434 3340 πολιτείας
477 3278 891 3351 ὲπιὸεϐήκασιν.
955 3281 1263 3353 Ἐξαίρετον
1304 3287 1414 3358 γὰρ
1453 3289 1740 3360 γνώρισμα

148 3369 253 3434 τῆς
295 3367 573 3439 βασιλείας
603 3373 636 3442 ὴ
667 3372 921 3444 πορφύρα
952 3375 1254 3446 νομίζεται.
1295 3379 1368 3432 Τὸ
1397 3380 1454 3433 δὲ
1481 3382 1739 3454 -ίιγεμονι⁹

153 3459 252 3517 κδν
271 3461 460 3529 αὐτοῦ,
478 3465 536 3516 ὲν
553 3459 597 3533 ᾧ
613 3465 712 3537 τὴν
749 3468 988 3539 κεφαλὴν
1008 3469 1173 3523 αὐτοῦ
1197 3471 1366 3525 κλίνει
1394 3474 1423 3525 6
1443 3474 1504 3527 τὸ
1529 3479 1742 3546 φορεῖον

153 3555 600 3620 κατασκευάσας,
639 3558 701 3611 τὸ
745 3560 854 3612 τῶν
908 3561 1166 3632 καθαρῶν
1197 3564 1484 3635 δογμάτων
1521 3569 1743 3639 χρυσίον

153 3648 328 3701 ἐστίν.
361 3649 505 3703 Ὅσα
532 3649 590 3702 δὲ
621 3651 800 3722 ἀφανῆ
825 3670 886 3705 τε
911 3655 1006 3708 καὶ
1033 3655 1242 3726 κρύφια
1273 3661 1337 3728 τῇ
1364 3660 1578 3732 καθαρᾷ
1616 3679 1742 3715 συν-

155 3739 366 3810 ειδήσει
393 3739 501 3793 τῶν
535 3741 730 3811 τιμίων
777 3743 939 3798 λίθων
981 3747 1355 3818 ὲνωραῖζεται,
1383 3751 1450 3804 δι’
1471 3745 1544 3804 ὧν
1575 3754 1745 3808 ἀπάν-

155 3848 269 3884 των
300 3831 412 3885 ἀπὸ
452 3831 562 3886 τῶν
595 3832 911 3906 θυγατέρων
945 3838 1304 3911 Ἰερουσαλὴμ
1333 3843 1366 3912 ὴ
1401 3844 1590 3940 ἀγάπη
1625 3862 1746 3900 συν-

157 3924 393 3977 ίσταται.
429 3924 492 3978 Εἰ
515 3925 571 3979 δὲ
601 3925 844 3995 βούλοιτό
876 3946 960 3992 τις
983 3933 1197 4000 φορεῖον
1229 3933 1328 4002 μὲν
1364 3924 1543 3990 πᾶσάν
1567 3938 1746 4007 λέγειν

156 4012 260 4084 τὴν
302 4012 629 4084 Ἐκκλησίαν
649 4032 663 4045 ·
692 4017 1045 4087 καταμερίζοι
1072 4019 1130 4072 δὲ
1154 4022 1296 4074 κατά
1325 4022 1424 4086 τὰς
1453 4025 1560 4079 τῶν
1592 4030 1744 4100 ἐνερ-

158 4105 328 4173 γειῶν
370 4105 630 4176 διαφορὰς
684 4110 765 4171 είς
810 4109 1080 4180 πρόσωπά
1126 4129 1246 4167 τινα
1287 4114 1382 4168 τοῦ
1420 4119 1638 4188 φορείου
1679 4120 1747 4173 τά

162 4195 331 4266 μέρη,
353 4195 430 4259 ὡς
453 4195 519 4266 δὴ
545 4198 674 4268 περὶ
707 4197 897 4251 τούτου
934 4201 1278 4272 προείρηται,
1308 4204 1509 4276 πολλὴν
1533 4209 1625 4260 καὶ
1653 4209 1746 4262 οὐ-

157 4305 270 4351 τως
296 4288 546 4342 εὐκολίαν
568 4292 597 4343 ὁ
619 4290 775 4359 λόγος
806 4289 937 4361 ἔχει,
969 4292 1185 4364 ἑκάστῳ
1206 4295 1448 4365 τάγματι
1477 4297 1586 4351 τῶν
1608 4301 1748 4353 κατά

159 4381 262 4452 τὴν
313 4381 640 4452 Ἐκκλησίαν
680 4384 1029 4454 τεταγμένων
1057 4386 1368 4457 ἐφαρμόσαι
1397 4386 1490 4442 τοῦ
1527 4392 1746 4459 φορείου

160 4474 230 4526 τὰ
255 4474 401 4544 μέρη
420 4489 436 4504 °
487 4473 671 4538 καθώς
722 4493 888 4547 φησιν
923 4478 951 4528 ὁ
993 4477 1336 4543 Ἀπόστολος,
1365 4480 1449 4533 ὅτι
1479 4483 1685 4537 Ἔθετο
1715 4488 1748 4538 ό

102 4595 104 4598 ν
163 4567 314 4632 Θεὸς
339 4567 410 4618 ἐν
430 4565 506 4636 τῇ
544 4567 888 4636 Ἐκκλησία,
913 4568 1148 4636 πρῶτον
1177 4571 1580 4640 ἀποστόλους,
1616 4575 1749 4630 δεύ-

161 4672 340 4722 τερον
365 4658 696 4726 προφήτας,
719 4661 921 4728 τρίτον
943 4658 1373 4727 διδασκάλους,
1403 4661 1594 4716 ἔπειτα
1623 4665 1745 4718 καθ’

161 4748 401 4802 ἕκαστον
446 4751 627 4805 πάντα
673 4753 810 4823 πρὸς
854 4753 946 4807 τὸν
992 4755 1364 4824 καταρτισμὸν
1403 4756 1511 4808 τῶν
1551 4758 1744 4826 ἁγίων·

161 4841 238 4902 ὼς
262 4841 354 4894 διὰ
375 4841 487 4894 τῶν
517 4843 794 4912 ὀνομάτων
821 4843 930 4897 τῶν
955 4844 1091 4914 πρὸς
1108 4845 1206 4915 τὴν
1221 4844 1315 4898 τοῦ
1334 4847 1552 4916 φορείου
1581 4866 1748 4904 κατα-

164 4931 372 5003 σκευὴν
385 4933 780 4987 συντελούντων
798 4936 978 5006 ἱερέας
993 4934 1228 5002 νοεῖσθαι
1252 4937 1347 4990 καὶ
1371 4938 1743 5004 διδασκάλους,

165 5024 263 5078 καὶ
322 5023 422 5094 τὴν
474 5026 678 5096 σεμνὴν
731 5025 1029 5096 παρθενίαν
1066 5028 1165 5097 τὴν
1214 5027 1365 5091 ἐντὸς
1399 5029 1494 5083 τοῦ
1527 5030 1747 5102 φορείου

167 5114 503 5186 καθαρότητι
533 5116 642 5170 τῶν
689 5114 920 5188 ἀρετῶν,
953 5113 1064 5171 οἶόν
1093 5135 1201 5170 τισι
1229 5118 1392 5172 λίθων
1431 5121 1630 5188 αὐγαῖς
1667 5124 1750 5176 ὲν-

165 5209 610 5278 αστράπτουσαν.

254 5298 418 5352 ’Δλλά
457 5301 586 5371 περὶ
646 5299 746 5371 μὲν
806 5299 1010 5352 τούτων
1051 5301 1307 5357 τοσαῦτα,
1356 5302 1415 5355 ’0
1457 5303 1514 5356 δὲ
1553 5303 1749 5375 ἐφεξῆς

167 5395 328 5463 λόγος
355 5393 672 5464 προτροπὴν
692 5394 934 5464 περιέχει
952 5393 1087 5463 πρὸς
1111 5393 1209 5457 τὰς
1230 5395 1532 5466 θυγατέρας
1566 5396 1755 5465 Ἰερου-

169 5486 358 5556 σαλὴμ
386 5484 538 5554 παρά
568 5483 667 5554 τῆς
701 5482 920 5554 νύμφης
941 5483 1238 5553 γινόμενος.
1271 5484 1362 5546 Ὠς
1386 5484 1492 5554 γὰρ
1521 5485 1550 5536 ὁ
1578 5485 1752 5554 μέγας

170 5577 387 5641 Παῦλος
413 5575 616 5647 ζημίαν
650 5578 852 5646 ἠγεῖτο,
879 5577 926 5629 εί
958 5575 1034 5646 μὴ
1063 5576 1198 5628 πᾶσι
1218 5573 1324 5627 τῶν
1354 5574 1495 5628 ίδίων
1533 5575 1750 5643 ἀγαθῶν

1834 1923 1964 1979 pars
1991 1923 2112 1979 quae
2140 1920 2226 1964 est
2255 1908 2324 1962 ad
2351 1916 2535 1977 caput,
2559 1921 2723 1977 quam
2749 1908 3414 1966 vocavitreclinatorium.

1833 2000 1926 2054 alii
1974 2011 2156 2055 autem
2201 2010 2330 2055 sunt
2366 1998 2624 2054 collocati
2663 1998 2837 2054 intus.
2873 1999 3119 2065 Quorum
3167 1998 3413 2053 omnium

1833 2089 2068 2161 quadam
2102 2089 2315 2146 ratione
2340 2092 2797 2161 compositionem
2830 2089 3028 2144 artifex
3066 2104 3176 2143 non
3207 2089 3414 2144 unifor-

1841 2183 2004 2237 miter
2032 2183 2306 2253 excogitat
2343 2184 2692 2239 solummodo
2719 2181 2785 2237 ad
2816 2191 3097 2245 ornatum,
3143 2181 3238 2236 sed
3259 2195 3415 2235 exor-

1832 2281 2036 2326 nantur
2065 2273 2287 2342 quidem
2306 2275 2490 2328 omnia
2516 2273 2960 2342 pulchritudine;
2993 2272 3214 2328 diversa
3231 2279 3415 2326 autem

1831 2372 1888 2418 et
1921 2364 2215 2435 unicuique
2237 2379 2428 2420 eorum
2454 2367 2788 2421 conveniens
2817 2365 3163 2435 exc0gitatur
3201 2365 3415 2433 elegan-

1837 2457 1912 2510 tia
1951 2464 2007 2512 οι
2054 2456 2241 2512 decor.
2284 2457 2424 2512 Sunt
2468 2473 2600 2528 ergo
2655 2464 2928 2528 argentea;
2971 2455 3192 2526 quidem
3226 2455 3416 2510 ferculi

1835 2549 2121 2614 columnae,
2156 2566 2343 2606 earum
2363 2560 2546 2605 autem
2567 2551 2828 2620 purpurei
2859 2565 3127 2605 ascensus
3153 2566 3167 2602 :
3192 2561 3418 2603 aureum

1837 2647 2018 2695 autem
2049 2651 2136 2696 est
2168 2641 2582 2697 reclinatorium
2628 2641 2775 2712 quod
2809 2648 3086 2696 sustentat
3132 2648 3322 2710 caput,
3363 2641 3418 2692 in

1837 2746 1948 2800 quo
1987 2740 2153 2800 caput
2189 2748 2350 2787 suum
2396 2733 2628 2788 reclinat
2671 2747 2935 2802 sponsus;
2963 2732 3193 2801 geminis
3238 2738 3420 2783 autem

1837 2831 1893 2876 et
1918 2822 2193 2891 lapidibus
2233 2824 2488 2889 pretiosis
2526 2825 2775 2879 variatur
2812 2823 3081 2894 quidquid
3123 2831 3208 2877 est
3252 2823 3418 2876 intus.

1841 2911 1982 2966 Sunt
2004 2928 2135 2984 ergo
2148 2909 2439 2979 columnae,
2455 2912 2714 2969 Ecclesiae
2731 2915 3020 2977 columnae,
3043 2913 3242 2983 quibus
3265 2914 3420 2982 plane

1840 3022 2037 3076 purum
2060 3014 2110 3062 et
2146 3007 2272 3078 igne
2297 3010 2666 3062 examinatum
2697 3019 2984 3076 argentum
3011 3016 3096 3061 est
3123 3006 3418 3075 eloquium.

1840 3097 2092 3169 Purpura
2138 3108 2321 3154 autem
2372 3108 2525 3164 sunt,
2595 3100 2688 3170 qui
2738 3098 2803 3152 ad
2848 3098 3049 3166 regalis
3107 3098 3422 3168 reipublicae

1844 3207 2115 3246 summurn
2172 3193 2398 3262 gradum
2443 3192 2832 3247 ascenderunt.
2897 3189 3239 3262 Praecipuum
3277 3192 3422 3245 enim

1845 3287 1996 3353 regni
2029 3289 2243 3354 signum
2267 3294 2526 3340 censetur
2566 3300 2688 3340 esse
2733 3297 2994 3354 purpura.
3038 3283 3420 3353 Principatum

1843 3382 2023 3429 autem
2065 3375 2318 3430 obtinens
2353 3375 2611 3435 facultas,
2647 3373 2702 3426 in
2732 3387 2841 3442 qua
2864 3379 3034 3441 caput
3063 3387 3222 3426 suum
3261 3371 3425 3425 recli-

1845 3475 1936 3520 net
1963 3466 2009 3522 is
2042 3467 2126 3536 qui
2149 3467 2459 3522 construxit
2489 3467 2882 3529 ferculum,est
2910 3479 3173 3533 purorum
3203 3462 3424 3532 dogma-

1844 3565 1960 3610 tum
1992 3571 2208 3610 aurum.
2245 3556 2597 3627 Quaecunque
2630 3564 2815 3610 autem
2866 3556 3056 3622 latent,
3100 3563 3155 3610 et
3186 3571 3292 3608 non
3325 3570 3423 3624 ap-

1847 3656 2062 3716 parent,
2107 3647 2440 3701 decorantur
2493 3662 2629 3718 pura
2679 3663 3016 3718 gemmarum
3056 3646 3424 3707 conscientia,

1846 3755 1943 3808 per
1968 3754 2089 3809 qua:
2120 3740 2305 3794 omnia
2341 3740 2599 3795 consistit
2634 3741 2876 3795 charitas
2905 3757 2970 3796 ex
2997 3741 3210 3794 ﬁliabus
3235 3737 3424 3793 Israel.

1850 3830 1908 3885 Si
1940 3832 2065 3901 quis
2098 3840 2279 3888 autem
2331 3833 2462 3887 velit
2498 3832 2766 3888 ferculum
2806 3832 3024 3902 quidem
3072 3831 3258 3886 dicere
3298 3831 3425 3883 uni-

1845 3939 2060 3978 versam
2106 3924 2432 3988 Ecclesiam,
2489 3925 2698 3980 dividat
2751 3933 2936 3980 autem
2997 3940 3064 3980 ex
3109 3923 3430 3978 differentiis

1849 4017 2234 4087 Operationum
2285 4017 2342 4071 in
2383 4033 2651 4087 personas
2702 4017 2936 4088 aliquas,
2990 4023 3172 4087 partes
3211 4015 3425 4078 ferculi,

1849 4117 1907 4163 ut
1939 4109 2055 4177 jam
2079 4110 2147 4164 de
2175 4125 2242 4165 eo
2271 4111 2482 4165 dictum
2515 4121 2601 4166 est
2632 4121 2815 4175 antea,
2864 4111 2946 4165 sic
2979 4124 3198 4179 quoque
3229 4106 3428 4189 est‘fa-

1847 4201 2115 4255 cillimum
2153 4201 2450 4272 unicuique
2479 4202 2660 4256 ordini
2704 4217 2892 4257 eorum
2924 4201 3016 4271 qui
3049 4209 3176 4255 sunt
3224 4199 3279 4253 in
3327 4197 3430 4252 Ec-

1847 4291 2012 4346 clesia
2041 4291 2300 4361 adaptare
2327 4304 2510 4360 partes
2544 4291 2736 4346 ferculi
2769 4307 2782 4344 :
2809 4289 3086 4361 quomodo
3116 4290 3252 4344 dicit
3281 4291 3430 4358 Apo-

1849 4383 2024 4438 stolus
2052 4402 2064 4436 :
2095 4382 2306 4445 Posuit,
2354 4383 2553 4453 inquit,
2610 4382 2753 4437 Deus
2790 4383 2846 4435 in
2891 4381 3153 4444 Ecclesia,
3195 4381 3429 4448 primum

1852 4469 2140 4535 apostolos,
2174 4468 2401 4523 secundo
2447 4470 2751 4538 prophetas,
2805 4470 2962 4524 tertio
3001 4469 3242 4523 doctores
3262 4469 3329 4532 ⁸⁸,
3374 4477 3430 4522 et

1851 4559 2169 4630 singulatim
2203 4560 2387 4614 omnia
2411 4562 2479 4616 ad
2510 4562 2897 4631 perfectionem
2939 4572 3283 4626 sanctorum,
3351 4565 3426 4617 ita

1846 4660 1906 4704 ut
1937 4665 2034 4719 per
2063 4652 2163 4706 has
2196 4666 2380 4715 voces,
2431 4669 2771 4723 quaecunque
2802 4653 2869 4707 ad
2907 4654 3184 4724 opiﬁcium
3237 4655 3428 4710 ferculi

1844 4741 2488 4811 pertinent,sacerdotes
2539 4760 2605 4798 ac
2652 4743 2909 4801 doctores
2951 4745 3346 4817 intelligantur,
3376 4759 3429 4800 et

1843 4832 2213 4887 venerandam
2251 4834 2616 4903 virginitatem
2653 4850 2779 4889 esse
2828 4843 3157 4896 statuamus,
3209 4851 3330 4904 quae
3370 4838 3426 4888 in

1844 4925 2075 4988 ferculo,
2118 4927 2380 4980 virtutum
2410 4928 2668 4996 puritate,
2697 4936 2958 4997 tanquam
2991 4929 3162 4982 radiis
3195 4928 3427 4995 quibus-

1851 5019 1976 5072 dam
2011 5017 2396 5097 pretiosiorum
2432 5019 2674 5088 lapidum
2707 5018 2937 5088 fulgeat.

1927 5302 2004 5354 Ae
2017 5300 2084 5354 de
2104 5300 2190 5354 his
2211 5301 2432 5370 quidem
2451 5300 2738 5354 hactenus.
2771 5300 2902 5365 Quae
2917 5308 3222 5368 sequuntur
3238 5298 3425 5361 verba,

1855 5392 2071 5462 prolata
2100 5392 2168 5445 ab
2199 5391 2316 5460 ipsa
2356 5406 2584 5461 sponsa,
2607 5392 3042 5446 exhortationem
3071 5389 3137 5443 ad
3169 5390 3311 5443 ﬁlias
3339 5387 3426 5442 .le-

1853 5483 2094 5538 rusalem
2140 5482 2446 5536 continent.
2507 5480 2644 5536 Nam
2691 5479 3149 5552 quemadmodum
3200 5493 3427 5548 magnus

1853 5574 1944 5629 ille
1972 5572 2235 5627 Paulus"
2272 5587 2372 5641 pro
2399 5572 2602 5628 damno
2622 5572 2875 5639 ducebat,
2921 5573 2968 5628 si
3004 5589 3113 5627 non
3141 5585 3264 5626 cum
3301 5570 3427 5624 uui-

243 5759 287 5790 ”
354 5757 512 5814 Rom.
576 5771 675 5822 xtl,
722 5759 755 5814 ι
789 5773 911 5828 sqq.
963 5757 1010 5790 ³⁴
1047 5755 1090 5810 ll
1173 5757 1300 5812 Cor.
1339 5772 1378 5823 ι,
1430 5756 1517 5824 12,
1550 5756 1640 5814 ‘28.
1720 5758 1736 5790 ³

1881 5757 2008 5813 Cor.
2069 5771 2166 5824 vn,
2218 5754 2271 5808 7.
