3854 6216
128 334 249 394 917

1208 338 1277 394 ΙΝ
1303 338 1603 396 ΟΛΝΤΙΟᾹ
1630 335 1903 394 CANTIC.
1946 335 2229 394 HOMILIA
2268 337 2380 394 νη.

3306 339 3412 397 918

129 453 216 505 ἐν
247 450 439 522 ἡμέρᾳ
488 455 876 524 εὐφροσύνης
933 453 1182 525 καρδίας
1223 455 1430 511 αὐτοῦ.
1485 454 1598 526 Τὴν
1641 449 1734 508 οῦν

1858 455 2029 518 oeari,
2100 469 2223 524 qua;
2279 453 2502 525 quidem
2569 453 2888 524 hujusmodi
2967 461 3117 512 sunt:
3201 453 3418 526 Egredi-

131 543 405 616 τοιαύτην
439 546 852 618 φιλανθρωπίαν
887 547 986 619 τῆς
1023 547 1242 619 νύμφης
1277 551 1306 602 6
1340 548 1513 617 Λόγος
1541 547 1736 601 ἀποδε-

136 635 402 707 ξάμενος,
449 640 533 692 ὅτι
570 640 714 694 κατὰ
760 642 992 712 μίμησιν
1025 641 1121 694 τοῦ
1174 641 1444 694 Δεσπότου
1481 641 1577 694 καὶ
1598 640 1738 710 αύτὴ

133 731 358 793 πάντας
381 730 523 784 θέλει
542 731 800 803 σωθῆναι,
821 733 915 786 καὶ
936 735 1016 795 εἰς
1043 732 1338 801 ἐπίγνωσιν
1351 735 1451 804 τῆς
1481 731 1738 803 ἀληθείας

135 822 355 876 ἐλθεῖν·
385 823 718 892 σεμνοτέραν
763 823 933 896 αὐτὴν
977 824 1348 894 ἀπεργάζεται
1375 826 1404 877 6
1432 824 1606 893 κήρυξ
1641 822 1737 875 τοῦ

139 911 382 976 κάλλους
445 913 616 984 αὐτῆς
653 914 748 967 καὶ
800 911 1091 986 ζωγράφος
1141 915 1445 986 γινόμενος.
1500 914 1574 968 Ού
1630 913 1740 984 γὰρ

143 1003 341 1067 ἁπλῶς
375 1007 405 1057 ὁ
431 1003 530 1074 τῆς
556 1004 706 1076 ὥρας
757 1008 978 1072 ἔπαινος
1007 1007 1251 1076 λέγεται,
1297 1007 1595 1078 καθολικὴν
1620 1023 1741 1060 τινα

142 1095 433 1166 εὐφημίαν
470 1099 741 1169 περιέχων
794 1100 892 1154 τοῦ
937 1099 1197 1164 κάλλους·
1235 1101 1350 1155 ἀλλ’
1377 1098 1744 1170 ἐμφιλοχωρεί

138 1191 234 1261 τῷ
283 1191 429 1263 λόγῳ
467 1195 580 1257 τοῖς
605 1195 727 1248 καθ’
768 1195 999 1249 ἕκαστον
1057 1194 1301 1266 μέρεσιν,
1346 1193 1478 1248 ίδιον
1524 1194 1743 1263 ἑκάστῳ

147 1281 311 1351 μέλει
337 1282 427 1337 διὰ
455 1285 795 1358 συγκρίσεώς
828 1303 886 1339 τε
915 1287 1012 1340 καὶ
1045 1285 1357 1357 ὁμοιώσεως
1386 1285 1742 1358 χαριζόμενος

146 1375 220 1427 τὸ
253 1373 553 1446 ἐγκώμιον.

229 1643 398 1710 Λέγει
439 1642 495 1696 δέ
537 1643 743 1706 οὕτως’
785 1643 939 1698 ἰδοὺ
967 1640 1028 1698 εἴ
1041 1643 1224 1713 καλὴ,
1255 1645 1294 1712 ἡ
1321 1645 1589 1710 πλησίον
1600 1661 1742 1710 μου,

1838 546 1970 598 mini
1987 555 2037 600 et
2070 545 2257 611 videte,
2288 545 2419 616 [ilic
2446 543 2598 610 Sion,
2657 545 2994 601 Salomonem
3025 563 3197 618 regem
3237 549 3293 600 in
3324 564 3414 601 co-

1837 653 1991 703 rona,
2026 653 2132 706 qua
2171 638 2444 692 coronavit
2483 653 2599 690 eum
2633 647 2804 692 mater
2853 638 3042 708 ipsius~
3057 637 3154 692 illo
3181 637 3265 691 die
3315 654 3417 708 quo

1839 727 2288 798 despondebatur,
2341 739 2392 783 et
2422 728 2507 782 die
2545 727 2752 784 latitiw
2800 729 2976 785 cordis
3028 731 3218 798 ipsius.
3263 728 3418 783 Hanc

1838 820 2004 891 igitur
2035 836 2249 892 sponsa:
2267 822 2660 892 benignitatem
2676 819 2916 876 Verbum
2945 823 3247 892 excipiens,
3267 821 3416 892 quod

1838 929 1902 968 ea
1933 913 2148 969 Domini
2182 915 2248 968 ad
2283 915 2644 970 imitationem
2673 916 2802 970 velit
2830 931 3022 972 omnes
3058 918 3241 972 salvos
3275 915 3415 983 ﬁeri,

1839 1017 1894 1060 et
1929 1005 1999 1060 ad
2033 1005 2402 1076 cognitionem
2440 1007 2690 1062 veritatis
2736 1009 3022 1078 pervenire
3038 1009 3106 1074 "',
3137 1009 3422 1078 pulchrio-

1841 1114 1953 1154 rem
2003 1098 2152 1153 illam
2189 1098 2378 1165 el‘licit,
2423 1099 2600 1154 factus
2648 1109 2701 1155 et
2743 1116 2923 1170 praeco
2957 1113 3013 1157 et
3039 1102 3219 1172 pictor
3259 1103 3421 1172 quasi

1841 1190 2061 1261 quidam
2087 1193 2394 1247 venustatis
2411 1190 2684 1261 cjus.Non
2715 1194 2860 1247 enim
2901 1193 3227 1264 simpliciter
3247 1194 3422 1264 ipsius

1843 1280 2020 1335 forma
2070 1280 2356 1347 laudatur,
2407 1283 2708 1352 generatim
2757 1283 3096 1354 praedicata:
3129 1285 3222 1339 sed
3272 1286 3424 1356 sigil-

1843 1371 1995 1426 latim
2033 1372 2276 1427 membra
2301 1373 2744 1438 considerantur,
2762 1389 2824 1428 ac
2849 1377 3125 1446 peculiare
3147 1375 3421 1445 quoddam

1845 1463 2091 1519 membro
2115 1465 2316 1535 cuique
2341 1481 2437 1535 per
2479 1468 2946 1536 comparationem
2997 1482 3061 1521 ac
3105 1469 3424 1522 similitudi-

1847 1567 1971 1608 nem
2013 1554 2325 1608 encomium
2366 1554 2643 1609 tribuitur.

1921 1643 2059 1700 Sunt
2080 1653 2264 1700 autem
2293 1647 2405 1701 haec
2436 1647 2610 1716 ipsius
2636 1649 2803 1704 verba
2835 1667 2848 1702 :
2877 1647 3054 1712 Quam
3093 1648 3316 1718 pulchra
3347 1662 3422 1710 es,

146 1734 292 1787 ιδοὺ
319 1730 378 1788 εἴ
403 1733 584 1804 καλή.
630 1735 695 1787 Ἣ
728 1735 836 1807 γάρ
860 1738 1216 1808 μιμησαμένη
1255 1737 1350 1792 τοῦ
1381 1738 1651 1791 Δεσπότου
1685 1737 1747 1789 τὸ

1858 1738 2024 1790 amica
2049 1754 2186 1802 mea,
2215 1754 2376 1808 quam
2397 1738 2617 1807 pulchra
2640 1755 2716 1794 es.
2749 1738 2886 1792 Nam
2921 1747 3279 1810 posteaquam
3304 1740 3427 1792 imi-

150 1823 545 1896 φιλάνθρωπον
579 1823 846 1896 βούλημα,
877 1830 971 1881 καὶ
1007 1829 1243 1896 ἐξελθεῖν
1299 1829 1740 1900 ἐγκελευσαμένη

1858 1837 1961 1884 tata
1999 1831 2291 1903 benignam
2328 1831 2453 1889 Heri
2502 1829 2587 1887 sui
2639 1832 2974 1887 voluntatem
3032 1833 3217 1904 egredi
3255 1832 3423 1902 jussit

148 1916 284 1970 καθ’
324 1918 618 1988 ὁμοιότητα
647 1918 744 1972 τοῦ
788 1919 1038 1992 Ἀϐραὰμ
1068 1921 1167 1986 τὰς
1208 1922 1476 1990 νεάνιδας,
1507 1925 1746 1995 ἑκάστην

147 2009 271 2062 ἀπὸ
295 2009 396 2080 τῆς
417 2011 519 2082 γῆς
541 2012 762 2083 ἐαυτῆς,
800 2015 894 2067 καὶ
909 2013 1018 2068 ἀπὸ
1049 2015 1150 2086 τῆς
1171 2016 1302 2088 περί⁵
1329 2017 1398 2070 τὰ
1416 2017 1749 2091 αίσθητῄρια

151 2101 484 2169 συγγενείας
521 2102 714 2173 αὐτῆς,
741 2103 885 2158 ὥστε
948 2105 1075 2159 ίδείν
1114 2107 1206 2161 τὸν
1237 2107 1477 2179 καθαρὸν
1515 2110 1749 2180 νυμφίον

150 2193 681 2264 στεφανηφοροῦντα
732 2196 832 2268 τὴν
871 2195 1202 2269 Ἐκκλησίαν
1225 2217 1239 2230 ο
1275 2199 1493 2272 άληθῶς
1521 2199 1750 2271 πλησίον

147 2285 372 2354 γίνεται
399 2288 497 2357 τῆς
517 2287 840 2360 δεσποτικῆς
862 2289 1220 2362 ἀγαθότητος,
1246 2291 1336 2346 διὰ
1360 2291 1462 2362 τῆς
1495 2292 1634 2362 πρὸς
1656 2293 1750 2346 τὸν

149 2375 392 2447 πλησίον
419 2377 640 2450 ἀγάπης
683 2379 764 2450 τῷ
806 2379 927 2450 Θεῷ
965 2382 1396 2454 προσεγγίσασα.
1438 2383 1608 2450 Καλὴ
1659 2378 1752 2437 οὖν

143 2465 236 2530 εἴ,
260 2469 396 2540 φησὶ
423 2471 560 2540 πρὸς
588 2471 758 2544 αὐτὴν
783 2472 813 2524 ὀ
844 2473 1037 2540 Λόγος,
1065 2477 1130 2545 τῇ
1161 2474 1297 2546 καλῇ
1329 2477 1647 2547 προαιρέσει
1674 2475 1753 2546 τῷ

147 2561 358 2631 ἀγαθῷ
392 2561 760 2632 πλησιάσασα.
796 2565 863 2617 Ἡ
913 2565 971 2618 δὲ
1017 2566 1353 2638 ἐπανάληψις
1394 2567 1487 2620 τοῦ
1529 2568 1751 2621 ἐπαίνου

149 2653 224 2706 τὸ
255 2653 526 2722 ἄψευστον
556 2655 659 2726 τῆς
691 2658 1000 2728 μαρτυρίας
1031 2658 1383 2714 ἐνδείκνυται.
1429 2661 1516 2712 Ἐν
1550 2661 1656 2730 γὰρ
1685 2663 1751 2733 τῇ

145 2746 327 2817 διπλῇ
360 2749 640 2821 μαρτυρίᾳ
700 2749 1050 2819 βεϐαιοῦσθαι
1101 2752 1199 2822 τὴν
1249 2751 1504 2822 ἀλήθειαν
1541 2755 1569 2806 6
1611 2753 1754 2816 θεῖος

151 2841 528 2907 ἀποφαίνεται
563 2842 745 2912 νόμος.
768 2843 870 2896 Διά
889 2843 1050 2896 τοῦτό
1080 2861 1275 2915 φησιν’
1321 2845 1468 2900 Ἰδοὺ
1494 2841 1553 2899 εἷ
1569 2845 1750 2914 καλὴ,

153 2933 203 2998 ἡ
240 2932 512 2993 πλησίον
533 2949 676 3002 μου,
703 2933 835 2988 ιδοὺ
857 2930 916 2988 εἷ
933 2934 1113 3000 καλή.
1147 2935 1286 2989 Ἀλλ’
1310 2937 1499 3007 ἐπειδὴ
1521 2937 1580 2990 ἓν
1599 2937 1756 3006 σῶμα

155 3020 261 3074 τοῦ
321 3022 558 3092 Χριστοῦ
591 3024 624 3093 ἡ
674 3022 970 3092 Ἐκκλησία
1027 3026 1200 3091 πᾶσα,
1235 3027 1294 3078 ἐν
1343 3025 1400 3080 δὲ
1427 3026 1506 3097 τῷ
1545 3027 1626 3079 ἐνὶ
1649 3025 1755 3078 σώο

153 3129 324 3181 ματι,
358 3112 540 3175 καθώς
566 3130 731 3184 φησιν
773 3117 802 3167 6
855 3115 1194 3180 Ἀπόστολος.
1229 3116 1363 3188 μέλη
1399 3118 1514 3171 ἐστὶ
1543 3117 1746 3171 πολλάο

157 3201 350 3255 πάντα
377 3202 432 3255 δὲ
462 3203 532 3257 τὰ
581 3203 715 3274 μέλη
747 3205 807 3257 ού
862 3206 961 3277 τὴν
997 3207 1168 3278 αὐτὴν
1200 3207 1313 3278 ἔχει
1351 3210 1551 3280 πρᾶξιν
1573 3227 1588 3240 ο
1615 3209 1751 3264 ἀλλά

155 3293 259 3346 τὸν
285 3293 386 3363 μὲν
417 3293 694 3363 ὀφθαλμὸν
709 3294 922 3350 ἔκτισεν
956 3301 986 3352 6
1015 3298 1148 3361 Θεὸς
1181 3301 1239 3353 ἐν
1261 3300 1341 3370 τῷ
1372 3301 1612 3372 σώματι.
1630 3303 1750 3355 ἓτε-

156 3397 264 3453 ρος
291 3382 350 3435 δέ
377 3400 461 3447 τις
486 3379 580 3448 οὖς
607 3385 876 3457 ἐφυτεύθη
903 3403 916 3416 ⁶
947 3389 1054 3441 είσί¹
1095 3389 1152 3442 δέ
1180 3407 1323 3455 τινες
1353 3391 1442 3444 διά
1475 3391 1578 3460 τῆς
1601 3393 1752 3463 ὲνερ-
1791 3387 1799 3395 ’

159 3472 325 3539 γείας
347 3475 454 3527 τῶν
475 3475 760 3546 δυνάμεων
811 3481 992 3551 χεῖρες
1019 3481 1316 3549 γινόμενοι,
1359 3483 1453 3536 καὶ
1480 3483 1635 3546 πόδες
1664 3484 1753 3538 λέ-

160 3565 357 3634 γονταί
383 3583 530 3630 τινες
577 3571 626 3622 οί
663 3571 733 3623 τὰ
791 3570 932 3642 βάρη
964 3571 1326 3642 βαστάζοντες
1349 3592 1362 3605 ·
1407 3575 1492 3644 εἴη
1525 3575 1571 3628 δ’
1601 3576 1666 3630 ἄν
1699 3594 1752 3630 τι

162 3657 266 3709 καὶ
293 3657 538 3725 γεύσεως
568 3659 728 3731 ἔργον
756 3662 852 3715 καὶ
879 3662 1223 3733 ὀσφρήσεως,
1252 3665 1354 3726 ,καὶ
1381 3665 1450 3718 τὰ
1470 3666 1592 3719 καθ’
1624 3667 1755 3719 ἐκα-

165 3765 298 3801 στον
333 3749 532 3814 πάντα,
589 3751 655 3805 δι’
707 3745 785 3806 ὦν
822 3753 1159 3825 ἀνθρώπινον
1209 3756 1522 3810 συνίσταται
1559 3757 1752 3828 σῶμαο

163 3840 267 3892 καὶ
305 3841 528 3896 δυνατόν
579 3843 728 3897 ἐστιν
761 3845 940 3914 εύρέῖν
984 3845 1042 3897 ὲν
1075 3845 1152 3915 τῷ
1189 3845 1354 3917 κοινῷ
1380 3847 1484 3916 τῆς
1527 3849 1756 3922 Ἐκκλη-

169 3932 298 3994 σίας
333 3930 546 4002 σώματι
578 3933 731 4005 χείλη
757 3951 816 3987 τε
849 3936 943 3988 καὶ
963 3934 1205 4000 ὀδόντας,
1227 3937 1322 3990 καὶ
1344 3935 1615 4005 γλῶσσαν,
1649 3957 1755 4008 μα-

164 4023 302 4088 ζούς
333 4041 414 4088 τε,
456 4025 551 4078 καὶ
579 4025 807 4093 κοιλίαν,
835 4027 928 4081 καὶ
972 4028 1242 4101 τράχηλον
1262 4047 1276 4061 ο
1307 4029 1384 4093 ὡς
1408 4029 1464 4084 δὲ
1495 4033 1524 4084 6
1548 4032 1757 4096 Παῦλός

1777 3159 1825 3224 C

1849 1923 2085 1994 puellas,
2103 1923 2172 1977 ad
2203 1923 2509 1993 exemplum
2534 1924 2848 1988 Abrahami,
2865 1924 3162 1995 quamlibet
3186 1925 3254 1978 de
3281 1933 3427 1979 terra

1849 2031 1948 2071 sua
1976 2023 2030 2071 et
2063 2015 2388 2086 cognatione
2417 2031 2538 2079 sua,
2567 2030 2733 2084 quam
2760 2031 2883 2070 cum
2926 2030 3185 2072 sensuum
3208 2018 3428 2086 organis

1849 2107 2032 2174 habet,
2053 2113 2114 2161 ut
2144 2122 2340 2177 purum
2379 2105 2527 2160 illum
2562 2121 2825 2176 sponsum
2858 2105 3080 2161 videant
3111 2105 3427 2160 redimitum

1850 2215 2075 2265 corona,
2091 2215 2211 2269 quae
2235 2208 2318 2255 est
2334 2197 2598 2265 Ecclesia;
2612 2201 2791 2270 reipsa
2807 2200 3029 2270 propius
3047 2199 3112 2254 ad
3129 2199 3426 2254 bonitatem

1851 2292 2074 2348 herilem
2090 2292 2319 2358 accedit,
2338 2291 2477 2346 facta
2490 2292 2602 2361 jam
2618 2289 2725 2346 Deo
2738 2291 2958 2361 propior
2973 2306 3068 2360 per
3081 2289 3428 2344 dilectionem

1852 2381 2109 2448 proximi.
2128 2381 2476 2450 Quapropter
2506 2379 2572 2433 ad
2594 2393 2714 2433 eam
2737 2379 2914 2448 inquit
2940 2376 3177 2432 Verbum
3209 2395 3222 2431 :
3257 2380 3431 2442 Quam

1851 2472 2076 2542 pulchra
2120 2489 2206 2534 es,
2248 2481 2606 2542 posteaquam
2647 2471 2792 2526 bono
2845 2471 3011 2524 animi
3067 2469 3322 2525 instituto
3362 2469 3430 2520 ad

1851 2563 2315 2634 pulchritudinem
2355 2562 2661 2619 accessisti.
2697 2561 2902 2618 Laudis
2934 2569 3114 2616 autem
3152 2560 3430 2630 repetitio,

1853 2655 2080 2710 minime
2128 2655 2325 2710 falsum
2373 2655 2475 2710 hoc
2514 2655 2888 2710 testimonium
2921 2669 3042 2708 esse
3067 2653 3429 2708 demonstrat.

1853 2748 1990 2803 Nam
2034 2749 2355 2804 testimonio
2413 2749 2617 2819 duplici
2662 2749 2951 2803 veritatem
2989 2747 3302 2801 conﬁrmari
3350 2747 3434 2799 di-

1852 2842 1980 2896 vina
2011 2841 2096 2896 lex
2125 2841 2466 2910 pronuntiat.
2516 2839 2648 2894 Eam
2699 2840 2771 2894 ob
2831 2853 3056 2893 causam
3103 2840 3220 2892 ait:
3254 2837 3434 2904 Quam

1851 2933 2076 3003 pulchra
2129 2950 2213 3001 es,
2261 2933 2437 2987 amica
2491 2949 2641 2994 mea,
2687 2948 2847 3002 quam
2897 2931 3123 2999 pulchra
3168 2948 3242 2986 es.
3293 2931 3433 2996 Quia

1854 3038 1984 3078 vero
2022 3023 2280 3078 universa
2325 3022 2571 3078 Ecclesia
2610 3037 2778 3076 unum
2812 3021 3017 3077 Christi
3079 3037 3280 3093 corpus
3327 3031 3432 3088 est,

1855 3121 1911 3167 et
1935 3112 2040 3167 hoc
2070 3127 2178 3165 uno
2215 3111 2272 3165 in
2327 3125 2580 3182 corpore,
2631 3109 3095 3179 quemadmodum
3137 3110 3432 3179 Apostolus

1857 3197 2035 3268 inquit
2052 3198 2118 3261 ",
2158 3197 2402 3255 membra
2445 3198 2616 3252 multa
2660 3205 2811 3260 sunt,
2848 3211 2971 3266 qua“:
2995 3196 3216 3266 quidem
3245 3198 3430 3251 omnia

1858 3305 1966 3344 non
2006 3289 2259 3344 eumdem
2305 3297 2489 3343 actum
2547 3289 2749 3344 habent
2786 3288 3010 3359 (quippe
3057 3287 3203 3358 quod
3265 3288 3431 3342 alium

1859 3378 2005 3435 Deus
2055 3381 2111 3434 in
2160 3381 2265 3434 hoc
2294 3394 2519 3449 corpore
2581 3388 2840 3448 tanquam
2869 3378 3088 3433 oculum
3146 3379 3434 3444 creaverit,

1859 3471 2026 3525 alium
2064 3481 2322 3541 tanquam
2353 3486 2563 3535 aurem,
2611 3472 2735 3527 aliis
2778 3471 3099 3526 facultatum
3149 3471 3438 3526 eﬂ'ectiono

1861 3580 2124 3620 manuum
2151 3565 2333 3619 locum
2367 3565 2766 3629 obtinentibus,
2806 3564 2930 3618 aliis
2965 3562 3182 3634 pedum,
3214 3563 3308 3634 qui
3357 3565 3436 3616 vi-

1859 3657 2059 3712 delicet
2080 3671 2248 3711 onera
2288 3656 2586 3721 sustinent,
2607 3670 2715 3710 non
2730 3654 2957 3709 omissis
2984 3668 3163 3722 neque
3183 3661 3434 3722 gustatu,

1861 3768 2039 3822 neque
2066 3751 2319 3816 odoratu,
2345 3765 2521 3820 neque
2551 3763 2886 3818 unoquoque
2925 3747 3196 3810 omnium,
3216 3761 3279 3800 es
3311 3751 3437 3814 qui-

1863 3845 1968 3900 bus
1993 3844 2294 3898 bumanum
2334 3857 2538 3912 corpus
2565 3847 2786 3895 constat
2817 3846 2911 3894 :et
2941 3845 3174 3907 possunt
3203 3848 3353 3892 certe
3383 3839 3437 3891 in

1863 3935 2146 3990 communi
2181 3933 2442 3989 Ecclesiae
2487 3946 2720 4004 corpore
2752 3931 2929 3996 labra,
2973 3930 3186 3992 dentes,
3230 3929 3435 3992 lingua,

1864 4027 2058 4089 ubera,
2091 4032 2302 4090 venter,
2345 4023 2548 4079 collum
2580 4022 2832 4092 reperiri,
2884 4029 3068 4092 atque,
3118 4021 3197 4074 uti
3237 4019 3440 4074 Paulus

168 4131 341 4186 φησι·
371 4117 484 4171 Καὶ
506 4119 660 4172 αὐτὰ
689 4118 764 4173 τὰ
796 4119 1094 4174 δοκοῦντα
1122 4117 1277 4174 εἷναι
1304 4122 1626 4192 ἀσχήμονα
1648 4125 1755 4180 τοῦ

1858 4110 1960 4174 ait,
1999 4109 2162 4163 etiam
2206 4118 2384 4177 partes
2434 4109 2670 4176 corporis
2711 4125 2800 4162 eas
2842 4126 2959 4177 qum
3007 4126 3118 4164 esse
3170 4111 3434 4165 indecora

165 4207 454 4276 σώματος
474 4225 489 4240 ·
515 4208 708 4263 τούτου
735 4211 896 4282 χάριν
925 4213 954 4265 6
986 4211 1221 4283 ἀκριϐὴς
1253 4211 1348 4266 τοῦ
1373 4213 1604 4278 κάλλους
1623 4216 1760 4270 δοκι-

174 4299 413 4371 μαστὴς,
473 4299 582 4353 τῶν
636 4302 949 4373 ἀρεσάντων
990 4303 1140 4374 αὐτῷ
1184 4305 1362 4368 μελῶν
1411 4305 1472 4372 ἐξ
1507 4307 1631 4361 ὅλου
1664 4308 1758 4362 τοῦ

171 4391 454 4460 σώματος,
484 4393 614 4448 ἴδιόν
628 4411 686 4448 τε
719 4395 812 4447 καὶ
842 4394 1150 4466 πρόσφορον
1166 4397 1381 4468 ἑκάστῳ
1405 4402 1639 4454 ποιεῖται
1668 4400 1760 4453 τὸν

169 4481 419 4535 ἔπαινον.

247 4574 514 4644 ’Λρχεται
555 4574 611 4627 δὲ
641 4576 748 4627 τῶν
783 4576 1076 4648 ἐγκωμίων
1123 4579 1230 4633 ἀπὸ
1270 4579 1380 4632 τῶν
1410 4581 1758 4653 κυριωτέρων

167 4666 380 4737 μελῶν.
410 4665 475 4718 Τί
506 4665 612 4737 γὰρ
641 4667 936 4738 ὀφθαλμῶν
977 4673 1036 4723 ἐν
1074 4674 1190 4734 τοῖς
1219 4672 1436 4742 μέλεσιν
1464 4674 1620 4744 ἡμῶν
1645 4677 1760 4728 ἐστι

167 4757 500 4829 τιμιώτερον
527 4776 542 4825 ;
576 4761 654 4812 Δι’
691 4757 766 4814 ὧν
809 4761 841 4831 ἡ
869 4761 964 4814 τοῦ
996 4763 1172 4832 φωτὸς
1212 4765 1496 4836 ἀντίληψις
1529 4767 1758 4833 γίνεται,

170 4853 310 4921 παρ’
341 4842 421 4902 ὧν
449 4852 598 4903 ἐστιν
627 4853 660 4921 ἡ
690 4851 796 4903 τῶν
822 4852 990 4920 φίλων
1019 4854 1115 4906 καὶ
1141 4855 1416 4926 πολεμίων
1445 4856 1759 4925 ἐπίγνωσις,

169 4937 257 5005 οἷς
283 4940 350 4994 τὺ
381 4942 511 4995 ἴδιον
543 4941 639 4996 καί¹
665 4943 728 4995 τὸ
758 4944 1036 5013 ἀλλότριον
1057 4945 1427 5018 διακρίνομεν,
1465 4948 1646 5018 πάσης
1665 4950 1759 5018 ἐρ-

171 5033 376 5104 γασίας
406 5035 683 5104 ὐφηγηταὶ
724 5037 818 5090 καὶ
865 5036 1172 5091 διδάσκαλοι
1217 5038 1454 5106 γίνονται
1478 5079 1492 5102 ,
1530 5038 1624 5092 καὶ
1660 5039 1762 5109 τῆς

173 5120 456 5186 ἀπλανοῦς
481 5123 792 5194 ὁδοιπορίας
814 5125 999 5196 ὁδηγοὶ
1033 5129 1300 5196 συμφυεῖς
1330 5129 1423 5198 καὶ
1443 5127 1760 5200 ἀχώριστοι,

174 5209 254 5269 ὧν
287 5216 322 5285 ἡ
350 5214 497 5278 θέσις
520 5215 626 5268 τῶν
656 5216 833 5270 ἄλλων
861 5217 1230 5290 αἰσθητηρίων
1259 5220 1627 5291 ὑπερκειμένη
1655 5260 1670 5281 ,
1704 5220 1766 5272 τὸ

177 5305 578 5376 προτιμότερον
621 5307 724 5377 τῆς
755 5309 850 5361 ἀπ’
894 5308 1073 5362 αὐτῶν
1116 5310 1409 5381 γινομένης
1451 5313 1585 5382 ἡμῖν
1616 5313 1764 5382 ὠφε-

176 5395 334 5458 λείας
388 5395 739 5452 ἐνδείκνυται.
785 5400 1011 5464 Πάντως
1063 5401 1121 5454 δὲ
1174 5401 1436 5472 πρόδηλόν
1489 5405 1605 5456 ἐστι
1652 5408 1766 5468 τοῖς

177 5491 509 5552 ἀκούουσιν,
560 5493 640 5554 εις
691 5495 818 5544 ποῖα
872 5492 1006 5563 μέλη
1061 5493 1161 5563 τῆς
1215 5493 1536 5564 Ἐκκλησίας
1580 5497 1609 5548 ὀ
1657 5496 1765 5549 τῶν

172 5578 481 5651 ὀφθαλμῶν
513 5579 732 5646 ἔπαινος
765 5583 969 5652 βλέπει.
1017 5583 1324 5653 Ὀφθαλμὸς
1349 5581 1417 5657 ἦν
1455 5587 1705 5658 Σαμουὴλ
1735 5591 1766 5642 6

253 5760 301 5794 "
357 5761 656 5818 lTimoth.
720 5779 779 5828 ιι,
829 5763 880 5817 ι.
959 5763 1005 5796 ⁸³
1063 5760 1082 5816 l
1154 5763 1280 5818 Cor.
1340 5776 1436 5827 xu,
1472 5762 1552 5818 li.

1859 4201 2119 4268 videntur)
2164 4219 2177 4254 :
2218 4202 2425 4257 idcirco
2453 4202 2676 4267 elegans
2711 4202 2804 4256 ille
2843 4202 3032 4255 fortine
3056 4211 3335 4264 spectator
3379 4215 3434 4262 et

1864 4295 2180 4366 explorator
2207 4291 2470 4346 membris
2498 4289 2752 4360 singulis,
2798 4303 2921 4358 qua:
2961 4295 3076 4341 toto
3112 4285 3166 4339 in
3210 4299 3441 4353 corpote

1868 4389 1972 4460 ipsi
2004 4389 2350 4458 placuerunt,
2372 4385 2701 4456 peculiarem
2720 4381 3010 4452 quamdam
3036 4387 3092 4434 et
3111 4377 3441 4432 convenien-

1787 4515 1840 4576 υ
1870 4491 1978 4538 tem
2012 4478 2228 4534 laudem
2262 4477 2475 4532 tribuit.

1935 4569 2164 4624 Orditur
2191 4575 2372 4621 autem
2422 4565 2539 4619 haec
2577 4577 2824 4618 encomla
2879 4559 2947 4613 de
2992 4557 3254 4613 membris
3300 4571 3442 4625 prae.

1862 4665 2063 4733 cipuis.
2100 4660 2243 4728 Quid
2291 4658 2438 4713 enim
2473 4658 2618 4712 inter
2663 4655 2909 4709 membra
2956 4659 3144 4706 nostra
3175 4658 3442 4719 praestan-

1863 4760 1976 4812 tius
2005 4762 2090 4811 est
2124 4751 2342 4807 oculis?
2394 4765 2492 4821 per
2529 4763 2672 4820 quos
2701 4747 2964 4801 nimirum
2999 4743 3142 4798 lucis
3172 4741 3230 4796 lit
3254 4756 3442 4812 perce-

1863 4850 2001 4921 ptio,
2045 4846 2246 4917 quibus
2288 4853 2344 4900 et
2383 4843 2559 4897 amica
2593 4847 2648 4896 et
2677 4837 2899 4894 hostilia
2943 4834 3314 4906 agnoscimus,
3345 4847 3443 4901 per

1863 4956 2006 5011 quos
2058 4939 2128 4993 ab
2179 4936 2374 4991 alienis
2443 4940 2631 4988 nostra
2688 4929 3035 4986 secernimus
3068 4965 3083 4988 ,
3141 4925 3236 4994 qui
3285 4923 3443 4976 nobis

1868 5032 2114 5087 omnium
2147 5043 2373 5099 Operum
2432 5025 2680 5096 magistri
2712 5029 2841 5078 sunt
2864 5027 2920 5074 et
2948 5019 3225 5079 doctores,
3255 5014 3438 5069 nobis-

1871 5139 2108 5194 cumque
2138 5123 2252 5176 nati
2284 5135 2350 5173 ac
2391 5114 2793 5186 inseparabiles
2816 5108 3057 5181 expertis
3087 5107 3332 5161 omnium
3357 5119 3444 5158 er-

1872 5230 2057 5272 rorum
2106 5212 2319 5267 itineris
2349 5209 2540 5271 duces,
2586 5219 2820 5276 quorum
2871 5200 3106 5270 denique
3136 5198 3275 5253 situs
3305 5196 3442 5265 ipse.

1872 5306 2266 5360 collocatorum
2297 5301 2553 5355 videlicet
2592 5312 2757 5368 supra
2806 5295 3144 5362 reliquorum
3181 5303 3444 5345 sensuum

1873 5412 2101 5467 organa,
2134 5392 2568 5466 praastantiorem
2607 5391 2659 5444 in
2708 5389 2816 5441 vita
2869 5383 3031 5440 nobis
3065 5395 3222 5438 usum
3251 5378 3444 5433 horum

1872 5506 1994 5546 esse
2024 5489 2386 5544 demonstrat.
2439 5485 2618 5554 Atque
2663 5482 2777 5536 hazc
2808 5476 2901 5547 qui
2938 5474 3186 5536 audiunt,
3221 5469 3445 5524 onmino

1873 5585 2186 5658 perspicere
2231 5583 2384 5639 nullo
2422 5577 2642 5652 negotio
2684 5577 2914 5647 possunt
2958 5569 3026 5624 ad
3060 5579 3309 5639 quaenam
3347 5563 3444 5616 lico
