3854 6216
167 329 283 388 99.!
1206 320 1274 376 IN
1310 318 1610 377 CANTICA
1641 315 1922 376 CANTIC.
1969 315 2256 372 HOMILIA
2289 313 2403 370 VII.
3345 303 3454 361 922

166 441 414 514 προάγει
439 435 676 508 καθεξῆς
701 435 762 490 τὸ
807 435 902 490 τοῦ
935 433 1166 500 κάλλους
1195 433 1470 506 ἐγκώμιον
1491 473 1508 496 ,
1551 433 1644 486 ἐπὶ
1665 432 1766 494 τὰς

1893 443 1975 498 εει,
2011 433 2176 496 videt,
2223 438 2277 486 et
2309 429 2494 482 abdita
2541 425 2823 496 prrspit'it,
2857 419 3234 476 testimonium
3271 420 3456 490 perhi-

161 511 372 606 τρίχας
401 530 651 602 μετάγων
675 529 764 582 τὸν
788 527 946 598 λόγον
966 527 1098 594 ,¹καί
1127 545 1320 599 φησιν·
1354 526 1622 596 Τρίχωμιί
1645 543 1762 580 σου

1893 532 1965 580 iet
1993 537 2242 594 personae
2264 521 2365 585 illi,
2393 533 2515 588 qua:
2541 516 2979 576 commendatur,
3005 512 3241 582 amplius
3271 511 3456 564 inesse

162 605 260 691 ὥς
283 625 494 694 ἀγέλαι
523 623 642 676 τῶν
667 619 870 689 αἰγῶν,
892 621 956 676 αἳ
976 621 1489 690 ἀνεκαλύφθησαν
1509 619 1625 674 ἀπὸ
1655 620 1762 674 τοῦ

1894 616 1928 670 d
1957 613 2103 686 quod
2153 614 2472 676 rcticcatur,
2509 623 2674 680 quam
2719 607 2866 677 quod
2897 605 3244 660 extrinsecus
3283 616 3454 672 appa-

163 719 231 774 Γ
231 692 451 770 ααάάδ-
1864 717 2004 772 reat,
2034 721 2158 762 cum
2201 706 2277 759 ait
2321 723 2335 758 :
2377 702 2532 758 Oculi
2556 702 2634 754 tui
2675 697 2952 760 columba,
2991 705 3185 766 praeter
3217 692 3271 748 id
3310 697 3454 764 quod

165 812 233 868 in
257 821 306 866 te
334 811 602 880 retintur.
653 807 924 864 Nimirum
963 806 1016 862 id
1047 807 1196 876 quod
1225 807 1394 860 tacite
1425 808 1482 860 in
1519 806 1938 860 admirationem
1973 803 2142 864 venit,
2211 815 2324 854 non
2357 797 2714 852 continuetur
2759 794 2876 858 illo,
2946 791 3094 862 quod
3165 791 3442 844 hactenus

167 907 520 962 celebratum
550 912 655 960 est.
680 904 950 959 Caeterum
979 904 1242 970 paulatim
1270 904 1502 957 ulterius
1527 901 1957 972 pulchritudinis
1979 896 2294 954 encomium
2319 894 2546 964 profert,
2574 891 2639 944 ad
2699 903 2888 943 comas
2949 901 3208 943 sermone
3269 894 3456 938 trans—

169 1001 312 1063 lato,
337 1015 462 1054 cum
493 1000 672 1069 inquit
703 1017 716 1052 :
751 997 930 1054 Comm
959 1008 1062 1052 tua:
1090 998 1226 1056 sicut
1251 1015 1426 1068 greges
1454 1013 1762 1066 caprarum,
1800 1011 1916 1067 qua:
1939 1003 2062 1048 sunt
2091 991 2335 1046 revelata:
2363 987 2427 1042 de
2463 996 2637 1040 monte
2660 983 2887 1040 Galaad.

249 1093 464 1163 Νοῆσαι
493 1092 551 1146 δὲ
583 1093 854 1162 προσήκει
877 1091 1092 1162 πρῶτον
1117 1095 1216 1162 τῆς
1245 1091 1430 1162 τριχὸς
1457 1091 1762 1163 τὴν-φύσιν·

1935 1086 2178 1140 Primum
2223 1093 2406 1136 autem
2451 1077 2912 1134 considerandum
2961 1083 3070 1141 est,
3119 1089 3240 1143 qua:
3288 1085 3459 1126 comae

169 1180 282 1236 εἷθ’
305 1181 478 1246 οὕτως
507 1182 804 1252 ἐπιγνῶναι
826 1184 917 1236 τὸν
947 1182 1186 1246 ἔπαινον,
1217 1181 1276 1234 ὃν
1306 1182 1394 1234 διὰ
1426 1183 1536 1236 τῶν
1563 1181 1767 1252 τριχῶν

1893 1189 2066 1234 natura
2097 1177 2172 1230 sit
2205 1194 2219 1230 :
2256 1181 2422 1243 atque
2451 1171 2524 1225 ita
2559 1169 2758 1225 deinde
2788 1169 2906 1221 laus
2943 1167 3060 1220 hate
3093 1165 3456 1234 intelligetur,

169 1277 206 1329 ὁ
238 1275 397 1342 λόγος
429 1277 494 1345 τῇ
543 1275 729 1346 νύμφη
773 1274 1076 1345 χαρίζεται.
1127 1273 1334 1326 Οὐκοῦν
1367 1272 1493 1338 δόξα
1543 1273 1640 1343 μὲν
1669 1291 1770 1342 γυ-

1893 1287 1988 1342 [me
2021 1285 2119 1340 per
2143 1281 2330 1322 comas
2364 1279 2582 1335 sponsae
2613 1261 2894 1316 tribuitur.
2946 1257 3213 1327 Capillum
3247 1255 3454 1310 Paulus

171 1367 370 1430 ναικὸς
395 1366 634 1438 κεφαλῆς
665 1369 697 1436 ὴ
741 1366 862 1436 θρὶξ
895 1366 1044 1436 παρὰ
1073 1365 1164 1420 τοῦ
1194 1365 1404 1418 Παύλου
1434 1365 1765 1435 ὠνόμασται.

1893 1361 2068 1432 :apitis
2115 1357 2401 1412 muliebris
2447 1354 2680 1424 gloriam
2714 1349 2970 1420 appellat,
3015 1355 3072 1400 et
3119 1360 3330 1399 comam
3361 1359 3461 1414 pro

171 1459 278 1512 καὶ
307 1459 432 1511 ἀντὶ
465 1456 811 1528 περιϐολαίου
845 1455 1090 1508 δεδόσθαι
1116 1457 1180 1524 τῇ
1222 1455 1442 1522 γυναικὶ
1471 1453 1570 1524 τὴν
1591 1455 1768 1523 κόμην

1893 1455 2178 1508 relamento
2209 1447 2423 1504 mulieri
2457 1447 2640 1501 datam
2671 1447 2829 1498 ait“.
2889 1443 3034 1497 Idem
3066 1438 3458 1494 verecundiam

171 1549 354 1617 λέγει.
384 1547 526 1602 Αἰδὼ
548 1549 606 1602 δὲ
633 1548 730 1602 καὶ
761 1547 1114 1616 σωφροσύνην
1137 1546 1198 1599 τὸ
1228 1546 1435 1617 πρέπον
1470 1543 1608 1598 εἷναί
1635 1561 1768 1614 φησι

1893 1555 1930 1600 :t
1979 1545 2298 1615 pudicitiam
2351 1542 2716 1596 velamentum
2767 1535 3016 1590 mulieris
3073 1531 3274 1586 decens
3335 1545 3462 1584 esse

171 1643 306 1704 ταῖς
337 1639 554 1708 γυναιξὶ
583 1638 929 1710 περιϐόλαιον
947 1677 962 1701 ,
1000 1638 1142 1690 οὕτω
1171 1637 1387 1707 γράψας
1414 1637 1492 1707 τῷ
1523 1639 1725 1708 ῥήματι
1751 1653 1765 1668 ·

1899 1637 2060 1703 radit,
2105 1636 2193 1690 his
2239 1633 2422 1689 verbis
2469 1647 2605 1687 usus
2645 1649 2658 1684 :
2696 1626 3156 1695 Quemadmodum
3198 1625 3342 1678 decet
3383 1622 3464 1692 [e-

185 1702 528 1801 'Dc—Jlipéﬂet
554 1702 834 1802 τυκαιξὶν
861 1702 1410 1798 ἐπαγγελλομέκαις
1442 1702 1765 1790 θεόσίεϐεῖν,

1893 1702 2068 1792 uinus,
2115 1745 2232 1800 quae
2279 1725 2586 1796 religiosam
2641 1738 2766 1792 erga
2821 1720 2990 1774 Deum
3041 1719 3288 1787 pietatem
3334 1731 3464 1784 pro-

165 1825 334 1896 μετὰ
351 1823 558 1889 αἰδοῦς
576 1822 676 1878 καὶ
701 1821 1105 1890 σωφροσύνης
1127 1819 1378 1888 κοσμεῖν
1397 1817 1634 1885 ἑαυτάς.
1672 1817 1772 1870 Διὰ

173 1918 393 1972 τούτων
413 1917 512 1978 τὰς
540 1916 632 1968 ἐπὶ
649 1913 750 1982 τῆς
769 1912 1010 1982 κεφαλῆς
1033 1912 1246 1982 τρίχας,
1269 1905 1357 1972 αἷς
1379 1911 1522 1980 κομᾷ
1544 1911 1576 1978 ἡ
1609 1909 1766 1980 γυνὴ,

171 2009 284 2080 τὴν
309 2007 442 2062 αίδὼ
471 2006 565 2061 καὶ
592 2003 948 2077 σωφροσύνην
977 2001 1066 2056 διὰ
1089 2005 1185 2072 τῆς
1209 2003 1302 2054 τοῦ
1333 2003 1543 2054 Παύλου
1582 1999 1772 2068 σοφίας

174 2098 722 2170 καταλαμϐάνεσθαι.
749 2096 888 2150 Οὐδὲ
910 2094 1020 2166 γὰρ
1045 2093 1213 2164 ἄλλην
1239 2093 1440 2164 πρέπει
1461 2093 1586 2146 τινὰ
1613 2091 1769 2156 δόξαν

175 2191 506 2262 νομίζεσθαι
545 2189 638 2242 ἐπὶ
681 2191 782 2253 τῆς
823 2185 1300 2256 ὲπαγγελλομένης
1330 2183 1642 2238 θεοσέϐειαν
1673 2183 1774 2252 ψυ-

176 2286 318 2356 χῆς,
348 2285 396 2336 εἰ
433 2282 508 2352 μὴ
537 2281 636 2352 τὴν
661 2278 812 2335 αίδὼο
830 2295 890 2331 τε
917 2279 1012 2332 καὶ
1037 2278 1136 2350 τὴν
1167 2275 1523 2348 σωφροσύνην
1541 2316 1556 2342 ,
1587 2275 1654 2346 ἢν
1681 2274 1774 2328 κό-

183 2393 300 2448 μην
321 2374 626 2444 ὠνόμασεν,
655 2372 722 2443 ἢν
742 2372 868 2424 ὅταν
903 2369 978 2440 μὴ
1004 2369 1102 2442 ἔχῃ
1126 2409 1140 2434 ,
1169 2367 1522 2438 καταισχύνει
1549 2367 1648 2438 τὴν
1680 2383 1774 2420 κε-

179 2467 366 2536 φαλὴν
423 2465 591 2534 αὐτῆς
615 2503 630 2526 ,
681 2461 866 2526 καθώς
913 2478 1082 2532 φησιν
1134 2461 1162 2513 ό
1223 2457 1563 2522 Ἀπόστολος.
1596 2459 1658 2511 Ei
1710 2458 1774 2528 δὴ

175 2559 362 2612 ταῦτα
393 2559 521 2629 περὶ
551 2557 662 2610 τῶν
687 2555 890 2628 τριχῶν
915 2555 944 2607 ό
967 2553 1180 2616 Παῦλος
1201 2551 1582 2620 ἐφιλοσόφησε,
1613 2567 1778 2620 προσ-

178 2651 384 2708 ακτέον
409 2651 472 2702 ἂν
519 2649 606 2720 εἴη
644 2648 716 2702 τά
737 2644 1168 2701 τοῦἋποστόλου
1197 2646 1420 2716 ῥήματα
1461 2642 1540 2712 τῷ
1571 2643 1778 2711 ἐπαίνῳ

177 2745 290 2812 τῆς
325 2741 686 2811 Ἐκκλησίας,
713 2742 772 2792 ἐν
812 2737 890 2810 τῷ
917 2739 1045 2808 περὶ
1095 2736 1190 2789 τοῦ
1220 2737 1566 2807 τριχώματος
1613 2735 1774 2804 λόγῳ,

181 2833 340 2888 κατά
355 2832 454 2903 τὴν
475 2831 844 2902 προκειμένην
871 2829 1078 2899 φωνὴν,
1108 2829 1144 2900 ἦ
1181 2845 1344 2898 φησιν
1368 2845 1383 2860 ο
1407 2828 1492 2882 ὃτι
1515 2826 1780 2896 Τρίχωμιί

182 2942 310 2981 σου
337 2964 352 2988 ,
390 2925 470 2989 ὡς
497 2922 708 2992 ἀγέλαι
747 2922 867 2975 τῶν
919 2919 1102 2990 αἰτῶν
1129 2961 1146 2984 ,
1174 2921 1234 2974 αἲ
1266 2920 1784 2988 ἀνεκαλύφθησαν

1875 1824 2116 1892 ﬁtentur,
2167 1828 2225 1872 ut
2275 1833 2394 1870 cum
2443 1813 2753 1870 verecundia
2805 1821 2855 1865 et
2906 1809 3168 1879 pudicitia
3215 1822 3326 1861 sese
3371 1823 3463 1859 or—

1875 1921 1996 1968 ueut
2023 1912 2092 1964 “.
2141 1910 2354 1977 Quibus
2381 1909 2436 1962 in
2467 1907 2650 1961 verbis
2685 1920 2782 1974 per
2810 1903 3041 1973 capillos
3075 1901 3294 1969 capitis,
3324 1913 3464 1968 quos

1874 2007 1968 2060 alit
2005 2001 2230 2062 femina,
2262 1999 2650 2056 verecundiam
2677 2005 2732 2049 et
2775 1994 3098 2067 pudicitiam
3144 1990 3465 2062 accipienda

1874 2111 2020 2160 esse,
2073 2095 2276 2148 Paulus
2317 2107 2417 2161 pro
2449 2089 2720 2160 sapientia
2773 2099 2874 2141 sua
2923 2083 3238 2155 significare
3269 2082 3464 2136 voluit.

1874 2185 1986 2240 Nec
2016 2185 2162 2240 enim
2209 2181 2468 2238 convenit
2516 2180 2678 2233 aliam
2725 2175 3022 2247 quamdam
3071 2173 3302 2244 gloriam
3349 2181 3466 2225 sta-

1875 2285 2030 2331 tuere
2061 2277 2113 2330 in
2143 2277 2346 2336 anima,
2376 2288 2496 2343 quae
2521 2269 2833 2340 religiosam
2855 2281 2985 2337 erga
3009 2264 3178 2320 Deum
3207 2264 3466 2334 pietatem

1877 2372 2219 2444 proﬁteatur,
2245 2382 2406 2436 quam
2435 2361 2822 2420 verecundiam
2846 2369 2901 2416 et
2927 2358 3269 2430 pudicitiam,
3295 2370 3468 2409 coma:

1877 2463 2244 2534 appellatione
2278 2459 2572 2513 indicatam
2611 2473 2624 2510 :
2655 2468 2762 2524 qua
2789 2452 2836 2508 si
2892 2458 3100 2516 careat,
3131 2449 3460 2504 dehonestat

1879 2563 2047 2624 caput
2078 2569 2263 2615 suum,
2302 2561 2362 2606 ut
2402 2551 2545 2604 idem
2597 2545 2894 2616 Apostolus
2939 2544 3204 2613 loquitur.
3251 2540 3366 2593 "ac
3399 2540 3472 2593 de

1877 2647 2092 2717 capillis
2126 2644 2498 2714 disputatione
2530 2639 2682 2694 Pauli
2727 2637 3095 2699 considerata,
3131 2630 3466 2688 conferenda

1877 2742 1982 2796 erit
2013 2739 2240 2793 omnino
2271 2735 2518 2806 Apostoli
2554 2732 2826 2788 sententia
2873 2745 2998 2784 cum
3056 2729 3160 2782 hac
3205 2725 3470 2779 Ecclesia!

1881 2833 2060 2896 laude,
2097 2846 2220 2900 quae
2245 2830 2354 2884 illis
2389 2827 2574 2882 verbis
2612 2825 2764 2878 hisce
2789 2836 3002 2875 comam
3037 2817 3464 2889 praedicantibus

1879 2925 2166 2983 tribuitur:
2209 2921 2390 2976 Coma:
2423 2931 2529 2973 tua:
2587 2917 2728 2971 velut
2776 2931 2954 2985 greges
3005 2927 3315 2982 caprarum,
3355 2924 3476 2979 qua:

183 3017 316 3074 ἀπὸ
346 3016 452 3071 τοῦ
477 3015 746 3071 Γαλαὰδ.
771 3013 870 3068 Διὰ
906 3014 1112 3068 τούτων
1138 3015 1246 3085 γὰρ
1267 3013 1366 3084 τὴν
1401 3013 1652 3084 ἐνάρετον
1684 3027 1782 3063 πο-

1893 3018 2132 3071 rcvelatar
2177 3021 2299 3069 sunt
2333 3015 2398 3067 de
2427 3021 2602 3066 monte
2641 3007 2872 3062 Galaad.
2919 3004 3056 3060 Nam
3089 3021 3186 3072 per
3221 3003 3336 3056 haec
3363 3003 3476 3054 vir-

185 3105 400 3160 λιτείαν
443 3107 502 3160 ὲν
527 3105 736 3175 ἐπαίνῳ
766 3106 1000 3158 ποιεῖται
1050 3106 1080 3156 ό
1115 3103 1308 3171 Λόγος.
1357 3102 1516 3155 Ἀλλά
1563 3103 1784 3154 κάκεῖνο

187 3200 466 3270 προσήκει
491 3197 855 3270 προστεθῆναι
891 3196 964 3267 τῷ
992 3195 1136 3266 λόγῳ
1159 3196 1235 3266 τῷ
1271 3196 1402 3266 περί¹
1426 3195 1535 3248 τῶν
1558 3193 1782 3264 τριχῶν,

187 3292 276 3344 ὃτι
302 3290 483 3359 πάσης
511 3289 822 3358 αἰσθήσεως
869 3287 1106 3358 ζωτικῆς
1145 3286 1464 3356 ἀμοιροῦσιν
1496 3288 1550 3338 αἱ
1593 3286 1781 3354 κόμαι.

187 3385 274 3438 οὐ
311 3382 502 3454 μικρὸν
548 3381 658 3452 γὰρ
695 3382 776 3442 εἰς
805 3377 1108 3448 ἐπαύξησιν
1141 3377 1434 3446 ἐγκωμίων
1481 3373 1784 3436 καὶτοῦτο,

187 3476 258 3530 τὸ
294 3477 432 3546 μήτε
453 3474 615 3527 πόνου
635 3513 654 3536 ,
687 3475 823 3542 μήτε
849 3469 1043 3541 ἡδονῆς
1069 3469 1320 3537 αἴσθησιν
1368 3468 1425 3520 ὲν
1460 3469 1578 3530 ταῖς
1612 3464 1786 3537 θριξὶν

191 3564 362 3622 εἶναι.
387 3568 462 3620 Τὸ
489 3568 588 3638 μὲν
619 3565 730 3636 γὰρ
761 3565 922 3634 σῶμα
946 3603 962 3628 ,
1001 3561 1124 3614 ὅθεν
1170 3560 1464 3630 ἐκφύονται
1489 3599 1503 3621 ,
1535 3559 1787 3612 όδυνᾶται

191 3659 664 3732 παρατιλλόμενον
689 3673 704 3688 ·
739 3656 878 3726 αὐτὴ
909 3655 968 3708 δὲ
1003 3657 1036 3726 ἡ
1089 3652 1212 3726 θρὶξ
1232 3693 1246 3716 ,
1285 3651 1409 3704 οὒτε
1440 3653 1488 3703 εί
1516 3651 1787 3719 τέμνοιτο,

189 3755 326 3812 οὔτε
357 3757 406 3808 εί
435 3755 708 3823 φλέγοιτο,
745 3750 870 3804 οὔτε
897 3753 946 3803 εί
982 3749 1072 3804 διά.
1099 3765 1243 3809 τινος
1275 3745 1653 3817 κωμμωτικῆς
1679 3745 1794 3797 ἐπι·

197 3846 426 3919 μελείας
466 3843 874 3898 καταλεαίνοιτο
893 3882 908 3902 ,
937 3841 1014 3911 τῷ
1044 3839 1315 3910 γινομένῳ
1347 3837 1602 3906 αἴσθησιν
1646 3835 1793 3906 δέχε-

191 3957 316 3994 ται.
346 3937 420 3990 Τὸ
451 3937 508 3990 δὲ
538 3937 788 4007 ἀμοιρεῖν
815 3935 915 4004 τῆς
943 3933 1251 4003 αἰσθήσεως
1274 3931 1384 3983 τῶν
1411 3929 1620 4000 νεκρῶν
1645 3929 1794 3980 ἐστιν

203 4031 362 4085 εδιον.
405 4028 614 4082 Οὐκοῦν
646 4030 675 4082 ὁ
727 4026 995 4098 μηδεμίαν
1035 4023 1140 4076 τῶν
1192 4027 1250 4077 ὲν
1292 4024 1370 4093 τῷ
1403 4023 1595 4092 κόσμῳ
1619 4019 1794 4089 τούτῳ

202 4119 661 4192 σπουδαζομένων
707 4117 1150 4190 παραδεχόμενος
1183 4115 1436 4186 αἴσθησιν
1461 4156 1476 4177 ,
1525 4114 1661 4185 μήτε
1691 4111 1797 4165 ὑπὸ

197 4214 366 4283 δόξης
401 4229 462 4265 τε
493 4213 586 4266 καὶ
611 4211 780 4281 τιμῆς
831 4209 1254 4280 ὲξογκούμενος,
1287 4211 1424 4280 μήτε
1471 4207 1538 4261 δι’
1585 4203 1796 4278 ὕϐρεώς

197 4319 268 4356 τε
297 4303 394 4356 καὶ
425 4302 652 4371 ἀτιμίας
675 4297 944 4368 ἀλγεινῶς
969 4297 1374 4370 διατιθέμενος·
1403 4297 1517 4350 ἀλλ’
1544 4298 1601 4350 ἐν
1624 4295 1796 4366 ὁμοίῳ

199 4395 335 4450 καθ’
359 4393 620 4464 ἑκάτερον
643 4391 754 4445 τῶν
783 4392 1041 4446 ἐναντίων
1069 4391 1260 4444 ἑαυτὸν
1287 4390 1577 4459 φυλάσσων
1595 4405 1609 4420 ·
1641 4383 1794 4451 οὗτός
1829 4381 1871 4436 1)

201 4488 358 4538 ἐστιν
387 4487 422 4556 ἠ
461 4483 826 4554 ἐπαινουμένη
871 4483 972 4554 τῆς
1000 4481 1219 4553 νύμφης
1253 4483 1396 4552 κόμη
1415 4521 1431 4543 ,
1479 4481 1674 4550 νεκρὸς
1699 4480 1794 4534 ἄν·

199 4595 403 4650 τικρυς
437 4577 533 4630 καὶ
564 4577 819 4646 ἀκίνητος
858 4575 997 4647 πρὸς
1027 4575 1096 4628 τὰ
1125 4574 1220 4626 τοῦ
1265 4573 1476 4644 κόσμου
1507 4573 1797 4642 γενόμενος

203 4669 538 4740 πράγματα,
565 4667 678 4720 εἴτε
702 4667 875 4730 οὓτως
898 4709 912 4726 .
944 4665 1054 4718 εἴτε
1077 4667 1152 4729 ὡς
1183 4667 1388 4736 ἑτέρως
1411 4665 1546 4734 ἔχοι.

285 4947 354 5003 Εἰ
380 4947 438 5000 δὲ
460 4947 522 5000 τὸ
547 4945 934 5014 πλεονέκτημα
977 4943 1086 4996 τῶν
1133 4941 1338 5012 τριχῶν
1386 4941 1608 5009 ἀγέλαις
1632 4941 1804 5009 αἰγῶν

212 5037 624 5111 παραϐάλλεται
647 5077 662 5099 ,
698 5039 820 5099 ταῖς
869 5034 978 5088 ἀπὸ
1015 5033 1110 5087 τοῦ
1141 5033 1356 5086 Γαλαὰδ
1399 5031 1804 5101 ἀνακαλυφθεί-

215 5149 346 5194 σαις
363 5147 377 5160 ·
405 5130 442 5184 ἀ
474 5131 574 5202 μὲν
597 5129 704 5202 χρὴ
729 5127 797 5183 δι’
819 5127 1108 5200 ἀκριϐείας
1133 5127 1261 5198 περὶ
1285 5125 1490 5178 τούτων
1517 5123 1809 5194 γινώσκειν

213 5221 375 5276 οὓπω
407 5221 736 5276 καταλαϐεῖν
771 5219 1118 5288 ἠδυνήθημεν
1143 5231 1160 5248 ·
1191 5215 1566 5286 στοχαζόμεθα
1600 5215 1679 5278 δὲ,
1703 5216 1806 5268 σότι

217 5313 411 5384 ῶσπερ
435 5312 506 5366 τὰ
533 5311 664 5379 ξύλα
691 5309 786 5364 τοῦ
810 5309 1046 5364 Λιϐάνου
1085 5311 1164 5370 είς
1186 5308 1390 5380 χρυσόν
1417 5323 1476 5360 τε
1519 5307 1614 5360 καὶ
1634 5307 1806 5378 ἄργυ-

221 5423 320 5480 ρον
341 5406 435 5458 καὶ
471 5403 758 5476 πορφύραν
793 5404 1192 5473 μεταποιήσας,
1233 5401 1448 5470 φορεῖον
1485 5401 1514 5452 ὁ
1555 5398 1808 5468 βασιλεὺς

219 5501 629 5556 κατεσκεύασεν
660 5500 838 5572 ἑαυτῷ
867 5516 879 5530 ·
909 5498 1084 5562 οὕτως
1117 5493 1257 5552 οἶδεν
1294 5499 1321 5550 ό
1356 5498 1558 5568 ποιμὴν
1585 5499 1612 5550 ό
1645 5497 1809 5559 καλὸς

217 5595 400 5665 αἰγῶν
425 5595 626 5663 ἀγέλας
652 5593 986 5663 παραλαϐεῖν
1009 5593 1103 5644 καὶ
1129 5593 1208 5655 εἰς
1233 5589 1458 5661 ποίμνια
1487 5589 1810 5660 μεταϐαλεῖν

301 5776 393 5833 ⁵⁵1
435 5775 560 5832 Cor.
609 5791 690 5840 ιι,
729 5773 797 5828 15
891 5775 936 5806 ⁸⁵
972 5771 1250 5827 lTimoth.
1302 5787 1362 5840 Il,
1402 5771 1456 5825 9.

1889 3108 1988 3163 tuti
2048 3111 2417 3160 consentanea
2475 3099 2692 3154 vivendi
2745 3097 2889 3152 ratio
2945 3095 3218 3150 laudatur.
3285 3091 3478 3157 Quan-

1885 3215 2052 3271 quam
2090 3207 2145 3251 et
2186 3197 2291 3250 hoc
2339 3194 2464 3248 addi
2515 3193 2583 3248 ad
2625 3193 2740 3246 haec
2789 3189 2856 3244 de
2904 3187 3118 3258 capillis
3153 3185 3317 3238 verba
3352 3197 3459 3236 con

1887 3293 2054 3356 venit,
2115 3288 2386 3344 nimirum
2437 3297 2627 3340 comas
2678 3281 2862 3338 omnis
2900 3277 3085 3333 vitalis
3135 3291 3334 3332 sensus
3377 3289 3478 3328 ex-

1887 3390 2072 3454 pertes
2097 3395 2240 3436 esse.
2295 3377 2406 3433 Nec
2435 3377 2582 3432 enim
2615 3388 2810 3445 parum
2850 3371 2954 3425 hoc
3001 3374 3164 3438 auget
3205 3365 3476 3426 encomia,

1889 3475 2034 3546 quod
2071 3474 2126 3528 in
2161 3471 2378 3542 capillis
2417 3483 2593 3539 neque
2637 3467 2920 3526 molestiae,
2965 3475 3146 3530 neque
3178 3458 3480 3528 voluptatis

1889 3568 2034 3622 uzlus
2063 3580 2262 3621 sensus
2290 3563 2541 3619 exsistat.
2579 3560 2793 3628 Corpus
2825 3555 3048 3627 quidem
3092 3553 3295 3622 ipsum,
3337 3550 3482 3603 unde

1889 3667 2220 3721 nascuntur,
2272 3657 2320 3712 si
2366 3655 2651 3710 vellicetur
2683 3651 2926 3704 dolorem
2974 3645 3208 3716 percipit
3242 3661 3254 3698 :
3288 3655 3478 3696 verum

1889 3753 2122 3822 capillus
2157 3751 2275 3820 ipse
2302 3763 2479 3816 neque
2512 3747 2558 3801 si
2591 3751 2898 3806 resecetur,
2923 3751 3103 3808 neque
3124 3737 3172 3790 si
3195 3741 3480 3797 exuratur,

1891 3859 2070 3914 neque
2100 3843 2146 3898 si
2181 3857 2278 3911 per
2309 3839 2549 3909 aliquam
2580 3834 2814 3892 ornandi
2848 3830 3100 3901 corporis
3129 3841 3320 3883 curam
3359 3823 3489 3879 levi-

1895 3947 2071 4008 getur,
2115 3933 2414 4004 quidquam
2443 3945 2658 3992 eorum,
2697 3941 2819 3996 qua}
2865 3924 3003 3978 fiunt
3047 3921 3235 3976 sentit.
3283 3917 3486 3973 Carere

1893 4037 2074 4083 autem
2110 4041 2298 4087 sensu,
2347 4022 2582 4077 mortuis
2626 4028 2710 4074 est
2765 4016 3066 4088 peculiare.
3117 4009 3486 4078 Quamobrem

1895 4123 2210 4192 quicunque
2237 4117 2376 4172 nihil
2407 4131 2620 4176 eorum,
2664 4127 2787 4181 quae
2819 4111 2874 4163 in
2929 4107 3033 4161 hoc
3061 4105 3270 4160 mundo
3303 4100 3488 4170 magni

1897 4215 2264 4274 aestimantur,
2292 4210 2485 4274 sentit;
2517 4223 2694 4275 neque
2721 4211 2946 4275 pr0pter
2970 4200 3198 4271 gloriam
3225 4204 3278 4252 et
3313 4195 3486 4249 hono-

1900 4323 2013 4363 rem
2061 4305 2208 4361 fastu
2260 4303 2496 4374 quodam
2553 4301 2756 4361 elatus,
2807 4311 2986 4367 neque
3035 4293 3107 4348 ob
3159 4289 3394 4360 injurias
3434 4293 3492 4342 et

1900 4399 2256 4467 ignominiam
2283 4396 2498 4458 dolens,
2531 4391 2628 4448 sed
2676 4391 2730 4445 in
2768 4399 3003 4459 utroque
3049 4387 3246 4440 horum
3295 4382 3490 4436 adver-

1901 4491 2138 4544 santium
2182 4488 2287 4544 sibi
2333 4489 2447 4556 pati
2495 4485 2733 4554 quadam
2777 4481 2995 4536 ratione
3038 4483 3212 4532 semet
3258 4487 3490 4527 conser-

1901 4597 2072 4648 rans;
2108 4581 2154 4635 is
2187 4593 2317 4633 vero
2348 4587 2433 4633 est
2464 4577 2579 4630 haec
2610 4586 2827 4644 sponsae
2863 4583 3021 4624 coma
3058 4574 3349 4634 tantopere
3373 4562 3495 4615 lau-

1901 4673 2053 4736 data,
2086 4672 2245 4742 plane
2271 4669 2474 4724 mortui
2507 4667 2752 4722 hominis
2777 4671 2832 4718 et
2874 4658 3176 4716 immobilis
3205 4655 3272 4709 ad
3303 4652 3495 4708 mundi

1905 4768 2122 4838 negotia
2148 4755 2391 4835 speciem
2433 4777 2544 4832 prae
2573 4775 2634 4816 se
2663 4757 2870 4816 l'erens,
2899 4765 3233 4824 quocunque
3275 4747 3494 4802 tandem

1903 4869 2067 4933 pacto
2096 4875 2184 4913 res
2213 4857 2389 4926 ipsius
2423 4859 2761 4921 comparate
2791 4849 2924 4903 sint.

1973 4953 2128 5020 Quod
2173 4959 2354 5004 autem
2397 4947 2718 5015 capillorum
2763 4940 2967 4995 eximia
3003 4932 3354 5005 pulchritudo
3398 4943 3494 4984 ca-

1905 5055 2127 5113 prarum
2159 5039 2226 5092 ad
2261 5050 2452 5107 greges
2482 5033 2550 5086 de
2577 5029 2784 5086 Galaad
2811 5027 3080 5082 revelatos
3119 5029 3492 5090 comparetur,

1909 5134 1977 5190 de
2025 5135 2129 5188 hoc
2179 5131 2309 5200 quid
2363 5137 2618 5183 accurate
2670 5119 3023 5178 statuendum
3075 5118 3192 5180 sit,
3239 5113 3494 5182 equidem

1911 5225 2090 5279 adhuc
2121 5224 2404 5293 percipere
2434 5233 2541 5272 non
2571 5215 2757 5286 potui:
2793 5211 3000 5266 utimur
3033 5215 3214 5260 tamen
3242 5204 3344 5257 hac
3367 5216 3500 5256 con-

1908 5318 2144 5388 jectura,
2189 5315 2332 5384 quod
2367 5305 2831 5381 quemadmodum
2875 5303 2942 5357 de
2986 5298 3180 5354 Libani
3231 5295 3395 5367 lignis
3441 5293 3500 5347 in

1915 5423 2136 5471 aurum,
2165 5413 2474 5474 argentum,
2495 5413 2792 5473 purpuram
2841 5391 3196 5451 commutatis
3227 5385 3502 5442 ferculum

1913 5501 2016 5556 sibi
2051 5515 2144 5554 rex
2191 5495 2492 5552 confecerit
2521 5513 2534 5546 :
2569 5495 2648 5548 sic
2695 5491 2994 5562 praeclarus
3042 5485 3133 5538 ille
3167 5487 3377 5551 pastor,
3407 5491 3506 5532 ac-

1917 5590 2090 5660 αῬῑίε
2119 5602 2408 5658 caprarum
2452 5583 2732 5655 gregibus,
2766 5578 2982 5636 noverit
3015 5573 3248 5645 caprilia
3295 5565 3506 5623 montis
