1927 3108
169 121 226 149 θεῖ

776 121 806 149 s.
824 100 989 149 casconu
1005 118 1156 147 russam

1762 121 1816 149 ρει

170 178 272 208 Galaad
286 178 314 206 in
325 178 407 207 ovilia
422 182 602 207 commutare.
621 179 712 214 Atque
723 179 777 207 hoc
790 179 876 207 exteri
891 185 965 205 mon-

1027 177 1052 204 ιὰ
1064 177 1176 204 αἰπόλια
1198 176 1244 204 τοῦ
1258 176 1364 204 Γαλαὰδ
1377 176 1468 213 ὅρους.
1490 177 1654 213 ’Λλλοφύλου
1677 179 1707 206 δι
1729 180 1811 215 ὅρους

169 224 207 253 tia
221 231 321 252 nomen
337 227 390 253 est.
406 224 452 259 qui
468 224 584 259 gratiam
609 224 690 251 talem
711 224 824 257 revelat,
839 227 868 251 ut
883 223 901 250 ii
916 223 962 258 qui

169 278 204 298 ex
216 270 343 306 gentibus
359 271 522 305 pmclarum
540 270 616 298 illum
632 275 770 306 pastorem
783 270 870 298 secuti
886 273 961 299 sunt.

170 317 198 344 in
214 319 312 343 ornatu
329 323 437 350 sponsa:
459 316 622 351 capillorum
647 316 759 344 nomine
784 319 963 344 censeantur.

171 363 203 390 Et
221 369 270 397 per
293 362 407 396 capillos
430 361 600 397 pudicitiam,
619 367 648 389 et
665 362 809 397 pudorem.
831 367 859 389 et
876 361 965 389 conti-

170 409 305 439 nentiam.
322 412 351 435 et
368 408 608 435 mortiﬁcationem
622 408 748 443 corporis
768 407 895 443 intelligi.
907 407 964 441 jam

170 460 234 483 ante
249 454 419 482 declaratum
437 458 489 482 est.
509 453 651 482 Fortassis
663 458 691 482 et
708 454 782 482 Elias
797 453 900 490 aliquid
917 461 967 481 no-

171 501 215 528 bis
236 501 269 528 ad
294 501 364 528 hanc
385 508 529 536 caprarum
555 500 804 529 considerationem
830 500 966 532 conferet.

171 547 217 582 qui
234 547 314 582 longo
330 551 452 581 tempore
467 551 592 574 versatus
616 547 642 573 in
660 552 750 574 monte
766 546 880 579 Galaad,
899 547 967 574 insi-

175 593 238 626 gnia
263 593 325 619 vitae
349 593 515 619 continentis
548 593 671 627 exempla
697 593 813 627 praebuit
844 602 850 619 ς
879 592 967 619 forma

172 639 325 673 squalidus.
343 639 450 674 capillis
475 640 614 671 hirsutus,
644 647 692 674 pro
711 644 787 666 veste
803 639 877 665 molli
900 639 969 673 pelle

175 692 265 719 caprae
287 689 385 711 tectus.
413 684 505 719 Itaque
529 692 635 716 omnes,
657 687 791 719 quotquot
819 684 852 711 ad
877 691 970 710 exein-

174 732 247 766 plum
266 731 405 765 propheta:
421 731 496 758 illius
508 731 592 757 vitam
608 739 685 758 suam
704 731 862 762 instituunt,
884 737 969 756 orna-

174 784 294 804 mentum
322 777 450 804 licelcsiaa
477 777 556 808 ﬁunt,
582 777 714 812 gregatim
746 777 814 811 (qui
847 776 970 810 philoso-

175 823 276 858 phandi
293 831 353 850 mos
370 823 421 850 hoc
436 827 560 858 tempore
575 824 602 850 in
619 831 670 850 usu
685 831 746 850 esse
758 823 860 858 cozpit)
885 823 971 849 virtu-

987 854 1007 880 Β

1013 223 1100 259 ὄνομα
1113 223 1193 251 τοῦτο
1204 223 1252 250 τοῦ
1263 224 1314 259 τὴν
1326 224 1453 258 τοιαύτην
1467 224 1547 259 χάριν
1559 225 1812 259 ἀνακαλύπτοντος,

1014 269 1085 296 ὥστε
1099 270 1163 301 τοὺς
1178 269 1208 302 ἐξ
1221 269 1307 296 ἐθνῶν
1327 269 1366 305 τῷ
1385 269 1460 305 καλῷ
1484 271 1594 305 ποιμένι
1607 271 1813 307 ἀκολουθήσαν-

1015 324 1064 347 τας
1082 317 1122 347 είς
1135 315 1166 342 τὸ
1180 316 1306 352 τρίχωμα
1321 315 1483 352 συντελῆσαι
1498 316 1544 343 τοῦ
1559 318 1609 352 τῆς
1623 317 1738 352 νύμφης
1752 318 1815 345 κάλ-

1015 361 1097 393 λους·
1121 362 1156 389 δι’
1170 358 1208 388 ὧν
1227 362 1390 398 σωφροσύνη
1411 370 1441 389 τε
1459 362 1507 389 καὶ
1527 362 1623 395 αίδὼς,
1640 363 1689 390 καὶ
1713 365 1815 400 ἐγκρά-

1015 417 1085 440 τεια,
1102 408 1150 436 καὶ
1163 409 1180 444 ή
1194 408 1242 435 τοῦ
1258 410 1385 444 σώματος
1399 408 1534 444 νέκρωσις
1547 409 1618 435 κατὰ
1630 409 1677 435 τὸν
1689 409 1816 444 προθεω-

1018 453 1134 490 ρηθέντα
1147 453 1225 488 λόγον
1242 454 1463 490 διασημαίνεται.
1484 455 1520 481 Ἦ
1540 455 1611 490 τάχα
1628 455 1817 490 συμϐάλλεταί

1016 509 1048 527 τε
1077 501 1145 536 πρὸς
1165 500 1215 536 τὴν
1240 500 1294 528 τῶν
1314 500 1400 534 αἰγῶν
1416 500 1534 536 θεωρίαν
1550 501 1599 528 καὶ
1614 502 1628 528 6
1645 501 1759 533 Ἠλίας,
1777 501 1817 536 τῷ

1018 547 1076 581 ligat
1088 546 1127 580 τῷ
1145 546 1250 572 Γαλαὰδ
1263 546 1484 582 ὲμφιλοσοφήσας
1499 546 1595 582 χρόνον
1609 547 1705 579 πολὺν,
1719 547 1752 580 ὃς
1765 548 1817 582 μά-

1018 592 1096 618 λιστα
1107 592 1154 617 τοῦ
1172 593 1231 618 κατ’
1246 593 1409 628 ἐγκράτειαν
1422 592 1598 627 καθηγήσατο
1611 592 1670 628 βίου
1682 613 1690 625 ,
1707 593 1817 628 αὐχμη-

1021 638 1066 673 ρὺς
1081 638 1111 664 τὸ
1124 636 1192 669 εἶδος
1202 659 1209 670 ,
1229 638 1313 670 δασὺς
1327 638 1377 674 τὴν
1391 639 1490 673 τρίχα,
1511 639 1573 665 ἀντὶ
1597 639 1727 674 μαλακῆς
1743 647 1817 670 τινος

1020 684 1133 718 ἐσθῆτος
1157 684 1272 719 δέρματι
1293 685 1370 719 αἰγὸς
1397 684 1612 718 σκεπαξόμενος.
1633 684 1743 717 Πάντες
1770 683 1817 712 οὖν

1020 731 1045 757 οἱ
1057 731 1126 757 κατὰ
1142 730 1186 756 τὸν
1207 731 1350 765 προφήτην
1369 731 1472 757 ἐκεῖνον
1486 731 1531 757 τὸν
1545 731 1634 758 αὐτῶν
1647 731 1815 767 κατορθοῦν-

1022 786 1066 808 τες
1084 777 1150 811 βίον,
1166 777 1268 811 κόσμος
1280 776 1400 810 γίνονται
1414 776 1464 811 τῆς
1479 776 1658 811 Ἐκκλησίας.
1670 776 1815 812 ἀγεληδὸν,

1023 822 1092 849 κατὰ
1106 822 1151 848 τὸν
1166 822 1212 848 νῦν
1238 821 1437 857 ἐπικρατοῦντα
1460 822 1510 856 τῆς
1527 822 1686 857 φιλοσοφίας
1701 822 1816 858 τρόπον.

172 875 228 913 tem
244 870 270 896 in
285 870 496 897 conversatione
511 874 605 896 mutua
623 869 755 896 colentes.
771 868 830 896 Jam
848 868 920 903 quod
935 868 969 895 de

1027 869 1081 902 μετ’
1092 868 1214 902 ἀλλήλων
1227 867 1277 902 τὴν
1291 866 1391 902 ἀρετὴν
1417 867 1605 899 ἐκπονοῦντες.
1613 867 1650 894 Τὸ
1664 867 1693 894 δὲ
1706 868 1819 895 Γαλαὰδ

174 917 275 945 Calaad
292 917 450 950 hujusmodi
470 925 566 952 greges
580 917 746 947 revelentur,
763 916 789 942 id
803 924 866 942 vero
884 923 968 942 mira-

175 964 269 990 culum
299 964 387 998 ipsum
415 967 519 998 auget:
548 963 677 990 nimirum
701 962 773 997 quod
800 970 833 988 ex
860 961 969 988 ethnica

175 1009 230 1035 vita
245 1009 278 1035 ad
295 1009 555 1035 commentationem
568 1016 638 1035 verae
654 1008 687 1035 de
710 1008 764 1034 Deo
778 1007 910 1034 doctrina:
925 1014 970 1032 ac-

175 1054 352 1081 cesserimus.
380 1053 435 1080 ‘Nec
455 1054 528 1080 cnim
549 1061 564 1080 a
589 1053 656 1080 Sion
682 1056 774 1079 monte
798 1056 894 1079 sancto
910 1052 970 1085 ejus

177 1100 279 1125 factum
295 1103 337 1126 est
354 1098 512 1133 hujusmodi
529 1100 590 1126 vita:
606 1099 725 1131 initium,
743 1099 789 1124 sed
809 1097 917 1124 addicta
933 1098 970 1124 si-

175 1145 305 1172 mulacris
320 1146 396 1171 natio
409 1149 553 1179 tantopere
568 1145 651 1171 Vllalll
669 1152 745 1171 suam
761 1144 926 1175 immntavit,
942 1148 971 1170 ut

175 1191 316 1225 praeclaris
330 1191 479 1218 virtutibus
497 1198 606 1225 sponsa:
621 1195 703 1225 caput
720 1194 845 1217 exornet.
865 1188 971 1216 Secun-

175 1236 241 1263 dum
262 1236 319 1263 hanc
346 1237 374 1263 in
394 1236 531 1263 laudando
546 1243 709 1272 progressus
734 1236 767 1263 ad
787 1236 882 1263 dentes
911 1243 971 1263 sese

176 1281 294 1314 confert,
321 1282 378 1309 oris
404 1289 436 1309 ac
462 1282 598 1309 labiorum
624 1281 759 1309 encomiis
785 1282 897 1309 omissis
919 1291 925 1308 :
945 1281 971 1308 id

177 1328 251 1362 (ιιιοά
266 1329 378 1356 minime
391 1329 600 1363 relinquendum
614 1329 694 1356 nobis
710 1333 753 1355 est
767 1336 822 1356 non
838 1329 971 1364 pervesti-

178 1379 284 1408 gatum.
309 1374 364 1401 Cur
382 1375 491 1402 tandem
514 1376 541 1402 in
564 1375 616 1402 hac
629 1375 861 1402 commentatione
875 1374 971 1402 dentes

178 1420 260 1447 labiis
276 1421 503 1455 anteponuntur?
526 1420 655 1447 Fortasse
670 1421 733 1455 quis
755 1420 866 1452 dixerit,
883 1420 909 1447 in
925 1420 972 1447 de-

178 1467 378 1493 monstratione
393 1466 608 1500 pulchritudinis
623 1467 801 1501 elegantioris
817 1466 899 1493 etiam
915 1466 972 1493 oris

178 1513 264 1539 risum
288 1519 334 1546 per
357 1512 478 1538 dentium
502 1512 715 1546 descriptionem
736 1512 817 1539 tacite
843 1511 969 1538 indicari.
985 1526 1006 1554 ο

179 1557 237 1592 Ego
255 1565 319 1584 vero
342 1558 492 1591 respiciens
508 1557 573 1589 alio,
595 1558 718 1585 dentium
736 1558 970 1592 pulchritudinem

180 1604 234 1630 alia
257 1604 290 1630 de
316 1610 401 1630 causa
426 1603 531 1630 laudari
555 1604 629 1639 prius
645 1612 729 1639 quam
755 1612 805 1636 os,
831 1604 970 1632 existimo.

180 1649 248 1676 Nam
265 1649 383 1676 laudatis
395 1649 449 1680 bis.
462 1658 496 1676 ne
509 1650 616 1676 labrum
631 1649 742 1684 quidem
759 1650 818 1677 sine
831 1657 973 1676 commcn-

180 1694 292 1721 datione
308 1695 439 1728 praeterit,
455 1702 517 1722 cum
540 1696 578 1721 ait
600 1695 687 1729 ipsius
703 1695 779 1721 lahra
801 1703 863 1722 esse
886 1696 973 1721 instar

183 1739 299 1766 luniculi
323 1740 468 1770 coccinei.
499 1744 526 1767 et
553 1740 688 1775 loquelam
721 1740 782 1774 ejus
808 1743 971 1775 elegantem.

181 1784 312 1817 Quaenam
328 1789 370 1812 est
388 1785 470 1818 igitur
487 1785 539 1812 hac
562 1785 588 1812 in
610 1791 685 1820 parte
710 1786 869 1818 conjectura
894 1786 974 1812 mea?

182 1832 255 1858 Ordo
272 1831 298 1858 in
316 1832 470 1866 disciplinis
485 1833 604 1866 optimus
621 1835 672 1862 est.
691 1831 808 1866 primum
825 1831 927 1862 doceri,
942 1839 974 1858 ac

182 1877 281 1904 deinde
301 1877 386 1911 loqui.
412 1877 575 1912 Disciplinas
599 1881 690 1903 autem
719 1877 765 1911 qui
790 1876 867 1903 cibos
891 1876 974 1902 animi

182 1929 246 1949 esse
259 1921 372 1951 dixerit.
391 1929 406 1947 a
426 1929 491 1948 vero
506 1929 559 1948 non
576 1921 725 1948 aherrabit.
753 1919 786 1947 Ut
805 1924 895 1946 autem
912 1927 975 1946 cor-

184 1974 295 2002 porcum
321 1967 481 1993 alimentum
511 1967 640 1993 dentibus
664 1966 875 1993 comminuemlo
896 1973 976 1999 para-

184 2021 258 2045 mus,
270 2013 305 2039 ita
323 2018 352 2039 ut
367 2013 520 2040 visceribus
535 2013 637 2039 nostris
653 2012 783 2039 idoneum
798 2012 843 2037 ﬁat
857 2019 864 2037 :
880 2010 975 2037 eodem

185 2058 269 2085 modo
281 2058 398 2085 facultas
411 2058 535 2093 quazdam
552 2058 632 2085 estin
646 2058 748 2087 animo.
762 2064 823 2091 qua:
836 2056 976 2082 doctrinas

185 2105 359 2136 comminuit.
375 2108 402 2132 et
421 2112 468 2139 per
482 2112 564 2139 quam
582 2104 656 2131 utilis
673 2104 710 2129 illi
729 2103 757 2129 lit
777 2103 914 2134 doctrina,
930 2102 976 2136 qui

185 2158 245 2177 eam
263 2150 372 2185 recipit.
395 2149 568 2184 Quapropter
583 2157 630 2177 eos
652 2149 790 2181 doctores,
812 2150 858 2183 qui
876 2149 979 2175 doctri-

1019 914 1069 945 τὰς
1092 913 1219 944 τοιαύτας
1244 912 1469 947 ἀποκαλυφθῆναι
1500 912 1618 946 ἀγέλας,
1638 912 1754 947 μείζονα
1770 913 1818 940 τοῦ

1020 959 1157 994 θαύματος
1172 958 1221 993 τὴν
1234 957 1387 993 ὑπερὸολὴν
1401 957 1467 993 εχει,
1476 957 1515 984 δτι
1531 957 1563 983 ἐκ
1572 957 1619 983 τοῦ
1632 957 1744 984 eavqu

1020 1006 1132 1039 γέγονεν
1154 1006 1220 1039 ἡμῖν
1233 1005 1249 1040 ὴ
1265 1004 1333 1039 πρὸς
1348 1004 1398 1039 τὴν
1414 1002 1487 1030 κατὰ
1507 1003 1574 1029 Θεὸν
1591 1003 1755 1037 φιλοσοφίαν
1770 1012 1820 1039 μς-

1020 1052 1159 1082 τάιστασις.
1178 1050 1216 1076 Οὐ
1240 1050 1294 1084 γὰρ
1312 1048 1380 1075 Σιὼν
1406 1049 1469 1084 ὅρος
1497 1048 1528 1076 τὺ
1552 1049 1630 1083 ἆγιον
1654 1049 1740 1076 αὐτοῦ
1767 1049 1819 1083 τῆς

1019 1097 1149 1132 τοιαύτης
1165 1096 1341 1131 καθηγήσατο
1357 1095 1493 1126 πολιτείας
1504 1103 1510 1110 ·
1529 1094 1596 1121 ἀλλὰ
1614 1094 1645 1121 τὸ
1660 1096 1718 1126 τοῖς
1732 1094 1818 1121 εἰδώ-

1020 1144 1076 1175 λοις
1100 1142 1279 1177 ἀνακείμενον
1305 1141 1381 1172 ἔθνος
1397 1142 1437 1172 είς
1450 1141 1585 1176 τοσαύτην
1611 1138 1678 1176 ἦλθε
1691 1140 1740 1167 τοῦ
1758 1139 1817 1175 βίον

1023 1188 1204 1223 μετάστασιν,
1222 1186 1292 1213 ὥστε
1311 1186 1360 1221 τὴν
1377 1185 1499 1221 κεφαλὴν
1521 1186 1660 1220 κοσμῆσαι
1679 1186 1730 1221 τῆς
1747 1186 1818 1221 νύμ-

1022 1243 1074 1269 φης
1090 1234 1146 1265 τοῖς
1159 1234 1219 1259 κατ’
1239 1233 1341 1267 ἀρετὴν
1356 1233 1572 1267 προτερήμασιν.
1586 1229 1652 1258 Εἶτα
1667 1233 1733 1263 τοὺς
1745 1231 1819 1258 ὀδόν-

1021 1286 1069 1309 τας
1088 1279 1121 1312 τῇ
1135 1276 1280 1312 ἀκολουθίᾳ
1308 1277 1360 1302 τῶν
1379 1276 1500 1302 ἐπαίνων
1521 1278 1535 1303 6
1548 1276 1634 1310 Λόγος
1659 1276 1817 1312 προτίθησι,

1022 1322 1210 1357 παραδραμὼν
1223 1322 1269 1348 τοῦ
1295 1323 1428 1357 στόματός
1451 1331 1481 1349 τε
1508 1321 1626 1349 καὶτῶν
1649 1321 1763 1357 χειλέων
1782 1323 1819 1348 τὰ

1022 1368 1157 1403 ἐγκώμια.
1185 1368 1275 1403 ’Ὅπερ
1295 1369 1369 1401 ἄξιον
1384 1368 1421 1404 μὴ
1442 1368 1564 1404 παριδεῖν
1579 1368 1769 1400 ἀνεξέταστον.
1785 1367 1819 1394 τί

1021 1414 1052 1449 ὁή
1067 1423 1132 1440 ποτε
1146 1414 1200 1440 τῶν
1214 1414 1326 1449 χειλέων
1339 1415 1364 1440 οἱ
1378 1414 1483 1446 ὀδόντες
1501 1415 1530 1441 ὲν
1544 1415 1601 1445 τοῖς
1617 1415 1740 1446 ἐπαίνοις
1752 1422 1822 1449 προ-

1022 1460 1158 1492 τίθενται;
1173 1460 1249 1494 Τάχα
1268 1460 1317 1494 μὲν
1330 1457 1377 1486 οὖν
1402 1461 1474 1486 είποι
1499 1468 1540 1491 τις
1556 1459 1590 1486 ἂν
1605 1459 1821 1495 γλαφυρώτερον

1023 1506 1053 1532 τὸ
1068 1506 1165 1537 κάλλος
1180 1505 1265 1537 δεῖξαι
1280 1505 1456 1540 βουλόμενος,
1474 1505 1606 1541 μειδίαμα
1623 1506 1758 1540 στόματος
1773 1506 1820 1532 διὰ

1024 1553 1073 1588 τῆς
1088 1553 1141 1579 τῶν
1156 1552 1267 1578 ὀδόντων
1279 1552 1442 1587 ὑπογραφῆς
1457 1551 1528 1579 κατὰ
1546 1552 1578 1578 τὸ
1594 1551 1708 1587 λεληθὸς
1721 1560 1819 1578 συνεν-

1025 1599 1193 1626 δείκνυσῢαι·
1209 1599 1264 1633 ἐγὼ
1277 1599 1304 1625 δὲ
1320 1599 1387 1634 πρὸς
1401 1599 1494 1634 ἕτερον
1509 1599 1625 1634 βλέπων,
1641 1599 1822 1634 προτερεύειν

1027 1646 1055 1671 ὲν
1068 1647 1123 1676 τοῖς
1146 1645 1267 1676 ἐπαίνοις
1281 1644 1312 1670 τὸ
1326 1644 1378 1671 τῶν
1393 1644 1506 1671 ὀδόντων
1523 1644 1621 1676 κάλλος
1637 1645 1690 1680 πρὸ
1704 1644 1762 1671 τῶν
1774 1645 1823 1671 τοῦ

1028 1691 1160 1726 στόματος
1187 1691 1333 1725 ἐγκωμίων
1357 1690 1511 1725 λογίζομαι.
1534 1689 1612 1717 Μετὰ
1638 1689 1717 1717 τοῦτο
1741 1690 1825 1726 γὰρ,

1027 1737 1088 1763 οὐδὲ
1103 1737 1132 1762 τὸ
1152 1736 1238 1771 χεῖλος
1254 1736 1360 1770 ἀφῆκεν
1374 1736 1599 1770 ἀνεγκωμίαστον
1611 1756 1619 1768 ,
1639 1736 1773 1772 mpsim
1785 1737 1828 1763 εἰ-

1029 1781 1086 1807 πὼν
1100 1781 1224 1808 κόκκινον
1238 1778 1308 1807 εἶναι
1323 1780 1356 1807 τὰ
1372 1781 1449 1816 χείλη
1461 1781 1548 1814 αὐτῆς
1561 1801 1568 1813 ,
1590 1781 1638 1808 καὶ
1656 1780 1705 1816 τὴν
1722 1780 1827 1808 λαλιὰν

1029 1828 1144 1864 ὡραίαν.
1160 1827 1192 1853 Τί
1208 1825 1254 1853 οὖν
1274 1827 1288 1853 δ
1304 1827 1369 1862 περὶ
1389 1826 1483 1853 τούτου
1507 1826 1687 1862 στοχάζομαι;
1707 1827 1826 1862 Ἀρὶατη

1028 1872 1104 1904 τάξις
1121 1872 1150 1897 ὲν
1166 1872 1222 1902 τοῖς
1253 1870 1410 1908 μαθήμασὶν
1433 1871 1491 1896 ἐστι
1515 1870 1624 1905 πρῶτον
1647 1869 1827 1896 διδάσκεσθαι

1029 1919 1077 1944 καὶ
1100 1917 1161 1943 τότε
1189 1917 1376 1950 φθέγγεσθαι·
1401 1915 1434 1942 τὰ
1452 1915 1481 1942 δὲ
1497 1915 1648 1951 μαθήματα
1667 1915 1718 1950 τῆς
1730 1915 1828 1951 ψυχῆς

1032 1962 1165 1998 βρώματά
1180 1971 1220 1994 τις
1239 1961 1323 1988 εἰπὼν
1339 1960 1423 1992 εἶναι,
1440 1961 1488 1988 τοῦ
1501 1961 1606 1993 εἰκότος
1627 1962 1677 1996 οὐχ
1692 1963 1829 1998 ἁμαρτή-

1031 2017 1117 2035 σεται.
1133 2008 1241 2042 Ὥσπερ
1265 2007 1321 2042 γὰρ
1343 2007 1375 2043 δὴ
1401 2007 1451 2041 τὴν
1473 2006 1632 2041 σωματικὴν
1647 2006 1750 2042 τροφὴν
1766 2008 1829 2038 τοῖς

1030 2056 1118 2082 ὀδοῦσι
1131 2054 1358 2086 καταλεάναντες,
1371 2052 1540 2088 κατάλληλον
1551 2052 1638 2088 αὐτὴν
1652 2054 1709 2085 τοῖς
1722 2051 1830 2087 σπλάγ-

1031 2111 1104 2138 χνοις
1132 2101 1258 2136 γενέσθαι
1285 2099 1551 2135 παρασκευάζομενο
1572 2098 1643 2126 κατὰ
1668 2098 1715 2125 τὸν
1741 2099 1829 2125 αὑτὸν

1032 2148 1131 2183 τρόπον
1148 2146 1205 2173 ὲστί
1220 2155 1261 2177 τις
1285 2144 1499 2180 λεπτοποιητικὴ
1513 2144 1567 2171 τῶν
1588 2143 1760 2179 διδαγμάτων
1776 2143 1829 2171 δύ-

186 2203 236 2222 nas
253 2202 315 2222 cum
331 2195 436 2229 judicio
450 2194 562 2221 tradunt
575 2198 602 2221 et
623 2195 790 2229 partiuntur.
807 2201 972 2228 qnorumqm

1033 2201 1114 2228 ναμις
1128 2193 1156 2219 ὲν
1170 2194 1203 2227 τῇ
1215 2192 1288 2227 ψυχῇ
1298 2212 1305 2223 ,
1319 2191 1353 2218 δι’
1377 2188 1411 2227 ἦς
1424 2190 1553 2225 δφέλιμσν
1568 2190 1672 2224 γίνεται
1694 2189 1735 2224 τῷ
1747 2189 1829 2225 δεχο-

185 2250 269 2276 opera
288 2242 391 2277 percipi
419 2242 564 2268 commode
587 2241 713 2268 doctrina
737 2245 837 2275 potest,
856 2245 883 2267 et
904 2241 979 2267 utilis

186 2292 240 2318 est,
260 2286 374 2321 ﬁgurate
396 2286 493 2313 dentes
519 2286 563 2313 hic
584 2286 716 2321 appellari
741 2287 812 2313 diro.
839 2286 930 2320 anue
947 2286 981 2313 de

187 2341 272 2360 causa
303 2334 380 2368 prius
407 2333 490 2360 etiam
516 2333 612 2360 dentes
640 2332 807 2365 laudantur,
834 2336 917 2367 atque
943 2333 980 2359 ita

188 2380 287 2407 deinde
314 2379 449 2406 labiorqu
479 2379 634 2406 encomium
660 2379 786 2405 infertur.
821 2378 877 2405 Nec
907 2378 979 2405 enim

189 2425 260 2452 labia
278 2425 330 2452 sita
349 2425 376 2451 in
398 2424 535 2459 loquendo
558 2424 761 2458 pulchritudine
783 2422 911 2450 ﬂorerent
935 2431 981 2450 or-

190 2475 265 2503 nata,
281 2470 334 2497 nisi
348 2470 444 2497 dentes
457 2478 504 2504 per
519 2469 671 2496 studiosam
689 2468 897 2503 disciplinarum
913 2476 980 2495 con-

190 2516 394 2551 templationem
413 2516 492 2542 labiis
515 2515 586 2542 hanc
604 2515 690 2549 ipsam
709 2514 737 2541 in
761 2514 898 2549 loquendo
918 2522 981 2549 gra-

190 2561 256 2588 tiam
270 2561 437 2588 conl‘erreut.
462 2561 537 2588 llanc
555 2568 605 2588 nos
620 2568 732 2587 causam
749 2560 916 2595 proferimus
934 2562 983 2587 oh-

191 2609 295 2636 servari
313 2608 341 2635 in
356 2608 400 2635 his
416 2607 618 2635 laudationibus
631 2607 747 2635 ordinis.

229 2745 306 2772 Nunc
321 2750 427 2780 tempus
443 2745 535 2776 fuerit,
553 2749 582 2771 ut
596 2744 623 2771 iu
640 2744 824 2771 laudationem
840 2743 926 2778 ipsam
943 2744 984 2770 in-

195 2791 347 2826 quiramus.
365 2791 412 2825 qui
430 2790 485 2821 ﬁat.
500 2794 528 2817 ut
541 2789 663 2816 dentium
677 2789 910 2824 pulchritudinem
923 2798 985 2816 cum

194 2837 284 2865 tensis
308 2836 436 2871 gregibus
451 2835 583 2868 conferat,
609 2843 669 2870 qua:
692 2843 788 2864 recens
814 2836 847 2863 de
877 2836 986 2862 lavacro

1034 2240 1106 2275 μένῳ
1119 2240 1149 2265 τὸ
1167 2239 1291 2274 μάθημα.
1311 2238 1381 2269 Τοὺς
1391 2238 1482 2264 τοίνυν
1497 2236 1639 2273 κριτικοὺς
1651 2245 1682 2263 τε
1696 2237 1744 2263 καὶ
1757 2237 1831 2264 διαι-

1034 2285 1156 2320 ρετικοὺς
1167 2283 1222 2310 τῶν
1231 2283 1403 2317 ὃιδαγμάτων
1415 2281 1590 2316 καθηγητὰς,
1602 2281 1636 2308 δι’
1643 2277 1682 2307 ὧν
1692 2280 1831 2316 εὔληπτος

1033 2332 1098 2365 ἡμῖν
1121 2330 1227 2364 γίνεται
1257 2328 1304 2355 καὶ
1325 2327 1471 2363 ὲπωφελὴς
1490 2327 1506 2361 ἡ
1523 2326 1701 2358 διδασκαλία,
1715 2325 1830 2358 ὀδόντας

1033 2375 1085 2402 ὑπὸ
1097 2375 1144 2401 τοῦ
1157 2375 1235 2408 λόγου
1252 2374 1323 2409 φημὶ
1338 2372 1477 2408 τροπικῶς
1491 2370 1684 2407 ὀνομάζεσθαι.
1695 2367 1734 2398 οὗ
1745 2370 1831 2406 χάριν

1035 2421 1222 2457 προλαμϐάνει
1237 2420 1292 2446 τῶν
1305 2419 1420 2446 ὀδόντων
1434 2419 1448 2445 6
1461 2418 1586 2449 ἔπαινος,
1600 2415 1650 2444 εἷθ’
1662 2414 1750 2448 οὕτως
1763 2417 1832 2444 ἐπά-

1035 2476 1113 2502 γεται
1141 2466 1195 2493 τῶν
1212 2465 1323 2500 χειλέων
1339 2465 1370 2491 τὸ
1385 2463 1532 2498 ἐγκώμιον.
1548 2463 1587 2490 Ub
1607 2463 1663 2498 γὰρ
1685 2461 1719 2489 ἂν
1743 2463 1831 2498 ἐπήν-

1036 2514 1112 2540 οιστο
1128 2512 1167 2547 τῷ
1189 2511 1292 2546 λογικῷ
1308 2510 1402 2536 κάλλει
1417 2509 1447 2536 τὸ
1464 2508 1551 2544 χεῖλος
1565 2528 1572 2539 ,
1591 2508 1628 2543 μὴ
1642 2507 1697 2534 τῶν
1714 2507 1832 2534 ὀδόντων

1037 2558 1149 2585 ἐκείνων
1165 2557 1210 2584 διὰ
1225 2557 1276 2592 τῆς
1290 2555 1510 2591 φιλοπονωτέρας
1523 2554 1578 2581 τῶν
1595 2553 1766 2589 μαθημάτων
1777 2561 1832 2580 κα-

1038 2605 1190 2639 τανοήσεως
1204 2603 1253 2639 τὴν
1280 2604 1309 2629 ἐν
1334 2603 1390 2634 τοῖς
1413 2602 1504 2635 λόγοις
1523 2601 1603 2636 χάριν
1629 2599 1833 2628 ἐπιϐαλλόντων

1037 2652 1092 2682 τοῖς
1115 2650 1244 2685 χείλεσιν,
1263 2649 1357 2675 Αἱτίαν
1374 2649 1423 2684 μὲν
1439 2645 1486 2674 οὖν
1511 2648 1540 2673 ἐν
1555 2648 1611 2678 τοῖς
1625 2646 1748 2678 ἐπαίνοις
1762 2646 1832 2674 ἁκο-

1036 2697 1146 2728 λουθίας
1158 2696 1260 2730 ταύτην
1274 2695 1386 2721 ἐπὶτῶν
1399 2694 1512 2720 ὀδόντων
1528 2693 1750 2728 κατενοήσαμεν.

1075 2743 1176 2779 Καιρος
1191 2743 1213 2768 δ’
1228 2742 1260 2769 ἂν
1278 2742 1319 2776 εἴη
1343 2742 1390 2767 καὶ
1403 2740 1485 2767 αὐτὸν
1503 2739 1629 2772 ἐξετάσαι
1647 2739 1694 2765 τὸν
1709 2738 1833 2770 ἔπαινον,

1040 2790 1098 2821 πῶς
1113 2789 1281 2823 παραϐάλλει
1291 2788 1322 2814 τὸ
1337 2789 1365 2814 ὲν
1378 2789 1435 2818 τοῖς
1447 2785 1539 2813 ὀδοῦσι
1551 2785 1649 2816 κάλλος
1658 2785 1720 2816 ταῖς
1732 2791 1835 2820 κεκαρ-

1042 2836 1134 2869 μέναις
1152 2834 1279 2869 ἀγέλαις,
1292 2834 1320 2860 αἳ
1337 2832 1385 2860 νῦν
1400 2831 1446 2859 τοῦ
1462 2830 1575 2866 λουτροῦ
1589 2829 1748 2857 ἁναδυιῐσαι
1761 2829 1834 2857 διδῶ
