3854 6216
203 306 328 366 διε

1254 314 1644 372 IN.CANTICA
1668 316 1940 374 CANTIC.
1983 317 2270 374 HOMILIA
2309 317 2422 375 ΥΠ.

3382 315 3492 377 926

218 443 344 497 μοις
378 421 773 493 ἑπαγάλλοντσι
819 423 1004 489 τόκοις
1053 426 1194 480 κατὰ
1229 427 1291 480 τὸ
1323 427 1438 481 ἴσον
1483 431 1538 482 αἱ
1585 431 1758 484 πᾶσαι
1781 447 1796 462 ο

1920 445 2136 500 egressae
2172 430 2420 502 gemellis
2455 428 2656 484 fetibus
2695 427 2902 499 pariter
2950 443 3144 484 omnes
3185 431 3484 487 exsultant.

218 518 334 586 ἔχει
374 514 429 568 δὲ
457 514 608 582 ,κατὰ
636 514 735 584 τὴν
774 515 920 580 λέξιν
952 517 982 569 6
1011 517 1236 581 ἔπαινος
1271 517 1447 584 οὕτως
1473 536 1489 550 ο
1531 521 1805 587 Ὀδόντες

219 623 341 660 σου
376 606 458 672 ὡς
508 605 718 676 ἀγέλαι
755 607 877 661 τῶν
915 610 1298 679 κεκαρμένων
1321 650 1338 673 ,
1388 611 1451 665 ατ
1494 611 1805 680 ἀνέϐησαν

219 698 340 751 ἀπὸ
384 697 492 752 τοῦ
518 699 780 767 λουτροῦ
807 739 822 759 .
855 703 915 753 αὶ
962 700 1155 756 πᾶσαι
1192 701 1625 772 διδυμεΰουσαι
1648 745 1663 767 ,
1703 703 1804 757 καὶ

219 788 566 844 ἁτεκνοῦσα
592 793 704 846 οὐκ
738 791 911 846 ἐστιν
946 793 1042 846 ἐπ’
1073 794 1302 860 αὐταῖς.
1336 794 1510 847 Τοῦτο
1543 795 1725 849 τοίνυν
1755 797 1804 848 εί

221 881 364 951 πρὸς
386 882 446 936 τὸ
473 884 782 954 σωματικὸν
815 885 910 938 τοῦ
950 885 1345 955 ὑποδείγματπ
1376 886 1680 958 βλέπομεν,
1705 889 1806 942 οὐκ

220 969 341 1027 οἶδα
373 975 491 1038 πῶς
516 975 580 1028 ἄν
620 994 703 1040 τις
727 978 1068 1032 ἐπαινεῖσθαι
1095 981 1220 1043 τοὺς
1249 980 1466 1045 ὀδόντας
1493 983 1634 1036 είποι
1653 1023 1668 1046 ,
1718 983 1808 1038 διὰ

221 1066 326 1135 τῆς
381 1067 519 1138 πρὸς
566 1068 663 1132 τὰς
721 1069 1123 1138 πολυγονούσας
1179 1071 1384 1140 ἀγέλας
1446 1073 1804 1146 συγκρίσεως.

237 1157 498 1212 Ὀδόντων
530 1159 628 1231 μὲν
662 1159 770 1233 γὰρ
796 1161 1013 1228 ἔπαινος
1034 1203 1049 1227 ,
1081 1166 1113 1235 ή
1147 1165 1442 1235 στερῤότης
1471 1167 1589 1219 ἐστὶ
1633 1167 1729 1220 καὶ
1772 1168 1806 1238 ἠ

222 1249 545 1320 ἐναρμόνιος
572 1251 721 1315 θέσις
747 1291 762 1314 ,
798 1253 982 1307 καὶτὸ
1016 1255 1230 1323 παγίως
1262 1255 1330 1308 δι’
1367 1255 1577 1325 ὁμαλῆς
1621 1273 1680 1308 τε
1714 1257 1809 1310 καὶ

220 1342 520 1396 ἀκολούθου
569 1345 671 1414 τῆς
717 1345 985 1417 ἁρμονίας
1035 1347 1409 1418 ἐμπεφυκέναι
1455 1349 1570 1412 τοῖς
1604 1347 1805 1413 οῦλοις.

222 1436 288 1486 Ai
317 1433 374 1486 δὲ
408 1434 794 1490 ἀναϐαίνουσαι
819 1437 926 1490 ἀπὸ
949 1437 1043 1490 τοῦ
1071 1438 1297 1509 λουτροῦ
1323 1439 1516 1507 ἀγέλαι
1545 1440 1685 1510 μετὰ
1711 1441 1811 1511 τῆς

221 1525 447 1597 διδύμου
487 1529 650 1599 γονῆς
690 1529 1164 1583 ὲπισκεδασθεῖσαι
1209 1534 1329 1593 ταῖς
1373 1532 1574 1595 νάπαις
1596 1571 1610 1594 ,
1652 1532 1811 1587 ποίαν

223 1615 456 1668 ὀδόντων
487 1615 896 1687 ὑπογράφουσιν
946 1616 1096 1686 ὤραν
1146 1617 1225 1688 τῷ
1269 1617 1390 1671 καθ’
1441 1617 1640 1680 ἑαυτὰς
1676 1619 1810 1670 ὐπο-

223 1706 478 1778 δείγματι
503 1745 518 1771 ,
556 1709 658 1761 οὐκ
685 1707 831 1762 ἐστιν
861 1711 924 1762 ἐκ
950 1710 1046 1762 τοῦ
1096 1710 1388 1781 προχείρου
1435 1712 1766 1778 κατανοῆσαι
1793 1723 1807 1738 ⁶

223 1790 374 1850 οὗτοι
428 1799 708 1870 στοιχηδὸν
752 1800 1145 1870 συνεστήκασιν
1195 1799 1531 1871 ὲναρμονίως
1571 1800 1812 1872 ἀλλήλων

224 1891 477 1959 ἐχόμενοι
502 1908 517 1922 ·
561 1893 765 1945 ἐκεῖναι
815 1892 875 1944 δὲ
919 1893 1012 1946 ἀπ’
1039 1893 1281 1963 ἀλλήλων
1331 1893 1810 1947 διασκεδάννυνται

223 1980 367 2052 πρὸς
399 1981 495 2053 τὴν
527 1982 713 2054 χρείαν
754 1983 854 2053 τῆς
897 1984 1068 2054 νομῆς
1110 1984 1484 2054 ἁραιούμεναι.
1523 1984 1682 2036 Ἀλλὰ
1719 1984 1813 2037 καὶ

225 2075 422 2146 γυμνῷ
453 2075 533 2146 τῷ
577 2076 750 2130 ὀδόντι
782 2076 924 2130 κατὰ
955 2076 1118 2146 φύσιν
1163 2077 1276 2131 ὄντι
1319 2080 1398 2141 είς
1431 2077 1719 2150 σύγκρισιν
1749 2077 1811 2131 τὸ

224 2167 578 2238 ἐρειοφοροῦν
618 2171 718 2223 οὐκ
754 2171 1112 2242 εὐάρμοστον.
1151 2167 1361 2222 Οὐκοῦν
1395 2168 1713 2240 ἐρευνητέον
1745 2168 1811 2222 ἂν

223 2260 316 2330 εἴη
337 2300 352 2322 ,
379 2260 498 2324 πῶς
535 2262 564 2313 6
615 2261 837 2333 κοσμῶν
865 2263 932 2316 δι’
961 2261 1254 2332 ἐγκωμίων
1292 2261 1390 2332 τὴν
1427 2260 1536 2314 τῶν
1585 2260 1812 2314 ὀδόντων

229 2355 630 2425 εὐαρμοστίαν,
663 2359 782 2419 ταῖς
819 2356 1192 2426 διδυμοτόκοις
1224 2356 1449 2423 ἀγέλαις
1478 2354 1813 2425 παραϐάλλει

234 2449 288 2498 τὸ
315 2447 511 2510 κάλλος
527 2489 542 2513 ,
571 2450 689 2512 ταῖς
716 2447 1185 2518 ἀποκειραμέναις
1208 2449 1270 2500 τὸ
1291 2448 1458 2518 ἔριον,
1481 2448 1577 2500 καὶ
1603 2446 1814 2518 λουτρῷ

229 2537 322 2589 τὸν
347 2537 519 2608 ῥύπον
550 2539 1029 2610 άποκλυσαμὲναις
1053 2539 1147 2592 τοῦ
1177 2539 1446 2609 σώματος.
1473 2538 1538 2591 Τί
1570 2535 1663 2592 οὖν
1685 2541 1812 2605 περὶ

234 2630 438 2682 τούτων
472 2631 886 2701 άπονοήσομεν;
921 2633 984 2684 Οἱ
1025 2632 1096 2685 τὰ
1143 2630 1262 2684 θεῖα
1290 2633 1564 2703 μυστήρια
1599 2631 1686 2684 διὰ
1716 2648 1814 2683 σα⁸

231 2721 506 2792 φεστέρας
551 2721 865 2792 ἐξηγήσεως
895 2723 1339 2787 λεπτοποιοῦντες
1363 2765 1378 2788 ,
1409 2722 1485 2785 ὼς
1514 2723 1812 2794 εὐπαράδε-

231 2831 364 2869 κτον
410 2814 509 2884 τὴν
541 2816 917 2888 πνευματικὴν
962 2815 1167 2887 τροφήν
1197 2816 1408 2886 ταύτην
1441 2815 1694 2885 γενέσθαι
1741 2815 1816 2886 τῷ

231 2907 454 2978 σώματι
485 2907 586 2979 τῆς
623 2909 948 2980 Ἑκκλησίας
968 2951 983 2975 ,
1013 2907 1158 2964 οὗτοι
1186 2913 1246 2963 τὸ
1266 2910 1374 2963 τῶν
1399 2911 1625 2964 ὀδόντων
1657 2909 1817 2980 ἔργον

238 2999 599 3064 ἀποτελοῦσι,
627 3000 806 3079 παχύν
848 3019 906 3056 τε
943 3007 1038 3057 καὶ
1071 3002 1383 3057 συνεστῶτα
1411 3003 1504 3056 τοῦ
1543 3003 1702 3071 λόγου
1727 3003 1817 3054 τὸν

1907 520 2082 576 Verba
2112 522 2347 577 encomii
2398 522 2511 574 haec
2559 528 2724 574 sunt:
2766 519 2956 574 Dentes
3006 521 3085 573 tui
3131 521 3269 575 sicut
3310 539 3488 593 greges

1907 621 2205 674 (ansarum,
2251 627 2369 680 qua:
2416 610 2482 664 de
2517 610 2730 663 lauacro
2780 609 3151 672 ascenderunt,
3211 620 3261 664 et
3311 627 3489 665 omnes

1903 703 2135 772 geminos
2190 704 2450 770 pariunt,
2523 716 2684 770 neque
2751 699 2952 754 sterilis
3019 701 3158 754 inter
3213 716 3302 753 eas
3351 700 3487 755 ulla.

1904 793 2023 848 Jam
2060 795 2108 849 si
2138 794 2206 849 ad
2245 807 2566 862 corpoream
2604 792 2772 861 hujus
2797 792 3032 859 exempli
3083 792 3353 846 rationem
3403 806 3493 845 re-

1907 887 2228 955 spiciamus,
2270 885 2414 939 haud
2445 886 2561 939 scio
2587 885 2678 954 qui
2711 885 2886 952 possit
2917 883 3118 953 aliquis
3156 883 3340 937 dicere
3371 883 3493 937 lau-

1907 979 2026 1033 dari
2058 979 2252 1032 dentes
2295 993 2392 1048 per
2431 979 2896 1046 comparationem
2948 977 3256 1031 institutam
3305 976 3372 1030 ad
3406 975 3492 1030 fe-

1907 1071 2120 1126 cundas
2151 1086 2363 1141 greges.
2401 1071 2615 1126 Etenim
2651 1070 2896 1124 dentium
2942 1072 3120 1139 posita
3163 1069 3284 1125 laus
3319 1077 3404 1124 est
3435 1069 3492 1122 in

1909 1164 2208 1226 soliditate,
2243 1170 2298 1218 et
2340 1163 2394 1216 in
2433 1164 2540 1218 situ
2573 1171 2701 1231 apto
2742 1172 2906 1232 atque
2932 1163 3215 1230 elegante;
3249 1161 3493 1230 itemque

1910 1258 1964 1312 in
1995 1273 2082 1320 eo,
2118 1267 2177 1310 ut
2207 1257 2438 1311 firmiter
2472 1272 2501 1309 a
2532 1266 2729 1309 natura
2770 1254 3024 1324 aequabili
3055 1253 3292 1323 quadam
3323 1255 3494 1308 seriei

1909 1346 2282 1400 concinnitate
2314 1346 2549 1415 gingivis
2585 1345 2734 1398 inlisi
2768 1346 2900 1399 sint.
2935 1343 3005 1398 At
3026 1359 3153 1398 vero
3184 1358 3376 1414 greges
3425 1345 3496 1398 de

1911 1438 2132 1493 lavacro
2156 1453 2282 1493 cum
2327 1438 2530 1493 fetibus
2562 1438 2808 1507 gemellis
2851 1436 3237 1497 ascendentes.
3290 1451 3497 1506 perque

1914 1531 2090 1584 saltus
2143 1529 2401 1598 dispersi,
2462 1530 2680 1600 qualem
2726 1527 2971 1583 dentium
3029 1526 3494 1595 pulchritudinem

1913 1622 2075 1677 nobis
2107 1620 2426 1692 depingant,
2478 1637 2588 1675 non
2638 1627 2722 1676 est
2770 1621 2826 1674 in
2868 1619 3096 1688 proclivi
3152 1618 3494 1688 perspicere.

1914 1716 2048 1770 Nam
2087 1717 2276 1771 dentes
2309 1723 2461 1769 certa
2499 1714 2643 1770 serie
2669 1713 3008 1774 consistunt,
3061 1709 3329 1764 concinna
3356 1724 3497 1780 qua-

1915 1808 2040 1861 dam
2073 1807 2286 1861 ratione
2321 1806 2426 1861 sibi
2460 1805 2694 1859 invicem
2731 1803 3007 1873 contigui:
3040 1817 3166 1855 cum
3198 1815 3390 1870 greges
3418 1799 3498 1854 illi

1916 1897 2150 1967 sparsim
2175 1911 2205 1950 a
2227 1911 2286 1949 se
2311 1895 2544 1948 invicem
2568 1892 2880 1954 discedant,
2901 1891 3106 1960 passim
3131 1901 3496 1952 rarescentes,

1915 2001 1976 2044 ut
2001 1987 2370 2043 necessarium
2407 1986 2512 2040 sibi
2541 1994 2758 2055 pastum
2789 1994 3057 2054 quaerant.
3093 1982 3362 2037 Praeterea
3389 1997 3499 2036 non

1915 2080 2171 2135 convenit
2192 2079 2407 2132 dentem
2438 2092 2468 2130 a
2496 2086 2692 2130 natura
2725 2075 2934 2129 nudum
2962 2089 3085 2127 cum
3119 2073 3224 2126 hoc
3251 2072 3498 2134 animali,

1913 2170 2060 2242 quod
2089 2173 2268 2224 lanam
2308 2171 2469 2240 gerit,
2511 2169 2842 2237 comparari.
2871 2166 3220 2236 Quapropter
3273 2166 3500 2219 investi-

1916 2263 2153 2333 gandum
2187 2261 2348 2315 nobis
2393 2269 2498 2326 est,
2549 2260 2644 2328 qui
2678 2259 2771 2312 fiat
2801 2267 2860 2312 ut
2889 2258 3159 2313 encomiis
3192 2256 3502 2326 pulcherri-

1917 2367 2062 2407 mam
2091 2351 2336 2406 dentium
2368 2351 2799 2405 concinnitatem
2844 2349 3154 2414 celebrans,
3191 2348 3333 2401 hanc
3378 2347 3502 2400 illo-

1916 2461 2038 2500 rum
2063 2446 2388 2516 elegantiam
2411 2459 2535 2497 cum
2557 2443 2815 2512 gregibus
2841 2442 3101 2512 gemellos
3135 2440 3500 2510 parientibus.

1917 2537 2117 2604 quibus
2148 2536 2392 2590 detonsae
2432 2535 2570 2588 lana:
2599 2533 2733 2595 sint,
2780 2548 3014 2603 quaeque
3054 2534 3271 2586 lavacro
3305 2531 3500 2585 sordes

1918 2628 2164 2698 corporis
2191 2628 2484 2689 abluerint,
2514 2624 2784 2680 conferat.
2829 2624 2970 2690 Quid
3009 2618 3140 2694 ergo
3169 2625 3238 2678 de
3280 2623 3367 2677 his
3397 2638 3503 2677 nos

1914 2718 2330 2789 indagabimus?
2373 2717 2699 2786 Quicunque
2754 2716 2940 2770 divina
2989 2715 3250 2785 mysteria
3285 2715 3500 2784 perspi-

1918 2829 2020 2867 cua
2049 2812 2283 2882 quadam
2309 2811 2657 2865 enarratione
2688 2809 2849 2879 quasi
2881 2809 3287 2870 comminuunt,
3322 2816 3381 2860 ut
3401 2808 3505 2861 ali-

1919 2914 2163 2960 mentum
2181 2903 2465 2973 spirituale
2480 2902 2696 2956 facilius
2724 2900 2897 2970 accipi
2924 2914 2954 2952 a
2977 2913 3210 2968 corpore
3241 2897 3505 2953 Ecclesia:

1921 2995 2116 3065 possit,
2155 2994 2208 3046 hi
2241 2993 2485 3047 dentium
2525 3007 2663 3062 opus
2694 2991 3016 3056 conficiunt,
3052 3003 3413 3059 crassumque
3448 2997 3505 3043 et

238 3093 402 3164 ιρτον
425 3091 504 3164 τῷ
527 3093 738 3146 ἑαυτῶν
783 3094 1149 3164 λαμϐάνοντες
1179 3095 1443 3165 στόματι.
1475 3095 1570 3148 καὶ
1606 3095 1693 3148 διὰ
1720 3095 1817 3162 τῆς

1921 3087 2308 3140 consistentem
2361 3085 2511 3139 verbi
2562 3099 2758 3154 panem
2805 3098 2908 3137 suo
2963 3098 3060 3136 ore
3101 3093 3402 3145 sumentes,
3450 3089 3506 3135 et

237 3186 746 3257 λεπτομερεστέρας
773 3185 1048 3257 εῦϐρωτον
1071 3188 1190 3248 ταῖς
1221 3185 1421 3256 ψυχαῖς
1455 3185 1565 3239 τῶν
1597 3185 1821 3256 δεχομέ-

239 3295 344 3330 νων
379 3277 895 3349 παρασκευάζοντες
914 3318 928 3339 ,
960 3272 1072 3331 οἷον
1113 3277 1395 3349 (κρεῖττον
1419 3277 1529 3349 γὰρ
1572 3279 1664 3331 ἐπὶ
1695 3279 1825 3331 ὑπο-

238 3370 548 3439 δειγμάτων
575 3370 927 3440 παραστῆσαι
959 3369 1020 3422 τὸ
1051 3369 1252 3440 νόημα)
1321 3373 1350 3424 6
1377 3371 1646 3441 μακάριος
1677 3370 1824 3424 Παῦ-

239 3461 331 3524 λος
355 3457 452 3513 νῦν
489 3461 588 3530 μὲν
607 3460 794 3524 ἁπλῶς
821 3477 880 3514 τε
907 3461 1002 3514 καὶ
1023 3461 1416 3524 ἁκατασκεύως
1435 3501 1450 3524 ,
1484 3460 1675 3532 ὥσπερ
1703 3459 1830 3514 τινὰ

233 3553 431 3622 ψωμὸν
452 3550 864 3623 ἀκατέργαστον
897 3551 1218 3622 προτίθησιν
1252 3553 1386 3621 ἡμῖν
1423 3550 1487 3603 τὸ
1529 3549 1623 3602 τοῦ
1657 3550 1823 3620 νόμου

239 3640 610 3710 παράγγελμα
633 3681 650 3703 ,
692 3640 867 3708 λέγων
887 3657 900 3670 ο
927 3642 1008 3693 Οὐ
1032 3639 1319 3709 φιμώσεις
1345 3640 1506 3704 ,βοῦν
1531 3639 1822 3693 ἀλοῶντα.

239 3733 414 3788 Πάλιν
440 3733 528 3787 διὰ
555 3735 654 3802 τῆς
682 3732 1074 3803 ὲπεξηγήσεως
1095 3733 1398 3798 ἁπαλύνας,
1423 3732 1825 3803 εὐπαράδεκτον

239 3830 389 3880 ποιεῖ
412 3826 473 3879 τὸ
505 3825 598 3879 τοῦ
633 3826 801 3898 νόμου
827 3826 1092 3896 βούλημα,
1124 3825 1333 3893 λέγων·
1374 3823 1471 3891 Μὴ
1497 3823 1618 3877 τῶν
1659 3821 1828 3886 ,βοῶν

238 3915 410 3988 μέλει
437 3913 519 3981 τῷ
544 3915 665 3981 Θεῷ
687 3955 702 3980 ,
732 3915 770 3984 ἢ
797 3915 870 3969 δι’
899 3913 1056 3983 ἡμᾶς
1097 3913 1335 3978 πάντως
1359 3911 1702 3982 ἐγεγράφειξ
1731 3909 1825 3963 καὶ

242 4009 383 4063 ἄλλα
406 4007 629 4062 τοιαῦτα
649 4007 820 4060 πολλά
838 4023 851 4034 ·
877 4003 1008 4069 οἷον,
1039 4005 1286 4074 Ἀϐραὰμ
1304 4004 1413 4058 δύο
1431 4003 1600 4068 υἱοὺς
1618 4002 1824 4069 ἔσχε-ν,

242 4100 356 4155 ἕνα
376 4099 446 4152 ἐκ
473 4098 584 4166 τῆς
608 4097 935 4165 παιδίσκης
950 4137 965 4160 ,
993 4097 1092 4151 καί
1113 4096 1320 4154 ἓνα.ἐκ
1350 4093 1458 4163 τῆς
1480 4095 1823 4163 ἐλευθέρας.

243 4191 420 4246 Τοῦτο
440 4193 469 4245 6
499 4190 908 4262 άκατέργαστος
937 4190 1120 4259 ἄρτος.
1160 4188 1322 4242 Ἀλλὰ
1359 4189 1478 4251 πῶς
1506 4187 1674 4241 αὐτὸν
1709 4187 1828 4240 δια-

244 4280 526 4335 λεπτύνων
569 4279 824 4350 ἐδώδιμον
871 4281 1016 4332 ποιεῖ
1056 4280 1166 4342 τοῖς
1201 4278 1558 4349 τρεφομένοις
1582 4317 1596 4343 ,
1625 4278 1704 4340 εἰς
1734 4277 1830 4330 δύο

248 4371 531 4442 Διαθήκασ
550 4369 951 4440 μεταλαμϐάνει
997 4370 1096 4439 τὴν
1149 4369 1391 4441 ἱστορίαν
1417 4409 1430 4429 ,
1469 4368 1568 4440 τὴν
1622 4369 1720 4438 μὲν
1748 4370 1828 4432 εἰς

1926 3190 2021 3246 per
2047 3176 2384 3230 subtiliorem
2435 3176 2948 3244 contemplationem
2981 3183 3168 3244 aptum
3209 3173 3330 3228 esui
3377 3173 3507 3228 red-

1925 3268 2117 3324 dentes
2150 3268 2350 3322 animis
2395 3281 2586 3320 eorum
2623 3268 2717 3336 qui
2769 3266 3102 3336 suscipiunt,
3159 3275 3219 3320 ut
3270 3265 3505 3335 exempli

1927 3376 2093 3416 causa
2126 3360 2343 3430 (melius
2371 3368 2457 3414 est
2486 3359 2632 3413 enim
2659 3359 2926 3427 exemplis
2947 3372 3171 3414 sensum
3204 3358 3505 3427 exponere)

1927 3453 2120 3508 beatus
2155 3451 2360 3505 Paulus
2400 3464 2547 3504 nunc
2589 3448 2810 3519 quidem
2850 3448 3177 3519 simpliciter
3211 3459 3266 3503 et
3298 3449 3509 3519 absque

1927 3546 2037 3598 ulla
2075 3543 2494 3614 praeparatione,
2527 3550 2788 3611 tanquam
2819 3539 3055 3598 frustum
3087 3541 3362 3612 quoddam
3394 3557 3507 3596 non

1926 3635 2260 3696 confectum,
2285 3633 2444 3688 nobis
2460 3633 2720 3702 proponit
2747 3633 2881 3704 legis
2906 3644 3259 3701 praeceptum,
3284 3633 3505 3686 dicens:

1929 3727 2051 3780 Non
2073 3725 2348 3780 obturabis
2375 3743 2432 3779 os
2470 3725 2586 3780 bovi
2629 3727 2906 3779 trituranti
2931 3727 3000 3781 ⁵⁸.
3033 3725 3248 3781 Rursus
3280 3742 3400 3780 cum
3453 3725 3508 3780 id

1927 3816 2342 3871 counninuisset
2367 3831 2464 3885 per
2493 3815 2917 3884 expositionem,
2963 3815 3094 3870 facit
3136 3825 3194 3869 nt
3242 3815 3380 3884 legis
3411 3831 3510 3869 vo-

1929 3911 2110 3962 luntas
2139 3907 2299 3962 facile
2329 3907 2498 3977 possit
2519 3906 2714 3976 accipi,
2748 3906 2936 3962 dicens
2961 3924 2975 3960 :
3010 3905 3159 3960 Num
3181 3905 3333 3960 boves
3365 3923 3510 3960 cura

1927 4009 2053 4055 sunt
2082 3998 2208 4063 Deo,
2249 4015 2320 4052 an
2360 4006 2572 4066 propter
2600 4013 2695 4050 nos
2737 3998 2950 4051 omnino
2985 3999 3185 4066 scripta
3207 4008 3328 4051 sunt
3349 3998 3426 4050 ‘7?
3455 4007 3511 4051 et

1929 4093 2035 4148 alia
2082 4092 2250 4146 multa
2303 4089 2598 4160 ejusmodi,
2654 4097 2733 4155 ut,
2787 4089 3061 4143 Abraham
3107 4090 3242 4142 duos
3285 4089 3511 4143 habebat

1929 4185 2092 4254 ﬁlios,
2149 4200 2311 4237 unum
2353 4197 2418 4237 es
2466 4181 2686 4244 ancilla,
2730 4191 2782 4235 et
2802 4197 2966 4234 unum
2997 4195 3060 4235 ea:
3097 4179 3266 4234 libera
3294 4181 3363 4233 ⁵⁸.
3413 4180 3512 4234 Hic

1931 4276 2086 4346 panis
2125 4283 2210 4328 est
2238 4287 2345 4326 non
2393 4272 2700 4326 conlectus.
2740 4269 2847 4324 Sed
2877 4270 3102 4340 quando
3151 4286 3276 4326 eum
3315 4270 3511 4325 deinde

1929 4363 2332 4428 comminuens,
2384 4363 2514 4416 facit
2538 4362 2884 4416 esculentum
2922 4363 2989 4417 iis
3034 4365 3126 4432 qui
3167 4366 3508 4428 nutriuntur,

240 4458 532 4511 δουλείαν
551 4457 866 4526 γεννῶσαν
888 4475 900 4487 ·
927 4458 1042 4526 τὴν
1065 4458 1133 4511 δὲ
1152 4459 1262 4527 τῆς
1286 4457 1571 4525 δουλείας
1585 4457 1817 4511 ἐλευθε-

1931 4455 1999 4508 ad
2039 4453 2507 4509 dnoTestamenta
2538 4453 2804 4506 transfert
2849 4453 3156 4518 historiam,
3193 4470 3356 4507 unum
3390 4455 3510 4524 qui-

239 4548 506 4619 ροῦσαν.
537 4549 695 4604 υῦτω
721 4553 816 4604 καὶ
842 4556 1021 4605 πάντα
1044 4551 1135 4605 τὸν
1157 4552 1338 4621 νόμον,
1377 4551 1464 4603 ἵνα
1501 4551 1575 4620 μὴ
1598 4548 1669 4604 τὰ
1702 4549 1818 4604 καθ’

242 4639 480 4694 ἕκαστον
501 4640 750 4711 λέγοντες
773 4643 1157 4714 διατρίϐωμεν,
1191 4642 1508 4713 παχυμερὲς
1537 4641 1697 4711 σῶμα
1725 4640 1822 4692 λα-

244 4730 384 4800 ϐὼν,
411 4732 762 4788 λεπτύνειδιὰ
786 4735 886 4805 τῆς
906 4734 1157 4806 θεωρίας,
1179 4732 1543 4804 πνευματικὸν
1569 4731 1732 4784 αὑτὸν
1761 4731 1827 4784 ἐκ

253 4825 572 4895 σωματικοῦ
596 4825 960 4897 ἐργαζόμενος
986 4843 999 4858 ·
1030 4824 1314 4894 Οἶδαμεν,
1339 4825 1534 4893 λέγων,
1559 4823 1650 4878 ὅτι
1665 4827 1697 4879 ό
1721 4823 1824 4876 νό-

242 4934 360 4987 μος
385 4916 787 4984 πνευματικός
813 4914 1002 4969 ἐστιν.
1022 4915 1202 4986 Ὅπερ
1230 4915 1408 4967 τοίνυν
1442 4914 1536 4966 ἐπὶ
1559 4915 1650 4968 τοῦ
1681 4913 1827 4969 Παύ-

243 5010 343 5062 λου
370 5011 807 5079 κατενοήσαμεν,
844 5008 919 5071 ὠς
950 5007 1177 5061 ὀδόντων
1205 5007 1364 5079 χρεία
1393 5009 1461 5079 τῇ
1508 5007 1826 5078 Ἐκκλησία,

245 5100 602 5172 πληρούντων
645 5103 703 5155 ἐν
735 5101 812 5172 τῷ
843 5099 1214 5154 διαλεπτύνειν
1245 5099 1344 5170 τὴν
1389 5099 1499 5153 τῶν
1543 5099 1829 5169 δογμάτων

249 5195 548 5263 σαφήνειαν
567 5209 580 5222 ·
607 5192 766 5245 τοῦτο
808 5192 903 5245 καὶ
928 5192 1022 5244 ἐπὶ
1050 5192 1248 5254 παντὸς
1281 5191 1373 5244 τοῦ
1422 5191 1562 5244 κατά
1597 5191 1829 5260 μίμησιν

246 5283 459 5338 ἐκείνου
511 5284 904 5354 διασαφοῦντος
955 5286 1087 5356 ἡμῖν
1132 5284 1192 5337 τὸ
1233 5285 1529 5355 μυστήριον
1574 5282 1825 5350 λέγομεν.

247 5376 461 5432 Οὐκοῦν
489 5376 700 5440 ὀδόντες
730 5379 834 5432 εἱσι
867 5377 967 5447 τῆς
1012 5376 1342 5448 Ἐκκλησίας
1368 5379 1418 5428 οἱ
1451 5375 1551 5446 τὴν
1593 5374 1831 5443 ἀκατέρ-

246 5482 454 5534 γαστον
486 5467 593 5521 τῶν
628 5468 788 5522 θείων
820 5468 1018 5537 λογίων
1048 5468 1189 5522 πόαν
1220 5466 1670 5529 λεπτοποιοῦντες
1699 5467 1834 5536 ήμῖν

246 5561 348 5616 καὶ
409 5560 826 5632 μηρυκίζοντες.
877 5561 1091 5629 Ὥσπερ
1145 5560 1327 5612 τοίνυν
1364 5558 1673 5629 ὑπογράφει
1725 5556 1835 5610 τῶν

329 5742 373 5773 ⁸⁸
401 5742 418 5794 ι
451 5742 577 5797 Cor.
612 5759 694 5806 ix,
728 5743 761 5796 9
795 5759 954 5811 sqq.;
988 5741 1144 5798 Deut.
1203 5757 1327 5805 ιιν,
1369 5741 1412 5795 i.

1493 5741 1532 5772 "7
1569 5737 1705 5796 ibid.
1780 5737 1824 5770 ⁸⁸
1849 5735 2028 5792 Galat.
2073 5751 2154 5797 iv.
2188 5733 2260 5789 22
2308 5750 2430 5807 sqq.

1929 4547 2047 4600 dem
2071 4561 2325 4616 generans
2353 4543 2424 4597 ad
2461 4546 2779 4609 servitutem,
2813 4544 3041 4599 alterum
3072 4554 3246 4599 autem
3277 4546 3510 4598 liberans

1931 4657 1966 4693 a
1995 4639 2264 4694 servitute.
2297 4635 2388 4691 Sic
2417 4644 2472 4692 et
2509 4637 2822 4692 universam
2857 4637 3054 4706 legem,
3084 4652 3153 4692 ne
3189 4637 3245 4690 in
3279 4638 3512 4706 singulis

1933 4732 2311 4789 immoremur,
2358 4744 2482 4783 cum
2512 4743 2631 4784 eam
2661 4729 2966 4799 accepisset
3003 4743 3256 4784 crassum
3287 4744 3508 4798 corpus,

1933 4823 2259 4877 comminuit
2290 4837 2387 4891 per
2409 4821 2952 4891 contemplationem,
2981 4836 3101 4876 eam
3133 4838 3200 4877 ex
3239 4820 3511 4890 corporali

1931 4918 2170 4972 efﬁciens
2205 4915 2570 4984 spiritualem,
2615 4915 2840 4970 dicens:
2884 4914 3093 4969 Scimus
3131 4913 3271 4984 quod
3306 4915 3391 4968 lea:
3431 4921 3510 4967 est

1934 5007 2231 5076 spiritualis
2256 5006 2318 5060 δ’.
2354 5005 2510 5071 Quod
2538 5021 2672 5075 ergo
2700 5007 2755 5060 in
2785 5005 2956 5060 Paulo
2999 5005 3509 5068 animadvertimus,

1937 5102 2179 5158 Ecclesia
2225 5114 2365 5169 opus
2395 5101 2558 5154 habet
2601 5099 2858 5155 dentibus
2898 5099 2967 5154 ad
3005 5099 3405 5154 conciliandam
3455 5099 3510 5151 in

1935 5189 2356 5246 comminuendo
2402 5189 2750 5258 dogmatibus
2776 5189 3082 5243 claritatem
3133 5206 3145 5243 :
3199 5189 3302 5242 hoc
3345 5189 3510 5242 etiam

1934 5285 2171 5340 dicimus
2199 5283 2252 5336 in
2283 5283 2395 5347 illo,
2446 5283 2542 5352 qui
2568 5283 2634 5336 ad
2675 5283 2796 5349 ejus
2832 5283 3194 5336 imitationem
3226 5281 3384 5336 nobis
3411 5282 3513 5336 de-

1930 5375 2102 5429 clarat
2131 5373 2410 5445 mysteria.
2443 5371 2582 5426 Sunt
2604 5387 2735 5440 ergo
2761 5372 2954 5426 dentes
2973 5370 3247 5433 Ecclesiae,
3278 5372 3369 5440 qui
3399 5385 3512 5424 non

1930 5466 2236 5521 confectam
2257 5465 2564 5519 divinorum
2582 5465 2925 5534 eloquiorum
2952 5465 3174 5518 herbam
3192 5466 3350 5518 nobis
3368 5478 3514 5517 com-

1935 5562 2190 5612 minuunt
2216 5565 2270 5612 et
2300 5558 2598 5612 ruminant.
2633 5557 2753 5624 Quo
2798 5557 2961 5611 modo
3004 5572 3134 5626 ergo
3177 5570 3371 5612 eorum
3416 5554 3519 5628 qui

2512 5737 2552 5769 ”
2613 5736 2767 5792 Rom.
2838 5751 2936 5802 vn,
2985 5735 3074 5789 14.
