1927 3108
181 118 236 148 9‘27

784 121 813 149 S.
828 120 993 149 enscoun
1008 120 1157 148 NYSSENl

1779 118 1837 147 9'33

184 180 286 205 bonum
302 186 373 213 opus
394 179 570 214 episcopatus
584 178 740 207 desiderant
752 181 786 212 '°,
807 181 914 215 singula
931 181 970 207 di-

1035 180 1070 206 τοῦ
1085 179 1168 206 καλοῦ
1182 179 1263 215 ἔργου
1276 178 1326 214 τῆς
1342 177 1498 213 ἐπισκοπῆς
1513 177 1686 213 ὀρεγομένων
1699 177 1759 203 τὸν
1776 176 1837 211 βίον

183 224 265 252 vinus
281 226 529 260 describitl’aulus,
538 231 564 254 et
573 227 702 253 canvenit
719 235 782 254 eutn
808 227 856 261 qui
876 235 976 254 munus

182 270 285 305 accipit
298 271 485 306 episcopatus,
506 279 569 299 cum
582 270 711 299 omnibus
724 272 824 300 habere
836 273 918 300 etiam
931 273 977 300 do-

182 316 263 344 cendi
291 317 431 351 gratiam:
450 318 491 345 sic
513 318 558 345 hic
581 326 640 349 eos,
667 319 714 353 qui
732 318 765 345 ad
792 319 975 346 ministerium

185 361 310 388 dentium
326 362 445 389 ordinati
463 367 528 390 sunt
542 363 569 390 in
585 363 718 396 Ecclesia,
738 364 797 391 vult
816 365 905 391 oratio
916 364 977 398 qui-

183 407 245 434 dem
261 407 378 441 primum
392 415 455 435 esse
475 413 580 440 tensos,
596 409 649 436 hoc
664 414 707 436 est
725 409 844 437 nudatos
858 410 977 444 pondere

185 453 334 485 materinli,
356 453 453 481 deinde
479 454 589 482 lavacro
608 455 784 482 conscientia
804 462 868 483 esse
892 462 977 489 puros

184 499 219 526 ab
232 499 306 526 omni
325 499 534 534 inquinamento
549 501 641 528 carnis
656 505 684 528 et
698 501 830 536 spiritus:
846 505 977 536 pra'teret

184 553 294 580 semper
308 553 356 581 per
369 546 521 581 profectum
539 547 688 575 ascendere
702 552 730 575 et
745 556 884 582 nunquam
905 552 977 574 retro

185 591 255 618 trahi
272 592 305 619 ad
325 591 505 626 barathrum;
533 597 673 627 postremo
695 598 786 621 autem
805 594 906 628 duplici
928 595 976 620 bo-

185 645 283 664 norum
298 639 479 672 conceptione
494 639 614 674 proﬁteri
632 640 836 675 generationem
857 641 884 667 in
903 641 977 667 omni

186 691 287 717 genere
299 685 420 715 virtutis.
436 689 463 713 et
482 685 509 712 in
525 686 599 713 nullo
616 686 733 714 honesto
745 687 838 714 studio
851 692 879 715 et
898 696 977 715 exer-

184 731 251 758 citio
270 738 333 758 esse
348 732 466 759 steriles.

219 822 324 858 Duplex
346 829 437 851 autem
459 830 609 859 conceptus
621 825 730 852 exsistit
745 826 862 860 aenigma
878 833 978 861 appro-

185 868 306 897 hationis
319 870 464 903 utriusque
477 877 573 897 eorum
589 879 650 906 qua:
663 871 875 899 considerantur
886 873 912 899 in
930 881 977 900 uo-

185 915 238 944 bis.
261 919 291 942 ut
307 915 442 949 ejusmodi
458 916 554 944 dentes
577 918 708 952 gemellos
733 918 852 953 pariant.
880 919 978 945 animm

184 961 295 995 quidem
311 961 552 996 impatibilitatem,
570 963 633 990 vitae
647 967 737 991 autem
760 964 894 999 corporali
915 973 977 999 pro—

186 1011 313 1033 creantes
335 1006 527 1040 honestatem;
555 1008 697 1041 subjungit
712 1007 755 1035 his
778 1014 978 1043 consequenter

186 1051 295 1079 laudent
311 1051 395 1080 labris
417 1053 636 1084 convenientem,
656 1052 700 1080 ﬁlo
720 1054 853 1081 coccineo
874 1055 978 1081 assimi-

186 1097 248 1125 |:ms
272 1098 514 1132 pulchritudinem,
544 1099 624 1133 cujus
651 1099 905 1134 interpretationem
938 1102 977 1127 cis

187 1143 342 1176 subjunxit,
372 1144 517 1177 pulchrum
542 1152 697 1172 sermonem
720 1146 795 1172 ﬁlum
820 1146 975 1173 nominans.

185 1187 243 1216 lloc
258 1193 350 1216 autem
373 1189 400 1216 in
415 1189 448 1216 iis
467 1197 528 1223 quae
544 1194 745 1224 praecesserunt
767 1189 823 1225 jam
842 1195 883 1218 est
902 1193 977 1225 prius

184 1235 402 1266 consideratum,
435 1242 535 1270 nempe
566 1236 795 1270 quemadmodum
826 1236 977 1263 ministerio

186 1281 322 1313 dentium,
346 1287 407 1315 quae
428 1285 469 1307 est
493 1280 520 1308 in
542 1281 637 1312 labris.
656 1285 770 1309 ornatur
791 1281 974 1316 pulchritudo.

186 1327 239 1354 Per
259 1327 356 1354 dentes
375 1327 459 1358 enim.
477 1327 529 1354 hoc
549 1332 591 1355 est
610 1335 658 1363 per
670 1329 869 1363 expositionem
886 1328 978 1355 docto-

187 1381 260 1405 rum,
277 1374 357 1401 simul
371 1373 492 1408 loquitur
507 1380 538 1400 os
552 1373 689 1402 Ecclesia.
702 1374 848 1409 Propterea
859 1375 977 1409 primum

186 1420 338 1448 tondentur
354 1421 461 1453 dentes,
477 1425 503 1448 et
517 1421 654 1453 lavantur,
673 1423 700 1446 et
714 1427 768 1447 non
784 1424 848 1446 sunt
859 1420 977 1450 steriles.

186 1471 214 1493 et
233 1466 358 1501 geminos
383 1466 504 1500 pariunt,
526 1470 554 1493 et
574 1471 641 1493 tunc
661 1465 758 1493 ﬁorent
784 1465 860 1492 labra
890 1467 979 1499 specie

188 1511 330 1544 coccinea,
345 1512 456 1546 quando
476 1512 604 1539 universa
627 1511 709 1538 fuerit
723 1511 844 1539 Ecclesia
861 1512 888 1538 in
913 1512 976 1538 boni

188 1562 325 1585 concentu
341 1558 447 1585 labrum
468 1565 553 1585 unum
575 1562 602 1585 et
614 1565 665 1585 vox
681 1566 744 1585 una.
760 1557 808 1585 Est
822 1564 911 1585 autem
930 1559 981 1585 du—

188 1604 250 1638 plex
266 1604 388 1631 ostensio
404 1603 632 1639 pulchritudinis.
653 1603 712 1630 Non
737 1604 825 1631 solum
843 1604 914 1631 enim
932 1604 980 1630 ah-

189 1649 279 1676 solute
303 1647 378 1676 ﬁlum
403 1649 470 1676 dicit
493 1657 556 1677 esse
575 1649 670 1676 labra:
697 1649 744 1677 sed
773 1649 877 1676 addidit
900 1650 980 1675 etiam

189 1694 284 1722 lla-em
300 1695 364 1722 boni
379 1695 492 1727 coloris,
515 1695 584 1723 adeo
598 1699 628 1722 ut
644 1702 691 1730 per
707 1700 854 1730 utrumque
870 1701 982 1722 ornetur

189 1749 221 1769 os
236 1741 375 1773 Ecclesiae,
396 1749 495 1777 nempe
512 1747 539 1769 et
563 1749 612 1776 per
627 1742 701 1769 ﬁlum
715 1746 742 1769 et
756 1749 805 1777 per
825 1743 980 1772 coccinum.

189 1787 264 1821 quod
279 1787 305 1814 in
327 1791 444 1821 utraque
463 1792 540 1822 parte
552 1791 595 1815 est
610 1787 752 1823 proprium
767 1795 799 1815 ac
812 1793 980 1823 separatum.

190 1831 258 1859 Nam
278 1840 326 1868 per
344 1832 386 1859 ﬁla
400 1833 510 1867 quidem
524 1833 640 1860 docetur
651 1834 860 1861 consensionem
875 1841 906 1861 ac
919 1843 983 1861 con-

190 1878 326 1910 cordiam,
344 1883 375 1905 ut
389 1886 421 1906 ea
436 1883 493 1905 tota
510 1879 537 1906 in
556 1879 601 1906 lo
619 1880 655 1907 sit
669 1887 723 1906 una
738 1880 873 1907 eteadem
887 1886 982 1906 cati-na

190 1932 223 1951 ex
251 1924 366 1952 diversis
387 1925 440 1952 ﬁlis
459 1929 609 1958 contexta;
638 1933 685 1960 per
708 1925 853 1953 coccinum
878 1930 981 1957 autem,

192 1969 225 1996 ad
242 1970 403 2004 sanguinem
425 1978 473 2005 per
485 1978 566 2005 quem
592 1970 724 2005 redempti
745 1978 841 1998 sumus
856 1975 886 1998 ut
910 1972 983 2005 aspi—

191 2015 247 2042 ciat
266 2014 391 2047 douetur,
405 2019 433 2042 et
446 2014 649 2043 confessionem
666 2016 754 2050 ipsam
775 2015 803 2042 in
819 2023 867 2043 ore
885 2016 984 2042 haheat

191 2060 264 2096 ejus.
280 2062 326 2096 qui
342 2069 392 2088 nos
408 2069 459 2089 suo
472 2061 588 2089 redemit
608 2061 753 2097 sanguine.
770 2061 839 2089 Nam
861 2070 908 2097 per
927 2062 984 2089 haec

193 2107 276 2135 ambo
305 2107 389 2135 labris
415 2106 544 2135 Ecclesia:
569 2107 697 2142 impletus
724 2112 767 2135 est
794 2116 860 2136 suus
890 2108 981 2140 decor,

191 2154 302 2188 quando
321 2157 349 2180 et
375 2153 441 2181 ﬁdes
462 2154 591 2189 praelucet
608 2153 786 2186 confessioni,
813 2159 840 2181 et
863 2154 984 2181 charitns

1027 227 1041 253 ό
1057 226 1128 258 θεῖος
1149 225 1328 257 ’Δπόστολος,
1353 225 1442 259 λέγων
1464 225 1499 251 τὰ
1520 224 1580 251 καθ’
1602 225 1721 250 ἕκαστον
1737 243 1746 254 ,
1777 220 1836 249 οἷον

1026 270 1097 299 εἶναι
1107 273 1242 307 προσήκει
1256 272 1301 298 τὸν
1317 272 1368 307 τῆς
1384 271 1536 306 ἱερωσύνης
1553 270 1783 306 ἐπειλημμένον,
1797 269 1837 302 ὡς

1029 321 1098 355 μετὰ
1114 319 1223 345 πάντων
1234 319 1282 345 καὶ
1301 318 1351 353 τὴν
1364 318 1520 352 διδακτικὴν
1534 318 1614 352 χάριν
1625 317 1707 351 ἔχειν’
1737 315 1836 347 οὕτως

1027 368 1145 396 ἐνταῦθα
1156 369 1220 399 τοὺς
1234 368 1274 399 εἰς
1287 367 1401 393 ὀδόντων
1417 365 1568 402 ὑπηρεσίαν
1582 365 1781 399 τεταγμένους
1805 364 1836 389 ἐν

1026 416 1060 450 τῇ
1082 414 1232 450 Ἐκκλησία.
1267 413 1394 449 βούλεται
1419 414 1433 439 ὁ
1451 413 1530 446 λόγος
1554 412 1663 448 πρῶτον
1678 411 1836 446 κεκαρμέ-

1027 470 1091 494 νους
1103 459 1190 492 εἶναι,
1206 461 1329 487 τουτέστι
1351 461 1442 495 πάσης
1459 459 1554 493 ὑλικῆς
1576 458 1724 493 ἀχθηδόνος
1744 466 1836 492 γεγν-

1030 507 1202 543 μνωμένους·
1217 504 1276 533 εἶτα
1287 506 1326 541 τῷ
1339 505 1445 541 λουτρῷ
1457 506 1506 540 τῆς
1527 505 1705 540 συνειδήσεως
1717 503 1836 535 παντὸς

1031 553 1167 589 μολυσμοῦ
1180 553 1279 588 σαρκὸς
1292 553 1339 579 καὶ
1351 552 1506 587 πνεύματος
1518 551 1720 586 καθαρεύοντας
1732 560 1742 566 ·
1758 549 1835 586 πρὸς

1029 600 1134 632 τούτοις
1151 601 1191 631 εἰς
1200 599 1244 626 ἀεὶ
1260 599 1305 626 διὰ
1321 598 1462 633 προκοπῆς
1475 597 1671 628 ἀναόαίνοντας
1681 617 1689 627 ,
1704 597 1759 623 καὶ
1776 605 1835 631 μη-

1029 646 1126 673 δέποτε
1141 646 1210 682 προς
1223 645 1255 672 τὸ
1269 644 1387 680 ἔμπαλιν
1409 643 1647 679 κατασυρομένους
1664 643 1709 669 ἐπὶ
1724 643 1762 669 τὸ
1778 642 1834 677 βά-

1032 691 1130 727 ραθρον
1139 700 1149 708 ·
1177 691 1224 718 ἐπὶ
1240 691 1307 717 πᾶσι
1320 690 1348 717 δὲ
1363 689 1471 721 διπλαῖς
1484 691 1544 720 ταῖς
1556 688 1611 715 τῶν
1624 687 1737 722 ἀγαθῶν
1755 695 1834 721 xw,-

1032 738 1124 773 μάτων
1137 737 1229 771 γοναῖς
1250 737 1320 762 κατὰ
1337 736 1390 762 πᾶν
1404 733 1474 766 εἶδος
1487 734 1586 769 ἀρετῆς
1607 733 1832 767 ὲπαγάλλεσθαι,

1030 784 1076 810 καὶ
1092 784 1121 810 ἐν
1138 782 1233 818 μηδενὶ
1249 782 1303 808 τῶν
1318 781 1410 809 καλῶν
1425 780 1650 815 ἐπιτηδευμάτων
1666 780 1794 813 ἁγονεῖν.

1066 829 1102 855 Τὸ
1118 829 1146 854 δὲ
1163 828 1274 854 διπλοῦν
1290 827 1394 862 κύημα,
1418 827 1533 861 αἴνιγμα
1546 826 1595 860 τῆς
1610 825 1673 852 καθ’
1689 825 1832 859 ἑκάτερον

1033 874 1135 908 γίνεται
1150 874 1203 899 τῶν
1216 875 1244 899 ἐν
1261 875 1327 907 ἡμῖν
1342 872 1511 907 νενοημὲνων
1524 871 1733 905 εὖδοκιμὴσεως,
1752 869 1830 895 ὥστε

1031 920 1222 954 διδυμοτόκους
1242 918 1309 944 εἶναι
1331 919 1393 948 τοὺς
1416 917 1554 947 τοιούτους
1575 916 1683 946 ὀδόντας
1696 925 1702 930 ·
1720 916 1755 950 τῇ
1778 916 1831 949 μὲν

1030 967 1102 1000 ψυχῇ
1118 966 1166 1000 τὴν
1180 965 1323 995 ἀπάθειαν,
1337 964 1375 997 τῷ
1394 964 1421 989 δὲ
1437 962 1584 996 σωματικῷ
1600 961 1649 995 βίῳ
1664 961 1714 995 τὴν
1727 961 1831 995 εὐσχη·

1033 1013 1153 1047 μοσυνην
1174 1010 1341 1044 γεννῶντας·
1360 1010 1457 1042 ἐπάγει
1477 1007 1580 1037 τούτοις
1602 1007 1647 1032 τὸν
1662 1006 1696 1032 δι’
1710 1005 1830 1032 ἀκολοῦ-

1032 1059 1078 1084 ϐου
1105 1057 1292 1091 ἐπιπρέποντα
1318 1057 1373 1086 τοῖς
1398 1055 1516 1089 χείλεσιν
1543 1053 1665 1083 ἔπαινον,
1696 1051 1829 1086 σπαρτίῳ

1032 1104 1199 1135 κοκκοϐαςεῖ
1217 1101 1391 1137 παρεικάζων
1407 1101 1437 1126 τὸ
1451 1099 1560 1132 κάλλος,
1571 1096 1600 1124 οὗ
1615 1098 1662 1131 τὴν
1675 1098 1828 1132 ἑρμηνείαν

1033 1150 1113 1179 αὐτὸς
1130 1150 1270 1183 ἐπήγαγεν
1283 1168 1289 1177 ,
1309 1147 1404 1173 λαλιὰν
1432 1146 1537 1180 ὡραίαν
1559 1146 1589 1170 τὸ
1607 1144 1737 1179 σπαρτίον
1757 1151 1827 1168 κατ-

1033 1197 1179 1230 ονομάτας.
1201 1194 1287 1220 Τοῦτο
1300 1194 1328 1219 δὲ
1345 1194 1438 1223 ἐντοῖς
1456 1191 1591 1226 φῡάσασιν
1604 1190 1652 1224 ἤδη
1670 1189 1827 1225 προτεθεώ-

1033 1251 1123 1278 ρηται,
1140 1241 1198 1272 πῶς
1214 1242 1246 1275 τῇ
1262 1239 1315 1265 τῶν
1329 1239 1443 1265 ὀδόντων
1463 1236 1600 1271 ὑπηρεσίᾳ
1612 1236 1643 1262 τὸ
1658 1237 1687 1261 ὲν
1701 1235 1757 1266 τοῖς
1771 1234 1827 1268 χεί-

1032 1289 1105 1313 λεσιν
1122 1286 1269 1322 ὡραΐζεται
1286 1285 1392 1315 καλλος.
1414 1285 1452 1319 Τῇ
1472 1284 1525 1318 γὰρ
1542 1283 1594 1309 τῶν
1614 1283 1737 1313 ὀδόντων,
1761 1290 1826 1308 του-

1032 1334 1107 1359 τέστι
1130 1333 1181 1359 τῶν
1198 1330 1395 1358 διδασκαλικῶν
1412 1330 1602 1364 ὑφηγημὰτων
1619 1329 1648 1355 τὸ
1671 1328 1758 1363 στόμα.
1773 1328 1825 1362 τῆς

1039 1379 1201 1413 Ἐκκλητίας
1214 1377 1428 1411 σομφῢέγγεται.
1443 1376 1491 1401 Διὰ
1501 1375 1580 1401 τοῦτο
1595 1374 1702 1409 πρῶτον
1715 1374 1738 1399 οἱ
1750 1373 1825 1399 ὁδὸν-

1033 1435 1077 1457 τες
1096 1426 1232 1460 κείρονται
1251 1425 1297 1449 καὶ
1310 1424 1444 1453 λούονται,
1459 1422 1506 1448 καὶ
1531 1422 1580 1447 οὐκ
1598 1420 1751 1450 ἀτεκνοῦσι,
1777 1419 1826 1445 καὶ

1033 1471 1216 1506 διδυμεύουςι,
1244 1470 1290 1495 καὶ
1307 1470 1366 1495 τότε
1393 1468 1432 1502 τῷ
1456 1467 1576 1501 κοκκίνῳ
1609 1467 1672 1492 εἴδει
1688 1466 1723 1491 τὰ.
1739 1465 1818 1499 χείλη

1035 1517 1248 1553 περιανῡίζεται,
1263 1516 1325 1541 ὅταν
1341 1515 1451 1548 γένηται
1468 1514 1542 1539 πᾶσα
1557 1513 1573 1547 ἡ
1591 1511 1739 1546 Ἐκκλησία
1753 1511 1826 1537 κατὰ

1033 1565 1081 1598 τὴν
1097 1563 1142 1589 τοῦ
1158 1562 1259 1595 ἀγαθοῦ
1274 1561 1434 1595 συμᾳωνίαν
1452 1560 1538 1594 χεῖλος
1556 1559 1586 1584 ἓν
1608 1559 1654 1584 καὶ
1670 1557 1746 1592 φωνὴ
1763 1557 1824 1592 μία.

1034 1610 1148 1636 Διπλοῦν
1162 1609 1188 1634 6':
1204 1608 1250 1634 τοῦ
1276 1607 1389 1637 κάλλους
1408 1607 1465 1632 ἐστὶ
1486 1606 1516 1631 τὸ
1533 1605 1695 1638 ὑπόδειγμα.
1712 1604 1749 1630 Οὐ
1771 1603 1825 1638 γὰρ

1036 1656 1114 1690 μόνον
1135 1654 1227 1684 ἁπλῶς
1252 1654 1381 1688 σπαρτίον
1398 1652 1479 1686 φησιν
1503 1648 1571 1676 εἶναι
1588 1650 1622 1675 τὰ
1645 1649 1720 1684 χείλη
1737 1657 1743 1663 ”
1757 1648 1826 1675 ἀλλὰ

1035 1701 1189 1736 προσέθηκε
1214 1700 1259 1725 καὶ
1278 1699 1326 1733 τῆς
1345 1698 1470 1732 εὐχροίας
1485 1697 1515 1722 τὸ
1530 1695 1621 1727 ἄνθος,
1635 1695 1705 1722 ὥστε
1719 1694 1752 1720 δι’
1770 1694 1826 1728 ἀμ-

1035 1747 1154 1782 φοτέρων
1177 1744 1395 1776 καλλωπίζεσθαι
1414 1744 1463 1778 τῆς
1482 1741 1646 1776 Ἐκκλησίας
1668 1741 1699 1766 τὸ
1720 1740 1825 1774 στόμ’

1034 1794 1078 1819 διά
1096 1802 1124 1818 τε
1144 1791 1191 1818 τοῦ
1215 1791 1347 1826 σπαρτίου
1367 1791 1414 1816 καὶ
1438 1789 1484 1815 τοῦ
1500 1787 1644 1818 κοκκίνου,
1671 1786 1827 1817 ἰδιαζόντως

1034 1838 1094 1864 καθ’
1112 1838 1239 1871 ἑκάτερον
1253 1837 1343 1871 μέρος.
1354 1835 1399 1870 Τῷ
1406 1835 1454 1869 μὲν
1467 1833 1651 1869 γὰρσπαρτίῳ
1666 1833 1828 1867 ὁμογνωμο-

1036 1885 1117 1919 σύνην
1140 1883 1311 1910 παιδεύεται’
1336 1882 1405 1908 ὥστε
1424 1882 1514 1907 πᾶσαν
1537 1880 1621 1914 αὐτὴν
1639 1878 1668 1905 ἓν
1693 1877 1827 1912 σπαρτίον

1035 1931 1080 1956 καὶ
1112 1930 1174 1964 μίαν
1195 1928 1319 1962 γενέσθαι
1344 1927 1437 1961 σειρὰν
1460 1928 1492 1952 ἐκ
1515 1926 1651 1960 διαφόρων
1682 1923 1828 1958 νοημάτων

1035 1974 1298 2008 συγκεκλωσμένην·
1316 1972 1359 1998 διὰ
1374 1971 1402 1997 δὲ
1418 1970 1464 1996 τοῦ
1481 1970 1608 1996 κοκκίνου
1628 1969 1695 2003 πρὸς
1711 1968 1742 1994 τὸ
1758 1965 1827 2001 αἷμα

1033 2020 1066 2045 δι’
1084 2017 1114 2046 οὗ
1130 2018 1321 2053 ἐλυτρώθημεν
1340 2018 1449 2052 βλέπειν
1464 2016 1630 2044 διδάσκεται,
1647 2014 1694 2040 καὶ
1717 2014 1761 2040 ἀεὶ
1777 2014 1826 2048 τὴν

1034 2064 1178 2099 ὁμολογίαν
1200 2064 1243 2089 διὰ
1265 2063 1395 2097 στόματος
1421 2062 1523 2096 φέρειν,
1539 2061 1585 2086 τοῦ
1608 2059 1826 2094 ὲξαγοράσαντος

1035 2109 1108 2143 ἡμᾶς
1126 2108 1168 2133 δια
1187 2107 1233 2133 τοῦ
1259 2107 1383 2142 αἵματος.
1407 2105 1447 2132 Δι’
1467 2106 1629 2141 ἀμφοτέρων
1648 2105 1703 2139 γὰρ
1725 2104 1826 2130 τούτων

1035 2156 1092 2180 ἐστὶ
1109 2154 1283 2189 πληρουμένη
1301 2154 1356 2183 τοῖς
1372 2152 1422 2186 τῆς
1441 2152 1602 2186 Ἐκκλησιας
1617 2150 1739 2185 χείλεσιν
1753 2151 1770 2184 ἠ
1783 2150 1826 2175 εὐ-

193 2208 255 2226 cum
281 2199 333 2227 ﬁde
358 2201 524 2227 contexitur.
550 2200 617 2227 Cum
635 2200 671 2227 sit
698 2203 789 2227 autem
804 2208 875 2235 opus
899 2202 979 2228 veluti

1037 2199 1172 2233 πρέπεια,
1200 2199 1263 2225 ὅταν
1292 2198 1338 2224 καὶ
1358 2199 1374 2232 ὴ
1402 2198 1494 2228 πίστις
1511 2197 1561 2231 τῆς
1584 2196 1728 2231 ὁμολογίας
1758 2204 1824 2231 προ-

192 2243 310 2279 quadam
336 2243 495 2271 deﬁnitione
510 2244 744 2279 comprehendere
764 2245 929 2280 exemplum.
956 2247 981 2272 id

192 2290 266 2326 quod
279 2291 384 2318 dictum
397 2295 449 2321 est,
470 2290 511 2317 sic
533 2290 883 2317 deﬁniemus:Coccineum
909 2292 981 2316 tilum

192 2341 236 2364 est
256 2336 323 2364 ﬁdes
347 2343 408 2371 quze
429 2341 560 2370 operatur
573 2343 621 2370 per
638 2335 830 2363 dilectionem:
858 2336 925 2363 adeo
954 2341 983 2362 ut

194 2383 274 2410 ﬁdem
290 2382 400 2416 quidem
417 2382 562 2417 signiﬁcet,
579 2382 723 2409 coccinum
750 2381 911 2410 eharitatem
933 2390 981 2408 au-

194 2432 250 2455 tem
282 2428 477 2463 interpretetur
503 2427 584 2455 ﬁlum.
617 2427 665 2455 llis
692 2432 789 2455 ornata
818 2436 879 2456 esse
908 2429 982 2455 labra

195 2481 303 2508 sponsae
319 2477 434 2501 testatur
447 2474 559 2501 veritas.
577 2474 694 2501 Pulcher
705 2477 796 2501 autem
813 2482 904 2502 sermo
918 2475 983 2501 sub-

196 2519 278 2546 tiliori
287 2518 378 2553 aliqua
386 2519 625 2553 contemplatione,
638 2522 685 2546 aut
693 2519 745 2545 alia
760 2519 983 2554 interpretatione

195 2572 251 2593 non
275 2565 387 2600 indiget.
418 2565 505 2592 Antea
534 2565 607 2593 enim
641 2565 790 2592 declaravit
819 2566 981 2601 Apostolus,

195 2611 268 2647 quod
284 2612 329 2639 hic
342 2618 433 2640 sermo
444 2614 487 2639 est
502 2611 615 2638 verbum
629 2610 690 2638 ﬁdei
708 2611 781 2645 quod
794 2612 982 2646 praedicamus,

196 2658 320 2686 dicetis"
330 2667 337 2686 :
347 2657 379 2686 Si
388 2657 523 2692 confessus
532 2656 615 2691 [ueris
624 2664 669 2683 ore
675 2662 719 2683 tuo
728 2656 870 2684 Dominum
881 2657 982 2691 Iesum,

196 2707 221 2729 et
235 2702 378 2729 credideris
392 2703 419 2729 in
439 2702 517 2729 corde
532 2707 586 2732 tuo,
601 2701 670 2736 quod
690 2701 758 2728 Deus
774 2702 860 2736 ipsum
874 2704 984 2729 suscita-

198 2751 233 2776 uit
249 2750 399 2782 emortuis,
424 2749 513 2775 salvus
533 2749 596 2775 eris.
619 2747 705 2775 Corde
727 2748 796 2775 enirn
816 2748 932 2776 creditur
950 2751 983 2776 ad

232 2836 255 2851 “
282 2836 292 2862 Ι
326 2836 445 2863 Timoth.
467 2845 495 2864 Ill
525 2836 550 2863 .4.
586 2836 607 2852 “
641 2836 719 2865 Rom.
742 2837 811 2868 L9.
833 2837 874 2864 10.

1038 2244 1150 2278 λάμπει,
1165 2244 1211 2269 καὶ
1223 2245 1239 2278 ἡ
1254 2244 1348 2277 ἀγάπη
1363 2244 1395 2277 τῇ
1413 2242 1502 2268 πίστει
1521 2242 1718 2276 συμπλέκεται.
1737 2242 1792 2268 Καὶ
1803 2241 1825 2266 ει

1037 2290 1089 2326 χρὴ
1111 2290 1204 2325 ὥσπερ
1224 2290 1330 2324 ὁρισμῷ
1356 2298 1408 2315 τινι
1433 2289 1589 2324 περιλαϐεῖν
1609 2289 1639 2314 τὸ
1656 2288 1824 2323 ὑπόδειγμα,-

1036 2337 1107 2362 οὖτω
1129 2336 1158 2361 τὸ
1178 2335 1258 2370 ῥηθὲν
1273 2335 1420 2371 ὁριούμεθα
1436 2341 1442 2348 ’
1466 2335 1591 2361 κόκκινον
1612 2335 1745 2369 σπαρτῐον
1770 2334 1826 2360 ἐπὶ

1038 2383 1127 2413 πίστις
1148 2382 1181 2408 δι’
1199 2383 1308 2416 ἀγάπης
1326 2382 1507 2417 ἐνεργουμένη
1519 2403 1526 2412 ,
1548 2381 1585 2412 ὡς
1603 2382 1635 2415 τῇ
1662 2381 1754 2406 πίστει
1779 2380 1825 2414 μὲν

1036 2428 1179 2462 δηλοῦσθαι
1199 2428 1230 2453 τὸ
1253 2427 1395 2453 κόκκινον·
1415 2428 1447 2461 τῇ
1469 2427 1497 2452 δὲ
1521 2427 1616 2461 ἀγάπῃ
1641 2426 1671 2451 τὸ
1694 2425 1824 2460 σπαρτίον

1036 2473 1271 2509 διερμηνεύεσϐαι.
1291 2472 1400 2503 Τούτοις
1425 2472 1612 2506 κεκοσμῆσθαι
1626 2470 1660 2496 τὰ
1677 2471 1756 2505 χείλη
1779 2471 1824 2504 τῆς

1037 2519 1146 2553 νύμφης
1173 2518 1342 2553 μαρτυρεῖή
1369 2517 1494 2551 ἀλήθεια.
1521 2516 1552 2542 Ἡ
1577 2516 1604 2542 δὲ
1631 2516 1720 2550 ὡραία
1747 2515 1824 2542 λαλιὰ

1038 2564 1152 2599 θεωρίας
1176 2563 1246 2595 τινος
1272 2563 1436 2598 λεπτοτέρας
1457 2563 1473 2597 ἦ
1495 2562 1645 2597 ἑρμηνείας
1669 2561 1754 2596 ἄλλης
1777 2561 1824 2587 οὐκ

1037 2612 1182 2637 ἐπιδέεται.
1194 2611 1301 2641 Φῡάσας
1314 2610 1367 2644 γὰρ
1380 2609 1543 2643 διεσάφησεν
1558 2609 1572 2634 ὀ
1593 2607 1766 2638 Ἀπόστολος,
1785 2607 1822 2634 ὅτι

1038 2659 1054 2691 ὴ
1068 2657 1144 2683 λαλιὰ
1165 2656 1234 2691 αὕτη
1253 2657 1282 2683 τὸ
1300 2657 1374 2691 ῥῆμα
1394 2656 1444 2691 τῆς
1459 2654 1576 2685 πίστεώς
1591 2655 1674 2685 ἐστιν,
1696 2654 1710 2679 ὃ
1723 2653 1824 2688 κηρύσ-

1040 2713 1131 2738 σομεν,
1154 2703 1223 2730 Ἐὰν
1238 2702 1429 2737 ὁμολογήσῃς
1441 2700 1479 2733 τῷ
1498 2701 1624 2735 στόματι
1642 2708 1701 2726 σου
1717 2700 1824 2733 Κύριον

1046 2750 1177 2782 Ἰησοῦν,
1195 2750 1242 2775 καὶ
1262 2749 1429 2781 πιστεύσῃς
1445 2748 1480 2774 ἑν
1492 2746 1528 2780 τῇ
1545 2746 1651 2780 καρδίᾳ
1664 2753 1739 2778 σου,
1756 2743 1823 2772 ὄῑίὸ
