3854 6216
209 282 347 338 929

1291 283 1357 338 IN
1394 281 1698 339 CANTICA
1729 281 2000 336 CANTIC.
2047 281 2333 337 IIOMILIA
2375 281 2486 338 νη.

3406 278 3514 334 9ζο

213 401 384 464 θεὸς
408 399 598 455 αὑτὸν
629 400 868 472 ἤγειρεν
895 401 966 455 ἐκ
997 399 1250 472 νεκρῶν,
1293 400 1569 470 σωθήσῃ.
1601 400 1826 470 Καρδίᾳ

1932 401 2216 468 iustitiam,
2261 417 2353 454 ore
2402 411 2575 454 autem
2623 400 2882 469 confessio
2924 401 2984 468 ﬁt
3025 399 3096 453 ad
3126 400 3368 454 salutem.
3411 397 3510 455 Hic

213 495 354 564 γὰρ
370 494 714 548 πιστεύεται
729 497 816 560 εἰς
831 493 1250 561 δικαιοσύνην,
1266 494 1515 562 στόματι
1529 493 1596 547 δὲ
1616 497 1823 549 duale-

215 585 427 656 τεῖται
453 587 542 651 εἰς
561 586 883 655 σωτηρίαν.
921 585 1072 657 Αὕτη
1105 586 1164 639 δέ
1193 588 1340 639 ἐστιν
1373 589 1406 657 ὴ
1431 586 1610 658 ὡραία
1639 585 1820 651 λαλιά,

215 677 306 730 δι’
353 672 421 748 ἦς
465 677 532 729 τὰ
574 676 728 748 χείλη
767 678 868 746 τῆς
905 679 1232 749 Ἐκκλησίας
1277 679 1419 733 κατὰ
1464 679 1524 732 τὸ
1572 679 1823 732 κόκκινον

217 770 420 822 ἐκεῖνο
450 770 714 840 σπαρτίον
755 770 1046 840 εὐπρεπῶς
1083 771 1456 837 ἐπανθίζεται.
1505 772 1822 843 Ἀρέσκεται

216 857 286 911 δὲ
327 857 466 928 μετὰ
493 858 592 928 τὴν
634 858 728 912 τοῦ
759 859 1028 930 στόματος
1060 860 1210 933 ὥραν
1238 863 1267 916 6
1307 862 1573 932 νυμφίος,
1613 863 1708 916 καὶ
1745 862 1824 933 τῷ

232 953 340 1022 τῆς
369 953 601 1022 παρειᾶς
629 951 958 1023 ἐρυθήματι.
984 954 1170 1025 Μῆλον
1207 954 1264 1008 δὲ
1291 954 1450 1008 τοῦτο
1483 954 1579 1008 τοῦ
1606 953 1824 1026 προσώ-

218 1059 344 1095 που
386 1042 445 1095 τὸ
494 1043 660 1114 μέρος
703 1045 769 1097 ἐκ
801 1045 1196 1114 καταχρήσεως
1243 1046 1400 1098 καλεῖ
1457 1048 1490 1117 ἡ
1541 1047 1820 1118 συνήθεια.

219 1136 598 1206 Προσεικάζει
624 1137 803 1190 τοίνυν
830 1137 893 1190 τὺ
925 1138 1025 1208 τῆς
1053 1141 1284 1210 παρειᾶς
1313 1140 1481 1211 μῆλον
1508 1139 1586 1210 τῷ
1604 1138 1825 1210 λεπύρῳ

218 1229 336 1298 τῆς
359 1228 487 1297 ῥόας
501 1268 517 1292 ,
538 1228 757 1301 γράψας
785 1227 929 1283 οὕτω
950 1229 1041 1282 τὸν
1062 1229 1282 1284 ἔπαινον
1297 1231 1462 1285 αύτοῦ
1484 1232 1576 1284 ἐπὶ
1593 1230 1788 1298 λέξεως
1805 1246 1819 1260 ⁸

233 1319 345 1383 Ὠς
368 1318 638 1386 λέπυρον
658 1319 810 1386 ῥόας
829 1316 1030 1388 μῆλόν
1058 1334 1176 1374 σου
1195 1360 1210 1385 ,
1241 1321 1414 1386 ἐκτὸς
1451 1319 1561 1389 τῆς
1600 1321 1825 1382 σιωπή-

219 1409 392 1477 σεώς
418 1428 555 1464 σου.

305 1501 434 1552 ’Ὅτι
483 1499 582 1571 μὲν
623 1493 717 1554 οὖν
755 1497 921 1562 αἰδώς
951 1500 1070 1552 ἐστι
1107 1500 1171 1553 τὺ
1210 1501 1623 1570 ἐπαινούμενον,
1658 1497 1825 1550 παντὶ

221 1592 425 1665 ῥᾴδιον
459 1594 523 1645 ἐκ
553 1591 656 1661 τῆς
694 1591 1017 1656 ἀκολουθίας
1067 1592 1175 1646 τῶν
1212 1591 1639 1663 τεθεωρημένων
1678 1590 1824 1658 λογί-

1923 504 2203 548 estautem
2230 493 2456 562 pulcher
2485 508 2686 553 sermo.
2729 510 2826 563 per
2859 510 3018 564 quem
3055 493 3206 547 labra
3250 493 3511 548 Ecclesiae

1923 585 2122 640 decore
2155 593 2281 639 sunt
2312 583 2504 638 florida
2548 585 2636 638 filo
2673 586 2764 640 illo
2796 601 3110 655 purpureo;
3165 585 3282 640 oris
3327 592 3510 640 autem

1925 676 2160 744 speciem
2192 690 2257 731 ac
2279 675 2530 730 decorem
2555 684 2723 736 amat,
2753 677 3052 731 delectatur
3077 677 3242 731 etiam
3272 691 3512 748 sponsus

1924 768 2125 822 rubore
2155 784 2326 838 genre.
2379 768 2532 822 Illam
2570 776 2750 823 autem
2791 776 2998 838 partem
3051 768 3208 824 faciei
3241 783 3338 836 per
3373 769 3512 822 abu-

1925 873 2044 913 sum
2078 868 2239 912 vocat
2275 859 2462 929 μῆλον,
2511 858 2563 912 id
2589 869 2692 921 est,
2736 858 2936 912 malum
2978 874 3073 913 seu
3104 873 3345 928 pomum,
3377 873 3514 912 con-

1925 948 2180 1000 suetudo.
2224 949 2506 1003 Assimilat
2553 965 2685 1020 ergo
2716 965 2865 1019 gena:
2898 951 3096 1004 malum
3131 951 3323 1005 cortici
3377 951 3510 1004 mali

1929 1038 2138 1106 punici,
2167 1038 2288 1107 ejus
2325 1039 2539 1095 laudem
2570 1040 2818 1096 scribens
2849 1042 2935 1095 his
2977 1042 3192 1097 verbis:
3229 1041 3509 1111 Tanquam

1924 1139 2108 1184 cortex
2175 1132 2307 1184 ntali
2381 1134 2558 1202 punici
2641 1149 2771 1204 gena
2848 1145 2939 1188 tua
3022 1146 3179 1189 extra
3239 1135 3512 1190 silentium

1926 1232 2094 1278 tuum.

1997 1499 2175 1569 Atque
2204 1500 2348 1570 quod
2393 1500 2571 1572 pudor
2599 1500 2818 1571 quidem
2854 1504 2924 1558 sit
2965 1503 3015 1557 id
3041 1503 3184 1572 quod
3235 1505 3511 1570 laudatur,

1926 1590 2102 1645 cuivis
2135 1589 2295 1645 facile
2319 1599 2404 1646 est
2431 1593 2782 1647 considerare
2800 1607 2864 1647 ex
2893 1595 3284 1665 consequentia
3321 1611 3511 1650 eorum

223 1683 456 1738 σασθαι.
496 1685 961 1756 Σωματοποιήσας
997 1684 1107 1755 γάρ
1152 1683 1251 1755 τὴν
1300 1682 1626 1753 Ἐκκλησίαν
1657 1683 1687 1734 6
1730 1680 1825 1734 Λόο

1932 1697 2052 1752 qua:
2088 1691 2218 1737 sunt
2242 1684 2608 1739 considerata.
2636 1685 2769 1739 Nam
2799 1702 2924 1741 cum
2957 1685 3195 1741 Verbum
3231 1704 3519 1758 corporas-

235 1793 333 1845 ίος
369 1778 450 1839 εἰς
477 1776 540 1828 τὸ
570 1777 669 1846 τῆς
711 1775 930 1846 νύμφης
959 1772 1096 1838 εἶδος
1116 1813 1131 1838 ,
1173 1775 1268 1828 καὶ
1310 1775 1412 1838 τὰς
1443 1773 1562 1826 καθ’
1593 1774 1822 1827 ἕκαστον

1932 1786 2008 1830 set
2047 1773 2351 1830 Ecclesiam
2397 1775 2454 1829 in
2501 1773 2735 1830 formam
2788 1793 3026 1846 sponsa,
3068 1787 3124 1831 et
3161 1779 3505 1847 singularum

224 1868 440 1938 ἀρετὰς
461 1867 808 1937 καταλλήλως
835 1869 900 1938 τῇ
934 1868 1226 1938 ὑπογραφῇ
1259 1865 1358 1936 τῆς
1387 1865 1529 1918 κατὰ
1564 1864 1625 1917 τὸ
1648 1864 1820 1935 πρόσ-

224 1979 387 2014 ωπον
461 1961 610 2032 ὥρας
651 1961 1007 2031 ἐπιμερίσας·
1061 1958 1156 2013 νῦν
1202 1958 1292 2012 διὰ
1334 1957 1429 2010 τοῦ
1478 1956 1822 2027 ἐρυθήματος

225 2052 331 2105 τοῦ
352 2054 472 2114 ταῖς
493 2053 747 2122 παρειαῖς
776 2049 1104 2115 ἐπιζέοντος,
1137 2050 1461 2119 προσφόρως
1494 2050 1705 2102 ἐπαινεῖ
1724 2046 1821 2119 τὴν

227 2142 628 2214 σωφροσύνην,
679 2141 816 2195 αἰδοῖ
865 2141 1293 2211 κατακοσμήσεις
1325 2141 1383 2192 ἐν
1417 2139 1495 2210 τῷ
1541 2139 1639 2209 τῆς
1693 2139 1823 2210 ῥόας

227 2237 540 2306 αἰνίγματι.
576 2235 633 2286 Ὀ
657 2236 766 2305 γὰρ
786 2234 995 2304 καρπὸς
1013 2227 1168 2297 οὗτος
1191 2233 1380 2302 στύφει
1397 2250 1456 2284 τε
1479 2233 1572 2285 καὶ
1591 2231 1822 2304 ἀϐρώτῳ

229 2330 299 2398 τῇ
333 2326 624 2396 ἐπιφανείᾳ
651 2325 990 2398 ἐντρέφεται.
1043 2325 1136 2379 Διὸ
1173 2325 1354 2388 καλῶς
1387 2343 1444 2378 τε
1473 2326 1566 2378 καὶ
1607 2325 1824 2388 οἰκείως

229 2421 318 2482 εἰς
348 2417 413 2474 τὸ
442 2418 557 2488 τῆς·
579 2417 933 2488 σωφροσύνης
966 2417 1298 2488 κατόρθωμα
1337 2417 1426 2472 διὰ
1458 2419 1561 2482 τῆς
1591 2417 1824 2487 θεωρίας

234 2507 741 2580 μεταλαμϐάνεται.
791 2509 877 2571 Ὠς
901 2510 1011 2580 γὰρ
1040 2512 1074 2579 ἡ
1108 2509 1301 2579 στύψις
1321 2509 1414 2563 τοῦ
1441 2510 1540 2580 τῆς
1573 2509 1702 2580 ῥόας
1738 2508 1825 2560 λε-

239 2602 424 2673 πύρου
460 2601 650 2673 τρέφει
681 2618 740 2654 τε
788 2602 882 2654 καὶ
925 2601 1189 2670 φυλάσσει
1220 2600 1316 2654 τοῦ
1358 2600 1824 2672 ἐμπεριεχομένου

233 2693 461 2763 καρποῦ
518 2691 616 2764 τὴν
660 2691 1010 2763 γλυκύτηταο
1061 2690 1233 2754 οὕτως
1276 2693 1305 2744 6
1355 2690 1572 2759 στύφων
1618 2707 1678 2742 τε
1731 2690 1825 2742 καὶ

234 2783 516 2856 ἐγκρατὴς
546 2784 641 2838 καὶ
684 2783 1075 2854 κατεσκληκὼς
1123 2783 1236 2853 βίος
1265 2783 1441 2852 φύλαξ
1476 2783 1684 2851 γίνεται
1714 2781 1826 2834 τῶν

235 2876 341 2945 τῆς
370 2874 725 2947 σωφροσύνης
753 2874 956 2930 καλῶν.
989 2874 1220 2939 Διπλοῦς
1246 2874 1303 2928 δὲ
1326 2875 1420 2928 καὶ
1452 2873 1689 2927 ἐνταῦθα
1725 2874 1825 2943 τῆς

238 2967 446 3038 ἀρετῆς
489 2965 692 3037 ταύτης
722 2968 752 3020 6
781 2966 1002 3029 ἔπαινος
1035 2966 1266 3035 γίνεται,
1297 2966 1386 3020 διά
1430 2982 1490 3018 τε
1538 2963 1648 3017 τῶν
1689 2976 1825 3034 προ-

240 3059 586 3129 φαινομένων
618 3059 761 3113 κατά
803 3059 895 3113 τὸν
939 3060 1251 3130 εὐσχήμονα
1281 3059 1416 3129 βίον,
1461 3059 1553 3111 καὶ
1587 3057 1674 3111 διὰ
1715 3057 1824 3110 τῶν

239 3152 300 3205 ἐν
328 3153 396 3221 τῇ
415 3150 586 3222 ψυχῆς
611 3149 851 3220 ἀπαθείᾳ
871 3149 1339 3222 κατορθουμένων.
1361 3143 1472 3202 Ὧν
1497 3152 1529 3202 ό
1559 3149 1824 3213 ἔπαινος,

241 3244 425 3309 καθώς
454 3261 616 3315 φησιν
636 3246 666 3298 6
705 3242 1051 3305 Ἀπόστολος.
1071 3245 1184 3296 οὐκ
1203 3240 1273 3306 ἐξ
1297 3240 1626 3308 ἀνθρώπων
1643 3281 1658 3305 ,
1691 3241 1829 3294 ἀλλ’

240 3338 312 3392 ἐκ
339 3336 445 3391 τοῦ
476 3334 647 3390 Θεοῦ.
701 3336 767 3388 Ἥ
799 3334 910 3404 γὰρ
952 3334 1337 3405 ἐπιλάμπουσα
1378 3335 1489 3396 τοῖς
1525 3333 1832 3403 γινομένοις

242 3429 589 3493 αἰδὼςΛδιον
622 3428 720 3499 μὲν
746 3429 812 3481 ἐκ
845 3429 956 3481 τῶν
984 3426 1268 3499 προδήλων
1298 3425 1411 3496 ἔχει
1449 3424 1540 3478 τὸν
1572 3424 1792 3479 ἔπαινον
1813 3441 1830 3456 ο

243 3520 404 3582 ἐκτὸς
447 3519 504 3572 δέ
547 3518 658 3571 τῶν
711 3517 1087 3587 σιωπωμένων
1125 3517 1243 3570 ἐστὶ
1279 3517 1374 3570 καὶ
1407 3512 1833 3586 ὑποκεκρυμμέ-

244 3628 354 3665 νων
409 3609 703 3679 θαυμάτων
727 3649 742 3673 ,
795 3607 833 3662 ἆ
878 3607 1022 3678 μόνῳ
1082 3607 1380 3679 καθορᾶται
1435 3605 1516 3676 τῷ
1569 3604 1835 3675 ὀφθαλμῷ

245 3702 444 3772 ἐκείνῳ
492 3699 570 3772 τῷ
611 3700 682 3753 τά
722 3701 932 3772 κρύφια
979 3699 1250 3770 βλέποντι.
1298 3699 1398 3754 Διὰ
1444 3698 1503 3751 δὲ
1536 3697 1644 3752 τῶν
1695 3697 1833 3768 μετὰ

245 3793 420 3849 ταῦτα
455 3793 820 3864 μανθάνομεν,
851 3793 933 3846 ὅτι
970 3794 1080 3846 πᾶν
1115 3792 1176 3844 τὸ
1225 3791 1378 3861 παρὰ
1413 3790 1523 3843 τῶν
1561 3789 1832 3861 θεοφόρων

248 3883 424 3952 ἁγίων
459 3883 769 3953 γινόμενον,
804 3881 975 3946 τύπος
1011 3882 1096 3945 τὶς
1136 3882 1233 3935 καὶ
1259 3879 1580 3934 διδασκαλία
1613 3880 1722 3933 τῶν
1754 3879 1835 3942 εἰς

249 3974 452 4047 ἀρετὴν
486 3973 938 4045 κατορθουμένων
966 3973 1196 4042 ἐγίνετο.
1240 3973 1303 4024 Οἰ
1342 3970 1532 4041 γάμοι,
1573 3971 1631 4025 αἰ
1673 3971 1835 4024 ἀποι-

250 4064 387 4128 κίαι,
413 4067 463 4118 οἱ
498 4064 746 4137 πόλεμοι,
778 4058 963 4119 αἰτῶν
983 4061 1434 4132 οἰκοδομημάτων
1471 4061 1831 4126 κατασκευαὶ,

253 4157 433 4212 πάντα
462 4156 604 4211 κατά
635 4173 762 4210 τινα
797 4155 956 4226 λόγον
988 4156 1069 4219 εἰς
1087 4154 1372 4208 νουθεσίαν
1404 4152 1482 4225 τῷ
1509 4155 1646 4225 μετὰ
1662 4153 1836 4209 ταῦτα

253 4248 628 4320 προετυποῦτο
662 4248 782 4320 βίῳ.
829 4248 1089 4318 Ἐπράφη
1119 4249 1228 4317 γὰρ
1251 4246 1459 4311 ταῦτα,
1493 4247 1649 4317 φησί,
1684 4244 1836 4314 πρὸς

253 4339 581 4394 νουθεσίαν
624 4337 814 4408 ἡμῶν,
855 4340 944 4406 εἰς
995 4338 1104 4405 οὓς
1146 4338 1221 4393 τὰ
1264 4337 1412 4406 τέλη
1447 4336 1568 4391 τῶν
1607 4340 1836 4394 αἰώνων

1923 1881 2117 1920 curam
2148 1866 2414 1936 gessisset
2446 1867 2708 1922 virtutum
2741 1869 3134 1924 convenienter
3154 1869 3514 1940 descriptioni

1923 1959 2108 2014 vultus
2133 1959 2586 2028 pulchritudinis,
2619 1977 2766 2016 nunc
2799 1977 2896 2031 per
2921 1964 3177 2016 ruborem
3210 1965 3305 2032 qui
3340 1979 3511 2033 genas

1923 2051 2275 2116 condecorat,
2311 2051 2497 2106 laudat
2525 2055 2969 2124 temperantiam,
3001 2069 3122 2107 eam
3158 2069 3365 2110 ornans
3405 2071 3512 2125 pu-

1923 2143 2052 2206 dore
2088 2143 2192 2198 sub
2219 2144 2508 2212 aenigmate
2551 2145 2677 2198 mali
2727 2146 2938 2215 punici.
2987 2144 3089 2199 Hic
3116 2147 3262 2200 enim
3302 2146 3516 2202 fructus

1925 2233 2199 2303 astringit,
2259 2244 2316 2290 et
2366 2234 2486 2290 esui
2534 2250 2643 2289 non
2707 2245 2830 2306 apta
2894 2237 3141 2290 nutritur
3202 2237 3512 2307 superficie.

1925 2322 2293 2389 Quamobrem
2350 2324 2579 2394 pulchre
2625 2333 2679 2379 et
2721 2327 3114 2381 convenienter
3141 2329 3381 2382 sumitur
3420 2343 3518 2397 per

1925 2416 2444 2485 contemplationem
2513 2425 2662 2472 recta
2724 2419 2869 2472 actio
2941 2419 3338 2488 temperantiae.
3396 2419 3520 2485 Quo

1926 2506 2090 2560 modo
2133 2508 2277 2562 enim
2335 2507 2511 2562 nutrit
2567 2509 2818 2563 astrictio
2870 2510 3096 2564 corticis
3136 2510 3264 2564 mali
3305 2510 3516 2579 punici,

1925 2605 1980 2651 ct
2018 2606 2307 2652 conservat
2329 2599 2671 2654 dulcedinem
2713 2597 2930 2654 fructus
2958 2601 3050 2668 qui
3084 2600 3138 2653 in
3172 2613 3240 2652 eo
3267 2601 3519 2655 contine-

1927 2697 2039 2753 tur,
2081 2689 2154 2743 ita
2193 2701 2412 2744 austera
2443 2691 2846 2758 continensque
2869 2698 2925 2745 et
2951 2706 3144 2760 aspera
3184 2692 3293 2744 vita
3327 2690 3386 2744 fit
3421 2706 3523 2746 cu-

1927 2791 2044 2836 stos
2083 2781 2351 2836 bonorum
2394 2784 2788 2853 temperantiae.
2829 2781 2928 2839 Est
2973 2783 3060 2838 hic
3090 2793 3272 2836 autem
3307 2781 3517 2852 duplex

1928 2872 2050 2927 laus
2079 2874 2321 2939 virtutis,
2355 2890 2548 2943 nempe
2582 2882 2636 2928 ct
2662 2889 2758 2944 per
2778 2890 2843 2929 ea
2873 2889 2995 2944 quae
3021 2882 3289 2945 apparent
3317 2874 3371 2928 in
3401 2873 3514 2927 vita

1930 2965 2182 3028 honesta,
2230 2975 2283 3021 et
2336 2982 2434 3036 per
2459 2982 2524 3021 ea
2567 2983 2690 3036 qua:
2737 2975 2887 3022 recte
2915 2976 3184 3038 geruntur
3229 2969 3284 3023 in
3316 2967 3520 3022 anima:

1929 3057 2332 3126 impatibilitate
2359 3074 2373 3110 :
2400 3056 2568 3126 Cujus
2599 3059 2716 3113 laus
2742 3067 2849 3125 est,
2874 3059 3017 3114 sicut
3043 3059 3178 3114 dicit
3195 3059 3520 3128 Apostolus.

1930 3164 2034 3201 non
2059 3163 2123 3201 ea:
2151 3148 2472 3211 hominibus,
2503 3148 2595 3204 sed
2623 3166 2689 3204 ea:
2719 3149 2826 3205 Deo
2848 3153 2916 3205 ".
2947 3151 3084 3204 Nam
3112 3153 3204 3221 qui
3234 3151 3442 3205 relucet
3461 3151 3516 3204 in

1929 3239 2016 3302 iis,
2051 3255 2174 3310 quae
2197 3241 2356 3304 liunt,
2395 3244 2592 3310 pudor,
2635 3242 2914 3312 propriam
2941 3241 3163 3312 quidem
3204 3241 3365 3296 habet
3394 3241 3518 3296 lau—

1930 3328 2052 3384 dem
2108 3346 2175 3386 ex
2232 3330 2301 3385 iis
2356 3344 2478 3400 quae
2546 3339 2676 3384 sunt
2742 3330 3076 3398 manifesta;
3144 3339 3273 3386 sunt
3334 3339 3521 3386 autem

1929 3434 2082 3477 extra
2121 3438 2208 3484 ea.
2248 3437 2370 3493 quae
2406 3431 2681 3486 tacentur,
2719 3431 2775 3478 et
2803 3433 2933 3478 sunt
2967 3424 3188 3478 occulta
3229 3423 3522 3490 miracula,

1930 3529 2052 3582 quae
2085 3513 2263 3567 solum
2304 3521 2609 3569 cernuntur
2644 3515 2736 3568 illo
2769 3515 2930 3569 oculo
2963 3515 3057 3585 qui
3097 3516 3314 3570 occulta
3363 3517 3517 3585 aspi—

1932 3607 2032 3664 cit.
2069 3604 2174 3660 Per
2199 3619 2262 3660 ea
2292 3613 2474 3660 autem
2502 3621 2624 3674 qua:
2649 3618 2836 3675 postea
2878 3616 3202 3676 sequuntur,
3235 3607 3525 3671 discimus,

1933 3692 2082 3763 quod
2115 3708 2455 3763 quaecunque
2502 3692 2801 3748 fiebantab
2839 3693 2906 3748 iis
2949 3697 3162 3748 sanctis
3196 3695 3286 3763 qui
3332 3709 3362 3747 a
3413 3693 3525 3749 Deo

1935 3794 2094 3843 erant
2130 3785 2415 3857 inspirati,
2465 3783 2689 3839 fuerunt
2728 3785 2951 3854 quidam
2984 3795 3144 3856 typus
3177 3794 3230 3840 et
3271 3786 3529 3843 doctrina

1935 3893 2130 3932 eorum
2163 3891 2287 3947 qua:
2323 3886 2470 3931 recte
2518 3875 2654 3929 fiunt
2687 3890 2755 3930 ex
2788 3876 3014 3932 virtute.
3046 3874 3278 3951 Nuptiae,
3319 3877 3525 3946 migra-

1937 3972 2134 4030 tiones,
2179 3969 2342 4033 bella,
2394 3966 2752 4023 aedificiorum
2803 3968 3234 4036 exstructiones,
3281 3968 3529 4038 praeﬁgu-

1933 4063 2131 4118 rabant
2178 4062 2362 4116 omnia
2413 4060 2845 4115 admonitionem
2895 4059 3020 4114 vitae
3068 4069 3256 4130 postea
3302 4061 3523 4117 futurae.

1936 4154 2152 4225 Scripta
2184 4162 2306 4207 sunt
2338 4154 2504 4218 enim,
2554 4151 2756 4222 inquit,
2810 4153 2922 4206 lucc
2949 4151 3018 4204 ad
3061 4161 3300 4205 nostram
3347 4151 3531 4206 admo-

1936 4249 2212 4308 nitionem,
2257 4245 2327 4299 ad
2373 4261 2502 4314 quos
2547 4245 2678 4313 ﬁnes
2726 4243 3048 4298 “acutorum
3087 4244 3523 4311 pervenerunt”.
3582 4297 3587 4301 .

1935 4335 2070 4391 Nam
2099 4337 2300 4392 bellum
2329 4335 2548 4406 quidem
2575 4335 2722 4406 quod
2749 4343 2960 4405 gestum
2984 4341 3070 4389 est
3098 4335 3365 4390 adversus
3395 4335 3529 4390 alie-

254 4433 647 4502 κατ-ήντηκεν.
693 4433 750 4486 '0
798 4432 896 4504 μὲν
928 4432 1040 4503 γὰρ
1079 4433 1218 4487 κατὰ
1242 4431 1350 4485 τῶν
1391 4431 1706 4503 ἀλλοφύλων
1735 4434 1828 4487 πό-

1942 4430 2190 4499 nigenas,
2231 4428 2474 4482 consulit
2509 4436 2565 4481 ut
2599 4443 2698 4483 nos
2729 4426 2945 4482 fortiter
2973 4441 3228 4497 geramus
3263 4428 3529 4484 adversus

254 4519 440 4589 λεμος,
471 4517 830 4589 συμϐουλεύει
861 4524 1004 4573 κατὰ
1032 4521 1132 4588 τῆς
1166 4519 1368 4581 κακίας
1399 4521 1550 4589 ἡμᾶς
1586 4520 1831 4591 ἀνδρίζε-

257 4609 400 4662 σθαι.
443 4609 506 4661 Ἦ
532 4608 589 4661 δὲ
626 4607 768 4662 κατὰ
791 4609 916 4669 τοὺς
951 4607 1164 4678 γάμους
1201 4608 1408 4679 σπουδὴ
1435 4609 1534 4679 τὴν
1568 4608 1678 4662 τῶν
1706 4611 1834 4682 άρεο

255 4700 364 4755 τῶν
429 4699 738 4771 συνοίκησιν
790 4699 857 4753 δι’
906 4700 1245 4770 αἰνιγμάτων
1306 4702 1440 4772 ἡμῖν
1498 4701 1830 4758 ὑποτίθεται.

268 4792 544 4855 Ὡσαύτως
584 4791 641 4844 δέ
681 4792 774 4845 καὶ
807 4795 837 4855 ἡ
885 4791 1113 4846 ἀποικία
1153 4791 1247 4846 τοῦ
1281 4793 1538 4864 ἐναρέτου
1582 4793 1700 4864 βίου
1741 4793 1834 4848 τὸν

257 4882 504 4953 οικισμὸν
531 4881 843 4936 ὑποϐάλλειο
881 4881 949 4935 τὰ
981 4881 1024 4934 δ’
1055 4883 1157 4938 ὅσα
1194 4885 1325 4954 περὶ
1350 4885 1446 4948 τὰς
1486 4885 1834 4950 κατασκευὰς

259 4993 364 5029 ⁹..ων
415 4975 865 5046 οἰκοδομημάτων
903 4992 976 5028 πα
987 4974 1034 5044 ρ’
1077 4975 1258 5029 αὐτῶν
1296 4977 1676 5043 ἐσπουδάζετο,
1725 4979 1834 5032 τῶν

260 5064 540 5136 ἡμετέρων
571 5065 736 5119 οἴκων
755 5064 866 5119 τῶν
895 5065 962 5118 δι’
993 5067 1192 5136 ἀρετῆς
1218 5068 1688 5140 οἰκοδομουμένων
1721 5071 1838 5123 ἐπισ

266 5155 482 5225 μὲλειαν
528 5155 801 5208 ποιεῖσθαι
843 5154 1234 5210 διακελεύεται.
1275 5157 1369 5210 Διό
1416 5174 1507 5228 μοι
1553 5159 1702 5213 δοκεῖ
1742 5160 1836 5213 τὸν

264 5247 532 5316 περιφανῆ
561 5245 771 5317 πύργον
800 5248 1026 5308 ἐκεῖνον,
1051 5239 1095 5315 ᾧ
1119 5247 1188 5299 τὰ
1218 5246 1505 5319 ἀκροθίνια
1533 5249 1640 5302 τῶν
1661 5249 1834 5320 λαφύ-

268 5354 372 5408 ρων
401 5337 663 5409 ἀνέθηκεν
694 5337 724 5389 6
746 5337 928 5402 Δαόὶδ,
952 5337 1092 5409 πρὸς
1123 5338 1221 5408 τὴν
1241 5340 1524 5411 προκοπὴν
1559 5341 1661 5412 τῆς
1711 5343 1838 5397 Ἐκ-

267 5428 489 5498 κλησίας
525 5427 758 5498 βλέπων,
785 5427 897 5483 τῶν
930 5447 983 5483 τι
1010 5429 1130 5483 κατ’
1161 5429 1362 5501 ἀρετὴν
1391 5431 1838 5502 σπουδαζομένων

265 5519 706 5590 προδιατυπῶσαι
763 5505 937 5592 τούτῳ
993 5518 1073 5592 τῷ
1116 5519 1293 5592 ἔργῳ·
1344 5520 1404 5585 ὃς
1445 5522 1836 5594 ύπερφαίνεται

333 5697 380 5731 ⁸·
428 5695 569 5752 Rom
646 5714 707 5766 ιι,
763 5697 852 5756 29.
918 5695 1147 5754 "Rom.
1191 5714 1280 5764 xv,
1333 5699 1386 5752 4.

1938 4519 2094 4575 vitia.
2134 4517 2386 4572 Studium
2415 4524 2596 4572 autem
2628 4516 2991 4571 contrahendi
3028 4517 3389 4582 matrimonii,
3430 4533 3530 4588 per

1938 4610 2224 4680 aenigmata
2261 4623 2364 4664 nos
2391 4608 2650 4663 admonet
2683 4614 2742 4662 ut
2780 4607 3169 4663 cohabitemus
3198 4623 3323 4663 cum
3350 4609 3528 4664 virtu-

1941 4704 2110 4758 tibus.
2144 4701 2410 4756 Similiter
2456 4709 2636 4754 autem
2687 4700 2944 4770 migratio
2977 4701 3204 4755 denotat
3245 4702 3533 4771 migratio-

1940 4810 2066 4850 nem
2115 4792 2183 4848 ad
2220 4794 2388 4847 vitam
2421 4807 2486 4847 ex
2524 4793 2724 4846 virtute
2763 4791 3067 4862 agendam;
3101 4808 3199 4862 per
3239 4791 3526 4848 domorum

1941 4895 2122 4942 autem
2161 4885 2566 4941 exstructiones
2612 4885 2666 4938 in
2697 4899 2838 4954 quas
2868 4885 2938 4939 ab
2967 4885 3050 4940 eis
3098 4885 3383 4940 confertur
3411 4897 3532 4942 stu-

1941 4977 2117 5040 dium,
2142 4978 2400 5048 jubemur
2428 4991 2617 5030 curam
2659 4991 2852 5046 gerere
2881 4985 3199 5032 nostrarum
3235 4977 3527 5031 domorum

1942 5085 2067 5140 qua:
2113 5067 2458 5123 aedificantur
2505 5082 2604 5137 per
2643 5068 2926 5122 virtutem.
2976 5067 3344 5134 Quamobrem
3394 5068 3528 5122 mihi

1943 5159 2160 5216 videtur
2198 5157 2435 5228 insignis
2487 5157 2577 5210 illa
2630 5157 2820 5224 turris,
2867 5159 2920 5213 in
2959 5174 3066 5228 qua
3113 5160 3319 5228 Optima
3355 5159 3530 5229 spolia

1945 5249 2236 5322 suspendit
2270 5249 2435 5303 David
2475 5249 2749 5318 aspiciens
2783 5249 2849 5303 ad
2891 5250 3198 5319 profectum
3243 5249 3529 5316 Ecclesia,

1945 5343 2300 5415 pmﬁgurare
2329 5357 2469 5412 opus
2515 5357 2706 5398 eorum
2755 5344 2849 5413 qui
2889 5343 3131 5398 studium
3185 5343 3238 5396 in
3274 5343 3531 5397 virtutem

1945 5434 2430 5503 conferuntzqua:
2479 5433 2702 5501 quidem
2750 5443 2975 5506 apparet
3023 5443 3252 5489 extensa
3307 5435 3364 5489 in
3405 5435 3534 5488 alti-

1948 5526 2194 5583 tudinem
2223 5524 2462 5597 alicujus
2486 5527 2872 5596 promontorii,
2903 5534 3030 5598 apta
3060 5535 3244 5582 autem
3272 5526 3366 5582 illo
3390 5535 3533 5582 tem-
