3854 6216
161 263 310 318 9‘15
1275 265 1340 320 IN
1365 262 1664 321 CANTECA
1694 257 1970 314 CANTIC.
2014 258 2304 316 IlOHILlA
2342 259 2451 316 ΥΠ.
3385 263 3494 319 954

163 373 294 430 διὰ
330 375 440 432 τῶν
469 376 706 432 ἐνταῦθα
743 379 1132 452 θεωρηθέντων
1160 379 1365 434 καὶτὸν
1387 377 1482 432 τοῦ
1517 371 1978 446 ἐκκλησιαστικοῦ
2013 373 2265 446 σώματος
2301 374 2575 448 τράχηλον
2635 377 3000 452 κατανοῆσαι·
3067 378 3215 444 ὅστις
3278 381 3425 434 ἐστὶν
3459 380 3493 432 6

160 465 292 522 διὰ
319 467 427 520 τῶν
458 469 812 542 καταλλήλων
834 472 1126 544 ἐνεργειῶν
1155 473 1214 527 τὸ
1247 472 1418 544 ὄνομα
1455 470 1617 526 τοῦτο
1653 467 1863 540 κυρίως
1943 468 2364 541 ἀναλαμϐάνων,
2413 470 2684 543 τράχηλός
2719 491 2778 527 τε
2823 473 3246 546 ὀνομαζόμενος,
3274 475 3369 529 καὶ
3412 475 3492 547 τῷ

166 561 400 633 πὺργῳ
434 564 527 616 τοῦ
555 557 724 620 Δαϐὶδ
747 567 1133 638 ὁμοιούμενος.

271 654 500 728 Πρῶτον
529 658 630 728 μὲν
659 656 773 723 οὖν,
801 659 830 711 ὃ
857 660 920 730 δὴ
944 661 1040 714 καὶ
1065 661 1283 732 πρῶτόν
1310 663 1479 724 ἐστιν,
1512 658 1672 722 εἴτις
1698 660 1760 732 τὴ

1975 649 2219 704 Primum
2255 667 2386 721 ergo
2417 653 2563 723 quod
2602 661 2656 708 et
2689 654 3023 725 praecipuum
3053 663 3160 721 est,
3196 659 3244 714 si
3275 662 3400 731 quis
3433 661 3492 716 in

166 745 464 818 ἀληθινὴν
495 746 590 800 τοῦ
621 749 829 812 παντὸς
872 751 1117 822 κεφαλὴν
1145 751 1229 820 ἐφ’
1271 751 1467 805 ἐαυτοῦ
1514 750 1794 820 βαστάζοι,

1900 756 1958 796 se
1992 749 2178 811 portat
2203 756 2388 797 verum
2418 753 2586 813 caput
2608 746 2876 812 universi,
2905 746 3038 801 illud
3067 749 3289 821 inquam
3322 759 3493 822 caput

166 839 417 909 ἐκείνην
442 838 588 908 λέγω
623 839 720 912 τὴν
750 835 1014 914 κεφαλὴν,
1046 843 1169 914 ἣτις
1213 844 1368 898 ἐστὶν
1393 846 1420 897 ὁ
1455 842 1709 912 Χριστὸς,
1737 843 1760 894 ὲ

1897 834 2044 903 quod
2073 841 2159 888 est
2191 833 2472 899 Christus,
2505 851 2571 892 ex
2608 851 2717 906 quo
2740 852 2901 892 omne
2935 853 3140 909 corpus
3177 842 3489 914 compingi-

165 925 250 984 οὗ
292 933 406 985 πᾶν
437 932 498 985 τὸ
524 932 684 1004 σῶμα
723 935 1212 1006 συναρμολογεῖται
1249 939 1344 989 καὶ
1376 933 1792 1006 συμϐιϐάζεται,

165 1016 356 1086 οὗτος
395 1025 601 1095 κυρίως
644 1025 804 1097 φέρει
835 1029 918 1096 ἐφ’
949 1029 1126 1100 ἐαυτῷ
1157 1028 1317 1082 τοῦτο
1348 1030 1409 1082 τὸ
1428 1029 1618 1100 ὄνομα.
1650 1029 1793 1100 Πρὸς

163 1112 410 1176 τούτοις
446 1115 494 1166 εί
526 1113 622 1168 τοῦ
648 1116 960 1188 πνεύματός
991 1121 1390 1184 ἐστιδεκτικὸς,
1424 1121 1516 1174 τοῦ
1545 1121 1644 1192 τὴν
1667 1139 1795 1192 καρ-

167 1203 316 1257 δίαν
349 1204 507 1275 ἡμῶν
540 1208 800 1280 πυροειδῆ
843 1210 1127 1274 ποιοῦντος
1172 1212 1269 1265 καὶ
1303 1212 1787 1284 ἐκθερμαίνοντος,

168 1295 291 1346 καὶ
315 1296 365 1346 εί
390 1294 478 1348 διὰ
505 1295 605 1366 τῆς
635 1296 832 1368 εὐήχου
867 1302 1052 1370 φωνῆς
1081 1301 1347 1372 ὑπηρετεῖ
1373 1301 1452 1373 τῷ
1474 1302 1636 1374 λόγῳ.
1655 1303 1790 1357 Οὐδὲ

164 1385 300 1454 γὰρ
334 1385 494 1439 ἄλλου
524 1389 668 1452 τινὸς
687 1389 874 1443 ἕνεκεν
895 1390 995 1462 τὴν
1021 1392 1372 1462 ἀνθρωπίνην
1394 1394 1577 1464 φωνὴν
1606 1397 1635 1448 ὁ
1655 1395 1788 1458 Θεὸς
1815 1389 1819 1392 ’

163 1480 248 1547 τῇ
274 1478 592 1553 ἀνθρωπίνῃ
637 1483 798 1550 φύσει
830 1485 1223 1555 ἐνετεκτήσατο
1243 1524 1258 1548 ,
1294 1486 1327 1556 ἢ
1359 1486 1444 1538 ἵνα
1481 1485 1711 1557 ὄργανον

163 1565 283 1618 τοῦ
335 1565 526 1634 λόγου,
561 1568 898 1641 διαρθροῦσα
946 1570 1012 1623 δι’
1049 1572 1252 1643 ἐαυτῆς
1296 1572 1364 1626 τὰ
1415 1572 1516 1643 τῆς
1557 1573 1785 1645 καρδίας

167 1659 485 1728 κινήματα.
530 1661 733 1731 Ἐχέτω
759 1661 814 1715 δὲ
845 1656 1000 1725 οὗτος
1035 1663 1064 1714 ὁ
1104 1662 1376 1735 τράχηλος
1412 1665 1506 1717 καὶ
1529 1664 1629 1735 τὴν
1661 1665 1785 1735 θρε-

163 1749 389 1820 πτικὴν
413 1751 716 1823 ἐνέργειαν,
748 1754 844 1824 τὴν
870 1754 1221 1810 διδασκαλίαν
1247 1757 1410 1826 λέγω,
1440 1758 1506 1812 δι’
1526 1754 1594 1830 ἦς
1618 1761 1782 1813 παντὶ

163 1840 263 1911 τῷ
307 1840 519 1913 σώματι
562 1845 662 1915 τῆς
705 1845 1033 1915 Ἐκκλησίας
1074 1850 1481 1919 συντηρεῖταιή
1521 1849 1776 1920 δύναμις.

181 1931 598 2005 Ἐπιρῤεούσης
630 1935 740 2008 γὰρ
784 1938 872 1990 ἀεὶ
903 1937 1003 2009 τῆς
1030 1941 1255 2011 τροφῆς,
1300 1941 1358 1992 ἐν
1390 1939 1471 2011 τῷ
1505 1937 1642 1994 εἶναι
1665 1941 1778 1995 δια-

1903 934 1994 980 tur
2018 934 2073 980 et
2107 926 2488 997 conjungitnr,
2539 929 2586 984 is
2632 930 2688 983 in
2735 945 2794 984 se
2845 931 3067 1001 proprie
3104 931 3210 987 fert
3250 933 3355 989 hoc
3387 950 3488 989 no-

1894 1033 2044 1074 men.
2079 1017 2351 1075 Practerea
2397 1029 2580 1076 autem
2613 1022 2658 1079 si
2689 1031 2775 1079 est
2799 1038 2971 1094 capax
3013 1026 3245 1097 spiritus
3266 1028 3359 1097 qui
3387 1043 3488 1083 cor

1893 1122 2143 1167 nostrum
2177 1112 2358 1167 reddit
2385 1113 2606 1184 igneum
2631 1123 2684 1169 et
2719 1115 2991 1178 calefacit,
3021 1125 3076 1172 et
3107 1118 3152 1172 si
3192 1133 3289 1187 per
3318 1134 3488 1174 sono—

1895 1218 2014 1256 ram
2054 1217 2245 1257 vocem
2297 1205 2541 1259 deservit
2584 1208 2845 1262 orationi.
2893 1207 3014 1262 Non
3055 1210 3203 1264 enim
3263 1211 3370 1266 alia
3415 1211 3487 1266 de

1896 1307 2064 1349 causa
2099 1294 2240 1350 Deu‘s
2271 1295 2568 1351 humanam
2599 1315 2788 1355 vocem
2824 1310 3036 1356 naturae
3078 1302 3362 1357 hominum
3398 1311 3486 1359 est

1893 1385 2218 1453 fabricatus,
2258 1406 2426 1459 quam
2456 1400 2517 1445 ut
2547 1403 2694 1448 esset
2726 1394 3156 1449 instrumentum
3188 1396 3481 1460 orationis,

1891 1493 1988 1546 per
2018 1493 2078 1533 se
2118 1480 2305 1537 cordis
2335 1490 2519 1539 motus
2545 1485 2829 1554 explicans
2872 1494 2927 1540 et
2957 1486 3330 1557 distinguens.
3373 1486 3485 1541 lia-

1886 1571 2013 1625 beat
2040 1581 2222 1628 autem
2251 1574 2356 1629 hoc
2397 1592 2619 1647 quoque
2644 1577 2846 1631 collum
2889 1579 3168 1634 nutriendi
3195 1579 3480 1650 operatio-

1884 1680 2031 1730 nem,
2081 1666 2414 1734 doctrinam,
2466 1669 2712 1739 inquam,
2763 1685 2857 1740 per
2896 1686 3062 1741 quam
3115 1672 3216 1726 toti
3258 1674 3480 1743 corpori

1884 1752 2152 1811 Ecclesia:
2195 1768 2561 1812 conservatur
2583 1759 2781 1815 virtus.
2810 1760 3151 1818 Advenienle
3188 1762 3334 1817 enim
3382 1779 3483 1816 nu-

1882 1845 2144 1900 trimento
2173 1859 2534 1903 conservatur
2581 1866 2784 1921 corpus
2829 1853 2884 1906 in
2926 1854 3190 1908 essentia.
3228 1853 3325 1908 Sin
3372 1868 3477 1908 au-

1880 1945 1990 1993 tem
2024 1938 2272 2005 deficiat,
2322 1941 2582 2004 tabescit,
2633 1951 2688 1998 et
2741 1943 2953 2001 interit.
2992 1943 3242 2001 Imitetur
3289 1955 3474 2001 autem

168 2023 341 2092 μένει
370 2025 431 2077 τὸ
461 2025 622 2097 σῶμα
642 2044 657 2058 ο
693 2028 1084 2102 ἐπιλειπούσης
1106 2031 1184 2094 δὲ,
1227 2031 1405 2100 φθίνει
1434 2031 1528 2085 καὶ
1563 2031 1760 2103 φθείρε¹

1888 2038 1943 2084 et
1997 2033 2330 2086 concinnam
2395 2035 2777 2088 vertebrarum
2829 2036 3160 2105 posituram,
3210 2050 3279 2090 eo
3326 2036 3475 2106 quod

163 2134 299 2173 ται.
335 2120 626 2189 Μιμείσθω
654 2122 712 2176 δὲ
738 2125 832 2177 καὶ
855 2125 955 2196 τὴν
983 2127 1303 2198 ἐναρμόνιον
1325 2127 1436 2181 τῶν
1472 2127 1779 2182 σπονδύλων

170 2208 366 2274 θέσιν,
408 2214 465 2264 ἐν
497 2213 577 2283 τῷ
619 2215 748 2279 τοὺς
789 2217 913 2270 καθ’
961 2217 1194 2271 ἕκαστον
1227 2220 1287 2272 ἐν
1328 2219 1404 2290 τῷ
1435 2219 1548 2289 λαῷ
1596 2237 1780 2273 συντε-

164 2299 413 2367 λοῦντας
440 2303 530 2358 διὰ
567 2305 660 2359 τοῦ
699 2309 1000 2380 συνδέσμου
1033 2309 1134 2380 τῆς
1161 2311 1405 2382 εἰρήνης,
1444 2309 1502 2363 ἓν
1532 2310 1778 2381 ἀπεργά-

165 2394 374 2459 ζεσθαι
403 2397 598 2468 μέλος,
632 2399 947 2472 κλινόμενόν
978 2419 1038 2455 τε
1073 2403 1167 2456 καὶ¹
1217 2402 1642 2476 ἀνορθούμενον,
1681 2404 1777 2458 καὶ

162 2486 309 2540 καθ’
344 2489 607 2562 ἑκάτερον
635 2492 746 2546 τῶν
788 2494 1036 2562 πλαγίων
1067 2495 1365 2566 εὐκινήτως
1399 2496 1776 2567 μεταστρεφό-

166 2598 368 2651 μενον.
416 2584 670 2649 Τοιοῦτος
703 2588 976 2658 τράχηλος
1015 2591 1043 2643 ὸ
1083 2589 1297 2654 Παῦλος
1338 2585 1429 2662 ἦν,
1465 2592 1560 2644 καὶ
1605 2591 1660 2643 εί
1686 2608 1772 2653 τις

162 2673 343 2738 ἄλλος
367 2677 511 2730 κατά
543 2677 776 2748 μίμησιν
804 2681 1014 2733 ἐκείνου
1043 2681 1136 2734 τὸν
1167 2681 1282 2752 βίον
1305 2681 1689 2755 κατώρθωσεν,
1717 2683 1778 2747 ὃς

164 2767 454 2821 ἐϐάστασε
498 2769 597 2839 μὲν
639 2770 701 2823 τὸ
734 2771 905 2843 ὄνομα
947 2774 1184 2846 Κυρίου,
1221 2773 1413 2839 σκεῦος
1440 2775 1672 2847 ἐκλογῆς
1698 2776 1776 2846 τῷ

162 2861 429 2933 Δεσπότῃ
461 2863 752 2932 γενόμενος
773 2880 788 2894 ο
819 2865 915 2918 καὶ
947 2864 1120 2929 οὕτως
1151 2866 1301 2936 αὐτῷ
1332 2867 1398 2920 δι’
1424 2868 1708 2937 ἀκρίϐειαν
1739 2869 1774 2939 ή

164 2952 393 3024 κεφαλὴ
437 2952 544 3006 τῶν
572 2954 709 3008 ὅλων
750 2959 1089 3029 ἐφήρμοστο,
1129 2959 1271 3012 ὥστε
1301 2960 1396 3014 καὶ
1439 2961 1539 3014 ὅσα
1570 2961 1772 3026 ἐλάλει,

169 3042 385 3111 μηκέτι
421 3043 583 3097 αὐτὸν
632 3041 775 3100 εἶναι
809 3049 900 3102 τὸν
959 3048 1258 3114 λαλοῦντα,
1291 3050 1427 3104 ἀλλά
1463 3052 1563 3122 τὴν
1607 3069 1776 3122 κεφα-

163 3132 274 3204 λὴν
311 3135 478 3188 αὐτοῦ
507 3137 843 3207 φθέγγεσθαι
871 3156 886 3172 ·
925 3139 1111 3204 καθὼς
1160 3142 1406 3208 ἐπέδειξε
1440 3145 1553 3206 τοῖς
1581 3145 1774 3215 Κοριν-

166 3223 320 3288 θίοις
349 3225 442 3279 τὸν
472 3229 710 3298 Χριστὸν
757 3232 815 3284 ἐν
844 3231 994 3301 αὐτῷ
1023 3232 1291 3288 λαλοῦντά
1325 3251 1386 3287 τε
1420 3235 1515 3288 καί¹
1542 3233 1774 3303 φθεγγό-

1882 2119 2194 2192 singulares
2226 2122 2323 2192 qui
2358 2131 2491 2177 sunt
2521 2124 2576 2178 in
2606 2124 2832 2194 populo,
2875 2139 2972 2194 per
3011 2124 3368 2194 ligamentum
3409 2140 3475 2178 ac

1880 2207 2161 2262 vinculum
2210 2210 2382 2278 pacis,
2437 2227 2606 2264 unum
2662 2209 2901 2264 efﬁciant
2949 2211 3284 2276 membrum,
3325 2213 3473 2284 quod

1881 2300 2179 2356 inclinetur
2225 2311 2392 2373 atque
2426 2303 2691 2374 erigatur,
2733 2311 2787 2358 et
2819 2302 2962 2358 facili
3003 2305 3246 2358 motuin
3293 2303 3474 2375 quod-

1879 2400 2098 2457 cunque
2152 2389 2296 2444 latus
2339 2400 2709 2444 convertatur.
2755 2388 2888 2445 Tale
2919 2391 3120 2445 collum
3161 2399 3282 2445 erat
3322 2390 3471 2446 Pau-

1881 2478 1989 2541 lus,
2023 2488 2077 2533 et
2115 2480 2159 2534 si
2190 2481 2315 2551 quis
2347 2481 2489 2537 alius
2528 2481 2708 2551 ipsum
2747 2483 2969 2538 imitans
2998 2490 3149 2537 recte
3179 2483 3345 2536 vitam
3382 2485 3470 2538 in-

1881 2568 2083 2630 stituit,
2117 2570 2210 2638 qui
2236 2570 2476 2639 portavit
2520 2570 2740 2639 quidem
2778 2587 2976 2625 nomen
3011 2569 3251 2638 Domini,
3286 2572 3470 2627 factus

1878 2657 2111 2714 Domino
2162 2676 2257 2715 vas
2298 2663 2620 2730 electionis;
2674 2671 2726 2717 et
2759 2663 2809 2717 ei
2855 2664 2992 2718 adeo
3037 2673 3295 2719 accurate
3337 2666 3470 2718 ada-

1876 2758 2086 2821 ptatum
2129 2751 2230 2805 fuit
2279 2761 2465 2822 caput,
2517 2762 2575 2807 ut
2607 2761 2663 2808 et
2712 2768 3056 2823 quaecunque
3099 2753 3310 2809 diceret
3357 2769 3467 2809 non

1877 2841 2114 2910 amplius
2157 2851 2301 2897 esset
2346 2845 2460 2912 ipse
2491 2843 2739 2913 loquens.
2775 2845 2869 2900 sed
2915 2852 3080 2916 caput
3113 2844 3235 2914 ejus
3277 2845 3463 2916 loque-

1875 2942 2050 2997 retur,
2083 2935 2358 3005 quomodo
2394 2935 2654 2990 indicavit
2678 2935 2984 2991 Corinthiis
3022 2936 3302 2992 Christum
3339 2954 3466 2994 esse

1875 3025 1970 3097 qui
2021 3025 2077 3081 in
2127 3027 2248 3096 ipso
2290 3026 2617 3096 loquebatur
2667 3035 2722 3082 et
2754 3028 3164 3082 enuntiabat“.
3219 3027 3300 3083 lta
3349 3031 3466 3085 elo-

1879 3134 2056 3188 quens
2075 3125 2128 3172 et
2160 3118 2298 3172 bene
2330 3133 2535 3172 sonans
2562 3118 2666 3188 ipsi
2697 3127 2816 3174 erat
2847 3121 3077 3182 arteria,
3105 3136 3227 3191 qua:
3252 3120 3464 3191 Spiritu

1882 3207 2106 3265 verbum
2169 3209 2434 3280 dirigebat
2493 3211 2764 3268 veritatis.
2829 3210 2906 3266 Ita
2968 3212 3168 3267 divinis
3231 3213 3465 3284 eloquiis

173 3333 365 3386 μενον.
401 3319 587 3383 Οὕτως
619 3321 768 3392 αὐτῷ
795 3298 1039 3392 εὐφωνός
1063 3341 1122 3377 τε
1160 3325 1254 3378 καὶ
1299 3323 1494 3396 εὐηχος
1619 3298 1752 3397 ήνάρ

1879 3302 2100 3353 omnino
2138 3298 2328 3354 dulces
2378 3298 2582 3354 fiebant
2616 3299 2806 3356 fauces
2835 3302 2978 3370 ejus,
3033 3312 3093 3356 ut
3139 3305 3230 3373 qui
3275 3320 3369 3374 per
3404 3320 3467 3360 se

1879 3397 2049 3418 Ini...“
2109 3393 2341 3418 nlnln:nAI>
2400 3405 2599 3418 Anan-nn
2647 3391 2878 3418 -.ε-,ζηηεη
2930 3393 3037 3418 2112..
3092 3393 3435 3418 Δημημιιηιε-

164 3409 360 3481 τηρία,
394 3411 482 3464 διὰ
502 3411 597 3465 τοῦ
623 3413 780 3482 ἁγίου
803 3415 1120 3484 Πνεύματος
1144 3415 1476 3488 διαρθροῦσα
1505 3418 1603 3487 τῆς
1634 3418 1768 3490 ἀλη-

166 3499 328 3566 θείας
370 3503 464 3556 τὸν
509 3503 665 3572 λόγον
691 3521 705 3536 ο
752 3504 928 3569 οὓτως
971 3506 1120 3577 αὐτῷ
1161 3508 1392 3561 πάντοτε
1441 3511 1557 3572 τοῖς
1606 3509 1770 3574 θείοις

166 3590 376 3660 λογίοις
400 3585 454 3645 ’ὁ
501 3593 710 3664 λάρυγξ
752 3594 1230 3663 κατεγλυκαίνετο,
1276 3597 1492 3670 τρέφων
1534 3598 1658 3652 ὃλον
1699 3599 1768 3652 δι’

168 3682 376 3737 ἐαυτοῦ
402 3684 463 3737 τὸ
490 3685 650 3755 σῶμα
680 3687 794 3749 τοῖς
839 3685 1125 3750 ζωοποιοῖς
1160 3687 1390 3752 ἐκείνοις
1419 3688 1764 3760 διδάγμασιν.

169 3773 239 3827 Ei
278 3773 336 3826 δὲ
359 3774 454 3827 καὶ
477 3774 538 3827 τὸ
565 3775 673 3828 τῶν
708 3775 1016 3829 σπονδύλων
1037 3775 1238 3848 ζητεῖς,
1266 3778 1350 3841 τίς
1378 3777 1520 3831 οὕτω
1557 3779 1766 3843 πάντας

166 3866 254 3928 ιίς
285 3863 343 3916 ἓν
367 3864 528 3935 σῶμα
552 3867 859 3937 συνήρμοσε
887 3866 965 3936 τῷ
997 3867 1280 3939 συνδέσμῳ
1301 3869 1400 3939 τῆς
1425 3871 1648 3941 είρήνης
1669 3871 1765 3923 καὶ

168 3956 274 4026 τῆς
302 3956 558 4027 ἀγάπης;
594 3959 692 4022 Τίς
721 3959 895 4024 οὕτως
927 3959 1135 4027 ἐδίδαξε
1167 3960 1259 4014 τὸν
1289 3961 1560 4032 τράχηλον
1589 3961 1766 4015 κλίνε-

171 4047 302 4100 σθαι
369 4048 429 4099 ἐν
459 4049 572 4112 τοῖς
609 4054 910 4117 ταπεινοῖς,
937 4051 1031 4105 καὶ
1066 4052 1574 4124 συμπεριφέρεσθαι
1604 4054 1767 4108 πάλιν

169 4139 230 4190 ἐν
258 4137 340 4208 τῷ
360 4138 430 4192 τὰ
455 4139 570 4193 ἄνω
598 4144 837 4211 φρονεῖν,
865 4142 962 4196 καὶ
993 4142 1131 4212 πρὸς
1162 4141 1232 4195 τά
1271 4142 1477 4213 πλάγια
1508 4160 1767 4217 περισκο-

169 4231 302 4282 πεῖν
325 4229 643 4300 εὐστρόφως
673 4248 734 4284 τε
773 4233 868 4286 καὶ
899 4234 1221 4306 εὐκινήτως,
1257 4234 1316 4287 ὲν
1341 4235 1420 4305 τῷ
1458 4235 1554 4298 τὰς
1585 4237 1764 4289 ποικί-

1878 3397 2050 3444 ιοιυιη
2107 3393 2343 3446 nutriret
2399 3405 2601 3460 corpus
2647 3391 2881 3448 viviﬁcis
2930 3393 3039 3450 illis
3089 3393 3460 3450 documentis.

1878 3479 2033 3546 Quod
2059 3481 2108 3536 si
2144 3481 2308 3535 etiam
2347 3482 2551 3550 quaeris
2582 3480 2651 3535 de
2683 3483 2976 3546 vertebris,
3008 3486 3136 3554 quis
3167 3484 3240 3538 ita
3267 3499 3464 3541 omnes

1877 3572 2153 3641 compegit
2187 3571 2242 3625 in
2284 3588 2452 3626 unum
2488 3587 2690 3640 corpus
2738 3573 2958 3628 vinculo
2989 3575 3143 3644 pacis
3178 3584 3233 3630 et
3276 3575 3465 3629 chari-

1878 3665 2040 3720 tatis?
2068 3665 2206 3730 Quis
2245 3663 2328 3720 sic
2367 3663 2556 3719 docuit
2585 3665 2788 3718 collum
2828 3665 3096 3720 inclinare
3145 3666 3198 3720 in
3240 3667 3307 3722 iis
3341 3684 3463 3738 qua:

1873 3766 2005 3815 sunt
2061 3756 2289 3812 humilia
2337 3764 2392 3811 et
2439 3756 2672 3824 abjecta,
2721 3764 2775 3812 et
2825 3773 2885 3811 se
2935 3758 2991 3810 in
3033 3773 3249 3812 omnem
3297 3761 3459 3814 simul

1872 3859 2083 3922 partem
2120 3864 2364 3913 versare,
2395 3858 2451 3902 et
2491 3863 2714 3903 rursum
2753 3849 2989 3920 erigere,
3037 3865 3099 3903 ea
3141 3866 3262 3920 quae
3294 3868 3459 3932 supra

1871 3951 2003 3999 sunt
2029 3940 2346 4012 cogitando.
2380 3949 2434 3994 et
2461 3941 2515 3994 in
2558 3938 2840 4009 obliquum
2873 3940 3369 4010 circumspiciendo
3401 3958 3460 3996 se

1875 4033 2153 4088 mobiliter
2199 4040 2543 4095 convertere,
2600 4031 2653 4084 in
2703 4030 3050 4086 declinandis
3098 4040 3152 4086 et
3199 4032 3458 4087 cavendis

1872 4125 2041 4178 variis
2079 4121 2284 4176 diaboli
2316 4120 2575 4176 insidiis?
2600 4119 2735 4176 Tale
2767 4136 2898 4191 ergo
2921 4122 3123 4176 collum
3157 4121 3258 4176 fuit
3283 4123 3454 4178 aedili-

1864 4246 2048 4292 catum
2076 4250 2106 4288 a
2138 4233 2364 4289 Davide.

165 4333 269 4398 λας
295 4317 393 4372 τοῦ
421 4319 666 4374 διαϐόλου
715 4322 994 4392 μεθοδείας
1027 4325 1296 4380 ἐκκλίνειν
1332 4325 1428 4380 καὶ
1460 4326 1894 4398 ἀσφαλίζεσθαις
1931 4330 1989 4383 '0
2019 4325 2258 4389 τοιοῦτος
2289 4319 2381 4378 οὖν
2415 4324 2682 4396 τράχηλος
2745 4325 2912 4389 ὅντως
2980 4328 3132 4398 παρά
3199 4327 3293 4382 τοῦ
3352 4328 3458 4379 Δα-

167 4393 255 4461 ϐιδ
293 4407 654 4479 ᾠκοδόμηται.

241 4498 376 4550 Νόει
407 4499 464 4551 δὲ
494 4497 583 4552 διὰ
614 4498 708 4552 τοῦ
754 4499 920 4554 Δαϐὶδ
950 4501 1043 4556 τὸν
1086 4501 1312 4572 βασιλέα
1343 4505 1434 4559 τὸν
1465 4504 1560 4559 τοῦ
1602 4505 1758 4576 βασι-

165 4589 306 4652 λέως
333 4589 567 4662 πατέρα,
589 4589 648 4654 ὃς
673 4588 734 4654 ἐξ
759 4591 935 4663 ἀρχῆς
963 4593 1054 4646 τὸν
1075 4595 1361 4664 ἄνθρωπον
1383 4597 1755 4651 κατεσκεύασε

1937 4502 2182 4572 lutellige
2210 4509 2392 4554 autem
2423 4513 2524 4568 per
2555 4497 2728 4555 David
2760 4513 2942 4568 regem
2965 4540 2981 4565 ,
3020 4508 3231 4569 patrem
3269 4505 3449 4576 regis.

1866 4595 1958 4664 qui
1989 4593 2057 4646 ab
2085 4591 2241 4646 initio
2269 4589 2556 4645 constituit
2586 4589 2864 4644 hominem
2898 4597 2957 4643 ut
2983 4601 3132 4646 esset
3161 4595 3333 4649 turris
3353 4634 3368 4660 ,
3400 4607 3455 4651 et

167 4679 386 4750 πύργον
414 4675 575 4744 εἶναι,
608 4681 703 4734 καὶ
736 4681 859 4752 οὐχὶ
891 4682 1229 4755 σύμπτωμα,
1280 4686 1376 4740 καὶ
1410 4686 1500 4739 διά
1524 4687 1624 4757 τῆς
1661 4689 1757 4760 χά-

1879 4701 1973 4740 ’1011
2004 4695 2062 4739 ιιι
2104 4685 2359 4742 caderet,
2402 4693 2456 4738 et
2495 4698 2593 4753 per
2623 4683 2858 4752 gratiam
2889 4698 3013 4738 eum
3051 4699 3247 4740 rursus
3278 4687 3451 4742 aedili-

169 4789 318 4842 ριτος
342 4771 505 4825 αὐτὸν
533 4772 695 4826 πάλιν
717 4773 1152 4846 ἀνῳκοδόμησεν,
1183 4774 1623 4849 ἀσφαλιΐιάμενος
1650 4783 1760 4844 τοῖς

1879 4778 2012 4832 cavit
2052 4776 2238 4829 multis
2269 4775 2543 4828 munitum
2580 4774 2820 4845 clypeis,
2858 4785 2916 4830 ut
2960 4774 3312 4831 inimicorum
3366 4781 3454 4834 in-

169 4864 389 4928 πολλοῖς
427 4863 638 4936 θυρεοῖς
658 4905 674 4926 ,
709 4863 850 4918 ὥστε
884 4867 1081 4937 μηκέτι
1113 4867 1274 4922 αὐτὸν
1317 4871 1436 4933 ταῖς
1464 4869 1573 4922 τῶν
1604 4870 1763 4924 πολε-

175 4956 316 5026 μίων
361 4955 575 5025 ἐφόδοις
617 4955 941 5010 εὐεπίϐατον
980 4953 1140 5014 εἶναι.
1187 4961 1251 5013 υί
1279 4960 1388 5032 γάρ
1421 4962 1758 5034 κρεμάμενοι

174 5047 396 5118 θυρεοὶ,
425 5048 527 5100 οὐκ
573 5047 667 5101 ἐπ)⁸
699 5049 803 5120 γῆς
848 5050 1132 5122 κείμενοι,
1174 5052 1309 5106 ἀλλὰ
1358 5053 1586 5126 διαέριοι
1631 5058 1758 5125 περὶ

171 5140 333 5194 αὐτὸν
377 5140 740 5211 θεωρούμενοι
763 5181 780 5206 ,
809 5143 904 5196 καὶ
935 5142 1074 5213 μετὰ
1111 5143 1221 5196 τῶν
1261 5145 1468 5216 θυρεῶν
1491 5187 1506 5211 ,
1549 5149 1604 5201 αἱ
1647 5148 1756 5202 τῶν

173 5233 416 5287 δυνατῶν
452 5234 657 5302 βολίδες
681 5276 694 5299 ,
734 5235 898 5304 φόϐον
942 5237 1233 5307 ἐμποιοῦσι
1272 5242 1383 5302 τοῖς
1416 5240 1757 5310 πολεμουμέ-

170 5343 282 5390 νοις
308 5344 320 5356 ·
356 5326 498 5380 ὥστε
531 5328 669 5398 μήτε
700 5328 799 5399 τὴν
837 5329 1011 5401 ἀρχὴν
1036 5331 1355 5403 ἐγχειρῆσαι
1385 5333 1755 5404 καταδραμεῖν

171 5418 553 5491 τοῦ-πύργου.
605 5415 776 5490 Οἶμαι
822 5421 879 5473 δέ
937 5423 1036 5493 τὴν
1077 5423 1377 5494 ἀγγελικὴν
1418 5422 1658 5494 φρουρὰν
1692 5425 1753 5475 ἐν

173 5511 358 5583 κύκλῳ
403 5514 947 5586 περιτετειχισμένην
993 5516 1084 5570 τὸν
1131 5515 1375 5570 τοιοῦτον
1427 5515 1635 5587 πύργον
1672 5515 1753 5586 τῷ

171 5605 366 5676 τλήθει
404 5605 512 5659 τῶν
555 5604 763 5676 θυρεῶν
815 5607 945 5678 ἡμῖν
987 5609 1465 5681 διασημαίνεσθαι.
1502 5604 1754 5662 Δείκνυσι

244 5719 292 5754 ³⁸
345 5718 391 5774 ιι
425 5719 553 5776 Cor.
605 5735 727 5788 xm,
767 5721 823 5777 3.

1867 4870 2104 4926 sultibus
2154 4882 2264 4921 non
2321 4866 2484 4920 facile
2532 4866 2772 4935 amplius
2815 4872 3002 4935 posset
3053 4865 3260 4920 invadi.
3312 4865 3448 4923 Nam

1867 4961 2176 5034 pendentes
2228 4957 2406 5030 clypei
2428 4997 2444 5020 ,
2490 4972 2598 5011 non
2639 4957 2692 5010 in
2727 4965 2870 5010 terra
2903 4956 3031 5023 siti,
3063 4957 3158 5012 sed
3189 4958 3358 5020 aerii,
3391 4959 3446 5012 in

1863 5055 1985 5123 ipso
2017 5048 2394 5114 considerati,
2432 5055 2640 5102 etcum
2699 5044 2781 5100 eis
2830 5046 2995 5097 etiam
3040 5044 3216 5099 hasta:
3251 5054 3449 5113 poten-

1863 5146 2000 5198 tium
2034 5141 2270 5196 afferunt
2303 5147 2572 5194 terrorem
2620 5135 2915 5192 hostibus:
2951 5135 3088 5188 adeo
3129 5142 3189 5189 ut
3225 5151 3295 5189 ne
3326 5151 3447 5190 om—

1865 5237 1998 5290 nino
2046 5232 2271 5303 quidem
2323 5231 2561 5284 audeant
2603 5229 2800 5281 turrim
2851 5225 3129 5280 invadere.
3177 5225 3447 5281 Existimo

1863 5338 2049 5383 autem
2079 5341 2202 5381 eam
2234 5325 2433 5379 turrim
2461 5323 2780 5393 clypeorum
2813 5319 3199 5385 multitudine,
3233 5319 3444 5389 signifim

1862 5435 1992 5474 care
2019 5417 2325 5489 angelicum
2358 5413 2671 5485 praesidium
2702 5426 2811 5482 quo
2842 5410 3197 5478 circumsepti
3227 5425 3440 5466 sumus.

1861 5510 2116 5567 Ostendit
2151 5518 2332 5564 autem
2359 5507 2525 5562 etiam
2573 5504 2856 5560 hastarum
2899 5502 3109 5557 mentio
3151 5517 3274 5556 eum
3311 5516 3441 5556 sen—

1862 5619 2004 5662 sum.
2048 5601 2169 5660 Non
2205 5601 2352 5658 enim
2385 5598 2633 5655 absolute
2666 5596 2805 5653 dixit
2837 5595 3057 5662 hastas,
3088 5593 3184 5651 scd
3216 5593 3440 5649 fortium
