3854 6216
109 303 230 361 937

1157 301 1228 357 IN
1256 292 1556 359 CANTICA
1607 296 1878 355 CANTIC.
1920 297 2204 355 HOMILIA
2243 299 2356 356 VII.

3286 298 3392 353 938

112 413 196 476 οὗ
229 415 572 487 διαπνεύσῃ
606 418 648 486 ἡ
678 416 895 488 ἡμέρα,
931 418 1032 472 καὶ
1067 417 1397 486 κινηθῶσιν
1431 423 1489 472 αι
1522 417 1710 471 σκιαί.

1826 418 1960 485 quod
1996 418 2116 474 dies
2147 417 2372 487 quidem
2406 416 2624 473 dicatur
2659 413 2901 487 Spiritus
2928 426 3158 474 sanctus
3182 455 3198 479 ,
3235 415 3306 471 iis
3339 415 3395 470 in

126 508 303 564 Ἀλλά
327 510 390 562 τὸ
433 508 533 580 μὲν
564 509 782 580 ἡμέραν
825 509 1079 578 λέγεσθαι
1107 511 1169 564 τὺ
1193 509 1419 582 Πνεῦμα
1443 509 1508 563 τὸ
1538 509 1710 579 άγιον,

113 600 240 668 φῶς
269 600 430 653 πνέον
468 594 552 664 οἷς
581 599 648 653 ἂν
667 599 982 670 ἐγγένηται,
1009 602 1108 655 οὐκ
1131 598 1284 673 οἶμαί
1313 619 1434 658 τινα
1459 603 1566 657 τῶν
1589 601 1716 657 νοῦν

116 691 358 762 ἐχόντων
405 691 750 746 ὲπιδιστάσαι
795 690 876 764 τῷ
921 693 1085 765 λόγῳ.
1126 695 1188 748 Ei
1237 695 1346 768 γὰρ
1381 695 1488 749 υἱοὶ
1539 696 1715 765 φωτὸς

114 783 221 836 καὶ
271 781 378 835 υίοὶ
406 782 618 854 ἡμέρας
661 783 904 852 γίνονται
953 786 1004 838 oi
1047 785 1399 857 γεννηθέντες
1442 785 1595 858 παρὰ
1619 784 1714 840 τοῦ

118 875 268 931 Ηνεύ
279 891 463 947 ματος,
490 875 544 928 τί
579 875 708 930 ἄλλο
738 876 846 948 χρὴ
875 879 1014 932 νοεῖν
1039 877 1102 931 τὸ
1131 875 1358 950 Πνεῦμα
1382 878 1444 931 τὸ
1472 879 1645 948 ἅγιον,
1680 878 1714 950 ἢ

117 966 242 1036 φῶς
270 967 365 1020 καὶ
393 967 628 1038 ἡμέραν,
657 961 725 1038 ἧς
756 969 790 1039 ἡ
819 969 956 1041 πνοὴ
985 969 1354 1042 φυγαδευτικὴ
1399 969 1508 1024 τῶν
1545 969 1715 1024 σκιῶν

114 1057 226 1128 τῆς
280 1057 641 1128 ματαιότητος
691 1058 936 1128 γίνεται;
999 1059 1238 1130 ’Δνάγκη
1267 1059 1376 1130 γάρ
1424 1060 1574 1113 πᾶσα
1619 1057 1714 1112 τοῦ

118 1153 280 1224 ἡλίου
309 1153 568 1222 φανέντος
592 1153 692 1218 τὰς
737 1153 896 1218 σκιὰς
931 1153 1008 1225 μὴ
1053 1154 1256 1224 μένειν,
1291 1153 1428 1210 ἀλλὰ
1472 1172 1718 1226 μεταχω-

121 1247 244 1316 ρεῖν
275 1262 335 1298 τε
376 1245 472 1299 καὶ
502 1244 950 1316 μετανίστασθαι.
985 1245 1060 1300 Τὸ
1099 1246 1155 1299 δὲ
1199 1248 1329 1316 περὶ
1361 1247 1470 1300 τῶν
1511 1247 1604 1300 δύο
1629 1264 1716 1300 νε-

121 1333 279 1404 ϐρῶν
305 1333 406 1400 τῆς
432 1333 692 1404 δορκάδος
721 1335 1018 1405 μυστήριον
1055 1333 1310 1408 εὐκαιρον
1337 1336 1404 1390 ἂν
1423 1337 1508 1408 εἴη
1553 1355 1720 1408 προσ-

121 1425 303 1478 θεῖναι
363 1427 431 1497 τῇ
463 1425 706 1490 ἐξετάσει
734 1426 829 1480 τοῦ
874 1426 1054 1495 λόγου,
1084 1420 1160 1481 ὧν
1185 1427 1404 1500 δίδυμος
1441 1429 1541 1500 μέν
1571 1431 1718 1483 ἐστιν

121 1519 158 1587 ἡ
190 1518 430 1586 γένεσις,
478 1519 654 1589 τροφὴ
697 1518 755 1571 δὲ
785 1518 848 1572 τὺ
886 1519 1100 1590 κρίνον·
1135 1521 1301 1585 τόπος
1345 1521 1402 1575 δὲ
1448 1523 1640 1593 νομῆς,
1683 1525 1716 1594 ἡ

117 1609 310 1681 ἀγαθή
359 1626 419 1664 τε
467 1609 563 1663 καὶ
604 1609 779 1682 πιαρά
828 1611 921 1682 γῆ.
951 1611 1100 1683 Αὐτὴ
1144 1613 1203 1666 δέ
1241 1615 1390 1667 ἐστιν
1431 1616 1464 1686 ἡ
1498 1616 1715 1686 καρδία,

1816 508 2022 577 quibus
2053 507 2220 565 fuerit
2253 509 2431 563 lucem
2465 510 2717 578 spirans,
2757 508 3032 564 neminem
3071 522 3199 562 esse
3242 506 3395 563 arbi-

1815 607 1934 654 tror
1959 617 2023 656 ex
2057 602 2126 657 iis
2153 605 2246 672 qui
2283 603 2504 672 sapiunt
2543 603 2640 672 qui
2687 602 2919 658 dubitet.
2964 600 3023 656 Si
3065 602 3213 658 enim
3258 601 3395 655 ﬁunt

1817 692 1913 748 ﬁlii
1949 694 2088 750 lucis
2115 705 2171 750 et
2199 695 2294 749 ﬁlii
2326 697 2435 751 dici
2467 697 2562 765 qui
2591 703 2927 767 generantur
2955 711 3019 750 ex
3048 704 3242 749 sancto
3272 692 3398 762 Spi~

1815 787 1928 841 ritu
1957 801 1972 840 :
2020 787 2153 856 quid
2200 787 2348 842 aliud
2383 787 2688 858 intelligere
2719 794 2938 857 oportet
2960 785 3232 858 Spiritum
3267 800 3398 840 san-

1816 885 1965 931 ctum
1987 915 2003 940 ,
2032 892 2198 947 quam
2227 878 2404 932 lucem
2435 885 2488 931 et
2517 878 2660 932 diem
2679 917 2695 941 ,
2723 877 2884 948 cujus
2937 878 3166 948 spiratio
3203 874 3394 946 expel-

1818 965 1882 1019 lit
1912 965 2139 1022 umbras
2181 967 2490 1022 vanitatis?
2530 964 2770 1022 Omnino
2811 967 2958 1022 enim
3002 981 3228 1022 necesse
3273 974 3394 1032 est,

1818 1061 1880 1107 ut
1911 1068 2034 1108 cum
2078 1055 2162 1110 sol
2187 1056 2547 1126 apparuerit,
2585 1058 2795 1111 umbra:
2825 1070 2932 1110 non
2965 1066 3255 1118 maneant,
3295 1053 3398 1114 sed

1816 1153 2102 1200 transeant
2127 1156 2180 1202 et
2207 1147 2514 1203 discedant.
2536 1147 2854 1219 Mysterium
2886 1158 3064 1203 autem
3090 1147 3161 1204 de
3182 1147 3400 1204 duobus

1819 1251 2032 1307 capreae
2081 1239 2328 1295 hinnulis
2371 1248 2743 1311 opportunum
2795 1241 2965 1297 fuerit
2998 1242 3240 1310 adjicere
3273 1256 3400 1298 ver-

1819 1328 2015 1384 borum
2057 1339 2352 1390 contextus
2385 1331 2822 1392 examinationi.
2857 1331 3094 1403 quorum
3140 1330 3399 1402 geminus

1818 1418 2040 1488 quidem
2074 1421 2178 1476 fuit
2207 1432 2442 1493 partus,
2492 1425 2898 1482 nutrimentum
2951 1431 3134 1480 autem
3181 1424 3396 1490 lilium,

1820 1527 2039 1583 pascuae
2066 1521 2250 1570 autem
2283 1523 2432 1571 terra
2462 1516 2606 1572 bona
2637 1526 2692 1573 et
2721 1517 2964 1589 pinguis.
2991 1515 3068 1572 Ea
3099 1525 3281 1572 autem
3313 1524 3400 1578 est

1823 1619 1942 1670 cor,
1966 1607 2360 1662 convenienter
2379 1608 2428 1664 ei
2451 1609 2598 1679 quod
2624 1609 2759 1664 dicit
2782 1609 2998 1668 Domini
3023 1609 3283 1681 parabola
3305 1609 3355 1642 "
3381 1627 3396 1664 :

121 1699 272 1754 κατά
306 1699 398 1754 τὸν
422 1701 523 1771 τῆς
553 1701 872 1772 παραϐολῆς
900 1702 994 1756 τοῦ
1035 1703 1240 1774 Κυρίου
1269 1703 1426 1773 λόγον
1442 1721 1460 1735 ν·
1495 1707 1552 1758 tv
1579 1707 1715 1778 αὐτῇ

1826 1696 1876 1749 in
1921 1711 1988 1751 eo
2031 1706 2327 1766 pascentes
2352 1738 2368 1762 ,
2401 1709 2456 1753 et
2500 1715 2762 1770 purarum
2797 1699 3194 1770 cogitationum
3231 1713 3300 1754 ex
3332 1713 3401 1751 eo

113 1792 182 1844 δὲ
202 1765 515 1862 νεμόμενοι,
548 1765 645 1845 καί
665 1793 792 1856 τοὺς
827 1765 1107 1863 καθαροὺς
1125 1765 1196 1858 ’ἐξ
1221 1765 1394 1864 αὐτ-’ἧς
1429 1765 1720 1866 λογισμοὺς

1826 1788 1986 1844 ﬂores
2012 1789 2288 1861 legentes.
2316 1765 2710 1862 pinguescunt.
2741 1765 3080 1848 Flosvautem
3109 1791 3205 1846 lilii
3235 1790 3401 1845 habet

122 1880 566 1950 ἀνθολογοῦντες,
596 1883 924 1938 πιαίνονται.
959 1885 1034 1938 Τὸ
1060 1884 1118 1938 δὲ
1147 1885 1308 1950 ἄνθος
1339 1886 1401 1939 τὸ
1427 1886 1610 1958 κρίνον
1643 1888 1722 1940 δι-

120 1973 277 2045 πλῆν
306 1975 420 2045 ἔχει
453 1975 552 2046 τὴν
578 1976 740 2048 χάριν
779 1976 932 2048 παρὰ
959 1978 1059 2048 τῆς
1089 1976 1325 2047 φύσεως,
1356 1979 1610 2043 εὐπνοίας
1651 1984 1718 2050 τῇ

122 2066 356 2137 εὐχροίᾳ
381 2068 862 2139 συμμεμιγμένης,
897 2067 972 2132 ὡς
1001 2069 1125 2124 καθ’
1157 2071 1420 2142 ἑκάτερον
1445 2066 1583 2124 εἶναι
1609 2076 1720 2138 τοῖς

123 2160 484 2232 δρεπομένοις
523 2159 808 2229 ἐράσμιον,
841 2162 950 2214 εἴτε
979 2164 1045 2234 τῇ
1076 2162 1340 2234 ὀσφρήσει
1372 2164 1718 2235 προσάγοιεν,

123 2250 239 2303 εἴτε
278 2251 393 2314 τοῖς
423 2249 719 2321 ὀφθαλμοῖς
757 2252 850 2306 τοῦ
881 2252 1112 2317 κάλλους
1150 2254 1250 2325 τῆς
1273 2253 1422 2328 ὥρας
1454 2274 1724 2328 κατατρυ-

125 2340 299 2412 φῷεν.
346 2341 411 2394 Ἢ
445 2341 544 2411 μὲν
573 2343 682 2412 γὰρ
713 2342 981 2414 ὄσφρησις
1002 2343 1100 2415 τῆς
1125 2343 1219 2398 τοῦ
1241 2345 1474 2416 Χριστοῦ
1499 2347 1723 2410 εὐωδίας

126 2432 352 2503 πλήρης
399 2433 641 2501 γίνεται·
685 2433 774 2487 διὰ
818 2434 876 2488 δὲ
925 2435 1022 2489 τοῦ
1070 2436 1246 2501 εἴδους
1286 2437 1617 2492 ἐνδείκνυται
1664 2440 1722 2492 τὸ

123 2522 377 2594 καθαρόν
402 2541 462 2577 τε
495 2525 590 2578 καὶ
615 2524 970 2593 ἀκηλίδωτον.

197 2613 360 2685 Τάχα
383 2614 565 2668 τοίνυν
591 2615 692 2686 ήδη
723 2614 812 2668 διά
842 2615 952 2669 τῶν
983 2616 1288 2688 εἰρημένων
1332 2620 1722 2690 σεσαφήνισται

124 2706 266 2775 ἡμῖν
290 2705 352 2758 τὸ
372 2704 479 2758 ὐπὸ
509 2703 602 2758 τοῦ
633 2704 793 2774 λόγου
816 2705 1166 2777 δηλούμενον,
1189 2707 1271 2761 ὅτι
1295 2707 1390 2762 δύο
1418 2708 1722 2780 ἀνθρώπων

126 2797 187 2850 tv
220 2797 340 2860 τοῖς
374 2795 497 2849 καθ’
525 2795 755 2850 ἕκαστον
793 2795 1204 2869 θεωρουμένων,
1231 2799 1326 2853 τοῦ
1353 2801 1452 2871 μὲν
1485 2818 1725 2872 σωματι-

124 2886 230 2942 κοῦ
281 2905 342 2942 τε
388 2889 482 2942 καὶ
520 2889 870 2960 φαινομένου,
905 2889 1000 2944 τοῦ
1036 2891 1093 2944 δὲ
1127 2892 1316 2962 νοητοῦ
1344 2910 1404 2946 τε
1437 2895 1533 2946 καὶ
1558 2896 1723 2967 ἀορά-

124 2997 248 3044 του,
295 2981 516 3052 δίδυμος
562 2983 660 3052 μὲν
684 2982 994 3055 ἀμφῶερός
1038 2983 1187 3039 ἐστιν
1224 2986 1259 3056 ἠ
1301 2987 1532 3054 γένεσις,
1580 2988 1722 3041 κατὰ

1819 1883 2092 1953 duplicem
2123 1899 2154 1938 a
2183 1892 2382 1939 natura
2413 1886 2646 1956 gratiam
2669 1925 2684 1946 .
2719 1892 2907 1956 utpote
2935 1885 3091 1942 suavi
3117 1885 3290 1940 odore
3318 1884 3399 1942 si-

1822 1976 1937 2028 qul
1983 1975 2150 2030 misto
2191 1990 2318 2030 cum
2373 1976 2560 2032 colore
2589 1994 2602 2031 :
2641 1977 2775 2032 adeo
2806 1984 2864 2030 ut
2896 1976 2943 2031 is
2978 1975 3030 2030 in
3065 1983 3298 2045 utroque
3323 1974 3401 2030 sit

1821 2076 2012 2137 gratus
2065 2075 2122 2122 et
2166 2067 2422 2123 amabilis
2469 2067 2818 2129 hominibus,
2859 2067 3082 2138 utqui,
3131 2067 3249 2122 sive
3283 2081 3405 2121 mo-

1823 2168 2052 2213 veantur
2074 2157 2281 2214 olfactu
2301 2200 2314 2223 ,
2341 2161 2461 2216 sive
2487 2162 2688 2227 oculis,
2717 2162 2838 2231 ejus
2865 2177 2924 2216 se
2947 2161 3165 2232 possint
3186 2161 3405 2217 abundo

1819 2251 2088 2306 oblectari
2121 2251 2555 2322 pulchritudine.
2591 2251 2870 2309 Odoratus
2901 2254 3123 2324 quidem
3159 2253 3404 2325 repletur

1821 2342 1967 2397 bono
1995 2343 2166 2399 odore
2196 2343 2441 2411 Christi,
2477 2359 2576 2415 per
2605 2345 2836 2400 formam
2873 2353 3056 2400 autem
3091 2345 3404 2403 ostenditur

1823 2437 2035 2506 puritas
2065 2445 2121 2491 et
2146 2438 2293 2491 nulla
2319 2452 2445 2494 esse
2472 2438 2816 2509 inquinatum
2847 2440 3086 2494 macula.

1895 2621 2057 2678 Forte
2089 2629 2269 2678 autem
2300 2637 2488 2678 eorum
2519 2637 2644 2693 quae
2677 2622 2822 2677 dicta
2864 2631 2998 2678 sunt
3034 2623 3404 2679 declarabitur

1822 2716 2138 2770 obscuritas
2158 2756 2174 2780 ,
2197 2715 2248 2771 si
2277 2715 2383 2770 hoc
2408 2715 2682 2786 signiticet
2713 2715 2892 2770 oratio
2915 2753 2930 2779 ,
2957 2713 3106 2787 quod
3135 2729 3262 2770 cum
3292 2717 3406 2772 duo

1823 2808 2076 2862 homines
2106 2806 2535 2862 considereutur
2576 2808 2630 2862 in
2673 2807 2944 2878 singulis,
2992 2822 3142 2866 unus
3181 2807 3406 2878 quidem

1823 2900 2131 2970 corporalis
2157 2911 2211 2954 et
2241 2914 2510 2969 apparens
2529 2942 2543 2966 ,
2580 2899 2722 2954 alter
2749 2915 2882 2955 vero
2917 2899 3011 2970 qui
3043 2899 3404 2972 intelligentia

1827 2993 2150 3063 percipitur,
2180 2999 2236 3047 et
2262 3007 2372 3046 non
2417 2999 2502 3047 est
2549 2992 2936 3061 aspectabilis,
2986 2991 3239 3063 geminus
3283 2992 3406 3064 qui-

121 3071 332 3124 ταύτδν
359 3073 610 3144 ἀλλήλοις
649 3075 1160 3146 ωνεπιδημούντων
1185 3077 1264 3148 τῷ
1299 3077 1417 3149 βίῳ.
1451 3078 1586 3132 Οὔτε
1613 3081 1721 3152 γὰρ

1827 3084 1952 3139 dem
1981 3094 2065 3139 est
2090 3085 2380 3139 amborum
2408 3090 2604 3139 ortus:
2635 3099 2760 3138 cum
2791 3083 2896 3154 ipsi
2941 3083 3108 3139 simul
3153 3085 3300 3140 inter
3345 3097 3407 3139 se

127 3165 483 3236 προῠπάρχει
530 3166 624 3219 τοῦ
673 3165 926 3238 σώματος
967 3169 1000 3239 ἡ
1045 3169 1226 3240 ψυχή’
1275 3170 1398 3224 οὐτε
1448 3189 1724 3242 προκατα-

129 3255 463 3319 σκευάζεται
504 3257 604 3327 τῆς
641 3257 820 3329 ψυχῆς
847 3258 910 3312 τδ
940 3260 1099 3331 σῶμα
1119 3276 1135 3292 ο
1173 3261 1292 3316 ἀλλ’
1327 3265 1637 3334 ὁμοχρόνως
1665 3266 1724 3318 ἐν

129 3347 198 3416 τῇ
235 3343 354 3417 ζωῇ
386 3348 645 3414 γίνονται.
682 3349 870 3420 Τροφὴ
910 3349 968 3404 δὲ
1009 3351 1222 3416 τούτοις
1253 3353 1395 3407 κατὰ
1429 3355 1590 3423 φύσιν
1624 3357 1724 3426 μέν

131 3438 311 3501 ἐστιν,
332 3440 365 3508 ἡ
391 3439 703 3510 καθαρότης
721 3441 815 3493 καὶ
842 3441 1062 3509 εὐωδία,
1081 3442 1177 3497 καὶ
1205 3445 1384 3499 πάντα
1399 3447 1469 3500 τὰ
1498 3447 1724 3502 τοιαῦτα

128 3522 206 3583 ὧν
247 3529 574 3600 εὐφοροῦσιν
598 3532 654 3584 αί
685 3531 896 3602 ἀρεταί.
929 3533 1089 3587 Ἔστι
1115 3535 1173 3588 δὲ
1210 3537 1300 3590 ὅτε
1319 3537 1381 3590 τὸ
1400 3537 1725 3610 δηλητήριον

128 3636 278 3672 τισιν
324 3620 447 3672 ἀντὶ
488 3622 754 3693 τροφίμου
807 3624 1184 3691 σπουδάζεται,
1229 3626 1280 3680 οἲ
1328 3630 1448 3700 οὐχὶ
1488 3631 1557 3683 τά
1587 3632 1723 3700 ἄνθη

131 3711 243 3764 τῶν
283 3711 498 3782 ἀρετῶν
525 3713 928 3781 ἐπιϐόσκονται,
977 3717 1095 3771 ἀλλ’
1122 3719 1385 3784 ἀκάνθαις
1413 3724 1726 3795 ἐπιτέρπον-

130 3818 224 3855 ται
271 3801 370 3854 καὶ
411 3802 700 3873 τριϐόλοις.
765 3805 921 3860 Οὕτω
967 3808 1076 3880 γὰρ
1121 3809 1222 3878 τῆς
1271 3813 1588 3885 παραϐολῆς
1629 3816 1723 3869 τοῦ

131 3891 471 3978 ξύαγγελίου
516 3895 892 3969 ὀνομαζούσης
926 3899 1025 3964 τάς
1066 3901 1341 3974 ἁμαρτίας
1385 3905 1723 3978 ἠκούσαμεν,

129 3974 211 4036 ὧν
255 3984 292 4053 ὴ
336 3982 550 4054 κατάρα
593 3985 688 4038 τοῦ
735 3986 915 4056 ὄφεως
959 3990 1059 4062 τὴν
1102 3992 1279 4064 κακὴν
1329 3992 1565 4068 βλάστην
1599 3974 1725 4071 ὲδη-

134 4074 499 4145 μιούργησεν.
565 4077 782 4150 Ἐπειδὴ
821 4079 1002 4135 τοίνυν
1033 4083 1389 4156 διακριτικῶν
1429 4089 1726 4162 ὀφθαλμῶν

135 4168 256 4221 ἐστι
286 4168 466 4238 χρεία,
499 4169 608 4223 τῶν
629 4171 943 4242 δυναμένων
970 4177 1027 4229 tv
1055 4177 1313 4252 ἀκριϐείᾳ
1347 4180 1639 4250 διαγνῶναι
1665 4185 1726 4238 τὸ

136 4256 326 4328 κρίνον
370 4275 432 4311 τε
476 4259 569 4313 καὶ
610 4259 712 4331 τὴν
749 4261 1012 4328 ἄκανθαν,
1052 4268 1146 4320 καὶ
1197 4269 1257 4322 τὸ
1308 4272 1407 4342 μὲν
1460 4275 1727 4347 σωτήριον

135 4349 493 4420 προελέσθαι,
535 4351 600 4406 τὸ
641 4351 702 4406 δὲ
755 4355 1078 4428 φθοροποιὸν
1124 4361 1588 4434 ἀποπέμψασθαιο
1638 4367 1727 4422 διὰ

133 4440 298 4495 τοῦτο
327 4441 420 4496 τὸν
448 4442 568 4496 καθ’
595 4446 887 4519 ὁμοιότητα
912 4448 1005 4504 τοῦ
1039 4452 1275 4523 μεγάλου
1311 4456 1524 4510 Παύλου
1553 4457 1724 4530 μαζὸν
1755 4445 1803 4504 ί)

134 4535 250 4597 τοῖς
283 4534 500 4603 νηπίοις
544 4537 857 4608 γενόμενον,
895 4543 990 4596 καὶ
1023 4545 1569 4620 γαλακτοτροεροῦντα
1597 4555 1725 4618 τοὺς

134 4629 442 4700 ἀρτιγενεῖς
487 4629 588 4700 τῆς
642 4632 987 4704 Ἐκκλησίας,
1030 4636 1200 4692 δυάδα
1249 4639 1436 4711 μαζῶν
1469 4643 1725 4715 ἀλλήλοις

137 4718 612 4790 συγγεννηθέντων
634 4721 742 4775 τῶν
769 4725 881 4786 τοῖς
917 4725 1126 4797 νεϐροίς
1147 4729 1247 4799 τῆς
1283 4729 1540 4803 δορκάδος
1566 4737 1725 4790 ἀπει-

134 4812 430 4883 κασμένων
483 4813 802 4885 ὠνόμασεν,
859 4817 949 4871 διὰ
1006 4821 1225 4876 πάντων
1291 4828 1586 4899 μαρτυρῶν
1643 4831 1724 4902 τῷ

135 4903 366 4975 τοιούτῳ
415 4905 566 4973 μέλει
608 4906 711 4977 τῆς
752 4909 1081 4980 Ἐκκλησίας
1121 4914 1182 4966 τὸ
1229 4915 1486 4988 δόκιμονο
1540 4921 1621 4976 ὅτι
1663 4941 1725 4977 τε

137 4994 263 5048 καθ’
294 4995 554 5070 ἑκάτερον
586 4999 862 5055 εὐοδοῦται
903 5003 1039 5074 πρὸς
1059 5004 1160 5075 τὴν
1187 5006 1295 5061 τῶν
1325 5010 1581 5084 καθαρῶν
1606 5015 1725 5087 κρί-

136 5100 243 5180 νων
285 5087 480 5180 νομὴν,
513 5088 824 5180 λόξυδερκῶς
861 5092 1138 5166 διακρίνον
1181 5099 1277 5152 τοῦ
1321 5105 1586 5175 τροφίμου

136 5172 410 5265 ἄκανθαν·
442 5178 535 5230 καὶ
571 5179 654 5232 δτι
695 5182 825 5251 περὶ
849 5182 908 5235 τὸ
936 5185 1262 5254 ἡγεμονικὸν
1301 5172 1719 5265 ἀναστρέφεται,

135 5261 212 5362 οὐ
234 5268 567 5362 σύμϐολονγὴ
612 5273 812 5345 καρδία
843 5277 1014 5341 ἐστὶν,
1051 5280 1084 5349 ἡ
1126 5279 1192 5332 δι’
1228 5283 1426 5354 ἑαυτῆς
1455 5261 1580 5352 τοὺς
1618 5261 1723 5362 μαέ

136 5357 264 5424 (ob;
295 5359 746 5432 ὑποστρέφουσα·
779 5366 876 5418 καί⁹
921 5365 1001 5419 ἔτι
1045 5369 1183 5440 πρὸς
1215 5372 1446 5438 τούτοις,
1497 5377 1579 5432 ὃτι
1619 5357 1723 5436 οὐκ

134 5453 193 5504 ὲν
223 5451 403 5521 ἑαυτῷ
433 5453 742 5508 κατακλείει
763 5455 863 5527 τὴν
887 5459 1068 5530 χάριν,
1097 5461 1212 5514 ἀλλ’
1246 5464 1435 5536 ἐπέχει
1461 5471 1571 5534 τοῖς
1607 5472 1722 5527 δεο-

139 5540 321 5610 μένοις
345 5542 442 5596 τοῦ
474 5543 634 5600 λόγου
658 5547 759 5601 τίεν
786 5547 976 5620 θηλὴν,
1005 5550 1083 5616 ὡς
1103 5552 1172 5609 ἂν
1204 5557 1402 5629 τροφὸς
1430 5559 1624 5622 θάλπει
1654 5566 1723 5622 τὰ

206 5721 253 5753 ⁸⁹
287 5720 484 5777 Μειιιι.
515 5739 636 5788 xm,
677 5724 712 5778 5
737 5741 860 5798 sqq.

379 5821 654 5884 ΡΑτιιοι..
696 5822 788 5885 Gs
853 5823 1069 5886 XLIV.

1826 3177 2108 3247 conjuncti
2140 3175 2364 3231 veniant
2391 3177 2448 3229 in
2481 3176 2670 3230 vitam.
2707 3173 2842 3228 Nam
2877 3191 3056 3246 neque
3098 3176 3283 3231 anima
3323 3184 3406 3233 est

1827 3281 1954 3325 autc
1982 3283 2186 3338 corpus
2212 3285 2227 3334 ;
2262 3282 2440 3338 neque
2481 3275 2608 3322 ante
2639 3267 2878 3321 animam
2909 3268 3257 3324 construitur
3281 3281 3407 3324 cor-

1828 3378 1930 3433 pus
1955 3403 1969 3428 ,
2005 3362 2101 3418 sed
2131 3361 2324 3418 eodem
2372 3368 2620 3430 tempore
2649 3360 2704 3414 in
2739 3360 2848 3413 vita
2881 3359 3044 3414 simul
3073 3362 3408 3415 conveniunt

1826 3471 1892 3509 ac
1935 3454 2308 3510 consentiunt.
2363 3453 2700 3506 Alimentum
2751 3461 2931 3506 autem
2979 3451 3062 3506 eis
3103 3450 3409 3506 secundum

1826 3552 2079 3601 naturam
2105 3545 2328 3615 quidem
2355 3551 2442 3599 est
2468 3542 2682 3613 puritas
2707 3551 2760 3598 et
2789 3543 2970 3598 bonus
2994 3543 3154 3608 odor,
3183 3550 3238 3599 et
3261 3558 3408 3614 quae-

1825 3654 2044 3710 cunque
2089 3646 2219 3694 suut
2251 3637 2794 3709 ejusmodi,quorum
2830 3636 3040 3693 fertiles
3075 3645 3206 3692 sunt
3236 3637 3408 3692 virtu-

1835 3742 1940 3789 tes.
1963 3731 2198 3799 Quidam
2255 3739 2434 3786 autem
2465 3743 2862 3799 nonnunquam
2895 3735 3152 3782 tenentur
3199 3727 3412 3798 majore

1827 3825 2010 3881 studio
2040 3824 2234 3879 veneni
2269 3837 2434 3893 quam
2466 3820 2792 3876 nutrimenti
2815 3859 2831 3885 ,
2863 3819 2960 3889 qui
2993 3820 3262 3874 virtutum
3305 3817 3412 3873 llo-

1827 3917 1982 3971 ribus
2013 3929 2123 3969 non
2155 3922 2482 3984 pascuntur,
2519 3911 2613 3967 sed
2645 3911 2822 3981 spinis
2857 3911 3201 3965 delectantur
3223 3917 3280 3964 et
3307 3911 3410 3964 tri-

1827 4008 1997 4062 bulis.
2027 4004 2163 4060 Nam
2193 4003 2513 4074 parabolam
2548 4001 2830 4070 Evangelii
2859 3999 3169 4055 audivimus
3194 3998 3276 4055 sic
3301 4014 3411 4053 no-

1826 4101 2125 4154 minantem
2147 4104 2392 4167 peccata,
2413 4110 2646 4164 quorum
2671 4093 2873 4147 malum
2893 4106 3115 4164 germen
3137 4093 3410 4162 serpentis

1827 4193 2095 4248 fabricata
2138 4199 2224 4246 est
2257 4187 2588 4244 maledictio.
2620 4187 2760 4242 Cum
2799 4200 2930 4256 ergo
2969 4183 3315 4240 discernendi
3357 4184 3410 4238 ri

1828 4281 2044 4355 praediti
2067 4281 2214 4337 oculi
2246 4287 2504 4335 accurate
2527 4285 2828 4350 exacteque
2853 4277 3068 4350 possint
3094 4276 3412 4332 discernere

1827 4376 2006 4431 lilium
2056 4381 2110 4429 et
2156 4372 2406 4444 spinam,
2441 4377 2500 4426 et
2540 4370 2742 4442 eligere
2767 4368 2988 4441 quidem
3031 4368 3087 4423 id
3131 4366 3278 4439 quod
3324 4375 3412 4423 est

1833 4469 2109 4534 salutare,
2157 4465 2455 4522 amandare
2499 4470 2684 4518 autem
2734 4462 2788 4517 id
2831 4462 2976 4533 quod
3021 4468 3108 4516 est
3146 4459 3407 4527 exitiale;

1835 4565 2127 4626 propterea
2157 4569 2282 4608 eum
2314 4553 2408 4624 qui
2455 4551 2654 4609 similis
2689 4565 2888 4621 magno
2916 4548 3089 4604 Paulo
3121 4555 3207 4604 est
3236 4550 3412 4603 instar

1831 4645 2065 4701 nutricis
2103 4645 2410 4701 infantibus
2432 4686 2447 4712 ,
2481 4653 2536 4700 et
2577 4644 2715 4699 lacte
2752 4641 2927 4696 nutrit
2966 4655 3063 4696 eos
3091 4640 3184 4711 qui
3218 4655 3412 4697 recens

1832 4742 1948 4796 nati
1981 4748 2112 4797 sunt
2142 4741 2199 4795 in
2238 4739 2519 4804 Ecclesia,
2553 4737 2665 4793 duo
2703 4736 2874 4792 ubera
2914 4734 3078 4791 simul
3117 4733 3411 4805 congenita

1830 4834 2172 4900 nominavit,
2199 4848 2323 4903 quae
2349 4831 2655 4889 assimilata
2700 4840 2833 4887 sunt
2880 4828 3124 4885 hinnulis
3154 4841 3369 4900 capreae
3389 4866 3409 4893 ,

1831 4941 1929 4998 per
1956 4926 2141 4980 omnia
2179 4925 2488 4981 testiﬁcans
2530 4923 2804 4994 ejusmodi
2852 4922 3101 4977 membro
3150 4921 3410 4977 Ecclesiae

1829 5018 2204 5087 praestantiam
2232 5018 2418 5074 inesse
2441 5017 2520 5072 illi
2549 5033 2564 5072 :
2590 5014 2737 5087 quod
2763 5021 2910 5070 recte
2935 5012 3241 5068 deducatur
3266 5025 3409 5067 utra-

1829 5125 1937 5180 que
1965 5125 2032 5165 cx
2075 5117 2230 5180 parte
2274 5109 2340 5164 ad
2383 5122 2586 5179 pascua
2624 5121 2888 5177 purorum
2931 5105 3170 5160 liliorum
3194 5144 3208 5170 ,
3247 5112 3409 5160 acute

1829 5219 2064 5261 cernens
2102 5215 2158 5260 et
2195 5203 2519 5260 discernens
2558 5203 2774 5273 spinam
2818 5201 2886 5256 ab
2913 5216 2981 5255 eo
3009 5199 3154 5271 quod
3187 5199 3282 5253 alit
3311 5216 3326 5253 :
3355 5207 3410 5253 et

1831 5297 1980 5368 quod
2021 5305 2272 5354 versatur
2315 5297 2372 5351 in
2415 5311 2480 5352 ea
2525 5296 2722 5350 anime
2752 5292 3016 5349 facultate
3040 5307 3163 5362 qua:
3190 5290 3406 5345 obtinet

1830 5388 2236 5460 principatum,
2280 5387 2442 5458 cujus
2477 5400 2578 5443 cor
2618 5393 2706 5441 est
2748 5385 2962 5456 signum
2987 5424 3003 5450 ,
3047 5381 3193 5455 quod
3222 5395 3321 5450 per
3349 5394 3412 5435 se

1833 5477 1932 5534 alit
1960 5477 2130 5535 ubera
2156 5496 2171 5533 :
2199 5486 2255 5534 et
2283 5475 2433 5550 quod
2476 5477 2533 5531 in
2572 5474 2656 5532 eis
2693 5490 2803 5530 non
2835 5475 2892 5528 in
2922 5488 2982 5529 se
3011 5471 3244 5526 includit
3268 5481 3394 5541 gra-

1830 5571 2005 5639 tiam,
2053 5569 2150 5628 sed
2196 5570 2402 5634 praebet
2444 5568 2734 5641 egentibus
2781 5564 2933 5624 verbi
2977 5562 3309 5628 mamillam,
3353 5567 3410 5618 ot

3089 5839 3176 5944 ³ο
