3854 6216
475 286 579 344 939

1772 284 1831 340 S.
1863 281 2194 339 GREGORII
2230 280 2520 339 NYSSENI

3630 288 3740 342 9η

473 418 735 477 tanquam
770 406 955 462 nutris
989 421 1120 463 suos
1154 405 1300 464 fovet
1330 407 1472 462 ﬁlios
1494 446 1509 470 ,
1553 406 1697 461 sicut
1737 406 1971 459 faciebat
1994 412 2049 460 et

2157 406 2351 477 ἑαυτῆς
2383 407 2569 472 τέκνα,
2610 407 2789 472 καθὼς
2824 409 2996 462 ἐποίει
3043 426 3103 462 τε
3151 410 3248 464 καὶ
3280 408 3463 477 ἔλεγεν
3505 409 3535 461 ό
3572 408 3732 461 Ἀπό-

472 498 688 553 dicebat
715 497 1008 568 Apostolus
1031 499 1098 549 “.
1129 497 1267 553 Cum
1297 507 1477 552 autem
1506 497 1791 568 hucusque
1812 496 2050 551 Verbum

476 591 692 645 laudem
742 589 1095 660 produxisset
1140 592 1509 646 membrorum
1558 589 1852 653 Ecclesiae,
1885 590 1939 644 in
1986 590 2052 643 iis

474 700 596 754 quae
622 684 880 755 deinceps
909 691 1238 754 sequuntur,
1268 684 1437 738 totius
1462 683 1583 752 ejus
1610 683 1863 753 corporis
1888 683 2052 737 simul

478 774 611 828 facit
634 776 979 839 cncomium,
1012 774 1233 845 quando
1286 790 1382 846 per
1432 782 1666 829 mortem
1718 775 2053 829 destruxerit

475 882 601 921 eum
669 867 763 937 qui
813 867 1009 922 mortis
1058 867 1290 921 habebat
1332 867 1622 936 imperium
1657 866 1723 934 ⁶¹,
1755 868 1831 922 et‘
1854 866 2053 919 iterum

478 960 719 1029 seipsum
774 958 1056 1014 reduxerit
1103 958 1171 1012 ad
1221 975 1377 1014 suam
1425 960 1656 1030 gloriam
1706 957 2052 1022 divinitatis,

476 1065 641 1119 quam
688 1049 877 1104 habuit
924 1050 993 1103 ab
1046 1049 1224 1114 initio,
1247 1050 1568 1121 priusquam
1607 1059 1755 1106 esset
1794 1051 2051 1106 mundus.

476 1141 612 1195 Nam
651 1156 775 1194 cum
807 1139 1074 1195 dixisset:
1131 1140 1227 1194 Ibo
1260 1142 1390 1196 mihi
1429 1141 1499 1195 ad
1529 1152 1753 1196 montem
1801 1140 2051 1212 myrrhae,

476 1243 526 1288 et
551 1232 620 1286 ad
658 1232 845 1286 collem
874 1232 1067 1295 thuris,
1094 1232 1295 1303 adjecit
1334 1234 1640 1290 divinitatis
1669 1235 1897 1305 gloriam
1935 1250 2055 1303 ηυδε

478 1325 755 1380 indicatur
789 1341 801 1376 :
837 1323 971 1380 Tota
1001 1325 1226 1395 pulchra
1254 1342 1331 1390 es,
1362 1326 1659 1398 propinqua
1683 1343 1821 1392 mea,
1864 1337 1914 1380 et
1950 1344 2057 1380 ma-

477 1418 600 1472 cula
629 1434 733 1471 non
758 1426 835 1470 est
869 1417 923 1471 in
980 1429 1049 1486 te,
1084 1418 1282 1474 docens
1314 1433 1410 1489 per
1436 1433 1497 1473 ea
1531 1432 1651 1488 quae
1678 1418 1862 1473 ‘dicta
1902 1426 2052 1481 sunt,

476 1510 716 1580 primum
756 1509 902 1579 quod
965 1523 1125 1564 nemo
1164 1509 1231 1565 ab
1282 1511 1402 1580 ipso
1442 1510 1585 1564 tollit
1637 1509 1897 1576 animam,
1959 1510 2054 1565 sed

477 1599 642 1653 habet
682 1606 1005 1668 potestatem
1047 1598 1284 1669 ponendi
1314 1613 1459 1663 eam,
1519 1604 1575 1652 et
1613 1597 1777 1653 habet
1810 1608 2052 1669 potesta-

478 1700 587 1744 tem
649 1706 846 1746 rursus
885 1691 1187 1760 accipiendi
1243 1703 1389 1756 eam,
1443 1690 1549 1746 sibi
1604 1692 1961 1761 proﬁciscens
1985 1692 2052 1746 ad

477 1790 718 1837 montem
762 1782 1017 1852 myrrhae,
1066 1798 1172 1836 non
1203 1798 1272 1837 es
1311 1782 1578 1852 operibus
1617 1784 1842 1847 nostris,
1876 1792 1936 1837 ut
1983 1801 2052 1840 ne

477 1875 744 1945 glorietur
765 1874 932 1938 ullus,
966 1873 1060 1928 sed
1089 1889 1156 1927 ex
1185 1889 1283 1928 sua
1320 1874 1516 1943 gratia,
1550 1874 1860 1944 suscipiens
1911 1890 2051 1931 mor-

476 1975 589 2020 tem
637 1979 737 2035 pro
776 1963 1187 2033 peccatoribus;
1224 1962 1417 2019 deinde
1437 1960 1585 2033 quod
1616 1980 1724 2019 non
1747 1966 1903 2020 aliter
1926 1967 2051 2020 licet

478 2058 732 2113 humanae
766 2069 983 2111 natura:
1013 2055 1238 2126 purgari
1273 2071 1302 2109 a
1327 2055 1561 2119 macula,
1590 2070 1754 2126 quam
1794 2057 1841 2111 si
1877 2072 2051 2127 agnus

460 2151 568 2219 qui
595 2149 1052 2219 tollit‘peccatum
1085 2146 1297 2211 mundi,
1337 2162 1435 2217 per
1465 2162 1526 2203 se
1552 2148 1868 2203 universum
1906 2148 2052 2203 dele-

474 2240 614 2297 verit
651 2241 865 2295 vitium.
905 2239 1010 2305 Qui
1047 2253 1177 2310 ergo
1204 2239 1344 2293 dixit
1371 2258 1384 2292 :
1412 2237 1546 2292 Tota
1576 2237 1799 2306 pulchra
1826 2255 1905 2302 es,
1929 2255 2053 2309 pro-

462 2330 674 2398 .pinqua
707 2344 845 2394 mea,
871 2335 921 2380 et
950 2326 1163 2380 macula
1193 2342 1297 2380 non
1337 2334 1413 2380 est
1458 2325 1516 2380 in
1552 2335 1622 2391 te,
1656 2332 1711 2380 et
1764 2325 2053 2396 subjunsit

474 2421 801 2492 mysterium
839 2417 989 2488 quod
1052 2425 1137 2471 est
1176 2418 1228 2471 in
1270 2416 1551 2487 passione,
1590 2430 1658 2472 ex
1716 2431 1783 2472 eo
1814 2416 1961 2488 quod
1997 2426 2051 2473 et

476 2511 716 2582 myrrhae
751 2507 1089 2579 amigmatis,
1134 2516 1189 2561 et
1247 2506 1445 2563 deinde
1493 2506 1672 2562 thuris
1720 2509 2047 2573 meminerit,

474 2618 572 2673 per
609 2600 756 2671 quod
784 2599 1093 2655 ostenditur
1124 2598 1420 2666 divinitas;
1462 2612 1528 2654 eo
1554 2613 1659 2655 nos
1685 2598 1865 2668 docet,
1903 2601 2047 2671 quod

470 2695 566 2765 qui
591 2709 716 2750 cum
740 2696 862 2765 ipso
895 2692 1060 2748 fuerit
1100 2691 1333 2764 myrrhae
1359 2692 1654 2763 particeps,
1693 2692 1920 2747 omnino
1946 2693 2051 2747 erit

460 2787 636 2843 etiam
666 2786 942 2856 particeps
969 2783 1168 2838 thuris.
1197 2780 1330 2835 Nam
1361 2782 1455 2851 qui
1486 2781 1648 2837 fuerit
1672 2796 1795 2837 cum
1832 2797 1899 2837 eo
1926 2797 2051 2853 pas-

472 2894 592 2944 sus,
617 2878 780 2933 simul
803 2876 968 2930 etiam
996 2872 1519 2946 eongloriﬁcabitur.
1545 2871 1651 2939 Qui
1680 2880 1861 2928 autem
1883 2876 2050 2929 semel

472 2967 639 3025 fuerit
668 2969 725 3024 in
766 2968 937 3039 gloria
993 2966 1197 3033 divina,
1253 2972 1404 3020 totus
1442 2962 1501 3018 ﬁt
1529 2964 1774 3033 pulcher,
1809 2973 2049 3019 remotus

456 3062 541 3116 ab
566 3061 715 3116 omni
746 3059 958 3115 macula
1002 3058 1251 3113 adversa.
1297 3056 1343 3109 A
1372 3070 1479 3127 qua
1510 3070 1610 3110 nos
1640 3071 1858 3125 quoque
1889 3071 2048 3126 sepa-

454 3167 677 3217 remur,
750 3166 846 3220 per
901 3165 1027 3205 eum
1076 3149 1169 3219 qui
1226 3162 1326 3216 pro
1373 3146 1533 3202 nobis
1581 3158 1829 3204 mortuus
1864 3146 1968 3203 fuit
1997 3159 2052 3204 et

479 3244 800 3306 resurrexit,
849 3241 1034 3297 Jcsum
1092 3240 1370 3295 Christum
1426 3237 1714 3293 Dominum
1774 3249 2047 3302 nostrum,

488 3335 579 3389 cui
634 3334 886 3389 COIIVCUII.
922 3334 1092 3403 gloria
1125 3342 1177 3386 et
1208 3330 1498 3394 imperium
1550 3331 1607 3385 in
1641 3334 1838 3388 saecula
1873 3350 2049 3389 saecu-

464 3430 678 3483 Jorum.
705 3427 897 3480 Amen.

1017 3607 1305 3665 IIOMILIA
1346 3610 1480 3665 VIII.

542 3704 675 3758 CAP.
706 3719 779 3766 tv,
809 3718 862 3755 ν.
894 3701 949 3754 8.
1001 3701 1125 3755 Veni
1154 3718 1187 3754 a
1216 3702 1438 3767 Libano,
1477 3718 1691 3771 sponsa,
1730 3704 1841 3755 seni
1882 3720 1912 3754 a
1951 3699 2047 3753 Li-

472 3811 648 3850 oano:
684 3794 874 3856 venies,
923 3802 973 3847 et
1017 3792 1267 3846 transibis
1313 3794 1378 3847 ab
1421 3795 1570 3848 initio
1600 3792 1743 3862 ﬁdei,
1791 3810 1822 3846 a
1884 3794 2047 3860 rapite

466 3888 632 3945 Sanir
668 3898 718 3942 et
772 3887 1027 3954 Hermon,
1062 3904 1089 3940 e
1133 3888 1394 3956 speluncis
1432 3889 1664 3953 leonum,
1708 3903 1736 3942 e
1782 3887 2043 3942 montibus

466 3981 776 4049 pardorum.
803 3979 856 4033 9.
881 3978 985 4033 Cor
1014 3978 1256 4032 indidisti
1273 3976 1441 4047 nobis,
1459 3997 1610 4034 soror
1631 3990 1813 4033 nostra
1829 3997 2041 4049 sponsa.

470 4074 574 4127 Cor
609 4072 852 4126 indidisti
880 4071 1027 4125 nobis
1067 4087 1169 4124 uno
1194 4086 1259 4124 ea:
1289 4072 1453 4125 oculis
1484 4073 1610 4135 tuis,
1642 4081 1693 4125 et
1714 4073 1767 4124 in
1802 4089 1908 4125 una
1935 4083 2043 4126 tor-

464 4183 563 4237 que
589 4166 709 4219 colli
740 4165 836 4219 tui.

538 4258 764 4329 Magnus
798 4256 1111 4327 Apostolus,
1162 4255 1253 4326 qui
1310 4270 1534 4327 magnas
1594 4255 1659 4310 ad
1723 4255 2042 4314 Corinthios

466 4350 743 4406 recensuit
767 4348 1025 4411 visiones,
1055 4348 1123 4402 de
1151 4363 1250 4402 sua
1281 4355 1474 4401 natura
1500 4347 1633 4401 dicit
1664 4362 1724 4403 sc
1766 4350 2038 4414 dubitare,

2157 499 2359 561 στολος.
2410 500 2565 552 Μετά
2595 500 2655 552 δὲ
2683 501 2888 555 τούτων
2912 501 3019 555 τῶν
3062 502 3240 572 μελῶν
3265 504 3362 573 τῆς
3412 500 3734 570 Ἐκκλησιας

2155 588 2487 659 προαγαγὼν
2502 592 2531 643 ό
2557 590 2729 659 Λόγος
2744 592 2834 645 τὸν
2850 592 3089 657 ἔπαινον,
3104 594 3163 646 ἐν
3177 595 3289 657 τοῖς
3313 593 3511 662 ἐφεξῆς
3539 589 3735 644 όλοεώ-

2157 698 2326 749 ματον
2353 685 2585 736 ποιεῖται
2612 683 2782 754 αὐτῆς
2818 684 2879 736 τὸ
2912 683 3206 755 ἐγκώμιον,
3236 687 3364 739 ὅταν
3388 684 3475 740 διὰ
3507 684 3608 737 τοῦ
3639 682 3731 736 θα-

2154 772 2313 824 νάτου
2346 774 2665 846 καταργήσῃ
2695 774 2786 827 τὸν
2813 774 2873 827 τὸ
2899 777 3097 846 κράτος
3122 776 3311 847 ἔχοντα
3342 776 3435 830 τοῦ
3464 775 3733 829 θανιὶτεου⁴

2155 864 2250 916 καὶ
2280 864 2442 917 πάλιν
2482 866 2803 938 ἔπαναγάγῃ
2844 865 3035 919 ἑαυτὸν
3079 868 3217 937 πρὸς
3256 867 3353 937 τὴν
3398 867 3537 920 ἰδίαν
3576 867 3740 934 δόξαν

2154 956 2254 1027 τῆς
2292 954 2566 1025 θεότητος,
2600 956 2669 1027 ἢν
2720 954 2866 1029 εἶχεν
2903 959 2999 1010 ἀπ’
3030 959 3210 1030 ἀρχῆς
3256 959 3362 1030 πρὸ
3397 959 3491 1013 τοῦ
3533 960 3741 1031 κόσμον

2155 1045 2311 1103 εἶναι.
2365 1049 2549 1103 Εἰπὼν
2579 1051 2798 1122 γάρ,ότι
2842 1052 3219 1121 Πορεύσομαι
3253 1050 3489 1121 ἐμαυεῷ
3532 1054 3629 1118 εις
3672 1052 3741 1107 τὸ

2156 1141 2293 1208 ὅρος
2330 1141 2442 1210 τῆς
2473 1144 2769 1211 σμύρνης,
2826 1145 2925 1197 καὶ
2964 1146 3052 1210 εἰς
3094 1144 3203 1199 τὸν
3224 1144 3459 1209 βουνὸν
3484 1143 3599 1200 τοῦ
3641 1146 3740 1200 .1"-

2156 1232 2363 1298 ϐείνου,
2398 1234 2497 1306 τὴν
2533 1232 2691 1297 δόξαν
2719 1234 2818 1303 τῆς
2852 1235 3105 1306 θεότητος
3137 1236 3510 1307 ἐνδειξάμενος
3530 1235 3740 1309 $9061-

2154 1324 2351 1394 θηκεν’
2385 1325 2536 1392 Ὂλη
2590 1324 2746 1392 καλὴ
2794 1322 2868 1387 εἷ,
2911 1328 3183 1392 πλησίον
3219 1327 3361 1397 μοῦ.
3399 1326 3501 1385 καὶ
3529 1325 3742 1397 μῶμος

2155 1418 2265 1469 οὐκ
2298 1415 2471 1471 ἐστιν
2520 1419 2590 1472 ὲν
2640 1418 2760 1479 σοι.
2801 1419 3068 1473 διδάσκων
3118 1420 3207 1474 διὰ
3249 1419 3357 1475 τῶν
3402 1420 3739 1492 domum,

2156 1509 2371 1578 πρῶτον
2426 1509 2522 1579 μὲν
2572 1511 2653 1562 ὅτι
2681 1510 2853 1572 οὐδεὶς
2896 1511 3042 1582 αἴρει
3085 1511 3182 1584 τὴν
3220 1510 3397 1584 ψυχὴν
3438 1511 3609 1568 αὐτοῦ
3640 1512 3741 1568 ἀπ’

2154 1600 2341 1663 αὐτοῦ.
2396 1600 2510 1653 ἀλλ’
2563 1602 2808 1665 ἐξουσίαν
2848 1603 2960 1673 ἔχει
2999 1604 3169 1657 θεῖναι
3204 1603 3394 1676 αὐτὴν,
3433 1604 3531 1659 καὶ
3579 1604 3737 1673 δεου-

2157 1692 2275 1742 σίαν
2320 1690 2433 1761 ἔχει
2465 1693 2627 1745 πάλιν
2671 1693 2853 1746 λαϐεῖν
2899 1694 3086 1765 αὐτὴν,
3138 1695 3741 1769 πορευόμενοξὲαννῷ

2156 1782 2249 1834 ἐπὶ
2277 1781 2337 1834 τὸ
2370 1782 2495 1853 ὅρος
2529 1784 2628 1854 τῆς
2659 1784 2924 1855 σμύρνης,
2954 1786 3056 1838 οὐκ
3085 1788 3152 1839 ὲκ
3178 1785 3289 1839 τῶν
3320 1788 3611 1858 ἡμετέρων
3638 1788 3743 1860 ιρ-

2157 1890 2289 1941 γων,
2322 1873 2411 1928 ἵνα
2437 1875 2511 1946 μή
2544 1892 2628 1938 τις
2670 1878 3029 1947 καυχήσηται,
3079 1876 3191 1930 ἀλλ’
3224 1877 3285 1942 ὲξ
3326 1878 3463 1943 ίδίας
3486 1880 3736 1954 χάριτος,

2155 1967 2245 2018 τὸν
2300 1966 2441 2037 ὑπὲρ
2491 1967 2599 2020 τῶν
2648 1969 2985 2039 ἁμαρτωλῶν
3034 1969 3427 2041 ἀναδεξάμενος
3478 1970 3740 2027 θάνατον’

2155 2059 2339 2114 ἔπειτα
2433 2057 2490 2110 δὲ
2537 2060 2619 2110 ὅτι
2684 2060 2784 2111 οὐκ
2831 2059 2995 2111 ἔστινο
3027 2059 3202 2123 ἄλλως
3247 2060 3586 2134 καθαρθῆναι
3615 2059 3741 2125 ,τοῦ

2160 2147 2349 2218 μώμου
2379 2148 2476 2220 τὴν
2520 2150 2863 2221 ἀνθρωπίνην
2913 2150 3091 2218 φύσιν,
3148 2152 3224 2224 μὴ
3264 2150 3358 2205 τοῦ
3412 2146 3588 2222 itpr
3633 2152 3737 2207 τοῦ

2156 2237 2401 2307 αἴροντος
2424 2239 2521 2308 τὴν
2546 2240 2819 2310 ἁμαρτίαν
2859 2239 2952 2293 τοῦ
2985 2241 3190 2311 κόσμου
3216 2243 3395 2296 πᾶσαν
3435 2242 3505 2296 δι’
3532 2243 3739 2315 luti};

2155 2331 2254 2399 τὴν
2298 2331 2496 2385 κακίαν
2542 2332 2980 2400 ὲξαφανίσαντος.
3014 2333 3203 2388 Τοίνυν
3241 2333 3432 2398 εἰπὼν,
3458 2336 3544 2389 ὅτι
3575 2335 3737 2405 Ὅλη

2156 2420 2315 2490 καλὴ
2346 2418 2421 2486 εἴ,
2457 2424 2724 2490 πλησίον
2757 2424 2898 2493 μοῦ,
2935 2424 3035 2479 καί
3078 2422 3283 2494 μῶμος
3312 2427 3425 2480 οὐκ
3452 2427 3632 2481 ἔστιν
3667 2426 3742 2482 ἂν

2155 2512 2257 2567 σοί
2279 2530 2293 2544 ’
2338 2514 2431 2567 καὶ
2460 2512 2756 2583 ἐπαγαγὼν
2791 2515 2851 2569 τὸ
2894 2516 3036 2570 κατὰ
3082 2516 3146 2569 τὺ
3191 2516 3359 2582 πάθος
3407 2519 3738 2590 μυστήριον,

2155 2603 2246 2657 διὰ
2287 2602 2379 2657 τοῦ
2428 2605 2569 2657 κατὰ
2623 2604 2721 2675 τὴν
2772 2604 3017 2675 σμύρναν
3068 2606 3424 2676 αἰνίγματος,
3479 2604 3605 2663 εἶτα
3640 2608 3742 2662 τσῦ

2155 2686 2372 2742 λιϐάνου
2430 2690 2722 2761 μνησθεὶς,
2772 2691 2858 2744 δι’
2918 2686 2980 2745 οὗ
3034 2692 3096 2746 τὸ
3154 2693 3296 2748 θεῖον
3358 2695 3737 2751 ἐνδείκνυταιο

2152 2780 2327 2852 τούτῳ
2383 2782 2626 2837 παιδεύει
2668 2786 2845 2855 ήμᾶς,
2902 2786 2985 2839 ὅτι
3028 2787 3057 2839 ὀ
3107 2786 3521 2859 συμμετασχὼνη
3580 2790 3740 2862 αὑτᾷ

2153 2875 2255 2944 τῆς
2302 2874 2566 2946 σμύρνης,
2618 2876 2948 2946 συμμεθέξει
2997 2880 3215 2944 πάντως
3275 2880 3373 2934 καὶ
3424 2880 3522 2935 τοῦ
3577 2880 3737 2939 λιϐό-

2154 2981 2267 3018 νου.
2324 2965 2383 3018 Ὀ
2430 2964 2538 3036 γάρ
2599 2967 2896 3036 συμπαθὼν
2940 2968 3032 3022 καὶ
3061 2970 3436 3038 συνδοξάξεται
3486 2974 3728 3042 πάγης.

2167 3054 2226 3107 Ὀ
2253 3055 2311 3109 δὲ
2341 3056 2489 3120 ἅπαξ
2516 3060 2574 3110 ἐν
2610 3061 2675 3129 τῇ
2709 3058 2827 3130 θείᾳ.
2859 3059 2984 3133 δόξῃ
3021 3064 3334 3135 γενόμενος,
3362 3064 3488 3130 ὅλος
3520 3067 3734 3137 γίνεται

2154 3148 2315 3212 καλὸς
2333 3189 2347 3214 ,
2402 3149 2507 3217 ἔξω
2562 3150 2657 3204 τοῦ
2717 3153 3094 3226 ἀντικειμένου
3158 3155 3351 3227 μώμου
3415 3158 3733 3232 γενόμενος.

2151 3236 2226 3295 θῦ
2286 3242 2379 3295 καὶ
2438 3245 2597 3313 ἡμεῖς
2647 3246 3046 3318 χωρισθείημεν
3099 3249 3189 3304 διά
3228 3248 3323 3304 τοῦ
3378 3250 3737 3326 bitser

2150 3332 2512 3397 ἀποθανόντος
2535 3336 2627 3388 καὶ
2655 3336 2974 3408 ὲγερθέντος
3015 3340 3252 3412 Χριστοῦ
3294 3343 3470 3415 Ἰησοῦ
3494 3343 3597 3399 τοῦ
3620 3346 3742 3401 Ke-

2155 3426 2270 3495 ρίου
2300 3424 2478 3496 ἡμῶν,
2509 3419 2554 3493 ᾧ
2583 3427 2785 3497 πρέπει
2819 3429 2852 3499 ή
2893 3428 3021 3494 δόξα
3046 3431 3140 3485 καὶ
3171 3432 3233 3486 τὸ
3267 3432 3470 3504 κράτος
3497 3436 3585 3500 εις
3606 3435 3741 3500 τοὺς

2149 3514 2351 3579 αἰῶνας
2378 3516 2487 3570 τῶν
2510 3517 2740 3574 αἰώνων.
2792 3521 2985 3592 Ἀμήν.

2751 3613 2997 3666 ΟΜΙΛΙΑ
3045 3614 3130 3667 H'.

2218 3700 2400 3769 Δεῦρο
2443 3702 2561 3756 ἀπὸ
2598 3701 2880 3765 Λιϐάνου,
2914 3707 3139 3776 νύμφη,
3173 3706 3351 3777 δεῦρο
3395 3707 3518 3764 ἀπὸ
3558 3711 3740 3766 Λισὸ-

2147 3808 2258 3844 νου
2280 3808 2292 3822 ·
2324 3792 2574 3860 ἐλεύσῃ.
2608 3794 2706 3846 καὶ
2742 3793 3025 3866 διελεύσῃ
3067 3797 3170 3852 ἀπ’
3214 3797 3410 3868 ἀρχῆς
3445 3799 3735 3866 πίστεως,

2148 3881 2265 3935 ἀπὸ
2306 3882 2579 3951 κεφαλῆς
2622 3885 2825 3953 Σανὴρ
2859 3887 2958 3940 καὶ
3011 3887 3254 3956 Ἑρμὼν,
3300 3888 3420 3941 ἀπὸ
3450 3889 3740 3961 μανδρῶν

2146 3974 2441 4038 λεόντων,
2484 3974 2604 4028 ἀπὸ
2648 3962 2841 4043 ’ὀρέων
2897 3976 3265 4046 παρδάλεων.
3332 3979 3739 4049 Ἐκαρδίωσης

2146 4063 2332 4133 ἡμᾶς,
2365 4066 2600 4136 ἀδελφή
2639 4086 2759 4137 μου
2785 4069 2990 4138 νύμφη
3011 4086 3024 4098 ·
3056 4070 3427 4138 ἐκαρδίωσας
3453 4072 3616 4141 ἡμᾶς
3644 4076 3739 4129 ἐνὶ

2144 4158 2263 4213 ἀπὸ
2284 4158 2608 4228 ὀφθαλμῶν
2626 4161 2840 4221 σου,ὲν
2851 4159 3239 4229 μιᾷένθέμίιτι
3268 4160 3575 4230 τραχήλου
3591 4181 3735 4220 σου.

2227 4251 2285 4305 Ὀ
2338 4251 2438 4313 τὰς
2488 4252 2729 4322 μεγάλας
2773 4252 3041 4315 ὀπτασίας
3088 4251 3372 4316 διεξελθὼν
3424 4253 3565 4323 πρὸς
3606 4258 3738 4320 τοὺς

2145 4338 2488 4408 Κορινθίους,
2534 4343 2563 4394 ὁ
2597 4340 2770 4411 μέγας
2811 4342 3152 4407 Ἀπόστολος,
3186 4343 3275 4395 ὅτε
3306 4342 3400 4395 καὶ
3429 4344 3735 4414 ἀμφίϐολος

467 4449 683 4498 essetne
737 4455 939 4509 corpus
987 4454 1054 4492 an
1107 4439 1478 4509 intelligentia,
1525 4447 1767 4510 tempore
1827 4442 2042 4497 traditae

2157 4433 2275 4503 περὶ
2306 4432 2407 4503 τῆς
2439 4434 2635 4487 ἑαυτοῦ
2666 4433 2880 4503 φύσεως
2907 4433 3106 4506 ἔφησεν
3123 4431 3281 4499 εἶναι,
3307 4437 3419 4489 εῐτε
3452 4436 3620 4508 σῶμα
3642 4434 3733 4510 ἦν,

469 4529 616 4582 illius
647 4528 713 4581 ad
742 4527 999 4598 mysteria
1029 4527 1448 4582 iutroductionis
1468 4548 1495 4587 ηε
1516 4526 1664 4592 Haec,
1700 4528 1898 4599 inquit,
1957 4541 2038 4587 tc-

2157 4525 2251 4577 είτε
2283 4524 2484 4596 νόημα,
2505 4527 2561 4578 ἐν
2582 4525 2661 4597 τῷ
2679 4526 2856 4598 καιρῷ
2884 4526 2984 4598 τῆς
3008 4529 3067 4582 ἐν
3095 4529 3174 4598 τῷ
3188 4528 3499 4601 παραδείσῳ
3525 4550 3735 4601 μυστα-

468 4619 696 4683 stiﬁcor,
725 4618 869 4689 quod
897 4634 983 4672 me
1003 4618 1243 4672 nondum
1275 4619 1512 4674 arbitror
1537 4621 2038 4690 comprehendisse,

2157 4616 2387 4686 τωγίας,
2414 4612 2584 4669 ταῦτα
2620 4612 3117 4688 διαμαρτυρόμενος
3159 4615 3325 4688 λέγει,
3353 4620 3434 4674 ὅτι

466 4710 563 4765 sed
596 4710 663 4764 ad
683 4724 748 4765 ea
775 4725 895 4780 quae
916 4718 1044 4765 sunt
1072 4710 1349 4764 anteriora
1381 4711 1667 4776 ostendor,
1707 4727 1894 4768 eorum
1920 4731 2041 4781 quae

2157 4707 2297 4763 ιῦπω
2324 4708 2613 4780 λογίζομαι
2639 4710 3043 4781 κατειληφέναι,
3060 4710 3270 4766 ἀλλ’ἔτι
3288 4716 3402 4777 τοῖς
3419 4714 3733 4787 ἔμπροσθεν

466 4807 620 4877 prius
684 4816 901 4875 peracta
939 4813 1068 4860 sunt
1130 4804 1570 4871 obliviscens“;
1606 4804 1818 4859 scilicet
1876 4807 2039 4860 etiam

2157 4799 2548 4871 taexrsivouat,
2564 4800 2675 4854 τῶν
2704 4801 3180 4873 προδιηνυσμένων
3195 4802 3366 4875 λήθην
3382 4805 3540 4859 ποιού
3548 4824 3729 4877 μενος,

464 4906 588 4967 post
626 4896 843 4950 tertium
876 4893 1009 4948 illud
1047 4893 1247 4948 caelum
1295 4891 1441 4963 quod
1480 4892 1597 4961 ipse
1664 4895 1817 4950 solus
1883 4896 2038 4950 novit

2157 4891 2305 4963 Βῆλον
2349 4893 2430 4946 ὅτι
2480 4894 2574 4946 καὶ
2605 4894 2741 4964 μετά
2777 4893 2868 4947 τὸν
2908 4894 3091 4965 τρίτον
3134 4894 3362 4966 ούρανδν
3405 4899 3641 4963 ἐκεῖνον,
3674 4900 3731 4953 ὃν

465 4989 679 5059 (neque
708 4986 852 5040 cnim
868 4986 1089 5056 Moyses
1117 4984 1186 5039 de
1213 4984 1547 5038 eonarravit
1579 4984 1634 5038 in
1666 4986 1853 5040 mundi
1886 5001 2039 5043 crea—

2157 4985 2309 5049 ιὺτὸς
2346 4984 2488 5056 ἔγνω
2538 4987 2698 5057 μόνος
2722 5004 2737 5019 ·
2771 4988 2833 5041 οὐ
2866 4988 2976 5059 γάρ
3014 5006 3065 5041 τι
3108 4986 3350 5061 Μωῦσῆς
3398 4993 3532 5062 περὶ
3563 4994 3727 5048 αὑτοῦ

460 5082 691 5147 tione};
724 5086 779 5134 et
810 5085 1097 5149 postquam
1134 5075 1343 5131 audivit
1371 5090 1571 5131 arcana
1613 5078 1892 5148 mysteria,
1934 5079 2033 5134 ad-

2157 5077 2205 5130 ὲν
2230 5080 2296 5149 τῇ
2329 5076 2685 5150 κοσμογενείᾳ
2703 5078 3029 5151 διηγήσατο·
3058 5081 3152 5134 καὶ
3186 5081 3323 5150 μετά
3349 5082 3450 5153 τὴν
3485 5083 3725 5156 ἄρρητον

459 5174 567 5227 huc
599 5171 763 5225 altius
791 5171 987 5239 pergit,
1018 5177 1074 5224 et
1107 5183 1214 5223 non
1245 5177 1426 5223 cessat
1462 5168 1785 5232 ascendere,
1829 5170 2033 5225 bonum

2157 5168 2251 5222 τῶν
2279 5167 2372 5223 τοῦ
2403 5170 2732 5242 παραδείσου
2767 5170 3080 5242 μυστηρίων
3108 5172 3391 5243 ἀκρόασιν,
3435 5174 3516 5227 ἔτι
3548 5176 3646 5229 ἐπὶ
3670 5177 3725 5229 τὸ

455 5261 599 5331 quod
632 5258 1112 5328 comprehenditur
1142 5274 1421 5329 nunquam
1449 5273 1572 5314 esse
1597 5259 1806 5314 ducens
1845 5261 2037 5315 termi-

2157 5259 2414 5330 ὶνώτερον
2446 5260 2602 5326 ἵεται,
2639 5263 2733 5316 καὶ
2776 5264 2836 5315 ού
2883 5262 3042 5334 λήγει
3068 5264 3171 5334 τῆς
3200 5264 3540 5331 ἀναϐάσεως,
3576 5268 3721 5322 οὐδέ-

454 5369 585 5407 num
619 5350 977 5423 cupiditatis:
1015 5366 1109 5420 per
1142 5351 1277 5415 haec,
1312 5359 1371 5405 ut
1398 5350 1615 5420 opinor,
1668 5365 1769 5405 nos
1801 5351 2030 5416 docens,

2157 5367 2271 5404 more
2313 5351 2375 5405 τὸ
2414 5351 2963 5423 καταλαμϐανόμενον
3003 5353 3210 5422 ἀγαθὸν
3239 5357 3365 5426 ὅρον
3395 5355 3498 5426 τῆς
3534 5358 3721 5411 ἐπιθυ-

452 5444 606 5513 (ιιιοᾱλ
639 5446 813 5500 beata:
839 5444 987 5501 illius
1012 5446 1280 5500 bonorum
1309 5452 1519 5498 natura:
1540 5443 1777 5498 multum
1808 5444 2027 5515 quidem

2157 5444 2268 5508 ιίας
2301 5443 2643 5516 πριούμενος,
2679 5442 2968 5509 διδάσκων,
2997 5437 3173 5514 οἶμαι,
3202 5445 3291 5500 διὰ
3312 5443 3521 5500 τούτων
3555 5447 3719 5518 ἡμᾶς,

458 5543 540 5587 est
571 5536 718 5605 quod
756 5537 1072 5605 invenitur;
1124 5535 1353 5591 infinitis
1415 5542 1598 5590 autem
1656 5535 1906 5606 partibus
1946 5545 2030 5592 est

2157 5539 2216 5591 ἑτι
2248 5538 2349 5609 τῆς
2382 5537 2659 5611 μακαρίας
2690 5536 2908 5609 ἐκείνης
2932 5537 3042 5592 τῶν
3063 5537 3286 5608 ἀγαθῶν
3330 5536 3553 5608 φύσεως
3589 5535 3717 5595 πολῦ

520 5714 838 5775 ’⁸⁸1Τιιεεε.
879 5721 1029 5785 ιι,’“1.
1106 5720 1151 5753 εί
1186 5717 1232 5773 ll
1260 5718 1389 5776 Cor.
1422 5735 1522 5785 ut,
1552 5720 1570 5774 l
1612 5735 1766 5789 seqq.
1845 5719 1889 5753 ⁶¹
1920 5716 2049 5775 Phili

2157 5760 2159 5770 ι
2192 5732 2278 5789 ιιι,
2307 5719 2389 5775 I5.
