3854 6216
55 340 172 394 9η

1118 336 1184 392 IN
1207 333 1504 394 CANTFCA
1536 327 1810 394 CANTIC.
1853 336 2142 391 IIURIILIA
2177 335 2317 392 VIII.

3245 336 3352 392 M9

60 449 186 521 μέν
241 451 357 503 ἐστι
407 451 468 504 1:6
521 451 608 504 ἀεὶ
659 448 1075 522 εὑρισκόμενον·
1136 451 1561 523 ἀπειροπλάσιον
1617 449 1673 504 δὲ

1793 451 1958 520 uajus
1983 451 2127 520 quod
2158 456 2331 504 restat
2368 446 2611 518 quolibet
2639 447 2783 518 quod
2843 431 3358 518 comprehenditur}

56 539 172 594 τοῦ
240 541 470 594 πάντοτε
529 541 1086 614 καταλαμϐανομένου
1134 542 1196 596 τὸ
1259 543 1673 612 ὑπερκείμενον,

58 634 171 687 καὶ
216 633 375 687 τοῦτο
408 636 490 698 εἰς
521 635 582 688 τὸ
628 635 876 706 διηνεκὲς
923 635 1134 703 γίνεται
1161 634 1240 705 τῷ
1281 635 1580 706 μετέχοντι,
1616 635 1674 687 ἐν

61 729 238 798 πάσῃ
271 730 341 797 τῇ
372 727 480 780 τῶν
513 727 728 781 αἰώνων
758 727 1019 798 ἀῖδιότητι
1039 727 1129 781 διά
1161 727 1268 780 τῶν
1289 727 1378 779 ἀεὶ
1415 723 1676 796 μειζόνων

61 820 179 889 τῆς
229 819 584 890 ἐπαυξήσεως
637 823 749 883 τοῖς
799 821 1086 892 μετέχουσι
1121 821 1430 890 γινομένης.
1485 819 1541 870 '0
1577 817 1675 886 μὲν

62 911 191 980 γὰρ
251 911 492 981 καθαρὸς
545 912 646 982 τὴν
689 912 935 982 καρδίαν,
985 911 1125 964 κατά
1168 911 1267 981 τὴν
1321 908 1528 978 ἀψευδῆ
1579 907 1673 960 τοῦ

60 1004 361 1056 Δεσπὸτου
403 1003 606 1075 φωνὴν,
643 1005 747 1076 ὁρᾷ
781 1003 872 1057 τὸν
915 1003 1068 1056 Θεὸν.
1113 1004 1201 1057 ἀεὶ
1233 1001 1374 1056 κατά
1419 1001 1517 1070 τὴν
1546 1001 1676 1053 ἀνα-

60 1092 277 1160 λογίαν
306 1094 406 1163 τῆς
433 1092 738 1163 δυνάμεως,
778 1093 900 1146 ὅσον
933 1093 1180 1164 χωρῆσαι
1205 1093 1450 1156 δύναται,
1490 1089 1676 1144 τοσοῦ-

60 1202 168 1238 τον
197 1185 306 1256 τὴν
336 1185 664 1254 κατανόησιν
691 1184 996 1255 δεχόμενος.
1041 1185 1114 1238 Τὸ
1159 1184 1258 1254 μέν
1300 1201 1383 1236 τοι
1425 1182 1675 1253 ἀόριστόν

59 1295 129 1330 τε
183 1278 289 1330 καὶ
323 1276 696 1348 ἀπερίληπτον
741 1277 841 1345 τῆς
888 1277 1143 1348 θεότητος
1189 1276 1451 1330 ἐπέκεινα
1495 1275 1675 1343 πάσης

62 1369 452 1440 καταλήψεως
491 1369 756 1440 διαμένει.
803 1363 879 1424 Οὑ
911 1370 1023 1442 γὰρ
1061 1371 1160 1442 τῆς
1205 1367 1676 1440 μεγαλοπρεπείας

61 1461 178 1530 τῆς
224 1459 389 1530 δόξης
415 1460 514 1512 οὑκ
543 1459 658 1514 ἔστι
697 1460 891 1532 πέρας,
939 1458 1123 1524 καθὼς
1151 1463 1178 1514 6
1207 1461 1499 1530 Προφήτης
1536 1474 1674 1529 μαρ-

62 1551 333 1622 τύρεται,
370 1550 528 1603 τοῦτο
564 1551 797 1605 πάντοτε
840 1550 1103 1615 ὡσαύτως
1135 1550 1269 1621 ἔχει,
1317 1552 1376 1603 ὲν
1421 1549 1498 1620 τῷ
1528 1547 1676 1618 αὑτῷ

63 1642 210 1712 ὕψει
239 1641 536 1705 διαπαντὸς
564 1642 956 1714 θεωρούμενον.
992 1643 1204 1714 Ὥσπερ
1244 1643 1301 1695 δὲ
1329 1643 1422 1696 καὶ
1445 1644 1472 1696 6
1505 1643 1676 1712 μέγας

62 1731 252 1786 Δαϐιδ
277 1734 308 1784 6
340 1732 437 1797 τὰς
459 1731 629 1794 καλὰς
658 1732 952 1796 ἀναϐάσεις
975 1735 1034 1786 ἐν
1055 1735 1121 1805 τῇ
1154 1733 1350 1805 καρδίᾳ
1369 1732 1673 1802 τιθέμενος,

1774 554 1828 598 et
1852 543 1953 598 hoc
1991 543 2050 596 ﬁt
2085 549 2348 612 perpetuo
2371 542 2420 596 ei
2454 540 2548 610 qui
2579 546 2664 595 est
2695 540 2844 606 illius
2887 540 3183 612 particeps,
3225 555 3350 594 cum

1776 635 1829 688 in
1864 635 2118 688 universa
2149 633 2474 688 saeculorum
2507 632 2816 687 aeternitate
2853 646 2953 702 per
2974 646 3038 687 ea
3072 646 3197 701 quae
3222 638 3350 686 sunt

1774 724 1984 793 majora
2047 740 2262 795 semper
2329 723 2419 777 ﬁat
2487 733 2838 793 augmentum
2912 722 2981 777 iis
3045 725 3140 792 qui
3224 727 3350 775 sunt

1777 818 2090 886 participes.
2123 815 2257 870 Nam
2291 817 2378 870 ille
2411 815 2629 886 quidem
2665 815 2872 870 mundo
2899 817 3065 871 corde
3088 816 3155 879 ⁸⁸,
3219 831 3351 869 con-

1775 917 2036 978 gruenter
2063 910 2178 961 voci
2209 908 2444 970 Domini,
2502 907 2672 962 Deum
2738 925 2958 979 semper
2990 907 3159 971 videt,
3218 923 3352 962 con-

1775 998 2055 1051 venienter
2085 997 2283 1049 virium
2331 998 2701 1066 proportioni,
2743 1007 3006 1067 quantum
3051 1005 3230 1068 potest
3263 1012 3352 1050 ca-

1775 1104 1926 1159 pere,
1962 1097 2171 1143 tantum
2201 1089 2508 1158 suscipiens
2548 1090 2718 1144 animi
2760 1090 3091 1160 cognitione.
3147 1089 3202 1145 ld
3231 1091 3354 1161 qui-

1775 1180 1900 1235 dem
1927 1187 2074 1235 certe
2110 1180 2416 1236 divinitatis
2451 1181 2597 1250 quod
2645 1182 2882 1235 termino
2935 1190 3108 1243 caret,
3156 1190 3209 1237 et
3267 1191 3354 1238 est

1776 1271 2353 1342 incomprehensibile,
2412 1279 2598 1326 manet
2665 1273 2807 1326 ultra
2867 1287 3084 1326 omnem
3156 1273 3353 1328 mentis

1778 1368 2214 1435 conceptionem.
2255 1366 2313 1420 ld
2357 1367 2540 1432 enim,
2578 1367 2738 1435 cujus
2793 1366 3205 1437 magniﬁcentiae
3233 1367 3354 1438 glo-

1777 1455 1872 1509 riae
1901 1470 2012 1513 non
2063 1465 2150 1510 est
2189 1455 2335 1521 ﬁnis,
2376 1455 2518 1510 sicut
2560 1463 2795 1512 testatur
2834 1454 3108 1525 Pr0pheta
3133 1455 3200 1518 “,
3250 1455 3356 1509 hoc

1777 1547 2003 1603 omnino
2033 1548 2289 1604 similiter
2317 1565 2378 1604 se
2438 1549 2600 1604 habet
2633 1557 2894 1618 perpetuo
2944 1546 3356 1602 consideratum

1777 1636 1832 1692 in
1867 1638 2053 1693 eadem
2078 1639 2386 1695 altitudine.
2423 1639 2705 1706 Quomodo
2736 1641 2900 1694 etiam
2929 1655 3160 1709 magnus
3187 1639 3356 1694 David

1779 1730 1834 1784 in
1869 1731 2033 1786 corde
2060 1731 2316 1800 pulchras
2345 1731 2643 1802 disponens
2673 1732 3045 1794 ascensiones,
3084 1739 3139 1786 et
3181 1747 3210 1784 a
3245 1732 3358 1785 vir-

63 1824 174 1880 καὶ
210 1825 280 1876 ἐκ
313 1822 598 1892 δυνάμεως
621 1825 701 1887 είς
733 1822 961 1896 δύναμιν
989 1824 1077 1878 ἀεὶ
1111 1825 1494 1895 πορευόμενος,
1521 1823 1680 1877 τοῦτο

1793 1831 1900 1878 Lute
1937 1825 2228 1880 ambulans
2252 1825 2306 1879 in
2334 1825 2593 1879 virtutem
2615 1825 2683 1890 ⁸³,
2719 1824 2823 1880 hoc
2859 1824 2926 1879 ad
2967 1823 3135 1878 Deum
3168 1827 3356 1880 exclao

62 1915 228 1984 πρὸς
257 1913 352 1966 τὸν
381 1913 512 1966 Θεὸν
541 1912 804 1984 ἀνεϐόησε
823 1928 838 1942 °
860 1913 1036 1971 τὸνΣὺ
1067 1912 1136 1966 δὲ
1171 1913 1432 1982 ὕψιστος
1464 1916 1550 1977 εἰς
1573 1915 1682 1966 τὸν

60 2004 300 2068 αἰῶνα,
337 2005 548 2072 Κύριε·
586 2003 762 2066 τοῦτο,
800 1997 973 2074 οἶμαι,
1009 2003 1099 2058 διὰ
1134 2004 1236 2074 τῆς
1265 2007 1447 2075 φωνῆς
1479 2006 1683 2075 ταύτης

65 2097 399 2169 σημαίνων,
429 2096 513 2149 ὅτι
542 2097 600 2148 ἐν
637 2095 787 2166 πάσῃ
813 2098 878 2166 τῇ
913 2095 1269 2166 ἀτελευτήτου
1299 2097 1494 2160 αἰῶνος
1518 2095 1682 2150 ἀῖδιό-

63 2205 238 2258 τητι,
269 2188 300 2239 6
345 2187 443 2257 μὲν
493 2186 629 2256 πρὸς
668 2187 726 2239 σὲ
755 2187 964 2258 τρέχων
991 2187 1185 2240 ἑαυτοῦ
1220 2187 1419 2258 μείζων
1450 2188 1680 2241 πάντοτε

64 2281 177 2336 καὶ
211 2277 492 2348 ἀνώτερος
522 2279 754 2348 γίνεται,
789 2279 878 2334 ἀεὶ
904 2278 995 2331 διὰ
1032 2279 1132 2350 τῆς
1159 2279 1267 2332 τῶν
1301 2279 1522 2348 ἀγαθῶν
1546 2281 1680 2334 ἀνα-

64 2373 310 2434 ϐάσεως
361 2371 640 2440 ἀναλόγως
685 2371 1068 2442 αὐξανόμενος.
1123 2373 1196 2425 Σὺ
1246 2371 1304 2425 δὲ
1355 2375 1385 2425 ὁ
1433 2373 1594 2434 αὑτὸς
1634 2367 1686 2425 εἷ

67 2465 344 2536 ὕψιστος,
376 2465 455 2526 είς
498 2462 591 2516 τὸν
623 2463 797 2517 αἰῶνα
827 2465 1025 2534 μένων,
1055 2463 1304 2516 υὺδέποτε
1335 2460 1685 2533 χθαμαλὼτεο

69 2576 178 2628 ρος
235 2559 352 2619 τοῖς
405 2555 613 2609 ἀνιοῦσι
664 2556 896 2625 φανῆναι
943 2555 1264 2626 δυνάμενος,
1313 2554 1392 2623 τῷ
1439 2553 1582 2607 κατά
1624 2553 1685 2606 τὸ

68 2653 207 2705 [σον
237 2649 513 2720 ἀνώτερος
543 2649 774 2702 πάντοτε
800 2650 893 2702 καὶ
919 2648 1251 2720 ὑψηλότερος
1281 2643 1419 2700 εἶναι
1450 2647 1548 2718 τῆς
1576 2645 1684 2698 τῶν

68 2741 422 2812 ὑψουμένων
450 2741 751 2810 δυνάμεως.
782 2739 966 2793 Ταῦτα
987 2739 1162 2793 τοίνυν
1188 2740 1316 2809 περὶ
1347 2739 1446 2808 τῆς
1473 2737 1685 2806 φύσεως

66 2834 197 2887 τῶν
239 2833 541 2903 ἀφράστων
578 2831 800 2901 ἀγαθῶν
844 2832 1194 2902 δογματίζειν
1240 2831 1328 2884 τὸν
1369 2829 1686 2884 Ἀπόστολον

70 2922 488 2993 ὑπειλήφαμεν
525 2923 774 2992 λέγοντα,
809 2923 890 2977 ὅτι
935 2924 998 2976 τὸ
1043 2923 1245 2991 ἀγαθὸν
1277 2924 1451 2975 έκεῖνο
1478 2921 1684 2989 ὀφθαλ-

71 3017 194 3087 μὸς
229 3016 337 3068 οὐκ
365 3010 491 3075 οἶδε,
521 3015 626 3069 κᾶν
655 3015 744 3069 ἀεὶ
777 3015 968 3086 βλέπῃ.
1001 3015 1076 3068 Ού
1124 3014 1231 3085 γὰρ
1264 3013 1386 3066 ὅσον
1423 3014 1540 3065 ἐστὶ
1566 3012 1686 3082 βλέ-

71 3125 209 3164 πει,
249 3104 366 3157 ἀλλ’
405 3107 528 3158 ὅσον
560 3105 639 3174 τῷ
687 3103 951 3174 ὀφθαλμῷ
982 3105 1206 3158 δυνατόν
1254 3106 1371 3156 ἐστι
1405 3102 1680 3167 δέξασθαι.

1781 1915 1986 1970 mavit:
2022 1921 2096 1972 Tu
2149 1928 2323 1973 autem
2379 1920 2662 1974 altissimus
2712 1921 2766 1973 in
2817 1927 3065 1973 internum
3120 1933 3192 1978 es,
3251 1916 3359 1968 Dn-

1778 2008 1951 2060 mine:
2007 2019 2105 2074 per
2132 2003 2274 2060 hanc
2304 2020 2511 2068 vocem,
2546 2012 2607 2060 ut
2633 2004 2889 2071 arbitror,
2925 2003 3263 2076 signiﬁcans.
3301 2005 3356 2058 in

1781 2094 2037 2149 universa
2065 2095 2251 2150 saeculi
2285 2094 2431 2165 quod
2462 2110 2746 2165 nunquam
2785 2094 2985 2151 desinit
3032 2097 3356 2159 aeternitate,

1783 2186 1876 2255 qui
1919 2187 1984 2242 ad
2045 2195 2098 2242 te
2125 2187 2344 2258 quidem
2371 2187 2572 2252 currit,
2601 2202 2823 2258 semper
2852 2188 3036 2258 seipso
3075 2187 3251 2257 major
3301 2188 3359 2242 ﬁt

1781 2286 1836 2333 et
1859 2277 2150 2340 excelsior,
2182 2293 2278 2347 per
2334 2277 2604 2332 bonorum
2649 2291 2938 2334 ascensum
2970 2277 3361 2333 convenienter

1781 2384 1895 2424 suae
1928 2368 2266 2439 proportioni
2308 2383 2525 2440 semper
2557 2383 2837 2425 crescens.
2887 2367 2970 2424 Tu
3000 2375 3181 2424 autem
3211 2367 3357 2423 idem

1782 2477 1842 2516 es
1877 2461 2198 2528 altissimus,
2262 2463 2318 2518 in
2381 2471 2648 2518 aeternum
2686 2478 2938 2526 manens,
2989 2478 3168 2533 neque
3205 2471 3363 2533 potes

1784 2553 1873 2610 his
1928 2554 2025 2624 qui
2076 2555 2384 2610 ascendunt
2421 2553 2652 2609 inferior
2683 2554 2878 2621 videri,
2935 2569 3004 2610 eo
3035 2554 3181 2624 quod
3241 2555 3362 2625 pari

1785 2645 1996 2700 ratione
2044 2660 2261 2715 semper
2295 2647 2566 2702 excelsior
2623 2647 2700 2702 sis
2756 2661 2946 2701 eorum
2984 2645 3210 2712 virtute,
3265 2645 3363 2715 qui

1785 2739 2118 2793 exaltantur.
2151 2737 2277 2793 Haec
2306 2755 2438 2810 ergo
2471 2737 2537 2794 de
2563 2738 2918 2794 ineffabilium
2952 2738 3222 2793 bonorum
3267 2753 3368 2792 na-

1786 2838 1910 2895 tura
1956 2839 2198 2886 statuere
2247 2831 2629 2886 existimamus
2687 2831 3008 2902 Apostolum
3069 2830 3364 2896 dicentem,

1788 2921 1990 2975 bonum
2028 2921 2161 2975 illud
2199 2922 2345 2992 quod
2384 2923 2577 2978 oculus
2625 2937 2736 2976 non
2781 2922 2954 2987 vidit,
2983 2922 3198 2978 etiamsi
3223 2938 3369 2979 sem-

1786 3028 1884 3082 per
1936 3012 2139 3068 videat.
2207 3012 2325 3068 Non
2396 3015 2540 3069 enim
2596 3014 2746 3070 videt
2788 3024 3052 3084 quantum
3113 3021 3220 3078 est,
3269 3013 3369 3070 sed

1788 3115 2051 3176 quantum
2077 3119 2272 3175 capere
2305 3114 2482 3176 potest
2516 3107 2727 3161 oculus.
2762 3105 2827 3159 Et
2856 3106 3008 3162 auris
3044 3120 3155 3161 non
3196 3105 3371 3160 audi-

70 3199 206 3250 Ka‘t
239 3191 338 3258 οὖς
365 3197 465 3249 οὑκ
493 3198 714 3268 ἤκουσε,
763 3197 886 3250 καθ’
916 3198 1041 3250 ὅσον
1079 3198 1196 3250 ἐστὶ
1241 3197 1301 3249 τὸ
1337 3196 1685 3267 δηλούμενον,

1793 3197 1888 3260 vit,
1927 3197 2054 3252 licet
2089 3199 2278 3252 audiat
2311 3207 2572 3268 quantum
2604 3198 2658 3253 id
2694 3197 2840 3268 quod
2896 3198 3262 3268 signiﬁcatur,
3310 3207 3372 3254 et

71 3288 198 3343 κᾶν
256 3287 489 3342 πάντοτε
537 3288 758 3359 δέχηται
794 3293 860 3361 τῇ
910 3290 1045 3360 ἀκοῇ
1080 3289 1173 3342 τὸν
1212 3289 1368 3358 λόγον
1386 3307 1398 3318 ·
1455 3291 1548 3343 καὶ
1592 3291 1684 3343 ἐπὶ

71 3380 334 3452 καῴίαν
376 3379 469 3433 τοῦ
508 3380 796 3451 ἀνθρώπου
829 3383 931 3435 οὐκ
959 3381 1147 3450 ἀνέϐη,
1181 3381 1286 3435 κᾶν
1325 3381 1613 3445 διαπαντὸς
1657 3381 1687 3433 6

72 3470 348 3542 καθαρὸς
373 3474 440 3543 τῇ
479 3472 681 3543 καρδίᾳ
725 3473 850 3526 ὅσον
876 3472 1098 3526 δύναται
1127 3472 1298 3545 βλέπῃ
1319 3490 1330 3502 ·
1366 3473 1428 3525 τὸ
1458 3473 1567 3542 γὰρ
1602 3471 1688 3524 ἀεὶ

73 3560 661 3633 καταλαμϐανόμενον
689 3563 798 3616 τῶν
829 3564 928 3634 μὲν
961 3565 1523 3635 προκαταληφθέντων
1556 3565 1688 3618 πάν-

71 3674 206 3711 των
243 3654 432 3726 μεῖζόν
457 3656 628 3717 ἐστιν,
652 3655 714 3708 οὑ
745 3656 852 3726 μὴν
881 3655 1054 3726 ὁρίζει
1093 3658 1151 3709 ὲν
1190 3657 1368 3727 ἑαυτῷ
1406 3656 1467 3709 τὸ
1499 3656 1690 3728 ζητού-

77 3763 307 3820 μενον·
343 3746 479 3800 ἀλλά
524 3747 586 3799 τὸ
623 3746 798 3816 πέρας
842 3746 936 3800 τοῦ
981 3747 1313 3820 εὑρεθέντος,
1359 3749 1501 3820 ἀρχὴ
1554 3749 1690 3820 πρὸς

74 3840 195 3910 τὴν
230 3837 348 3889 τῶν
377 3836 726 3908 ὑψηλοτέρων
768 3835 988 3908 εὕρεσιν
1019 3840 1132 3899 τοῖς
1172 3837 1517 3893 ἀναϐαίνουσι
1549 3842 1692 3907 γίνε·

75 3948 213 3986 ται.
244 3929 361 3981 Καὶ
389 3926 513 3981 οὔτε
549 3931 578 3981 ὁ
605 3928 771 3982 ἀνιών
800 3945 934 3982 ποτε
963 3929 1197 3997 ἵσταται,
1226 3931 1400 4001 ἀρχὴν
1429 3929 1488 3994 ἐξ
1519 3931 1693 4002 ἀρχῆς

83 4017 576 4092 μεταλαμϐάνων,
601 4017 726 4071 οὔτε
756 4018 993 4072 τελεῖται
1020 4019 1147 4091 περὶ
1176 4020 1373 4090 ἑαυτὴν
1403 4023 1436 4091 ἡ
1473 4020 1582 4072 τῶν
1607 4021 1693 4073 ἀεὶ

84 4108 384 4184 μειζόνων
412 4111 577 4182 ἀρχή.
620 4111 890 4165 Οὐδέποτε
921 4111 1028 4183 γὰρ
1052 4113 1178 4184 περὶ
1203 4113 1310 4165 τῶν
1336 4112 1693 4183 ἐγνωσμένων

82 4207 124 4275 ἡ
154 4202 268 4258 τοῦ
305 4200 548 4265 ἀνιόντος
575 4202 840 4272 ἐπιθυμία
884 4203 1118 4267 ἵσταται,
1151 4201 1287 4256 ἀλλά
1321 4203 1408 4256 διὰ
1451 4203 1695 4274 μείζονος

83 4296 280 4350 πάλιν
313 4293 509 4364 ἐτέρας
557 4293 849 4364 ἐπιθυμίας
887 4294 1024 4365 πρὸς
1053 4294 1244 4365 ἑτέραν
1291 4295 1695 4364 ὑπερκειμένην

84 4387 256 4443 κατὰ
292 4385 357 4438 τὸ
382 4384 579 4454 ἐφεξῆς
610 4386 755 4458 ψυχὴ
779 4386 1024 4450 ἀνιοῦσα,
1053 4386 1284 4440 πάντοτε
1307 4385 1396 4439 διὰ
1419 4385 1528 4439 τῶν
1555 4387 1696 4439 ἀνω-

84 4482 289 4552 τέρων
317 4477 494 4531 ὁδεύει
532 4478 667 4548 πρὸς
701 4479 761 4530 τὸ
791 4478 1059 4545 ἀόριστον.

179 4659 416 4711 Τούτων
441 4656 500 4709 δὲ
548 4657 679 4726 ἡμῖν
711 4655 853 4709 οὕτω
885 4654 1249 4727 διῃρημένων,
1285 4653 1476 4725 καιρὸς
1518 4655 1585 4708 ἂν
1614 4657 1702 4726 εῐη

93 4749 442 4824 προσθεῖναι
482 4748 592 4801 τῶν
645 4748 804 4801 θείων
839 4746 1034 4814 λογίων
1073 4746 1170 4817 τὴν
1221 4745 1473 4817 θεωρίαν.
1522 4746 1703 4814 Δεῦρο

95 4840 236 4898 ἀπὸ
265 4837 549 4903 Λιϐάνου,
571 4838 796 4907 νύμφη,
819 4835 996 4904 δεῦρο
1021 4835 1141 4891 ἀπὸ
1167 4833 1444 4900 Λιϐάνου,
1475 4834 1703 4902 ἐλεύσῃ

96 4934 214 4989 καὶ
250 4930 540 4997 διελεύσῃ
578 4930 678 4983 ἀπ’
712 4927 909 4998 ἀρχῆς
947 4928 1226 4992 πίστεως,
1282 4925 1402 4981 ἀπὸ
1434 4923 1704 4994 κεφαλῆς

95 5022 342 5091 Σανείρ
371 5020 468 5075 καὶ
507 5020 753 5090 Ἑρμῶν,
801 5019 921 5073 ἀπὸ
955 5016 1239 5088 parde
1263 5017 1546 5080 λεόντων,
1583 5016 1702 5071 ἀπὸ

98 5115 312 5187 ὀρέων
359 5110 729 5182 παρδάλεων.
765 5111 832 5163 Τί
870 5110 1050 5164 τοίνυν
1079 5110 1138 5164 ὲν
1165 5109 1376 5172 τούτοις
1401 5109 1704 5179 ὑπενοήσα-

103 5221 263 5280 μενς
325 5204 437 5257 ’Δεὶ
483 5202 594 5256 τῶν
634 5202 856 5272 ἀγαθῶν
903 5203 939 5274 ἡ
988 5201 1139 5273 πηγὴ
1186 5200 1324 5272 πρὸς
1353 5201 1551 5272 ἑαυτὴν
1580 5202 1705 5264 τοὺς

98 5294 398 5369 διψῶντας
419 5291 727 5361 ἐφέλκεται,
761 5291 941 5355 καθὼς
973 5292 1030 5344 ἐν
1058 5291 1138 5362 τῷ
1182 5291 1497 5361 Εὑαγγελίῳ
1541 5293 1706 5362 φησιν

103 5393 144 5463 ἡ
191 5385 392 5456 πηγή⁶
441 5386 521 5440 ὅτι
557 5385 630 5439 El
659 5401 748 5449 τις
788 5381 956 5450 διψᾷ,
997 5381 1264 5452 ἐρχέσθω
1313 5383 1463 5450 πρὸς
1500 5383 1579 5450 μὲ
1607 5382 1708 5436 καί

101 5477 370 5536 πινέτω.
429 5477 517 5528 Ἑν
546 5474 758 5538 τούτοις
797 5475 905 5544 γὰρ
949 5473 1070 5527 οὔτε
1099 5475 1198 5544 τῆς
1227 5473 1402 5544 δίψης,
1443 5472 1566 5527 οὑτε
1610 5474 1711 5544 τῆς

106 5572 268 5647 πρὸς
317 5567 480 5622 αὐτὸν
511 5566 709 5638 ὁρμῆς,
751 5565 876 5620 οὔτε
916 5565 1019 5635 τῆς
1053 5567 1110 5618 ὲν
1137 5565 1217 5636 τῷ
1253 5565 1430 5620 πίνειν
1476 5565 1712 5619 ἀπολαύ-

1798 3289 2080 3346 auditione
2119 3289 2348 3347 verbum
2403 3299 2582 3360 potest
2613 3291 2837 3346 omnino
2881 3289 3370 3361 comprehendere.

1798 3383 1866 3436 Et
1891 3382 1947 3437 in
1981 3397 2078 3437 cor
2121 3383 2361 3438 hominis
2407 3398 2514 3438 non
2569 3382 2840 3446 ascendit,
2873 3381 3090 3438 tametsi
3129 3397 3370 3452 semper,

1795 3475 1890 3544 qui
1919 3475 2124 3530 mundo
2151 3484 2235 3530 est
2266 3475 2451 3538 corde,
2479 3475 2647 3537 videt,
2674 3483 2941 3545 quantum
2970 3481 3152 3545 potest
3185 3490 3200 3530 :
3243 3488 3373 3529 nam

1795 3565 1942 3635 quod
1983 3581 2200 3636 semper
2245 3566 2754 3636 comprehenditur,
2806 3575 2893 3621 est
2925 3566 3105 3636 majus
3145 3565 3212 3623 iis
3249 3582 3375 3637 quae

1797 3665 1929 3713 sunt
1974 3658 2393 3727 comprehensa,
2449 3672 2559 3711 non
2599 3665 2782 3710 tamen
2819 3656 2873 3710 in
2929 3671 2990 3712 se
3024 3657 3280 3712 terminat
3314 3655 3374 3712 id

1799 3747 1944 3817 quod
1975 3748 2276 3816 qumritur:
2321 3748 2414 3802 sed
2455 3747 2580 3802 ﬁnis
2610 3748 2731 3817 ejus
2766 3746 2912 3817 quod
2953 3755 3040 3804 est
3065 3749 3374 3815 inventum,

1801 3836 1860 3890 ﬁt
1884 3837 2212 3907 principium
2245 3837 2673 3892 ascendentibus
2696 3836 2764 3891 ad
2790 3838 3158 3894 inventionem
3181 3854 3373 3895 eorum

1799 3945 1921 3999 quae
1951 3938 2080 3985 sunt
2105 3931 2320 3984 altiora.
2379 3929 2567 4001 Neque
2601 3946 2844 4000 unquam
2879 3946 2938 3986 se
2987 3931 3136 3986 sistit
3185 3944 3379 3986 ascen-

1800 4022 1957 4086 dens,
1990 4038 2056 4076 ex
2095 4022 2363 4092 principio
2415 4036 2642 4077 sumens
2693 4021 3043 4091 principium,
3080 4037 3259 4092 neque
3321 4021 3380 4076 in

1803 4128 1860 4168 se
1888 4113 2169 4182 perﬁcitur
2203 4128 2392 4166 eorum
2425 4128 2546 4182 (μιαε
2573 4123 2703 4168 sunt
2724 4128 2941 4183 semper
2974 4112 3207 4182 majora,
3229 4112 3382 4182 prin-

1802 4206 2023 4274 cipium.
2075 4202 2133 4256 In
2190 4203 2257 4258 iis
2288 4205 2431 4257 enim
2472 4218 2594 4272 quae
2647 4211 2777 4257 sunt
2822 4203 3061 4273 cognita,
3098 4217 3380 4274 nunquam

1805 4296 2151 4351 ascendentis
2215 4296 2431 4350 sistitur
2488 4294 2844 4361 desiderium,
2905 4295 3000 4351 sed
3047 4311 3144 4365 per
3203 4297 3384 4370 maqu

1804 4400 2002 4439 rursus
2051 4384 2382 4440 desiderium
2435 4384 2502 4438 ad
2560 4385 2707 4440 aliud
2771 4386 3076 4455 subjectum
3122 4387 3384 4458 deinceps

1807 4478 2114 4533 ascendens
2149 4477 2350 4540 anima,
2381 4477 2606 4532 omnino
2639 4477 2888 4534 ascendit
2941 4494 3039 4548 per
3076 4479 3274 4534 altiora
3312 4479 3383 4536 ad

1732 4553 1776 4608 Ι)
1805 4569 1858 4624 id
1899 4569 2047 4638 quod
2088 4577 2174 4625 est
2203 4567 2569 4624 indeﬁnitum.

1879 4659 1974 4715 His
1996 4667 2176 4715 autem
2208 4661 2368 4716 nobis
2397 4661 2478 4716 sic
2509 4661 2784 4716 distinctis
2817 4676 2882 4716 ac
2914 4659 3127 4726 divisis,
3161 4669 3384 4734 tempus

1805 4759 1891 4807 est
1923 4759 1983 4805 ut
2005 4752 2522 4822 contemplationem
2555 4753 2868 4808 divinorum
2913 4753 3256 4821 eloquiorum
3297 4755 3387 4807 acl-

1802 4839 2112 4922 jiciamus‘:
2173 4839 2302 4894 Veni
2342 4858 2373 4893 ιι
2415 4839 2640 4905 Libano,
2674 4859 2887 4912 sponsa,
2944 4842 3061 4896 veni
3091 4859 3124 4895 a
3158 4841 3384 4904 Libano.

1807 4931 1978 4986 venies
2010 4940 2060 4984 et
2106 4932 2358 4986 transibis
2407 4931 2472 4984 ab
2507 4933 2657 4986 initia
2685 4933 2831 5003 ﬁdei,
2868 4950 2900 4987 a
2939 4935 3110 5002 capite
3145 4932 3308 4987 Sanir
3338 4943 3389 4987 ct

1813 5020 2069 5084 Hermon,
2123 5040 2155 5075 a
2192 5023 2376 5077 lustris
2419 5023 2648 5086 leonum,
2682 5041 2715 5077 a
2759 5023 3022 5087 montibus
3071 5024 3386 5092 pardorum.

1811 5113 1950 5179 Quid
1993 5129 2124 5184 ergo
2157 5115 2210 5168 in
2243 5115 2328 5170 his
2373 5115 2534 5170 nobis
2565 5116 2713 5170 venit
2747 5116 2801 5170 in
2848 5116 3130 5170 mentem?
3165 5113 3392 5185 Semper

1813 5207 1936 5262 fons
1967 5209 2236 5262 bonorum
2264 5223 2358 5264 eos
2389 5209 2483 5279 qui
2521 5209 2714 5264 sitiunt
2743 5209 2810 5263 ad
2851 5224 2912 5263 se
2949 5207 3196 5268 attrahit.
3247 5209 3391 5262 sicut

1820 5295 1944 5351 fons
1976 5297 2110 5350 dicit
2134 5297 2189 5351 in
2224 5296 2520 5368 Evangelio
2548 5313 2562 5350 :
2602 5296 2662 5352 Si
2689 5298 2808 5368 quis
2842 5298 2978 5360 sitit,
3008 5297 3179 5351 ueniat
3220 5295 3290 5350 ad
3313 5314 3394 5351 me

1816 5399 1866 5441 et
1888 5389 2032 5441 bibat
2055 5389 2120 5440 “.
2148 5389 2204 5442 ln
2228 5389 2314 5442 his
2333 5389 2476 5444 enim
2495 5403 2672 5459 neque
2694 5390 2836 5454 sitis,
2855 5404 3034 5458 neque
3055 5390 3394 5444 vehementis

1818 5478 1996 5547 ipsius
2023 5479 2395 5549 appetitionis,
2421 5495 2599 5550 neque
2639 5480 2760 5551 ejus
2792 5495 2914 5551 qua;
2949 5479 3004 5534 in
3030 5477 3267 5535 bibendo
3301 5494 3394 5532 ca-

1819 5569 1965 5640 pitur
1986 5570 2364 5628 delectationis
2394 5569 2545 5627 dedit
2590 5571 2904 5638 terminum,
2948 5569 3042 5630 sed
3077 5571 3398 5627 extensione

193 5745 249 5779 ⁸³
295 5741 489 5806 llatth.
522 5760 575 5810 ν,
607 5743 662 5801 8.
754 5747 800 5781 “
823 5743 964 5804 Psal.
986 5763 1158 5815 cxuv,
1209 5744 1260 5800 5.
1339 5744 1383 5777 ⁸⁸
1409 5743 1552 5801 Ιὶειιι.
1581 5759 1702 5800 ιιι]

1798 5784 1812 5814 ,
1856 5743 1909 5812 6,
1941 5745 1995 5811 8.
2079 5747 2125 5780 “
2152 5746 2311 5802 Joau.
2345 5762 2443 5817 vn,
2472 5745 2565 5804 57.
