1927 3108
276 166 329 194 οιπ

276 223 405 260 praecepti
426 213 452 248 in
470 226 643 257 perpetuum.
667 221 732 249 facit
749 222 968 249 adhortationem
983 227 1010 249 et
1025 223 1062 248 sl-
1075 226 1097 252 Λ

276 269 360 297 tiendi
382 272 410 296 et
428 267 550 298 bibendi,
571 271 600 294 et
622 266 725 302 impetu
741 266 775 294 ad
790 275 853 294 cum
869 267 1062 294 contendendi.

275 316 312 344 lis
326 320 418 343 autem
434 305 488 350 qui
505 314 563 349 jam
583 317 740 349 gustarunt.
764 317 792 341 et
807 313 977 348 experientia
993 313 1063 340 didi»

275 366 372 389 eerunt
385 361 458 396 quod
475 361 565 388 bonus
574 359 763 391 sitDominus,
779 364 876 394 gustus
892 359 922 386 ﬁt
938 359 1062 393 quaedam

275 407 360 436 veluti
374 406 531 434 adhortatio
539 406 574 433 ad
587 405 728 441 amplioris
740 405 804 433 boni
814 404 1062 440 participationem.

276 453 420 487 Propterea
435 452 593 480 ascendenti
610 459 749 486 nunquam
772 451 864 478 deﬁcit
883 458 943 485 qua:
959 450 1010 485 ipsi
1035 450 1063 476 ﬁt

275 498 438 529 adhortatio,
449 497 481 525 ad
497 497 524 524 id
539 497 611 532 quod
624 501 666 525 est
677 496 765 530 majus
781 497 894 523 omnino
909 497 1060 523 attraheus.

274 543 445 572 Revocemus
465 544 537 571 enim
559 544 586 571 in
609 543 767 570 memoriam
787 542 844 577 jam
867 550 938 578 smpe
954 550 1062 577 sponsa:

275 590 374 617 factam
387 590 412 616 in
424 590 523 624 iisquze
533 593 732 624 przecesseruut
741 589 822 616 Verbi
832 589 1060 619 adhortationem.

273 635 392 663 dicentis
410 645 417 662 :
431 635 504 666 Veni.
514 636 659 670 propinqua
669 643 737 662 mea.
748 635 781 662 Et
795 643 908 663 rursus:
924 635 988 662 Veni
1000 635 1060 666 huc,

273 681 395 708 columba
410 689 477 712 mea.
506 685 532 708 et
549 689 554 706 :
577 680 640 707 Veni
664 681 713 708 huc
733 682 761 708 in
782 686 955 716 tegumentum
970 688 1060 715 petrw.

273 727 396 762 Cumque
414 727 464 754 has
477 731 503 753 et
515 726 650 760 ejusmodi
666 727 733 754 alias
749 727 927 753 adhortantes
941 731 972 757 et
982 731 1062 753 attra-

274 773 372 800 hentes
396 772 428 798 ad
453 772 586 806 majorum
602 772 768 799 desiderium
791 772 824 799 ad
849 773 966 799 animant
981 780 1061 799 voces

273 818 410 846 emisisset
425 818 555 849 Verbum,
576 822 603 845 et
623 818 649 845 ei
664 819 720 853 jatn
739 819 771 844 ad
793 819 880 853 ipsum
901 818 1059 845 asceudu-nti

274 864 438 891 testiﬁcatus
454 868 538 894 esset,
558 863 631 897 quod
651 868 725 890 esset
745 863 858 890 omnino
874 864 1057 895 immaculata,

273 909 384 937 dicens:
404 910 471 936 Tota
494 910 603 942 pulchra
623 917 661 940 es,
686 914 710 936 ct
731 910 835 936 macula
859 918 910 936 nou
931 916 968 936 est
983 911 1009 936 in
1027 915 1060 941 te,
1078 907 1097 933 Β

271 962 307 983 ne
327 956 377 982 hoc
394 955 551 982 testimonio
570 956 641 982 elata
664 959 691 982 et
709 955 779 982 facta
797 956 960 982 insolentior
976 958 1059 990 impe-

273 1001 387 1032 diretur,
403 1008 457 1035 quo
476 1001 566 1027 minus
579 1002 738 1028 ascenderet
758 1001 791 1027 ad
805 1002 912 1032 altiora,
930 1011 977 1036 per
990 1003 1060 1029 hanc

273 1045 436 1072 adhortandi
453 1053 545 1072 vocem
561 1053 658 1072 rursus
672 1046 835 1072 adhortatur
847 1047 879 1073 ad
893 1047 1058 1074 desiderium

272 1099 363 1119 rcrmn
379 1099 569 1126 supernorum,
591 1091 703 1120 dicens:
729 1092 786 1119 Huc
801 1101 817 1119 a
837 1092 1057 1128 Libano,spunm.

271 1136 329 1164 Hoc
341 1142 433 1164 autem
448 1137 521 1172 quod
536 1137 638 1165 dicitur
652 1142 694 1165 est
709 1138 842 1173 ejusmodi
853 1147 861 1164 :
871 1137 953 1166 Recte
965 1144 1059 1166 secuta

271 1191 312 1215 es,
334 1183 422 1217 inquit
456 1183 483 1210 iu
512 1183 738 1218 praecedentibus,
767 1185 866 1211 venisti
893 1191 999 1211 mecum
1031 1187 1058 1212 in

271 1234 390 1256 montem
413 1230 538 1264 myrrhze.
560 1230 725 1264 Consepulta
753 1230 825 1257 enim
851 1230 926 1257 fuisti
954 1238 1058 1257 mecmn

272 1283 320 1310 per
341 1275 504 1310 baptisnmm
529 1276 556 1302 in
574 1281 699 1303 mortem.
726 1275 813 1303 Simul
840 1284 946 1303 mecum
976 1278 1058 1304 etiam

271 1318 419 1346 ascendisti
441 1319 467 1345 in
482 1320 578 1346 collem
595 1320 695 1346 thuris.
712 1320 778 1347 Nam
797 1322 1006 1353 consurrexisti,
1032 1326 1059 1349 et

272 1363 298 1390 in
313 1364 398 1390 altum
421 1364 495 1392 fuisti
513 1365 618 1392 sublata
641 1367 667 1392 in
683 1368 875 1394 communione
895 1368 1058 1399 divinitatis.

271 1417 352 1444 quam
370 1410 491 1437 ostendit
516 1418 614 1437 nomen
634 1411 733 1438 thuris.
753 1412 877 1439 Ascende
903 1421 968 1447 ergo
992 1413 1058 1440 mihi

271 1455 353 1482 etiam
369 1456 404 1483 ab
419 1455 462 1483 his
477 1457 614 1483 tuentibus
635 1457 661 1483 in
678 1458 746 1485 alios
769 1463 885 1489 montes.
912 1460 1058 1493 proﬁciens

270 1505 298 1528 et
322 1500 349 1527 in
377 1501 460 1528 altum
487 1506 580 1528 evecta
608 1510 656 1536 per
681 1502 833 1530 evidentem
860 1505 1056 1538 cognitionem.

271 1546 341 1579 lluc,
362 1547 461 1581 inquit.
489 1555 504 1573 a
530 1547 645 1579 Libano,
674 1556 728 1575 non
750 1549 868 1583 amplius
888 1550 921 1576 ad
948 1551 1057 1584 nuptias

270 1593 366 1627 petita,
385 1593 433 1619 sed
447 1600 547 1627 sponsa
564 1594 655 1627 potius
669 1595 710 1620 vel
725 1599 819 1628 nupta.
840 1594 897 1621 Non
910 1596 982 1622 enim
1000 1596 1057 1622 ﬁeri

270 1640 371 1671 potest,
387 1642 414 1663 ut
427 1644 532 1663 mecum
557 1638 618 1664 vita:
640 1639 866 1665 consuetudinem
894 1640 992 1667 habeat
1007 1642 1057 1667 ali-

270 1683 344 1717 quis.
369 1682 420 1709 nisi
446 1691 494 1717 per
518 1684 614 1710 mortis
641 1684 780 1718 myrrham
808 1688 1008 1713 transmutetur
1024 1686 1057 1713 ad

268 1728 359 1756 thuris
371 1728 550 1756 divinitatem.
565 1729 698 1762 Quoniam
713 1730 768 1764 jam
782 1731 814 1756 ad
827 1731 895 1758 hanc
911 1733 1057 1766 pervenisti

270 1773 452 1806 altitudinem,
479 1782 513 1801 ne
533 1778 588 1801 stes
604 1775 765 1807 ascendens,
789 1780 817 1803 ut
835 1785 895 1812 quae
915 1778 971 1811 jam
996 1786 1058 1813 pro-

271 1822 364 1853 pterea
398 1819 554 1853 perveneris
582 1819 615 1846 ad
646 1820 850 1854 perfectionem.
881 1822 956 1849 Fidei
985 1823 1057 1850 enim

272 1865 435 1900 principium
451 1865 502 1892 tibi
516 1869 558 1893 est
583 1865 633 1893 hoc
646 1866 719 1898 thus.
735 1869 814 1902 cujus
832 1868 906 1896 fuisti
922 1870 1057 1904 particeps

273 1919 321 1944 per
333 1911 573 1943 resurrectionem,
591 1912 755 1947 principium
771 1918 812 1941 est
823 1921 914 1941 autem
932 1923 1057 1949 progres-

272 1955 314 1982 sui
345 1955 378 1982 ad
406 1956 476 1983 bona
500 1957 661 1984 excelsiora.
688 1958 729 1983 Ab
748 1958 799 1985 hoc
822 1967 888 1995 ergo
910 1961 1055 1995 principio,

271 2001 343 2035 quod
362 2004 404 2027 est
431 2001 508 2032 ﬁdes.
525 2002 619 2029 venies
644 2006 671 2029 et
694 2004 826 2030 transibis
849 2013 855 2028 :
874 2005 926 2031 hoc
949 2009 1000 2036 est.
1024 2005 1057 2032 Et

271 2053 344 2073 nunc
360 2046 463 2080 venies,
488 2050 516 2073 et
540 2054 595 2073 non
611 2048 733 2075 cessabis
748 2056 855 2084 semper
868 2051 988 2078 transire
1010 2059 1057 2086 per

270 2090 428 2125 hujusmodi
444 2092 627 2119 ascensiones.

306 2179 353 2207 Sic
371 2185 459 2208 autem
477 2181 556 2208 habet
574 2182 716 2209 verborum
738 2188 883 2212 contextus
899 2195 905 2212 :
927 2185 1016 2213 Venies
1031 2192 1055 2213 et

270 2226 396 2253 transibis
413 2227 445 2253 ab
460 2227 535 2253 initio
557 2228 630 2261 ﬁdei,
654 2237 669 2254 η
689 2230 773 2262 capite
793 2229 875 2257 Sanir
886 2236 910 2257 et
928 2231 1053 2260 Hermon.

270 2271 321 2299 Per
337 2272 387 2299 hoc
402 2277 491 2299 autem
511 2273 667 2300 subindicut
683 2277 841 2310 mysterium
859 2278 985 2304 secundae
1006 2286 1055 2305 na-

269 2318 393 2345 tivitatis.
410 2317 478 2344 Hinc
490 2318 562 2345 enim
575 2319 669 2346 dicunt
684 2328 795 2348 manare
809 2321 898 2349 fontes
914 2322 1053 2355 Jordauis.

269 2370 351 2397 supra
367 2371 436 2397 quos
449 2363 517 2390 situs
533 2368 574 2390 est
589 2364 632 2391 hic
650 2373 728 2393 mons
745 2366 790 2400 qui
806 2367 936 2394 dividitur
957 2369 982 2395 in
999 2369 1053 2396 duo

267 2408 420 2439 cacumina,
435 2409 535 2443 quibus
550 2410 676 2445 imposita
696 2415 760 2438 sunt
777 2412 833 2439 hzee
846 2414 957 2440 nomina
973 2414 1055 2442 Sanir

268 2453 434 2482 etllermon.
457 2454 590 2487 Quoniam
616 2464 680 2491 ergo
706 2457 778 2492 quod
804 2467 837 2485 ex
863 2459 905 2486 Itis
929 2460 1051 2489 fontibus

267 2505 360 2526 manat
386 2499 528 2532 ﬂuentum,
560 2501 610 2528 fuit
636 2503 714 2530 nobis
737 2503 901 2538 principium
924 2505 950 2532 in
967 2506 1050 2534 Deum

267 2545 528 2578 transformationis,
559 2554 590 2573 ea
619 2547 653 2574 de
678 2555 760 2575 causa
787 2549 862 2575 audit
882 2557 974 2578 vocem
992 2552 1053 2586 ejus

266 2590 313 2624 qui
327 2594 407 2617 vocat
423 2590 456 2617 ad
471 2591 571 2625 ipsum,
588 2592 702 2620 dicens:
724 2592 790 2620 Veni
806 2601 820 2620 a
837 2593 950 2627 Libano,
975 2602 1002 2624 et
1019 2598 1054 2625 ab

266 2636 344 2664 initio
360 2636 431 2668 lidei,
446 2642 472 2664 et
489 2644 503 2663 a
518 2638 606 2672 capite
624 2637 705 2664 Sanir
725 2642 752 2665 et
766 2638 884 2666 llermon
902 2649 908 2667 :
925 2648 940 2667 a
954 2643 1052 2676 capite,

267 2681 388 2715 inquam,
406 2681 502 2708 borum
518 2682 650 2709 montium
665 2682 736 2710 unde
749 2683 797 2710 tibi
813 2683 867 2709 orti
882 2689 947 2712 sunt
961 2685 1050 2715 fontes

265 2726 399 2760 mysterii.
420 2725 537 2754 Pulchre
551 2732 641 2755 autem
659 2728 735 2754 addit
755 2728 920 2756 mentionem
941 2731 1050 2761 leonum

265 2775 292 2796 et
306 2771 462 2804 pardorum,
484 2777 513 2798 ut
536 2781 585 2807 per
599 2773 763 2802 additiouem
783 2784 879 2805 eorum
904 2786 964 2813 quae
986 2784 1051 2806 sunt

265 2817 392 2846 molesta.
411 2818 563 2845 suaviorem
578 2819 673 2846 reddat
691 2828 751 2854 quae
769 2829 801 2849 ex
817 2824 899 2851 rebus
911 2824 1049 2852 delectau-

263 2860 338 2888 tibus
353 2862 512 2897 percipitur.
530 2864 706 2899 voluptatem.
723 2866 857 2900 Quoniam
872 2869 945 2897 enim
966 2870 1048 2898 homo

1070 2252 1092 2279 D

910 166 942 192 S.
960 165 1129 193 GREGOR“

1160 165 1306 195 NYSSENI
1856 168 1911 196 οιι

1114 232 1182 257 dam;
1198 226 1297 253 ἔδωκεν
1320 226 1392 260 ὅρον,
1417 223 1484 251 ἀλλὰ
1501 223 1540 259 τῷ
1563 222 1740 265 τξαρατατιχῷ
1754 222 1805 248 τοῦ
1820 231 1909 258 προσ.

1113 271 1250 305 τάγματος
1275 270 1344 306 πρὸς
1366 269 1397 296 τδ
1426 269 1550 304 διηνεκὲς
1582 269 1655 294 ποιεῖ
1674 267 1723 302 τὴν
1744 267 1907 302 προτροπὴν

1114 317 1160 342 καὶ
1174 315 1221 343 τοῦ
1238 315 1318 351 διψῇν
1339 316 1387 343 καὶ
1405 315 1452 342 τοῦ
1475 314 1573 345 πίνειν.
1592 315 1640 341 καὶ
1662 314 1709 340 τοῦ
1732 314 1804 349 πρὺς
1823 313 1906 340 αὑτὸν

1113 362 1162 396 τὴν
1175 362 1264 398 ὁρμὴν
1287 361 1367 397 ἔχειν.
1392 362 1455 393 Τοῖς
1478 361 1507 388 δὲ
1527 360 1707 395 γευσαμένοις
1721 359 1785 394 ἢδη.
1810 360 1860 386 καὶ
1873 361 1907 394 τῇ

1114 408 1197 444 πείρᾳ
1213 407 1344 443 μαθοῦσιν
1357 408 1398 435 ότι
1420 406 1536 444 χρηστὸς
1549 407 1564 433 ὁ
1577 407 1689 442 Κύριος,
1703 403 1758 432 οἷον
1777 414 1823 436 τις
1838 413 1910 440 προ-

1113 454 1200 489 τροπὴ
1216 454 1283 488 πρὸς
1303 453 1352 489 τὴν
1378 453 1425 480 τοῦ
1450 453 1572 484 πλείονος
1599 452 1743 487 μετουσίαν
1763 452 1781 486 ἡ
1809 450 1909 484 yria:

1113 500 1228 533 γίνεται.
1246 500 1296 526 Διὰ
1319 499 1397 526 τοῦτο
1419 499 1546 526 οὐδέποτε
1562 499 1649 525 λείπει
1667 497 1706 532 τῷ
1727 496 1910 524 ἀναδαινοντι

1113 546 1129 580 ή
1153 546 1280 581 γινομένη
1296 546 1364 580 πρὸς
1378 545 1459 572 αὑτὸν
1483 544 1625 580 προτροπὴ
1650 545 1667 579 ἡ
1689 544 1809 571 πάντοτε
1833 541 1911 578 πρὸς

1111 592 1142 618 τὸ
1168 591 1258 626 μεῖζον
1289 592 1467 627 ἐφελκομένη.
1503 590 1736 626 ’Υπομνησθῶμεν
1760 589 1820 624 γὰρ
1854 587 1911 623 τῆς

1114 637 1242 669 πολλάκις
1256 639 1284 664 ἐν
1299 639 1356 669 τοῖς
1375 637 1508 672 φθάσασιν
1524 637 1574 672 ἤδη
1589 635 1774 671 γεγενημένης
1795 642 1909 670 παρορ-

1114 685 1223 718 μήσεως
1238 684 1312 719 παρὰ
1325 683 1372 710 τοῦ
1384 683 1470 717 Λόγου
1483 684 1517 719 τῇ
1543 683 1652 719 νύμφῃ·
1676 681 1772 715 Ἐλθὲ,
1787 681 1811 719 ἡ
1826 682 1909 714 πλη-

1111 731 1181 756 σίον
1194 731 1264 764 μοῦ,
1279 730 1368 764 λέγει·
1384 731 1431 756 καὶ
1443 730 1533 762 πάλιν,
1548 729 1649 764 Δεῦρο,
1658 728 1821 763 περιστερά
1831 737 1907 763 μου·

1111 776 1168 805 καὶ,
1192 775 1282 809 Δεῦρο
1309 775 1444 809 σεαυτὴν
1463 776 1498 802 ἐν
1513 775 1611 809 σκέπῃ
1634 775 1673 809 τῇ
1697 774 1824 808 πέτρας-
1847 774 1908 801 Καὶ

1111 821 1192 853 ἄλλας
1205 823 1330 853 τοιαύτας
1344 822 1434 855 φωνὰς
1451 822 1652 857 προτρεπτικός
1667 830 1696 848 τε
1711 821 1759 848 καὶ
1769 820 1908 851 ἑλκτικὰς

1110 867 1159 900 τῇς
1174 866 1226 892 τιῖιν
1242 866 1371 899 μειζόνων
1385 866 1532 901 ἐπιθυμίας
1543 867 1557 893 ό
1571 867 1656 900 Λόγος
1670 866 1738 901 πρὸς
1749 866 1804 901 τὴν
1813 866 1908 901 ψυχὴν

1113 912 1305 946 ποιητάμενος,
1329 912 1375 938 καὶ
1400 913 1576 948 μαρτυρήσας
1597 912 1647 948 ήδη
1668 913 1701 947 τῇ
1726 912 1797 947 πρὸς
1820 912 1907 938 αὐτὸν

1112 957 1223 993 ἀεκούσῃ
1248 958 1278 983 τὸ
1297 958 1340 984 διὰ
1355 958 1464 984 πάντων
1477 958 1638 994 ἀμώμητον.
1654 957 1749 989 εἰπὼν,
1765 958 1811 985 ὅτι
1829 958 1906 991 ὀλη

1111 1002 1201 1034 καλὴ,
1221 1002 1267 1028 καὶ
1288 1002 1389 1035 μῷιιος
1403 1004 1459 1029 οὐκ
1471 1003 1557 1029 ἔστιν
1569 1003 1605 1029 ἐν
1617 1003 1676 1035 σοι,
1691 1003 1729 1035 ὡς
1746 1003 1780 1030 ἂν
1807 1003 1847 1038 μὴ
1870 1005 1906 1039 τῇ

1113 1048 1249 1082 μαρτυρίᾳ
1265 1052 1350 1084 ταύτῃ
1377 1049 1588 1083 ὲγχαυνωθεῖσα,
1607 1049 1674 1084 πρὸς
1691 1050 1743 1085 τὴν
1759 1050 1819 1076 τῶν
1840 1058 1905 1085 μει-

1111 1093 1193 1125 ζόνων
1210 1094 1300 1120 ἄνοδον
1315 1094 1488 1129 ὲμποδισθείη
1508 1094 1588 1121 πάλιν
1602 1094 1646 1121 διὰ
1658 1095 1707 1130 τῆς
1733 1103 1906 1131 προτρεπτι-

1111 1139 1162 1173 κῆς
1177 1139 1276 1173 ταύτης
1300 1140 1391 1175 φωνῆς
1406 1140 1452 1165 ἐπὶ
1467 1140 1517 1175 τὴν
1538 1140 1592 1166 τῶν
1615 1141 1825 1176 ὑπερκειμένων
1839 1142 1905 1168 ἑπι-

1111 1183 1211 1217 θυμίαν
1225 1184 1355 1219 ἀναϐῆναι
1371 1185 1596 1220 παρακελεύεται,
1611 1185 1712 1220 λέγων·
1728 1185 1826 1220 Δεῦρο
1842 1186 1905 1213 ἀπὸ

1110 1229 1249 1260 Λιϐάνου,
1270 1231 1382 1264 νύμφη.
1406 1231 1442 1256 Τὸ
1465 1231 1494 1257 δὲ
1517 1231 1662 1266 λεγόμενον
1683 1231 1808 1259 τοιοῦτόν
1823 1233 1903 1259 ἐστι·

1108 1276 1214 1307 Καλῶς,
1228 1277 1319 1311 φησὶν,
1335 1278 1362 1303 ἐν
1381 1278 1438 1308 τοῖς
1457 1276 1591 1310 φθάσασιν
1604 1276 1802 1313 ὴκολούθησιις.
1820 1275 1906 1313 ἦλθες

1112 1322 1171 1356 μετ’
1184 1322 1252 1356 ἐμοῦ
1271 1322 1337 1357 πρὸς
1350 1323 1381 1349 τὸ
1392 1323 1454 1358 ὅρος
1463 1323 1514 1358 τῆς
1527 1323 1659 1359 σμύρνης.
1675 1324 1839 1360 Συνετάψης
1848 1325 1906 1360 γάρ

1111 1376 1155 1402 μοι
1168 1368 1211 1394 διὰ
1222 1368 1269 1395 τοῦ
1289 1369 1474 1404 βαπτίσματος
1496 1371 1535 1401 εις
1554 1369 1600 1397 τὸν
1616 1370 1740 1397 θάνατον.
1765 1370 1905 1406 Συῆλθὲς

1112 1422 1156 1448 μοι
1172 1414 1219 1439 καὶ
1241 1414 1286 1440 ἐπὶ
1312 1415 1356 1440 τὸν
1384 1414 1477 1449 βουνὸν
1500 1415 1547 1442 τοῦ
1581 1414 1702 1444 λιὸάνου.
1729 1415 1903 1450 Summ;

1110 1460 1164 1493 γὰρ
1186 1461 1232 1485 καὶ
1257 1460 1366 1495 ὑψώοης
1390 1462 1419 1487 ὲν
1437 1463 1469 1496 τῇ
1489 1461 1539 1496 τῆς
1566 1461 1690 1498 θεότητος
1708 1463 1853 1498 κοινωνίᾳ.
1870 1463 1902 1498 ἢν

1110 1504 1275 1532 ἐνδείκνυται
1301 1505 1348 1532 τοῦ
1381 1507 1490 1533 λιϐάνου
1520 1506 1550 1533 τὸ
1572 1507 1667 1542 ὄνομα.
1699 1507 1834 1544 Ἀνάΰηθι
1858 1517 1900 1543 μοι

1110 1549 1163 1574 ἀπὸ
1179 1550 1281 1576 τούτων
1296 1551 1343 1577 καὶ
1361 1552 1406 1577 ἐπὶ
1423 1551 1503 1586 ἕτερα
1518 1551 1579 1587 ὅρη,
1597 1552 1792 1587 προκόπτουσά
1806 1561 1838 1580 π
1855 1554 1901 1580 καὶ

1111 1593 1247 1629 ὑψουμένη
1271 1595 1315 1622 διὰ
1329 1596 1379 1630 τῆς
1395 1597 1523 1632 ἐνεργοῦς
1541 1597 1678 1632 γνώσεως.
1704 1598 1795 1634 Δεῦρο
1812 1599 1900 1626 τοίνυν

1109 1641 1162 1666 ἀπὸ
1182 1641 1309 1674 Λιὸάνου,
1334 1644 1425 1677 φησὶν,
1448 1643 1539 1670 οὐκέτι
1565 1643 1684 1679 μνηστὴ.
1701 1644 1771 1672 ἀλλὰ
1793 1645 1898 1680 vim.

1109 1685 1145 1711 Οὐ
1161 1686 1214 1720 γάρ
1237 1688 1294 1712 ἐστι
1315 1687 1426 1714 δυνατὸν
1451 1688 1512 1723 ἐμοὶ
1529 1689 1644 1724 συζῆσαι
1657 1689 1703 1716 τὸν
1727 1690 1766 1726 μὴ
1789 1690 1899 1717 ἀλλοιω-

1110 1731 1188 1758 οέντα
1204 1733 1247 1758 διὰ
1263 1733 1312 1767 τῆς
1328 1734 1374 1760 τοῦ
1400 1734 1514 1761 θανάτου
1539 1734 1662 1770 σμὺρνης
1686 1735 1758 1771 πρὸς
1777 1735 1834 1770 τὴν
1854 1735 1897 1762 τοῦ

1116 1776 1224 1803 λιῧάνου
1241 1777 1365 1812 θεότητα.
1390 1778 1499 1814 Ἐπειδὴ
1512 1779 1542 1806 ὲν
1554 1779 1641 1814 τούτῳ
1653 1779 1771 1814 γέγονας
1789 1780 1842 1816 ἤδη
1863 1779 1897 1814 τῷ

1110 1822 1180 1856 ὕψει,
1199 1823 1235 1858 μὴ
1255 1825 1319 1858 στῆς
1336 1824 1459 1856 ἀνιοῦσα,
1473 1824 1511 1856 ὡς
1525 1825 1574 1861 ἤδη
1591 1825 1635 1852 διὰ
1655 1825 1761 1853 τούτων
1778 1826 1897 1854 inﬂa

1107 1869 1158 1902 τῆς
1177 1869 1352 1904 τελειότητος.
1375 1870 1458 1905 Ἀρχὴ
1480 1871 1534 1905 γάρ
1551 1878 1592 1897 σοι
1611 1870 1729 1903 πίστεως
1748 1871 1765 1898 ὁ
1791 1870 1897 1903 lianc;

1107 1911 1183 1945 οὗτος
1206 1915 1321 1948 γίνεται,
1345 1911 1376 1941 οὗ
1401 1915 1532 1951 μετέω-χες
1558 1915 1603 1943 διὰ
1630 1916 1680 1951 τῆς
1704 1917 1897 1948 ἀναστάσεων

1108 1959 1179 1993 ἁρχὴ
1197 1959 1224 1985 δὲ
1240 1959 1286 1985 καὶ
1301 1961 1334 1994 τῇ
1353 1959 1398 1986 ἐπὶ
1420 1959 1455 1986 τὰ
1476 1959 1630 1995 ὑψηλότερα
1647 1959 1702 1986 τῶν
1721 1959 1836 1994 ἀγαθῶν
1851 1969 1898 1986 ιο-

1109 2004 1179 2038 ρείᾳ.
1204 2004 1269 2030 Ἀπὸ
1284 2004 1371 2031 τοίνυν
1387 2005 1437 2040 τῆς
1458 2004 1545 2040 ἀρχῆς
1562 2005 1673 2040 ταύτης,
1709 2004 1772 2040 ἣτις
1786 2006 1863 2033 ἐπὶν
1881 2006 1898 2040 ή

1109 2051 1209 2083 πίει-τις,
1224 2050 1320 2086 ἐλεύσῃ
1336 2051 1383 2078 καὶ
1396 2050 1518 2087 διελεύσῃ
1529 2059 1536 2066 ·
1549 2050 1682 2084 τουτέστι,
1691 2050 1749 2078 Καὶ
1756 2050 1897 2088 vivitis-4,

1108 2097 1154 2123 καὶ
1171 2097 1256 2123 εἰσαεὶ
1270 2097 1429 2132 διερχομένη
1453 2096 1497 2124 διὰ
1513 2097 1568 2124 τῶν
1582 2097 1709 2124 τοιούτων
1727 2097 1831 2124 ἀνόδων
1847 2098 1896 2125 οὐκ

1107 2142 1262 2178 ἁπολήξεις,

1145 2189 1220 2223 Ἔχει
1235 2189 1263 2214 δὲ
1282 2189 1298 2224 ἡ
1315 2189 1385 2222 λέξις
1403 2189 1506 2221 οὕτως·
1528 2190 1656 2224 Ἐλεύσῃ
1674 2190 1725 2218 καὶ
1738 2189 1892 2224 ὃιελεύσῃ,

1106 2234 1157 2261 ἀπ’
1182 2234 1277 2268 ἀρχῆς
1303 2235 1441 2268 πίστεως,
1467 2236 1528 2263 ἀπὸ
1552 2236 1688 2271 κεφαλῆς
1709 2237 1820 2271 Σανεὶρ
1844 2237 1891 2265 καὶ

1115 2279 1238 2314 Ἑρμῶν.
1253 2280 1302 2307 Διὰ
1324 2282 1424 2308 τούτων
1443 2282 1472 2308 δὲ
1497 2282 1528 2308 τὸ
1550 2283 1600 2317 τῆς
1624 2282 1727 2309 ἄνωθεν
1741 2283 1893 2319 γεννήσεως

1109 2325 1252 2359 ὑποφαίνει
1288 2327 1446 2362 μυστήριον.
1480 2327 1619 2354 Ἐντεῦθεν
1647 2327 1702 2363 γὰρ
1733 2329 1892 2364 προχεῖσθαι

1107 2379 1173 2405 φησι
1190 2371 1239 2402 τὰς
1250 2371 1297 2398 τοῦ
1319 2372 1449 2408 Ἰορδάνου
1465 2373 1567 2408 πηγὰς,
1584 2369 1623 2400 ὧν
1650 2374 1813 2410 inriguam
1833 2375 1892 2401 τοῦ·

1106 2425 1137 2443 το
1148 2417 1220 2452 ὅρος,
1235 2417 1280 2444 δύο
1295 2417 1400 2452 λοφιαῖς
1420 2419 1607 2454 μεριζόμενον,
1625 2417 1670 2452 αἷς
1691 2420 1780 2448 ταῦτα
1793 2422 1893 2448 ἐπικει-

1105 2470 1149 2487 ται
1162 2461 1195 2488 τὰ
1212 2462 1330 2497 ὀνόματα
1345 2463 1441 2498 Σανεὶρ
1456 2464 1503 2490 καὶ
1519 2464 1637 2499 Ἑρμῶν.
1660 2464 1739 2492 Ἐπεὶ
1759 2463 1808 2493 οὖν
1819 2466 1850 2493 τὸ
1860 2468 1890 2492 ἑκ

1103 2505 1157 2531 τῶν
1172 2505 1268 2540 πηγῶν
1289 2506 1391 2534 τούτων
1414 2507 1521 2544 ῥεῖθρον
1532 2509 1604 2544 ἀρχὴ
1623 2509 1736 2544 γέγονεν
1757 2511 1826 2546 ἡμῖν
1842 2511 1888 2546 τῆς

1104 2551 1173 2586 πρὸς
1196 2551 1226 2578 τὺ
1242 2552 1319 2579 Θεῖον
1337 2554 1550 2590 μεταποιήοεως,
1578 2555 1673 2582 τούτου
1695 2556 1778 2592 χάριν
1800 2557 1887 2584 ἀκούει

1102 2596 1148 2622 τοῦ
1170 2597 1238 2630 πρὸς
1251 2597 1346 2624 ἑαυτὸν
1361 2598 1507 2631 καλοῦντος
1520 2600 1616 2635 αὐτήν.
1632 2601 1681 2633 ’⁷ος
1693 2610 1780 2637 φησιν
1790 2610 1798 2617 ·
1808 2603 1887 2639 Δεῦρο

1103 2641 1156 2667 ἀπὸ
1170 2642 1286 2669 Λιϐάνου
1300 2643 1348 2670 καὶ
1362 2644 1418 2670 ἀπὸ
1429 2645 1516 2680 ἀρχῆς
1530 2645 1658 2679 πίστεως,
1672 2648 1722 2673 καὶ
1734 2647 1793 2674 ἀπὺ
1809 2656 1886 2682 κεφα-

1103 2687 1153 2723 λῆς
1176 2689 1231 2715 τῶν
1254 2689 1340 2724 ὀρέων
1362 2689 1475 2723 τούτων,
1496 2690 1558 2718 ὅθεν
1581 2692 1624 2718 σοὶ
1639 2693 1786 2726 γεγόνασιν
1801 2695 1830 2720 αἱ
1844 2693 1886 2720 τοῦ

1104 2734 1255 2769 μυστηρίου
1281 2735 1385 2771 πηγαί*
1413 2736 1504 2768 καλῶς
1524 2737 1555 2763 δὲ
1580 2737 1745 2773 προστίθησι
1768 2738 1818 2774 τὴν
1838 2738 1885 2765 τῶν

1103 2778 1217 2806 λεόντων
1229 2789 1260 2806 τε
1282 2782 1328 2808 καὶ
1344 2782 1504 2817 παρδάλεων
1520 2783 1643 2820 μνήμην,
1663 2784 1708 2812 ἵνα
1719 2784 1766 2812 διὰ
1778 2785 1826 2820 τῆς
1838 2785 1883 2811 τῶν

1103 2823 1232 2859 λυπηρῶν
1249 2825 1437 2861 παραθέσεως.
1462 2827 1632 2863 γλυκυτέραν
1653 2830 1758 2868 ποιήσῃ
1777 2830 1883 2867 τὴντῶν

1102 2869 1301 2905 εὑφραινόντων
1322 2872 1482 2901 ἀπόλαυσιν.
1516 2873 1625 2910 Ἐπειδὴ
1643 2875 1699 2910 γὰρ
1725 2876 1883 2911 amittunt;

1879 2962 1903 3093 l
