3854 6216
65 349 194 410 9&5

1120 347 1186 401 IN
1216 345 1514 402 CANTICA
1539 342 1817 399 CANTIC.
1851 336 2142 396 HOMILIA
2179 335 2320 392 VIII.

3245 326 3353 385 946

68 481 212 519 ποίεε
244 467 306 520 τὸ
338 465 478 518 θεῖον
512 459 650 528 εἶδος
673 464 704 517 6
741 463 1047 536 ἄνθρωπος,
1084 463 1221 534 πρὸς
1251 464 1348 535 τὴν
1385 463 1706 534 ὁμοιότητα.

1807 458 1869 528 μή
1897 464 2115 512 creatus
2164 454 2343 508 l'uerat
2385 451 2453 506 ad
2487 448 2650 506 Verbi
2698 445 3014 516 imaginem,
3066 457 3192 496 cum
3245 444 3348 495 ali-

70 557 178 627 τῆς
234 559 432 624 ἀλόγου
481 557 696 626 φύσεως
748 555 1046 627 ἐθηριώθη,
1093 555 1360 626 πάρδαλις
1401 556 1498 609 καὶ
1539 554 1676 608 λέων

73 649 169 700 διὰ
207 648 322 701 τῶν
369 647 619 718 πονηρῶν
653 647 1099 717 ἐπιτηδευμάτων
1127 649 1435 720 γενόμενος.
1478 648 1537 701 Ὀ
1570 647 1680 719 γὰρ

76 740 194 793 ὑπὸ
243 740 342 794 τοῦ
392 740 606 804 λέοντος
651 739 932 803 ἐλκυσθεὶς
979 739 1073 792 τοῦ
1120 739 1490 811 ἐνεδρεύοντας
1523 741 1582 793 ὲν
1611 741 1677 810 τῇ

82 830 334 901 μάνδρᾳ,
366 829 548 893 καθώς
576 847 740 900 φησιν
773 832 802 883 6
829 831 1144 901 Προφήτης,
1180 830 1276 883 καὶ
1305 831 1368 883 ὲν
1394 831 1462 902 τῇ
1495 829 1680 898 παγίδι

80 923 260 975 αὐτοῦ
315 920 691 985 ταπεινωθεὶς,
738 920 874 992 πρὸς
916 921 1016 992 τὴν
1058 921 1266 974 ἐκείνου
1299 920 1462 990 φύσιν
1512 937 1680 990 μετα-

88 1014 424 1083 μορφοῦται,
457 1013 968 1083 κατακρατήσαντπ
989 1012 1083 1064 τοῦ
1111 1011 1299 1083 θηρίου
1322 1012 1420 1081 τῆς
1444 1010 1678 1081 φύσεως.

86 1105 332 1173 Ὅμοιοι
362 1104 470 1174 γὰρ
500 1103 706 1170 αὐτοῖς
743 1103 1012 1174 γένοιντο
1049 1106 1104 1158 οὶ
1139 1103 1453 1170 ποιοῦντες
1495 1103 1681 1170 αὐτὰ,

86 1197 256 1267 φησι,
289 1199 386 1252 καὶ
412 1195 633 1262 πάντες
652 1199 705 1250 οἱ
724 1197 1070 1261 πεποιθότες
1089 1194 1182 1249 ἐπ’
1198 1195 1421 1262 αὐτοῖς.
1451 1195 1684 1265 Ὁμοίως

91 1289 153 1341 δὲ
187 1290 289 1342 καὶ
320 1287 588 1359 πάρδαλις
613 1287 819 1356 γίνεται
876 1288 904 1340 6
927 1286 1014 1340 διὰ
1043 1286 1152 1340 τῶν
1177 1286 1271 1340 τοῦ
1303 1286 1418 1357 βίου
1451 1286 1684 1357 κηλίδων

87 1381 196 1448 τὴν
229 1378 412 1449 ψυχὴν
455 1379 833 1448 στιγματίσας.
876 1377 1029 1430 Ἐπεὶ
1068 1372 1162 1431 οὖν
1202 1373 1272 1448 ἦν
1321 1393 1453 1430 ποτε
1493 1377 1582 1430 ὅτε
1626 1378 1684 1430 έν

87 1472 278 1524 τοῖσδε
305 1467 374 1540 ἦν
401 1470 462 1522 τὸ
485 1468 847 1541 ἀνθρώπινον,
875 1467 963 1522 διὰ
985 1469 1085 1539 τῆς
1125 1467 1566 1538 είδωλολατρείας
1589 1468 1686 1522 καὶ

88 1561 199 1631 τῆς
241 1559 544 1628 Ἰουδαϊκῆς
576 1558 815 1629 ἀπάτης,
846 1557 942 1611 καὶ
970 1557 1070 1627 τῆς
1094 1555 1343 1626 ποικίλης
1366 1556 1476 1610 τῶν
1503 1557 1688 1627 ἁμαρ·

91 1652 295 1707 τωλῶν
330 1653 532 1716 κακίας
563 1649 914 1720 πλανώμενον
934 1669 948 1684 ο
983 1651 1122 1722 μετά
1161 1649 1331 1704 ταῦτα
1373 1650 1430 1703 δὲ
1472 1649 1561 1704 διὰ
1591 1649 1686 1703 τοῦ

108 1743 390 1814 Ἰορδάνου
439 1744 534 1797 καὶ
575 1743 676 1812 τῆς
727 1742 972 1814 σμύρνης
1015 1743 1110 1796 καὶ⁴
1156 1741 1252 1795 τοῦ
1284 1742 1517 1796 Λιϐάνου
1553 1741 1691 1812 πρὸς

1779 548 1998 620 quando
2043 546 2278 602 formam
2333 544 2568 599 divinam
2607 540 2874 598 exuisset,
2929 536 3031 590 fuit
3069 534 3350 598 eﬂ‘eratus,

1781 639 1942 695 malis
1979 636 2180 694 studiis
2211 635 2437 692 eﬂ‘ectus
2469 640 2554 688 est
2578 631 2781 702 pardus
2810 638 2864 684 et
2909 628 3012 682 leo.
3052 625 3158 692 Qui
3205 626 3350 680 enim

1781 738 2050 787 attractus
2102 729 2205 784 fuit
2242 744 2272 782 a
2318 728 2475 782 leone
2506 725 2600 795 qui
2635 721 2927 777 insidiatur
2975 719 3031 772 in
3071 717 3353 786 spelunca,

1782 823 1926 880 sicut
1955 821 2089 876 dicit
2109 820 2380 890 Propheta
2405 818 2472 883 °",
2513 823 2569 871 et
2593 821 2678 870 est
2701 814 2822 882 ejus
2853 812 3049 880 laqueo
3083 809 3353 870 irretitus,

1785 913 2209 968 transformatur
2233 911 2287 965 in
2320 909 2467 964 illius
2497 914 2772 968 naturam,
2800 903 2944 974 quod
2981 916 3010 953 a
3048 900 3227 955 bellua
3258 912 3359 952 na-

1785 1016 1907 1061 tura
1947 1013 2254 1074 superetur.
2300 1001 2515 1056 St'mt'lu
2552 998 2731 1061 enim,
2771 993 2975 1065 inquit,
3011 993 3085 1046 eis
3114 989 3360 1060 ﬁantqui

1786 1098 1986 1169 faciunt
2015 1111 2100 1160 ea,
2119 1104 2170 1148 et
2201 1108 2378 1147 omnes
2406 1091 2496 1162 qui
2522 1086 2795 1158 conﬁdunt
2824 1085 2877 1138 in
2908 1084 2983 1137 eis
3005 1082 3072 1135 “.
3096 1080 3361 1134 Similiter

1786 1201 1966 1244 autem
1999 1187 2061 1242 lit
2083 1185 2247 1243 etiam
2283 1182 2507 1254 pardus,
2551 1181 2646 1251 qui
2689 1191 2786 1248 per
2822 1175 2948 1229 vita:
2979 1173 3223 1227 maculas
3261 1185 3362 1224 no-

1785 1279 1923 1333 tavit
1955 1285 2011 1332 et
2057 1275 2380 1346 compunxit
2426 1272 2686 1327 animam.
2731 1266 2866 1323 Cum
2905 1278 3033 1334 ergo
3071 1261 3363 1332 aliquando

1786 1370 1843 1425 in
1877 1370 1962 1426 his
1989 1368 2185 1424 fuisset
2205 1367 2391 1428 homo,
2419 1375 2614 1418 errans
2641 1373 2739 1430 per
2779 1351 3147 1410 idololatriam
3175 1359 3231 1406 et
3268 1347 3367 1404 Ju—

1787 1462 2007 1517 daicum
2052 1471 2315 1522 errorem,
2369 1465 2424 1510 et
2466 1452 2680 1508 varium
2733 1453 3086 1519 peccatorum
3137 1443 3362 1504 vitium;

1788 1560 1981 1625 postea
2025 1559 2206 1606 autem
2243 1563 2341 1618 per
2369 1544 2660 1600 Iordanem
2693 1548 2746 1596 et
2787 1538 3064 1610 myrrham
3112 1543 3168 1590 et
3203 1532 3368 1589 Liba-

1787 1623 1922 1699 num
1951 1641 2088 1696 adeo
2120 1640 2176 1694 in
2206 1639 2374 1692 altum
2397 1642 2546 1692 esset
2573 1640 2811 1695 erectus,
2849 1636 2909 1682 ut
2931 1627 3044 1697 jam
3075 1639 3202 1679 cum
3249 1623 3370 1694 ipso

1791 1735 1902 1790 Deo
1925 1730 2177 1788 sublimis
2205 1726 2522 1784 incederet:
2552 1723 2676 1778 ideo
2701 1721 2991 1790 Scriptura
3017 1713 3368 1787 praesentium

91 1803 364 1888 τοσοῦτον
389 1834 599 1905 ὑψώθη,
633 1803 777 1887 time.
809 1803 968 1887 αύτδν
999 1833 1100 1904 ήδη
1141 1803 1690 1904 συμμετεωροπορεῖν

1807 1831 2065 1882 bonorum
2118 1818 2444 1890 multiplicat
2497 1815 2765 1876 laetitiam,
2801 1807 3052 1868 adductis
3085 1819 3208 1876 qua
3238 1803 3373 1858 olim

92 1925 186 1996 τῷ
239 1924 400 1995 Θεῷ·
454 1925 645 1978 τούτου
698 1925 858 1995 χάριν
911 1925 1196 1990 πλεονάζει
1243 1925 1353 1977 τῶν
1406 1924 1690 1996 παρόντων

93 2016 339 2086 ἀγαθῶν
365 2015 464 2088 τὴν
493 2016 830 2087 εὐφροσύνην
855 2019 884 2069 6
919 2015 1096 2084 λόγος.
1138 2016 1235 2070 Διά
1278 2016 1377 2086 τῆς
1411 2015 1521 2068 τῶν
1561 2031 1693 2068 ποτε

95 2108 501 2179 γεγενημένων
556 2108 796 2179 ἀνιαρῶν
855 2108 1213 2178 παραθέσεως
1299 2106 1592 2178 προφέρων
1635 2109 1694 2160 ὲν

93 2201 254 2255 τίσιν
282 2196 356 2271 ἦν
383 2201 418 2270 ἡ
446 2199 592 2272 ψυχὴ
640 2201 746 2271 πρὸ
768 2199 862 2254 τοῦ
897 2200 1128 2254 Λιδάνου
1159 2201 1255 2254 καὶ
1278 2200 1379 2271 τῆς
1405 2201 1580 2271 ἀρχῆς
1595 2200 1696 2270 τῆς

97 2295 374 2358 πίστεως,
407 2293 502 2347 καὶ
533 2293 640 2363 πρὸ
659 2293 769 2348 τῶν
805 2293 897 2346 ἐπὶ
934 2292 1026 2346 τοῦ
1077 2293 1340 2364 Ἰορδάνου
1367 2291 1697 2364 γνωρισθέν-

98 2403 219 2440 των
262 2386 400 2456 ἡμῖν
431 2384 765 2455 μυστηρίων.
808 2385 897 2448 Ὠς
936 2384 1048 2456 γὰρ
1088 2387 1121 2456 ἡ
1165 2386 1285 2440 κατ’
1315 2386 1539 2457 εἰρήνην
1585 2385 1698 2459 ζωὴ

101 2477 430 2550 γλυκυτέρα
461 2475 599 2546 μετὰ
641 2477 736 2529 τὸν
768 2476 1006 2547 πόλεμον
1042 2478 1273 2546 γίνεται,
1300 2480 1414 2542 τοῖς
1449 2477 1699 2550 σκυθρω-

105 2572 238 2631 ποῖς
262 2568 602 2638 διηγήμασιν
626 2567 928 2638 ήδυνομένη
949 2585 963 2598 ο
991 2569 1086 2621 καὶ
1123 2568 1185 2622 τὸ
1223 2569 1322 2639 τῆς
1351 2569 1541 2638 ὑγείας
1566 2572 1702 2638 ἀγα-

104 2659 229 2724 θδν,
281 2659 484 2730 μᾶλλον
528 2658 950 2728 καταγλυκαίνει
993 2659 1062 2714 τά
1109 2660 1204 2713 τοῦ
1253 2660 1504 2731 σώματος
1545 2663 1702 2734 ἡμῶν

104 2751 473 2822 αἰσθητήρια,
509 2752 558 2804 εί
583 2750 648 2804 ἐκ
674 2768 821 2812 τινος
845 2752 1295 2824 ἀρρωστημάτων
1337 2753 1531 2824 ἀηδίας
1569 2755 1705 2826 πρὸς

106 2844 324 2916 ἑαυτὴν
352 2842 639 2898 ἐπανέλθοι
681 2843 844 2898 πάλιν
891 2847 924 2915 ὴ
955 2846 1147 2914 φύσις·
1187 2846 1278 2900 τὸν
1319 2847 1478 2901 αὐτὸν
1506 2849 1705 2918 τρόπον

106 2934 372 2991 ἑπίτασίν
408 2952 532 2989 τινα
578 2936 674 2989 καὶ
714 2936 1054 3006 πλεονασμὸν
1085 2938 1187 3008 τῆς
1227 2939 1286 2990 ὲν
1323 2942 1437 3003 τοῖς
1479 2941 1704 3008 ἀγαθοῖς

106 3027 462 3100 εὐφροσύνης
514 3027 812 3098 οἰκονομῶν
854 3031 884 3082 6
929 3028 1134 3096 ἀγαθὸς
1179 3030 1413 3100 νυμφίος
1456 3034 1521 3101 τῇ
1574 3033 1708 3102 πρὸς

106 3118 282 3214 at?th
313 3115 547 3214 ἀνιούση
570 3117 738 3187 ψυχῇ,
789 3117 868 3214 ούΔ
888 3118 1049 3214 μύνον
1085 3119 1147 3171 τὺ
1181 3119 1372 3171 ἑαυτοῦ
1415 3119 1610 3182 κάλλος
1638 3123 1704 3192 τῇ
1733 3159 1775 3214 C

107 3209 311 3280 νύμφῃ
360 3210 771 3281 προδείκνυσιν·
819 3210 955 3263 ἀλλά
992 3211 1088 3265 καὶ
1129 3211 1223 3263 τοῦ
1268 3210 1705 3281 φρικωδεστάτου

106 3301 228 3355 τῶν
257 3300 466 3372 θηρίων
485 3301 659 3365 εἴδους
679 3302 1177 3373 ὑπομιμνήσκειτῷ
1204 3303 1367 3372 λόγῳ,
1400 3303 1486 3355 ἵνα
1511 3302 1710 3372 μᾶλλον

109 3391 414 3464 ὲντρυφῴη
453 3394 568 3455 τοῖς
611 3393 846 3463 παροῦσι
889 3394 1094 3457 καλοῖς,
1134 3394 1478 3464 μανθάνουσα
1502 3395 1589 3447 διὰ
1614 3397 1710 3464 τῆς

111 3482 506 3554 παραθέσεως,
530 3477 619 3536 οἷα
648 3483 766 3537 ἀνθ’
799 3483 928 3537 οῖων
954 3483 1243 3554 ἠλλάξατο.
1275 3485 1427 3554 Τάχα
1450 3485 1507 3538 δέ.
1541 3503 1592 3538 τι
1621 3487 1714 3540 καὶ

109 3576 318 3648 ἕτερον
369 3574 459 3628 διὰ
511 3573 716 3628 τούτων
763 3576 829 3628 ὲκ
877 3575 1134 3645 προνοίας
1177 3575 1380 3644 ἀγαθὸν
1429 3581 1496 3650 τῇ
1529 3577 1715 3651 νύμφῃ

113 3666 624 3730 κατασκευάζεται.
661 3665 878 3737 Ἐπειδὴ
912 3666 1021 3738 γάρ
1054 3665 1300 3737 βούλεται
1325 3671 1474 3739 ἡμᾶς
1504 3673 1532 3723 ὁ
1562 3670 1716 3738 λόγος

112 3759 398 3830 στρεπτοὺς
443 3757 602 3820 ὄντας
643 3756 784 3810 κατὰ
827 3756 930 3826 τὴν
962 3755 1144 3826 φύσιν.
1184 3756 1259 3828 μὴ
1289 3758 1427 3828 πρὸς
1458 3757 1518 3812 τὸ
1549 3759 1717 3815 κακὸν

117 3849 220 3903 διὰ
262 3847 368 3918 τῆς
422 3849 628 3919 τροπῆς
663 3847 988 3918 ἀπορρἐιν·
1029 3847 1166 3902 ἀλλὰ
1215 3847 1304 3902 διὰ
1339 3849 1439 3918 τῆς
1483 3849 1620 3920 πρὸς
1658 3849 1719 3902 τὸ

121 3943 384 4011 κρεῖττον
414 3940 499 3992 ἀεὶ
519 3938 813 4011 γινομένης
843 3940 1144 4010 αὐξήσεως,
1181 3940 1439 4011 συνεργὸν
1466 3941 1567 4010 τὴν
1597 3959 1720 4010 τρο-

124 4032 246 4096 πὴν
297 4029 438 4101 πρὸς
463 4029 562 4102 τὴν
591 4031 700 4084 τῶν
746 4030 1094 4102 ὑψηλοτέρων
1134 4031 1319 4083 ἄνοδον
1368 4032 1532 4101 ἔχειν,
1577 4031 1718 4085 ὥστε

123 4119 550 4192 κατορθωθῆναι
591 4121 680 4176 διά
713 4121 808 4175 τοῦ
846 4121 1081 4194 τρεπτοῢ
1107 4122 1206 4192 τῆς
1244 4122 1458 4192 φύσεως
1480 4123 1637 4195 ἡμῶν
1659 4126 1720 4178 τὸ

123 4213 275 4287 πρὸς
307 4213 370 4266 τὸ
415 4213 588 4268 κακὸν
637 4215 1030 4268 ἀναλλοίωτον·
1081 4214 1271 4268 τούτου
1328 4215 1486 4286 χάριν
1534 4215 1722 4288 ὥσπερ

120 4305 258 4359 τινὰ
310 4305 656 4374 παιδαγωγὸν
702 4307 798 4360 καὶ
839 4305 1056 4376 φύλακα
1089 4305 1228 4374 πρὸς
1254 4304 1356 4376 τὴν
1383 4304 1494 4358 τῶν
1537 4307 1723 4360 κακῶν

125 4396 516 4467 ἀλλοτρίωσιν,
551 4397 652 4469 τὴν
686 4398 908 4469 μνήμην
945 4397 1058 4451 τῶν
1097 4414 1227 4451 ποτε
1272 4399 1724 4469 κατακρατησάν-

1792 1918 2016 1974 fuerunt
2044 1913 2307 1974 molestis,
2337 1908 2570 1964 alfereus
2595 1906 2650 1960 in
2670 1903 2998 1975 quibusnam
3025 1905 3170 1956 esset
3191 1895 3372 1950 anima

1794 2018 1920 2065 ante
1947 2006 2214 2063 Libanum
2241 2010 2295 2058 et
2335 2001 2552 2056 initium
2601 1997 2746 2061 lldei,
2791 2002 2846 2050 et
2877 1999 3002 2048 ante
3030 2007 3061 2045 a
3087 1989 3248 2045 nobis
3275 2002 3371 2042 co-

1793 2103 1945 2174 gnita
1973 2100 2028 2154 in
2060 2095 2298 2153 Jordane
2325 2091 2605 2164 mysteria.
2655 2086 2943 2155 Quomodo
2980 2083 3128 2139 enim
3162 2094 3284 2152 quae
3318 2081 3373 2132 in

1796 2171 1930 2266 pace
1975 2192 2158 2263 agitur
2187 2189 2322 2250 vita,
2358 2192 2484 2256 post
2528 2182 2730 2238 bellum
2773 2179 2835 2234 ﬁt
2874 2177 3111 2239 dulcior,
3145 2171 3371 2230 suavior

1795 2263 2007 2341 reddita
2041 2281 2293 2338 tristibus
2325 2274 2769 2332 narrationibus:
2801 2278 2856 2325 et
2879 2271 3086 2324 bonum
3121 2263 3376 2322 sanitatis

1797 2376 1993 2446 majori
2023 2372 2186 2428 allicit
2217 2369 2509 2426 dulcedine
2548 2371 2770 2420 nostros
2799 2376 3016 2425 sensus,
3057 2358 3103 2413 si
3141 2373 3208 2411 ex
3232 2354 3378 2409 tristi

1799 2445 1978 2538 aliqua
2000 2464 2321 2537 aegritudine
2343 2460 2410 2516 ad
2434 2474 2493 2515 se
2520 2457 2708 2512 redeat
2733 2465 2928 2510 natura
2960 2471 2974 2506 :
3002 2449 3192 2506 eodem
3215 2445 3378 2500 modo

1801 2533 2150 2631 augmentum
2179 2563 2234 2610 et
2266 2546 2778 2620 ntulliplicationem
2810 2542 3012 2596 laetitiae
3049 2551 3170 2607 quae
3207 2541 3292 2588 est
3323 2533 3381 2586 in

1802 2653 1982 2715 bonis,
2012 2651 2341 2718 dispensans
2369 2645 2546 2696 bonus
2582 2652 2821 2708 sponsus
2864 2633 3063 2686 animae
3102 2627 3167 2682 ad
3201 2627 3381 2695 ipsqu

1803 2741 2141 2802 ascendenti,
2185 2752 2294 2792 non
2329 2734 2506 2788 solum
2539 2742 2755 2799 sponsae
2792 2737 2947 2779 suam
2987 2717 3230 2775 ostendit
3263 2714 3384 2784 pul-

1805 2837 2192 2896 chritudinem,
2236 2829 2330 2884 sed
2379 2825 2563 2882 verbis
2587 2822 2747 2876 etiam
2791 2833 2911 2874 eam
2957 2816 3213 2868 admonet
3257 2810 3385 2862 hor-

1807 2927 1987 2983 rendae
2025 2925 2213 2978 forma:
2265 2920 2526 2974 ferarum,
2587 2921 2645 2967 ut
2702 2912 2758 2964 in
2811 2903 3174 2978 praesentibus
3229 2900 3386 2954 bonis

1807 3018 2066 3086 majorem
2093 3013 2274 3081 capiat
2316 3009 2673 3076 voluptatem,
2711 3001 2932 3055 discens
2965 3011 3060 3065 per
3102 3005 3386 3060 compara.

1809 3111 2035 3165 tionem,
2065 3116 2312 3173 quaenam
2347 3098 2676 3169 quibusnam
2707 3090 2954 3146 mutavit.
2999 3084 3258 3139 Forlassc
3292 3096 3390 3133 au-

1811 3210 1916 3255 tem
1951 3197 2114 3253 etiam
2161 3195 2382 3262 aliquod
2434 3188 2580 3242 aliud
2615 3187 2817 3240 bonum
2870 3195 2966 3250 per
3012 3179 3129 3232 haec
3178 3187 3389 3244 sponsae

1811 3291 2162 3347 conciliate:
2207 3283 2568 3357 providentia.
2606 3278 2873 3344 Quoniam
2919 3274 3064 3328 enim
3109 3269 3390 3336 Scriptura

1812 3384 1928 3438 vult
1963 3397 2063 3435 nos
2093 3380 2184 3450 qui
2227 3391 2419 3432 sumus
2455 3371 2746 3425 mutabiles
2779 3365 3082 3422 secundum
3117 3369 3390 3420 naturam,

1816 3473 2039 3528 minime
2074 3467 2308 3523 deﬂuere
2356 3465 2421 3518 ad
2457 3463 2658 3516 malum
2707 3474 2800 3530 per
2840 3453 3239 3508 mutationem:
3298 3447 3391 3502 sed

1815 3582 1911 3635 per
1938 3566 2335 3616 incrementum
2375 3555 2520 3625 quod
2549 3567 2766 3622 semper
2802 3550 2894 3603 liat
2928 3547 2994 3601 ad
3027 3544 3245 3604 melius,
3300 3541 3393 3593 ad-

1813 3657 2070 3727 jutricem
2105 3654 2306 3707 habere
2333 3646 2746 3704 conversionem
2800 3641 2868 3696 ad
2897 3650 3188 3693 ascensum
3211 3634 3278 3687 ad
3311 3647 3394 3687 res

1817 3749 2170 3809 excelsiores,
2221 3754 2283 3797 ut
2317 3757 2418 3796 nos
2448 3747 2597 3793 recte
2637 3749 2891 3805 geramus
2929 3744 3026 3800 per
3063 3735 3272 3782 naturae
3302 3738 3394 3776 no-

1819 3851 1948 3898 strae
1989 3839 2407 3894 conversionem
2448 3847 2478 3885 a
2511 3829 2812 3883 mutatione
2849 3823 2914 3877 ad
2952 3821 3189 3874 malum:
3240 3832 3304 3870 ea
3332 3815 3396 3868 de

1819 3946 2010 3994 causa,
2063 3939 2323 3998 tanquam
2367 3923 2696 3994 paedagogus
2747 3915 3019 3984 quispiam
3066 3918 3122 3964 et
3168 3909 3399 3969 amicus,

1823 4026 1891 4080 ad
1922 4039 2026 4078 nos
2051 4037 2082 4076 a
2116 4020 2274 4075 malis
2307 4015 2650 4074 alienandos,
2685 4007 2911 4064 adduxit
2943 4004 3226 4072 Scriptura
3250 4011 3397 4052 men-

1822 4117 2026 4172 tionem
2057 4112 2294 4166 ferarum
2313 4122 2434 4178 quae
2465 4101 2760 4174 aliquando
2783 4095 3124 4152 dominatum
3152 4088 3398 4144 obtinue-

1822 4217 1975 4268 runt,
2015 4211 2074 4257 ut
2106 4217 2200 4272 per
2233 4176 2574 4254 avet-sionem
2604 4191 2672 4245 ab
2708 4188 2776 4244 iis
2802 4199 2924 4256 qua:
2954 4189 3084 4238 sunt
3105 4176 3401 4237 deteriora,

1825 4299 2052 4356 stabiles
2082 4303 2400 4348 maneamus
2442 4288 2496 4342 in
2529 4284 2710 4345 bonis,
2748 4291 2929 4346 neque
2952 4275 3211 4328 sistentes
3239 4264 3308 4320 ad
3348 4263 3402 4319 id

1825 4389 1971 4462 quod
2019 4395 2105 4442 est
2145 4383 2340 4438 melius
2383 4376 2764 4435 mutationem,
2820 4381 2996 4437 neque
3028 4378 3129 4417 nos
3170 4372 3400 4414 conver-

123 4504 248 4541 των
281 4448 516 4556 θηρίων,
545 4489 574 4539 δ
607 4448 1191 4559 ’λάὲοέλξηήνέέκέᾷέ
1210 4448 1706 4560 τνᾷῖέῇἔτέδέᾏοὲέῖ

1828 4448 2006 4538 tentes
2035 4477 2100 4532 ad
2139 4474 2366 4528 malum.
2395 4468 2691 4536 Propterea
2737 4461 2892 4531 jubet
2928 4467 3186 4526 sponsam
3216 4448 3402 4504 venire

2314 4561 2317 4562 ν
2362 4561 2367 4562 ,
2665 4554 2676 4562 ,
3090 4538 3402 4562 “Annam

125 4577 249 4632 τῶν
297 4577 558 4647 χειρόνων
586 4578 646 4632 τὸ
679 4577 896 4642 ἀκλινές
944 4595 1002 4631 τε
1053 4579 1148 4632 καὶ
1193 4580 1616 4652 ἀπαράτρεπτον
1663 4581 1720 4632 ὲν

128 4673 252 4734 τοῖς
282 4669 506 4737 ἀγαθοῖς
535 4670 994 4742 κατορθώσωμεν,
1022 4670 1145 4724 οὔτε
1176 4672 1454 4742 ἱστάμενοι
1497 4673 1597 4743 τῆς
1629 4672 1723 4724 ἐπὶ

128 4763 202 4816 τδ
242 4765 489 4833 κρεῖττον
527 4763 754 4832 τροπῆς,
784 4760 907 4815 οὔτε
955 4763 1094 4834 πρὸς
1120 4765 1182 4816 τὸ
1210 4765 1376 4818 κακὸν
1405 4764 1720 4834 ἀλλοιούμε-

131 4868 245 4905 νοι.
282 4853 383 4905 Διά
428 4853 598 4906 ταῦτα
622 4853 715 4905 καὶ
754 4853 928 4904 ἐλθεῖν
951 4853 1296 4920 ὲγκελεύεται
1338 4855 1445 4908 ἀπὸ
1478 4854 1572 4907 τοῦ
1622 4857 1720 4907 Λι-

1827 4586 1858 4626 a
1900 4568 2132 4630 Libano,
2183 4571 2238 4620 et
2276 4561 2324 4616 ei
2358 4561 2414 4614 in
2451 4554 2770 4611 memoriam
2823 4554 3040 4603 revocat
3088 4538 3403 4609 speluncam

1829 4663 2047 4719 leonum
2081 4659 2134 4712 in
2165 4669 2272 4725 qua
2305 4651 2594 4707 stationem
2624 4643 2860 4699 habebat
2889 4657 2902 4693 :
2938 4645 2992 4692 et
3021 4638 3234 4687 montes
3272 4641 3404 4696 par-

1829 4758 2026 4822 dorum
2067 4750 2116 4805 ei
2145 4716 2385 4809 adducit,
2439 4743 2494 4797 in
2533 4739 2733 4810 quibus
2787 4730 3129 4788 versabatur,
3185 4716 3405 4790 quando

1827 4852 1994 4902 vitam
2024 4848 2254 4912 degebat
2280 4838 2444 4894 simul
2479 4849 2604 4889 cum
2630 4830 2842 4888 bestiis.

133 4945 310 4998 ϐάνου
337 4944 434 5012 τὴν
479 4943 718 5013 νύμφην,
767 4944 861 4996 καὶ
914 4942 1013 5012 τῆς
1057 4943 1297 5013 μάνδρας
1339 4946 1450 4997 τῶν
1497 4945 1725 4996 λεόντων
1764 4935 2168 5007 ὑπομιμνήσκει
2204 4922 2324 5001 ἱενῇ
2361 4923 2632 4998 ηὐλίζετο,
2668 4923 2762 4976 καὶ
2820 4921 2888 4974 τά
2921 4921 3029 4974 τῶν
3093 4920 3408 4992 παροάλεων

131 5037 243 5110 ὄρη
275 5037 537 5106 προφέρει
577 5035 656 5105 τῷ
694 5035 856 5104 λόγῳ,
879 5030 961 5094 οἷς
992 5035 1316 5104 ἐνδιέτριϐεν
1359 5039 1444 5091 ὅτε
1470 5041 1584 5099 τοῖς
1617 5033 1824 5104 θηρίοις
1849 5025 2153 5100 ὁμοδίαιτος
2180 5019 2268 5095 ἦνο

231 5127 372 5181 Ἀλλ’
424 5125 606 5194 ἐπειδὴ
649 5127 880 5178 πάντοτε
919 5126 953 5195 ή
979 5124 1073 5177 τοῦ
1105 5126 1277 5193 Λόγου
1321 5128 1507 5197 φωνὴ,
1563 5129 1728 5180 δυνά-

140 5217 296 5292 path;
341 5221 454 5270 ἐστι
502 5221 686 5286 φωνή·
745 5217 840 5268 καὶ
886 5214 1143 5287 καθάπερ
1197 5217 1289 5269 ἐπὶ
1342 5217 1442 5285 τῆς
1497 5219 1730 5280 κτίσεως

138 5307 518 5375 συνεξέλαμιξε
546 5306 605 5357 τὸ
630 5305 746 5373 φῶς
766 5303 844 5374 τῷ
870 5303 1277 5375 προστάγματι,
1300 5304 1396 5357 καὶ
1424 5305 1725 5375 συνεπέστη

136 5401 310 5455 πάλιν
351 5399 429 5466 τῷ
470 5396 854 5470 προστακτικῷ
892 5397 1098 5468 ῥήματι
1127 5396 1189 5450 τὸ
1233 5395 1540 5467 στερέωμα,
1569 5398 1664 5451 καὶ
1691 5398 1724 5466 ἡ

137 5491 307 5560 Λοιπὴ
336 5492 485 5542 πᾶσα
511 5489 687 5552 κτίσις
710 5487 972 5550 ὡσαύτως
997 5486 1075 5558 τῷ
1107 5486 1378 5558 ποιητικῷ
1407 5487 1728 5556 συνανεφαί-

141 5599 267 5638 νετο
313 5581 504 5650 Λόγῳ·
550 5580 642 5632 τὸν
677 5596 841 5633 αυτον
887 5579 1091 5632 τοόπον
1140 5577 1238 5632 καὶ
1273 5579 1394 5644 νῦν,
1424 5577 1519 5632 τοῦ
1554 5577 1727 5647 Λόγου

253 5746 298 5793 ⁶⁷
342 5757 484 5815 Psal.
526 5773 584 5823 ι,
623 5757 678 5812 9.
756 5758 800 5789 ⁸⁸
841 5755 995 5811 Psal.
1039 5770 1191 5822 cxtu,
1253 5757 1300 5810 8.

1899 5119 2007 5173 Sed
2037 5117 2165 5185 quia
2207 5129 2306 5166 vox
2352 5109 2509 5166 Verbi
2534 5117 2618 5162 est
2642 5105 2868 5158 omnino
2904 5118 3005 5156 vox
3039 5100 3260 5156 virtutis
3285 5140 3300 5164 ,
3351 5108 3408 5154 et

1826 5209 2103 5282 quomodo
2139 5208 2192 5261 in
2221 5205 2395 5276 prima
2423 5200 2700 5256 creatione
2742 5199 2836 5250 lux
2875 5195 3058 5250 illuxit
3083 5193 3246 5247 simul
3278 5207 3406 5244 cum

1820 5305 2004 5374 jussu,
2058 5307 2112 5354 et
2155 5313 2352 5354 rursus
2382 5292 2566 5348 Verbo
2604 5292 2904 5358 imperante
2931 5285 3179 5342 constitit
3221 5284 3377 5336 lirma

1829 5402 2092 5457 mentum,
2124 5399 2178 5448 et
2201 5389 2449 5446 similiter
2479 5387 2732 5440 universa
2756 5387 3011 5434 creatura
3043 5374 3209 5431 simul
3246 5365 3408 5442 appa-

1835 5487 1944 5542 ruit
1981 5501 2105 5540 cum
2140 5483 2321 5540 Verbo
2345 5479 2627 5543 ellicienti;
2680 5473 2871 5529 eodem
2903 5467 3065 5524 modo
3096 5479 3242 5520 nunc
3273 5477 3413 5532 quo-

1838 5594 1944 5650 que
1978 5592 2102 5634 cum
2137 5573 2374 5632 Verbum
2420 5571 2677 5642 jussisset
2728 5565 2792 5620 ad
2825 5578 2885 5620 se
2911 5560 3096 5616 venire
3148 5555 3411 5612 animam.
