1927 3108
260 128 312 157 9‘7

876 134 905 164 ε,
925 135 1053 165 οιιεαοι

1108 134 1255 164 NYSSENI
1848 138 1851 142 ⁴
1861 138 1907 164 9η

260 188 364 222 absque
380 187 436 216 ulla
448 188 620 218 dubitatione
632 190 714 226 jussu
727 192 890 221 conﬁrmata
906 202 939 222 ac
954 203 1049 223 corro-

1107 196 1150 231 τὴν
1163 195 1250 231 ψυχὴν
1272 194 1414 230 κρείττονα
1437 193 1587 230 γενομένην
1608 193 1675 229 πρὸς
1689 193 1794 221 ἑαυτὸν
1818 193 1907 220 ἐλθεῖν

261 233 367 265 borata,
385 234 449 262 talis
460 234 490 261 lit
500 235 608 270 qualem
622 243 682 264 eam
699 237 758 265 vult
777 246 906 274 sponsus,
925 240 1050 268 traducta

261 277 294 304 ad
315 277 343 305 id
357 279 431 313 quod
443 283 486 308 est
497 279 629 313 divinius.
645 286 673 310 et
687 289 704 309 a
718 283 804 318 gloria
827 284 854 311 in
867 291 921 319 qua
940 290 1000 313 erat
1016 286 1051 314 ad

261 325 405 359 superiore
417 335 432 352 ιι
466 327 663 355 transformata
689 329 805 364 gloriam
834 338 883 366 per
908 332 1051 367 pulchram

262 370 461 398 mutationem:
478 372 547 400 adeo
570 377 599 400 ut
616 378 690 401 esset
711 375 885 403 admirationi
899 377 983 404 choro
1002 385 1052 404 an-

261 414 384 449 gelorum
400 416 447 452 qui
459 422 502 445 est
514 418 587 446 circa
600 426 744 454 sponsum,
757 426 784 448 et
796 422 887 449 omnis
900 422 980 451 bonis
993 431 1052 451 ver—

262 460 306 488 bis
328 467 361 488 ac
386 461 514 491 laudibus
539 471 600 491 eam
626 471 835 501 prosequentes,
862 467 932 495 hanc
958 475 1051 496 vocem

262 506 417 534 emitterent
429 508 655 537 admirabundam
667 520 673 537 ι
684 510 737 538 Cor
747 512 868 539 indidiin
880 513 964 545 nobis,
976 522 1051 540 soror

264 557 356 579 nostra
375 562 482 588 sponsa.
499 554 567 582 Nam
585 556 728 584 character
749 559 958 593 impatibilitatis
972 561 996 587 ei
1014 561 1052 587 si-

264 598 364 625 militer
380 599 545 628 illucescens
563 606 644 636 atque
663 604 777 638 angelis.
791 612 850 632 eam
867 605 942 632 ducit
957 606 990 632 ad
1007 613 1052 632 co-

263 645 420 678 gnationem
442 652 468 673 et
484 646 683 676 fraternitatem
707 658 798 677 rerum
818 651 1050 686 incorporearum,

264 693 294 715 ul.
308 698 368 724 qua:
387 691 413 718 in
429 699 513 720 carne
529 700 559 720 so
582 694 618 721 ita
637 697 763 729 gesserit,
787 700 816 722 ut.
836 697 918 724 nullis
932 698 1052 725 allicere-

264 739 309 762 tur
331 737 415 764 animi
440 740 703 773 perturbationibus.
727 741 874 777 Propterea
897 743 991 770 dicunt
1005 744 1049 771 ei:

265 780 319 808 Cor
343 782 464 810 tradidisti
488 785 574 818 nobis,
602 795 677 813 soror
699 792 790 814 nostra
807 797 913 822 sponsa.
939 788 1052 824 Proprie

1101 240 1344 276 ἐγκελευσαμένου,
1365 239 1533 271 ἀδιαστάτως
1548 238 1740 274 δυναμωθεῐσα
1756 239 1801 274 τῷ
1821 247 1907 273 προσ-

1100 288 1230 323 τάγματι,
1252 285 1364 321 τοιαύτη
1388 285 1534 321 γεγένηται
1547 304 1555 317 ,
1573 285 1634 311 οἷαν
1649 285 1664 312 ὁ
1685 285 1812 320 νυμφίος
1827 284 1905 310 ἐειαὲ-

1101 332 1172 365 λετο,
1187 332 1400 369 μετατοοιηθείσα
1419 331 1487 367 πρὸς
1503 330 1534 359 τὸ
1548 330 1692 366 θειότερον,
1708 331 1762 357 καὶ
1781 330 1844 357 ἀπὺ
1859 331 1908 365 τῆς

1101 379 1181 415 δόξης
1195 379 1224 405 ὲν
1267 376 1312 414 ἦν,
1328 377 1395 413 πρὸς
1406 377 1456 413 τὴν
1466 377 1606 413 ἀνωτέραν
1617 376 1695 409 δόξαν
1708 385 1909 412 μεταμορφω-

1102 425 1180 451 θεῐσα
1194 424 1239 451 διὰ
1260 424 1312 459 τῆς
1331 423 1438 458 ἀγαθῆς
1458 422 1643 454 ἀλλοιώσεως·
1666 422 1704 454 ὡς
1726 422 1835 457 θαῦμα
1861 430 1910 455 γε-

1102 470 1195 497 νέσθαι
1209 470 1248 505 τῷ
1266 469 1330 505 περὶ
1346 470 1392 496 τὸν
1406 469 1523 505 νυμφίον
1539 469 1594 495 τῶν
1609 468 1732 503 ἀγγέλων
1746 468 1844 504 χορῷ,
1861 468 1912 494 παὶ

1103 516 1206 546 πάντας
1220 515 1349 549 εὐφήμως
1364 514 1432 550 πρὸς
1455 514 1539 548 αὐτὴν
1549 514 1598 549 τὴν
1618 513 1817 549 θαυμαστικὴν
1833 522 1911 548 προ-

1103 562 1179 589 έσθαι
1209 562 1316 596 φωνήν·
1343 562 1385 587 ὃτι
1419 560 1621 594 Ἐκαρδίωσας
1648 559 1745 594 ἡμᾶς,
1777 559 1910 594 ἁδελρῆ

1101 609 1187 644 ἡμῶν
1199 609 1310 643 νύμφη.
1328 609 1356 635 '0
1367 608 1422 643 γὰρ
1431 608 1482 642 τῆς
1492 607 1625 638 ἀπαθείας
1634 606 1783 642 χαρακτὴρ
1797 607 1907 642 (hiatus;

1103 654 1264 688 ὲπιλάμτιων
1279 653 1346 687 αὐτῇ
1370 660 1399 678 τε
1417 652 1461 678 καὶ
1483 652 1539 682 τοῖς
1561 651 1695 685 ἀγγέλοις,
1711 652 1755 682 είς
1770 651 1826 687 τὴν
1849 651 1908 677 τῶν

1103 700 1255 735 ἀσωμάτων
1282 698 1366 733 αὐτὴν
1384 699 1480 731 ἀνάγει
1497 697 1655 730 συγγένειάν
1667 705 1698 723 τε
1713 696 1766 723 καὶ
1780 697 1908 731 hac)?!“

1102 754 1181 781 τητα,
1199 745 1248 779 τὴν
1273 746 1300 770 ὲν
1321 744 1401 779 σαρκὶ
1424 743 1455 769 τὸ
1476 742 1580 774 ἀπαθὲς
1602 741 1836 777 κατορθώσειε-αν.
1854 742 1908 768 Διὰ

1102 791 1180 818 τοῦτό
1201 798 1266 824 φασι
1293 790 1359 824 πρὸς
1380 789 1483 824 αὑτήν·
1507 789 1547 815 ὅτι
1573 788 1779 822 Ἐκαρδίωσας
1805 787 1907 823 ἡμᾶς,

265 830 382 862 utroque
399 829 510 856 nomine
534 830 667 864 glorians.
687 832 795 860 Sororis
808 834 917 868 quidem
940 840 1049 866 nostrze,

1107 836 1218 871 ἀδελφὴ
1240 835 1323 870 ἡμῶν
1347 836 1458 869 νύμφη.
1480 834 1588 870 κυρίως
1613 833 1734 869 ἐκατέρῳ
1753 833 1814 860 τῶν
1843 835 1908 861 ὀνο-

264 876 376 907 propter
388 872 595 908 impatibilitatis
607 878 815 911 cognationem:
830 886 937 913 sponsa:
950 884 1052 911 autem,

265 924 375 954 propter
397 928 459 947 cutn
487 921 576 949 Verbo
598 924 832 958 conjunctiouem.
852 927 938 961 llujus
962 933 1051 955 atttem

265 966 400 998 vocabuli,
416 966 597 1003 Cordiﬁcaati,
609 971 690 997 talem
703 972 890 1000 existimamus
902 981 962 1001 esse
973 974 1054 1008 signi-

265 1013 437 1041 ﬁcationem:
462 1014 608 1048 Animasti,
632 1017 745 1051 perinde
769 1026 800 1045 at:
817 1018 840 1045 si
856 1019 893 1045 illi
913 1020 1051 1047 dicerent:

264 1058 318 1085 Cor
331 1059 411 1086 nobis
426 1060 559 1088 indidisti.
576 1061 785 1097 Perspicuitatis
801 1069 891 1092 autem
907 1065 1005 1100 gratia.
1025 1071 1053 1092 ut

265 1105 339 1138 quod
355 1105 458 1133 dicitur
470 1108 506 1134 sit
521 1108 600 1135 nobis
618 1109 776 1142 dilucidius,
791 1118 962 1138 assumemus
984 1111 1054 1138 divi-

265 1158 330 1178 num
356 1153 516 1187 Apostolum
543 1154 577 1181 ad
603 1155 660 1181 haec
686 1155 888 1190 interpretanda
913 1158 1051 1191 mysteria.

266 1196 311 1224 lllc
325 1198 398 1225 enim
414 1198 481 1226 dicit
494 1199 603 1233 alicubi,
619 1200 653 1227 dc
667 1202 758 1236 seipso
772 1203 896 1230 scribens
913 1203 946 1229 ad
966 1202 1053 1238 Ephe-

264 1242 330 1273 sios,
343 1244 454 1278 quando
470 1245 550 1272 nobis
566 1246 687 1273 narravit.
698 1254 823 1281 magnam
841 1248 914 1274 illam
931 1256 991 1283 qua:
1007 1257 1054 1283 per

264 1295 375 1314 carnem
390 1289 494 1316 exstitit
508 1289 553 1316 Dei
571 1291 778 1325 apparitioucm,
799 1292 871 1326 quod
892 1300 944 1318 non
965 1294 1052 1319 solum

265 1333 392 1361 humana:
406 1338 521 1367 naturae,
547 1337 592 1363 sed
611 1337 692 1363 etiam
712 1337 911 1372 principalibus
932 1342 959 1364 et
976 1345 1052 1372 pote-

266 1379 384 1407 statibus
399 1388 460 1415 qua:
479 1386 543 1407 sunt
567 1382 595 1408 in
614 1382 703 1413 cmlis,
721 1386 785 1408 nota
800 1383 886 1409 evasit
911 1384 1052 1418 multiplex

265 1429 291 1451 et
307 1425 382 1451 varia
395 1425 441 1452 Dei
458 1427 602 1460 sapientia,
621 1427 793 1455 manifestata
809 1435 858 1462 per
870 1428 1053 1463 dispensatio.

265 1479 327 1498 nem
351 1472 453 1499 Christi
478 1473 549 1500 inter
564 1474 698 1501 homines.
723 1473 761 1500 Ita
781 1478 869 1501 autem
891 1475 971 1502 habet
984 1483 1051 1502 cou-

1106 883 1200 918 μάτων
1220 881 1416 915 σεμνυνομένη.
1439 879 1552 913 Ἀδελφὴ
1571 879 1619 914 μὲν
1633 878 1756 914 ἡμετέρα
1781 879 1829 906 διὰ
1853 880 1906 913 τὴν

1103 928 1152 962 τῆς
1165 926 1298 957 ἀπαθείας
1318 925 1493 959 συγγένειαν
1518 924 1609 959 νύμφη
1631 924 1670 954 δὲ,
1693 924 1736 950 διὰ
1759 924 1813 960 τῂν
1833 926 1907 960 πρὸς

1104 974 1148 1000 τὸν
1162 972 1247 1006 Λόγον
1265 971 1421 1004 συνάφειαν.
1440 970 1493 996 Τοῦ
1505 970 1534 996 δὲ
1549 969 1733 1004 ἐκαρδίωσας
1745 969 1780 996 τὸ
1792 979 1906 1005 σημαι-

1104 1019 1214 1054 νόμενον
1228 1017 1346 1044 τοιοῦτον
1357 1014 1425 1042 εἶναι
1436 1015 1591 1050 νομίζομεν,
1608 1012 1662 1041 οἷόν
1675 1015 1734 1041 ἐστι
1746 1015 1792 1047 τὸ,
1810 1015 1909 1050 Ὲψύ-

1104 1072 1214 1099 χωσιις,
1231 1064 1297 1089 ὡσεὶ
1320 1063 1411 1096 ἔλεγον
1427 1061 1493 1097 πρὸς
1509 1061 1603 1096 αὐτὴν,
1622 1061 1662 1087 ὅτι
1695 1061 1822 1096 Καρδίαν
1833 1062 1907 1096 ἡμῖν

1104 1111 1242 1146 ἐνέθηκας,
1275 1108 1427 1143 Σαφηνείας
1443 1108 1471 1134 δὲ
1493 1108 1583 1142 χάριν,
1600 1107 1637 1138 ὡς
1653 1106 1686 1133 ἂν
1702 1106 1813 1140 γένοιτο
1829 1106 1905 1141 μᾶλλ

1103 1157 1148 1182 λον
1172 1156 1326 1189 καταψανὲς
1343 1155 1409 1189 ἡμῖν
1426 1153 1456 1179 τὸ
1481 1153 1635 1188 λεγόμενον,
1660 1152 1707 1178 τὸν
1724 1151 1799 1178 θεῖον·
1819 1152 1906 1179 Ἀτώ-

1105 1202 1196 1228 στολον
1220 1201 1287 1235 πρὸς
1310 1199 1358 1234 τὴν
1375 1199 1428 1225 τῶν
1453 1198 1610 1233 μυστηρίων
1626 1197 1729 1224 τούτων
1744 1197 1905 1233 ἑρμηνείαν

1104 1246 1330 1282 παραληψόμεθα.
1356 1245 1424 1279 Φησὶ
1448 1244 1502 1279 γάρ
1529 1252 1581 1270 που
1603 1243 1658 1269 τῶν
1684 1243 1787 1270 ἑαυτοῦ
1809 1242 1904 1276 λόγων

1104 1295 1205 1323 ἐκεῖνος
1229 1292 1297 1326 πρὸς
1326 1291 1464 1324 Ἐφεσίους
1490 1290 1614 1325 γράφων,
1636 1289 1680 1315 ὅτε
1704 1288 1754 1324 τὴν
1773 1289 1905 1324 μεγάλην

1103 1339 1257 1374 οἰκονομίαν
1277 1338 1327 1372 τῆς
1348 1337 1392 1363 διὰ
1415 1337 1515 1372 σαρκὸς
1531 1336 1717 1372 γεγενημένης
1733 1335 1903 1370 θεοφανείας

1103 1387 1170 1421 ἡμῖν
1195 1385 1360 1420 διηγήσατο·
1381 1383 1421 1409 ὅτι
1445 1383 1476 1409 οὐ
1497 1382 1576 1417 μόνον
1598 1383 1615 1417 ἡ
1633 1380 1794 1417 ἀνθρωπίνη
1817 1381 1902 1415 φύσις

1104 1431 1248 1465 ἐπαιδεύθη
1261 1430 1295 1456 τὰ
1311 1430 1370 1456 θεῖα
1381 1429 1425 1455 διὰ
1436 1429 1486 1463 τῆς
1501 1429 1611 1464 χάριτος
1623 1427 1726 1462 ταύτης
1739 1427 1882 1462 μυστήρια
1891 1434 1898 1440 ν

1103 1477 1171 1503 ἀλλὰ
1195 1477 1242 1502 καὶ
1265 1477 1325 1507 ταῖς
1347 1476 1443 1510 ἀρχαῖς
1468 1474 1515 1500 καὶ
1539 1474 1599 1505 ταῖς
1623 1473 1759 1505 ἐξουσίαις
1786 1474 1819 1500 ὲν
1841 1473 1898 1504 τοῖς

264 1521 356 1545 textus
369 1527 374 1544 :
392 1517 425 1544 Ut
438 1519 584 1545 innotescat
596 1520 787 1553 principatibus
801 1525 826 1547 et
839 1521 1011 1555 potestatibus
1025 1522 1052 1547 in

1107 1523 1276 1558 ἐπουρανίοις
1302 1520 1453 1555 ἐγνωρίσθη
1479 1521 1495 1555 ἡ
1525 1519 1717 1550 πολυποίκιλος
1741 1519 1826 1553 σοφία
1851 1518 1897 1544 τοῦ

265 1564 413 1591 caelestibus
428 1573 474 1599 per
493 1565 641 1592 Ecclesium
660 1567 833 1600 multiformis
849 1567 980 1600 sapientia
997 1567 1053 1599 Dei,

265 1609 409 1635 secundum
430 1610 632 1644 prteﬁnitionem
655 1613 826 1643 strcularum.
849 1621 929 1647 quant
950 1614 1010 1647 fecit
1027 1614 1054 1640 in

266 1655 372 1682 Christo
383 1655 447 1682 Iesu
460 1656 572 1684 Domino
582 1662 670 1684 nostra
683 1658 714 1685 “.
732 1658 759 1685 ln
771 1666 825 1694 quo
839 1659 969 1687 habemus
987 1661 1055 1687 tidu—

266 1701 336 1727 ciam
362 1706 389 1729 et
413 1709 554 1729 accessum
581 1703 609 1729 in
629 1703 792 1731 conﬁdentia
816 1713 864 1739 per
881 1705 960 1732 fidem
982 1707 1053 1740 ejus.

266 1747 372 1774 lterera
390 1748 462 1775 enim
488 1756 536 1783 per
551 1748 702 1776 Ecclesiam
728 1750 875 1778 iunotcscit
891 1760 1054 1786 supermun-

266 1794 346 1820 dnnis
361 1794 543 1828 potestatibus
557 1795 630 1822 varia
643 1799 670 1822 et
687 1796 828 1831 multiplex
846 1796 891 1823 Dei
909 1798 1053 1832 sapientia,

267 1848 327 1873 ιιυξρ
342 1848 390 1874 per
406 1842 545 1867 contraria
571 1849 615 1868 res
632 1841 711 1868 eiiicit
729 1850 842 1877 magnas
856 1847 883 1870 et
906 1843 1054 1870 admirabi-

267 1885 316 1911 les.
340 1884 484 1917 Quomodo
504 1887 576 1912 euim
593 1886 662 1913 facta
677 1886 728 1913 fuit
751 1888 804 1913 vita
821 1895 869 1922 per
885 1893 1010 1918 mortem.
1029 1893 1055 1915 et

267 1938 316 1964 per
338 1935 478 1965 peccatum
494 1931 613 1965 justitia,
628 1936 654 1959 et
671 1940 719 1967 per
739 1933 958 1961 male-dictionem
970 1934 1053 1962 benc-

265 1976 360 2008 dictio,
380 1981 406 2003 et
432 1984 478 2011 per
503 1977 680 2011 ignominiam
711 1978 809 2012 gloria.
838 1984 864 2005 et
891 1981 978 2006 virtus
1006 1987 1053 2014 per

267 2021 501 2049 imbecillitatem?
523 2022 589 2049 Nam
618 2023 645 2050 in
666 2024 805 2058 prioribus
823 2026 991 2059 temporibus
1011 2033 1055 2052 so—

267 2067 320 2093 lam
336 2067 489 2102 simplicem
508 2073 535 2095 et
551 2069 716 2097 uniformem
736 2070 783 2097 Dei
797 2070 958 2104 sapientiam
977 2079 1057 2098 nove.

266 2117 329 2139 rant
349 2114 579 2148 supramuudana:
601 2119 762 2149 potestates,
792 2121 974 2151 congruenter
1000 2126 1055 2145 sure

267 2167 372 2187 naturae
388 2160 530 2188 facientem
549 2162 690 2188 miracula.
706 2161 761 2189 Nec
778 2162 812 2189 iis
834 2171 895 2197 qua:
910 2165 1056 2192 cerneban-

268 2212 311 2233 tur
327 2211 386 2234 erat
401 2208 550 2242 quidquam
572 2208 688 2241 varium,
715 2209 741 2235 in
761 2216 795 2235 eo
817 2209 890 2244 quod
905 2217 966 2236 cum
983 2217 1056 2238 esset

266 2252 354 2279 virtus
383 2260 414 2279 ac
441 2257 562 2287 potestas
587 2257 686 2280 natura
703 2254 805 2286 divina,
836 2254 920 2282 libere
947 2263 1054 2283 omnem

267 2297 370 2324 faceret
384 2302 538 2325 creaturam
555 2299 613 2326 solo
627 2303 701 2327 motu
720 2304 746 2327 et
760 2301 877 2336 impulsu
894 2301 1054 2334 voluntatis,

266 2347 292 2369 et
311 2351 403 2370 rerutn
430 2348 555 2370 naturam
578 2344 717 2372 deducens
733 2346 767 2372 ad
788 2346 1003 2380 generationem,
1029 2352 1057 2374 ct

265 2389 357 2416 unmia
373 2389 474 2416 faceret
490 2390 569 2417 valde
582 2390 697 2425 pulchra
709 2392 849 2418 manantia
861 2399 893 2418 ex
908 2391 982 2419 fonte
997 2393 1056 2426 pul-

266 2434 441 2462 chritudinis.
457 2434 570 2461 Varium
587 2439 677 2462 autem
701 2436 752 2462 hoc
768 2444 801 2462 ac
816 2436 955 2470 multiplex
971 2444 1056 2471 genus

266 2480 416 2514 sapientia»,
442 2481 515 2514 quod
536 2485 645 2509 constat
660 2489 692 2508 ex
715 2483 885 2509 connexione
909 2490 972 2509 cum
990 2491 1056 2510 cou-

265 2527 369 2556 trariis,
399 2534 473 2554 nunc
501 2531 595 2561 aperte
622 2527 711 2554 edocti
735 2533 799 2555 sunt
823 2535 870 2562 per
893 2528 1056 2561 Ecclesiam,

266 2580 364 2607 nempe
386 2573 615 2608 quemadmodum
632 2573 749 2601 Verbum
772 2583 837 2602 caro
858 2574 897 2605 ﬁt,
925 2576 1055 2609 quemad-

266 2618 377 2645 modum
403 2620 484 2646 morti
508 2620 562 2646 vita
593 2620 735 2652 miscetur,
759 2620 988 2655 quemadmodum
1006 2630 1056 2648 suo

267 2665 354 2693 livore
384 2666 495 2701 suisque
526 2667 663 2694 vibicibus
697 2671 790 2694 nostra
814 2672 893 2694 sanat
922 2667 1054 2694 vulnera:

267 2711 497 2745 quemadmodum
520 2711 710 2739 imbecillitate
725 2713 816 2740 crucis
832 2713 904 2739 vires
919 2718 1058 2748 expugnat

235 2762 244 2770 ‘
267 2757 437 2785 adversarii:
463 2758 693 2793 quemadmodum
712 2758 740 2786 in
764 2765 847 2787 carne
867 2758 1058 2787 manifestatur

304 2845 326 2861 "
346 2844 447 2876 Ephesi.
477 2853 522 2878 ut,
539 2845 626 2874 10-12

1105 1569 1183 1599 Θεοῦ,
1199 1568 1242 1594 διὰ
1253 1568 1302 1602 τῆς
1316 1567 1386 1593 κατὰ
1402 1566 1519 1601 Χριστὸν
1533 1566 1563 1591 ὲν
1581 1566 1637 1596 τοῖς
1653 1564 1812 1600 ἀνθρώποις
1827 1565 1897 1591 οἱκο-

1106 1615 1201 1650 νομίας
1224 1613 1419 1649 φανερωθεῖσα.
1436 1611 1514 1647 Ἔχει
1538 1611 1567 1638 δὲ
1588 1612 1605 1646 ἡ
1622 1610 1694 1643 λέξις
1707 1609 1814 1641 οὕτως·
1831 1610 1897 1637 Ἰνιι

1105 1658 1255 1695 γνωρισθῇ
1270 1659 1334 1691 ταῖς
1349 1658 1454 1692 ἀρχαῖς·
1469 1657 1518 1684 καὶ
1531 1657 1596 1689 ταῖς
1610 1656 1767 1689 ἐξουσίαις
1781 1656 1820 1682 ἐν*
1839 1655 1898 1688 τοῖς

1105 1706 1294 1740 ἐπουρανίοις
1308 1704 1356 1730 διὰ
1370 1703 1424 1738 τῆς
1443 1703 1624 1737 Ἑκκλησίας
1636 1702 1654 1736 ἠ
1675 1702 1897 1732 πολυποίκιλος

1105 1753 1198 1786 σοφία
1211 1751 1263 1778 τοῦ
1284 1750 1369 1781 Θεοῦ,
1387 1749 1461 1776 κατὰ
1478 1749 1623 1783 πρόθεσιν
1636 1747 1696 1774 τῶν
1714 1745 1844 1779 αἰώνων,
1860 1746 1897 1779 ἣν

1106 1799 1249 1831 ἐποίησεν
1263 1798 1298 1823 ὲν
1311 1795 1428 1830 Χριστῷ
1444 1794 1545 1828 Ἰησοῦ
1557 1793 1597 1826 τῷ
1614 1793 1711 1827 Κυρίῳ
1726 1791 1824 1827 ήμῶν.
1856 1792 1897 1818 Ἐν

1105 1841 1127 1878 ᾧ
1147 1844 1244 1879 ἔχομεν
1259 1843 1309 1877 τὴν
1326 1840 1482 1877 παρρησίαν
1496 1840 1543 1866 καὶ
1559 1838 1742 1874 προσαγωγὴν
1758 1838 1790 1864 ὲν
1802 1845 1897 1864 πεποι-

1106 1891 1183 1925 θήσει
1200 1889 1243 1916 διὰ
1258 1889 1308 1923 τῆς
1332 1888 1449 1918 πίστεως
1472 1885 1565 1912 αὑτοῦ.
1586 1884 1631 1920 Τῷ
1643 1884 1701 1910 ὕντι
1713 1882 1771 1919 γὰρ
1783 1882 1830 1910 διὰ
1849 1883 1899 1917 τῆς

1113 1935 1274 1969 Ἐκκλησίας
1289 1933 1451 1968 γνωρίζεται
1465 1932 1524 1963 ταῖς
1541 1929 1737 1966 ὑπερκοσμίοις
1749 1929 1901 1964 δυνάμεσιν

1106 1982 1123 2016 ἡ
1138 1980 1244 2015 ποικίλη
1269 1978 1314 2006 τοῦ
1330 1978 1397 2004 Θεοῦ
1415 1977 1505 2011 σοφία,
1521 1977 1538 2012 ἡ
1553 1975 1597 2002 διὰ
1617 1975 1671 2002 τῶν
1689 1974 1822 2001 ἐναντίων
1836 1972 1901 2001 θαυ-

1108 2026 1323 2061 ματουργήσασα
1346 2022 1380 2049 τὰ
1405 2021 1510 2058 μεγάλα
1526 2020 1681 2056 θαυμάσια’
1706 2020 1766 2051 πῶς
1780 2019 1836 2055 γὰρ
1850 2020 1899 2054 γέ-

1106 2080 1167 2106 γονε
1181 2071 1224 2097 διὰ
1242 2069 1357 2096 θανάτου
1373 2068 1439 2103 ζωὴ,
1457 2067 1505 2094 καὶ
1516 2066 1672 2102 δικαιοσύνη
1688 2066 1732 2093 διὰ
1744 2065 1796 2101 τῆς
1806 2066 1899 2100 ἀμαρ-

1106 2119 1176 2149 τίας,
1192 2116 1238 2143 καὶ¹
1259 2115 1303 2142 διὰ
1330 2115 1452 2149 κατάρας
1473 2113 1594 2146 εὐλογία,
1618 2113 1666 2138 καὶ
1687 2111 1752 2145 δόξα
1773 2111 1819 2138 διὰ
1846 2111 1897 2146 τῆς

1107 2162 1228 2197 ἀτιμίας,
1253 2161 1299 2188 καὶ
1319 2160 1362 2187 διὰ
1388 2160 1436 2195 τῆς
1457 2158 1598 2190 ἀσθενείας
1617 2158 1635 2193 ἡ
1652 2157 1781 2193 δύναμιςς
1804 2157 1895 2190 Μάνην

1108 2210 1161 2245 γὰρ
1181 2210 1210 2235 ὲν
1232 2209 1289 2239 τοῖς
1305 2206 1358 2241 πρὸ
1374 2206 1467 2233 τούτου
1483 2205 1590 2241 χρόνοις
1612 2204 1662 2240 τὴν
1687 2203 1777 2239 ἁπλῆν
1796 2211 1826 2230 τε
1848 2205 1894 2229 καὶ

1109 2254 1230 2291 μονοειδῆ
1244 2253 1292 2280 τοῦ
1313 2252 1380 2279 Θεοῦ
1397 2252 1493 2286 σοφίαν
1513 2252 1541 2277 at
1565 2250 1746 2286 ὑπερκόσμιοι
1767 2248 1894 2284 δυνάμεις

1107 2302 1271 2336 ἐγίνωσκον,
1302 2299 1476 2334 καταλλήλως
1502 2297 1666 2333 ἐνεργοῦσαν
1689 2298 1722 2332 τῇ
1756 2295 1836 2330 φύσει
1861 2296 1895 2322 τὰ

1107 2347 1250 2382 θαύματα·
1274 2346 1321 2372 καὶ
1340 2344 1460 2371 ποικίλον
1476 2342 1510 2379 ἦν
1527 2344 1555 2369 ὲν
1569 2344 1627 2374 τοῖς
1640 2342 1790 2378 ὁρωμένοις
1809 2341 1892 2371 οὐδὲν,

1107 2394 1136 2420 ἐν
1159 2392 1197 2427 τῷ
1212 2391 1325 2425 δύναμιν
1347 2389 1461 2424 ἔχουσαν
1476 2388 1526 2423 τὴν
1543 2387 1618 2414 θείαν
1635 2386 1727 2421 φύσιν,
1743 2387 1834 2413 πᾶσαν
1846 2386 1894 2420 τὴν

1108 2440 1196 2465 κτίσιν
1214 2436 1273 2463 κατ’
1298 2435 1421 2468 ἐξουσίαν
1443 2433 1617 2469 ἐργάζεσθαι,
1643 2433 1671 2459 ὲν
1691 2432 1759 2468 μόνῃ
1774 2433 1808 2467 τῇ
1823 2433 1891 2467 ὁρμῇ

1108 2483 1154 2510 τοῦ
1164 2483 1316 2518 θελήματος
1324 2481 1373 2516 τὴν
1386 2480 1441 2507 τῶν
1449 2480 1534 2506 ὄντων
1549 2479 1630 2514 φύσιν
1646 2479 1687 2510 είς
1699 2478 1806 2513 γένεσιν
1817 2478 1892 2512 ἄγου-

1109 2537 1168 2559 σαν,
1186 2529 1233 2554 καὶ
1255 2527 1341 2553 ποιεῖν
1364 2526 1399 2552 τὰ
1424 2526 1514 2552 πάντα
1536 2524 1607 2551 καλὰ
1630 2524 1701 2557 λίαν,
1721 2523 1757 2551 τὰ
1779 2523 1833 2551 ἀπὸ
1846 2524 1891 2558 τῆς

1107 2575 1154 2601 τοῦ
1170 2573 1252 2600 καλοῦ
1269 2572 1360 2607 πηγῆς
1378 2571 1557 2607 ἀναδρύοντα.
1575 2571 1612 2597 Τὸ
1631 2571 1659 2597 δὲ
1681 2570 1802 2597 ποικίλον
1819 2571 1891 2597 τοῦτο

1109 2621 1158 2655 τῆς
1175 2620 1270 2653 σοφίας
1282 2616 1362 2650 εἶδος,
1376 2617 1406 2644 τὸ
1421 2618 1453 2644 ὲκ
1466 2617 1515 2651 τῆς
1532 2617 1601 2652 πρὸς
1615 2616 1649 2643 τὰ
1660 2615 1771 2643 ἐναντία
1789 2615 1890 2643 διαπλο-

1110 2666 1160 2697 κῆς
1186 2664 1388 2699 συνιστάμενον,
1404 2663 1453 2690 νῦν
1480 2662 1525 2689 διὰ
1547 2662 1598 2697 τῆς
1617 2661 1779 2698 Ἐκκλησίας
1805 2662 1891 2696 σαφῶς

1111 2711 1280 2746 ἐδείχθησαν,
1297 2710 1354 2741 πῶς
1376 2710 1390 2736 ὁ
1412 2709 1497 2743 Λόγος
1511 2707 1580 2743 σὰρξ
1594 2707 1709 2742 γίνεται,
1725 2707 1788 2740 πῶς
1807 2709 1824 2743 ἡ
1838 2707 1887 2743 ζωὴ

1112 2757 1218 2793 θανάτῳ
1235 2757 1371 2793 μίγνυται,
1394 2755 1452 2787 πῶς
1467 2754 1506 2791 τῷ
1524 2754 1580 2790 ἰδίῳ
1597 2753 1713 2790 μώλωπι
1730 2753 1782 2791 τὴν
1801 2754 1888 2791 ἡμετέ-
