3854 6216
175 271 312 332 949
1232 281 1295 334 ΙΝ
1325 281 1620 338 CANTICA
1641 280 1912 338 CANTIC.
1947 283 2234 339 HOMILIA
2271 281 2406 338 Vill.
2654 327 2656 330 μ
3356 285 3462 338 950

187 411 310 464 ραν
341 393 553 460 ὲξιᾶται
589 395 838 465 πληγήνο
889 396 1004 458 πῶς
1035 399 1099 466 τῇ
1129 397 1380 470 ἀσθενείᾳ
1415 400 1508 453 τοῦ
1559 401 1786 472 σταυροῦ

1897 402 1949 456 id
1978 402 2126 472 quod
2169 417 2280 456 non
2315 399 2462 456 cadit
2498 399 2602 454 sub
2645 405 2948 470 aSpectum,
3003 395 3458 466 quemadmodum

187 484 579 539 καταπαλαίει
633 485 728 538 τοῦ
758 485 1135 557 ἀντικειμένου
1158 488 1254 559 τὴν
1285 490 1514 562 δύναμιν
1536 509 1550 522 ⁸
1591 491 1708 556 πῶς
1734 493 1786 547 τὲ

1895 495 2113 549 redimit
2137 495 2403 564 captivos,
2439 507 2565 547 cum
2596 492 2714 561 ipse
2737 493 2806 546 sit
2829 492 2922 561 qui
2960 498 3126 554 emat,
3155 496 3210 544 et
3247 490 3320 544 sit
3344 491 3462 559 ipse

185 575 442 644 ἀόρατον
469 577 526 628 ὲν
558 575 724 645 σαρκὶ⁵
769 577 1129 648 φανεροῦταν
1177 580 1294 644 πῶς
1343 581 1622 646 ὲξωνεῖται
1669 585 1786 648 τοὺς

1893 586 2164 656 pretium:
2192 586 2434 654 seipsum
2466 583 2612 638 enim
2651 583 2800 638 dedit
2827 597 2924 653 pro
2958 582 3118 636 nobis
3153 581 3316 634 morti
3338 596 3464 650 pre-

191 664 615 736 αίχμαλώτους,
655 666 816 729 αὐτός
861 685 920 720 τε
966 667 1044 721 ὢν
1074 671 1103 722 6
1150 669 1473 737 ὠνούμενος,
1509 674 1603 726 καὶ
1633 674 1786 737 αὐτὸς

1895 677 2030 730 tium
2059 675 2473 744 redemptionis:
2501 673 2958 744 quemadmodum
2983 679 3037 727 et
3063 681 3148 726 est
3179 671 3236 726 in
3265 679 3460 736 morte,

191 756 402 825 χρῆμα
443 756 756 826 γινόμενος·
802 757 993 810 ἑαυτὸν
1037 757 1146 829 γὰρ
1206 758 1373 814 ἔδωκε
1405 761 1600 833 λῦτρον
1655 763 1786 835 ὑπὲρ

1895 775 1950 822 et
1976 783 2006 820 a
2035 767 2148 821 vita
2177 782 2288 821 non
2315 767 2556 822 recedit:
2605 765 3064 834 quemadmodum
3097 771 3153 818 et
3195 763 3461 818 miscetur

194 846 370 916 ἡμῶν
417 845 496 916 τῷ
531 846 778 918 θανάτῳ·
810 847 928 910 πῶς
977 849 1070 902 καὶ
1115 853 1172 903 ἐν
1195 852 1273 923 τῷ
1303 852 1522 924 θανάτῳ
1565 855 1790 924 γίνεται,

195 935 302 986 καὶ
334 935 437 1004 τῆς
463 934 607 1004 ζωῆς
646 935 748 988 οὐκ
779 935 1052 1000 ἐξίσταται
1072 955 1086 968 ο
1111 939 1228 1001 πῶς
1263 943 1354 994 καὶ
1387 944 1445 996 ἐν
1475 947 1544 1014 τῇ
1581 945 1793 1016 δουλεία

197 1027 634 1094 καταμίγνυται,
673 1028 767 1080 καὶ
795 1029 850 1080 ὲν
879 1031 945 1098 τῇ
995 1029 1236 1102 βασιλείᾳ
1271 1033 1438 1102 μένει.
1474 1036 1658 1090 Πάντα
1684 1038 1792 1108 γὰρ

195 1116 386 1171 ταῦτα
421 1119 514 1172 καὶ
557 1119 624 1171 τὰ
663 1119 884 1172 τοιαῦτα
935 1121 1154 1174 ποικίλα
1201 1123 1328 1177 ὅντα
1356 1125 1452 1179 καὶ
1498 1129 1595 1196 οὐχ
1646 1129 1792 1182 ἀπλᾶ

195 1209 307 1278 τῆς
345 1209 536 1278 σοφίας
572 1211 730 1281 ἔργα,
772 1211 860 1264 διὰ
899 1214 1000 1282 τῆς
1057 1214 1378 1286 Ἐκκλησίας
1412 1219 1462 1270 oi
1510 1218 1650 1286 φίλοι
1695 1219 1789 1273 τοῦ

199 1301 449 1372 νυμφίου
482 1303 760 1371 μαθόντες,
812 1303 1238 1375 ὲκαρδιώθησαν,
1273 1307 1430 1360 ἄλλον
1464 1312 1791 1383 χαρακτῆρα

199 1395 308 1463 τῆς
338 1391 486 1454 θείας
510 1393 700 1460 σοφίας
729 1395 788 1446 ἐν
810 1393 889 1464 τῷ
935 1395 1216 1466 μυστηρίῳ
1245 1401 1676 1469 κατανοήσαντες
1696 1419 1708 1431 ·
1739 1404 1789 1456 εί

198 1483 264 1536 δὲ
307 1483 385 1554 μὴ
428 1483 824 1556 τολμηρότερον
851 1486 996 1540 ἐστιν
1025 1488 1217 1554 είπεῖν,
1249 1489 1386 1559 τάχα
1423 1492 1664 1544 κάκεῖνοι
1701 1492 1788 1547 διά

198 1573 310 1643 τῆς
331 1572 550 1642 νύμφης
577 1573 638 1626 τὸ
656 1574 748 1626 τοῦ
771 1575 1004 1645 νυμφίου
1028 1575 1220 1642 κάλλος
1249 1578 1446 1644 ίδόντες
1469 1580 1786 1651 ἐθαύμασαν

197 1664 268 1716 τὸ
299 1665 440 1718 πᾶσι
470 1667 580 1728 τοῖς
604 1661 752 1719 οῦσιν
777 1668 1006 1738 ἀόρατόν
1029 1687 1090 1722 τε
1129 1670 1221 1723 καὶ
1251 1672 1651 1744 ἀκατάληπτον.
1691 1677 1786 1728 Ὃν

1893 859 2144 914 servituti
2177 869 2230 913 et
2257 866 2436 913 manet
2464 857 2519 910 in
2559 871 2744 926 regno.
2790 855 2923 908 Nam
2955 871 3080 910 eum
3109 855 3222 909 haec
3253 855 3459 919 omnia,

1892 954 1946 1000 et
1973 962 2094 1016 quae
2119 955 2266 1002 sunt
2321 946 2656 1016 hujusmodi,
2703 961 2826 1000 cum
2868 945 2978 999 sint
3008 945 3154 998 varia
3181 951 3234 998 et
3277 943 3462 997 multi-

1893 1039 2077 1107 plicia,
2101 1055 2198 1108 per
2221 1038 2519 1094 Ecclesiam
2542 1038 2868 1092 didicissent
2883 1037 3040 1090 amici
3071 1036 3280 1106 sponsi,
3297 1034 3462 1090 corde

1891 1131 2080 1184 donati
2120 1139 2267 1192 sunt,
2305 1138 2364 1184 ut
2390 1131 2482 1200 qui
2513 1131 2676 1184 alium
2721 1129 2918 1182 divina:
2949 1129 3228 1197 sapientiai
3265 1127 3460 1180 chara.-

1891 1227 2096 1274 cterem
2131 1220 2620 1274 animadverterint
2643 1220 2698 1273 in
2729 1220 3014 1290 mysterio:
3062 1226 3116 1272 et
3159 1219 3204 1272 si
3239 1231 3346 1271 non
3389 1216 3460 1272 sit

1891 1313 2118 1366 nimium
2153 1311 2378 1367 audacis
2408 1313 2610 1374 dicere,
2653 1311 2730 1363 illi
2765 1311 2904 1365 forte
2923 1325 3048 1364 cum
3077 1325 3172 1378 per
3204 1323 3458 1378 sponsam

1891 1405 2080 1473 sponsi
2121 1404 2388 1458 vidissent
2435 1402 2922 1472 pulchritudinem,
2955 1401 3206 1454 admirati
3249 1409 3376 1453 sunt
3405 1399 3458 1452 id

1889 1495 2033 1564 quod
2059 1495 2314 1550 omnibus
2341 1511 2462 1564 qua:
2487 1501 2638 1560 sunt,
2661 1503 2746 1548 est
2777 1493 3166 1562 inaspectabile
3185 1499 3238 1546 et
3258 1493 3461 1545 ineam-

1889 1588 2271 1657 prehensibile.
2323 1587 2463 1642 Deus
2513 1589 2694 1650 enim,
2750 1603 2908 1654 quem
2959 1601 3118 1640 nemo
3169 1583 3302 1637 vidit
3336 1599 3458 1637 -un-

1886 1691 2072 1746 quam.
2107 1685 2165 1731 ut
2187 1675 2659 1740 dicitJoaunes",
2691 1691 2791 1730 nec
2818 1684 2996 1744 potest
3023 1675 3220 1743 aliquis
3253 1673 3458 1739 videre,

197 1753 318 1824 γὰρ
367 1755 542 1819 οὐδεὶς
575 1757 786 1828 ἑώρακε
819 1755 1052 1824 πώποτε,
1083 1761 1266 1824 καθώς
1309 1779 1470 1834 φησιν
1513 1766 1783 1836 Ἰωάννης,

1890 1768 2030 1821 sicut
2053 1775 2280 1820 testatur
2301 1765 2580 1830 Paulus“,
2599 1781 2796 1834 corpus
2814 1781 2971 1820 suum
2997 1763 3122 1832 fecit
3137 1763 3458 1830 Ecclesiam,

197 1848 330 1900 οὐδὲ
362 1848 488 1900 ἰδεῖν
512 1866 598 1912 τις
625 1849 866 1912 δύναται,
894 1851 1075 1915 καθὼς
1105 1854 1134 1905 6
1167 1853 1378 1917 Παῦλος
1410 1862 1782 1929 μαρτυρεῖται,

199 1929 366 2002 οὗτος
396 1939 554 2009 σῶμα
583 1940 774 1994 ἑαυτοῦ
811 1941 908 2011 τὴν
947 1941 1270 2014 Ἐκκλησίαν
1305 1947 1548 2016 ἐποίησε,
1577 1950 1668 2001 καὶ
1699 1949 1786 2002 διὰ

199 2031 304 2100 τῆς
329 2033 648 2104 προσθήκης
675 2033 784 2086 τῶν
821 2034 1164 2104 σωζομένων,
1215 2037 1488 2106 οἰκοδομεῖ
1520 2040 1689 2109 αὐτὴν
1727 2043 1784 2094 ὲν

201 2122 422 2196 ἀγάπῃ,
460 2124 649 2194 μέχρις
673 2125 737 2178 ἂν
767 2128 1188 2196 καταντήσωμεν
1207 2131 1256 2180 oi
1291 2129 1491 2195 πάντες
1521 2134 1600 2194 είς
1617 2133 1784 2203 ἄνδρα

201 2215 446 2279 τέλειον,
487 2217 565 2279 είς
625 2216 822 2288 μέτρον
880 2217 1094 2288 ἡλικίας
1147 2219 1240 2272 τοῦ
1281 2220 1640 2292 πληρώματος
1689 2223 1782 2277 τοῦ

201 2305 470 2377 Χριστοῦ.
503 2306 568 2360 Εἰ
609 2303 702 2362 οῦν
748 2309 906 2380 σῶμα
951 2310 1045 2362 τοῦ
1097 2311 1334 2380 Χριστοῦ
1372 2315 1404 2381 ἡ
1472 2314 1782 2385 Ἐκκλησία,

201 2397 420 2469 κεφαλὴ
465 2399 524 2452 δὲ
575 2399 670 2451 τοῦ
725 2399 972 2470 σώματος
1019 2402 1048 2452 6
1103 2402 1352 2471 Χριστὸς,
1403 2403 1478 2474 τῷ
1530 2405 1647 2475 ἰδίῳ
1681 2423 1784 2476 χα-

205 2489 448 2562 ρακτῆρι
510 2489 735 2560 μορφῶν
795 2491 893 2560 τῆς
957 2491 1283 2562 Ἐκκλησίας
1338 2493 1398 2546 τὸ
1452 2495 1740 2566 πρόσωπον
1767 2513 1779 2526 ·

203 2579 350 2650 τάχα
377 2579 464 2633 διὰ
490 2580 694 2634 τούτων
727 2582 864 2652 πρὸς
895 2583 1068 2638 ταῦτα
1103 2585 1388 2655 βλέποντες
1424 2590 1471 2640 οἱ
1501 2589 1644 2656 φίλοι
1688 2589 1782 2642 τοῦ

205 2669 462 2739 νυμφίου,
494 2672 902 2744 ἐκαρδιώθησαν
921 2690 934 2703 ·
969 2676 1050 2729 ὅτι
1079 2677 1413 2748 τρανώτερον
1443 2681 1499 2732 ἐν
1533 2681 1666 2751 αὐτῇ
1693 2682 1783 2734 τὸν

203 2758 440 2828 ἀόρατον
483 2751 758 2829 βλέπουσι.
791 2763 1056 2835 Καθάπερ
1091 2767 1140 2818 oi
1185 2768 1346 2820 αὑτὸν
1390 2769 1483 2822 τοῦ
1516 2769 1666 2837 ἡλίου
1694 2770 1783 2822 τὸν

205 2849 409 2903 κύκλον
457 2853 583 2905 ίδεῖν
614 2855 1034 2918 ἀδυνατοῦντες
1084 2857 1170 2910 διὰ
1219 2858 1275 2911 δὲ
1315 2859 1412 2928 τῆς
1456 2860 1548 2912 τοῦ
1595 2859 1786 2924 ὓδατος

199 2941 386 3011 αὐγῆς
412 2945 492 3007 είς
516 2944 678 2999 αὑτὸν
715 2947 950 3018 ὁρῶντες
969 2965 982 2978 ·
1015 2947 1156 3002 οὕτω
1194 2951 1434 3004 κάκεῖνοι
1461 2951 1536 3014 ὼς
1566 2955 1623 3004 ὲν
1651 2971 1784 3005 κατ-

1888 1863 1942 1908 et
1973 1869 2067 1922 per
2116 1855 2482 1908 accessionem
2518 1869 2706 1908 eorum
2757 1855 2848 1923 qui
2881 1855 3016 1908 salvi
3069 1855 3226 1918 ﬁunt,
3283 1855 3456 1922 ipsam

1889 1944 2119 2000 aediﬁcat
2160 1947 2212 1998 in
2251 1947 2539 2008 charitale,
2577 1947 2752 2000 donec
2789 1961 3144 2000 occurramus
3176 1961 3366 2001 omnes
3401 1944 3458 1999 in

1888 2038 2064 2091 virum
2107 2036 2428 2105 perfectum,
2467 2038 2519 2090 in
2553 2053 2864 2092 mensuram
2896 2039 3072 2092 aetatis
3111 2036 3458 2107 plenitudinis

1887 2128 2090 2182 Christi
2113 2129 2180 2180 ⁷⁸.
2218 2126 2272 2180 Si
2297 2143 2428 2198 ergo
2445 2127 2686 2182 Ecclesia
2712 2140 2792 2182 est
2822 2143 3022 2196 corpus
3045 2127 3270 2192 Christi,
3303 2127 3459 2182 Chri-

1891 2227 2010 2274 stus
2035 2225 2213 2272 autem
2250 2227 2332 2272 est
2367 2229 2528 2286 caput
2559 2220 2828 2287 corporis,
2871 2235 2972 2272 suo
3005 2221 3321 2273 charactere
3347 2219 3460 2273 for-

1891 2325 2048 2364 mans
2089 2309 2284 2364 faciem
2313 2310 2588 2374 Ecclesiae,
2643 2311 2784 2364 forte
2829 2326 2924 2379 per
2961 2310 3062 2362 hoc
3098 2309 3163 2362 ad
3203 2325 3266 2364 ea
3313 2310 3478 2379 aspi—.

1889 2400 2098 2454 cientes
2129 2401 2287 2454 amici
2324 2401 2534 2469 sponsi,
2580 2401 2746 2454 corde
2774 2401 2956 2454 donati
2989 2408 3150 2455 sunt:
3197 2399 3458 2470 quoniam

1889 2507 1985 2560 per
2023 2495 2194 2560 ipsam
2231 2492 2435 2546 clarius
2479 2492 2752 2560 aspiciunt
2800 2507 3060 2561 Sponsum
3099 2494 3192 2562 qui
3227 2507 3336 2546 non
3368 2506 3462 2546 ca-

1889 2583 1968 2636 dit
2000 2583 2102 2638 sub
2132 2591 2434 2652 aspectum.
2471 2581 2536 2636 Et
2557 2581 2834 2652 quomodo
2877 2583 2912 2636 ii
2944 2584 3038 2654 qui
3071 2584 3246 2652 ipsum
3271 2584 3458 2639 orbem

1889 2676 2022 2730 solis
2083 2691 2190 2730 non
2247 2685 2475 2743 possunt
2513 2675 2727 2737 videre,
2785 2691 2877 2742 per
2917 2691 3072 2745 aqua:
3120 2675 3460 2746 splendorem

1891 2769 2067 2836 ipsum
2096 2765 2320 2820 vident:
2357 2768 2428 2820 ita
2479 2767 2554 2820 illi
2610 2783 2828 2837 quoque
2870 2768 2922 2820 in
2965 2768 3168 2820 mundo
3215 2767 3458 2836 speculo,

1893 2875 2087 2928 nempe
2135 2859 2274 2912 facie
2305 2859 2594 2922 Ecclesiae,
2645 2860 2832 2914 vident
2873 2860 3042 2914 solem
3079 2857 3326 2928 justitiae,
3364 2857 3460 2927 qui

1892 2967 1990 3020 per
2024 2951 2076 3003 id
2105 2951 2250 3020 quod
2279 2959 2523 3018 apparet,
2557 2959 2738 3004 mente
2769 2952 3265 3020 comprehenditur.

202 3030 394 3104 ὀπτρῳ
427 3036 764 3107 καθορῶντες
796 3039 1041 3111 καθαρῷ,
1071 3042 1148 3113 τῷ
1197 3045 1468 3115 προσώπῳ
1509 3046 1608 3115 τῆς
1649 3045 1992 3117 Ἐκκλησίας,
2034 3044 2123 3096 τὸν
2154 3043 2252 3112 τῆς
2284 3043 2622 3112 δικαιοσύνης
2681 3043 2828 3114 ἥλιον
2895 3043 3168 3114 βλέπουσι,
3225 3045 3314 3096 τὸν
3372 3043 3459 3096 διὰ

203 3125 304 3181 τοῦ
331 3129 655 3200 φαινομένου
685 3133 946 3186 κατανοού
955 3151 1134 3204 μενον.

279 3221 481 3275 Τούτου
531 3223 690 3296 χάριν
735 3226 833 3296 οὐχ
856 3225 1002 3290 ἅπαξ
1044 3228 1254 3298 εἴρηται
1303 3231 1369 3298 τῇ
1421 3227 1606 3300 νύμφῃ
1633 3229 1784 3300 παρὰ
1817 3235 1858 3293 C

205 3309 322 3366 τῶν
347 3311 536 3381 φίλων,
569 3313 652 3376 τὸ,
695 3314 1111 3382 Ἐκαρδίωσας,
1138 3318 1273 3388 ὅπερ
1299 3319 1469 3381 ἐστὶν,
1495 3319 1576 3372 ὄτι
1593 3318 1784 3389 Ψυχήν

203 3420 330 3456 τινα
357 3405 452 3456 καὶ
471 3403 712 3458 διάνοιαν
737 3405 872 3476 πρὸς
898 3408 998 3477 τὴν
1032 3409 1128 3461 τοῦ
1165 3410 1339 3478 φωτὸς
1372 3412 1698 3480 κατανόησιν
1718 3409 1784 3462 δι’

207 3492 408 3562 ἑαυτῆς
435 3495 568 3564 ἡμῖν
599 3495 916 3566 ἐνεποίησας
939 3514 951 3525 ·
986 3497 1121 3550 ἀλλὰ
1165 3500 1260 3552 καὶ
1308 3499 1468 3553 πάλιν
1495 3501 1584 3552 τὸν
1627 3501 1786 3552 αὐτὸν

207 3582 722 3652 ἐπαναλαμϐάνουσι
770 3585 964 3652 λόγον,
1019 3587 1356 3651 ἀξιοπιστίαν
1409 3589 1787 3659 προστιθέντες

206 3673 288 3742 τῷ
310 3673 607 3745 λεγομένῳ,
657 3675 746 3730 διὰ
790 3676 892 3745 τῆς
948 3677 1341 3749 δευτερώσεως.
1397 3681 1626 3748 Λέγουσι
1677 3680 1786 3750 γὰρ

209 3765 748 3836 ὲπαναλαμϐάνοντες
768 3783 783 3798 ·
815 3767 896 3820 ὄτι
943 3769 1334 3837 Ἑκαρὸίωσας
1365 3769 1521 3838 ἡμᾶς
1547 3771 1635 3824 ἐνί
1668 3771 1785 3824 ἀπὸ

217 3858 540 3927 ὀφθαλμῶν
580 3875 717 3914 σου.
753 3859 922 3912 Τοῦτό
949 3863 1064 3913 ἐστι
1115 3861 1344 3931 μάλιστα
1392 3863 1420 3914 ὃ
1450 3864 1547 3933 τὴν
1582 3863 1788 3932 θαυμα-

219 3949 408 4018 στικὴν
439 3952 720 4020 ἐνεποιήσε
765 3953 876 4015 τοῖς
905 3951 1078 4020 φίλοις
1123 3954 1250 4023 περὶ
1293 3953 1390 4023 τῆς
1421 3952 1636 4022 νύμφης
1669 3953 1786 4006 διά·-

213 4041 381 4094 θεσιν.
411 4041 614 4111 Διπλῆς
637 4043 746 4112 γὰρ
773 4043 938 4114 οὔσης
965 4043 1031 4119 τῇ
1063 4044 1208 4115 ψυχῇ
1239 4044 1338 4114 τῆς
1369 4045 1598 4115 ὀπτικῆς
1639 4047 1788 4115 ἐνερ-

215 4135 366 4201 γείας
391 4152 404 4165 ·
455 4138 549 4190 καὶ
588 4137 686 4208 τῆς
739 4137 837 4206 μὲν
882 4137 980 4208 τὴν
1011 4135 1268 4206 ἀλήθειαν
1318 4135 1554 4206 ὁρώσης,
1587 4137 1685 4206 τῆς
1729 4137 1788 4190 δὲ

211 4225 404 4294 ἑτέρας
453 4227 580 4297 περὶ
630 4227 697 4279 τὰ
752 4226 955 4297 μάταια
1009 4226 1393 4296 πλανωμένης·
1438 4227 1626 4296 ἐπειδὴ
1661 4228 1788 4298 περὶ

217 4322 385 4389 μόνην
407 4321 500 4371 τοῦ
527 4319 733 4389 ἀγαθοῦ
760 4322 859 4393 τὴν
894 4320 1054 4388 φύσιν
1086 4321 1356 4391 ἀνέῳκται
1385 4320 1488 4390 τῆς
1515 4321 1734 4390 νύμφης
1759 4321 1787 4372 ὁ

214 4411 450 4481 καθαρὸς
473 4412 750 4483 ὀφθαλμός
769 4428 784 4444 ο
814 4414 978 4483 ἀργεῖ
1003 4412 1058 4464 δὲ
1081 4413 1298 4474 πάντως
1329 4413 1358 4464 6
1388 4411 1787 4482 ἓτερος,τούτου

211 4504 370 4574 χάριν
414 4502 492 4572 τῷ
536 4505 614 4557 ἑνὶ
641 4505 750 4556 τῶν
790 4503 1084 4572 ὀφθαλμῶν
1131 4504 1500 4572 προσάγουσιν
1549 4505 1598 4554 οί
1642 4502 1786 4570 φίλοι

1967 3226 2036 3278 Ea
2068 3226 2134 3278 de
2153 3240 2316 3278 causa
2343 3239 2448 3278 non
2475 3224 2642 3279 semel
2676 3231 2888 3276 tantum
2913 3223 3116 3276 dictum
3135 3234 3218 3279 est
3246 3241 3460 3295 sponsa:

1885 3314 1956 3369 ab
1987 3313 2178 3367 amicis
2233 3312 2448 3382 sponsi,
2513 3309 2616 3365 Cor
2663 3311 2896 3365 indidisti
2947 3311 3109 3371 nobis,
3174 3316 3320 3383 quod
3353 3328 3456 3380 est,

1885 3409 2129 3462 Animam
2173 3407 2453 3478 quamdam
2493 3417 2549 3462 et
2589 3405 2995 3472 cogitationem.
3032 3406 3098 3457 ad
3143 3406 3280 3462 lucis
3305 3423 3458 3462 com—

1886 3497 2327 3569 prehensionem,
2361 3510 2454 3566 per
2502 3497 2731 3565 teipsam
2783 3496 2940 3551 nobis
2993 3497 3236 3552 indidisti
3287 3515 3301 3552 :
3364 3501 3458 3556 sed

1886 3604 2078 3644 rursus
2097 3587 2340 3642 eamdem
2375 3594 2626 3657 repetunt
2649 3591 2976 3652 orationem,
3009 3603 3104 3656 per
3123 3605 3310 3643 eorum
3340 3606 3462 3660 quae

1886 3682 2146 3736 dicuntur
2189 3679 2530 3732 iterationem
2587 3679 2638 3731 id
2679 3680 2824 3748 quod
2856 3679 3058 3732 dicitur
3098 3680 3200 3735 ﬁde
3233 3681 3456 3752 dignum

1889 3771 2168 3825 facientes.
2224 3769 2418 3824 Dicunt
2470 3771 2616 3823 enim
2679 3780 2983 3840 repetentes
3020 3791 3030 3824 :
3065 3773 3172 3826 Cor
3219 3773 3482 3828 indidisti-

1889 3864 2038 3916 nobis
2070 3879 2172 3916 uno
2207 3879 2272 3916 ea:
2299 3861 2464 3914 oculis
2494 3861 2617 3914 tuis.
2653 3860 2768 3914 Hoc
2808 3872 2892 3915 est
2936 3864 3078 3931 quod
3125 3864 3318 3919 amicis
3362 3865 3459 3918 ad-

1889 3954 2196 4008 mirationis
2219 3954 2272 4006 in
2294 3967 2552 4022 sponsam
2578 3953 2870 4006 maximam
2891 3956 3070 4007 attulit
3095 3954 3457 4010 affectionem.

1887 4041 2020 4096 Nam
2063 4059 2184 4097 cum
2238 4046 2309 4097 sit
2348 4043 2546 4112 duplex
2578 4043 2772 4096 anima:
2813 4043 3027 4097 videndi
3069 4047 3352 4112 operatio,
3406 4055 3462 4102 et

1889 4131 2056 4185 altera
2084 4133 2300 4198 quidem
2326 4131 2508 4184 videat
2532 4132 2836 4196 veritatem,
2869 4135 3036 4186 altera
3061 4151 3190 4189 vero
3213 4145 3463 4190 versetur

1889 4223 1944 4276 in
1979 4223 2140 4277 rebus
2169 4223 2320 4277 vanis
2363 4242 2376 4278 :
2432 4223 2874 4294 quandoquidem
2921 4226 3070 4278 circa
3104 4227 3276 4280 solam
3331 4228 3462 4282 boni

1889 4324 2138 4368 naturam
2193 4323 2415 4385 apertus
2462 4325 2547 4369 est
2595 4331 2766 4383 purus
2815 4330 3028 4384 sponsa:
3059 4317 3274 4381 oculus,
3328 4319 3464 4373 alter

1889 4415 2068 4460 autem
2097 4405 2256 4476 plane
2297 4406 2507 4459 otiosus
2543 4413 2662 4471 est;
2695 4408 2786 4460 uni
2827 4423 2894 4460 ex
2925 4407 3098 4461 oculis
3133 4409 3290 4463 amici
3343 4409 3462 4462 lau-

1889 4499 2010 4551 dem
2042 4497 2315 4560 tribuunt,
2347 4511 2444 4566 per
2473 4512 2632 4565 quem
2669 4497 2842 4550 solum
2869 4497 3016 4550 illum
3041 4498 3460 4567 contemplatur,

209 4595 304 4648 τόν
331 4595 570 4658 ἔπαινον,
604 4595 670 4648 δι’
697 4589 758 4648 οῦ
795 4595 956 4666 μόνου
984 4594 1178 4666 θεωρεῖ
1211 4595 1302 4648 τὸν
1353 4594 1532 4664 μόνον,
1580 4596 1784 4647 ἐκεῖνον

1891 4589 2065 4650 illum,
2111 4589 2356 4656 inquam,
2404 4589 2580 4642 solum
2608 4592 2701 4657 qui
2747 4589 3227 4657 comprehenditur
3263 4590 3316 4666 in
3357 4590 3456 4642 im-

209 4687 354 4754 λέγω
383 4687 472 4739 τὸν
499 4688 680 4756 μόνον,
711 4688 800 4740 τὸν
827 4689 884 4740 ὲν
911 4689 976 4756 τῇ
1001 4687 1258 4758 ἀτρέπτῳ
1289 4703 1348 4738 τε
1382 4686 1474 4738 καὶ
1511 4685 1664 4752 ἀϊδίῳ
1687 4702 1786 4738 κα-

205 4778 688 4848 ταλαμῦανόμενον
717 4779 898 4846 φύσει,
931 4778 1022 4832 τόν
1050 4796 1108 4830 τε
1133 4777 1384 4848 ἀληθινὸν
1423 4777 1662 4847 Πατέρα,
1692 4777 1786 4830 καὶ

205 4871 300 4924 τὸν
330 4870 588 4939 μονογενῆ
630 4869 778 4933 Υἰὸν,
809 4871 902 4922 καὶ
929 4869 990 4922 τὸ
1019 4869 1171 4936 ἆγιον
1205 4869 1446 4937 Πνεῦμα.
1479 4869 1654 4922 Μόνον
1681 4869 1785 4938 γάρ

205 4961 357 5012 ἐστιν
392 4958 468 5021 ὡς
497 4958 728 5028 ἀληθῶς.
761 4957 822 5009 τὸ
847 4959 904 5010 ἐν
938 4959 1036 5027 μιᾷ
1061 4957 1431 5028 θεωρούμενον
1459 4957 1640 5026 φύσει,
1685 4975 1788 5027 μη-

205 5051 332 5108 δένα
359 5051 636 5120 χωρισμὸν
663 5049 696 5119 ἢ
727 5049 1078 5119 ἀλλοτρίωσιν
1105 5051 1202 5120 τῆς
1236 5051 1376 5102 κατά
1410 5051 1510 5113 τὰς
1540 5051 1780 5103 ὑποστά-

209 5159 324 5205 σεις
348 5142 608 5212 διαφορᾶς
639 5142 988 5212 ἐμποιούσης.
1038 5141 1158 5194 Elei.
1203 5143 1310 5212 γάρ
1339 5159 1482 5205 τινες
1508 5143 1558 5195 οἳ
1598 5143 1782 5210 διαφό-

207 5251 326 5306 ροις
351 5233 646 5303 ὀφθαλμοῖς
667 5233 852 5296 κακῶς
879 5233 1008 5301 περὶ
1032 5233 1121 5286 τὸν
1143 5232 1483 5303 ἀνύπαρκτον
1505 5233 1780 5296 ὀξυωποῦ-

208 5341 314 5387 σιν,
365 5325 442 5386 εἰς
485 5323 685 5386 πολλὰς
729 5323 918 5392 φύσεις
960 5323 1022 5376 τὺ
1042 5322 1103 5376 ἓν
1140 5326 1261 5387 ταῖς
1305 5322 1412 5375 τῶν
1444 5322 1780 5392 διαστρόφων

203 5414 500 5492 ὀφθαλμῶν
549 5416 868 5486 φαντασίαις
918 5415 1405 5486 καταμερίζοντες·
1451 5407 1595 5466 οὗτοί
1646 5417 1783 5466 εἰσιν

203 5507 257 5561 οἱ
288 5505 564 5576 λεγόμενοι
604 5507 748 5560 πολὺ
769 5506 1074 5578 βλέποντες,
1105 5508 1156 5560 οἱ
1193 5506 1280 5561 διὰ
1321 5507 1413 5560 τοῦ
1455 5505 1624 5558 πολλά
1658 5504 1777 5574 βλέ-

1889 4681 2134 4734 mutabili
2166 4688 2220 4734 et
2255 4688 2459 4732 aeterna
2507 4687 2725 4742 natura,
2773 4696 2964 4749 nempe
2994 4695 3182 4732 verum
3219 4659 3458 4743 Patrem,
3559 4677 3566 4683 ’

1885 4776 1939 4822 et
1967 4769 2302 4838 unigenitum
2327 4767 2549 4832 Filium,
2577 4775 2632 4822 et
2663 4777 2912 4822 sanctum
2955 4769 3239 4838 Spiritum.
3273 4767 3458 4821 Solum

1884 4861 2028 4914 enim
2065 4876 2189 4913 vere
2214 4868 2298 4914 est
2329 4861 2376 4912 id
2414 4861 2560 4930 quod
2591 4869 2696 4922 est,
2737 4859 2880 4928 quod
2923 4861 2976 4912 in
3011 4875 3114 4911 una
3147 4859 3462 4913 considera-

1887 4959 1974 5004 tur
2006 4959 2221 5014 natura,
2255 4951 2459 5004 nullam
2486 4949 2742 5004 aiferente
2773 4949 3170 5019 separationem
3202 4957 3296 5002 aut
3327 4951 3458 5004 alie-

1889 5043 2168 5096 nationem
2201 5041 2504 5096 diﬂerentia
2531 5056 2652 5109 quae
2685 5047 2770 5094 est
2804 5041 2856 5092 in
2887 5040 3293 5109 hypostasibus.
3323 5039 3462 5092 Sunt

1888 5139 2032 5192 enim
2057 5137 2304 5190 nonnulli
2331 5136 2423 5206 qui
2457 5137 2512 5188 in
2538 5135 2767 5189 diversis
2792 5133 2966 5186 oculis
2995 5133 3135 5185 male
3162 5143 3288 5184 sunt
3315 5131 3460 5186 acris

1889 5233 2040 5284 visus
2082 5231 2138 5282 in
2185 5228 2240 5282 id
2277 5226 2424 5297 quod
2457 5242 2563 5280 non
2594 5233 2768 5294 potest
2803 5225 3122 5288 consistere,
3175 5225 3230 5276 in
3259 5224 3458 5276 multas

1888 5321 2273 5390 dispertientes
2295 5329 2519 5373 naturas
2538 5319 2590 5372 id
2617 5317 2760 5388 quod
2783 5333 2948 5370 unum
2969 5323 3050 5370 est
3075 5329 3456 5384 perversorum

1888 5415 2171 5469 oculorum
2228 5411 2550 5468 visionibus.
2597 5409 2637 5463 li
2681 5419 2810 5465 sunt
2850 5410 2944 5478 qui
2993 5409 3252 5462 dicuntur
3293 5409 3460 5460 multa

1889 5506 2156 5569 videntes,
2183 5505 2276 5574 qui
2300 5511 2584 5574 propterea
2612 5501 2755 5572 quod
2789 5499 2956 5555 multa
2993 5499 3290 5570 aspiciunt,
3323 5496 3464 5554 nihil

277 5685 328 5720 "
362 5683 568 5744 lJoan.
609 5703 686 5756 ιν,
723 5687 808 5743 12.
885 5689 928 5719 ⁷⁵
965 5685 983 5740 l
1021 5685 1256 5742 Timotli.
1291 5701 1364 5752 vt,
1411 5685 1494 5739 16.
1573 5683 1616 5714 τ’
1655 5679 1786 5750 Eph:

1895 5695 1968 5738 iv.
2013 5681 2101 5734 l5.
