3854 6216
445 305 544 364 951

1693 312 1750 370 3.
1776 314 2106 374 GREGORII
2143 317 2436 376 ΝῖδδΕΝι

3620 322 3736 380 932

447 425 686 482 vident:
734 437 790 485 et
835 441 1109 502 quatenus
1155 449 1301 491 num:
1347 435 1570 506 quidem
1605 435 1773 493 Deum
1819 437 2016 504 vident,

2134 459 2258 495 πειν
2279 444 2514 514 ὁρῶντες
2535 444 2685 499 οὐδέν
2709 460 2725 476 σ
2766 445 2860 499 καὶ
2886 445 2999 498 ὅσοι
3026 443 3123 498 νῦν
3157 444 3257 516 μὲν
3293 442 3430 515 πρὸς
3450 441 3548 497 τὸν
3586 442 3728 495 Θεὸν

449 531 646 574 rursus
683 528 866 575 autem
897 523 954 576 in
997 526 1378 584 materialihus
1407 528 1672 584 oberrant
1701 529 2030 597 visionibus,

447 615 578 664 eum
627 611 835 684 indigni
883 630 1025 686 quos
1073 616 1330 677 laudibus
1379 629 1784 692 prosequantur
1829 623 2029 694 angeli,

443 709 504 754 ut
547 702 642 772 qui
683 715 1017 763 evanescant
1053 709 1106 764 iu
1162 713 1470 782 phantasiis
1517 729 1707 768 eorutn
1757 729 1880 785 quae
1920 731 2028 770 non

443 805 676 863 possunt
721 814 868 856 esse.
905 800 1009 867 Qui
1049 811 1233 861 autem
1286 805 1355 861 ad
1405 805 1574 861 Deum
1615 807 1791 862 solum
1827 809 2030 864 acriter

443 884 712 955 intuetur,
746 902 832 947 est
861 908 1040 951 caecus
1074 896 1128 950 in
1158 897 1282 952 aliis
1319 899 1598 963 omnibus,
1632 900 1854 970 ad.quae
1884 901 2028 970 vulgi

444 976 704 1050 dirigitur
734 993 1011 1055 aspectus.
1051 985 1349 1060 Propterea
1379 1006 1490 1046 uno
1519 991 1804 1047 oculorum
1833 993 2028 1048 amicis

445 1066 603 1124 aiiert
633 1086 836 1144 sponsa
860 1076 1299 1136 admirationem.
1333 1080 1427 1137 Est
1445 1098 1575 1153 ergo
1599 1097 1778 1138 caecus
1804 1083 2026 1154 quidem

443 1161 493 1214 is
545 1163 639 1232 qui
690 1166 895 1224 multos
925 1168 1090 1226 habet
1116 1172 1330 1238 oculos,
1387 1174 1483 1244 qui
1525 1175 1721 1230 multis
1751 1176 1929 1229 oculis
1959 1179 2026 1230 ad

439 1264 580 1307 vana
625 1257 822 1326 aspicit
857 1260 980 1316 :ille
1008 1271 1190 1318 autem
1226 1271 1314 1322 est
1354 1265 1501 1322 acris
1532 1266 1684 1322 visus
1714 1275 1768 1322 et
1813 1269 2026 1338 perspi-

439 1357 566 1411 cax,
599 1347 693 1417 qui
720 1363 818 1420 per
848 1367 1017 1408 unum
1051 1357 1248 1411 animae
1268 1357 1488 1412 oculum
1517 1357 1584 1412 ad
1616 1359 1792 1413 solum
1820 1357 2024 1413 bonum

439 1435 658 1506 aspicit.

395 1597 408 1606 χ
509 1527 775 1596 Quaenam
806 1534 880 1590 sit
913 1545 1097 1593 autem
1127 1538 1220 1593 illa
1254 1556 1388 1608 una,
1421 1551 1517 1598 aut
1543 1544 1674 1614 quid
1702 1545 1774 1601 sit
1799 1553 2026 1616 torques

439 1619 568 1674 colli
599 1636 838 1692 sponsae,
872 1640 984 1682 non
1013 1636 1099 1684 est
1125 1629 1353 1686 difﬁcile
1391 1632 1752 1690 considerare
1802 1649 1899 1704 per
1959 1649 2025 1690 ea

436 1723 562 1780 quae
603 1711 828 1770 fuerunt
887 1719 1044 1788 prius
1086 1723 1430 1789 examinata,
1493 1724 1715 1781 etiamsi
1767 1727 2024 1782 videatur

2131 537 2316 608 ὁρῶσι,
2346 539 2508 593 πάλιν
2538 541 2596 594 δὲ
2631 543 2750 604 ταῖς
2777 540 2988 604 ὑλικαῖς
3023 539 3341 610 φαντασίαις
3369 536 3725 591 ἐπιπλανῶν-

2130 643 2242 690 ται,
2272 630 2480 697 ἀνάξιοι
2508 631 2609 702 τῆς
2636 631 2744 685 τῶν
2786 631 3035 702 ἀγγέλων
3073 631 3348 702 εὐφημίας
3387 629 3556 692 εἰσὶν,
3598 631 3723 688 ταῖς

2129 717 2238 774 τῶν
2274 723 2639 796 ἀνυπάρκτων
2680 725 3001 794 φαντασίαις
3026 725 3519 796 ἑμματαιάζοντες.
3564 722 3629 775 '0
3668 719 3727 772 δὲ

2131 815 2268 885 πρὸς
2300 816 2458 886 μόνον
2487 817 2546 870 τὸ
2563 815 2717 870 Θεῖον
2743 816 3022 884 ὀξυωπῶν,
3061 817 3258 886 τυφλὸς
3287 817 3347 870 ὲν
3389 818 3506 879 τοῖς
3540 815 3725 878 ἄλλοις

2130 909 2297 963 πᾶσίν
2347 911 2484 976 ἐστι,
2531 911 2667 984 πρὸς
2719 911 2864 983 ἅπερ
2907 911 2964 963 αί
3006 909 3115 963 τῶν
3163 908 3374 963 πολλῶν
3420 907 3730 979 βλέπουσιν

2130 1000 2302 1070 ὀψεις.
2333 1003 2433 1056 Διὰ
2464 1001 2621 1057 τοῦτο
2646 1002 2723 1074 τῷ
2751 1003 2832 1056 ἑνὶ
2857 1002 2966 1054 τῶν
2988 999 3281 1072 ὀφθαλμῶν
3305 1001 3450 1054 ποιεῖ
3474 1001 3603 1062 τοῖς
3636 998 3728 1066 φί-

2129 1092 2240 1157 λοις
2279 1096 2314 1165 ἡ
2342 1094 2530 1166 νύμφη
2553 1095 2615 1148 τὸ
2651 1094 2857 1166 θαῦμα.
2891 1093 3100 1148 Οὐκοῦν
3125 1093 3321 1161 τυφλὸς
3349 1093 3448 1162 μέν
3495 1093 3656 1144 ἐστιν
3697 1092 3730 1142 ὀ

2128 1186 2530 1257 πολυόμματος,
2571 1191 2601 1241 ὀ
2643 1188 2780 1261 πρὸς
2807 1187 2878 1241 τὰ
2917 1188 3122 1258 μάταια
3167 1187 3380 1250 πολλοῖς
3411 1184 3730 1254 ὀφθαλμοῖς

2129 1276 2361 1346 βλέπων.
2429 1277 2750 1351 Ὀξυδερκὴς
2792 1280 2849 1334 δὲ
2893 1279 2988 1332 καὶ
3037 1277 3341 1348 διορατικὸς
3391 1279 3644 1339 ἐκεῖνος,
3695 1278 3724 1329 ὀ

2126 1369 2193 1423 δι’
2222 1371 2342 1434 ὲνός
2363 1370 2457 1424 τοῦ
2487 1370 2586 1441 τῆς
2613 1371 2796 1442 ψυχῆς
2822 1369 3105 1440 ὀφθαλμοῦ
3130 1369 3266 1441 πρὸς
3295 1369 3456 1441 μόνον
3481 1367 3553 1420 τὺ
3579 1368 3724 1435 ἀγα-

2128 1459 2219 1514 θὸν
2258 1461 2491 1531 βλέπων.

2196 1551 2292 1616 τίς
2331 1553 2426 1607 καὶ
2453 1551 2634 1623 ἐκείνη
2668 1552 2814 1605 ἐστὶν
2851 1553 2886 1622 ἡ
2935 1551 3054 1622 μία,
3091 1550 3124 1622 ἦ
3168 1551 3221 1603 τί
3265 1550 3327 1604 rb
3365 1549 3576 1621 ἔνθεμα
3622 1550 3726 1602 τοῦ

2124 1645 2398 1716 τραχήλου
2443 1645 2546 1716 τῆς
2589 1645 2828 1716 νύμφης,
2873 1645 2932 1697 οὐ
2979 1645 3212 1716 χαλεπὸν
3249 1643 3318 1698 ἂν
3343 1644 3430 1714 εἴη
3471 1643 3570 1696 διὰ
3605 1643 3725 1695 τῶν

2127 1736 2510 1808 ὲξητασμένων
2551 1735 2979 1805 ἐπιλογίσασθαι,
3025 1735 3130 1791 κᾶν
3157 1737 3286 1806 δοκῇ
3329 1753 3447 1799 πως
3487 1736 3717 1804 ἀσαφὴς

438 1803 702 1862 dictionis
731 1817 1022 1868 contextus
1043 1827 1167 1868 esse
1187 1815 1504 1872 obscurior.
1536 1819 1617 1871 Ita
1640 1818 1787 1874 enim
1819 1819 2016 1876 habet:

2125 1795 2495 1900 h'iéﬁtq'sivat
2525 1827 2667 1882 κατὰ
2699 1795 2798 1898 τὴν
2829 1795 3159 1898 σύμφρασιν.
3194 1795 3347 1880 Οῦτω
3367 1795 3476 1897 γαρ
3498 1827 3530 1878 ὁ

436 1894 546 1952 Cor
573 1898 819 1955 indidisti
844 1904 992 1959 uobis
1031 1921 1134 1961 uno
1160 1921 1227 1961 ea:
1253 1909 1421 1964 oculis
1450 1915 1554 1964 tuis
1576 1911 1629 1964 in
1655 1926 1784 1974 una,
1817 1912 1871 1966 in
1907 1922 2021 1967 tore

435 2004 536 2058 que
565 1991 692 2045 colli
722 1996 822 2058 tui,
852 1994 990 2050 adeo
1014 2006 1072 2050 ut
1103 1997 1238 2053 illud
1269 2001 1511 2070 quidem,
1545 1999 1611 2055 In
1661 2018 1790 2067 una,
1821 2017 2022 2059 conve-

435 2078 555 2132 niat
584 2079 634 2134 ei
662 2082 806 2151 quod
843 2081 960 2139 Uno
986 2101 1052 2140 ea:
1077 2087 1246 2143 oculis
1291 2091 1419 2156 tuis,
1453 2091 1887 2164 intelligentibus
1916 2110 2019 2148 no-

434 2168 521 2224 bis
540 2186 607 2226 ex
636 2178 1010 2247 assumptione
1041 2179 1195 2246 illud,
1222 2179 1289 2236 In
1314 2198 1421 2237 una
1449 2185 1652 2240 anima.
1677 2185 1856 2242 Multa
1872 2188 2018 2242 enim

434 2271 566 2318 sunt
597 2265 652 2320 in
688 2268 1022 2339 unoquoque
1058 2272 1458 2329 ineruditorum
1487 2278 1702 2343 animae,
1731 2279 1785 2332 in
1817 2280 2019 2349 quibus

431 2355 602 2412 animi
625 2361 1066 2430 perturbationes
1083 2381 1176 2435 per
1197 2366 1538 2423 dominatum
1562 2385 1722 2440 quem
1745 2372 2016 2437 obtinent,

432 2459 723 2508 transeunt
753 2455 808 2508 in
843 2471 1025 2511 mores
1064 2457 1281 2525 animae,
1302 2460 1368 2515 ad
1406 2459 1648 2517 dolorem
1680 2471 1734 2518 et
1764 2466 2018 2534 volupta-

431 2553 564 2608 tem,
597 2553 690 2599 aut
717 2547 853 2601 iram
882 2557 936 2604 et
983 2558 1208 2615 metum,
1244 2565 1310 2606 ac
1363 2551 1711 2610 formidinem
1746 2563 1800 2610 et
1845 2559 2018 2612 contio

429 2637 669 2692 dentiam
705 2647 916 2694 mutato
941 2642 1260 2698 charactere
1285 2643 1500 2698 animae.
1533 2643 1634 2711 Qui
1667 2653 1846 2701 autem
1878 2649 2018 2718 aspi-

427 2731 507 2785 cit
537 2732 604 2786 ad
637 2731 964 2788 unitormem
1000 2735 1267 2790 rationem
1302 2737 1427 2792 vita:
1451 2753 1573 2809 quae
1606 2741 1785 2810 agitur
1813 2757 1877 2796 ex
1907 2742 2018 2796 vir-

429 2831 566 2890 tute,
593 2823 736 2894 quod
763 2841 869 2879 una
901 2826 1081 2880 anima
1113 2828 1281 2894 vivat,
1308 2830 1476 2885 latum
1511 2840 1596 2886 est
1620 2833 2014 2889 testimonium.

432 2914 524 2972 Sic
545 2933 674 2988 ergo
702 2917 1086 2990 distinguenda
1104 2929 1189 2976 est
1215 2925 1412 2989 oratio,
1439 2925 1585 2996 quod
1614 2925 1746 2980 illud
1772 2927 2012 2997 quidem,

428 3011 488 3066 In
514 3027 640 3074 una,
681 3013 1041 3081 conjunctum
1093 3013 1142 3068 ei
1175 3015 1245 3070 sit
1277 3017 1422 3086 quod
1455 3018 1756 3087 praecessit,
1818 3021 1900 3074 sic
1948 3036 2015 3075 ex

2125 1923 2288 1991 φπσίν
2313 1940 2327 1953 ·
2379 1923 2458 1975 ὅτι
2495 1921 2892 1990 Ἐκαρδίωσας
2922 1920 3079 1991 ἡμᾶς
3110 1921 3198 1975 ἐνὶ
3229 1919 3347 1975 ἀπὸ
3379 1920 3716 1988 ὀφθαλμῶν

2123 2028 2239 2066 σου
2266 2012 2334 2066 ἐν
2357 2009 2492 2082 μιᾷ,
2539 2010 2814 2080 ἐνθέματι
2842 2011 3149 2079 τραχήλου
3183 2028 3320 2070 σου.
3375 2010 3452 2072 ὡς
3490 2008 3557 2061 τὸ
3605 2009 3716 2078 μὲν

2135 2105 2240 2158 Ἐν
2273 2102 2402 2174 μιᾷ,
2447 2103 2736 2175 σύμφωνον
2771 2097 2909 2155 εἶναι
2938 2101 3016 2173 τῷ
3061 2103 3183 2157 Ἑνὶ
3228 2101 3348 2156 ἀπὸ
3378 2099 3718 2170 ὀφθαλμῶν

2122 2213 2260 2262 σου,
2294 2196 2556 2250 νοούντων
2597 2197 2755 2267 ἡμῶν
2795 2195 2936 2251 κατὰ
2966 2195 3279 2268 παράληψιν
3340 2193 3401 2247 τὸ
3456 2194 3563 2248 Ἐν
3593 2190 3709 2262 μιᾷ

2120 2287 2313 2358 ψυχῇ.
2352 2289 2552 2342 Πολλαὶ
2592 2289 2699 2358 γὰρ
2721 2290 2778 2341 ὲν
2803 2289 3016 2356 ἑκάστῳ
3043 2288 3282 2356 γίνονται
3311 2285 3416 2338 τῶν
3441 2283 3709 2339 ἀπαιδεύ-

2119 2398 2228 2434 των
2259 2381 2450 2453 ψυχαὶ,
2497 2383 2555 2435 ὲν
2599 2376 2680 2445 οἷς
2714 2381 2784 2434 τὰ
2829 2380 2977 2451 πάθη
3019 2380 3108 2433 διὰ
3145 2380 3242 2450 τῆς
3283 2379 3708 2447 ὲπικρατήσεως

2120 2476 2200 2536 είς
2231 2474 2322 2527 τὸν
2346 2473 2446 2544 τῆς
2469 2471 2646 2544 ψυχῆς
2677 2473 2842 2526 τόπον
2865 2471 3332 2543 ἀντιμεθίσταται,
3358 2469 3491 2538 πρὸς
3521 2467 3708 2539 λύπην

2119 2567 2213 2620 καὶ
2239 2566 2454 2637 ἡδονὴν,
2481 2563 2650 2635 θυμὸν
2677 2564 2771 2617 καὶ
2800 2563 2984 2634 φόὄον,
3014 2562 3107 2616 καί
3127 2561 3329 2615 δειλίαν
3349 2560 3443 2614 καὶ
3476 2559 3703 2631 θράσος,

2122 2655 2591 2731 μεταϐαλλομένου
2635 2654 2732 2709 τοῦ
2770 2655 2868 2726 τῆς
2906 2653 3086 2725 ψυχῆς
3125 2652 3492 2724 χαρακτῆρος.
3548 2651 3614 2703 Ἡ
3643 2649 3708 2703 δὲ

2119 2749 2257 2820 πρὸς
2281 2749 2371 2802 τὸν
2409 2748 2570 2817 λόγον
2601 2747 2788 2820 δρῶσα
2811 2746 2890 2818 τῷ
2933 2744 3194 2818 μονοειδεί
3216 2744 3318 2815 τῆς
3352 2743 3471 2796 κατ’
3494 2744 3704 2815 ἀρετὴν

2119 2839 2266 2912 ζωῆς
2297 2843 2394 2913 μιᾷ
2424 2841 2569 2913 ψυχῇ
2619 2842 2787 2912 συζῇν
2827 2839 3264 2912 μεμαρτύρηται.
3300 2836 3510 2891 Οὐκοῦν
3558 2835 3708 2890 οὕτω

2116 2931 2460 2985 διασταλτέον
2491 2931 2582 2984 τὸν
2614 2930 2790 3001 λόγον,
2840 2931 2916 2996 ὡς
2946 2930 3008 2985 τὸ
3043 2930 3143 3000 μὲν
3201 2930 3302 2983 Ἐν
3326 2925 3454 2997 μιᾷ,
3487 2925 3569 2997 τῷ
3605 2927 3700 2980 λαο

2118 3022 2266 3076 δόντι
2316 3022 2661 3093 συνημμένον
2711 3019 2850 3074 εἶναι
2898 3020 3040 3076 κατὰ
3065 3021 3166 3092 τὴν
3192 3019 3402 3073 ἔννοιαν
3433 3017 3706 3072 νοούντων

431 3103 630 3157 mentis
653 3107 1012 3176 conceptione
1037 3105 1200 3162 nobis
1223 3108 1679 3180 intelligentibus,
1707 3120 1802 3164 aut
1825 3113 1875 3164 in
1905 3127 2013 3166 una

2120 3113 2357 3184 ἡμῶν.ῆ
2392 3115 2452 3166 ἐν
2478 3115 2574 3184 μιᾷ
2623 3111 2789 3184 ψυχῇ,
2821 3113 2936 3183 ἢὲν
2991 3113 3089 3183 μιᾷ
3136 3110 3491 3165 καταστάσει.
3527 3108 3606 3162 Tb
3644 3107 3702 3161 δὲ

429 3195 633 3255 anima.
673 3204 764 3249 aut
799 3196 850 3250 iu
900 3213 1011 3250 uno
1057 3204 1225 3252 statu.
1261 3198 1319 3253 id
1358 3208 1540 3254 autem
1579 3202 1724 3271 quod
1759 3201 2016 3273 deinceps

428 3289 676 3358 sequitur
715 3289 882 3342 alium
920 3289 1085 3346 habet
1124 3306 1372 3355 sensum,
1409 3309 1605 3364 nempe
1645 3305 1852 3364 torques
1891 3295 2016 3350 colli

430 3380 535 3434 tui:
561 3391 618 3434 ut
647 3381 690 3436 si
719 3381 844 3450 quis
866 3382 1032 3448 dicat,
1058 3391 1231 3438 totum
1254 3383 1550 3442 traducens
1576 3387 1641 3442 ad
1665 3404 1882 3444 sensum
1905 3389 2016 3442 cla-

428 3468 664 3524 riorem:
700 3467 764 3522 Et
795 3487 937 3526 unus
963 3482 1048 3527 est
1078 3473 1175 3527 tibi
1205 3475 1422 3540 oculus,
1443 3484 1498 3531 et
1520 3478 1698 3531 anima
1724 3495 1853 3542 una,
1883 3481 2012 3534 dum

429 3559 484 3613 in
515 3577 685 3615 unum
732 3562 981 3632 respicis.
1011 3574 1299 3636 propterea
1332 3567 1477 3638 quod
1509 3583 1615 3622 non
1651 3580 2016 3639 cegnoscatur

429 3668 497 3706 cx
523 3651 760 3708 diversis
804 3653 1206 3712 aﬂectiouibus.
1260 3655 1324 3711 Et
1364 3658 1502 3712 situs
1545 3658 1670 3712 colli
1702 3659 1780 3712 tui
1835 3659 2014 3729 perfe-

429 3743 665 3800 ctionem
697 3745 879 3805 habet.
906 3764 1030 3802 cum
1061 3749 1306 3803 divinum
1331 3750 1519 3820 jugum
1555 3752 1859 3807 sustulerit.
1878 3751 2011 3806 Nam

429 3835 584 3890 visus
618 3835 671 3890 in
699 3838 823 3892 colli
851 3838 1072 3908 quidem
1105 3847 1300 3911 torque
1332 3840 1479 3896 videt
1521 3840 1727 3898 Christi
1776 3842 1968 3913 jugum
1996 3862 2010 3900 :

429 3925 488 3980 in
537 3925 828 3982 affectione
877 3936 1056 3985 autem
1109 3930 1162 3985 in
1205 3947 1331 3987 eum
1360 3931 1452 4002 qui
1501 3939 1587 3988 est.
1623 3949 1752 3988 vere
1811 3934 2010 3994 bonus.

430 4033 600 4072 unum
632 4019 853 4074 oculum
883 4027 938 4075 et
967 4038 1130 4076 unam
1168 4023 1429 4079 animam.
1449 4022 1744 4095 Propterea
1788 4026 2013 4080 conﬁte-

429 4121 554 4164 mur
575 4111 720 4181 (ιιιοά
747 4111 860 4168 tuis
885 4113 1168 4169 miraculis
1196 4130 1292 4169 cor
1324 4115 1594 4175 indidisti.
1631 4133 1798 4171 unum
1827 4126 2014 4172 osten-

427 4202 568 4258 deus
597 4205 840 4267 oculum,
874 4212 930 4259 et
962 4220 1127 4259 unam
1163 4207 1403 4260 animam
1439 4207 1493 4262 in
1523 4216 1718 4278 torque
1742 4208 1866 4261 cuili
1890 4209 1966 4262 tui
1993 4228 2007 4262 :

427 4304 654 4366 torques
694 4302 876 4352 autem
923 4296 1048 4351 colli
1093 4312 1310 4367 sponsa:
1349 4307 1434 4354 est
1471 4298 1660 4369 jugum
1703 4299 2008 4370 quoddam,

434 4388 578 4444 sicut
603 4388 864 4445 diximus.
886 4388 1060 4459 Atque
1083 4389 1196 4444 haec
1225 4389 1443 4457 quidem
1468 4399 1553 4446 est
1582 4391 1822 4447 laudatio
1844 4407 2009 4460 ange-

2117 3203 2314 3274 ἐφεξῆς
2343 3203 2534 3274 ἑτέραν
2560 3203 2672 3274 ἔχει
2701 3203 2939 3257 διάνοιαν
2957 3220 2973 3236 ο
3002 3203 3063 3256 τὸ
3094 3202 3402 3272 Ἐνθέματι
3428 3199 3535 3254 τοῦ
3561 3216 3685 3267 τρο

2117 3297 2312 3364 χήλου
2357 3295 2510 3350 σοῦ·
2567 3295 2644 3359 ὡς
2675 3294 2741 3349 ἄν
2788 3311 2873 3359 τις
2917 3294 3036 3348 ὅλον
3079 3292 3216 3365 πρὸς
3254 3293 3317 3347 τδ
3365 3291 3700 3362 σαφέστερον

2121 3389 2467 3460 μεταϐάλλων
2498 3386 2662 3452 είποι,
2692 3388 2772 3441 ὅτι
2808 3387 2910 3441 Σου
2931 3391 3024 3444 καὶ
3063 3386 3092 3439 ὀ
3119 3384 3392 3456 ὀφθαλμὸς
3434 3377 3514 3446 εἷς
3551 3385 3702 3435 ἐστιν

2117 3481 2174 3533 ὲν
2207 3478 2284 3550 τῷ
2331 3479 2468 3551 πρὸς
2501 3477 2558 3531 ἓν
2604 3477 2854 3548 βλέπεινο
2903 3477 2998 3530 καὶ
3039 3475 3185 3548 ψυχὴ
3233 3477 3354 3547 μία,
3382 3475 3471 3528 διὰ
3512 3475 3576 3526 τὸ
3623 3474 3703 3546 μὴ

2117 3572 2253 3641 πρὸς
2279 3570 2565 3641 διαφόρους
2607 3569 2875 3633 διαθέσεις
2922 3567 3260 3640 μερίζεσθαι.
3317 3567 3427 3620 Καὶ
3469 3568 3502 3636 ὴ
3551 3566 3702 3630 θέσις

2116 3661 2209 3714 τοῦ
2261 3662 2531 3734 τραχήλου
2565 3679 2660 3715 σου
2704 3661 2766 3714 τὸ
2815 3660 3016 3715 τέλειον
3048 3659 3182 3730 ἔχει,
3233 3657 3325 3712 τὸν
3361 3657 3504 3711 θεῖον
3537 3657 3700 3726 ζυγὸν

2117 3755 2199 3822 ἐφ’
2228 3752 2420 3824 ἑαυτὴν
2457 3752 2724 3824 ἀραμένη.
2773 3751 2928 3805 Ἐπεὶ
2961 3746 3054 3805 οὖν
3079 3751 3137 3804 ὲν
3187 3751 3288 3821 μὲν
3314 3748 3392 3820 τῷ
3439 3749 3702 3820 ὲνθέματι

2109 3844 2208 3898 ’τοῦ
2237 3844 2506 3916 τραχήλου
2535 3842 2627 3896 σοῦ
2652 3843 2745 3896 τὸν
2771 3840 2866 3896 τοῦ
2896 3840 3134 3913 Χριστοῦ
3163 3842 3378 3913 ὁρῶμεν
3404 3841 3571 3908 ζυγόν
3597 3858 3609 3870 ·
3639 3843 3707 3894 ὲν

2113 3936 2167 3990 δὲ
2208 3939 2272 4006 τῇ
2308 3937 2436 4007 περὶ
2481 3935 2542 3989 τὸ
2564 3935 2733 3997 ὅντως
2765 3932 2969 4003 ἀγαθὸν
2993 3933 3252 3997 διαθέσει,
3287 3932 3384 3985 ἕνα
3417 3931 3704 4002 ὀφθαλμὸν

2116 4029 2210 4081 καὶ
2263 4027 2392 4097 μίαν
2438 4025 2636 4099 ψυχήν·
2702 4025 2787 4082 διὰ
2814 4025 2970 4080 τοῦτο
3022 4024 3394 4095 ὁμολογοῦμεν
3445 4024 3526 4076 ὄτι
3585 4026 3697 4088 τοῖς

2117 4119 2226 4179 σοῖς
2287 4116 2433 4188 ἡμᾶς
2485 4113 2759 4187 θαύμασιν
2804 4115 3177 4186 ὲκαρδίωσας,
3232 4115 3328 4168 ἕνα
3376 4113 3701 4169 δεικνύουσα

2112 4208 2388 4279 ὀφθαλμὸν
2416 4208 2510 4260 καὶ
2555 4207 2685 4278 μίαν
2711 4205 2891 4277 ψυχὴν
2918 4207 2979 4259 ὲν
3022 4205 3103 4276 τῷ
3153 4206 3410 4276 ὲνθέματι
3439 4206 3536 4260 τοῦ
3568 4224 3697 4277 τρα-

2113 4301 2276 4372 χήλου
2327 4298 2454 4353 σοῦ·
2510 4299 2712 4370 ἔνθεμα
2757 4298 2814 4352 δὲ
2860 4295 2956 4351 τοῦ
3009 4297 3282 4370 τραχήλου
3328 4295 3433 4367 τῆς
3478 4298 3700 4368 νύμφης

2112 4392 2142 4442 ὁ
2196 4390 2358 4457 ζυγός
2414 4391 2566 4456 ἐστι,
2623 4388 2806 4454 καθὼς
2875 4388 3111 4460 εἴρηται.
3192 4387 3343 4460 Αὕτη
3412 4389 3608 4456 μενοῦν
3655 4390 3693 4460 ἡ

429 4482 610 4536 lorum
633 4497 741 4552 qua
764 4496 1022 4551 sponsam
1055 4489 1182 4537 sunt
1210 4481 1486 4551 prosecuti
1518 4491 1739 4552 propter
1762 4483 2010 4552 pulchri-

2120 4481 2224 4534 τῶν
2266 4480 2512 4551 ἀγγέλων
2577 4483 2724 4534 ἐστιν
2771 4480 3049 4553 εὐφημία,
3110 4481 3178 4552 ἢν
3225 4481 3320 4534 ἐπὶ
3375 4479 3459 4551 τῷ
3513 4481 3695 4534 κάλλει

427 4574 670 4630 tudinem
711 4592 726 4627 :
775 4588 872 4627 eos
920 4573 1066 4628 enim
1091 4573 1609 4644 comprehendimus
1640 4589 1764 4629 esse
1803 4575 2009 4631 amicus

428 4668 643 4738 sponsi.
676 4666 753 4723 Ne
779 4667 1034 4722 videatur
1059 4675 1241 4721 autem
1271 4682 1393 4722 esse
1444 4667 1736 4720 temeraria
1786 4677 1839 4721 et
1873 4667 2007 4721 falsa

424 4762 546 4816 laus
581 4775 817 4830 sponsae,
851 4759 1140 4814 confirmat
1165 4758 1405 4814 Verbum
1439 4759 1740 4814 amicorqu
1766 4763 1830 4814 de
1853 4776 2011 4830 spon-

425 4869 501 4910 sae
542 4852 954 4924 pulchritudine
984 4850 1276 4922 judicium,
1328 4853 1382 4907 id
1433 4868 1535 4907 suo
1570 4851 1830 4922 suﬂ'ragio
1860 4869 2010 4906 com—

425 4943 687 5014 probans.
719 4949 774 4997 ct
822 4939 1144 4998 testimonio
1175 4941 1603 5011 pulchritudinis
1635 4941 1841 5012 majora
1892 4944 2010 5012 ipsc

425 5035 578 5090 addit
611 5033 902 5099 miracula,
953 5035 1203 5090 oratione
1233 5035 1554 5090 describens
1585 5035 1909 5105 elegantiam
1944 5050 2009 5090 ac

423 5130 678 5186 decorem
711 5127 805 5199 qui
840 5126 1100 5181 tribuitur
1157 5127 1296 5197 ipsis
1355 5127 1636 5185 membris.
1685 5142 1849 5196 quem
1899 5125 2008 5180 Deo

423 5221 592 5277 dante
626 5221 880 5289 adjiciam
912 5221 967 5275 in
1000 5221 1068 5277 iis
1094 5235 1217 5290 qua:
1253 5220 1512 5292 deinceps
1540 5229 1866 5290 sequuntur,
1899 5221 1944 5276 si
1976 5237 2007 5274 a

424 5313 612 5367 divino
641 5313 847 5368 auxilio
878 5312 1020 5368 datm
1051 5313 1211 5368 nobis
1246 5311 1448 5368 fuerint
1479 5313 1626 5368 vires
1684 5311 1752 5366 ad
1806 5311 2008 5366 intelli-

423 5404 664 5473 gentiam
696 5402 1106 5475 iuysteriorum,
1137 5410 1193 5458 et
1238 5403 1307 5458 ad
1337 5403 1670 5474 agnitionem
1703 5403 2007 5473 pulchritu-

410 5491 570 5550 dinis
600 5495 878 5560 Ecclesiae,
906 5503 961 5552 et
989 5495 1057 5550 ad
1103 5494 1319 5550 laudem
1349 5495 1536 5568 glorize
1564 5495 1750 5566 gratia:
1800 5493 2007 5567 ipsius,

428 5583 482 5637 in
508 5583 727 5641 Christo
758 5585 909 5653 Jesu,
939 5600 1099 5659 quem
1124 5586 1280 5644 decet
1309 5587 1491 5644 omnis
1535 5587 1707 5658 gloria
1749 5587 1805 5643 in
1836 5603 2008 5644 sarcu-

430 5679 496 5729 la.
533 5678 731 5733 Attico.

2114 4572 2216 4642 τῆς
2261 4573 2478 4644 νύμφης
2530 4573 2892 4644 πεποίηνται·
2945 4573 3169 4636 τούτους
3216 4572 3327 4643 γὰρ
3374 4567 3516 4626 εἶναι
3572 4574 3700 4636 τοὺς

2116 4664 2300 4734 φίλους
2344 4664 2439 4718 τοῦ
2500 4664 2735 4736 νυμφίου
2779 4663 3212 4735 κατελαὸόμεθα.
3275 4664 3363 4728 Ὠς
3414 4664 3461 4719 δ’
3503 4664 3568 4718 ἂν
3619 4666 3694 4736 μὴ

2113 4757 2292 4826 δοκοίη
2345 4756 2565 4828 ἄκριτος
2609 4755 2789 4809 αὐτῶν
2835 4751 2974 4810 εἶναι
3039 4757 3134 4810 καὶ
3179 4757 3623 4828 διημαρτημένος
3663 4760 3697 4811 ὁ

2115 4849 2352 4911 ἔπαινος,
2403 4849 2562 4919 κυροῖ
2609 4846 2721 4900 τῶν
2760 4847 2928 4918 φίλων
2971 4847 3070 4920 τὴν
3111 4847 3210 4902 ἐπὶ
3247 4847 3325 4916 τῷ
3377 4848 3563 4902 κάλλει
3598 4849 3699 4921 τῆς

2112 4939 2331 5010 νύμφης
2374 4939 2553 5011 κρίσιν
2582 4938 2920 5010 ἐπιψηφίσας
2953 4941 2982 4991 ὀ
3015 4938 3207 5006 Λόγος.
3243 4939 3339 4991 καὶ
3371 4937 3694 5008 προστίθησι

2115 5031 2208 5086 καὶ
2234 5031 2392 5093 αὐτὸς
2415 5029 2483 5083 τὰ
2516 5029 2687 5100 μείζω
2717 5030 2971 5102 Θαύματα
3018 5032 3084 5101 τῇ
3123 5029 3398 5100 μαρτυρίᾳ
3440 5029 3534 5083 τοῦ
3563 5029 3695 5082 κάλ-

2113 5122 2257 5186 λους,
2289 5121 2386 5192 τὴν
2421 5120 2604 5183 αὐτοῖς
2634 5124 2745 5185 τοῖς
2805 5120 3024 5186 μέλεσιν
3071 5118 3499 5189 ὲπιφαινομένην
3548 5119 3700 5190 ὥραν

2110 5214 2425 5285 διαγράφων
2458 5212 2536 5283 τῷ
2580 5212 2747 5282 λόγῳ,
2775 5213 2841 5283 ἦν
2871 5212 2928 5265 ἐν
2959 5213 3072 5274 τοῖς
3102 5209 3322 5280 ἐφεξῆς,
3368 5209 3503 5262 Θεοῦ
3529 5210 3694 5264 διδόν-

2111 5325 2223 5370 τος,
2254 5305 2621 5376 προθήσομεν,
2652 5304 2705 5357 εἴ
2724 5302 2788 5372 γέ
2824 5321 2909 5366 τις
2937 5302 3146 5370 γένοιτο
3185 5303 3314 5375 ἡμῖν
3341 5301 3406 5353 ὲκ
3434 5299 3535 5369 τῆς
3561 5303 3696 5355 ἄνωο

2111 5400 2202 5453 θεν
2253 5396 2566 5470 συμμαχίας
2616 5395 2842 5467 δύναμις
2882 5395 3017 5467 πρὸς
3069 5394 3170 5466 τὴν
3221 5395 3548 5464 κατανόησιν
3591 5411 3695 5446 των

2114 5491 2449 5564 μυστηρίων,
2483 5489 2579 5543 καὶ⁸
2611 5490 2690 5553 είς
2720 5489 3014 5557 ἐπίγνωσιν
3043 5485 3137 5540 τοῦ
3170 5486 3402 5549 κάλλους
3426 5485 3524 5554 τῆς
3573 5485 3692 5537 Ἐκ-

2111 5583 2360 5654 κλησίας,
2408 5581 2504 5635 καὶ
2544 5582 2626 5644 είς
2661 5579 2880 5634 ἔπαινον
2905 5578 3004 5649 τῆς
3033 5577 3196 5649 δόξης
3224 5579 3321 5649 τῆς
3351 5579 3568 5647 χάριτος
3603 5578 3694 5629 afa-

2110 5673 2242 5727 τοῦ·
2293 5677 2351 5726 ὲν
2405 5671 2624 5744 Χριστῷ
2680 5670 2878 5744 Ἰησοῦ,
2917 5664 2962 5740 ᾧ
2996 5669 3195 5743 πρέπει
3244 5670 3396 5723 πᾶσα
3443 5666 3569 5734 δόξα
3618 5669 3692 5732 εἰς

2109 5765 2237 5829 τοὺς
2262 5763 2483 5828 αἰῶνας.
2534 5764 2728 5835 Ἀμήν.
