3854 6216
237 315 352 374 953

849 431 1090 486 OMIAIA
1143 432 1222 486 8⁸.

323 523 385 576 Τί
426 519 888 590 summanr
931 523 1150 592 μαστοί
1204 538 1342 588 σου,
1399 519 1632 590 ἀδελφή
1682 535 1824 591 μου.

243 615 450 682 νύμφη
467 627 486 678 ;
518 614 578 668 Τί
614 612 1070 680 ἐκαλλιώθησαν
1090 613 1312 683 μαστοί
1337 628 1452 667 σου
1479 612 1596 666 ἀπὸ
1634 613 1824 676 οῖνου,

245 705 351 758 καί
389 706 550 774 ὀσμὴ
606 704 852 776 Luatle
899 719 1014 759 σου
1065 705 1214 774 ὑπὲρ
1266 705 1464 757 πάντα
1517 700 1826 771 ἁρώματα;

249 797 480 864 Κηρίον
526 796 934 856 ἁποστάζουσι
983 798 1155 865 χειλη
1201 811 1340 860 σου,
1400 795 1604 863 νύμφη
1624 809 1638 823 ·
1685 793 1828 862 μέλι

249 892 354 944 καί
389 889 546 962 τάλα
576 890 693 945 ὑπὸ
727 889 844 958 τὴν
867 887 1156 958 γλῶσσάν
1185 905 1321 950 σου,
1359 889 1458 940 καὶ
1493 885 1653 954 ὀσμὴ
1699 889 1828 954 ίμα-

247 982 393 1035 vim
426 997 542 1036 σου
592 981 674 1048 ὡς
709 979 870 1050 ὀσμὴ
910 980 1181 1034 λιϐάνου.
1234 978 1443 1048 Κῆπος
1483 978 1829 1048 κεκλεισμέ-

247 1091 382 1141 νος,
411 1073 645 1144 ἀδελφή
675 1092 818 1143 μου,
851 1073 1058 1142 νύμφη
1085 1089 1099 1103 ·
1139 1071 1334 1141 κῆπος
1377 1070 1826 1140 κεκλεισμένος,

251 1164 420 1234 πηγὴ
449 1163 920 1236 ἐσφραγισμένη.
981 1163 1343 1217 Ἀποστολαὶ
1390 1180 1507 1220 σου
1549 1163 1828 1232 παράδει-

249 1271 371 1323 σος
391 1254 556 1324 ῥοῶν
593 1257 744 1326 μετὰ
788 1253 1020 1324 καρποῦ
1069 1254 1436 1323 ἀκροδρύων,
1467 1253 1564 1307 καὶ
1612 1254 1829 1321 κύπροι

245 1348 402 1417 μετὰ
447 1345 700 1414 νάρδων.
742 1343 974 1414 Νάρδος
1011 1343 1382 1412 καίκρόκος,
1413 1343 1682 1413 κάλαμος
1729 1342 1827 1396 καί

249 1440 654 1510 κιννάμωμον,
683 1441 836 1510 μετὰ
877 1439 1120 1493 πάντων
1151 1436 1353 1502 ξύλων
1395 1435 1500 1490 τοῦ
1545 1433 1825 1498 Λιϐάνου,

249 1533 495 1602 σμύρνα
530 1533 630 1586 καί
664 1532 832 1601 ἀλωὴ
873 1533 1028 1603 μετὰ
1053 1529 1295 1586 ,πάντων
1332 1528 1577 1598 πρώτων
1601 1529 1828 1598 μύρων.

247 1625 428 1695 Hirri]
467 1625 687 1690 κήπου,
726 1624 825 1678 καί
857 1623 1046 1692 φρέαρ
1077 1623 1296 1688 ὕδατος
1324 1620 1554 1686 Gnatae,
1583 1618 1680 1674 καὶ
1704 1619 1829 1686 ροι-

249 1715 500 1782 ζοῦντος
530 1715 649 1770 ἀπὸ
683 1715 790 1770 τοῦ
817 1716 1097 1770 Λιϐάνου.

1285 320 1350 375 ΙΝ
1373 317 1670 377 CANTICA
1695 313 1966 376 CANTIC.
2009 314 2291 374 HOMILIA
2331 316 2418 370 IX.

1852 433 1900 489 A

3395 307 3502 364 9M

2497 428 2788 484 HOMILIA
2849 427 2938 481 Is.

2001 521 2128 578 Car.
2171 538 2245 578 Iv.
2287 539 2336 573 v.
2387 523 2474 576 l0.
2544 521 2684 588 Quid
2730 519 2952 586 puichra
2983 517 3128 586 facta
3161 522 3282 568 sunt
3343 512 3503 566 ubera

1933 622 2048 676 tua,
2074 629 2228 668 soror
2256 630 2368 667 mea
2399 615 2633 679 sponsa?
2667 611 2806 677 Quid
2859 609 3020 662 ubera
3081 618 3174 660 tua
3203 605 3349 674 facta
3383 613 3504 658 sunt

1931 707 2246 774 speciosiora
2268 708 2408 769 uino,
2431 716 2478 762 ι’
2508 705 2638 758 odor
2663 704 3084 757 vestimentorum
3110 709 3322 751 tuorum
3346 711 3506 762 supra

1931 799 2110 851 onmia
2139 801 2413 852 aromata?
2443 794 2742 856 “favum
2769 792 3034 846 distillant
3063 789 3204 842 labia
3223 798 3508 852 tua,spon-

1931 903 2030 944 sa:
2063 890 2164 942 mel
2187 899 2236 942 et
2266 888 2350 941 lac
2375 887 2470 941 sub
2499 888 2678 956 lingua
2704 895 2816 946 tua,
2842 895 2890 936 et
2922 883 3054 936 odor
3083 883 3508 936 vestimentorum

1934 989 2142 1032 tuorum
2173 989 2424 1048 tauquam
2463 976 2593 1030 odor
2624 977 2810 1029 thuris.
2847 974 2933 1027 12.
2973 973 3174 1025 Hortus
3207 971 3505 1029 conclusus,

1931 1086 2085 1123 soror
2117 1085 2232 1122 mea
2261 1085 2476 1139 sponsa,
2508 1069 2691 1120 hortus
2717 1064 3012 1126 conclusus,
3034 1063 3152 1131 fons
3178 1061 3504 1129 obsignatas.

1935 1162 2020 1214 15.
2061 1159 2383 1214 Emissiones
2429 1168 2533 1212 tua:
2567 1155 2850 1228 paradisus
2881 1154 3140 1206 mulorum
3173 1151 3504 1220 punicorum,

1933 1270 2050 1308 cum
2078 1253 2254 1318 [ructu
2282 1267 2578 1319 pomorum,
2612 1260 2660 1303 et
2692 1248 2838 1318 cypri
2865 1263 2981 1300 cum
3009 1245 3214 1298 nardis.
3243 1243 3328 1296 14.
3365 1240 3520 1294 Nar—

1933 1346 2032 1399 dus
2053 1355 2100 1399 et
2127 1361 2330 1408 crocus,
2347 1343 2586 1397 calamus
2608 1352 2656 1395 et
2684 1343 3090 1402 cinnamomum,
3119 1352 3236 1388 cum
3269 1332 3510 1388 omnibus

1935 1438 2093 1508 lignis
2125 1436 2338 1497 Libani,
2375 1433 2590 1504 myrrha
2623 1445 2672 1486 et
2733 1433 2849 1485 aloe
2880 1447 3000 1482 cum
3031 1427 3271 1482 omnibus
3325 1425 3510 1493 primis

1934 1531 2234 1598 unguentis.
2268 1527 2355 1581 15.
2382 1525 2527 1580 Fons
2555 1525 2715 1588 horti,
2751 1533 2934 1592 puteus
2970 1535 3118 1590 aqua:
3153 1521 3302 1583 view,
3331 1527 3380 1572 et
3411 1517 3520 1569 im-

1933 1634 2056 1694 petu
2083 1623 2294 1693 ﬂuentis
2323 1637 2388 1675 ea:
2414 1619 2638 1673 Libano.

327 1811 398 1862 El
450 1781 854 1876 οὐνηγέρθητε
907 1807 988 1872 τῷ
1043 1801 1306 1874 Χριστῷ,
1368 1802 1442 1856 τὰ
1492 1801 1614 1856 ἄνω
1682 1815 1824 1870 φρο-

2005 1805 2064 1862 Si
2089 1820 2206 1860 cum
2253 1801 2462 1857 Christo
2494 1795 2926 1855 consurrexistis,
2981 1809 3098 1862 qua:
3139 1807 3350 1846 sursum
3393 1799 3516 1842 sunt

251 1899 434 1960 νεῖτε,
474 1899 562 1968 μὴ
628 1899 700 1954 τὰ
741 1898 840 1951 ἐπὶ
899 1897 1008 1966 τῆς
1065 1895 1214 1967 γῆς·
1267 1895 1416 1965 λέγει
1465 1895 1640 1948 ταῦτα
1698 1892 1833 1964 πρὸς

253 1993 408 2062 ἡμᾶς
455 1993 483 2045 ὁ
527 1995 586 2044 ὲν
633 1990 832 2060 Παύλῳ
869 1989 1077 2042 λαλῶν·
1125 1986 1467 2042 Ἆπεθάνετε
1501 1986 1631 2057 τὰρ,
1679 1986 1833 2056 φησὶ,

255 2083 358 2136 καὶ
421 2083 462 2148 ἡ
521 2081 635 2150 ζωὴ
693 2081 860 2152 ὑμῶν
911 2080 1233 2149 κέκρυπται
1292 2077 1414 2133 σὺν
1464 2075 1544 2142 τῷ
1589 2073 1820 2144 Χριστῷ

254 2176 332 2229 ἐν
375 2173 454 2240 τῷ
505 2174 646 2240 Θεῷ.
695 2175 872 2228 Ὅταν
919 2176 952 2228 ὁ
993 2171 1248 2242 Χριστός
1299 2167 1613 2240 φανερωθῇ
1652 2171 1692 2238 η
1725 2167 1835 2236 ζωὴ

257 2265 452 2338 ὑμῶν,
482 2265 620 2320 τότε
671 2265 771 2320 καὶ
814 2263 984 2334 ὑμεῖς
1029 2262 1524 2346 φανερωθήσεσθε
1565 2261 1636 2314 ὲν
1665 2259 1837 2328 δόξῃ.

257 2365 326 2418 Ei
387 2363 566 2416 τοίνυν
612 2361 800 2432 νεκροὶ
841 2362 909 2430 τῇ
973 2358 1128 2412 κάτω
1170 2355 1332 2427 φύσει
1377 2355 1702 2424 γεγόναμεν,
1757 2354 1838 2418 εἰς

257 2455 492 2525 οὐρανὸν
529 2453 638 2507 ἀπὸ
683 2451 789 2522 γῆς
824 2450 924 2520 τὴν
963 2448 1156 2503 ὲλπίδα
1177 2451 1278 2520 τῆς
1318 2447 1462 2517 ζωῆς
1499 2444 1840 2518 μετοικίσαν-

257 2563 386 2612 τες,
419 2545 516 2599 καὶ
563 2547 598 2616 η
647 2543 736 2597 διὰ
785 2541 987 2614 σαρκὸς
1038 2539 1151 2610 ζωὴ
1212 2539 1520 2608 κέκρυπται
1567 2538 1650 2604 ἐφ’
1687 2533 1844 2605 ἡμῶν

259 2637 409 2694 κατὰ
429 2637 520 2692 τὸν
546 2619 884 2705 παροιμιώδη
905 2631 1082 2701 λόγον,
1107 2632 1165 2695 ὃς
1194 2647 1378 2701 φησιν,
1403 2631 1484 2683 ὃτι
1504 2626 1684 2696 Σοφοὶ
1713 2626 1846 2693 κρύ-

259 2741 526 2784 πτουσιν
578 2726 868 2793 αἴσθησιν
899 2741 914 2756 ·
947 2723 1306 2794 ἀναμένωμεν
1349 2721 1406 2774 δὲ
1459 2720 1559 2791 τὴν
1587 2715 1846 2788 ἀληθινὴν

260 2823 324 2874 ὲν
361 2821 493 2892 ἡμῖν
527 2817 908 2890 φανερωθῆναι
947 2816 1114 2888 ζωὴν,
1162 2815 1286 2885 ἧτις
1335 2813 1481 2865 ἐστὶν
1517 2813 1545 2864 ὁ
1573 2807 1844 2880 Χριστός·

262 2913 406 2968 ὥστε
438 2914 533 2967 καὶ
551 2911 701 2982 ἡμᾶς
729 2909 1108 2982 φανερωθῆναι
1132 2909 1189 2961 ἐν
1212 2905 1358 2978 δόξῃ,
1386 2899 1848 2976 μεταποιηθέντας

261 3005 404 3076 πρὸς
439 3003 502 3057 τὸ
545 3003 846 3073 θειότερον·
882 2999 1026 3054 οὕτω
1065 2999 1176 3052 τῶν
1205 2997 1491 3068 παρόντων
1519 2993 1846 3062 ἀκούσομεν,

1935 1899 2176 1970 quaerite,
2227 1912 2328 1950 nou
2377 1909 2494 1962 qua:
2537 1906 2698 1955 supra
2733 1898 2963 1952 terram:
2997 1887 3109 1939 haec
3145 1883 3276 1938 dicit
3309 1883 3402 1952 qui
3461 1883 3514 1935 in

1937 1992 2105 2048 Paulo
2160 1988 2422 2058 loquitur.
2487 1983 2686 2038 Mor-tui
2717 1982 2854 2036 enim
2888 1979 3044 2039 estis,
3091 1976 3286 2045 inquit,
3317 1986 3366 2029 et
3411 1977 3518 2028 rita

1937 2095 2113 2138 uestra
2157 2079 2416 2134 absconsa
2449 2086 2526 2129 est
2549 2091 2666 2128 cum
2723 2071 2938 2126 Christo
2997 2069 3053 2122 in
3097 2067 3229 2121 Deo.
3291 2065 3520 2132 Quando

1941 2175 2184 2232 Christus
2258 2170 2631 2238 manifestam:
2693 2165 2854 2235 fuerit
2937 2163 3042 2217 vita
3124 2168 3330 2221 uestra,
3398 2165 3524 2208 tum

1940 2283 2028 2320 vos
2075 2279 2276 2335 quoque
2325 2259 2802 2330 manifestabimini
2857 2257 2910 2310 in
2963 2253 3136 2325 gloria
3173 2253 3239 2304 ⁷³.
3287 2249 3342 2303 Si
3388 2262 3526 2317 ergo

1943 2356 2188 2413 inferiori
2223 2362 2431 2408 naturai
2466 2352 2742 2408 evasimus
2779 2347 3002 2408 mortui,
3045 2360 3143 2414 spe
3181 2344 3304 2396 vita:
3335 2348 3522 2394 trans-

1943 2449 2050 2502 lata
2083 2449 2134 2502 in
2171 2446 2370 2500 caelum
2427 2458 2458 2496 a
2490 2449 2655 2504 terra,
2687 2449 2740 2496 et
2789 2440 2836 2494 si
2873 2453 2994 2508 qua:
3025 2451 3122 2506 per
3153 2447 3378 2488 carnem
3437 2437 3522 2486 est

1947 2545 2074 2604 vita,
2113 2541 2280 2595 estin
2325 2536 2483 2592 nobis
2543 2535 2834 2596 absconsa,
2886 2535 3248 2598 congruenter
3287 2525 3334 2577 ei
3377 2519 3524 2592 quod

1945 2636 2145 2688 dicitur
2174 2632 2228 2686 in
2260 2627 2596 2689 Proverbiis,
2631 2624 2904 2693 Sapientes
2935 2619 3176 2675 cetabunt
3210 2614 3532 2680 sensum";

1945 2729 2330 2791 exspectemus
2359 2725 2538 2771 autem
2573 2714 2688 2768 fore
2723 2722 2780 2766 ut
2809 2727 2938 2766 vera
2984 2711 3095 2764 vita
3129 2709 3184 2762 in
3223 2706 3383 2762 nobis
3409 2720 3526 2758 ma-

1950 2813 2393 2880 nifestetur,qua2
2419 2817 2502 2864 est
2531 2805 2818 2861 Christus:
2867 2803 2939 2856 ita
2971 2809 3030 2854 ut
3055 2809 3110 2856 et
3158 2815 3258 2854 nos
3291 2813 3384 2867 per
3411 2796 3536 2866 glo-

1949 2907 2084 2960 riam
2117 2903 2530 2958 mauifestemur
2563 2896 2913 2952 transmutati
2945 2895 3012 2950 ad
3043 2893 3096 2948 id
3143 2891 3288 2960 quod
3331 2899 3416 2944 cst
3445 2889 3532 2942 di-

1949 2998 2130 3052 viuius
2175 2995 2294 3051 :sic
2323 2990 2612 3063 prassentia
2647 2988 2956 3049 audiemus,
3007 2993 3268 3053 tanquam
3321 2977 3530 3037 mortui

263 3071 342 3162 ὥς
367 3071 733 3159 ἀποθανόντες
773 3094 852 3164 τῷ
909 3091 1121 3163 σώματι
1143 3108 1155 3122 ’
1187 3089 1325 3160 πρὸς
1361 3089 1420 3142 δὲ
1465 3086 1541 3158 μὴ
1593 3083 1844 3155 σαρκώδη

1953 3085 2316 3158 corpore;ad
2379 3097 2489 3138 non
2519 3079 2794 3135 carnalem
2850 3086 3029 3131 autem
3085 3087 3305 3129 sensum
3336 3087 3402 3126 ex
3459 3071 3538 3126 iis

265 3189 504 3244 asciverant
549 3189 614 3241 ὲκ
655 3185 764 3240 τῶν
795 3185 1104 3254 λεγομένων
1135 3177 1524 3251 διασυρόμενοι.
1554 3175 1612 3230 '0
1634 3175 1742 3245 γὰρ
1765 3191 1846 3230 ve-

267 3281 402 3351 πρὸς
441 3283 554 3344 τοῖς
591 3278 878 3349 παθήμασι
907 3277 1000 3330 καὶ
1027 3277 1151 3337 ταῖς
1179 3271 1516 3342 ἐπιθυμίαις,
1539 3267 1631 3322 ἐπὶ
1659 3266 1720 3320 τὸ
1749 3281 1852 3318 κα·-

265 3370 434 3444 θαρὸν
475 3371 570 3424 καὶ
608 3371 882 3441 ἀκήρατον
908 3365 1148 3438 μετοίσει
1177 3364 1278 3427 τὰς
1302 3362 1412 3416 τῶν
1464 3359 1722 3432 ῥημάτων
1752 3358 1852 3427 ἐμ·-

267 3463 484 3532 φάσεις,
521 3460 592 3514 τὰ
620 3460 734 3514 ἄνω
763 3459 999 3532 φρονῶν,
1033 3449 1094 3511 οὗ
1124 3457 1154 3508 ὁ
1183 3455 1416 3527 Χριστός
1438 3455 1588 3507 ἐστιν
1617 3452 1674 3503 ὲν
1705 3448 1855 3520 δεξιᾷ

265 3553 366 3610 τοῦ
409 3553 622 3623 Πατρδς
676 3551 1002 3622 καθήμενος,
1049 3549 1106 3602 ὲν
1135 3540 1180 3616 ᾧ
1211 3545 1382 3608 πάθος
1425 3543 1526 3596 οὐκ
1572 3541 1710 3605 ἐστι,
1745 3539 1857 3593 τῶν

267 3645 546 3702 ταπεινῶν
574 3661 635 3696 τε
663 3642 760 3698 καὶ
784 3638 1140 3712 χαμαιζήλων
1168 3635 1456 3709 νοημάτων
1481 3632 1650 3704 λήθην
1674 3629 1858 3685 ποιού-

273 3753 456 3808 μενος.
505 3733 851 3804 Ἀκούσωμεν
889 3732 1071 3785 τοίνυν
1123 3729 1232 3783 τῶν
1282 3728 1440 3781 θείων
1477 3725 1759 3798 ῥημάτων,
1790 3721 1856 3775 δι’

269 3821 350 3882 ὧν
377 3825 686 3898 ὑπογράφει
724 3827 754 3879 ὁ
779 3824 950 3892 Λόγος
976 3825 1075 3894 τῆς
1103 3821 1369 3891 ἀμιάντου
1397 3817 1614 3888 νύμφης
1641 3815 1702 3867 τὸ
1734 3812 1859 3867 κάλ-

270 3919 388 3984 λος.
442 3917 792 3988 Ἀκούσωμεν
826 3915 882 3968 δὲ
929 3916 1004 3979 ὡς
1051 3913 1158 3980 ἔξω
1183 3912 1469 3982 γεγονότες
1515 3909 1718 3980 σαρκὸς
1764 3906 1860 3960 καί

272 4011 540 4080 αἵματος,
573 4011 654 4072 εἰς
693 4007 752 4060 δὲ
785 4009 884 4078 τὴν
921 4004 1300 4076 πνευματικὴν
1342 3997 1859 4072 μεταστοιχειωθέν-

271 4118 370 4164 τες
398 4101 580 4172 φύσιν.
621 4099 680 4152 τί
702 4097 1166 4165 ἐκώλιὼθηοίαν
1183 4095 1406 4166 μαστοί
1443 4107 1584 4153 σου,
1624 4089 1858 4159 ἀδελφή

271 4211 392 4263 μου
437 4192 642 4261 νύμφη
673 4205 693 4254 ;
729 4191 790 4244 Τί
831 4187 1290 4255 ἐκαλλιώοηοναν
1331 4184 1556 4256 μαστοὶ
1587 4199 1704 4236 σου
1741 4181 1860 4238 ἀπὸ

271 4283 472 4346 οἴνου,
501 4281 602 4336 καί
633 4279 796 4350 ὀσμὴ
829 4279 1039 4350 μύρων
1067 4277 1185 4332 σοῦ
1208 4275 1362 4346 ὑπὲρ
1398 4274 1596 4329 πάντα
1621 4273 1695 4326 τὰ
1720 4269 1863 4340 ἀρώ-

274 4391 434 4447 ματα
459 4391 480 4440 ;

351 4559 478 4612 Ὅτι
505 4557 606 4628 μὲν
645 4549 738 4609 οὖν
767 4553 878 4624 πᾶς
913 4552 944 4606 ό
985 4551 1156 4604 ποιῶν
1182 4549 1244 4604 τὸ
1294 4547 1507 4618 θέλημα
1543 4545 1636 4600 τοῦ
1687 4543 1859 4609 Θεοῦ,

273 4649 508 4718 ἁδελφός
531 4645 697 4702 αὑτοῦ
727 4645 822 4699 καὶ
847 4642 1050 4714 ἀδελφὴ
1077 4641 1170 4696 καὶ
1197 4643 1380 4712 μήτηρ
1410 4638 1556 4691 ἐστί·
1587 4638 1728 4707 καὶὴ
1762 4637 1863 4707 ἀρ-

280 4742 550 4815 μοσθεῖσα
581 4737 660 4810 τῷ
689 4737 880 4809 Κυρίῳ
912 4734 1183 4806 παρθένος
1210 4732 1369 4803 ἁγνὴ,
1406 4730 1540 4802 πρὸς
1577 4727 1867 4800 μετουσίαν

277 4834 382 4903 τῆς
413 4832 685 4904 ἀκράντου
709 4828 1006 4891 παστάδος,
1041 4826 1232 4897 νύμφη
1270 4823 1474 4895 κυρίως
1498 4817 1870 4890 κατονομάζε-

277 4940 392 4986 ται,
423 4923 588 4974 παντὶ
613 4919 777 4990 δῆλον
802 4917 868 4972 ἂν
906 4916 992 4987 εἴη
1044 4915 1201 4969 τοῦτο
1242 4913 1320 4982 τῷ
1353 4913 1429 4984 μὴ
1457 4911 1739 4980 ἀγνοοῦντι
1770 4907 1871 4972 τὰς

279 5011 675 5074 θεοπνεύστους
713 5011 899 5079 φωνάς
921 5026 934 5039 ·
966 5007 1078 5078 ἐγὼ
1105 5007 1164 5060 δὲ
1210 5005 1320 5058 τῶν
1360 5003 1519 5058 θείων
1542 5002 1724 5074 ῥητῶν
1744 5000 1867 5054 τού-

279 5121 392 5158 των
417 5100 842 5174 διερευνώμενος
863 5100 964 5172 τὴν
993 5098 1254 5160 διάνοιαν,
1271 5096 1332 5149 οὑ
1355 5095 1506 5165 ψιλὸν
1543 5094 1765 5148 ἔπαινον
1805 5095 1869 5146 ἐκ

281 5194 382 5264 τῆς
415 5191 675 5260 τοιαύτης
700 5191 948 5260 κλήσεως
987 5187 1098 5256 ὁρῶ
1139 5185 1548 5257 προσαγόμενον
1576 5183 1730 5254 παρὰ
1775 5183 1870 5237 τοῦ

281 5284 444 5350 λόγου
477 5286 546 5354 τῇ
576 5283 789 5354 νύμφῃ,
819 5281 956 5335 ἀλλὰ
985 5279 1085 5342 τὰς
1117 5278 1298 5342 αἰτίας
1327 5277 1428 5348 τῆς
1468 5279 1548 5340 είς
1578 5277 1640 5330 τὸ
1676 5277 1872 5340 κάλλος

282 5375 459 5444 αὐτῆς
491 5372 784 5434 ἐπιδόσεως
809 5370 1064 5436 διεξιέναι
1085 5369 1176 5422 τὸν
1210 5367 1441 5439 νυμφίον
1475 5368 1646 5437 φημί·
1677 5367 1752 5430 ὡς
1771 5366 1872 5420 οὐκ

283 5466 354 5522 ἂν
376 5466 550 5535 αὐτῆς
587 5463 982 5534 καλλιωθείσης
1009 5464 1070 5516 ὲν
1102 5464 1223 5525 ταῖς
1259 5460 1370 5514 τῶν
1411 5459 1633 5530 ἀγαθῶν
1663 5463 1870 5532 πηγαῖς

283 5559 656 5629 διδαγμάτων,
684 5557 778 5623 οὓς
805 5557 1012 5629 μαζοὺς
1039 5555 1128 5610 διὰ
1159 5555 1260 5625 τῆς
1287 5555 1554 5626 τροπικῆς
1589 5555 1868 5626 σημασίας
1911 5627 1913 5630 γ

359 5707 410 5771 θ’
443 5709 656 5794 Colossi
700 5751 784 5802 ιιι,
843 5737 866 5792 l
913 5751 1036 5806 sqq.
1115 5733 1158 5767 ⁷⁸
1196 5731 1352 5788 Prov.
1395 5687 1449 5800 xi,
1499 5731 1584 5788 tt.

1952 3197 2072 3252 quae
2097 3180 2354 3235 dicuntur
2381 3174 2624 3229 attracti.
2660 3171 2764 3237 Qui
2793 3169 2938 3224 enim
2967 3175 3053 3222 est
3085 3173 3336 3220 mortuus
3359 3161 3530 3216 animi

1953 3268 2460 3346 perturbationibus
2497 3275 2553 3321 et
2599 3262 2908 3324 desideriis,
2944 3259 3236 3314 verborum
3290 3254 3530 3310 traducit

1953 3365 2380 3438 signiﬁcationes
2407 3360 2472 3414 ad
2506 3359 2560 3414 id
2585 3357 2730 3429 quod
2764 3363 2848 3411 est
2882 3369 3077 3425 purum
3109 3367 3173 3405 ac
3228 3349 3536 3411 sincerum,

1953 3465 2007 3512 et
2061 3453 2310 3510 interitui
2371 3449 2596 3506 minime
2651 3445 2980 3506 obnoxium,
3036 3455 3158 3511 quin
3189 3453 3354 3508 supra
3402 3444 3532 3490 sunt

1955 3557 2136 3604 mente
2175 3546 2410 3616 agitans,
2436 3542 2530 3595 ubi
2568 3547 2653 3595 est
2699 3537 2951 3593 Christus
3000 3533 3196 3588 sedens
3227 3529 3283 3583 in
3339 3527 3536 3581 dextra

1957 3635 2048 3691 Dei
2082 3633 2280 3696 Patris,
2312 3633 2366 3685 in
2405 3645 2517 3700 quo
2551 3627 2699 3683 nulla
2731 3635 2815 3681 est
2850 3623 3064 3678 aﬂ‘ectio
3091 3620 3369 3688 animique
3408 3631 3536 3685 per-

1959 3727 2218 3791 turbatio,
2255 3723 2587 3780 obliviscens
2629 3734 2818 3775 eorum
2868 3730 2988 3787 quae
3019 3722 3148 3768 sunt
3176 3709 3404 3764 humilia
3479 3713 3536 3760 et

1958 3815 2194 3883 abjeeta.
2225 3813 2528 3867 Audiamus
2565 3822 2697 3878 ergo
2729 3806 2894 3861 verba
2929 3801 3135 3864 divina,
3169 3815 3266 3870 per
3293 3811 3414 3867 qua:
3441 3793 3536 3848 de—

1960 3906 2152 3964 scribit
2179 3905 2460 3974 Scriptura
2503 3899 2864 3956 immaculata:
2897 3895 3140 3965 Virginis
3175 3886 3537 3962 pulchritudi-

1959 4015 2105 4052 nem.
2136 3997 2438 4050 Audiamus
2479 4000 2682 4052 autcm.
2731 3987 2912 4057 utqui
2965 3987 3076 4055 jam
3143 3997 3334 4039 sumus
3381 3986 3544 4034 extra

1960 4105 2180 4146 carnem
2209 4097 2264 4142 et
2291 4085 2637 4158 sanguinem,
2672 4083 2726 4136 in
2762 4079 3102 4151 spiritualem
3142 4083 3321 4129 autem
3357 4081 3540 4126 trans-

1961 4181 2152 4236 tnutati
2185 4188 2459 4234 naturam.
2493 4172 2634 4241 Quid
2662 4171 2882 4242 pulchra
2913 4170 3060 4238 facta
3089 4175 3210 4220 sunt
3233 4163 3392 4218 ubera
3423 4171 3546 4224 tua,

1960 4292 2113 4331 soror
2135 4290 2250 4327 mea
2278 4270 2520 4338 sponsa?
2549 4265 2692 4334 Quid
2725 4264 2886 4319 ubera
2932 4273 3024 4316 tua
3059 4260 3207 4329 facta
3258 4265 3380 4310 sunt
3423 4269 3550 4322 sper

1962 4369 2190 4422 ciosiora
2243 4365 2384 4429 vino,
2417 4371 2468 4416 et
2517 4360 2649 4414 odor
2679 4357 3101 4413 vestimentorum
3136 4361 3347 4406 tuorum
3379 4362 3552 4414 supra

1886 4451 1938 4508 D
1957 4458 2136 4512 omnia
2191 4460 2435 4507 aromata
2460 4451 2486 4505 2

2035 4549 2212 4616 Atque
2267 4542 2416 4614 quod
2491 4537 2672 4594 omnis
2733 4536 2950 4607 quidem
2998 4531 3091 4601 qui
3151 4531 3281 4584 facit
3355 4528 3548 4582 volun-

1964 4645 2128 4692 tatem
2179 4632 2418 4694 Domini,
2462 4639 2547 4686 est
2601 4629 2722 4696 ejus
2784 4625 2952 4678 frater
3017 4630 3071 4676 et
3124 4633 3282 4674 soror
3338 4625 3392 4672 et
3428 4631 3543 4669 ma-

1967 4739 2087 4794 ter;
2145 4738 2200 4781 et
2238 4723 2385 4796 quod
2421 4699 2568 4792 “qua!
2611 4727 2696 4774 est
2751 4717 3082 4785 desponsata
3131 4726 3196 4764 ac
3249 4709 3546 4777 conjuncta

1971 4821 2202 4875 Domino
2233 4825 2384 4872 casta
2413 4816 2590 4884 virgo,
2619 4811 2682 4865 ad
2733 4805 3071 4863 immaculati
3111 4802 3336 4857 thalami
3377 4799 3545 4870 parti-

1970 4911 2320 4980 cipationem,
2348 4917 2550 4975 sponsa
2592 4899 2810 4971 proprie
2855 4894 3190 4956 nominatur,
3222 4889 3399 4943 cuivis
3431 4887 3549 4940 fne-

1972 4976 2044 5054 rit
2088 4995 2436 5068 perspicuum
2479 4991 2570 5060 qui
2609 5005 2718 5042 non
2759 4986 2971 5056 ignorat
3006 4982 3318 5050 Scripturas
3371 4993 3400 5030 a
3433 4976 3550 5030 Deo

1973 5091 2308 5161 inspiratus:
2339 5101 2442 5156 ego
2467 5094 2646 5138 autem
2685 5085 3041 5149 perscrutans
3081 5087 3304 5128 sensum
3349 5070 3542 5123 horum

1971 5183 2282 5236 divinorum
2307 5179 2622 5240 verborum,
2660 5189 2768 5227 non
2823 5171 2982 5224 video
3037 5167 3210 5221 solam
3267 5175 3483 5232 sponsa:
3514 5175 3546 5213 a

1975 5276 2258 5344 Scriptura
2287 5271 2452 5325 tribui
2478 5265 2694 5322 laudem
2727 5279 2792 5318 ex
2834 5257 3108 5330 ejusmodi
3157 5251 3546 5324 appellatione,

1971 5368 2066 5424 sed
2095 5367 2220 5422 dico
2250 5377 2512 5434 sponsum
2541 5357 2798 5430 persequi
2824 5367 3041 5414 causas,
3065 5347 3210 5418 quod
3245 5345 3309 5400 ad
3340 5353 3546 5397 tantam

1969 5458 2202 5515 creverit
2231 5435 2690 5526 pulchritudinem
2715 5465 2732 5504 :
2765 5452 2950 5515 utpote
2975 5439 3117 5512 quod
3140 5439 3258 5508 ipsa
3289 5450 3395 5490 non
3419 5449 3547 5488 eva-

1973 5555 2136 5610 sisset
2187 5546 2419 5620 pulchra
2487 5545 2541 5599 in
2609 5538 2851 5596 fontibus
2887 5535 3158 5596 bonorum
3208 5528 3546 5598 dogmatum,
