3854 6216
293 315 402 374 957

1319 324 1386 379 IN
1423 327 1722 388 CANTICA
1754 329 2034 388 CANTIC»
2059 329 2346 389 HOMILIA
2388 332 2478 390 IX.

3464 325 3575 384 95B

296 438 546 502 εὐωδίας.
600 438 811 494 Οὐκοῦν
856 441 1054 514 ἄρωμα
1099 445 1310 514 γίνεται
1342 446 1422 518 τῷ
1451 449 1571 520 Θεῷ
1609 454 1644 525 ἠ
1685 454 1848 508 θυσία
1873 471 1888 486 ⁸

2014 455 2214 510 ειὶεη.
2247 448 2341 508 Est
2377 467 2511 524 ergo
2540 451 2653 506 Deo
2682 464 2870 505 aroma
2910 464 2936 503 s
2960 444 3269 508 -criﬁcium,
3307 449 3362 496 et
3399 443 3571 496 multa

296 529 492 582 πολλαὶ
535 532 643 584 καὶο
660 534 801 603 μετά
839 534 1011 588 ταῦτα
1038 537 1403 606 προσάγονται
1435 539 1515 610 τῷ
1529 541 1649 612 Θεῷ
1675 543 1763 597 διὰ
1790 542 1886 598 τοῦ

298 619 467 688 νόμου
495 619 774 676 ίλεωτικαὶ
801 623 1006 691 θυσίαι,
1027 628 1374 700 χαριστήριοί
1399 646 1461 682 τε
1483 633 1580 685 καὶ
1605 635 1886 705 σωτήριοι,

302 712 398 765 καὶ
425 713 738 786 καθάρσιοι,
769 717 864 770 καὶ
893 719 1022 789 περὶ
1059 719 1362 791 ἁμαρτίας.
1394 722 1582 777 Πάντα
1613 725 1790 779 ταῦτα
1809 726 1892 780 τί-

302 805 387 858 θει
416 806 476 859 ἐν
510 808 626 870 τοῖς
655 807 934 879 ἀρώμασι,
967 811 1060 863 καὶ
1094 811 1195 875 τὰς
1223 813 1647 884 ὁλοκαρπώσεις,
1672 818 1766 870 καὶ
1793 817 1893 882 τὰς

299 898 715 965 ὁλοκαυτώσεις,
769 901 862 954 καὶ
912 902 1012 964 τὰς
1060 904 1290 974 μερικάς
1339 905 1448 958 τῶν
1496 908 1893 979 ἀφαιρεμάτων

305 990 657 1061 ἀφιερώσεις,
682 993 742 1046 τὸ
784 993 1072 1064 στηθύνιον
1111 995 1204 1048 τοῦ
1246 997 1465 1069 ἱερείου,
1501 999 1593 1053 τὸν
1618 1001 1773 1055 λόεον
1796 1000 1890 1055 τοῦ

303 1085 534 1154 ἥπατος,
553 1084 616 1137 τὸ
649 1086 1014 1157 ἐπινεφρίδιον
1051 1087 1214 1158 στέαρ
1233 1130 1249 1154 ,
1279 1092 1374 1143 καὶ
1406 1091 1485 1144 ἐτι
1522 1093 1658 1164 πρὸς
1683 1093 1893 1158 τούτοις

305 1177 398 1228 τὸν
428 1176 667 1239 λίϐανον,
699 1177 799 1247 τὴν
832 1177 911 1248 τῷ
961 1179 1126 1250 ἐλαίῳ
1169 1181 1637 1254 διαϐεϐρεγμένην
1673 1185 1896 1254 σεμίδα-

306 1267 412 1329 λιν,
441 1267 506 1321 τὸ
532 1267 786 1339 θυμίαμα
813 1270 913 1339 τῆς
943 1269 1266 1334 συνθέσεως,
1303 1273 1397 1324 καὶ
1421 1273 1489 1326 τὰ
1529 1274 1666 1328 ἄλλα
1694 1275 1892 1339 πάντα,

306 1359 409 1411 ὃσα
436 1358 526 1412 διὰ
555 1357 727 1429 πυρὸς
749 1354 862 1428 εἶχε
890 1359 991 1430 τὴν
1027 1361 1366 1430 ἀγχιστείαν,
1390 1366 1448 1416 ἐν
1495 1364 1574 1434 τῷ
1606 1365 1896 1436 καταλόγῳ

304 1451 419 1503 τῶν
470 1450 782 1521 ἀρωμάτων
824 1450 984 1505 ἔστω.
1023 1453 1190 1506 Ὅταν
1217 1448 1310 1506 οὖν
1339 1454 1664 1526 ἀκούσωμεν
1696 1456 1758 1508 τὸ
1795 1458 1894 1526 τῆς

307 1541 528 1613 νύμφης
581 1541 750 1613 μύρον
784 1542 1028 1606 πλείονος
1057 1543 1196 1615 ὑπὲρ
1239 1547 1416 1599 πάντα
1459 1546 1724 1618 ἀρώματα
1764 1550 1898 1602 ἀπο-

307 1631 469 1702 δοχῆς
489 1630 831 1701 ἀξιούμενον,
866 1633 1041 1704 τούτῳ
1070 1633 1147 1703 τῷ
1171 1635 1314 1706 λόγῳ
1341 1636 1706 1706 μανθάνομεν,
1729 1640 1812 1692 ὅτι
1835 1640 1898 1691 τὸ

309 1722 411 1791 τῆς
461 1721 722 1794 ἀληθείας
782 1726 1102 1795 μυστήριον,
1135 1725 1197 1778 τὸ
1247 1727 1335 1779 διά
1381 1728 1480 1797 τῆς
1531 1729 1896 1799 εὐαγγελικῆς

308 1811 662 1875 διδασκαλίας
711 1813 1156 1884 ἐπιτελούμενον,
1195 1815 1352 1886 μόνον
1409 1815 1608 1880 εὐῶδές
1663 1819 1780 1870 ἐστι
1814 1818 1892 1888 τῷ
1920 1805 1972 1858 ’Β

311 1904 454 1975 Θεῷ,
479 1905 697 1958 πάντων
737 1905 846 1959 τῶν
884 1907 1123 1974 νομικῶν
1168 1908 1476 1976 ἀρωμάτων
1535 1910 1898 1980 προκεκριμέο

312 2013 438 2060 νον,
468 1995 566 2048 ἆτε
596 1995 659 2066 δὴ
691 1998 887 2068 μηκέτι
931 1997 1088 2069 τύπῳ
1137 2001 1245 2052 τινὶ
1273 2000 1369 2052 καὶ
1403 2001 1530 2070 σκιᾷ
1556 2000 1898 2070 καλυπτόμε-

315 2104 426 2151 νον,
441 2086 579 2140 ἀλλά
617 2091 688 2160 τῇ
723 2087 1026 2159 φανερώσει
1055 2090 1156 2160 τῆς
1186 2089 1443 2162 ἀληθείας
1483 2090 1714 2144 εὐπνουν
1749 2091 1898 2159 γινόο

319 2195 505 2249 μενον.
554 2181 618 2233 Εί
646 2181 754 2252 γάρ
792 2197 846 2234 τι
879 2182 973 2234 καὶ
1022 2181 1131 2234 τῶν
1162 2181 1542 2253 προλαϐόντων
1593 2183 1899 2253 ἀρωμάτων

321 2271 615 2345 ὢσφράνθη
653 2272 857 2344 Κύριος
887 2275 968 2336 είς
1002 2274 1176 2346 ὀσμὴν
1209 2275 1466 2339 εὐωδίας,
1498 2275 1640 2330 κατὰ
1682 2276 1773 2329 τὸν
1803 2279 1902 2346 ἐμο

319 2362 643 2433 φαινόμενον
702 2363 862 2431 λόγον
930 2363 1158 2416 ἕκαστον
1226 2364 1406 2418 αὐτῶν
1470 2366 1566 2436 τῆς
1631 2365 1903 2436 ἀποδοχῆς

355 2450 547 2521 ξιώθη,
574 2451 633 2504 ού
661 2451 804 2505 κατά
825 2452 888 2505 τὸ
904 2453 1193 2523 πρόχειρόν
1220 2469 1279 2504 τε
1302 2455 1397 2506 καὶ
1428 2455 1739 2524 σωματικὸν
1765 2453 1904 2517 εἶδος

314 2541 428 2594 τῶν
452 2543 773 2612 γινομένων.
804 2544 914 2596 Καὶ
946 2543 1106 2596 τοῦτο
1147 2543 1308 2613 δῆλόν
1333 2547 1482 2598 ἐστιν
1519 2548 1582 2598 ὲκ
1608 2547 1704 2615 τῆς
1736 2545 1903 2616 μεγά-

304 2630 415 2700 μλης
441 2630 535 2684 τοῦ
583 2632 866 2704 Προφήτου
895 2635 1104 2703 φωνῆς,
1138 2634 1173 2704 ἦ
1207 2651 1399 2705 φησιν,
1436 2636 1518 2688 ὅτι
1549 2638 1631 2690 Οὐ
1659 2636 1904 2704 δέξομαι

315 2724 387 2776 ἐκ
426 2722 536 2776 τοῦ
557 2724 726 2778 οἷκον
747 2739 865 2778 σου
886 2725 1181 2794 μόσχους,
1205 2725 1348 2780 οὐδὲ
1385 2727 1454 2780 ἐκ
1478 2727 1595 2780 τῶν
1618 2729 1907 2798 ποιμνίων

318 2834 440 2871 σου
485 2818 772 2888 χιμάρους
792 2837 805 2850 ·
834 2821 906 2873 οὐ
936 2819 1048 2889 γὰρ
1092 2819 1347 2889 φάγομαι
1383 2820 1528 2888 κρέα
1576 2823 1830 2889 ταύρων,
1864 2821 1903 2890 ἢ

317 2906 464 2980 αἷμα
488 2910 720 2981 τράγων
748 2912 976 2981 πίομαι.
1004 2913 1197 2965 Καίτοι
1243 2912 1435 2966 πολλαὶ
1469 2913 1727 2977 πολλάκις
1772 2915 1907 2979 ζωο-

321 3002 507 3056 θυσίαι
546 3002 832 3072 γεγόνασιν
856 3019 870 3032 ’
901 3003 1036 3056 άλλά
1063 3003 1168 3057 κᾶν
1217 3003 1442 3074 γένηται
1488 3005 1681 3066 ταῦτα,
1723 3005 1907 3074 ἕτερόν

321 3096 440 3147 ἐστι
465 3093 528 3147 τὸ
557 3094 645 3147 διὰ
679 3093 882 3147 τούτων
908 3096 966 3147 ἐν
1001 3095 1285 3164 αἰνίγματί
1317 3111 1398 3147 σοι
1428 3095 1905 3166 νομοθετούμενον,

320 3187 385 3239 τὸ
412 3185 522 3239 δεῖν
543 3186 613 3239 τὰ
660 3185 807 3256 πάθη
847 3188 905 3239 ἐν
953 3185 1038 3239 σοὶ
1081 3185 1497 3255 σφαγιάζεσθαι.
1543 3189 1735 3242 Θυσία
1765 3188 1909 3257 γὰρ,

323 3279 482 3348 φησι,
513 3277 593 3344 τῷ
633 3277 756 3344 Θεῷ
806 3279 1044 3345 πνεῦμα
1077 3281 1585 3350 συντετριμμένον
1613 3299 1625 3309 ·
1665 3281 1914 3350 καρδίαν

324 3370 842 3439 συντετριμμένην
877 3370 979 3423 καί
1034 3372 1544 3440 τεταπεινωμένην
1573 3373 1606 3424 ὁ
1632 3371 1775 3437 Θεὸς
1804 3375 1914 3426 οὐκ

323 3459 744 3526 ἐξωδενώσει.
779 3460 943 3514 Ὅθεν
990 3460 1198 3529 γίνεται
1246 3463 1280 3533 ἡ
1317 3461 1478 3516 θυσία
1506 3463 1606 3533 τῆς
1656 3463 1915 3526 αἰνέσεως

324 3550 523 3623 ήμῶν,
553 3552 588 3621 ἡ
633 3550 931 3616 δοξάζουσα
975 3551 1067 3604 τὸν
1102 3551 1357 3622 τοιαύτην
1408 3552 1584 3624 ὀσμὴν
1629 3553 1918 3624 ὀσφραινό-

331 3660 514 3714 μενον.
559 3642 776 3714 Ἐπειδὴ
827 3644 1008 3697 τοίνυν
1049 3644 1119 3697 τά
1164 3643 1368 3697 τυπικά
1395 3645 1575 3699 πάντα
1622 3645 1713 3698 τοῦ
1751 3645 1916 3716 νόμου

328 3733 601 3805 ἀρώματα
633 3734 922 3804 ὐπερῦᾶσα
959 3737 992 3806 ἡ
1027 3735 1418 3806 πνευματικῶς
1450 3735 1750 3790 εὐπνοοῦσα
1777 3739 1918 3791 κατά

329 3821 424 3876 τὸν
458 3821 670 3876 Παῦλον
708 3823 877 3894 ψυχὴ,
901 3824 959 3886 ὃς
1009 3823 1244 3894 Χριστοῦ
1295 3824 1492 3878 εὐωδία
1530 3820 1619 3896 ἦν.
1650 3826 1744 3878 καὶ
1777 3827 1916 3897 αὐτὴ

330 3912 538 3983 εὐώδης
563 3913 652 3968 διὰ
671 3912 766 3966 τοῦ
803 3913 920 3983 βίου
972 3916 1191 3984 ἐγένετο
1213 3916 1304 3968 καὶ
1331 3916 1392 3968 τὸ
1430 3916 1601 3987 μύρον
1633 3917 1734 3987 τῆς
1763 3920 1921 3988 ἱερω-

333 4004 502 4076 σύνης
542 4005 636 4059 καὶ
661 4006 723 4058 τὸ
759 4006 1012 4076 θυμίαμα
1039 4007 1138 4077 τῆς
1185 4007 1507 4071 συνθέσεως,
1543 4008 1631 4062 διά
1670 4009 1920 4080 ποικίλης

334 4096 444 4150 τῶν
488 4097 699 4169 ἀρετῶν
747 4100 1108 4169 συνεισφορᾶς
1153 4115 1210 4151 τε
1247 4099 1340 4152 καὶ
1397 4100 1594 4169 μίξεως
1626 4100 1804 4164 καλῶς
1837 4101 1924 4152 εὐ-

339 4188 650 4258 πνοήσασα,
677 4187 804 4253 ἀξία
852 4187 1027 4256 ἐφάνη
1067 4190 1132 4258 τῇ
1163 4188 1429 4258 ὀσφρήσει
1462 4187 1558 4240 τοῦ
1585 4189 1816 4259 νυμφίου
1844 4190 1924 4253 είς

336 4281 514 4352 ὀσμὴν
557 4281 785 4344 εὐωδίας
813 4297 828 4312 ο
866 4280 955 4334 διὰ
998 4280 1158 4333 τοῦτο
1193 4282 1227 4352 ή
1265 4279 1385 4334 θεία
1429 4279 1710 4349 αἴσθησις,
1743 4279 1924 4342 καθὼς

337 4374 368 4426 ὁ
399 4371 655 4443 Σολομὼν
687 4372 966 4443 ὀνομάζει,
994 4371 1104 4426 τῶν
1127 4370 1457 4442 σωματικῶν
1496 4372 1803 4443 ἀρωμάτων
1827 4370 1923 4424 τοῦ

1937 3154 1984 3215 C

1991 555 2278 617 propterea
2313 545 2425 600 Deo
2466 560 2564 615 per
2611 544 2784 614 legem
2827 541 3135 596 oll'eruntur
3187 534 3574 606 propitiatoria

1991 638 2281 697 sacriﬁcia.
2309 646 2361 692 et
2409 651 2509 706 pro
2544 634 2737 706 gratiis
2789 631 3018 703 agendis
3064 627 3337 688 instituta,
3371 629 3426 679 et
3473 638 3573 676 ex-

1990 732 2244 803 piatoria,
2275 739 2330 784 et
2374 744 2472 799 pro
2515 735 2744 798 peccato
2764 727 2832 780 ⁷⁸.
2871 726 2994 778 Haec
3018 721 3204 776 omnia
3233 733 3373 789 pone
3429 717 3575 770 inter

1993 833 2263 885 aromata,
2295 831 2350 877 et
2393 821 2739 883 holocausta,
2766 827 2820 872 et
2856 815 3170 885 singulares
3212 825 3403 864 eorum
3449 814 3574 877 quae

1992 923 2124 970 sunt
2179 915 2356 968 oblata
2405 910 2881 974 consecrationes,
2929 904 3314 974 pectusculmn
3357 899 3571 962 hostiae,

1995 1007 2179 1061 lobum
2206 1006 2430 1075 jecoris,
2469 1002 2682 1072 adipem
2713 1015 2833 1069 qua:
2861 1005 2946 1053 est
2978 998 3030 1050 in
3064 994 3316 1052 renibus.
3347 999 3400 1045 et
3432 1004 3576 1059 prae-

2002 1105 2157 1151 terea
2199 1097 2328 1151 thus
2379 1102 2433 1150 et
2463 1095 2585 1148 oleo
2617 1090 2979 1145 madefactam
3042 1087 3301 1149 similam,
3338 1082 3576 1138 suﬁitum

1995 1189 2495 1258 eompusitionis,et
2523 1186 2631 1238 alia
2671 1183 2858 1237 omnia
2893 1181 3094 1251 quibus
3137 1180 3247 1234 Deo
3275 1193 3369 1247 per
3394 1177 3574 1246 ignem

1996 1281 2178 1335 cultus
2220 1279 2600 1341 exhibebatur,
2653 1274 2968 1328 referuntur
3001 1272 3056 1324 iu
3103 1283 3394 1324 numerum
3443 1280 3574 1319 aro-

1997 1383 2227 1427 matum.
2291 1368 2523 1434 Quando
2589 1385 2717 1438 ergo
2783 1364 3158 1419 audiverimus
3236 1366 3574 1430 unguentum

1999 1479 2235 1535 Spousze,
2264 1463 2407 1533 quod
2450 1475 2617 1530 supra
2675 1459 2860 1514 omnia
2893 1464 3134 1510 aromata
3173 1452 3398 1521 dignum
3448 1464 3577 1502 cen-

2000 1564 2153 1610 setur
2192 1551 2341 1624 quod
2408 1551 2778 1619 suscipiatur,
2813 1546 2901 1602 his
2964 1544 3148 1602 verbis
3201 1539 3578 1610 intelligimus,

2001 1648 2147 1718 quod
2215 1646 2535 1717 mysterium
2592 1641 2839 1696 veritatis
2897 1635 3224 1705 evangelicae
3282 1631 3577 1688 deelrinm.

2001 1740 2145 1811 quod
2177 1742 2476 1810 peragitur,
2528 1743 2610 1791 est
2647 1736 2824 1788 solum
2886 1728 2997 1784 Deo
3039 1724 3400 1784 odoriferam,
3440 1735 3580 1790 prze-

2002 1809 2239 1906 pnsitum
2281 1830 2538 1883 inanibus
2583 1825 2854 1895 legalibus
2891 1817 3255 1878 aromatihus,
3317 1821 3376 1865 ut
3435 1809 3580 1880 quod

2003 1946 2110 1982 non
2136 1933 2352 1996 tegatur
2390 1922 2626 1991 amplius
2656 1920 2764 1974 ulla
2796 1916 2966 1986 ﬁgura
3006 1921 3062 1968 et
3089 1911 3304 1968 umbra,
3335 1907 3430 1960 sed
3462 1918 3586 1958 ma-

2003 1995 2354 2073 nifestatione
2385 2011 2632 2067 veritatis
2662 2007 2924 2064 reddatur
2951 2007 3089 2059 bene
3119 2002 3294 2055 olens.
3340 1995 3473 2050 Nam
3525 2005 3584 2047 et

2006 2111 2052 2166 si
2083 2107 2288 2176 aliquid
2316 2122 2384 2160 ex
2413 2105 2480 2159 iis
2511 2117 2632 2173 qua:
2673 2102 3080 2170 praecesserunt
3132 2088 3475 2145 aromatibns
3503 2088 3586 2139 ol-

2007 2201 2136 2256 fecit
2172 2200 2396 2254 odorem
2458 2191 2781 2253 suavitatis,
2833 2205 2900 2243 ex
2943 2184 3124 2239 Verbo
3175 2178 3318 2250 quod
3358 2178 3430 2231 iis
3465 2191 3586 2246 quae

2008 2293 2210 2348 ﬁebant
2244 2285 2555 2358 apparebat,
2585 2278 3002 2350 unumquodque
3025 2287 3210 2330 eorum
3243 2272 3469 2338 dignum
3503 2273 3588 2318 est

2009 2381 2254 2437 habitum
2290 2375 2432 2448 quod
2464 2372 2857 2441 susciperetur,
2889 2381 3001 2420 non
3043 2380 3110 2419 ex
3149 2359 3419 2429 corporali
3461 2371 3587 2425 spe-

2009 2472 2092 2525 cie
2126 2484 2314 2526 eorum
2360 2480 2482 2536 quae
2514 2462 2736 2522 ﬁebant,
2785 2469 2838 2513 et
2869 2455 3014 2528 quod
3045 2462 3162 2509 erat
3210 2453 3265 2504 in
3307 2454 3582 2519 promptu.

2012 2561 2127 2615 Hoc
2169 2567 2349 2612 autem
2396 2566 2478 2610 est
2533 2553 2885 2622 perspicuum
2917 2564 2982 2603 ex
3016 2559 3214 2614 magna
3265 2555 3399 2594 voce
3453 2536 3590 2590 Pro-

2009 2654 2205 2724 phetas.
2241 2665 2347 2720 qua
2378 2648 2548 2700 dicit:
2582 2642 2706 2696 Non
2735 2642 2992 2710 accipiam
3029 2637 3092 2691 de
3123 2636 3281 2688 domo
3319 2643 3411 2686 tua
3448 2632 3590 2684 vitu-

2011 2747 2112 2808 los,
2145 2759 2304 2812 neque
2322 2756 2386 2795 ea:
2414 2739 2652 2810 gregibus
2695 2737 2797 2790 tuis
2832 2732 3030 2788 haedos.
3083 2729 3210 2782 Non
3238 2727 3375 2780 enim
3420 2737 3591 2777 come-

2012 2834 2137 2888 dero
2163 2847 2346 2886 carnes
2392 2841 2687 2892 taurorum,
2740 2840 2903 2894 neque
2961 2821 3276 2890 sanguinem
3324 2817 3590 2868 hircorum

2012 2922 2345 2994 potavero".
2389 2917 2633 2973 Tametsi
2665 2918 2837 2970 multa
2871 2927 3016 2980 saepe
3045 2911 3192 2964 facta
3227 2913 3354 2963 sunt
3379 2905 3590 2958 anima-

1984 3016 2148 3069 lium
2187 3011 2500 3068 sacriﬁcia:
2562 3005 2813 3078 quamvis
2847 3015 3030 3057 tamen
3063 3017 3126 3056 ea
3167 3001 3312 3054 facta
3367 2996 3592 3057 fuerint,

2017 3106 2161 3160 aliud
2191 3112 2298 3165 est,
2328 3101 2470 3172 quod
2505 3116 2601 3170 per
2633 3100 2748 3154 haec
2781 3098 2835 3151 in
2861 3097 3152 3164 aenigmate
3181 3091 3280 3145 tibi
3315 3091 3428 3158 lege
3463 3104 3597 3142 con-

2016 3197 2286 3256 stituitur,
2325 3208 2520 3262 nempe
2550 3199 2805 3261 oportere
2832 3188 3069 3241 interimi
3124 3199 3244 3252 qua:
3297 3183 3352 3234 in
3388 3190 3439 3234 te
3469 3186 3600 3233 sunt

2015 3290 2143 3344 vitia
2176 3296 2230 3343 et
2261 3286 2430 3340 animi
2486 3282 2968 3354 perturbationes:
3029 3273 3368 3342 Sacriﬁcium
3419 3269 3597 3334 enim,

2016 3380 2213 3448 inquit,
2245 3376 2350 3431 Deo
2373 3375 2591 3443 spiritus
2645 3371 2940 3442 contritus_;
2971 3382 3062 3418 cor
3089 3362 3378 3417 contritum
3421 3371 3471 3413 et
3501 3359 3603 3410 Im-

2017 3471 2283 3525 miliatum
2337 3467 2478 3521 Deus
2525 3481 2629 3518 non
2674 3461 2922 3530 despiciet
2956 3458 3022 3510 ’3.
3067 3455 3221 3511 Unde
3256 3454 3314 3507 ﬁt
3351 3459 3599 3506 nostrum

2019 3562 2350 3618 sacriﬁcium
2402 3557 2614 3618 laudis,
2654 3554 2798 3624 quod
2840 3550 3110 3622 gloriﬁcat
3147 3561 3270 3602 eum
3305 3544 3397 3614 qui
3438 3541 3601 3595 talem

2019 3656 2283 3708 odoratur
2345 3647 2588 3702 odorem.
2663 3643 2933 3709 Quoniam
2970 3655 3099 3709 ergo
3151 3633 3422 3705 superatis
3468 3631 3604 3700 legis

2019 3738 2220 3810 typicis
2249 3735 2611 3796 aromatibus,
2640 3745 2760 3801 qua:
2790 3728 3151 3798 spiritualiter
3173 3725 3327 3794 juxta
3349 3721 3602 3782 Paulum,

2021 3831 2112 3899 qui
2149 3836 2266 3884 erat
2297 3827 2473 3880 bonus
2497 3825 2634 3878 odor
2649 3823 2851 3880 Christi
2875 3823 2943 3884 ⁷³,
2968 3820 3103 3874 bene
3128 3817 3366 3888 spirabat
3396 3813 3602 3873 anima,

2022 3923 2138 3992 ipsa
2169 3937 2263 3991 per
2288 3921 2454 3974 vitam
2487 3918 2782 3972 beneolcns
2813 3915 3004 3970 eﬁ‘ecta
3030 3918 3135 3975 est,
3177 3916 3232 3964 et
3263 3912 3602 3977 unguentum

2027 4013 2347 4076 sacerdotii,
2378 4021 2430 4067 et
2466 4010 2681 4067 suﬁitus
2732 4005 3171 4078 compositionis,
3202 4004 3341 4058 bene
3387 4001 3606 4068 spirans

2024 4122 2124 4177 per
2153 4105 2362 4158 variam
2399 4104 2667 4156 virtutum
2695 4097 3151 4169 compositionem
3181 4101 3236 4148 et
3264 4091 3593 4150 mistionem,

2025 4199 2187 4269 digna
2218 4199 2331 4252 visa
2356 4205 2441 4251 cst
2463 4194 2650 4265 sponsi
2676 4191 2927 4246 odoratui
2949 4191 3005 4244 in
3027 4188 3250 4242 odorem
3277 4181 3568 4238 suavitatis
3598 4222 3606 4233 .

2027 4298 2317 4360 propterea
2345 4303 2542 4343 sensus
2575 4286 2816 4345 divinus,
2849 4282 2994 4337 sicut
3039 4277 3284 4333 nominat
3317 4273 3598 4334 Salomon,

2029 4378 2396 4448 corporalium
2433 4375 2569 4445 legis
2608 4379 2939 4434 aromatum,
2987 4367 3138 4422 addit
3169 4366 3320 4420 illum
3367 4362 3614 4415 materia:

337 4465 527 4534 νόμου,
561 4463 886 4534 προστίθησι
936 4464 1036 4533 τὴν
1080 4461 1242 4516 άῦλον
1291 4463 1507 4533 ἐκείνην
1556 4463 1650 4516 καὶ
1680 4461 1909 4532 καθαράγ

2031 4479 2308 4539 expertem
2340 4474 2395 4521 et
2432 4481 2630 4537 purum
2667 4464 2915 4524 odorem,
2953 4461 3044 4531 qui
3087 4473 3184 4528 per
3217 4456 3448 4510 virtutes
3476 4469 3608 4506 con-

339 4555 440 4624 τὴν
470 4553 557 4607 διὰ
587 4555 696 4609 τῶν
735 4553 948 4626 ἀρετῶν
985 4554 1401 4626 μυρεψουμένην
1430 4553 1677 4616 εὐωδίαν,
1712 4554 1884 4621 λέγων
1907 4570 1922 4583 ο

338 4645 454 4701 Καὶ
496 4645 657 4715 ὀσμὴ
693 4647 900 4715 μύρων
927 4663 1044 4702 σου
1092 4648 1245 4716 ὑπὲρ
1293 4647 1491 4700 πάντα
1530 4646 1601 4699 τὰ
1629 4647 1924 4714 ἀρώματα.

426 4762 485 4814 'O
505 4761 561 4814 δὲ
591 4760 788 4830 ἐφεξῆς
813 4759 969 4828 λόγος
1001 4760 1139 4831 πρὸς
1157 4759 1217 4812 τὸ
1234 4758 1561 4830 ὑψηλότερον
1590 4758 1820 4827 προάγει
1839 4756 1929 4809 τὸν

2029 4559 2210 4615 ﬁcitur
2235 4574 2299 4612 ac
2326 4557 2690 4626 componitur,
2731 4554 2962 4609 dicens:
3021 4548 3091 4602 Et
3131 4547 3262 4602 odor
3317 4551 3612 4614 unguento-

2028 4668 2144 4704 rum
2182 4660 2390 4702 tuorum
2420 4663 2581 4716 supra
2616 4647 2791 4699 omnia
2818 4651 3083 4699 aromata.

2103 4762 2162 4816 Id
2220 4767 2400 4814 autem
2437 4757 2584 4828 quod
2621 4757 2876 4825 deinceps
2939 4751 3190 4822 sequitur
3218 4787 3234 4811 ,
3275 4748 3342 4801 ad
3398 4746 3614 4800 laudem

343 4851 587 4914 ἔπαινον,
613 4850 709 4921 τὴν
736 4851 801 4903 ἐκ
834 4849 1062 4921 μελέτης
1083 4851 1176 4902 καὶ
1205 4850 1478 4920 προσοχῆς
1513 4849 1814 4918 γενομένην
1835 4847 1909 4900 αὐι

2034 4852 2263 4908 deducit
2313 4850 2589 4913 altiorem,
2652 4861 2905 4903 sermone
2935 4842 3236 4899 testiﬁcans
3292 4841 3369 4894 illi
3437 4840 3616 4892 inesse

343 4944 413 5012 τῇ
446 4941 556 4995 τῶν
582 4941 966 5013 πνευματικῶν
998 4942 1356 5014 χαρισμάτων
1384 4939 1702 5008 περιουσίαν
1729 4956 1933 5011 μαρτυσ

2039 4945 2252 5015 c0piam
2305 4941 2669 5013 spiritualium
2712 4941 3017 4999 donorum,
3055 4950 3178 5007 qua:
3220 4934 3270 4988 ei
3319 4931 3518 4987 accidit
3552 4947 3615 4984 ex

348 5034 460 5104 ρῶν
488 5031 569 5102 τῷ
612 5033 774 5103 λόγῳ.
824 5033 1044 5102 Ἐπειδὴ
1076 5031 1185 5102 γάρ
1207 5030 1359 5100 παρὰ
1397 5030 1497 5100 τὴν
1528 5030 1788 5100 μέλισσαν
1815 5048 1909 5098 φοιι

2038 5035 2394 5090 meditatione
2423 5041 2478 5088 et
2519 5032 2838 5086 attentione.
2870 5027 3009 5082 Nam
3049 5024 3311 5095 quoniam
3344 5023 3414 5076 ad
3463 5035 3610 5089 aperr

346 5127 450 5195 τᾷν
487 5124 736 5194 βούλεται
762 5123 855 5178 τὸν
885 5124 988 5194 τῆς
1018 5124 1209 5192 σοφίας
1242 5122 1487 5194 μαθητὴν
1512 5124 1540 5175 ὁ
1568 5123 1933 5192 παροιμιακὸς

344 5217 504 5286 λόγος
524 5217 685 5285 (νοεῖς
711 5215 770 5268 δὲ
790 5216 1009 5278 πάντως
1038 5217 1102 5268 ἐκ
1130 5215 1238 5268 τῶν
1261 5213 1519 5284 μαθητῶν
1546 5212 1646 5280 τὴν
1672 5212 1932 5266 διδάσκα-

345 5309 438 5362 λον
485 5306 604 5378 ἥτις
667 5307 836 5378 ἐστιν)
882 5307 1056 5376 λέγων
1099 5310 1214 5370 τοῖς
1246 5307 1500 5377 ἐρασταῖς
1547 5304 1646 5373 τῆς
1699 5303 1925 5371 σοφίας·

348 5401 680 5469 Πορεύθητι
703 5399 854 5469 πρὸς
885 5399 1001 5467 τὴν
1017 5398 1347 5468 μέλισσαν,
1366 5396 1464 5449 καὶ
1489 5393 1641 5465 μάθε
1659 5395 1738 5459 ὠς
1765 5393 1936 5464 ἐργά-

341 5513 433 5563 τις
465 5496 618 5560 ἐστὶ,
647 5497 749 5566 τήν
787 5512 847 5548 τε
880 5494 1144 5568 ἐργασίαν
1178 5493 1254 5558 ὡς
1294 5490 1498 5562 σεμνὴν
1542 5488 1932 5560 ἐμπορεύεται,

422 5672 487 5746 ’ᾗ
512 5675 649 5732 Gen.
686 5692 804 5739 vm,
843 5676 934 5736 2|.
1011 5679 1056 5709 τε
1099 5676 1274 5733 chit.
1316 5690 1391 5745 is,
1423 5675 1455 5730 4
1485 5689 1605 5746 sqq.

359 5739 407 5774 '°
448 5744 613 5801 Eccli.
653 5763 730 5805 xl.
765 5747 819 5802 5.

1693 5673 1739 5708 ⁷⁷
1775 5669 1919 5729 Psal.
1948 5684 2098 5741 ms,
2139 5672 2172 5727 9
2211 5688 2330 5746 sqq.

2041 5127 2326 5197 sapientim
2351 5124 2684 5195 discipulum
2729 5121 2998 5177 ventitare
3044 5119 3163 5171 vult
3195 5116 3247 5170 id
3280 5112 3423 5184 quod
3483 5109 3617 5165 scri-

2037 5219 2186 5274 bitur
2242 5220 2296 5272 iu
2339 5215 2647 5271 Proverbiis
2706 5211 3010 5284 (intelligis
3041 5217 3220 5264 autem
3269 5204 3494 5261 omnino
3553 5216 3619 5255 ex

2040 5309 2327 5380 discipulis
2380 5324 2500 5377 quae
2548 5308 2621 5363 sit
2672 5301 2990 5376 magistra),
3038 5301 3233 5355 dicens
3283 5294 3621 5353 amatoribus

2043 5400 2363 5470 sapientia:
2399 5399 2544 5454 Vade
2575 5399 2644 5453 ad
2689 5414 2836 5467 apem
2880 5405 2930 5449 et
2977 5394 3119 5446 disce
3146 5391 3286 5462 quod
3326 5390 3396 5444 sit
3437 5402 3620 5457 opera-

2044 5492 2129 5545 ria
2162 5492 2242 5557 ⁸ο,
2311 5491 2541 5561 ejusque
2603 5489 2880 5562 opiﬁcium
2945 5483 3306 5547 nundinatur,
3359 5489 3619 5548 tanquam

2427 5671 2470 5704 ⁷³
2511 5668 2657 5726 Psal.
2699 5685 2751 5736 ι,
2798 5667 2865 5724 19
2908 5682 3028 5739 sqq.
3104 5666 3149 5698 ⁷ο
3179 5662 3220 5718 ιι
3257 5663 3385 5716 Cor.
3428 5673 3488 5724 ιι,
3531 5655 3620 5709 l5.
