1927 3108
159 149 212 177 959

787 154 817 182 S.
840 154 1007 184 GREGORII
1028 154 1176 183 NYSSENI

1740 152 1795 181 960

159 207 330 241 praeclarum.
346 211 426 244 cujus
449 212 567 245 labores.
580 217 610 240 et.
626 221 713 248 rcges,
742 217 769 240 et
786 214 884 248 privati
902 213 949 241 ad-

1001 212 1032 250 ἧς
1045 215 1107 246 τοὺς
1118 215 1216 245 πόνους
1227 214 1346 249 βασιλεῖς
1358 214 1406 242 καὶ
1418 214 1521 241 ίδιῶται
1534 214 1603 250 πρὸς
1615 213 1694 248 ὑγίαν
1707 221 1795 249 προσ-

159 251 251 279 hibent
262 255 296 281 ad
315 257 470 290 sanitatem,
484 262 511 285 et
524 266 585 285 eam
601 259 668 285 dicit
687 259 816 287 omnibus
839 259 947 287 deside-

157 298 271 326 rabilem
288 305 314 327 et
331 302 476 338 insignem,
498 308 527 331 ut
555 312 617 339 qua:
641 308 677 332 sit
705 306 810 332 viribus
837 305 948 340 quidem

157 341 314 372 inbecilla:
336 346 510 376 houorarerit
525 353 615 376 autem
640 350 815 383 sapientiam.
836 355 864 378 et
889 351 949 377 ideo

158 387 219 417 vita:
237 391 343 419 virtutis
362 393 490 422 studiosis
512 395 642 429 producta
668 395 704 423 sit
728 394 754 421 in
782 396 947 431 exemplum.

158 434 258 462 Produ-
269 443 294 463 ta
309 442 351 466 est
364 440 449 471 enim.
464 440 564 475 inquit,
578 446 608 468 ιιι
623 449 685 476 quae
712 442 888 470 honoraverit
904 451 949 471 sa-

157 480 301 515 pientiam.
319 482 447 511 Consulit
472 489 562 512 autem
587 494 635 520 per
648 493 679 513 ea
704 494 764 521 qua:
780 487 852 513 dicta
873 492 949 519 sunt.

158 533 173 552 a
188 526 263 553 nulla
280 527 349 555 bona
367 530 507 558 abstinere
523 531 680 566 disciplina,
700 532 748 559 sed
764 533 949 567 pervolantem

158 576 266 607 pratum
281 573 476 608 inspiratorum
491 583 506 603 a
527 576 581 603 Deo
597 577 781 612 eloquiorum.
797 577 951 613 colligendo

158 618 261 652 aliquid
288 624 417 654 tanquam
433 622 527 648 ﬂorent
553 631 584 650 ex
606 632 770 658 tutoquoque
797 632 892 652 eorum
916 625 950 652 ad

158 665 374 696 procreationem
399 668 552 702 sapientiae.
580 669 633 696 sibi
662 670 788 698 fabricari
813 679 903 698 ceram
924 672 950 699 in

158 707 240 735 corde
258 717 318 742 suo,
346 714 474 745 tanquam
502 713 603 741 alveari
634 715 764 749 quodam,
796 717 951 751 reponendo

158 752 229 780 hanc
245 753 408 783 industriam
427 761 455 784 et
469 757 587 785 laborem
612 760 803 795 multiplicium
828 762 951 796 discipli-

158 806 255 826 narum
272 801 298 827 in
314 801 467 830 inconfusis
483 804 509 831 in
532 806 663 832 memoria
684 807 793 838 loculis,
818 812 949 842 tanquatn

156 845 322 878 quibusdam
341 847 368 874 in
386 848 447 875 favo
465 850 554 878 mellis
569 851 669 879 fistulis
683 851 842 880 fabricatis:
860 858 887 881 et
910 855 951 882 sic

159 889 245 916 instar
269 892 402 926 sapientis
419 894 493 922 illius
506 896 576 930 apis,
597 897 679 931 cujus
693 897 772 925 favus
784 899 894 933 quidem
909 904 952 928 est
967 896 988 923 Β

158 934 257 965 dulcis.
268 944 321 964 non
336 945 461 973 pungens
474 946 564 968 autent
578 942 720 974 stimulus,
739 949 870 979 perpetuo
883 954 952 974 nun-

157 980 246 1008 dinari
261 982 331 1010 hanc
345 985 504 1018 praeclaram
518 987 651 1014 virtuttun
666 991 867 1024 operationem.
882 991 952 1020 Vere

156 1026 228 1053 enim
245 1027 291 1055 ille
318 1030 496 1063 nundinatur,
516 1033 564 1067 qui
598 1033 669 1061 bona
687 1038 789 1062 acterna
809 1036 951 1064 laboribus

156 1072 202 1106 qui
217 1073 262 1101 hic
282 1076 475 1110 suscipiuntur
487 1083 634 1112 permutat,
656 1085 684 1107 et
708 1089 774 1109 suos
795 1082 902 1110 labores
919 1082 951 1110 ad

158 1119 302 1147 sanitatem
324 1122 421 1149 animat
446 1123 588 1151 distribuit
615 1125 725 1160 regibus
756 1130 784 1154 et
815 1128 949 1161 privatis:

158 1165 225 1192 adeo
242 1171 271 1192 ut
286 1175 387 1201 sponso
404 1169 450 1195 liat
464 1170 521 1197 haec
535 1172 626 1197 anima
642 1172 846 1204 desiderabilis.
862 1175 952 1201 clara-

156 1219 210 1243 que
224 1215 251 1238 et
266 1213 380 1247 insignis
399 1215 516 1249 angelis.
535 1216 599 1243 dum
620 1218 644 1243 in
667 1218 828 1246 inﬁrmitate
845 1220 952 1254 perﬁcit

157 1256 284 1285 virtutem
298 1264 410 1294 propter
426 1262 558 1289 honorem
576 1264 727 1298 sapientiae.
738 1265 871 1297 Quoniam
887 1273 951 1300 ergo

156 1305 320 1334 eruditionis
338 1311 366 1334 et
382 1307 528 1343 diligentia
542 1315 607 1337 sunt
624 1313 759 1347 exetnpla,
775 1321 835 1348 qua:
853 1315 886 1340 de
901 1322 952 1341 sa—

158 1351 241 1386 pienti
273 1353 318 1379 illa
348 1362 398 1388 ape
416 1359 480 1382 sunt
506 1357 691 1388 narrationes,
712 1362 739 1386 et
766 1360 950 1393 spiritualium

156 1398 356 1426 charismatum
372 1401 455 1428 varia
473 1401 634 1434 divisiones,
653 1404 847 1431 convenienter
868 1405 951 1432 studii

157 1448 185 1470 et
200 1444 347 1479 diligentiae
364 1448 535 1481 proportioni
557 1449 691 1476 accedunt
710 1449 743 1477 iis
774 1451 821 1485 qui
845 1451 952 1478 labora-

157 1494 221 1517 runt
233 1499 240 1523 ;
254 1496 398 1526 propterea
413 1493 479 1519 dicit
494 1500 600 1526 sponsae
614 1503 620 1521 :
635 1495 691 1522 Cor
705 1501 781 1523 tuum
798 1496 896 1523 factum
910 1501 952 1523 est

158 1536 268 1570 plenutn
286 1537 354 1564 favis
369 1545 450 1565 omne
466 1547 552 1572 genus
567 1540 742 1572 eruditionis,
758 1542 830 1569 unde
843 1543 950 1576 profers

156 1588 190 1608 ex
204 1581 276 1609 bono
295 1583 426 1610 thesauro
441 1585 534 1611 cordis
549 1593 648 1613 suaves
664 1587 752 1613 stillas
770 1595 926 1615 sermonum
941 1597 947 1614 :

157 1625 226 1652 adeo
248 1630 278 1652 ut
304 1627 352 1654 tibi
383 1628 419 1653 sit
445 1629 535 1655 oratio
552 1630 603 1655 mel
628 1631 739 1658 mistum
773 1639 835 1658 cum
868 1633 948 1660 lacte.

158 1669 263 1697 Fabam
278 1672 361 1703 enim,
382 1672 481 1707 inquit.
507 1674 639 1702 distillant
657 1676 728 1703 labia
754 1682 808 1706 tua.
832 1687 948 1712 sponsa,

158 1715 209 1743 mel
224 1721 250 1743 et
272 1717 314 1743 lac
337 1718 385 1744 sub
404 1718 495 1753 lingua
522 1725 578 1747 tua.
601 1722 650 1749 Est
668 1722 740 1748 eniut
772 1724 821 1750 tibi
838 1730 950 1758 paratus

157 1769 258 1792 sermo,
274 1764 447 1790 auJ-toribus
464 1772 517 1792 non
540 1766 704 1794 uniformcm
721 1770 872 1796 ostendens
894 1772 949 1797 uti-

158 1806 271 1838 litatem,
296 1808 344 1835 sed
368 1815 522 1844 congruens
550 1811 655 1839 viribus
683 1819 779 1839 eorum
797 1815 842 1848 qui
862 1815 948 1849 ipsum

158 1853 314 1887 suscipiunt
329 1863 335 1880 :
356 1854 424 1881 adeo
442 1859 471 1882 ut
485 1861 512 1883 et
527 1856 736 1890 perfectioribus
751 1861 895 1887 conveniat
923 1866 949 1887 et

158 1898 333 1927 infantibus:
348 1900 475 1934 perfectis
491 1902 602 1937 quidem
619 1904 670 1930 mel
688 1904 787 1936 factus,
807 1906 848 1932 lae
859 1912 948 1934 autent

158 1944 321 1977 infantibus,
349 1947 505 1980 cuiusmodi
532 1954 591 1975 erat
609 1948 722 1982 Paulus,
740 1955 769 1977 ut
793 1952 840 1985 qui
860 1953 949 1980 verbis

157 1990 267 2024 quidem
284 1991 413 2019 mollibus
441 1993 526 2019 aleret
544 2001 640 2021 recens
666 1999 757 2026 natos.
786 1996 948 2031 sapientiam

157 2040 248 2063 autem
263 2036 421 2071 loqueretur
440 2038 569 2073 perfectis
584 2038 611 2066 in
627 2040 768 2075 mysterio,
784 2041 949 2069 absconsam

158 2088 174 2107 a
192 2082 312 2112 saeculis.
327 2089 409 2116 quam
434 2091 488 2110 non
520 2083 594 2118 capit
610 2084 661 2111 hoc
689 2086 830 2117 saeculum,
863 2094 949 2120 neque

158 2128 297 2162 principes
310 2128 392 2163 hujus
405 2129 498 2156 saeculi
510 2129 543 2157 ".
560 2129 635 2158 Hanc
652 2137 718 2165 ergo
732 2131 819 2159 mellis
833 2136 859 2158 et
873 2132 950 2159 lactis

158 2173 386 2207 praeparationem
404 2174 471 2200 dicit
489 2182 552 2202 esse
567 2175 618 2202 sub
649 2175 754 2210 lingua,
787 2184 885 2211 nempe
906 2185 950 2203 re—

158 2217 297 2243 conditum
311 2221 338 2243 et
351 2222 535 2252 opportunum
552 2214 631 2245 usum
661 2220 798 2248 sermonis
814 2228 862 2255 per
877 2221 947 2248 hanc

158 2268 252 2288 vocem
268 2262 404 2291 indicans.
418 2262 485 2290 Nam
502 2264 549 2298 qui
561 2266 614 2291 scit
624 2266 853 2299 quemadmodum
865 2275 947 2301 opor-

158 2311 214 2334 teat
231 2308 380 2343 unicuique
396 2309 574 2344 respondere,
589 2311 642 2338 sub
658 2311 749 2346 lingua
760 2312 864 2339 habens
876 2313 947 2340 hanc

158 2353 262 2380 variam
292 2354 347 2381 vim
379 2356 527 2389 sermonis,
556 2361 618 2391 apte
638 2358 741 2392 pra‘bet
771 2358 799 2385 in
825 2362 945 2394 tempore

158 2397 307 2433 unicuique
319 2406 353 2425 ex
373 2398 545 2428 auditoribus
561 2401 587 2427 id
607 2402 679 2435 quod
698 2408 737 2429 est
759 2402 783 2429 ei
801 2403 872 2429 usui.

964 1564 985 1593 C

963 2236 985 2263 D

1000 261 1149 296 φέρονται·
1169 260 1295 296 ποθεινὴν
1315 260 1344 287 δὲ
1370 261 1436 287 πᾶσι
1461 261 1535 296 λέγει
1559 260 1644 297 αὐτὴν
1661 258 1731 287 είναι
1748 261 1796 286 καὶ

999 306 1133 339 ἐπίδοξον,
1148 306 1316 334 ἀσθενοῦσαν
1336 307 1385 342 μὲν
1402 307 1473 334 κατὰ
1492 307 1541 343 τὴν
1563 307 1675 343 ῥώμην,
1693 307 1743 342 τὴν
1764 306 1796 333 δὲ

1001 353 1097 388 σοφίαν
1103 353 1276 388 πτιμήσασαν,
1289 353 1336 379 καὶ
1348 353 1392 380 διὰ
1399 353 1476 380 τοῦτο
1484 354 1665 389 προαχθεῖσαν
1677 353 1717 384 είς
1733 352 1796 379 ὑπὸ·

999 398 1096 433 δειγμα
1122 398 1179 433 βίον
1200 400 1256 430 τοῖς
1274 399 1420 434 ὲναρέτοις.
1441 399 1495 434 Τὴν
1516 400 1571 435 γὰρ
1588 399 1693 433 σοφίαν,
1714 399 1795 433 φησὶ,

999 445 1139 480 τιμήσασα
1166 445 1301 480 προήχθη.
1327 445 1510 480 Συμὸουλεύει
1525 446 1554 472 δὲ
1576 446 1621 473 διὰ
1640 445 1694 471 τῶν
1718 446 1796 480 εἰρη-

1003 492 1092 526 μένων
1111 491 1224 527 μηδενδς
1236 492 1386 526 ἀπέχεσθαι
1411 492 1465 518 τῶν
1488 491 1599 525 ἀγαθῶν
1613 491 1792 526 μαθημάτων,

1000 537 1068 563 ἀλλὰ
1081 537 1120 572 τῷ
1136 537 1248 572 λειμῶνι
1274 537 1328 564 τῶν
1350 536 1535 563 θεοπνεύστων
1557 536 1742 570 ὲφιτπάμενσν
1752 535 1795 561 λό-

1001 591 1068 615 γων.
1090 583 1136 617 ἀφ’
1153 583 1268 609 ἑκάστου
1294 592 1319 608 τι
1346 583 1413 618 πρὸς
1440 583 1488 617 τὴν
1507 583 1602 617 κτῆσιν
1625 582 1674 616 τῆς
1699 581 1795 615 σοφίας

1003 628 1229 663 ὰπανθιζόμενον,
1248 629 1446 663 κηροπλαστξῖν
1461 627 1549 662 ἑαυτῷ
1566 628 1596 653 τὸ
1611 627 1707 662 κηρίον
1717 647 1723 658 ,
1739 624 1795 652 οἷον

1001 676 1030 701 ἐν
1043 674 1147 709 σίμϐλῳ
1160 675 1211 700 τινὶ
1223 676 1254 709 τῇ
1265 674 1361 700 ἑαυτοῦ
1374 674 1470 708 καρδία
1482 674 1531 708 τὴν
1541 672 1684 708 φιλεργίαν
1693 671 1795 706 ταύτην

1001 719 1213 755 ἀποτιθέμενον·
1235 720 1328 755 ὥσπερ
1344 720 1417 750 randi;
1430 721 1457 745 ὲν
1477 720 1567 754 κηρίῳ
1589 717 1798 753 σύριγγαςπᾶψ

1003 765 1150 792 πολυειδῶν
1169 766 1339 801 μαθημάτων
1359 765 1527 799 ἀσυγχύτους
1544 766 1572 790 ἐν
1587 766 1618 799 τῇ
1637 765 1731 799 μνήμῃ
1746 763 1798 795 τὰς

1003 812 1090 847 θήκας
1100 812 1342 847 δημιουργήσαντα
1352 820 1358 826 ·
1375 813 1419 837 καὶ
1433 812 1517 842 οὕτως
1534 810 1605 836 κατὰ
1620 810 1736 845 μίμησιν
1747 810 1797 844 τῆς

1005 858 1090 891 σοφῆς
1105 857 1210 892 ἐκείνης
1224 858 1362 892 μελίσσης,
1372 856 1405 893 ἧς
1419 858 1467 892 ἡδὺ
1486 858 1536 892 μὲν
1550 858 1580 883 τὸ
1596 856 1797 891 κηρίον,ἄττλη-

1002 911 1065 930 κτον
1079 903 1107 930 δὲ
1124 902 1156 929 τὸ
1178 903 1298 938 κέντρον,
1315 903 1361 937 τὴν
1381 904 1481 937 σεμνὴν
1495 902 1597 937 ταύτην
1613 902 1667 927 τῶν
1688 901 1796 936 ἀρετῶν

1002 947 1133 984 ἐργασίαν
1163 948 1310 979 διαπαντὸς
1345 948 1557 983 ἐμπορεύεσθαι.
1597 946 1796 982 Ἐμπορεὺεται

1002 993 1057 1029 γὰρ
1071 993 1109 1024 ὡς
1122 994 1238 1029 ἀληθῶς,
1254 995 1288 1019 τὰ
1301 994 1390 1027 ἀγαθὰ
1406 996 1439 1019 τὰ
1453 993 1549 1020 αἰώνια
1564 994 1617 1020 τῶν
1631 993 1693 1027 τῇδε
1708 992 1798 1018 πόνων

1001 1039 1219 1075 διαμειδόμενος,
1239 1040 1284 1065 καὶ
1310 1041 1373 1070 τοὺς
1401 1041 1481 1071 ἰδίους
1501 1040 1598 1071 πόνους
1622 1041 1662 1070 εἰς
1677 1039 1798 1074 ψυχικὴν

1002 1085 1109 1119 ὑγίειαν
1131 1084 1270 1119 βασιλεῦσί
1287 1094 1315 1110 τε
1333 1085 1380 1110 καὶ
1402 1085 1518 1115 ἰδιώταις
1539 1085 1643 1118 νέμων·
1660 1083 1731 1109 ὥστε
1746 1092 1796 1109 τῖο-

1002 1130 1094 1166 θεινὴν
1108 1130 1147 1165 τῷ
1159 1131 1268 1165 νυμφίῳ
1283 1131 1332 1165 την
1358 1130 1485 1164 τοιαύτην
1500 1130 1625 1163 γενέσθαι
1638 1129 1736 1164 ψυχὴν,
1750 1129 1798 1155 καὶ

1001 1178 1058 1208 τοῖς
1082 1177 1208 1211 ἀγγέλοις
1230 1177 1369 1209 ἐπίδοξον,
1390 1179 1417 1203 ὲν
1436 1177 1561 1211 ἀσθενείᾳ
1579 1176 1733 1202 τελειοῦσαν
1748 1175 1798 1210 τὴν

1001 1221 1116 1256 δύναμιν
1138 1221 1181 1248 διὰ
1200 1222 1248 1256 τὴν
1270 1222 1318 1255 τῆς
1345 1222 1440 1255 eaeis;
1461 1223 1554 1255 τιμήν.
1577 1220 1686 1255 Ἐπειδὴ
1707 1220 1798 1246 τοίνυν

1002 1267 1168 1299 παιδεύσεώς
1182 1269 1240 1294 ἐστι
1264 1270 1311 1294 καὶ
1331 1269 1487 1299 φιλοπονίας
1507 1268 1658 1301 ὑπόδειγμα
1677 1267 1711 1292 τὰ
1732 1266 1798 1301 περὶ

1003 1313 1051 1348 τὴν
1067 1313 1153 1348 σοφὴν
1170 1314 1277 1348 ἐκείνην
1303 1314 1427 1349 μέλιτταν
1441 1314 1613 1347 διηγήματα,
1629 1313 1675 1338 καὶ
1689 1313 1717 1338 αἱ
1738 1320 1798 1338 ποι-

1002 1359 1077 1385 κίλαι
1088 1359 1143 1385 τῶν
1158 1359 1353 1393 πνευματικῶν
1368 1359 1544 1394 χαρισμάτων
1559 1358 1715 1393 διαιρέσεις,
1726 1357 1798 1383 κατὰ

1002 1405 1051 1440 τὴν
1063 1406 1113 1440 τῆς
1124 1406 1243 1439 σπουδῆς
1255 1406 1400 1438 ἀναλογίαν
1416 1407 1472 1436 τοῖς
1485 1414 1513 1430 τε
1528 1405 1696 1438 πεπονηκότι
1713 1412 1797 1439 προσ-

1002 1449 1133 1484 γίνονται,
1145 1450 1189 1477 διὰ
1200 1450 1279 1477 τοῦτό
1297 1459 1362 1485 φησι
1377 1451 1444 1486 πρὸς
1462 1450 1512 1485 τὴν
1524 1450 1631 1484 νύμφην
1640 1459 1646 1465 ·
1659 1451 1700 1477 ὅτι
1720 1450 1776 1484 Πλή
1786 1465 1792 1469 -

1005 1504 1056 1531 ρης
1077 1504 1120 1522 σοι
1142 1496 1253 1530 γέγονεν
1270 1497 1285 1531 ὴ
1309 1496 1406 1531 καρδία
1429 1496 1484 1522 τῶν
1502 1496 1534 1522 ἐκ
1553 1496 1603 1530 τῆς
1622 1495 1797 1529 παντοδαπῆς

1003 1541 1170 1573 παιδεύσεως
1199 1543 1291 1577 κηρῶν
1302 1562 1308 1572 ,
1323 1542 1384 1568 ὅθεν
1406 1542 1554 1577 προφέρεις
1571 1543 1602 1567 ὲκ
1627 1541 1674 1567 τοῦ
1689 1541 1796 1574 ἀγαθοῦ

1001 1586 1140 1621 θησαυροῦ
1154 1587 1204 1621 τῆς
1221 1587 1334 1620 καρδίας
1347 1587 1397 1618 τας
1414 1587 1544 1622 μελιχρας
1559 1586 1614 1612 τῶν
1631 1586 1720 1620 λόγων
1738 1595 1799 1612 στα-

1000 1632 1081 1665 γόνας
1095 1640 1102 1647 ·
1114 1632 1153 1663 ὡς
1164 1631 1232 1658 εἷναί
1249 1642 1288 1658 σοι
1303 1633 1361 1667 μέλι
1375 1633 1419 1658 τὸν
1432 1633 1510 1665 λόγον
1522 1632 1797 1667 συναναμεμιγμένον

999 1677 1038 1712 τῷ
1065 1678 1190 1711 γάλακτι.
1205 1679 1316 1711 Ιίηριόν
1332 1680 1397 1712 γὰρ,
1412 1679 1504 1712 φησιν,
1528 1678 1687 1707 ἀποστάζει
1709 1678 1798 1711 χείλη

999 1731 1069 1756 σου,
1078 1724 1267 1758 νύμφη,μὲλι
1281 1725 1327 1750 καὶ
1343 1724 1418 1758 γάλα
1432 1724 1490 1751 ὑπὸ
1503 1723 1560 1758 τὴν
1571 1723 1797 1758 placarit-con.

1000 1769 1223 1805 Παρεσκεύασται
1255 1771 1309 1805 γὰρ
1330 1778 1371 1795 σοι
1396 1771 1409 1796 ὀ
1430 1770 1524 1803 λόγος,
1544 1770 1574 1795 οὐ
1601 1769 1725 1804 μονοειδῆ
1748 1768 1798 1803 τὴν

999 1815 1132 1849 ὠφέλειαν
1144 1817 1199 1846 τοῖς
1208 1816 1352 1841 ἀκούουσιν
1367 1815 1597 1850 ἐπιδεικνύμενος,
1610 1815 1678 1841 ἀλλὰ
1694 1815 1798 1840 καταλ-

1000 1861 1086 1895 λήλως
1109 1861 1177 1895 πρὸς
1194 1862 1241 1896 τὴν
1263 1862 1316 1887 τῶν
1337 1861 1490 1896 δεχομένων
1508 1861 1622 1895 δύναμιν
1637 1860 1794 1895 ἁρμοζόμε-

999 1913 1043 1936 νος
1054 1913 1060 1920 ·
1069 1904 1107 1936 ὡς
1123 1906 1169 1931 καὶ
1184 1907 1239 1936 τοῖς
1251 1906 1426 1939 τελειοτέροις
1439 1906 1485 1931 καὶ
1495 1905 1673 1939 νηπιαζουσιν
1687 1905 1799 1936 οἰκείως

998 1950 1089 1984 ἔχειν·
1106 1952 1162 1982 τοῖς
1176 1952 1225 1985 μὲν
1242 1951 1353 1981 τελείοις
1375 1950 1435 1984 μέλι
1447 1971 1454 1981 ,
1474 1952 1528 1982 τοῖς
1552 1951 1579 1976 δὲ
1599 1950 1706 1985 νηπίοις
1725 1950 1798 1984 γάλα

998 1996 1138 2031 γινόμενος
1154 2004 1162 2012 ’
1174 1995 1229 2027 οἷος
1242 1997 1256 2021 ὁ
1278 1997 1381 2026 Παῦλος
1404 1995 1448 2032 ἦν,
1463 1999 1518 2028 τοῖς
1534 1997 1583 2031 μὲν
1606 1997 1798 2032 ἀπαλωτέροις

998 2042 1054 2068 τῶν
1078 2042 1165 2076 λόγων
1180 2043 1243 2073 τοὺς
1267 2043 1418 2076 ἁρτιγενεῐς
1434 2042 1637 2077 τιθηνούμενος,
1655 2043 1752 2076 σοφίαν
1767 2042 1798 2069 δὲ

999 2087 1087 2114 λαλῶν
1099 2088 1128 2115 ἐν
1140 2088 1196 2118 τοῖς
1211 2088 1323 2119 τελείοις
1334 2089 1361 2115 ἐν
1379 2089 1531 2124 μυστηρίῳ,
1552 2089 1601 2123 τὴν
1616 2089 1798 2123 ἀποκεκρυμ-

1001 2133 1084 2168 μένην
1099 2133 1153 2160 ἀπὸ
1168 2133 1222 2159 τῶν
1248 2133 1363 2165 αἰώνων,
1379 2135 1412 2169 ἣν
1440 2135 1470 2160 οὺ
1497 2136 1582 2169 χωρεί
1594 2136 1609 2160 ὁ
1622 2134 1689 2161 αἰὼν
1705 2132 1796 2166 οὗτος,

998 2179 1059 2205 οὐδὲ
1082 2180 1107 2205 οἱ
1122 2179 1252 2215 ἄρχοντες
1268 2180 1373 2206 τούτου.
1389 2181 1445 2215 Τὴν
1470 2178 1517 2206 οὖν
1544 2181 1672 2215 τοιαύτην
1702 2189 1795 2216 παρα-

1000 2224 1117 2259 σκευὴν,
1131 2225 1180 2260 τὴν
1199 2225 1305 2259 μέλιτός
1326 2234 1356 2251 τε
1379 2226 1425 2252 καὶ
1450 2226 1496 2252 τοῦ
1516 2226 1666 2260 γάλακτος,
1684 2226 1797 2252 ὑποκεῖ-

1001 2269 1063 2296 σθαι
1075 2270 1148 2304 λέγει
1161 2273 1194 2305 τῇ
1209 2271 1330 2306 γλώσσῃ,
1342 2271 1391 2306 τὴν
1405 2273 1625 2308 τεταμιευμένην
1645 2281 1676 2298 τε
1689 2273 1737 2299 καὶ
1749 2273 1796 2299 εὕ-

1000 2324 1094 2350 καιρον
1119 2316 1174 2343 τῶν
1191 2316 1277 2350 λόγων
1301 2317 1399 2352 χρῆσιν
1414 2317 1458 2344 διὰ
1479 2318 1529 2353 τῆς
1554 2318 1682 2353 τοιαύτης
1702 2320 1796 2353 φωνῆς

999 2360 1211 2396 ἐνδεικνύμενος.
1236 2363 1265 2388 '0
1287 2362 1341 2398 γὰρ
1368 2363 1445 2394 εἰδὼς
1469 2363 1527 2394 πῶς
1556 2363 1596 2390 δεῖ
1619 2364 1659 2390 ἐν).
1685 2365 1795 2399 ἑκάστῳ

998 2406 1205 2442 ἀποκρίνεσθαι,
1228 2408 1297 2442 ἔχων
1313 2408 1365 2434 ὑπὸ
1384 2408 1434 2443 τὴν
1450 2409 1576 2443 γλῶσσαν
1590 2410 1639 2445 τὴν
1669 2410 1794 2444 ποικίλην

156 2444 258 2479 ταύτην
273 2444 320 2471 τοῦ
347 2444 426 2479 λόγου
453 2446 565 2482 δύναμιν
578 2468 585 2479 ,
604 2448 740 2483 ἁρμοδίως
758 2448 867 2483 ἑκάστῳ
889 2448 943 2476 τῶν
962 2450 1115 2479 ἀκουόντων
1143 2453 1174 2480 τὸ
1196 2454 1263 2488 πρὸς
1274 2455 1321 2489 τὴν
1333 2454 1427 2489 χρείαν
1447 2455 1493 2480 ἐπὶ
1514 2444 1623 2490 καιροῦγ
1650 2456 1793 2490 προχειρίι

156 2491 242 2523 ζεται.

191 2537 260 2565 Cum
275 2538 346 2565 hanc
360 2545 451 2566 autem
470 2539 590 2567 dedisset
606 2539 716 2567 laudem
735 2540 776 2567 ori
806 2545 834 2567 et
846 2541 947 2575 lingua:

157 2591 276 2617 sponsze.
291 2584 391 2611 transit
402 2592 499 2611 rursus
514 2584 548 2611 ad
564 2585 670 2619 majora
683 2584 819 2617 encomia,
830 2584 925 2612 dicens
939 2595 945 2612 :

158 2628 232 2656 Odor
246 2629 458 2656 vestimentorum
486 2635 591 2656 tuorum
613 2635 739 2665 tanquam
758 2630 823 2658 ador
850 2630 947 2658 thuris.

158 2673 216 2700 Hoc
226 2675 300 2708 quod
316 2674 421 2702 dicitur
433 2679 475 2702 cst
487 2676 610 2710 quaedam
623 2676 809 2712 philosophia,
821 2676 947 2704 indicans

157 2719 290 2755 quidnam
311 2721 452 2749 intueatur
477 2723 635 2750 hominibus
653 2723 708 2750 vita
724 2730 786 2758 quae
799 2730 832 2750 ex
846 2723 948 2751 virtute

160 2765 260 2800 agitur.
277 2765 344 2793 Nam
372 2768 433 2795 vita:
450 2775 511 2803 qua:
534 2775 567 2795 ex
599 2767 700 2797 virtute
717 2768 808 2804 agitur
824 2768 887 2797 ﬂuis
905 2773 948 2797 est

199 2854 221 2869 "
244 2854 253 2880 Ι
270 2854 332 2881 (lor.
347 2863 386 2884 ιιι.
405 2856 422 2882 8

1034 2541 1161 2570 Τοιοῦτον
1193 2543 1223 2571 δὲ
1248 2542 1432 2578 προσαγαγὼν
1460 2542 1500 2578 τῷ
1535 2543 1651 2579 στόματι
1680 2545 1728 2572 καὶ
1757 2548 1790 2582 τῇ

999 2587 1108 2623 γλώσσῃ
1119 2588 1169 2623 τῆς
1178 2587 1288 2624 νύμφης
1300 2588 1346 2615 τὸν
1356 2588 1477 2620 ἔπαινον,
1490 2588 1572 2616 πάλιν
1584 2589 1652 2625 πρὸς
1658 2591 1693 2617 τὰ
1705 2591 1792 2626 μείζω

999 2632 1054 2658 τῶν
1073 2632 1219 2667 ἐγκωμίων
1236 2633 1412 2669 μετέρχεται,
1429 2633 1532 2667 λέγων·
1549 2634 1590 2661 ὅτι
1612 2635 1707 2670 ὐσμὴ
1724 2637 1790 2670 lya-

1005 2677 1076 2704 τίων
1092 2677 1161 2710 σοῦ,
1184 2678 1225 2712 ὠς
1249 2679 1329 2714 ὀσμὴ
1352 2679 1487 2707 λιϐάνου.
1521 2679 1551 2706 ’0
1571 2680 1600 2707 δὲ
1617 2679 1696 2715 λόγος
1713 2678 1791 2714 οὗτος

1000 2723 1144 2758 φιλοσοφία
1155 2724 1197 2756 τίς
1212 2726 1297 2759 ἐστιν,
1313 2726 1353 2757 είς
1369 2726 1383 2753 ὃ
1393 2734 1419 2752 τι
1430 2726 1525 2760 βλέπει
1539 2727 1597 2759 τοῖς
1607 2727 1762 2763 ἀνθρώποις
1776 2728 1790 2754 ό

1002 2769 1062 2796 κατ’
1075 2769 1175 2806 ἀρετὴν
1192 2770 1249 2806 βίος
1263 2771 1457 2799 ὑποδεικνύων.
1480 2772 1571 2808 Πέρας
1585 2772 1640 2808 γὰρ
1660 2772 1711 2808 τῆς
1727 2774 1786 2800 ἐνα-
