3780 6232
225 304 334 361 961

1304 305 1370 360 ΙΝ
1405 304 1705 362 CANTICA
1729 300 1999 361 CANTIC.
2041 299 2329 356 HOMILIA
2367 299 2460 356 IX.

3405 304 3515 361 98!

229 419 398 491 ρέτου
420 418 568 488 ζωῆς
594 421 628 490 ἠ
659 419 798 490 πρὸς
822 421 885 474 τὸ
904 421 1058 475 Θιῖόν
1081 423 1230 474 ἐστιν
1253 421 1511 492 ὁμοίωσις
1532 463 1548 487 ,
1579 422 1668 476 καὶ
1699 421 1820 476 τού-

2013 433 2042 469 ο
2069 419 2388 484 assimilari,
2416 426 2472 472 et
2508 432 2574 473 ea
2603 419 2675 475 de
2723 433 2890 475 causa
2923 419 3120 474 animae
3173 421 3410 490 put-itas,
3460 434 3515 478 et

226 524 333 561 του
359 508 518 578 χάριν
541 510 655 581 ἦτε
690 512 790 581 τῆς
824 511 1005 582 ΦυΧῆς
1037 511 1378 582 καθαρότης,
1415 513 1510 566 καὶ
1540 513 1603 566 ἐδ
1641 513 1822 582 πάσης

229 601 523 670 ὲμπαθοῦς
546 602 841 667 διαθέσεως
870 605 1255 675 ἀνεπίμικτον,
1284 605 1350 656 δι’
1379 606 1694 676 ἐπιμελείας
1724 622 1823 658 καο

227 690 523 762 διορθοῦται
553 695 668 756 τοῖς
701 694 996 766 ἐναρέτοις,
1029 695 1172 749 ὥστε
1204 695 1330 750 τινὰ
1361 695 1688 767 χαρακτῆρα
1725 697 1824 766 τῆς

227 784 645 854 ὑπερκειμένης
676 787 894 855 φύσεως
921 785 1012 840 διὰ
1047 788 1152 857 τῆς
1177 789 1528 860 ἀστειοτέρας
1549 787 1704 859 ζωῆς
1732 788 1825 842 καὶ

225 876 296 928 ὲν
333 877 517 939 αὐτοῖς
547 876 822 945 γενέσθαι.
872 877 1091 948 Ἐπειδὴ
1123 879 1304 932 τοίνυν
1331 881 1393 932 οὑ
1433 879 1710 949 μονοειδής
1739 879 1825 941 τίς

229 969 411 1031 ἐστιν,
445 969 565 1022 οὐδὲ
597 969 932 1041 μονότροπος
959 971 992 1040 ἡ
1030 973 1150 1023 κατ’
1183 971 1382 1042 ἀρετὴν
1411 971 1675 1032 πολιτεία,
1708 971 1824 1024 ἀλλ’

225 1060 430 1131 ῶσπερ
456 1062 551 1114 ἐπὶ
572 1061 673 1130 τῆς
699 1060 809 1113 τῶν
834 1061 1175 1132 ὑφασμάτων
1204 1065 1548 1132 κατασκευῆς
1577 1062 1666 1115 διὰ
1695 1062 1826 1114 πολ-

230 1151 347 1203 λῶν
391 1153 650 1222 νημάτων
688 1152 799 1205 τῶν
844 1153 944 1224 μὲν
993 1154 1081 1206 ἐπ’
1131 1153 1350 1217 εὐθείας
1384 1153 1824 1224 ἀνατεταμένων,

227 1243 349 1296 τῶν
397 1243 455 1296 δὲ
497 1243 639 1297 κατά
681 1244 744 1296 τὸ
788 1244 1018 1311 πλάγιον
1062 1244 1437 1317 διῃρημένων,
1485 1247 1518 1315 ὴ
1558 1245 1826 1317 ὑφαντικὴ

225 1337 400 1405 τέχνη
429 1335 527 1404 τὴν
549 1334 752 1403 ἐσθῆτα
792 1338 970 1387 ποιεῖ·
1011 1333 1156 1388 οὕτω
1183 1336 1280 1388 καὶ
1317 1335 1408 1388 ἐπὶ
1441 1336 1540 1406 τῆς
1570 1335 1826 1407 ἐναρέτου

228 1423 387 1494 ζωῆς
420 1424 590 1477 πολλά
629 1428 735 1493 χρὴ
776 1425 1102 1495 συνδραμεῖν
1122 1466 1138 1488 ,
1171 1426 1236 1478 δι’
1266 1420 1342 1480 ὧν
1375 1429 1403 1479 ὁ
1451 1427 1665 1489 ἀστεῖος
1703 1425 1828 1492 ἐξυ-

230 1515 492 1582 φαίνεται
522 1515 670 1585 βίος,
702 1515 888 1578 καθὼς
921 1516 1319 1588 ἀπαριθμεῖται
1359 1516 1430 1571 τά
1475 1517 1698 1570 τοιαῦτα
1735 1519 1830 1588 νή-

235 1622 396 1674 ματα
438 1607 468 1657 δ
516 1605 659 1669 θεῖος
720 1607 1078 1670 Ἀπόστολος,
1108 1607 1178 1660 δι’
1224 1601 1299 1660 ὧν
1345 1609 1379 1678 ἡ
1419 1607 1526 1660 τῶν
1575 1607 1828 1678 καθαρῶν

233 1696 420 1766 ἔργων
455 1696 737 1767 ἱστουργία
770 1698 1119 1751 συνίσταται·
1149 1699 1370 1770 ἀγάπην
1403 1698 1578 1768 λέγων
1613 1701 1707 1752 καὶ
1730 1717 1827 1770 χα-

1925 509 2060 562 nihil
2092 509 2295 564 habere
2327 509 2624 564 admistum
2656 510 2903 564 omnium
2935 509 3104 563 animi
3162 518 3410 564 motumn
3449 527 3514 566 ac

1925 601 2429 669 perturbationum,
2459 615 2490 652 a
2511 599 2654 666 viris
2683 599 2849 654 bonis
2875 600 3171 669 diligenter
3195 611 3510 665 exercetur,

1927 701 1984 744 ut
2011 708 2106 760 per
2131 693 2412 746 meliorem
2446 692 2610 746 vitam
2645 692 2720 746 sit
2748 692 2805 746 in
2837 693 2918 748 eis
2953 693 3200 762 quaedam
3237 691 3410 761 ﬁgura
3459 701 3514 746 et

1924 786 2214 841 character
2257 794 2469 839 naturae
2508 787 2999 855 superemineutis.
3057 783 3334 850 Quoniam
3380 800 3514 853 ergo

1925 893 2034 932 non
2059 884 2146 932 est
2179 877 2500 942 uniformis,
2531 892 2714 946 neque
2747 876 2914 931 unius
2947 874 3094 930 modi
3132 875 3244 928 vita
3293 890 3418 945 qua:
3447 891 3512 928 ex

1929 971 2130 1023 virtute
2187 969 2394 1039 agitur,
2450 969 2547 1023 sed
2601 967 2881 1038 quomodo
2931 968 2987 1022 in
3031 968 3136 1021 tela
3199 974 3295 1021 aut
3348 967 3514 1036 panni

1929 1072 2166 1126 textura,
2215 1077 2314 1132 per
2363 1062 2542 1115 multa
2602 1061 2712 1123 tila,
2769 1076 2999 1130 quorum
3036 1061 3141 1112 alia
3197 1059 3419 1127 quidem
3459 1059 3515 1112 in

1928 1163 2139 1208 rectum
2175 1163 2305 1208 sunt
2341 1161 2594 1218 extensa,
2623 1152 2728 1204 alia
2759 1162 2941 1206 autent
2984 1166 3080 1220 per
3132 1159 3514 1206 transversum

1927 1246 2124 1308 divisa,
2161 1260 2252 1299 ars
2288 1243 2509 1299 texendi
2545 1243 2678 1298 facit
2719 1251 2924 1297 vestem
2957 1261 2971 1296 :
3015 1243 3088 1296 ita
3113 1244 3276 1297 etiam
3312 1243 3366 1296 in
3408 1242 3516 1295 vita

1927 1352 2050 1405 quae
2081 1351 2146 1389 ex
2202 1337 2409 1389 virtute
2455 1335 2660 1403 agitur,
2703 1334 2875 1386 multa
2940 1340 3158 1402 oportet
3215 1348 3517 1388 concurre-

1929 1441 2011 1488 re,
2045 1441 2142 1496 per
2191 1440 2314 1494 quae
2369 1424 2512 1478 bona
2572 1423 2783 1477 texitur
2841 1423 2952 1476 vita
3003 1441 3016 1477 :
3088 1423 3234 1477 sicut
3293 1423 3516 1478 divinus

1929 1516 2134 1572 Paulus
2221 1517 2334 1570 haec
2423 1515 2514 1569 lila
2583 1524 2916 1576 enumerat,
2982 1531 3081 1586 per
3165 1531 3288 1585 quae
3382 1532 3518 1570 coo-

1927 1607 2078 1662 sistit
2152 1615 2371 1661 textura
2461 1605 2738 1658 bonorum
2825 1619 3100 1674 operum,
3191 1606 3516 1660 charitatctu

1931 1699 2147 1764 dicens,
2183 1707 2237 1753 et
2264 1697 2550 1768 gaudium,
2591 1705 2645 1752 et
2672 1711 2887 1766 pacem,
2939 1697 3433 1768 longanimitatem,
3466 1706 3520 1753 et

239 1763 349 1858 ρ-ἀν
377 1789 474 1840 καὶ
507 1763 753 1860 εἰρήνην,
801 1763 1209 1860 μακροθυμίαν-
1231 1807 1292 1842 τε
1326 1763 1428 1842 *καὶ
1464 1763 1827 1861 χρηστότητα,

2013 1763 2347 1860 ιιίειιὶιιιιειιι,
2403 1799 2458 1843 et
2520 1763 2868 1859 quaecunque
2926 1763 3061 1844 sunt
3109 1790 3518 1856 hujusmodi’”,

236 1882 338 1934 καὶ
370 1881 549 1935 πάντα
573 1882 645 1935 τά
674 1881 918 1947 τοιαῦτα,
947 1877 1028 1946 οἷς
1056 1883 1485 1951 κατακοσμεῖται
1514 1885 1541 1936 ὁ
1565 1884 1631 1936 ὲκ
1656 1882 1831 1957 φθαρ-

235 1971 342 2024 τοῦ
366 1991 427 2025 τε
459 1975 552 2026 καὶ
585 1975 774 2043 γηῖνου
819 1973 934 2044 βίου
977 1975 1077 2046 τὴν
1116 1975 1367 2045 οὐράνιον
1399 1975 1704 2046 ἀφθαρσίαν
1737 1993 1832 2046 με·

233 2062 615 2133 τενδυὸμενος.
668 2063 872 2118 Τούτου
930 2065 1092 2134 χάριν
1143 2064 1468 2134 ἀποδέχεται
1513 2066 1606 2117 τὸν
1653 2067 1710 2117 ἐν
1763 2068 1829 2136 τῇ

235 2155 430 2224 ἐσθῆτι
459 2156 662 2226 κόσμον
692 2157 792 2228 τῆς
819 2155 1061 2227 νύμφης,
1091 2157 1166 2219 ὡς
1201 2156 1280 2227 τῷ
1313 2155 1515 2227 λιϐάνῳ
1557 2157 1700 2210 κατὰ
1732 2159 1832 2227 τὴν

233 2245 420 2314 ὀσμὴν
466 2247 842 2316 ὁμοιούμενον.
900 2247 1164 2314 Καίτοιγε
1223 2247 1330 2317 πρὸ
1377 2245 1567 2299 τούτου
1614 2246 1832 2299 πάντων

234 2332 400 2388 εἶπεν
439 2336 547 2389 τῶν
592 2339 905 2409 ἀρωμάτων
949 2339 1203 2409 προέχειν
1237 2339 1338 2408 τὴν
1365 2337 1459 2391 τοῦ
1515 2337 1684 2409 μύρου
1734 2338 1834 2407 τῆς

235 2427 463 2498 νύμφης
491 2427 830 2496 εὑωδίαν,ὼς
850 2429 1028 2484 δοκεῖν
1057 2432 1116 2484 ἐν
1139 2429 1316 2500 τούτῳ
1339 2429 1662 2500 καθαίρεσιν
1693 2425 1831 2482 εἶναι

233 2519 354 2572 τῶν
388 2520 709 2594 ἐγκωμίων,
742 2522 900 2592 εῐπερ
941 2523 974 2592 ἡ
1023 2521 1225 2584 παντὸς
1266 2519 1558 2591 ἀρώματος
1602 2520 1833 2591 ὑπερτε-

234 2608 419 2673 θεῖσα,
477 2610 570 2663 νῦν
623 2611 762 2678 πρὸς
803 2609 861 2663 ἓν
903 2611 1011 2664 τῶν
1055 2611 1367 2682 ἀρωμάτων
1419 2609 1698 2681 ὁμοιοῦται
1746 2611 1833 2664 διὰ

239 2702 621 2770 συγκρίσεως,
673 2701 846 2765 οὕτως
888 2703 1136 2765 εἰπόντος
1177 2702 1270 2755 τοῦ
1311 2701 1484 2769 Λόγου
1509 2717 1521 2731 ο
1558 2702 1639 2754 ὅτι
1679 2702 1833 2754 Κατά

238 2792 343 2860 τὴν
383 2791 556 2862 ὀσμὴν
586 2790 679 2844 τοῦ
710 2791 932 2845 λιϐάνου
961 2792 1070 2845 τῶν
1105 2793 1337 2862 ἱματίων
1369 2791 1463 2844 σού
1501 2784 1649 2844 ἐστιν
1679 2794 1710 2862 ή
1745 2792 1832 2844 εὑ-

234 2885 400 2938 ωδία.
443 2886 582 2938 Ἀλλ’
629 2886 817 2956 ἐπειδὴ
853 2887 1160 2950 ἰδιαζόντως
1201 2887 1346 2940 κατά
1388 2902 1512 2940 τινα
1551 2887 1708 2955 λόγον
1753 2888 1832 2949 εἰς

247 2980 340 3033 sitv
372 2978 466 3032 τοῦ
497 2978 652 3033 Θείου
697 2979 864 3049 τιμὴν
908 2979 1353 3048 ἀποτεταγμένον
1397 2974 1466 3049 ἦν
1517 2979 1578 3031 τὸ
1613 2977 1708 3030 τοῦ
1745 2977 1830 3030 λι·-

234 3072 410 3126 6ἀνου
432 3071 704 3141 θυμίαμα,
731 3071 922 3123 τούτου
952 3070 1111 3141 χάριν
1145 3073 1178 3140 ἡ
1207 3069 1348 3142 ὑπὲρ
1380 3072 1557 3124 πάντα
1589 3071 1655 3124 τὰ
1687 3069 1831 3141 ἁρὼ-
1859 3119 1902 3175 Γ

238 3181 393 3234 ματα
421 3159 559 3216 εἶναι
596 3162 844 3234 κριθεῖσα
871 3161 1116 3226 ἀξιοῦται
1143 3162 1242 3232 τῆς
1286 3162 1424 3233 πρὸς
1455 3163 1516 3215 τὸ
1546 3162 1603 3215 ἒν
1635 3163 1830 3232 ἅρωμα

239 3256 576 3326 ὁμοιώσεως,
611 3255 673 3308 τὸ
696 3255 776 3326 τῷ
802 3255 920 3324 Θεῷ
945 3253 1324 3325 ἀνακείμενον,
1350 3255 1426 3318 ὡς
1452 3257 1514 3308 τὸ
1537 3256 1714 3326 νόημα
1739 3255 1831 3308 τοῦ

240 3347 565 3415 αἰνίγματος
601 3346 839 3400 τοιοῦτον
884 3341 1054 3399 εἶναι·
1098 3347 1182 3399 ὅτι
1233 3344 1344 3408 Σοὶ,
1366 3338 1411 3396 ὧ
1472 3345 1681 3416 νύμφη,
1727 3345 1834 3398 τῶν

239 3439 456 3508 ἀρετῶν
478 3441 511 3508 ή
540 3437 803 3509 περιϐολὴ
830 3438 931 3509 τὴν
968 3437 1119 3490 θείαν
1154 3439 1402 3508 μιμεῖται
1435 3437 1831 3508 μακαριότητα,

240 3529 332 3582 διὰ
363 3529 731 3599 καθαρότητός
761 3546 819 3582 τε
842 3531 935 3583 καὶ
960 3529 1253 3592 ἀπαθείας,
1279 3533 1348 3602 τῇ
1371 3529 1650 3600 ἀπροσίτῳ
1677 3527 1833 3594 φύσει

241 3625 600 3695 ὁμοιουμένη.
621 3623 856 3695 Τοιαύτη
884 3624 994 3694 γὰρ
1022 3626 1055 3694 ή
1083 3623 1193 3676 τῶν
1223 3624 1382 3677 θείων
1416 3623 1643 3693 ἱματίων
1671 3619 1833 3690 ὀσμὴ,

241 3719 322 3779 ὡς
365 3717 499 3788 πρὸς
535 3715 626 3768 τὸν
661 3714 876 3768 λίϐανον
904 3713 1161 3785 ἐμφερῶς
1189 3711 1336 3784 ἔχειν
1363 3713 1453 3766 τὸν
1482 3711 1836 3780 ἀνακείμενον

241 3812 325 3872 εἰς
351 3807 450 3878 τὴν
478 3806 571 3859 τοῦ
604 3807 739 3860 Θεοῦ
763 3807 950 3877 τιμήν.

317 3901 486 3953 Πάλιν
529 3898 866 3970 μανθάνομεν
902 3897 989 3952 διὰ
1024 3896 1134 3950 τῶν
1176 3896 1373 3968 ἑφεξῆς
1411 3896 1668 3958 ἐπαίνων,
1719 3896 1838 3958 πῶς

243 3993 314 4047 ἀν
341 4010 425 4056 τις
451 3993 662 4060 γένοιτο
685 3990 780 4044 τοῦ
824 3991 1040 4060 Κυρίου.
1071 3990 1275 4062 ἀδελφὴ
1317 3990 1411 4042 καὶ
1444 3988 1729 4059 ὁμόζυγος,
1769 3988 1834 4040 δι’

240 4079 321 4137 ῶν
363 4100 548 4153 φησιν,
577 4084 661 4137 ὃτι
700 4080 907 4149 Κῆπος
948 4099 1056 4136 κεκ
1068 4081 1399 4150 λεισμένος,
1449 4080 1682 4149 ἀδελφή
1717 4099 1836 4149 μου

221 4177 472 4244 νύμφη.
509 4172 720 4227 υὺκοῦν
754 4172 807 4226 εἴ
830 4189 916 4234 τις
956 4173 1348 4242 μεταποιεῖται,
1385 4169 1568 4241 νύμφη
1609 4171 1704 4239 μὲν
1751 4169 1837 4222 διὰ

241 4268 342 4321 τοῦ
377 4265 848 4338 προσκολληθῆναι
888 4263 966 4333 τῷ
1003 4263 1193 4333 Κυρίῳ
1223 4261 1508 4331 γενέσθαι·
1547 4262 1751 4333 ἀδελφὴ
1780 4260 1837 4313 δὲ

242 4359 336 4414 διὰ
365 4359 461 4412 τοῦ
490 4359 549 4412 τὸ
579 4358 794 4428 θέλημα
817 4356 984 4411 αὑτοῦ
1005 4354 1460 4427 κατεργάζεσθαι,
1482 4353 1664 4417 καθὼς
1691 4354 1836 4422 λέγει

1930 1883 2130 1950 quibus
2181 1890 2412 1936 ornatur
2467 1882 2561 1950 qui
2622 1883 2907 1935 caelestem
2963 1882 3216 1935 induitur
3266 1883 3520 1938 incorru-

1931 1975 2193 2044 ptionem,
2227 1989 2292 2028 ex
2329 1974 2442 2027 vita
2481 1983 2700 2027 terrena
2748 1973 2803 2026 in
2845 1988 3012 2041 quam
3052 1974 3204 2028 cadit
3239 1975 3518 2031 interitus.

1929 2064 2227 2134 Propterea
2260 2065 2464 2133 accipit
2499 2081 2591 2134 qui
2633 2065 2688 2117 in
2723 2075 2875 2118 veste
2903 2074 2988 2118 est
3039 2074 3294 2119 ornatmn
3353 2083 3522 2136 spon-

1930 2171 2022 2218 sze,
2062 2163 2122 2209 ut
2157 2156 2250 2226 qui
2307 2155 2479 2210 odore
2536 2156 2609 2210 sit
2658 2156 2860 2210 similis
2911 2157 3084 2211 thuri.
3136 2156 3304 2227 Atqui
3365 2160 3522 2228 prius

1929 2247 2070 2300 dixit
2123 2248 2384 2302 omnibus
2442 2249 2785 2303 aromatibus
2851 2250 3184 2304 antecellere
3251 2250 3521 2319 unguenti

1930 2354 2147 2407 sponsae
2182 2339 2383 2392 bonum
2419 2339 2643 2394 odorem
2677 2356 2692 2392 :
2728 2338 2866 2392 adeo
2909 2347 2968 2392 ut
3013 2340 3068 2393 in
3099 2340 3204 2394 hoc
3263 2341 3519 2396 videatur

1930 2427 2110 2480 omnia
2144 2429 2335 2482 tollere
2367 2429 2647 2492 encomia,
2682 2421 2957 2499 siquidem
2998 2447 3122 2500 qua:
3167 2433 3345 2487 cuivis
3381 2448 3522 2502 prae-

1932 2517 2040 2569 lata
2079 2518 2183 2569 l'uit
2238 2518 2498 2584 aromati,
2558 2535 2708 2573 nunc
2747 2536 2846 2590 per
2898 2525 3370 2590 comparationem
3425 2526 3522 2579 uni

1931 2609 2275 2661 assimilatur
2327 2610 2592 2673 aromati,
2645 2626 2771 2665 cum
2822 2611 2904 2666 sic
2951 2612 3152 2668 dixerit
3186 2613 3519 2684 Scriptura:

1934 2699 2088 2754 Sicut
2118 2701 2256 2754 odor
2287 2702 2466 2757 thuris
2495 2711 2582 2757 est
2615 2703 2795 2758 bonus
2829 2705 2968 2759 odor
3007 2715 3224 2761 tuarum
3262 2708 3521 2763 vestium.

1934 2791 2037 2847 Sed
2069 2794 2326 2862 quoniam
2359 2796 2623 2864 peculiari
2677 2797 2918 2865 quadam
2955 2798 3170 2854 ratione
3203 2797 3296 2855 Dei
3327 2800 3524 2856 honori

1931 2887 2231 2954 deputatus
2261 2895 2379 2940 erat
2412 2887 2589 2942 thuris
2618 2889 2857 2950 sullitus,
2887 2904 2951 2942 ea
2975 2888 3042 2943 de
3073 2905 3242 2946 causa
3270 2906 3393 2960 qua:
3422 2891 3526 2945 fuit

1933 2979 2157 3045 praelata
2188 2978 2446 3033 omnibus
2481 2980 2850 3044 aromatibus,
2879 2979 3046 3047 digna
3087 2993 3348 3037 censetur
3404 2998 3526 3052 quae

1935 3069 2272 3124 assimiletur
2302 3071 2394 3123 uni
2425 3072 2679 3135 aromati,
2718 3073 2865 3141 quod
2900 3072 3010 3127 Deo
3039 3073 3378 3129 dedicatum.
3405 3078 3526 3141 Quo

1887 3158 1903 3177 ‘
1937 3160 1995 3213 lit
2033 3169 2091 3212 ut
2124 3159 2197 3212 sit
2229 3161 2319 3215 hic
2377 3177 2576 3216 sensus
2607 3163 3176 3231 amigmatiszTuum,
3233 3180 3267 3220 o
3299 3181 3526 3236 sponsa,

1935 3252 2203 3306 virtutum
2241 3251 2625 3306 indtnuentum
2682 3255 2930 3309 imitatur
2963 3257 3202 3311 divinam
3236 3258 3521 3312 beatitudi-

1935 3356 2100 3405 nem,
2147 3357 2244 3410 per
2312 3342 2606 3411 puritatem
2662 3351 2717 3396 et
2790 3344 3255 3415 iutpatibilitatem
3305 3349 3527 3402 assimi—

1937 3432 2044 3486 lata
2107 3444 2319 3487 naturae
2373 3434 2438 3487 ad
2494 3450 2660 3502 quam
2721 3451 2829 3488 non
2890 3444 3041 3504 patet
3106 3437 3313 3492 aditus.
3377 3438 3526 3493 Talis

1934 3533 2019 3578 est
2077 3525 2271 3590 enim,
2333 3525 2561 3594 inquit,
2623 3526 2764 3580 odor
2858 3534 3082 3580 tuorum
3165 3529 3527 3583 vestimento-

1938 3628 2097 3674 rum.
2157 3624 2217 3668 ut
2261 3615 2336 3669 sit
2392 3613 2591 3670 similis
2633 3615 2803 3677 thuri,
2859 3613 3005 3684 quod
3055 3613 3148 3670 Dei
3200 3614 3397 3670 honori
3441 3623 3526 3670 est

1937 3699 2202 3754 dicatum.

2013 3883 2223 3936 Rursus
2280 3897 2379 3951 per
2455 3880 2647 3936 laudes
2704 3898 2827 3952 quae
2901 3882 3166 3953 deinceps
3217 3894 3528 3954 sequuntur

1938 3973 2225 4034 discimus,
2259 3974 2725 4044 quemadmodum
2776 3976 2870 4028 ﬁat
2921 3976 3200 4046 quispiam
3259 3992 3419 4031 soror
3472 3986 3529 4032 et

1937 4065 2140 4132 conjux
2177 4063 2393 4119 Domini
2432 4082 2528 4136 per
2568 4067 2670 4119 hoc
2707 4067 2851 4136 quod
2907 4067 3064 4134 dicit,
3098 4066 3170 4121 Es
3199 4069 3378 4123 hortus
3402 4085 3528 4122 con-

1938 4156 2140 4221 clusus,
2169 4172 2320 4209 soror
2355 4173 2468 4209 mea
2506 4174 2721 4226 sponsa.
2755 4156 2812 4211 Si
2843 4158 3116 4229 quispiam
3143 4174 3274 4230 ergo
3299 4160 3401 4214 hoc
3422 4160 3527 4214 sihi

1941 4247 2202 4310 vindicat,
2250 4256 2308 4301 ut
2358 4248 2429 4302 sit
2479 4250 2698 4318 quidem
2765 4265 2994 4319 sponsa,
3041 4259 3332 4320 propterea
3381 4251 3527 4319 quod

1938 4340 2310 4410 conjungatur
2342 4339 2592 4405 Domino,
2625 4357 2787 4395 soror
2819 4349 3025 4404 autem,
3057 4350 3346 4411 propterea
3379 4342 3524 4413 quod

245 4452 309 4504 τὸ
339 4450 664 4517 Εὑαγγέλιον
681 4468 692 4480 ·
728 4449 906 4514 κῆπος
929 4446 1161 4518 εὐανθὴς
1189 4445 1430 4514 γενέσθω
1457 4449 1673 4498 πάντων
1700 4443 1838 4514 ἔχων

2013 4448 2065 4486 is
2095 4433 2258 4486 faciat
2292 4433 2655 4495 voluntatem,
2683 4433 2831 4487 sicut
2858 4432 2994 4487 dicit
3028 4432 3407 4504 Evangelium,
3435 4435 3529 4488 liat

245 4545 306 4594 ὲν
342 4541 522 4610 ἐαυτῷ
545 4541 654 4593 τῶν
691 4539 871 4608 φυτῶν
900 4537 998 4609 τὴν
1033 4538 1204 4608 ὤραν,
1233 4538 1334 4607 τήν
1363 4553 1424 4589 τε
1458 4535 1716 4603 γλυκεῖαν
1745 4551 1836 4586 συ-

247 4633 377 4700 κῆν,
414 4633 506 4684 καὶ
535 4631 634 4702 τὴν
671 4630 1025 4699 κατάκαρπον
1068 4629 1273 4690 ἐλαίαν,
1309 4628 1405 4681 καὶ⁸
1445 4628 1534 4680 τὸν
1571 4627 1838 4696 ὑψίκομοι)

247 4724 492 4792 φοίνικα,
534 4722 630 4776 καὶ
673 4723 773 4792 τὴν
813 4721 1146 4790 εὐθηνοῦσαν
1190 4719 1453 4790 ἄμπελον,
1507 4718 1580 4787 μὴ
1633 4717 1836 4786 θάμνον

249 4813 543 4880 ἀκανθὼδη
574 4813 720 4879 τινὰ,
755 4812 888 4884 μηδὲ
916 4812 1167 4876 κόνυζαν,
1191 4810 1328 4864 ἀλλά
1354 4810 1688 4880 κυπάρισσον
1721 4808 1835 4861 ἀντ’

247 4904 431 4958 αὑτῶν
466 4904 559 4957 καὶ
609 4901 894 4974 μυρσίνην.
941 4900 1097 4954 Οὕτω
1137 4900 1246 4971 γὰρ
1274 4899 1366 4952 τὸν
1396 4898 1633 4952 τοιοῦτον
1665 4899 1837 4967 κῆπον

245 4989 391 5046 οἶδεν
419 4993 677 5062 ὼραῖζειν
706 4993 734 5044 ὁ
774 4991 949 5060 μέγας
979 4989 1159 5053 Δαὸὶδ,
1181 4990 1275 5042 καὶ
1299 4991 1328 5041 ὁ
1354 4987 1553 5057 ὑψηλὸς
1592 4987 1834 5048 ’ίίσαῖας

251 5087 282 5140 t
308 5087 407 5157 μὲν
426 5086 601 5152 λέγων
621 5101 635 5114 ο
667 5084 904 5149 Δίκαιος
920 5083 1002 5147 ὡς
1024 5080 1222 5150 φοῖνιξ
1243 5079 1513 5145 ἀνθήσει·
1537 5079 1649 5138 καὶ.
1691 5078 1838 5146 Ἐγὼ

251 5177 321 5230 δὲ
353 5178 434 5242 ὠς
457 5176 631 5228 ἐλαία
657 5174 1053 5241 κατάκαρπος·
1080 5172 1194 5235 καὶ,
1215 5171 1284 5224 'Il
1303 5169 1456 5240 γυνή
1482 5185 1597 5224 σου
1626 5170 1707 5235 ὡς
1733 5170 1839 5237 (ἰμ-

249 5271 444 5332 ειελος
487 5263 863 5331 εὐθηνοῦσαο
907 5263 1000 5315 καὶ
1047 5263 1176 5331 παρ’
1231 5261 1400 5330 ἑτέρῳ
1446 5259 1554 5311 τινὶ
1585 5261 1838 5329 προφήτῃ

257 5359 621 5430 μακαρίςεται
647 5358 676 5410 ὁ
701 5354 957 5409 ὑποκάτω
984 5354 1083 5423 τῆς
1116 5353 1284 5422 συκῆς
1310 5352 1408 5420 τῆς
1439 5351 1572 5411 ίδίας
1595 5353 1838 5403 ἀναπαυ-

254 5451 468 5521 όμενος.
514 5450 575 5502 ’0
599 5450 656 5503 δὲ
694 5448 920 5511 Ἠσαῖας
943 5447 1066 5500 ἀντὶ
1110 5444 1314 5515 θάμνου
1359 5442 1478 5512 μὲν,
1512 5443 1612 5510 τὴν
1659 5442 1836 5493 κυπά-

255 5557 442 5596 οισσον
466 5559 481 5572 ο
517 5543 637 5595 ἀντὶ
659 5541 718 5594 δὲ
749 5539 984 5609 κονύζης
1011 5538 1110 5602 τὴν
1145 5534 1407 5608 μυρτίνην
1439 5534 1602 5604 φησιν
1633 5533 1838 5602 ἀναϐή-

327 5716 374 5748 "
412 5714 585 5770 Galat.
618 5732 669 5782 v,
703 5715 792 5772 22.
876 5713 922 5746 ⁸³
962 5712 1107 5768 Psal.
1144 5726 1254 5777 xei,
1301 5707 1382 5762 l3.

1469 5706 1515 5740 ⁸⁸
1553 5703 1704 5762 Psal.
1727 5719 1930 5772 cum,
1956 5703 2046 5759 10.
2125 5703 2170 5734 ⁸⁵
2194 5701 2330 5758 ibid.
2359 5703 2409 5755 5.

1945 4525 2137 4576 hortus
2169 4522 2396 4577 ﬂoridus
2425 4531 2479 4577 et
2502 4523 2639 4576 bene
2669 4524 3012 4593 germinans,
3038 4523 3284 4577 omnium
3315 4523 3528 4580 habens

1943 4618 2000 4670 in
2036 4632 2095 4671 se
2135 4617 2392 4669 arborum
2426 4616 2916 4684 pulchritudinem,
2973 4632 3171 4686 nempe
3211 4624 3266 4672 et
3310 4616 3528 4672 dulcem

1946 4713 2129 4773 litium,
2188 4721 2243 4763 et
2284 4708 2514 4764 fertilem
2565 4712 2764 4772 oleam,
2798 4718 2855 4763 et
2899 4709 3209 4764 alticomam
3261 4710 3524 4780 palmam,

1945 4813 1999 4859 et
2050 4803 2420 4857 abundantem
2475 4804 2667 4866 vitent,
2703 4817 2809 4855 non
2873 4802 3158 4870 Spinosum
3209 4803 3526 4870 quempiam

1947 4895 2169 4957 rubum,
2225 4909 2406 4963 neque
2456 4908 2720 4963 couyzam
2757 4907 2851 4946 seu
2903 4893 3248 4961 pulicariam,
3299 4894 3392 4947 sed
3428 4908 3526 4960 pro

1943 4989 2026 5043 eis
2053 5002 2378 5056 cupressum
2416 4995 2470 5041 et
2505 4997 2764 5056 myrtum.
2799 4984 2890 5038 Sic
2925 4985 3070 5038 enim
3106 4984 3267 5037 talem
3305 4985 3525 5038 hortum

1945 5085 2208 5135 decorare
2255 5081 2449 5143 novit,
2511 5086 2566 5133 et
2619 5092 2852 5146 magnus
2909 5075 3123 5137 David,
3171 5082 3225 5129 et
3277 5075 3530 5132 sublimis

1943 5169 2132 5226 Isaias.
2171 5169 2264 5225 llle
2302 5169 2520 5238 quidem
2560 5168 2750 5224 dicens
2785 5185 2797 5220 :
2829 5165 3021 5220 Justus
3054 5175 3111 5218 ut
3151 5165 3332 5234 palma
3371 5166 3534 5236 ﬂore-

1945 5264 2019 5316 bit
2050 5264 2134 5328 “³;
2175 5271 2230 5316 et
2265 5282 2278 5317 :
2310 5261 2419 5333 Ego
2446 5270 2620 5315 autent
2658 5271 2910 5329 tanquam
2951 5259 3090 5313 oliva
3121 5257 3312 5327 fertilis
3333 5258 3420 5324 ⁸⁵;
3454 5269 3529 5322 et,

1950 5353 2098 5407 Uxor
2128 5364 2219 5408 tua
2255 5355 2390 5407 sicut
2417 5353 2535 5406 vitis
2577 5349 2858 5404 abundans
2883 5351 2950 5402 “.
2989 5347 3124 5402 Nam
3161 5357 3215 5402 et
3245 5348 3312 5402 ab
3347 5349 3535 5420 aliquo

1946 5446 2054 5497 alio
2097 5445 2359 5513 prepheta
2417 5444 2611 5497 beatus
2653 5442 2940 5510 judicatur
2986 5439 3077 5509 qui
3116 5439 3221 5495 sub
3274 5453 3375 5492 sua
3428 5439 3531 5494 ﬁcu

1947 5533 2184 5588 nuiescit
2212 5535 2278 5584 ⁸⁸.
2312 5533 2478 5586 Isaias
2521 5539 2702 5586 autem
2732 5531 2865 5585 dicit
2900 5531 3145 5585 futurum
3179 5537 3236 5584 ut
3262 5544 3363 5599 pro
3396 5533 3536 5584 rubo

2486 5703 2531 5734 ⁸⁸
2559 5699 2724 5760 Mich.
2768 5717 2843 5769 tv,
2870 5701 2926 5757 4.
