3854 6216
308 303 413 361 9ῦὸ

1579 302 1634 358 S.
1677 300 2005 358 GREGORII
2044 299 2340 357 NYSSENI

3479 306 3587 362 964

305 423 530 496 quidem
563 434 886 491 cupressus,
923 434 1025 490 pro
1054 434 1261 492 conyza
1295 429 1478 476 autem
1526 419 1716 476 floreat
1748 435 1878 491 tnyr‘

2001 418 2206 472 σεσθαι.
2239 420 2320 474 Τὰ
2351 420 2409 474 δὲ
2435 419 2556 474 καθ’
2581 420 2808 476 ἕκαστον
2839 423 2962 494 περὶ
2989 422 3098 477 τῶν
3126 421 3356 493 δένδρων
3379 423 3587 480 τούτων

304 527 394 574 tus
420 518 489 570 ⁸⁷.
525 515 752 586 Singula
794 523 976 569 autem
1019 515 1086 568 de
1116 513 1202 569 his
1257 515 1547 571 arboribus
1577 515 1888 585 aenigmata,

305 624 427 677 qua:
461 609 624 662 nobis
655 615 878 661 ostensa
931 606 1136 661 fuerint
1179 623 1209 661 a
1243 607 1550 677 prophetia,
1587 605 1753 660 fuerit
1793 621 1890 660 su-

306 713 709 768 pervacaneum
745 704 1004 750 accurate
1033 711 1324 765 exponere,
1355 711 1480 748 cum
1532 695 1605 748 sit
1635 695 1893 749 omnibus

311 792 689 858 perspicuum,
713 787 841 856 quis
875 787 947 840 sit
981 787 1169 840 suavis
1194 787 1406 839 fructus
1442 785 1600 849 licus,
1630 800 1697 840 ex
1725 800 1893 840 succo

307 881 580 936 acerrimo
630 886 965 941 maturatus,
1025 879 1116 947 qui
1181 879 1248 932 ab
1313 878 1472 931 initio
1523 878 1743 947 quidem
1808 885 1894 932 est

309 989 535 1028 amarus
565 981 619 1027 et
651 971 875 1026 minime
900 973 1236 1036 esculentus,
1273 980 1460 1041 postea
1503 981 1682 1026 autem
1713 971 1890 1027 dulcis

305 1065 522 1121 fructus
568 1063 832 1126 effectus,
880 1078 1077 1118 sensus
1131 1065 1323 1117 animae
1370 1063 1535 1117 allicit
1578 1062 1887 1118 dulcedine.

308 1158 448 1226 Quid
479 1167 658 1212 autem
691 1158 850 1211 nobis
889 1157 1103 1210 confert
1135 1159 1442 1224 procreatio
1489 1156 1699 1213 fructus
1759 1157 1891 1211 olea:

307 1266 408 1319 per
447 1251 777 1304 acerrimum
815 1257 869 1303 et
925 1247 1333 1302 amarissimum
1387 1264 1637 1312 succum,
1674 1249 1767 1318 qui
1824 1249 1892 1303 ab

308 1340 466 1394 initio
498 1341 552 1393 in
583 1355 650 1394 eo
676 1339 862 1400 alitur,
895 1349 1082 1408 postea
1125 1348 1304 1393 autem
1342 1355 1440 1408 per
1472 1340 1888 1394 convenientem

308 1433 734 1486 maturationem
789 1442 843 1486 et
901 1433 1173 1485 culturam
1232 1440 1478 1486 mutatur
1529 1432 1584 1485 in
1643 1443 1889 1486 naturam

311 1525 463 1578 olei?
493 1525 638 1594 quod
685 1524 742 1576 fit
779 1524 920 1578 lucis
952 1524 1202 1586 materia,
1241 1533 1452 1578 recreat
1483 1523 1889 1587 lassitudinem,

310 1618 520 1671 relaxat
551 1617 816 1681 laborem,
843 1626 1009 1686 caput
1070 1617 1364 1678 exhilarat,
1392 1623 1446 1670 et
1480 1617 1544 1670 ad
1590 1616 1890 1671 certamina

307 1724 466 1777 opem
497 1708 603 1762 fert
635 1709 700 1762 iis
728 1709 817 1777 qui
849 1715 1063 1762 certant
1090 1709 1330 1777 legitime
1352 1708 1375 1761 ?
1397 1707 1681 1773 Quomodo
1708 1716 1888 1761 autem

2000 513 2318 582 αἰνίγματα,
2341 513 2452 566 τῶν
2481 514 2586 568 ὑπὸ
2604 515 2702 586 τῆς
2726 516 3061 587 προφητείας
3083 519 3116 586 ὴ
3125 518 3216 586 μίν
3237 514 3584 584 ύποδειχθένο

1993 623 2100 658 των
2135 607 2409 678 παρέλκον
2445 607 2512 662 ἂν
2553 607 2638 679 εἴη
2669 609 2738 662 δι’
2766 609 3053 680 ἀκριϐείας
3081 608 3413 669 ἐκτίθεσθαι,
3444 624 3583 678 προ-

1992 695 2153 765 δήλου
2188 698 2352 750 πᾶσιν
2381 695 2550 760 ὄντος,
2589 697 2672 761 τίς
2706 697 2804 766 μὲν
2843 699 2872 751 6
2898 697 3103 765 γλυκὺς
3135 695 3236 764 τῆς
3264 695 3436 764 συκῆς
3467 695 3586 746 ἐστι

1994 787 2226 856 καρπὴς,
2269 788 2298 839 6
2335 789 2401 840 ἐκ
2432 788 2526 841 τοῦ
2555 788 2886 859 δριμυτάτου
2921 787 3056 840 ὀποῦ
3093 788 3488 858 πεπαινόμενος
3508 827 3524 851 ,
3553 787 3585 838 6

1994 880 2113 931 κατ’
2157 879 2332 950 ἀρχὰς
2373 879 2471 951 μὲν
2502 881 2699 950 πικρός
2733 897 2793 932 τε
2829 880 2926 933 καὶ
2964 879 3228 949 ἄϐρωτος,
3261 879 3486 951 ὕστερον
3525 880 3582 932 δὲ

1995 966 2204 1038 καρπὸς
2235 967 2510 1039 εἰρηνικὸς
2547 969 2860 1039 γινόμενος,
2903 969 2998 1022 καὶ
3028 968 3478 1037 καταγλυκαίνων
3517 970 3585 1024 τά

1992 1065 2091 1134 τῆς
2125 1064 2304 1135 ψυχῆς
2339 1066 2689 1137 αἰσθητήρια.
2719 1065 2784 1117 Τί
2813 1065 2870 1118 δὲ
2907 1067 3041 1135 ἡμῖν
3068 1065 3162 1118 καὶ
3199 1066 3233 1136 ἡ
3262 1065 3364 1135 τῆς
3394 1065 3580 1129 ἐλαίας

1993 1157 2330 1225 καρπογονία
2359 1156 2640 1227 χαρίζεται
2675 1157 2762 1211 διὰ
2786 1157 2881 1210 τοῦ
2909 1157 3239 1228 δριμυτάτου
3275 1174 3335 1210 τε
3367 1158 3461 1211 καὶ
3488 1176 3580 1210 m-

1993 1245 2256 1315 κροτάτου
2311 1245 2512 1316 χυμοῦ,
2560 1245 2655 1299 τοῦ
2688 1249 2809 1300 κατ’
2852 1247 3026 1318 ἀρχὰς
3071 1247 3467 1318 ὲντρεφομένου
3509 1252 3580 1320 τῇ

1992 1334 2202 1407 ὀπώρᾳ,
2241 1336 2376 1406 μετά
2413 1335 2588 1389 ταῦτα
2626 1337 2715 1390 διὰ
2749 1338 2850 1408 τῆς
2893 1337 3225 1408 καταλλήλου
3258 1337 3581 1402 πεπάνσεώς

1991 1440 2050 1475 τε
2092 1425 2186 1476 καί
2217 1425 2490 1494 γεωργίας
2536 1426 2615 1486 εἰς
2659 1425 2841 1478 ἐλαίου
2891 1426 3303 1495 μεταϐάλλουσα
3335 1425 3520 1496 φύσιν,
3549 1427 3582 1481 ὃ

1989 1514 2084 1568 τοῦ
2119 1516 2295 1583 φωτὸς
2325 1515 2532 1584 γίνεται
2565 1514 2664 1588 ὐλη
2691 1557 2705 1580 ,
2747 1516 2841 1571 καὶ
2869 1517 3129 1587 καμάτων
3160 1517 3437 1590 λυτήριον,
3480 1519 3582 1574 καὶ

1993 1607 2168 1659 πόνων
2197 1607 2398 1670 ἄνεσις,
2435 1609 2527 1660 καὶ
2558 1607 2800 1678 κεφαλῆς
2825 1609 3137 1680 φαιδρότης,
3169 1611 3264 1663 καὶ
3289 1611 3427 1682 πρὸς
3450 1611 3581 1675 τοὺς

1991 1699 2206 1766 ἀγῶνας
2236 1701 2348 1763 τοῖς
2377 1700 2622 1770 νομίμως
2652 1700 2868 1754 ἀθλοῦσι
2903 1702 3196 1772 συνεργίας
3221 1702 3346 1765 Πῶς
3364 1702 3581 1756 δὲδυσ-

307 1770 472 1855 ellicit
512 1801 716 1870 palma,
745 1770 834 1852 ἰιι
876 1799 1114 1852 fructum
1145 1770 1338 1852 vsuum
1392 1770 1541 1853 fures
1597 1798 1878 1853 diﬂicilitet

2005 1790 2352 1862 επιχείρητον
2398 1790 2592 1845 ἑαυτοῦ
2633 1791 2844 1862 καρπὸν
2903 1770 3048 1846 ποιεί
3084 1795 3198 1855 τοῖς
3243 1791 3504 1854 κλέπταις
3547 1792 3580 1846 6

307 1893 725 1964 aggrediantur,
779 1900 839 1945 ut
890 1906 1012 1960 quae
1061 1907 1186 1945 eum
1247 1899 1510 1960 tanquam
1568 1889 1887 1944 thesaurum

306 2002 528 2042 sursum
562 1985 844 2048 recondat,
876 1999 978 2039 nec
1003 1985 1247 2038 vicinum
1289 1992 1448 2038 terra:
1481 1998 1604 2036 eum
1643 1981 1804 2047 ferat,
1835 1990 1890 2037 et

304 2078 434 2132 vitis
451 2086 534 2131 est
558 2079 730 2147 gratia
749 2091 812 2129 ac
834 2075 1022 2140 decor,
1048 2085 1244 2145 estque
1267 2073 1546 2129 odorifera
1569 2089 1886 2144 cupressus,

304 2179 359 2223 et
391 2179 477 2224 est
512 2170 673 2239 myrti
703 2167 987 2223 suavitas?
1035 2167 1160 2221 llaec
1198 2166 1382 2221 omnia
1412 2181 1509 2235 per
1551 2166 1891 2234 contempla--

305 2261 511 2314 tionem
577 2260 840 2330 tropicam
898 2258 964 2312 ad
1023 2259 1239 2312 virtutis
1298 2256 1550 2310 traducta
1597 2257 1885 2320 rationem,

302 2353 529 2407 evidens
559 2359 644 2405 est
677 2351 945 2405 omnibus
973 2351 1253 2418 sapienter
1283 2348 1660 2410 audientibus,
1721 2364 1890 2417 quor-

305 2459 426 2498 sum
457 2453 726 2512 spectent.
766 2441 1092 2510 llujusmodi
1120 2450 1204 2494 est
1231 2457 1360 2509 ergo
1383 2440 1641 2494 arborum
1669 2439 1883 2500 hortus,

302 2536 396 2605 qui
429 2536 567 2590 bene
603 2535 894 2604 germinat,
929 2542 984 2587 et
1011 2541 1096 2587 est
1123 2533 1258 2587 bene
1283 2532 1549 2595 consitus,
1575 2540 1629 2584 et
1661 2530 1888 2583 manda—

301 2633 487 2679 torum
532 2624 671 2677 vallo
715 2622 865 2677 omni
897 2639 962 2675 ex
997 2631 1152 2692 parte
1180 2623 1447 2684 munitus,
1483 2628 1543 2674 ut
1574 2620 1790 2674 furibus
1829 2627 1886 2672 et

305 2712 500 2768 bestiis
557 2712 769 2765 nullum
831 2712 896 2763 ad
948 2727 1006 2764 se
1059 2711 1298 2779 praebeat
1335 2709 1565 2763 aditum.
1626 2707 1760 2762 Nam
1789 2709 1883 2779 qui

305 2802 690 2858 mandatorum
722 2803 839 2872 sepi
871 2812 956 2856 est
983 2803 1133 2854 omni
1178 2818 1243 2856 ex
1288 2809 1443 2870 parte
1483 2800 1881 2862 circumdatus,

1993 1883 2186 1950 φοῖνιξ,
2215 1883 2419 1938 ἀνωθεν
2459 1883 2802 1954 θησαυρίζων
2826 1925 2839 1948 ,
2873 1887 2967 1939 καὶ
3002 1885 3124 1956 οὐχὶ
3156 1884 3446 1955 πρόσγειον
3473 1885 3579 1938 αὐ-

1990 1972 2082 2026 τὸν
2119 1972 2366 2044 ἐκφέρων
2389 2014 2401 2034 ,
2431 1975 2464 2043 ἦ
2484 1990 2539 2026 τε
2561 1975 2653 2028 τοῦ
2686 1974 2928 2043 ἀμπέλου
2962 1977 3119 2047 χάρις
3137 2015 3153 2041 ,
3183 1977 3277 2030 καὶ
3305 1978 3340 2048 ἡ
3369 1975 3578 2048 εὐώδης

1991 2064 2348 2132 κυπάρισσος.
2382 2065 2476 2116 καὶ
2508 2065 2567 2116 τὸ
2592 2064 2690 2134 ἡδὺ
2720 2065 2821 2134 τῆς
2850 2068 3146 2138 μυρσίνης;
3177 2067 3362 2122 Ταῦτα
3399 2069 3578 2122 πάντα

1989 2153 2078 2208 διὰ
2123 2157 2390 2226 τροπικῆς
2436 2155 2667 2225 θεωρίας
2712 2155 2848 2226 πρὸς
2879 2158 2970 2210 τὸν
2999 2159 3119 2211 κατ’
3155 2158 3357 2230 ἀρετὴν
3402 2175 3577 2212 κατα-

1990 2245 2260 2316 ληφθέντα
2306 2246 2481 2312 λόγον,
2509 2247 2750 2317 πρόδηλα
2784 2249 2948 2301 πᾶσίν
2986 2249 3103 2302 ἐστι
3152 2253 3266 2313 τοῖς
3307 2250 3578 2320 νουνεχῶς

1990 2339 2238 2392 ἐπαΐουσι
2286 2341 2421 2411 πρὸς
2451 2341 2478 2394 ὅ
2504 2357 2555 2392 τι
2585 2339 2790 2410 βλέπει.
2831 2340 3042 2393 Οὐκοῦν
3086 2343 3115 2394 6
3161 2341 3419 2396 τοιούτων
3455 2344 3578 2397 δέν-

1987 2431 2126 2501 δρων
2159 2432 2332 2501 κῆπος
2361 2433 2598 2499 γεγονὼς
2629 2431 2859 2500 εὐθαλὴς
2887 2431 2979 2484 καὶ
3007 2432 3336 2501 κατάφυτος,
3364 2435 3460 2487 καὶ
3489 2435 3574 2505 τῷ

1985 2523 2092 2575 τῶν
2137 2522 2367 2574 ἐντολῶν
2410 2523 2578 2593 ἑρκίῳ
2627 2522 2964 2576 πανταχόθεν
3005 2524 3442 2595 ἡσφαλισμένος,
3493 2524 3577 2590 ὡς

1989 2615 2258 2685 μηδεμίαν
2287 2615 2407 2668 καθ’
2436 2614 2628 2668 ἑαυτοῦ
2658 2617 2960 2685 παρασχεῖν
2988 2614 3066 2685 τῷ
3097 2615 3304 2688 κλέπτῃ
3334 2617 3572 2680 καὶτοῖς

1985 2707 2193 2778 θηρίοις
2231 2707 2330 2776 τὴν
2375 2707 2627 2777 πάροδον.
2674 2708 2733 2759 '0
2766 2705 2874 2776 γάρ
2907 2707 2964 2758 ὲν
2995 2705 3179 2777 κύκλῳ
3215 2707 3294 2779 τῷ
3325 2706 3571 2780 φραγμῷ

1982 2798 2088 2852 τῶν
2111 2798 2337 2852 ἐντολῶν
2363 2799 2765 2868 διειλημμένος,
2793 2799 3121 2863 ἀνεπίϐατός
3146 2801 3260 2853 ἐστι
3289 2800 3368 2871 τῷ
3393 2801 3568 2874 μονιῷ

306 2897 449 2950 adiri
479 2911 588 2950 non
619 2904 800 2965 potest
833 2912 861 2947 a
897 2896 1012 2948 fero
1048 2895 1334 2964 singulari,
1369 2908 1469 2946 nec
1486 2909 1609 2947 eum
1635 2893 1878 2962 depascit

1982 2892 2059 2962 τῷ
2092 2893 2288 2962 ἀγρίῳ,
2320 2892 2414 2944 καὶ
2443 2895 2470 2944 6
2504 2893 2567 2944 ἐκ
2591 2892 2684 2944 τοῦ
2716 2892 2921 2963 δρυμοῦ
2953 2893 3114 2946 αὐτὸν
3133 2889 3198 2956 ὗς
3221 2893 3281 2946 οὐ
3313 2893 3572 2964 λυμαίνει-

301 3003 366 3042 ac
406 2989 703 3058 populatur
733 3002 864 3055 aper
891 3004 954 3039 cx
988 2988 1144 3040 silva.
1203 2985 1258 3039 Si
1294 2987 1566 3056 quispiam
1615 3002 1743 3055 ergo
1797 2997 1878 3040 est

1982 3002 2089 3037 ται.
2135 2985 2202 3037 Εἴ
2227 3001 2310 3047 τις
2333 2984 2511 3037 τοίνυν
2543 2985 2718 3054 κῆπός
2746 2988 2861 3038 ἐστι
2896 2986 2990 3039 καὶ
3020 2987 3444 3057 ἠσφαλισμένας,
3475 2981 3574 3042 οὗ.

301 3081 498 3134 hortus
546 3081 702 3148 isque
735 3079 1002 3139 munitus,
1052 3079 1096 3130 is
1134 3078 1190 3130 lit
1239 3093 1396 3131 soror
1426 3086 1481 3132 et
1523 3092 1724 3146 sponsa
1761 3078 1878 3145 ejus

1982 3093 2073 3139 τος
2109 3075 2308 3147 ἀδελφὴ
2331 3078 2424 3129 καὶ
2443 3076 2627 3146 νύμφη
2659 3076 2868 3144 γίνεται
2912 3078 3006 3130 τοῦ
3032 3077 3169 3149 πρὸς
3193 3078 3293 3150 τὴν
3311 3077 3574 3150 τοιαύτην

298 3173 392 3241 qui
428 3171 566 3224 dixit
607 3171 733 3224 huic
763 3171 960 3223 anima:
992 3185 1004 3220 :
1047 3167 1115 3221 Es
1161 3169 1344 3222 hortus
1380 3168 1682 3230 conclusus,
1726 3185 1878 3222 soror

1982 3169 2226 3231 εἰπόντος
2259 3168 2439 3241 ψυχήν
2459 3185 2472 3198 ·
2507 3170 2586 3222 ὅτι
2614 3168 2822 3236 Κῆπος
2856 3169 3302 3238 κεκλεισμένος,
3333 3169 3569 3239 ἀδελφή

299 3281 416 3318 mea
447 3281 661 3332 sponsa.

374 3354 480 3407 Sed
505 3353 774 3421 ejusmodi
817 3353 974 3406 horto
1002 3366 1141 3420 opus
1171 3360 1255 3406 est
1280 3352 1443 3404 etiam
1479 3351 1648 3413 fonte,
1681 3361 1739 3404 ut
1771 3367 1880 3404 ma-

297 3455 426 3501 neat
453 3462 644 3499 nemus
667 3445 865 3500 floreus
895 3460 956 3498 ac
978 3445 1114 3498 bene
1135 3446 1468 3513 germinans,
1489 3460 1626 3513 aqua
1653 3445 1877 3512 perenni

298 3538 622 3608 irrigatum;
677 3545 963 3605 propterea
1014 3538 1067 3590 in
1118 3536 1372 3590 laudibus
1419 3537 1576 3590 horto
1629 3537 1878 3604 atljunxit

280 3627 526 3689 'l'ontetn,
564 3627 752 3680 dicens
780 3645 791 3680 :
839 3625 1040 3678 Hortus
1069 3625 1369 3687 conclusus,
1398 3625 1515 3693 fons
1549 3625 1872 3696 obsignatas.

297 3719 486 3775 Fontis
519 3729 698 3773 autem
730 3719 996 3772 rationein
1033 3733 1127 3786 per
1152 3719 1384 3787 muigma
1420 3733 1520 3772 nos
1545 3719 1703 3774 docet
1740 3718 1876 3771 Pro-

296 3812 566 3876 verbiutn,
611 3826 734 3864 cum
778 3811 949 3864 dicit:
997 3807 1139 3863 Fons
1173 3827 1323 3880 aqua:
1371 3811 1440 3863 sit
1468 3810 1657 3876 dulcis,
1712 3825 1760 3864 et
1806 3812 1874 3864 sit

299 3903 394 3956 tibi
439 3903 562 3964 soli,
614 3918 774 3971 neque
805 3902 948 3954 ullus
997 3903 1198 3955 alienus
1227 3903 1340 3970 ejus
1377 3903 1446 3956 sit
1491 3913 1656 3957 tecum
1701 3905 1874 3970 parti-

296 4013 415 4065 ceps
439 3995 506 4047 ⁸⁸.
538 3994 822 4061 Quomodo
851 3996 995 4047 enim
1030 3995 1140 4047 illic
1171 3995 1443 4062 prohibet,
1479 4011 1546 4048 ne.
1580 3995 1634 4047 in
1666 3995 1872 4050 alienos

295 4097 653 4142 consumatur
701 4101 840 4156 aqua
891 4085 1082 4148 fontis,
1128 4086 1198 4138 ita
1239 4085 1326 4138 hic
1383 4094 1615 4140 testatur
1669 4087 1871 4140 fontem

295 4178 520 4234 minime
569 4177 772 4232 eﬂ'untli
831 4178 885 4230 in
941 4176 1168 4236 alienos,
1229 4176 1478 4238 dicendo,
1539 4177 1870 4246 obsignatas,

293 4269 441 4338 quod
480 4268 705 4338 perinde
739 4275 823 4321 est
866 4281 929 4321 ac
967 4267 1012 4320 si
1051 4265 1222 4328 dicas,
1255 4269 1583 4322 custoditus.
1615 4268 1745 4322 Tale
1788 4277 1872 4322 est

294 4367 474 4414 autem
517 4358 663 4428 quod
703 4358 939 4412 dicitur:
974 4355 1136 4422 Fons,
1183 4373 1298 4412 mea
1330 4358 1548 4428 quidem
1579 4361 1867 4426 sententia,

1974 3279 2092 3329 μου
2118 3261 2340 3328 νύμφη.

2061 3349 2220 3403 Ἀλλά
2266 3348 2342 3419 τῷ
2380 3349 2542 3420 κήπῳ
2599 3348 2808 3419 τούτῳ,
2849 3350 2941 3402 καὶ
2989 3350 3171 3421 πηγῆς
3210 3352 3326 3403 ἐστι
3368 3352 3560 3423 χρεία,

1976 3440 2052 3504 ὡς
2091 3440 2157 3494 ἂν
2195 3440 2416 3505 εὐθαλὲς
2456 3440 2702 3511 διαμένοι
2752 3441 2815 3494 τὸ
2851 3440 3013 3505 ἀλσος
3037 3481 3051 3505 ,
3110 3441 3189 3511 τῷ
3231 3441 3381 3495 ὕδατι
3430 3445 3568 3513 πρὸς

1977 3533 2038 3585 τὸ
2119 3532 2368 3602 διηνεκὲς
2435 3535 2818 3602 πιαινόμενον
2889 3533 2978 3586 διὰ
3055 3531 3213 3588 τοῦτο
3279 3534 3566 3602 συνέζευξε

1975 3627 2087 3687 τοῖς
2115 3625 2359 3687 ἐπαίνοις
2385 3626 2484 3696 τὴν
2514 3625 2696 3695 πηγὴν
2717 3623 2795 3694 τῷ
2821 3625 3002 3694 κήπῳ.
3034 3623 3222 3679 εἰπών·
3243 3626 3326 3678 ὅτι
3355 3625 3566 3694 Κῆπος

1977 3716 2421 3786 κεκλεισμένος,
2437 3717 2600 3785 πηγὴ
2619 3717 3217 3786 ἐσφραγισμένη.·Τὸν
3231 3715 3286 3771 δὲ
3309 3720 3440 3788 περὶ
3462 3718 3564 3789 τῆς

1977 3808 2159 3878 πηγῆς
2195 3806 2352 3875 λόγον
2385 3809 2417 3876 ἡ
2453 3807 2722 3877 Παροιμία
2754 3806 2993 3860 διδάσκει
3025 3809 3174 3876 ἡμᾶς
3212 3807 3279 3861 δι’
3309 3808 3566 3878 αἰνίγμαο

1973 3916 2083 3962 τος,
2116 3899 2172 3950 ὲν
2207 3893 2291 3962 οἷς
2320 3915 2517 3967 φησιν’
2563 3899 2625 3952 Ἡ
2659 3897 2820 3966 πηγὴ
2863 3897 2971 3950 τοῦ
3013 3895 3232 3963 ὕδατος
3271 3898 3428 3952 ἕστω
3459 3896 3568 3952 σοι

1975 3990 2162 4058 ἡδεῖα,
2193 3993 2287 4044 καὶ
2315 3991 2470 4043 ἔστω
2506 3988 2605 4043 σοὶ
2644 3991 2841 4058 μόνῳ,
2867 3989 2966 4042 καὶ
2997 3988 3214 4057 μηδεὶς
3243 3990 3563 4058 ἀλλότριος

1968 4081 2314 4151 μετασχέτω
2338 4096 2455 4134 σοι.
2501 4082 2588 4144 Ὡς
2621 4081 2729 4152 γὰρ
2763 4083 2881 4133 ἐκεῖ
2902 4079 3098 4134 κωλύει
3119 4084 3231 4145 τοῖς
3255 4081 3558 4153 ἀλλοτρίοις

1973 4174 2373 4228 ὲνδαπανᾶσθαι
2397 4174 2496 4243 τῆς
2529 4174 2712 4244 πηγῆς
2745 4173 2806 4225 τὸ
2831 4172 2999 4243 ὕδωρ,
3033 4173 3204 4238 οὕτως
3231 4174 3466 4227 ἐνταῦθα
3495 4176 3562 4229 τὸ

1975 4265 2226 4337 μηδαμοῦ
2275 4265 2574 4336 διαχεῖσθαι
2641 4264 2778 4335 πρὸς
2828 4264 3147 4335 ἀλλοτρίους
3198 4265 3298 4331 τὴν
3331 4267 3557 4336 οπηγὴν,

1975 4357 2239 4427 μαρτυρεῖ
2266 4355 2352 4408 διὰ
2386 4353 2482 4407 τοῦ
2520 4355 2694 4407 εἰπεῖν
2721 4354 2802 4406 ὅτι
2858 4352 3369 4423 Ἐσςρραγισμένη,
3418 4354 3560 4425 ὅπερ

293 4450 514 4520 proprie
542 4450 859 4503 nominatur
887 4448 1180 4519 cogitativa
1223 4459 1426 4504 nostrae
1469 4449 1663 4503 animae
1700 4449 1870 4504 lacul-

1982 4446 2087 4500 ἴσον
2108 4447 2226 4499 ἐστὶ
2260 4445 2339 4516 τῷ
2369 4446 2564 4509 εἰπεῖν,
2595 4445 2676 4498 ὅτι
2702 4443 3127 4514 Πεφυλαγμένη·
3156 4443 3218 4496 τὸ
3249 4443 3307 4498 δὲ
3337 4444 3561 4515 λεγόμε-

293 4551 398 4604 tas,
435 4557 557 4610 quae
579 4556 740 4595 omne
779 4555 951 4610 genus
981 4540 1432 4594 ratiocinationes
1463 4539 1516 4594 in
1542 4541 1702 4595 nobis
1735 4540 1868 4594 facit

290 4641 502 4687 scatere
538 4643 592 4688 et
615 4647 892 4686 emanare.
929 4631 1033 4685 SCd
1071 4639 1203 4686 tunc
1240 4639 1428 4688 noster
1457 4631 1514 4685 ἢῑ
1558 4639 1737 4685 ιηοιιιε
1769 4647 1864 4684 CO-

289 4725 592 4794 gitationis,
631 4724 850 4794 quando
891 4726 1070 4778 omnis
1105 4735 1290 4778 nostra
1335 4731 1586 4778 movetur
1619 4723 1867 4791 operatio

289 4817 357 4870 ad
384 4833 447 4872 ea
482 4831 603 4886 quae
640 4823 767 4870 sunt
795 4815 954 4870 nobis
983 4814 1368 4879 conducibilia,
1393 4823 1446 4868 et
1479 4813 1743 4868 bonorum
1771 4830 1868 4868 ex-

289 4909 442 4963 hibet
494 4908 946 4979 procreationem.
1015 4905 1247 4971 Quando
1299 4913 1478 4959 autem
1532 4905 1868 4959 converterit

287 5001 562 5070 quispiam
597 5000 986 5070 cogitationum
1035 4999 1412 5066 operationem
1451 4995 1518 5049 ad
1545 4996 1863 5066 excogitan-

285 5093 417 5147 dum
446 5091 660 5156 vitium,
699 5100 828 5144 tunc
863 5091 919 5143 in
953 5090 1160 5144 alienos
1192 5088 1534 5142 consumitur
1557 5086 1818 5140 fluentum
1847 5102 1861 5138 :

287 5187 424 5241 adeo
461 5194 522 5239 ut
551 5184 690 5239 bene
729 5183 906 5236 alatur
937 5181 1157 5252 quidem
1187 5181 1413 5254 spinosa
1456 5182 1586 5237 vita.
1637 5180 1861 5251 irrigata

285 5293 389 5349 0pc
446 5277 713 5330 malarum
759 5274 1176 5345 cogitationum,
1229 5276 1535 5328 exsiccetur
1586 5280 1766 5327 autem
1809 5283 1864 5327 et

287 5378 591 5424 marcescat
627 5368 821 5423 melior
868 5367 1072 5437 planta,
1119 5367 1271 5420 nullo
1318 5367 1546 5420 humore
1598 5366 1860 5420 bonarum

287 5462 677 5532 cogitationum
736 5460 1010 5515 nutriente
1070 5460 1330 5514 radicem.
1391 5457 1662 5524 Quoniam
1727 5472 1861 5527 ergo

288 5551 627 5624 signaculum
651 5552 701 5608 ei
735 5549 881 5622 quod
913 5564 1011 5620 per
1043 5549 1221 5619 ipsum
1259 5549 1590 5611 custoditur,
1627 5548 1730 5605 hoc
1758 5547 1860 5604 do-

391 5732 438 5763 "
469 5729 574 5788 lsa.
613 5747 702 5797 ιν,
727 5731 813 5786 13.
895 5731 942 5765 ⁸⁸
974 5728 1136 5786 Prov.
1179 5730 1347 5847 mu”.

1974 4556 2083 4604 vov,
2111 4536 2350 4592 τοιοῦτόν
2374 4539 2490 4590 ἐστι
2512 4554 2528 4570 ο
2546 4536 2700 4607 Πηγὴ
2726 4535 2932 4608 κυρίως
2957 4535 3386 4607 κατονομάζεται
3414 4538 3560 4590 κατά

1973 4646 2036 4698 γε
2081 4628 2171 4682 τὸν
2217 4628 2348 4700 ὲμὺν
2389 4628 2566 4696 λόγον,
2621 4629 2655 4699 ὴ
2689 4627 3000 4698 διανοητικὴ
3036 4626 3139 4697 τῆς
3170 4626 3350 4696 ψυχῆς
3393 4626 3557 4698 ἡμῶν

1972 4721 2218 4792 δύναμις,
2254 4723 2286 4793 ἡ
2321 4721 2608 4783 παντοίους
2641 4719 2936 4791 λογισμοὺς
2964 4719 3023 4771 ὲν
3063 4719 3196 4789 ὴμῖν
3229 4717 3470 4789 βρύουσά
3493 4737 3556 4773 τε

1973 4813 2066 4867 καὶ
2099 4813 2441 4884 πηγάζουσα.
2508 4810 2669 4864 Ἀλλά
2719 4811 2842 4864 τότε
2893 4809 3162 4881 ἡμέτερον
3207 4809 3414 4876 γίνεται
3451 4809 3553 4880 τῆς

1965 4903 2204 4966 διανοίας
2226 4903 2289 4955 τὸ
2325 4901 2555 4972 κίνημα,
2590 4902 2720 4955 ὅταν
2761 4900 2897 4972 πρὸς
2933 4899 3003 4953 τὰ
3035 4897 3378 4968 συμφέροντα
3413 4901 3551 4970 ἡμῖν

1967 4995 2203 5066 κινῆται,
2234 4994 2414 5046 πᾶσαν
2440 4994 2572 5064 ἡμῖν
2598 4990 2888 5063 συνεργίαν
2921 4990 3060 5060 πρὸς
3087 4989 3185 5061 τὴν
3216 4990 3407 5060 κτῆσιν
3435 4990 3550 5044 τῶν

1967 5084 2186 5155 ἀγαθῶν
2218 5084 2610 5155 παρεχόμενον.
2641 5083 2810 5136 Ὅταν
2855 5081 2914 5134 δέ
2941 5099 3024 5144 τις
3051 5081 3224 5153 τρέψῃ
3253 5081 3363 5136 τῶν
3401 5081 3552 5152 λογι-

1969 5176 2123 5248 σμῶν
2145 5177 2244 5247 τὴν
2274 5175 2551 5247 ἐνέργειαν
2589 5172 2727 5245 πρὸς
2753 5172 2950 5234 κακίας
2977 5171 3242 5235 ἐπίνοιαν,
3269 5171 3391 5224 τότε
3432 5175 3551 5238 τοῖς

1959 5267 2260 5338 ἀλλοτρίοις
2282 5266 2644 5320 ὲνδαπανᾶται
2673 5263 2735 5316 τὸ
2759 5263 2971 5333 ῥεῖθρον
2991 5279 3004 5293 ο
3025 5261 3100 5326 ὡς
3128 5263 3410 5332 εὐτροφεῖν
3441 5263 3544 5333 μὲν

1958 5361 2050 5414 τὸν
2095 5357 2381 5429 ἀκανθὼδη
2433 5357 2546 5427 βίον
2580 5359 2648 5428 τῇ
2702 5354 2987 5426 συμμαχίᾳ
3018 5353 3129 5408 τῶν
3167 5353 3419 5424 πονηρῶν
3453 5355 3545 5408 λο-

1960 5452 2175 5524 γισμῶν
2207 5450 2628 5522 καταρδόμενον,
2677 5444 3140 5518 ἀποξηραίνεσθαι
3186 5444 3243 5500 δδ
3293 5445 3387 5499 καὶ
3442 5463 3549 5515 μα-

1962 5542 2237 5618 ραίνεσθαι
2258 5541 2356 5613 τὴν
2379 5541 2612 5614 κρείττω
2635 5538 2858 5594 φυτείαν
2907 5535 3178 5611 μηδεμιᾶς
3201 5535 3298 5607 τῆς
3322 5534 3384 5602 ἐξ
3410 5535 3551 5605 ἀγα-
