3854 6216
213 333 334 390 965

1271 328 1334 383 IN
1365 328 1655 386 CANTICA
1682 328 1954 384 CANTIC.
1991 327 2274 383 HOMILIA
2315 329 2410 382 rx.

3367 185 3385 214 \

3377 331 3484 399 oss

214 448 329 501 θῶν
388 445 665 516 λογισμῶν
721 445 945 516 ἰκμάδος
1001 446 1411 518 ὕποτρεφούσης
1470 446 1569 518 τὴν
1623 447 1798 517 ῥίζαν.

1913 451 2022 506 nat,
2049 451 2108 496 ut
2133 443 2358 496 ntiuime
2383 441 2740 511 subripiatur,
2767 441 2926 512 signo
2961 441 3135 498 furem
3165 442 3481 500 deterrens:

227 535 446 606 Ἐπειδὴ
483 535 664 588 τοίνυν
700 537 734 606 ἡ
781 535 1017 604 σφραγὶς
1057 536 1118 588 τὸ
1169 537 1362 590 ἄσυλον
1400 536 1473 606 τῷ
1519 538 1588 590 δι’
1629 538 1796 605 αὐτῆς

216 627 617 696 φυλασσομένῳ
651 626 956 697 χαρίζεται,
992 627 1230 696 φοϐοῦσα
1271 629 1349 698 τῷ
1381 629 1676 699 σημάντρῳ
1707 629 1798 680 τὸν

216 713 495 783 κλέπτην·
551 714 658 766 πᾶν
694 715 752 768 δὲ
805 715 866 768 τὸ
916 715 991 786 μὴ
1031 715 1394 786 κλεπτόμενον
1434 718 1509 787 τῷ
1561 717 1798 789 δεσπότῃ

218 801 373 873 μένει
403 802 686 872 ἀκέραιοψ
709 802 807 872 τὴν
843 803 1121 872 ἀκρότητα
1154 803 1328 855 ἔοικεν
1362 802 1560 872 ἀρετὴν
1593 819 1800 872 μαρτυ-

221 896 338 963 ρεῖν
366 896 431 964 τῇ
466 893 651 964 νύμφῃ
681 893 913 947 ἐνταῦθα
945 895 974 944 ὁ
1009 893 1254 957 ἔπαινος,
1285 896 1366 947 ὅτι
1396 895 1670 962 ἁνέπαφος
1699 893 1798 946 αύ-

215 984 318 1053 τῆς
345 985 496 1054 μένει
522 987 634 1047 τοῖς
671 985 884 1054 ἐχθροῖς
916 987 948 1054 ἡ
981 985 1205 1048 διάνοια,
1252 987 1308 1036 ὲν
1339 985 1668 1053 καθαρότητι
1707 985 1798 1036 καὶ

217 1073 462 1144 ἀπαθείᾳ.
496 1075 896 1144 φυλασσομένη.
939 1077 1028 1144 Τῷ
1058 1077 1172 1143 ἰδίῳ
1212 1075 1456 1146 Δεσπότῃ
1504 1075 1800 1143 σφραγίζε-

215 1180 310 1215 ται
335 1167 434 1231 τὴν
462 1163 641 1234 πηγὴν
667 1165 868 1234 ταύτην
897 1167 930 1235 ἡ
962 1165 1286 1235 καθαρότης,
1325 1167 1563 1236 μηδεμιᾷ
1597 1165 1802 1234 νοημά-

215 1272 330 1307 των
360 1254 466 1306 uo:
497 1255 556 1307 τὸ
589 1255 807 1323 διαυγές
831 1273 889 1308 τε
923 1257 1016 1309 καὶ
1042 1257 1276 1326 ἀερῶδες
1307 1258 1400 1318 τῆς
1433 1257 1651 1327 καρδίας
1679 1259 1798 1308 ὲπιη

219 1343 523 1397 θολῶσασα.
560 1344 647 1407 Ὠς
669 1344 710 1396 δ’
737 1345 802 1397 ἄν
828 1362 911 1408 τις
935 1346 1029 1398 ἐπὶ
1053 1347 1113 1398 τὸ
1142 1347 1472 1416 σαφέστερον
1498 1347 1801 1415 προαγάγοι

217 1434 283 1485 τὸ
315 1435 527 1504 νόημα,
563 1434 802 1488 τοιοῦτόν
848 1438 1022 1489 ἐστιν⁸
1059 1438 1277 1507 Ἐπειδὴ
1313 1438 1420 1490 τῶν
1463 1440 1520 1490 ὲν
1563 1441 1696 1507 ἡμῖν
1736 1439 1802 1492 τὰ

222 1527 326 1596 μέν
356 1529 503 1579 ἐστιν
544 1527 618 1590 ὡς
647 1527 860 1598 ἀληθῶς
899 1525 1162 1598 ἡμέτερα,
1199 1529 1296 1580 ὅσα
1323 1529 1424 1598 τῆς
1450 1529 1627 1599 ψυχῆς
1657 1532 1803 1582 ἐστιν

223 1619 334 1670 ἴδια
353 1635 366 1646 ·
395 1619 463 1670 τὰ
482 1619 539 1670 δὲ
560 1617 908 1687 οἰκειούμεθα
929 1619 1006 1680 ὡς
1035 1620 1296 1688 ἡμέτερα,
1320 1621 1386 1673 τὰ
1408 1622 1536 1692 περὶ
1561 1622 1624 1673 τὸ
1646 1623 1804 1691 σῶμα

219 1705 387 1772 λέγω,
421 1707 513 1758 καὶ
539 1707 609 1760 τὰ
640 1706 870 1770 ἔξωθεν,
901 1707 990 1760 διά
1013 1725 1156 1771 τινος
1185 1710 1579 1781 ήμαρτημένης
1612 1712 1807 1782 ὑπολή-

1901 534 2168 606 quidquid
2208 543 2388 589 autem
2419 549 2529 589 non
2568 533 3147 605 subripitur,‘~domino
3179 547 3360 592 manet
3401 539 3484 591 in-

1903 637 2114 699 tegrum
2139 644 2154 682 :
2178 627 2392 682 videtur
2420 627 2509 682 hic
2539 627 2659 682 laus
2690 642 2906 698 Sponsae
2935 628 3006 682 de
3039 643 3252 682 summa
3285 630 3486 682 virtute

1902 717 2046 772 l‘erre
2081 717 2480 780 testimonium,
2516 732 2710 786 nempe
2740 717 2886 787 quod
2912 718 2981 772 ab
3010 718 3248 772 inimicis
3280 719 3481 772 intacta

1899 809 1949 864 ei
1980 817 2160 863 manet
2184 808 2464 876 cogitatio,
2514 807 2790 861 custodita
2825 809 2878 860 in
2925 810 3162 877 puritate
3187 817 3239 862 et
3270 810 3488 877 ἱιιιρςιιὶ-

1901 900 2132 954 bilitate.
2165 897 2394 951 Domino
2423 912 2524 952 suo
2563 897 2814 967 obsignat
2843 897 2990 954 hunc
3015 898 3219 951 fontem
3253 899 3486 967 puritas,

1903 992 2054 1045 nullo
2109 991 2239 1044 limo
2287 990 2682 1058 cogitationum
2731 989 3068 1044 conturbatis
3117 988 3167 1042 id
3216 991 3360 1058 quod
3403 997 3488 1044 est

1901 1081 2085 1134 cordis
2135 1081 2373 1135 lucidum
2428 1089 2482 1135 et
2535 1082 2764 1134 aerium.
2813 1079 2882 1133 Ut
2925 1091 3105 1134 autem
3149 1079 3240 1133 ﬁat
3288 1081 3487 1132 clarior

1903 1173 2195 1236 sententia,
2229 1174 2337 1228 tale
2381 1184 2466 1227 est
2510 1174 2655 1242 quod
2685 1173 2959 1227 dicimus:
2988 1171 3254 1238 Quoniam
3295 1187 3486 1226 eorum

1901 1281 2020 1334 qme
2064 1275 2192 1320 sunt
2219 1268 2273 1320 in
2305 1267 2488 1329 nobis,
2537 1269 2642 1320 alia
2673 1267 2892 1335 quidem
2944 1273 3074 1320 sunt
3105 1281 3230 1321 vere
3270 1275 3484 1327 nostra,

1903 1373 2025 1425 quae
2076 1367 2204 1412 sunt
2261 1359 2457 1412 animae
2513 1359 2769 1428 propria;
2833 1357 2938 1411 alia
2993 1367 3173 1411 autem
3226 1369 3484 1427 tanquam

1904 1455 2092 1501 nostra
2146 1447 2214 1501 ad
2250 1461 2491 1502 nostram
2538 1449 2887 1517 adjungimus
2935 1449 3345 1517 proprietatem.
3397 1462 3486 1512 ea,

1904 1539 2145 1608 inquam,
2184 1556 2306 1608 quae
2347 1550 2477 1594 sunt
2523 1541 2772 1609 corporis
2807 1549 2861 1594 et
2893 1555 3014 1609 qua:
3063 1548 3194 1594 sunt
3237 1551 3485 1598 externa.

1904 1629 2040 1684 falsa
2094 1631 2328 1698 quadam
2379 1632 2786 1685 existimatione
2836 1632 3216 1686 existimantes
3268 1630 3487 1702 propria

1905 1733 2027 1787 qua
2054 1727 2183 1772 sunt
2212 1720 2388 1773 aliena
2425 1722 2578 1790 (quid
2605 1723 2750 1776 enim
2783 1722 3028 1776 materiae
3051 1724 3261 1790 experti
3292 1722 3490 1775 anima:

217 1799 370 1862 ψεως
407 1799 511 1850 ἴδια
543 1799 854 1868 νομίζοντες
880 1800 947 1853 τὰ
980 1799 1266 1870 ἀλλότρια·
1301 1801 1353 1853 τί
1389 1803 1496 1872 γὰρ
1530 1805 1705 1856 κοινὸν
1737 1807 1800 1874 τῇ

1913 1825 2194 1864 commune
2245 1820 2329 1866 est
2380 1827 2504 1866 cum
2559 1814 2800 1867 materia:
2843 1813 3274 1882 crassitudine?)
3321 1829 3384 1868 ea
3421 1813 3488 1867 de

221 1889 374 1956 ἁΰλῳ
396 1891 496 1958 τῆς
519 1890 698 1961 ψυχῆς
721 1890 878 1960 φύσει
905 1893 1040 1963 πρὸς
1064 1893 1162 1964 τὴν
1186 1893 1373 1963 ὑλικὴν
1396 1895 1767 1965 παχυμέρειαν
1788 1912 1802 1961 ;

221 1979 430 2034 Τούτου
471 1981 628 2052 χάριν
664 1984 692 2035 ό
728 1982 1102 2054 παροιμιώδης
1135 1984 1489 2053 συμϐουλεύει
1519 1986 1694 2053 λόγος,
1731 1989 1804 2057 μὴ

219 2075 336 2133 τοῖς
367 2071 666 2142 ἀλλοτρίοις
697 2074 872 2144 ἡμῶν,
903 2078 1014 2138 τοῖς
1043 2077 1172 2146 περί
1211 2075 1273 2128 τὸ
1304 2076 1465 2147 σῶμά
1499 2094 1641 2153 (ρημι
1663 2115 1676 2136 ,
1713 2079 1808 2132 καὶ

219 2164 293 2215 τὰ
327 2162 548 2228 ἔξωθεν,
576 2164 674 2234 τὴν
715 2164 899 2235 πηγὴν
931 2165 1030 2235 τῆς
1065 2165 1301 2230 διανοίας
1340 2167 1497 2237 ἡμῶν
1532 2167 1808 2221 ἐναλίσκε-

225 2255 372 2309 σθαι.
433 2255 589 2309 Ἀλλά
640 2257 769 2326 περὶ
795 2256 887 2308 τὸν
925 2256 1054 2310 ἴδιον
1084 2258 1572 2328 ὲναναστρέφεσθαι
1605 2259 1800 2329 κῆπον,

223 2347 326 2417 τὴν
365 2347 458 2401 τοῦ
502 2347 637 2400 Θεοῦ
677 2348 900 2416 φυτείαν
933 2347 1272 2400 πιαίνουσαν.
1323 2349 1548 2418 Ἀρετὰς
1574 2349 1630 2401 δὲ
1664 2345 1803 2403 εἶναι

223 2440 327 2510 τὴν
353 2440 446 2492 τοῦ
476 2438 610 2492 Θεοῦ
645 2439 868 2506 φυτείαν
899 2437 1297 2508 μεμαθήκαμεν
1317 2479 1331 2500 ,
1365 2441 1493 2509 περὶ
1525 2438 1589 2501 ἃς
1633 2441 1661 2509 ἡ
1689 2441 1804 2492 δια-

225 2532 452 2602 νοητικὴ
495 2533 594 2600 τῆς
622 2530 802 2600 ψυχῆς
841 2532 874 2600 ἡ
885 2529 1000 2600 μῶν
1032 2529 1260 2597 δύναμις
1287 2529 1679 2600 ἀσχολουμένη,
1711 2532 1804 2584 καὶ

1904 1915 2071 1954 causa
2103 1903 2462 1970 proverbialis
2515 1904 2672 1957 nobis
2702 1905 2944 1959 consulit
2975 1905 3285 1974 Scriptura,
3333 1921 3401 1958 ne
3431 1903 3486 1958 in

1904 2006 1966 2044 ea
2001 2007 2120 2061 qua:
2147 2001 2277 2048 sunt
2307 2010 2337 2048 a
2369 1995 2527 2050 nobis
2568 1995 2766 2058 aliena,
2795 1996 2849 2049 in
2886 2012 3109 2065 corpus,
3145 1997 3390 2064 inquam,
3434 2004 3490 2051 et

1905 2097 1968 2134 ea
2003 2098 2124 2152 quae
2154 2095 2282 2139 sunt
2303 2095 2550 2150 externa,
2578 2097 2935 2141 consumatur
2964 2088 3090 2143 fons
3111 2088 3485 2158 cogitationis,

1906 2175 2001 2228 sed
2021 2175 2075 2228 in
2097 2191 2197 2229 suo
2219 2188 2470 2232 versetur
2487 2179 2666 2241 horto,
2696 2178 2788 2234 Dei
2814 2178 3049 2250 irrigans
3075 2180 3485 2248 plantatiouem.

1913 2263 2217 2323 Didicimus
2243 2277 2422 2323 autem
2450 2269 2682 2325 virtutes
2711 2285 2836 2326 esse
2864 2269 2957 2324 Dei
2985 2271 3397 2341 plantationem,
3431 2270 3486 2324 in

1909 2355 2110 2424 quibus
2143 2370 2412 2432 occupata
2440 2363 2736 2434 cogitativa
2772 2365 2969 2419 animae
2999 2373 3200 2420 nostrae
3234 2363 3487 2428 facultas,

1909 2455 1965 2499 et
2001 2448 2068 2502 ad
2096 2451 2231 2505 nihil
2277 2462 2561 2508 externum
2613 2455 2874 2521 deﬂuens,
2923 2457 3248 2527 obsignatur
3291 2455 3490 2509 chara-

1911 2545 2060 2592 ctere
2093 2542 2360 2607 veritatis,
2403 2545 2692 2600 informata
2719 2547 2786 2600 ad
2812 2548 3017 2600 bonum
3056 2545 3396 2601 habitudine.

227 2629 370 2696 πρὸς
414 2628 566 2681 οὐδὲν
597 2627 706 2680 τῶν
742 2625 938 2691 ἔξωθεν
978 2625 1354 2696 ἀπορρέουσα,
1386 2623 1465 2694 τῷ
1497 2629 1800 2698 χαρακτῆρι
1834 2629 1931 2698 τῆς
1957 2632 2213 2702 ἀληθείας
2241 2639 2624 2709 σφραγίζεται,
2685 2643 2751 2712 τῇ
2816 2641 2952 2712 πρὸς
2989 2640 3050 2694 τὺ
3077 2639 3280 2710 ἀγαθὸν
3306 2637 3490 2710 σχέσει

226 2715 678 2790 ἒνμορφουμένη·

307 2833 536 2902 Ἴδωμεν
565 2832 620 2884 δὲ
651 2830 746 2883 καὶ
777 2828 884 2882 τῶν
923 2829 1121 2899 ἐφεξῆς
1147 2829 1383 2882 ἐπαίνων
1421 2828 1518 2900 τὴν
1561 2828 1806 2899 δύναμιν.

243 2922 598 2977 Ἆποστο.1αί
640 2937 788 2980 σου,
849 2921 1002 2989 φησι,
1060 2920 1421 2988 παράδεισος
1463 2919 1626 2986 ῥοῶν
1661 2923 1810 2989 μετὰ

230 3013 467 3081 καρποῦ
491 3010 852 3079 ἀκροδρύων,
883 3011 1096 3076 κύπροι
1118 3009 1267 3078 μετὰ
1293 3009 1550 3077 νάρδων.
1581 3010 1810 3078 Νάρδος

1990 2827 2284 2882 Videamus
2328 2838 2509 2883 autem
2546 2845 2732 2884 earum
2791 2846 3029 2901 quoque,
3073 2847 3195 2901 qua:
3231 2832 3490 2903 deinceps

1912 2930 2251 2990 sequuntur,
2325 2919 2544 2974 laudum
2607 2923 2886 2978 virtutem.
2958 2922 3281 2979 Emissiones
3347 2935 3487 2989 tum,

1917 3011 2112 3080 inquit,
2161 3010 2444 3079 paradisus
2485 3014 2747 3066 malorum
2789 3017 3126 3080 punicorum,
3162 3031 3277 3068 cum
3313 3016 3491 3085 fructu

231 3105 330 3158 καὶ
366 3103 612 3170 κρόκος,
641 3103 910 3170 κάλαμος
939 3101 1037 3153 καὶ
1063 3100 1460 3170 κιννάμωμον,
1484 3103 1632 3169 μετὰ
1657 3101 1809 3154 πάν-

1915 3117 2211 3170 pomorum,
2239 3109 2289 3154 et
2333 3101 2478 3170 cypri
2528 3117 2648 3154 cum
2683 3101 2886 3156 nantis.
2937 3099 3157 3155 Nardus
3197 3112 3244 3156 et
3282 3119 3487 3166 crocus.

232 3212 354 3248 τωο⁸
388 3195 586 3258 ξύλων
625 3195 733 3246 τοῦ
767 3193 1045 3246 Λιϐάνουο
1084 3194 1322 3262 σμύρνα
1353 3194 1452 3246 καί
1483 3195 1634 3260 ἀλόη
1661 3195 1810 3262 μετὰ

1913 3195 2150 3247 calamus
2181 3204 2230 3246 et
2260 3193 2670 3255 cinnamomum,
2702 3208 2820 3244 cum
2842 3194 3084 3246 omnibus
3103 3193 3258 3262 lignis
3278 3191 3490 3262 Libani,

233 3287 480 3339 πάντων
501 3285 620 3338 τῶν
648 3286 892 3355 πρώτων
913 3287 1137 3353 μύρων.
1165 3285 1334 3353 Πηγὴ
1373 3285 1600 3351 κήπων,
1628 3285 1810 3354 φρέαρ

1913 3285 2128 3354 myrrha
2156 3293 2206 3337 et
2239 3285 2375 3346 aloe,
2419 3299 2538 3336 cum
2573 3285 2812 3336 omnibus
2843 3285 3030 3350 primis
3070 3285 3364 3352 unguentis.
3401 3284 3489 3339 l5.

234 3378 456 3441 ὓδατος
488 3377 701 3444 ζῶντος
734 3377 830 3430 καὶ
865 3376 1204 3445 ροιζοῦντος
1237 3379 1354 3431 ἀπὸ
1392 3378 1497 3431 τοῦ
1532 3377 1809 3431 Λιϐάνου.

236 3469 361 3520 ’Ὁτι
398 3469 495 3538 μὲν
526 3465 619 3522 οῦν
655 3469 1007 3538 παμμέγεθες
1032 3487 1086 3521 τι
1121 3471 1213 3522 καὶ
1247 3469 1481 3534 ἐξαίσιον
1523 3474 1633 3533 τοῖς
1661 3473 1812 3542 εἰρη-

241 3560 426 3630 μένοις
468 3559 711 3627 ἐγκειται
759 3561 956 3629 νόημα,
1002 3560 1069 3613 δι’
1103 3553 1164 3613 οὗ
1194 3562 1293 3630 τῆς
1330 3563 1470 3615 κατὰ
1505 3562 1636 3614 Θεὸν
1666 3563 1813 3631 ὑψω-

236 3652 424 3721 θείσης
461 3651 521 3704 τὸ
549 3651 743 3714 κάλ).ος
771 3654 828 3703 ὲν
867 3651 1106 3721 θαύματι
1135 3652 1364 3720 γίνεται,
1405 3657 1524 3716 ταῖς
1554 3654 1816 3724 πολυτρό-

238 3760 362 3806 ποις
387 3742 498 3794 τῶν
531 3743 765 3796 ἐπαίνων
811 3743 1135 3812 ὑπερϐολαῖς
1175 3744 1616 3814 εὐφημουμένης,
1661 3745 1815 3814 δῆλον

237 3837 335 3887 καὶ
377 3836 440 3886 ὲκ
483 3835 582 3904 τῆς
619 3835 907 3905 προχείρου
941 3835 1137 3900 λέξεως
1172 3835 1281 3887 τῶν
1327 3837 1632 3906 εἰρημένων
1677 3837 1813 3889 ἐστι.

237 3927 336 3988 Τίς
380 3925 438 3978 δὲ
481 3925 686 3995 ἀληθής
719 3927 835 3977 ἐστι
872 3925 1112 3988 διάνοια,
1147 3926 1213 3995 ἣν
1255 3926 1598 3996 διασημαίνει
1647 3927 1818 3981 ταῦτα

235 4018 308 4072 τὰ
343 4020 582 4089 ῥήματα,
632 4018 790 4085 μόνον
823 4017 888 4070 ἂν
939 4017 1022 4087 εἴη
1077 4017 1262 4087 σαφῶς
1299 4018 1498 4071 εἰδέναι
1549 4019 1643 4070 τοῦ
1677 4020 1817 4072 κατά

235 4110 332 4163 τὸν
389 4111 542 4174 ἆγιον
596 4109 806 4162 Παῦλον
871 4111 1233 4181 ἐπισταμένου
1298 4111 1573 4180 Πνεύματι
1642 4111 1818 4164 λαλεῖν

237 4201 308 4253 τὰ
365 4198 485 4251 θεῖα
546 4199 843 4269 μυστήρια.
897 4198 1019 4260 Πῶς
1077 4199 1186 4270 γὰρ
1243 4200 1304 4251 τὸ
1361 4199 1817 4269 ἀποστελλόμενον

242 4289 398 4360 παρὰ
445 4291 542 4360 τῆς
581 4289 796 4358 νύμφης
847 4290 984 4359 ῥοῶν
1027 4291 1140 4342 ἐστι
1193 4291 1554 4361 παράδεισος;
1594 4291 1719 4354 Πῶς
1761 4291 1819 4344 δὲ

240 4385 306 4434 ἐκ
329 4380 440 4432 τῶν
472 4379 608 4447 ῥοῶν
634 4383 663 4432 ό
688 4379 900 4449 καρπὸς
926 4379 1034 4432 τῶν
1069 4380 1384 4451 ἀκροδρύων
1414 4380 1665 4452 φέρεται;
1696 4381 1819 4443 Πῶς

1915 3373 2061 3429 Fons
2087 3375 2246 3441 horti,
2288 3384 2474 3442 puteus
2509 3391 2660 3443 aqua:
2704 3376 2832 3428 vim
2865 3384 2914 3428 et
2943 3376 3139 3443 impetu
3183 3376 3396 3444 ﬂuentis
3427 3391 3490 3429 ea;

1913 3465 2137 3521 Libano.
2169 3465 2345 3536 Atque
2371 3465 2515 3535 quod
2547 3465 2600 3518 in
2643 3465 2709 3519 iis
2740 3464 2959 3534 quidem
2991 3481 3112 3534 qua:
3155 3465 3299 3520 dicta
3338 3476 3490 3529 sunt,

1913 3567 1998 3612 est
2025 3557 2247 3627 quidam
2292 3557 2452 3626 longe
2481 3557 2752 3610 maximus
2783 3571 2846 3610 ac
2875 3557 3329 3626 praaclarissimus
3363 3572 3495 3612 sen-

1915 3667 2031 3716 sus,
2065 3667 2158 3719 per
2177 3665 2340 3720 quem
2364 3649 2486 3719 ejus
2511 3665 2633 3718 qua:
2657 3665 2722 3702 ex
2751 3649 2858 3703 Deo
2885 3657 2970 3704 est
2997 3649 3050 3703 in
3085 3650 3252 3703 altum
3279 3661 3490 3714 evecta,

1915 3745 1970 3798 in
2000 3744 2360 3798 admiratione
2406 3742 2638 3797 habetur
2670 3742 3040 3811 pulchritudo,
3073 3743 3245 3798 variis
3273 3750 3329 3797 et
3374 3759 3495 3798 nio-

1915 3837 2043 3891 dmn
2081 3833 2540 3904 exsuperantibus
2565 3833 2836 3888 celebrata
2866 3835 3142 3898 laudibus,
3167 3843 3253 3890 est
3283 3835 3493 3904 perspi-

1915 3944 2077 3982 cuum
2110 3929 2190 3981 vel
2225 3943 2291 3980 ex
2329 3933 2588 3980 contextu
2623 3940 2687 3980 ac
2728 3941 2890 3980 sensu
2927 3926 3162 3996 primum
3193 3927 3354 3981 obvio
3398 3943 3492 3982 eo-

1915 4034 2036 4072 rum
2093 4033 2215 4088 quze
2269 4017 2413 4072 dicta
2463 4026 2612 4071 sunt.
2659 4016 2922 4082 Quisnam
2962 4018 3034 4070 sit
3087 4028 3269 4072 autem
3329 4035 3494 4074 verus

1916 4126 2114 4166 sensus
2166 4125 2326 4179 quem
2383 4108 2497 4162 haec
2545 4109 2708 4162 verba
2759 4108 3090 4176 signiﬁcant,
3148 4109 3270 4178 ejus
3319 4111 3493 4165 solius

1917 4202 2080 4256 fuerit
2139 4209 2323 4271 aperte
2387 4201 2549 4263 scire,
2613 4199 2728 4269 qui,
2780 4199 2937 4268 juxta
2992 4201 3176 4254 divum
3238 4200 3490 4266 Paulum,

1919 4292 2123 4362 Spiritu
2162 4293 2267 4346 scit
2299 4291 2448 4361 loqui
2480 4291 2666 4344 divina
2702 4292 2982 4362 mysteria.
3018 4291 3489 4358 Quemadmodum

1917 4385 2065 4438 enim
2103 4381 2251 4452 quod
2281 4383 2550 4437 emittitur
2578 4396 2608 4435 a
2635 4398 2858 4452 sponsa,
2889 4391 2973 4438 est
3003 4384 3286 4453 paradisus
3321 4388 3494 4438 malo-

239 4472 298 4523 δὲ
326 4469 398 4523 τὰ
424 4470 696 4540 ἀκρόδρυα
743 4470 928 4540 μύρων
957 4470 1164 4537 γίνεται
1195 4471 1287 4523 καὶ
1317 4472 1622 4542 ἀρωμάτων
1653 4472 1810 4524 κατά-

1922 4489 2043 4527 rum
2087 4472 2456 4543 punicorum?
2503 4473 2963 4542 quemadmodum
3004 4481 3184 4526 autem
3233 4489 3298 4528 ex
3331 4478 3492 4530 malis

240 4563 432 4630 λογοςς
480 4562 565 4613 Ἐν
586 4561 694 4632 γὰρ
719 4565 830 4624 τοῖς
853 4561 962 4614 τῶν
983 4561 1296 4634 ἀκροδρύων
1323 4565 1572 4635 καρποῖς,
1609 4562 1820 4632 κύπρος

241 4655 340 4707 καὶ
369 4654 557 4723 νάρδος
595 4653 690 4708 καὶ
724 4654 921 4725 κρόκος
948 4655 1084 4717 ἐστὶ,
1127 4654 1372 4724 κάλαμός
1418 4673 1477 4708 τε
1511 4656 1603 4708 καὶ⁴
1632 4655 1820 4707 κιννά-

244 4763 460 4817 μωμον,
521 4745 618 4799 καὶ
661 4747 771 4799 πᾶν
817 4745 911 4798 τοῦ
944 4745 1178 4799 Λιϐάνου
1229 4746 1405 4812 ξύλον,
1444 4747 1520 4810 ὡς
1565 4747 1820 4817 οὐδεμιᾶς

239 4838 344 4907 τῆς
387 4837 530 4891 κατά
571 4838 632 4890 τὸ
675 4840 873 4910 ἄρωμα
910 4837 1003 4892 τοῦ
1043 4838 1276 4894 Λιϐάνου
1314 4841 1577 4909 διαφορᾶς
1609 4841 1666 4892 ὲν
1707 4841 1820 4902 τοῖς

241 4927 722 4999 ἀπηριθμημένοις
746 4929 1058 5001 λειπούσηςο
1091 4927 1174 4995 οἷς
1217 4931 1564 5002 προστίθεται
1607 4930 1820 5000 σμύρνα

243 5022 342 5076 καὶ
369 5021 501 5092 ἁλόη
522 5060 536 5083 ,
569 5021 664 5075 καὶ
701 5022 770 5074 τὰ
801 5023 991 5093 πρῶτα
1016 5023 1165 5095 μῦρα
1203 5025 1401 5087 πάντα,
1435 5024 1526 5077 καὶ
1553 5025 1584 5094 ἡ
1626 5024 1818 5094 πρότε-

248 5127 342 5180 ρον
367 5110 541 5179 κῆπος
574 5113 632 5162 ὲν
667 5113 782 5174 τοῖς
811 5112 923 5165 ἀνω
947 5113 1095 5183 παρὰ
1121 5112 1216 5165 τοῦ
1247 5112 1592 5176 ἐπαινοῦντος
1623 5115 1822 5184 όνομα-

247 5201 459 5264 σθεῖσα,
486 5201 582 5254 νῦν
613 5202 764 5272 πηγὴ
805 5202 1026 5271 λέγεται
1066 5205 1278 5275 κήπων.
1306 5205 1398 5256 καὶ
1429 5205 1604 5275 φρέαρ
1629 5203 1820 5268 ὕδατος

247 5291 450 5355 ζῶντος
479 5293 573 5345 καὶ
611 5292 914 5365 ροιζοῦντος
946 5294 1053 5347 ἀπὸ
1097 5293 1193 5347 τοῦ
1231 5294 1484 5348 Λιϐάνου.
1543 5295 1701 5348 Ἀλλά
1729 5294 1820 5348 τὸν

252 5382 352 5451 μὲν
377 5381 553 5451 ἀληθῆ
577 5381 733 5450 λόγον
753 5381 884 5454 περὶ
908 5383 1109 5438 τούτων
1139 5384 1294 5438 ἴδοιεν
1315 5383 1402 5444 ἂν,
1433 5383 1615 5448 καθὼς
1638 5387 1822 5456 προεῖ-

250 5491 374 5535 πον,
427 5477 477 5526 οί
515 5475 577 5528 τὸ
613 5474 774 5544 βάθος
815 5474 910 5528 τοῦ
958 5476 1189 5530 πλούτου
1228 5477 1323 5530 καὶ
1354 5478 1454 5548 τῆς
1501 5479 1693 5546 σοφίας
1728 5480 1822 5531 καὶ

248 5565 348 5634 τῆς
370 5565 622 5633 γνώσεως
643 5566 736 5620 τοῦ
750 5566 884 5620 Θεοῦ
904 5567 1278 5640 διερευνᾶσθαι
1298 5568 1601 5638 δυνάμενοι.
1631 5569 1820 5638 Ἡμεῖς

248 5656 306 5722 δὲ
329 5657 404 5720 ὡς
428 5658 492 5711 ἂν
517 5659 590 5730 μὴ
615 5661 892 5724 παντελῶς
907 5662 1160 5729 ἄγευστοι
1185 5659 1292 5713 τῶν
1314 5660 1371 5712 ὲν
1382 5659 1458 5730 τῷ
1480 5660 1628 5729 τόπῳ
1648 5659 1822 5730 τούτῳ

250 5750 631 5804 προκειμένων
678 5753 922 5814 ἀγαθῶν,
976 5753 1071 5806 καὶ
1117 5752 1511 5807 ἀναπόλαυστοι
1568 5751 1818 5806 καταλει-

1919 4563 2136 4634 punicis
2191 4563 2511 4632 producitur
2567 4563 2780 4618 fructus
2835 4565 3167 4632 pomorum?
3219 4565 3495 4631 Quemad-

1921 4654 2142 4708 modum
2173 4670 2302 4709 vero
2329 4670 2488 4724 poma
2521 4655 2658 4708 ﬁunt
2701 4655 2981 4724 catalogus
3011 4664 3408 4726 unguentorum
3441 4669 3496 4714 et

1921 4745 2274 4798 aromatum?
2298 4745 2358 4798 In
2386 4760 2671 4814 pomorum
2698 4745 2844 4800 enim
2870 4745 3142 4802 fructibus
3165 4763 3365 4819 cyprus
3389 4759 3494 4814 est,

1920 4839 2128 4892 nardus
2177 4844 2232 4891 et
2284 4851 2504 4903 crocus,
2559 4844 2615 4891 et
2657 4839 2923 4902 calamus,
2967 4846 3022 4893 et
3063 4839 3493 4906 cinnamomum,

1921 4937 1977 4984 et
2005 4945 2167 4984 omne
2197 4929 2399 4999 lignum
2433 4916 2650 4994 Libani,
2697 4929 2853 4998 quasi
2889 4931 3038 4984 nulla
3071 4933 3124 4986 in
3159 4936 3496 4990 aromatibus

1922 5019 2114 5076 Libani
2143 5019 2449 5076 differentia
2473 5021 2614 5075 desit
2647 5021 2703 5074 in
2731 5020 2801 5075 iis
2829 5036 2950 5090 quae
2977 5030 3105 5076 sunt
3135 5033 3450 5079 enumerata
3477 5044 3492 5079 :

1922 5112 2121 5182 quibus
2152 5111 2370 5165 additur
2394 5111 2613 5180 myrrha
2645 5120 2699 5165 et
2731 5111 2872 5174 aloe,
2902 5120 2958 5166 et
2988 5113 3168 5168 omnia
3197 5115 3368 5184 prima
3390 5133 3496 5170 uu-

1921 5209 2138 5271 guenta.
2177 5199 2242 5253 Et
2283 5215 2406 5270 qua:
2454 5199 2605 5268 prius
2635 5198 2830 5254 hortus
2861 5215 2893 5253 a
2923 5201 3179 5258 laudante
3211 5219 3380 5275 supra
3408 5213 3496 5262 est

1923 5291 2226 5357 nominata,
2266 5305 2418 5345 nunc
2446 5290 2570 5345 fons
2617 5290 2821 5345 dicitur
2854 5291 3163 5357 hortorum,
3205 5303 3260 5350 et
3301 5306 3498 5366 puteus

1923 5398 2079 5452 aqua:
2107 5382 2263 5445 vivae,
2315 5389 2370 5437 et
2407 5382 2614 5452 impetu
2661 5380 2880 5438 ﬂuentis
2914 5400 2979 5439 es
3020 5384 3246 5442 Libano.
3289 5386 3394 5444 Sed
3429 5391 3497 5444 de

1922 5477 2010 5530 his
2048 5473 2268 5545 quidem
2303 5489 2423 5543 qua:
2449 5475 2597 5530 dicta
2646 5484 2776 5531 sunt
2806 5477 3087 5532 veritatem
3124 5479 3380 5546 viderint,
3439 5493 3495 5535 ut

1922 5567 2076 5638 prius
2112 5565 2248 5630 dixi,
2300 5566 2336 5620 ii
2367 5566 2460 5635 qui
2513 5576 2746 5636 possunt
2785 5573 3121 5639 perscrutari
3151 5571 3498 5641 profundita-

1923 5667 2030 5713 tem
2060 5657 2396 5720 divitiarum,
2426 5665 2480 5712 et
2511 5659 2814 5727 sapientiaz,
2849 5669 2904 5715 et
2933 5661 3177 5718 scientia:
3216 5662 3333 5719 Dei.
3387 5663 3498 5718 Nos

1923 5758 2127 5813 autem,
2180 5765 2247 5804 ne
2301 5749 2527 5805 omnino
2582 5751 2960 5821 relinquamur
3005 5762 3253 5823 expertes
3303 5765 3496 5824 gustus
