1927 3108
190 151 251 180 26⁵1

810 151 841 179 S.
868 151 1033 180 GREGORII
1051 151 1200 180 NYSSENI

1784 152 1843 179 968

196 208 333 235 bonorum
347 215 408 243 qua:
427 207 454 235 in
469 207 521 235 hoc
536 208 597 235 loco
614 208 666 235 sita
682 213 756 241 sunt.
776 208 865 243 iisquo
880 209 989 236 minime

1042 210 1187 245 φθείημεν,
1201 210 1236 236 δι’
1249 199 1347 244 όλίγων
1357 209 1444 243 λόγων
1455 209 1493 244 τῷ
1504 209 1576 245 λόγῳ
1590 210 1774 245 προσάξομεν,
1787 214 1840 236 αυ-

198 255 333 286 truatnur,
358 254 638 290 paucis'accedemtts
659 255 693 282 ad
707 258 864 282 contextum
887 255 992 283 oratio-

193 308 252 332 .nts.
282 300 343 336 ipso
360 300 416 328 Deo
444 300 536 328 Verbo
562 301 696 332 adhibito.
724 306 754 328 ut
775 302 810 328 sit
826 301 882 329 dux
906 302 992 329 nostri

194 346 283 373 studii
308 354 341 374 ac
355 347 513 382 diligentiae.
535 346 687 375 Uttiversus
713 347 835 380 laudum,
859 348 907 382 qui
931 351 993 375 ante

197 392 289 419 dictus
304 391 366 424 l‘uit,
387 392 540 426 catalogus,
557 396 584 419 et
598 400 659 427 quae
672 400 745 419 ntttte
758 393 791 420 de
808 393 867 427 ipsa
880 392 994 419 adduxit

195 437 298 468 Oratio,
312 444 368 464 non
386 437 513 464 videntur
531 438 631 464 intueri
648 439 785 473 praecipue
800 438 834 465 ad
845 438 992 473 quamdam

197 484 301 511 nudam
321 490 353 510 ac
367 484 454 511 solam
475 484 670 514 laudationem.
695 485 741 512 sed
760 492 808 519 per
822 492 855 512 ea
870 493 932 520 quae
950 485 993 512 di-

195 533 310 561 cuntur,
324 529 378 556 vim
389 529 536 563 quamdam
551 537 583 556 ae
598 530 727 557 virtutem
738 531 845 563 all‘erre,
860 538 891 558 ac
900 531 992 559 cordis

196 582 342 602 ascensum
360 576 394 602 ad
410 583 442 602 ea
458 584 519 611 qua:
533 581 597 604 sunt
613 577 717 611 majora
732 582 760 604 et
774 577 936 610 excelsiora,
954 582 993 605 ut-

197 624 261 656 pote
277 621 436 648 nominatur
448 629 529 648 soror
546 626 573 649 et
589 630 689 657 sponsa
710 622 802 655 Verbi,
819 623 867 650 sed
887 628 992 650 utrum-

195 675 251 701 que
275 667 371 694 horum
397 668 538 694 nominum
564 675 696 702 sponsam
711 668 854 703 conjungit
877 677 990 705 sponso.

197 721 307 748 sponsa;
319 713 430 748 quidem
444 713 644 748 signiﬁcatione
656 722 729 746 eam,
744 720 774 742 ut
791 715 913 742 nontinat
925 715 993 743 Pau-

196 758 241 785 lus
253 758 287 789 ",
304 758 423 786 faciente
439 761 664 794 concorporaletn
680 768 792 796 sponso,
807 761 855 796 qui
870 769 924 789 non
941 770 991 797 po-

196 808 251 831 test
263 804 416 839 corrumpi,
436 809 463 832 et
480 806 507 832 in
524 814 604 841 quem
622 814 674 833 non
688 807 761 834 cadit
774 808 915 835 interitus:
934 813 991 835 stu-

197 850 244 876 dio
257 854 349 877 autem
364 851 437 886 quod
452 857 576 879 versatur
591 853 618 879 in
631 853 780 886 voluntate,
794 854 827 880 ad
841 853 989 881 fraternam

1043 256 1089 283 τὸν
1099 256 1146 283 τὸν
1158 256 1224 282 Θεὸν
1239 256 1325 290 Λόγον
1335 255 1510 291 καθηγεμόνα
1527 256 1578 290 τῆς
1590 256 1708 291 σπουδῆς
1722 258 1841 291 ποιησα-

1045 311 1129 338 μενοι.
1150 303 1259 329 Ἔοικεν
1277 302 1349 333 ἅπας
1363 303 1377 328 ὁ
1393 302 1448 328 τῶν
1464 302 1583 328 ἐπαίνων
1602 302 1766 336 κατάλογος,
1779 303 1793 329 ὃ
1807 311 1839 328 re

1043 348 1097 384 πρὸ
1111 348 1215 375 τούτων
1228 348 1383 384 εἰρημένος,
1398 348 1444 375 καὶ
1461 349 1511 375 ὅσα
1523 348 1572 375 νῦν
1585 349 1651 383 περὶ
1666 349 1755 383 αὐτῆς
1768 349 1839 383 ἡμῖν

1042 395 1057 420 ό
1080 394 1157 428 λόγος
1181 392 1334 428 παρέθετο,
1356 394 1393 428 μὴ
1420 392 1488 428 πρὸς
1512 393 1651 428 εὐφημίαν
1672 393 1735 420 τινὰ
1755 393 1841 429 ψιλὴν

1043 439 1115 466 κατὰ
1127 439 1159 465 τὸ
1178 439 1383 475 προηγούμενον
1397 438 1515 474 βλέπειν·
1537 439 1606 465 ἀλλὰ
1624 439 1742 474 δύναμιν
1765 440 1840 466 ἐντι-

1043 485 1120 512 Θέναι
1138 485 1182 512 διὰ
1195 484 1249 511 τῶν
1265 484 1421 520 λεγομένων
1435 485 1503 520 πρὸς
1524 484 1573 519 τὴν
1586 485 1633 511 ἐπὶ
1651 486 1685 511 τὰ
1703 485 1792 519 μείζω
1805 493 1840 511 τε

1043 532 1090 558 καὶ
1115 531 1270 566 ὑψηλότερα
1291 530 1342 566 τῆς
1365 531 1479 567 καρδίας
1492 531 1636 562 ἀνάϐασιν,
1656 529 1713 558 οἷον
1731 531 1840 566 ἀδελφὴ

1042 578 1090 604 καὶ
1104 577 1197 613 νύμφη
1219 577 1266 604 τοῦ
1279 578 1365 612 Λόγου
1379 578 1606 612 κατονομάζεται,
1618 578 1684 604 ἀλλὰ
1706 578 1838 604 συνάπτει

1041 623 1097 650 τῶν
1117 624 1257 658 ὀνομάτων
1276 624 1378 649 τούτων
1396 624 1525 658 ἑκάτερον
1546 624 1595 658 τὴν
1607 624 1695 658 ψυχὴν
1715 623 1756 658 τῷ
1769 633 1839 658 νυμ-

1042 670 1107 705 φίῳ,
1122 671 1170 705 τῆς
1189 670 1238 705 μὲν
1251 670 1322 696 κατὰ
1336 670 1382 705 τὴν
1394 670 1501 704 νύμςεην
1519 670 1656 705 σημασίας
1691 669 1838 703 σύσσωμον

1042 716 1139 751 αὐτὴν,
1154 715 1246 748 καθὼς
1262 718 1275 742 ο
1290 716 1394 747 Παῦλος
1404 736 1410 746 ,
1427 716 1556 751 ποιούσης
1572 716 1610 751 τῷ
1622 716 1755 751 ἀφθάρτῳ
1770 724 1838 750 νυμ-

1042 762 1106 797 φίον
1123 762 1171 797 τῆς
1193 762 1221 788 δὲ
1237 764 1300 797 περὶ
1315 763 1349 788 τὰ
1375 763 1515 797 θελήματα
1537 762 1653 796 σπουδῆς
1670 763 1709 793 εἰς
1726 762 1837 795 ἀδελςςι-

1042 807 1093 844 κὴν
1106 808 1263 843 ἀγχιστείαν
1287 809 1471 843 προαγούσης,
1495 808 1565 834 κατὰ
1583 808 1631 842 τὴν
1647 807 1694 833 τοῦ
1713 808 1837 841 Εὖαγγια

1042 853 1099 879 λιου
1116 854 1225 888 φωνήν·
1245 852 1303 879 εἶτα
1325 855 1477 879 ἐπαινεῖται
1501 853 1580 886 φύσις
1601 853 1711 887 μαστῶν
1733 854 1750 887 ἡ
1777 852 1837 879 ἀντὶ

196 895 351 924 deducettte
368 896 526 924 al'llnitatent
539 903 566 924 tu
577 898 810 932 ronjunctionetn,
825 900 989 927 convenien-

1041 898 1176 933 γάλακτος
1196 896 1267 925 οἶνον
1287 899 1456 933 προχέουσα,
1483 900 1529 925 καὶ
1553 899 1630 933 δῆλον
1652 899 1692 924 οτι
1717 898 1799 933 ἔργον
1822 899 1837 923 ὁ

197 946 239 968 ter
254 942 314 969 voci
330 942 478 978 Evangelii.
499 943 601 970 Deinde
614 944 741 971 laudatur
751 949 850 972 natura
862 945 988 979 uberum,

197 996 259 1023 quae
277 996 327 1023 pro
351 989 421 1016 lacte
439 990 531 1016 vittttttt
557 989 682 1021 etl‘undit,
709 994 735 1018 et
751 990 928 1018 manifestum
947 995 990 1019 est

197 1032 270 1067 quod
282 1033 341 1061 laus
353 1041 423 1069 opus
433 1034 561 1062 efﬁcitur.
576 1034 635 1061 Non
648 1036 732 1067 enim.
747 1036 774 1062 id
787 1037 860 1071 quod
873 1044 927 1064 non
936 1041 988 1069 est.

198 1079 337 1106 laudatur.
354 1080 489 1108 Praeterea
502 1081 563 1115 ejus
582 1086 752 1116 unguentum
774 1082 915 1116 judicatur
929 1090 990 1110 esse

196 1125 325 1160 superius
347 1126 476 1153 outnihus
496 1127 675 1156 arontalibus.
703 1127 777 1162 quod
799 1128 908 1163 quidem
934 1136 989 1155 nou

198 1171 235 1197 ita
245 1178 275 1198 se
283 1170 384 1198 habere
397 1171 661 1206 fuissctjttdieatutn.
672 1173 694 1200 si
705 1181 758 1200 non
771 1181 864 1201 revera
873 1175 906 1201 ad
917 1175 989 1201 illam

198 1220 368 1254 pervenisset
393 1220 564 1247 altitudinem
581 1228 628 1255 per
645 1221 798 1256 profectum
824 1222 852 1249 in
866 1230 899 1250 eo
915 1223 989 1258 quod

198 1272 240 1293 est
267 1267 374 1293 melius.
402 1266 543 1293 Habentur
563 1272 656 1302 postea
684 1268 710 1294 in
735 1268 916 1295 admiratione
936 1268 988 1295 l'avi

197 1313 333 1340 orationis
345 1314 391 1348 qui
408 1313 543 1341 distillant
560 1322 592 1341 ex
611 1314 670 1348 ejus
689 1321 747 1347 ore.
761 1319 788 1341 et
801 1319 988 1349 contempera-

198 1360 237 1386 tio
251 1364 361 1394 paratur
376 1360 517 1395 sapientizr.
529 1360 653 1394 subjecta
666 1361 774 1394 lingua‘,
785 1364 990 1395 contemperato

197 1405 268 1432 lacte
280 1413 342 1432 cum
368 1406 457 1432 melle.
482 1405 513 1432 Et
530 1406 586 1432 iure
601 1414 710 1441 quoque
728 1410 792 1434 sunt
810 1407 907 1435 virtus.
936 1414 989 1434 tton

197 1451 291 1481 verba.
309 1455 339 1477 ιιι
353 1458 414 1485 quae
429 1458 443 1477 a
462 1450 552 1477 Verbo
570 1452 602 1477 ad
616 1452 743 1478 altiorum
759 1451 876 1478 deducta
894 1459 990 1478 ascen-

197 1503 258 1523 sum
273 1496 340 1523 adeo
355 1501 435 1523 aucta
461 1497 507 1525 sit.
527 1501 557 1523 ut
579 1505 610 1524 os
629 1497 709 1523 faciat
726 1498 826 1524 l'otttcttt
845 1497 943 1525 mellis.
962 1501 990 1523 et

199 1541 319 1575 linguam
337 1542 551 1576 promptuariuttt
566 1544 718 1570 commislaa
729 1543 880 1577 sapientiae,
896 1543 922 1569 itt
935 1550 988 1577 qua

197 1587 390 1614 consideratur
410 1593 481 1614 terra
500 1588 701 1622 promissionis,
719 1595 780 1623 quae
797 1588 855 1614 ﬂuit
868 1589 947 1615 melle
963 1593 990 1615 et

198 1633 279 1660 laete.
295 1633 363 1660 Cum
378 1638 468 1660 autem
485 1634 604 1660 Verbum
625 1642 672 1668 per
692 1641 825 1661 ascensus
843 1641 902 1660 eam
922 1633 992 1660 adeo

198 1678 351 1709 extulisset.
368 1678 444 1705 ducit
470 1679 559 1705 adhuc
584 1680 676 1712 altius,
697 1679 793 1706 dicens
813 1679 873 1713 ejus
888 1684 991 1706 vestem

199 1724 268 1752 bene
283 1726 388 1759 spirare.
407 1725 495 1752 thuris
510 1726 605 1756 odore.
634 1733 682 1759 per
697 1724 770 1760 qttod
794 1729 910 1752 testatur
925 1724 991 1751 Ver-

198 1769 262 1796 bum
283 1777 343 1797 eatn
362 1770 500 1798 Christum
525 1770 657 1798 induisse.
678 1770 808 1804 Cujusvis
830 1770 904 1797 enim
931 1770 992 1796 vitae

197 1823 259 1850 qua:
271 1824 303 1843 ex
321 1816 423 1843 virtute
437 1817 526 1851 agitur
543 1816 604 1843 linis
616 1821 657 1843 est
671 1816 717 1843 Dei
733 1816 918 1851 participatio.
939 1815 991 1842 Per

198 1862 262 1889 tlttts
275 1862 347 1889 enim
363 1861 434 1889 Deus
448 1862 611 1890 ostenditur.
630 1861 661 1888 Et
674 1869 724 1889 nec
740 1862 767 1889 in
783 1862 817 1889 iis
832 1861 941 1896 quidem
960 1868 991 1888 se

199 1908 271 1936 sistit
285 1908 387 1939 anima,
410 1916 471 1943 qum
484 1916 592 1943 semper
607 1915 622 1935 a
643 1907 732 1935 Verbo
745 1908 890 1935 deducitur
907 1908 940 1934 ad
962 1907 990 1934 id

198 1953 271 1989 qttod
284 1958 326 1982 est
347 1954 439 1982 altius.
457 1953 510 1981 Sed
526 1959 670 1989 postquam
684 1954 836 1982 assitnilala
851 1954 900 1981 fuit
915 1954 988 1981 tlturi

198 1999 226 2026 in
242 2000 315 2026 bono
332 1999 426 2031 odore,
449 2000 477 2027 lit
501 2000 597 2027 hortus
617 2000 705 2027 instar
727 2000 857 2035 paradisi.
876 1999 987 2030 Hortus.

199 2053 253 2072 non
268 2046 341 2072 sicut
353 2049 412 2072 erat
437 2047 506 2073 inter
521 2047 624 2081 priutos
644 2046 780 2078 homines.
806 2047 884 2073 laxus
901 2050 927 2073 et
947 2046 989 2072 itt-

197 2091 367 2122 custoditus,
394 2091 442 2118 sed
467 2092 588 2127 undique
614 2092 735 2119 munitus
757 2092 887 2118 memoria
911 2099 989 2118 tuan-

198 2136 264 2163 dati.

234 2181 317 2210 Vides
344 2189 475 2217 quantam
500 2183 635 2218 acceperit
660 2183 797 2214 virtutem,
827 2183 859 2209 ad
884 2183 934 2209 hoc
957 2186 987 2209 ut

198 2235 308 2255 sursum
330 2228 469 2256 ferretur?
484 2228 591 2257 Rursus
604 2229 665 2257 vide
678 2229 743 2256 milii
760 2237 821 2255 eum
835 2229 880 2263 qui
904 2236 986 2263 supra

199 2274 264 2300 illttd
282 2273 310 2300 [it
326 2283 481 2302 ascensum.
501 2275 560 2301 Non
576 2276 665 2303 solum
681 2275 754 2301 enim
771 2274 842 2301 facta
864 2279 907 2301 est
924 2275 988 2300 hor-

197 2325 242 2346 ttts
267 2321 426 2352 conclusus,
455 2321 595 2356 propriuttt
619 2321 709 2348 ferens
735 2320 866 2351 fructum.
895 2320 942 2347 sed
958 2319 987 2346 ﬁt

197 2367 278 2393 etiam
303 2367 434 2401 potabilis
458 2367 627 2396 sitientibus.
656 2367 786 2394 translata
807 2366 834 2393 in
860 2370 986 2393 naturam

198 2412 291 2445 fontis,
313 2413 394 2446 idque
406 2413 551 2447 obsignati.
568 2413 599 2439 Et
614 2421 664 2440 nec
678 2413 704 2439 itt
719 2413 762 2440 his
775 2411 916 2438 constitit:
937 2410 987 2438 sed

198 2458 231 2484 ad
251 2458 302 2485 hoc
322 2466 409 2493 usque
426 2459 495 2486 stitit
515 2466 594 2485 suttttt
620 2459 645 2485 in
670 2458 759 2492 majus
776 2458 985 2487 ittcretttettlum,

198 2508 228 2531 ttt
238 2512 270 2531 ex
282 2512 330 2531 ore
341 2504 402 2539 ejus
416 2504 583 2539 germinaret
603 2504 757 2538 paradisus.
775 2503 827 2535 Qui
849 2502 922 2529 enim
939 2509 985 2529 ae-

197 2551 317 2578 cttratius
329 2549 442 2577 attendit
457 2548 605 2583 emphasim
620 2548 743 2575 dictionis
769 2548 919 2580 lli-braicze,
943 2547 986 2574 di-

197 2599 252 2628 cit,
271 2603 320 2630 pro
332 2603 364 2622 eo
377 2595 449 2630 quod
464 2595 610 2622 dicendum
622 2600 691 2627 erat,
706 2594 873 2621 Etnissiones
888 2597 942 2620 tua:
952 2600 985 2620 ex

199 2650 244 2669 ere
257 2646 305 2668 tuo
320 2652 327 2670 :
345 2641 490 2669 Paradt'sus
501 2638 631 2667 maiori-nt
644 2640 805 2674 punitorum.
831 2640 910 2673 Quod
925 2639 986 2674 qui-

197 2688 258 2715 dem
274 2687 388 2722 perinde
404 2692 446 2714 est
462 2696 492 2714 ac
508 2688 531 2713 si
554 2688 654 2714 drct'et
668 2694 674 2711 :
689 2686 784 2713 Sermo
798 2692 861 2713 ttttts
876 2686 922 2721 qui
938 2693 988 2720 per

197 2740 229 2759 os
245 2740 320 2759 tuuttt
338 2733 484 2764 emittitur,
508 2736 550 2759 est
566 2732 709 2766 paradisus
725 2731 858 2759 malorum
874 2731 987 2765 punico-

200 2787 272 2807 rum.
299 2779 367 2806 Mala
390 2784 480 2806 autem
508 2779 607 2815 punica
625 2779 780 2815 producunt
803 2786 885 2807 omne
899 2786 987 2814 genus

219 2867 244 2885 ⁸⁸
264 2867 366 2899 Ephes.
386 2875 411 2899 v,
441 2866 476 2894 25
490 2874 547 2900 sqq.

1003 1571 1024 1600 C

1003 2258 1024 2285 D

1039 944 1150 976 ἔπαινος
1170 945 1284 978 γίνεται.
1315 945 1352 970 Οὐ
1368 945 1422 980 γὰρ
1443 945 1644 978 ὲγκωμιάζεται
1662 945 1692 970 τὸ
1711 944 1837 979 ἀνύπαρ-

1040 998 1114 1017 κτον.
1127 990 1199 1025 Πρὸς
1213 990 1317 1021 τούτοις
1332 991 1362 1017 τὸ
1377 991 1461 1026 μῦρον
1474 991 1558 1024 αὐτῆς
1574 991 1681 1016 πάντων
1694 990 1749 1015 τῶν
1764 991 1837 1025 ἀρω-

1041 1036 1133 1071 μάτων
1145 1036 1294 1071 ὑπέρτερον
1309 1036 1439 1071 κρξνεται.
1452 1037 1541 1070 Ὅπερ
1555 1035 1604 1061 οὐκ
1618 1035 1650 1061 ἂν
1662 1034 1750 1065 οὕτως
1763 1035 1836 1068 ἔχειν

1040 1082 1147 1118 ἐκρίθη,
1162 1082 1200 1117 μὴ
1215 1082 1286 1109 κατὰ
1299 1082 1428 1116 ἀλήθειαν
1442 1082 1509 1116 πρὸς
1522 1083 1609 1107 ἐκεῖνο
1625 1081 1655 1106 τὸ
1668 1081 1734 1115 ὕψος
1748 1081 1836 1114 αὐτῆς

1039 1128 1083 1155 διὰ
1105 1129 1155 1163 τῆς
1182 1129 1211 1155 ἐν
1233 1129 1271 1163 τῷ
1294 1129 1426 1163 κρείττονι
1449 1128 1590 1163 προκοπῆς
1614 1127 1835 1162 ἀναδραμούσης.

1039 1173 1213 1208 Θαυμάζεται
1231 1174 1300 1208 μετὰ
1319 1174 1396 1199 τοῦτο
1410 1173 1443 1198 τὰ
1469 1173 1551 1207 κηρία
1566 1172 1613 1198 τοῦ
1632 1172 1712 1206 λόγου
1734 1173 1769 1198 τὰ
1786 1172 1834 1198 τοῦ

1041 1221 1173 1255 στόματος
1190 1220 1274 1254 αὐτῆς
1298 1219 1502 1251 ἁποστάζοντα,
1518 1220 1563 1245 καὶ
1581 1220 1597 1253 ἡ
1617 1219 1770 1252 σύγκρατος
1784 1219 1837 1253 τῆς

1042 1266 1137 1300 σοφίας
1152 1267 1315 1301 παρασκευὴ
1332 1266 1496 1300 ὑποκειμένη
1509 1266 1540 1299 τῇ
1557 1264 1667 1300 γλώσσῃ
1677 1283 1683 1294 ,
1697 1264 1837 1298 γάλακτος

1040 1313 1108 1348 πρὸς
1122 1313 1183 1347 μέλι
1205 1313 1438 1347 συγκεκραμένου.
1460 1312 1513 1337 Καὶ
1525 1312 1610 1337 ταῦτα
1620 1310 1734 1345 δύναμίς
1746 1311 1835 1342 ἐστιν,

1040 1359 1070 1385 οὐ
1098 1360 1216 1393 ῥήματα.
1241 1359 1311 1393 Πρὸς
1331 1358 1383 1392 γὰρ
1399 1359 1447 1392 τὴν
1470 1358 1524 1383 τῶν
1544 1357 1718 1392 ὑψηλοτέρων
1742 1356 1836 1383 ἄνοδον

1041 1404 1281 1439 χειραγωγουμένη
1302 1404 1353 1429 ὑπὸ
1370 1404 1416 1429 τοῦ
1440 1404 1542 1436 Λόγου,
1564 1403 1687 1429 τοσοῦτον
1708 1402 1834 1437 ηὐξήθη,

1041 1450 1111 1476 ὥστε
1127 1450 1233 1484 μέλιτος
1251 1450 1362 1483 ποιῆσαι
1385 1450 1475 1483 πηγὴν
1489 1449 1518 1474 τὸ
1535 1448 1634 1482 στόμα,
1652 1449 1698 1474 καὶ
1710 1450 1835 1483 ταμιεῖον

1040 1498 1089 1531 τῆς
1108 1496 1260 1531 συμμίκτου
1284 1496 1378 1529 σοφίας
1398 1496 1447 1530 τὴν
1468 1494 1602 1528 γλῶσσαν,
1627 1492 1836 1530 ᾗὲνοεωρεῖται

1041 1543 1058 1577 ή
1073 1542 1108 1577 γῆ
1124 1542 1174 1576 τῆς
1188 1542 1365 1576 ἐπαγγελίας,
1394 1543 1409 1575 ὴ
1428 1542 1526 1577 ῥέουσα
1541 1541 1601 1576 μέλι
1623 1542 1670 1566 καὶ
1682 1541 1764 1574 γάλα.
1784 1541 1830 1567 Το-

1044 1588 1138 1614 σοῦτον
1154 1588 1238 1622 αὐτὴν
1252 1587 1296 1613 διὰ
1316 1587 1370 1612 τῶν
1382 1586 1541 1612 ἀναϐάσεων
1564 1585 1675 1619 ὑψώσας
1697 1587 1711 1612 ὀ
1727 1586 1816 1619 Λόγος
1827 1607 1835 1617 ,

1043 1634 1081 1660 ἔτι
1096 1634 1163 1669 πρὸς
1179 1633 1209 1660 τὸ
1230 1634 1394 1668 ὑψηλότερον
1410 1634 1471 1667 ἄγει
1481 1653 1488 1664 .
1510 1633 1558 1666 τὴν
1573 1633 1675 1667 ἐσθῆτα
1688 1633 1775 1667 αὐτῆς
1790 1633 1835 1658 εὑ-

1042 1679 1134 1704 πνοεῖν
1149 1677 1236 1711 λέγων
1247 1677 1316 1703 κατὰ
1332 1678 1380 1712 τὴν
1400 1678 1446 1703 τοῦ
1465 1677 1571 1703 λιϐάνου
1591 1677 1687 1711 ὀσμὴν,
1710 1678 1743 1703 δι’
1758 1675 1790 1703 οἶν
1806 1677 1837 1703 τὸ

1042 1723 1197 1749 ὲνδεδῦσθαι
1218 1723 1302 1757 αὐτὴν
1326 1723 1371 1749 τδν
1396 1723 1513 1757 Χριστὸν
1539 1725 1672 1757 μαρτυρεί
1697 1724 1712 1748 ὁ
1735 1722 1833 1755 Λόγος.

1042 1768 1146 1799 Παντὸς
1161 1768 1214 1802 γὰρ
1229 1768 1357 1802 ἐναρέτου
1370 1768 1427 1802 βίου
1438 1768 1513 1798 τέλος
1529 1769 1544 1803 ή
1557 1767 1603 1794 τοῦ
1617 1767 1684 1793 Θεοῦ
1703 1768 1837 1802 μετουσία

1041 1814 1155 1847 γίνεται.
1175 1813 1224 1840 Διὰ
1246 1814 1301 1848 γὰρ
1323 1814 1369 1839 τοῦ
1391 1813 1498 1839 λιϐάνου
1519 1814 1548 1839 τὸ
1562 1813 1638 1840 Θεῑον
1654 1813 1834 1840 ἐνδείκνυται.

1041 1861 1096 1886 Καὶ
1116 1860 1176 1886 οὐδὲ
1195 1862 1223 1886 ἐν
1237 1861 1342 1891 τούτοις
1358 1860 1422 1894 ἔστη
1443 1861 1458 1895 ἡ
1475 1860 1543 1895 πρὸς
1559 1859 1589 1885 τὺ
1608 1859 1774 1894 ὑψηλότερον
1791 1860 1837 1885 ἀεὶ

1040 1906 1094 1932 ὑπὸ
1104 1906 1150 1932 τοῦ
1165 1906 1250 1941 Λόγου
1271 1906 1511 1940 χειραγωγουμὲνη
1529 1905 1601 1939 ψυχή
1612 1914 1619 1920 ·
1638 1905 1706 1931 ἀλλὰ
1719 1904 1789 1939 μετὰ
1804 1904 1838 1931 te

1039 1953 1205 1987 ὁμοιωθῆναι
1224 1953 1271 1979 τοῦ
1284 1953 1392 1978 λιϐάνου
1406 1952 1455 1985 τὴν
1474 1951 1610 1985 εὐοδμίαν,
1627 1951 1715 1985 κῆπος
1729 1951 1836 1984 γίνεται

1040 1997 1101 2024 καθ’
1119 1997 1266 2032 ὁμοιότητα
1283 1997 1330 2023 τοῦ
1353 1996 1527 2031 παραδείσου.
1546 1995 1642 2030 Κῆπος
1654 2014 1661 2025 ,
1676 1995 1725 2029 οὐχ
1744 1995 1783 2027 ὡς
1805 1995 1836 2021 ὲν

1039 2045 1095 2075 τοῖς
1110 2043 1228 2079 πρώτοις
1243 2043 1396 2078 ἀνθρώποις
1408 2040 1451 2076 ἦν,
1465 2042 1557 2073 ἄνετός
1568 2050 1597 2067 τε
1608 2042 1656 2067 καὶ
1666 2040 1833 2074 ἀφύλακτος,

1038 2090 1108 2117 ἀλλὰ
1130 2091 1162 2125 τῇ
1187 2090 1281 2125 μνήμῃ
1306 2090 1355 2123 τῆς
1381 2088 1492 2122 ἐντολῆς
1517 2087 1685 2122 πανταχόθεν
1709 2095 1827 2121 τετειχιι

1039 2136 1147 2171 σμένος.

1079 2182 1160 2217 Ὀρᾷς
1182 2181 1249 2216 ὅσην
1262 2179 1430 2216 προσέλαϐεν
1450 2179 1490 2211 εις
1502 2179 1533 2206 τὸ
1553 2179 1609 2206 ἄνω
1628 2178 1676 2213 τὴν
1697 2178 1832 2213 δύναμιν;

1038 2228 1124 2254 Πάλιν
1148 2227 1199 2262 ὅρα
1222 2235 1267 2262 μοι
1289 2226 1339 2262 τὴν
1361 2225 1433 2261 ὑπὲρ
1452 2224 1532 2252 τοῦτο
1553 2223 1695 2252 ἀνάϐασιν.
1715 2224 1753 2251 Οὐ
1776 2225 1834 2259 γὰρ

1041 2274 1121 2309 μόνον
1135 2273 1224 2307 κῆπος
1242 2271 1436 2306 κεκλεισμένος
1450 2271 1568 2305 ἐγένετο,
1589 2270 1638 2305 τὴν
1655 2270 1749 2305 ἡδεῖαν
1761 2278 1832 2305 καρ-

1037 2318 1193 2355 ποφοροῦσα
1210 2318 1330 2354 τροφὴν,
1352 2318 1420 2344 ἀλλὰ
1442 2317 1490 2344 καὶ
1511 2317 1626 2352 πότιμος
1645 2317 1752 2350 γίνεται
1774 2317 1833 2348 τοῖς

1036 2365 1160 2401 διψῶσιν,
1184 2365 1224 2396 εἰς
1239 2364 1331 2399 πηγῆς
1347 2363 1429 2398 φύσιν
1448 2363 1625 2398 μετατεθετσα
1635 2382 1642 2395 ,
1656 2363 1705 2389 καὶ
1727 2362 1832 2397 ταύτης

1036 2410 1269 2445 ἐσφραγισμένης.
1295 2409 1349 2435 Καὶ
1370 2409 1430 2435 οὐδὲ
1453 2409 1481 2435 ὲν
1498 2408 1603 2440 τούτοις
1617 2408 1697 2444 ἔστη·
1712 2409 1771 2436 ἀλλ’
1791 2410 1832 2441 εἰς

1036 2455 1162 2482 τοσοῦτον
1176 2455 1276 2490 ἔφθασε
1293 2455 1343 2489 τῆς
1358 2455 1405 2481 ἐπὶ
1423 2454 1454 2480 τὸ
1467 2453 1560 2489 μεῖζον
1575 2453 1728 2489 αὐξήσεως,
1744 2455 1785 2486 ὡς
1798 2455 1831 2482 ὲκ

1038 2501 1085 2528 τοῦ
1101 2501 1233 2537 στόματος
1253 2501 1337 2536 αὐτῆς
1357 2499 1517 2535 βλαστάνειν
1534 2500 1709 2535 παράδεισον.
1731 2500 1761 2526 '0
1775 2500 1830 2536 γὰρ

1039 2547 1233 2583 ἀκριϐέστερον
1257 2547 1399 2582 προσέχων
1413 2548 1447 2581 τῇ
1466 2546 1515 2581 τῆς
1535 2545 1679 2581 Ἐσραῖκῆς
1692 2546 1828 2581 ὲμφάσει,

1038 2593 1099 2621 ἀντὶ
1113 2593 1160 2620 τοῦ
1171 2594 1258 2620 εἰπεῖν
1269 2613 1277 2626 ,
1295 2594 1328 2620 Δί
1348 2591 1492 2621 ἁποστολαί
1511 2599 1558 2618 σου
1577 2592 1610 2618 ἐκ
1626 2591 1673 2619 τοῦ
1692 2592 1828 2627 στόματὸς

1041 2649 1087 2667 σου
1098 2662 1105 2673 ,
1124 2641 1201 2675 φησὶ,
1219 2639 1403 2673 Παράδεισος
1410 2636 1596 2673 ῥοῶν-Ὅπερ
1611 2638 1732 2665 τοιοῦτόν
1743 2639 1829 2671 ἐστιν,

1038 2686 1079 2712 ὅτι
1099 2686 1128 2713 '0
1142 2685 1219 2719 λόγος
1234 2686 1249 2712 ὁ
1261 2684 1314 2711 ἀπὺ
1328 2684 1375 2711 τοῦ
1392 2684 1526 2719 στόματός
1537 2692 1585 2710 σου
1596 2684 1831 2721 ἀποστελλόμενος

1039 2732 1201 2767 παράδεισός
1219 2732 1277 2758 ἐστι
1296 2730 1374 2767 ῥοῶν.
1395 2731 1429 2757 Αἱ
1442 2730 1472 2757 δὲ
1493 2730 1554 2765 ῥοαὶ
1573 2731 1754 2766 παγκαρπίαν
1767 2731 1829 2757 τινὰ

1039 2778 1092 2806 τῶν
1115 2777 1272 2813 ἀκροδρύων
1293 2776 1443 2812 ὲκφὺουσι“
1466 2776 1501 2804 τὰ
1518 2776 1548 2804 δὲ
1563 2775 1702 2811 ἀκρόδρυα
1724 2776 1829 2813 κύπρος
