3854 6216
138 324 256 383 9619

1184 316 1248 371 ΙΝ
1282 312 1581 372 CANTICA
1629 310 1899 367 CANTIC.
1943 311 2230 370 IIOMILIA
2271 313 2359 369 IX.

3295 312 3405 368 970‘

144 437 290 510 μετὰ
315 437 533 511 νάρδου,
562 438 659 492 καὶ
702 437 920 509 κρόκος,
954 435 1194 506 κάλαμος
1235 436 1329 487 καὶ
1353 432 1724 503 κιννάμωμον,

1837 428 2107 486 fructuum
2142 449 2157 487 :
2189 446 2370 502 poma,
2416 444 2642 501 cyprum
2674 443 2800 485 cum
2847 426 3039 487 nardo.
3070 434 3124 482 et
3153 440 3399 493 crocum,

140 532 243 586 καὶ
274 532 383 585 πᾶν
424 526 564 595 εἶδος
596 530 690 584 τοῦ
722 530 978 591 Λιδάνου,
1015 531 1107 583 καὶ
1137 526 1370 599 σμύρνα,
1414 526 1508 581 καὶ
1549 524 1681 592 ἀλόη
1705 563 1721 587 ,

141 625 243 678 καὶ
271 625 339 678 τά
364 624 557 696 πρῶτα
595 623 762 695 μύρα.
807 622 1023 695 Ἐπειδὴ
1055 623 1233 676 τοίνυν
1271 621 1411 675 κατά
1450 620 1541 673 τὸν
1570 621 1627 672 ἐν
1650 616 1728 686 τῷ

141 717 348 789 ψαλμῷ
389 716 831 787 διαμακαρισμὸν
864 716 965 785 τῆς
1010 714 1347 785 ἀντιλήψεως
1396 714 1534 782 αὑτῇ
1574 709 1728 779 παρὰ

142 807 240 859 τοῦ
266 806 402 859 Θεοῦ
437 805 729 876 γινομένης
750 846 765 869 ,
796 808 894 868 τὰς
927 805 1097 865 καλὰς
1128 805 1331 867 ταύτας
1356 802 1648 864 ἀναδάσεις
1669 802 1728 853 ἐν

140 900 212 970 τῇ
244 899 442 969 καρδίᾳ.
467 898 691 959 διέθετο,
726 900 953 950 πάντοτε
978 898 1042 949 ὲκ
1069 896 1347 966 δυνάμεως
1384 892 1725 965 πορευομένη

142 994 229 1055 εἰς
270 990 521 1060 δύναμιν,
569 989 750 1052 καλῶς
787 990 881 1041 ἐπὶ
916 990 1016 1059 τῆς
1062 987 1400 1057 τελειοτέρας
1450 988 1725 1039 καταστά-

147 1101 290 1148 σεως
325 1084 463 1154 ῥοῶν
493 1082 821 1153 παράδεισος
863 1083 918 1134 αἱ
959 1079 1054 1132 τοῦ
1092 1079 1357 1148 στόματος
1385 1078 1553 1147 αὑτῆς
1589 1077 1725 1128 ἀπο-

144 1175 336 1229 στολαὶ
381 1175 752 1245 ὀνομάζονται.
803 1172 1106 1244 Προσφυῶς
1155 1173 1212 1226 δὲ
1260 1172 1337 1243 τῷ
1381 1170 1729 1239 ὑποκειμένῳ

136 1270 381 1337 νοήματι
415 1269 447 1338 ή
481 1266 625 1331 λέξις
658 1267 760 1334 τῆς
790 1264 1096 1334 ἀποστολῆς
1136 1263 1477 1335 ὲφηρμόσθη.
1511 1263 1586 1314 Τὸ
1618 1263 1727 1333 γὰρ

140 1358 608 1426 ἁποστελλόμενον
638 1357 745 1410 ἀπὸ
772 1357 864 1410 τοῦ
904 1356 1211 1426 πέμποντος
1237 1357 1315 1418 είς
1352 1355 1440 1407 τὸν
1470 1353 1729 1423 ὑποδεχό-

147 1468 313 1519 μενον
355 1449 688 1520 μεταϐαίνει.
734 1451 839 1503 Καὶ
880 1449 1038 1501 τοῦτο
1077 1451 1141 1501 ἐκ
1188 1448 1288 1517 τῆς
1335 1446 1597 1517 συνήθους
1631 1442 1727 1498 τοῦ

141 1540 217 1609 pr;
229 1555 399 1608 ματος
431 1539 820 1609 καταχρήσεως
852 1536 968 1591 ἔστι
999 1537 1208 1608 μαθεῖν,
1240 1537 1316 1599 ῶς
1333 1536 1425 1589 καὶ
1457 1535 1518 1587 τὸ
1550 1536 1726 1604 Εὐαγ-

140 1628 329 1696 γέλιον
349 1626 521 1694 λέγει,
549 1628 629 1683 ὅτι
658 1626 784 1688 τοὺς
810 1626 1055 1696 μαθητάς
1074 1626 1199 1688 τοὺς
1222 1624 1356 1695 πρὸς
1382 1625 1443 1677 τὸ
1467 1624 1728 1694 κήρυγμα

139 1718 245 1788 τῆς
272 1717 530 1787 ἀληθείας
578 1715 1061 1786 ὲκπεμπομένους,
1106 1714 1462 1777 Ἀποστόλους
1493 1714 1522 1765 6
1553 1712 1726 1780 Λόγος

134 1810 419 1882 ὠνόμασε.
459 1811 523 1862 Τί
562 1805 656 1862 οὖν
691 1810 835 1861 ἐστιν
865 1808 894 1860 ὃ
940 1808 1259 1861 ἀποστέλλει
1302 1807 1362 1859 τὸ
1408 1804 1583 1875 στόμα
1626 1804 1727 1873 τῆς
1756 1793 1800 1849 Β

138 1900 369 1971 νύμφης
392 1916 407 1965 ;
446 1899 615 1969 Δῆλον
641 1900 723 1951 ὅτι
744 1898 835 1951 τὸν
866 1896 1025 1965 λόγον
1050 1897 1146 1967 τῆς
1174 1895 1427 1957 πίστεως,
1454 1894 1515 1958 ὃς
1537 1895 1595 1947 ιν
1616 1896 1728 1957 τοῖς

138 1992 567 2063 ὑποδεχομένοις
599 1990 929 2060 γενόμενος,
975 1988 1301 2059 παράδεισος
1348 1986 1597 2055 γίνεται,
1641 1984 1731 2039 διὰ

140 2086 247 2156 τῆς
277 2084 446 2153 ἀκοῆς
474 2085 594 2146 ταῖς
627 2081 875 2153 καρδίαις
896 2080 1351 2150 ὲμφυτευόμενος.
1378 2077 1452 2133 Τὸ
1479 2078 1533 2131 δὲ
1562 2078 1732 2132 κατά-

144 2193 314 2245 φυτον
349 2176 443 2227 καὶ
467 2176 769 2245 συνηρεφὲς
787 2174 899 2235 τοῖς
923 2171 1160 2240 δένδροις
1186 2169 1369 2232 ἄλσος,
1401 2168 1730 2240 παράδεισον

141 2266 310 2320 εἴωθε
348 2266 535 2319 καλεῖν
569 2265 602 2334 ή
648 2262 923 2334 συνήθεια.
969 2263 1059 2325 Ὠς
1101 2262 1167 2315 διν
1214 2257 1306 2314 οὖν
1344 2261 1438 2313 καὶ
1483 2261 1543 2313 τὸ
1576 2261 1731 2328 γένος

148 2359 418 2427 μάθοιμεν
449 2355 556 2409 τῶν
598 2354 802 2423 φυτῶν,
838 2355 973 2424 ὅπερ
1016 2352 1105 2405 διά
1137 2352 1232 2405 τοῦ
1263 2352 1437 2419 Λόγου
1472 2354 1593 2413 ταῖς
1630 2351 1732 2420 ψυ-

142 2452 273 2520 χαῖς
310 2449 417 2501 τῶν
457 2446 895 2500 πεπιστευκότων
934 2445 1238 2516 κηπεύεται
1264 2484 1278 2506 ,
1310 2445 1439 2514 ρὁς
1475 2443 1731 2514 ὀνομάζει

143 2545 216 2597 τὰ
248 2543 439 2614 δένδρα
482 2542 547 2605 ἃς
578 2544 881 2612 φυτηκομεῑ
920 2541 949 2592 6
995 2540 1191 2607 Λόγος,
1226 2541 1254 2593 6
1294 2540 1444 2609 παρὰ
1481 2538 1575 2591 τοῦ
1614 2539 1733 2592 στό-

150 2653 321 2707 ματος
358 2636 456 2704 τῆς
487 2633 703 2704 νύμφης
742 2631 1221 2702 ἀποστελλόμενος.
1273 2632 1337 2683 Ἤ
1372 2630 1428 2684 δέ
1469 2631 1568 2701 ῥόα
1604 2631 1730 2683 δυσ·

146 2728 497 2797 επιχείρητός
536 2724 763 2795 ἐστιτῷ
806 2724 1012 2795 κλέπτῃ
1064 2721 1393 2785 ἀκανθώδεις
1436 2721 1732 2793 προϐαλλο-

151 2820 294 2891 μένη
339 2821 466 2881 τοὺς
493 2819 742 2889 ὄρπηκας
770 2855 785 2879 ,
821 2816 1036 2869 καὶτὸν
1079 2814 1289 2887 καρπὸν
1331 2812 1590 2884 αὐστηρῷ
1627 2831 1730 2867 τινι

146 2912 246 2965 καὶ
265 2909 601 2981 πικραίνοντι
632 2908 773 2961 κατά
794 2907 892 2977 τὴν
923 2907 1112 2976 γεῦσιν
1132 2905 1211 2976 τῷ
1232 2905 1553 2976 καλύμματι
1576 2922 1732 2974 περι-

145 3003 354 3075 έχουσά
383 3018 443 3054 τε
497 3000 592 3054 καὶ
620 2999 1018 3070 ὑποτρέφουσα·
1060 2998 1119 3061 ὃς
1159 2996 1301 3050 κατά
1334 2997 1424 3049 τὸν
1454 2996 1582 3049 ἴδιον
1612 3013 1733 3049 και-

1828 522 2099 575 calamum
2122 528 2177 576 et
2200 521 2629 584 cinnamomum,
2658 528 2713 574 et
2733 532 2947 573 omnem
2970 516 3133 571 aliam
3163 516 3399 587 speciem

1828 610 2038 679 Libani,
2067 620 2122 667 et
2154 612 2454 683 myrrham,
2500 618 2555 665 et
2589 612 2765 674 aloen,
2811 618 2865 664 et
2894 610 3070 680 prima
3101 616 3397 678 unguenta.

1826 704 2122 777 Postquam
2155 720 2287 777 ergo
2319 707 2705 761 convenienter
2734 706 2785 759 ei
2829 718 2951 774 quae
2978 709 3061 757 est
3091 701 3147 756 in
3182 701 3404 756 Psalmo

1828 801 2169 865 beatitudini,
2194 805 2311 872 ipsa
2324 799 2417 855 Dei
2444 800 2579 855 freta
2604 799 2831 866 auxilio,
2860 798 3131 867 disposuit
3155 797 3210 851 in
3235 796 3404 851 corde

1829 895 1927 949 has
1966 894 2224 964 pulchras
2268 895 2641 955 ascensiones,
2674 908 2887 961 semper
2917 907 2945 945 a
2976 892 3177 944 virtute
3213 888 3403 942 ambu-

1828 988 1948 1043 lans
1984 989 2039 1041 in
2071 988 2347 1049 virtutem,
2377 986 2607 1056 pulchre
2633 986 2686 1039 in
2718 992 2861 1039 statu
2892 982 3204 1053 perfectiori
3234 980 3404 1034 malo-

1830 1094 1949 1131 rum
2002 1078 2327 1148 punicorum
2374 1077 2665 1145 paradisus
2707 1076 3061 1129 nominantur
3112 1075 3226 1127 oris
3284 1072 3405 1139 ejus

1828 1172 2169 1226 emissiones.
2231 1169 2493 1239 Apposite
2555 1178 2739 1222 autem
2801 1167 3061 1234 subjecta:
3120 1162 3406 1217 sententiae

1829 1264 2082 1331 adaptata
2133 1260 2233 1315 fuit
2293 1260 2457 1314 dictio
2496 1256 2827 1312 emissionis.
2872 1254 3007 1308 Nam
3055 1252 3200 1323 quod
3245 1250 3404 1304 emito

1830 1354 2071 1417 titur,ab
2123 1366 2190 1406 eo
2247 1351 2341 1421 qui
2383 1350 2569 1413 mittit,
2611 1349 2806 1402 transit
2845 1349 2911 1401 ad
2966 1362 3090 1400 eum
3130 1345 3224 1413 qui
3275 1358 3402 1398 sus—

1829 1445 1980 1513 cipit.
2037 1442 2203 1514 ldque
2265 1444 2391 1497 licet
2446 1442 2658 1496 discere
2698 1456 2764 1494 ex
2819 1446 3089 1494 consueto
3146 1452 3249 1492 usu
3288 1450 3409 1489 ver-

1829 1536 1920 1602 bi,
1950 1535 2125 1606 quod,
2169 1544 2228 1589 ut
2253 1534 2387 1589 dicit
2430 1534 2818 1603 Evangelium,
2850 1546 2945 1586 eos
2986 1530 3079 1600 qui
3112 1529 3407 1583 mittuntur

1829 1629 1894 1683 ad
1920 1628 2323 1698 praedicandam
2345 1628 2664 1690 veritatem,
2686 1623 2926 1680 Verbum
2950 1621 3252 1678 nominavit
3277 1634 3409 1689 apo-

1831 1719 2003 1775 stolos
2024 1759 2039 1779 ,
2068 1717 2123 1772 id
2161 1725 2246 1773 est
2292 1717 2512 1771 missos.
2545 1715 2685 1781 Quid
2714 1723 2800 1769 est
2831 1713 3001 1784 igitur
3028 1711 3177 1782 quod
3205 1709 3409 1767 emittit

1830 1826 1893 1867 os
1922 1809 2183 1880 sponsae?
2210 1810 2437 1865 verbum
2471 1809 2685 1865 scilicet
2716 1806 2837 1861 ﬁdei
2866 1823 2881 1872 ;
2911 1804 3059 1875 quod
3084 1819 3211 1858 cum
3237 1810 3319 1858 est
3348 1802 3407 1856 in

1830 1904 1900 1960 iis
1930 1903 2024 1972 qui
2057 1902 2401 1972 suscipiunt,
2434 1903 2492 1955 llt
2519 1901 2813 1972 paradisus
2852 1897 2946 1969 qui
2985 1898 3266 1969 plantatur
3311 1909 3409 1965 per

1831 1994 2165 2049 auditionem
2190 1994 2243 2048 in
2272 1992 2556 2049 cordibus.
2588 1992 2793 2047 Nemus
2818 2000 2998 2045 autem
3026 1990 3327 2061 plantatum
3354 1993 3410 2041 et

1832 2086 2092 2155 frequens
2143 2084 2469 2148 arboribus,
2514 2081 2830 2153 paradisum
2876 2081 3016 2135 solet
3042 2093 3244 2133 vocare
3269 2091 3408 2132 con-

1832 2176 2088 2233 suetudo.
2126 2174 2197 2229 Ut
2231 2190 2362 2244 ergo
2392 2175 2674 2230 discamus
2704 2174 2870 2229 etiam
2910 2186 3083 2243 genus
3113 2170 3407 2233 arborum,

1832 2281 1955 2337 quae
1985 2280 2081 2335 per
2109 2263 2348 2319 Verbum
2379 2264 2639 2318 coluntur
2666 2263 2723 2317 in
2754 2263 2931 2316 hortis
2970 2260 3278 2315 animarum
3318 2274 3412 2314 eo-

1833 2374 1954 2415 rum
1985 2358 2078 2428 qui
2114 2357 2506 2419 crediderunt,
2544 2356 2719 2410 malos
2762 2355 2989 2425 punicas
3033 2352 3284 2407 nominat
3316 2364 3411 2403 ar-

1833 2450 2028 2513 bores,
2061 2462 2200 2518 quas
2230 2446 2467 2502 Verbum
2500 2448 2710 2518 plantat
2740 2456 2795 2501 et
2824 2444 2991 2510 colit,
3024 2443 3170 2514 quod
3204 2442 3411 2497 emitti-

1833 2550 1924 2598 tur
1949 2558 2017 2597 ex
2046 2557 2142 2595 ore
2172 2555 2407 2610 sponse.
2442 2539 2643 2593 Malum
2674 2545 2857 2592 autem
2895 2537 3149 2607 punicam
3177 2534 3415 2590 dilIicili-

1834 2644 1917 2689 ter
1944 2633 2032 2687 fur
2056 2631 2390 2703 aggreditur,
2421 2640 2480 2685 ut
2503 2646 2625 2701 quae
2650 2630 2906 2700 spinosos
2932 2627 3177 2698 proferat
3201 2642 3410 2691 ramos,

1832 2735 1889 2783 et
1920 2727 2157 2797 quodam
2192 2727 2246 2780 in
2279 2734 2443 2796 gustu
2475 2731 2699 2778 austero
2728 2732 2782 2777 et
2812 2722 3174 2778 amarescenti
3209 2736 3416 2792 propu-

1833 2819 2066 2889 gnaculo
2097 2818 2336 2873 fructum
2367 2817 2650 2871 contineat
2673 2822 2721 2870 et
2754 2814 3000 2869 nutriat:
3028 2815 3119 2884 qui
3149 2827 3250 2869 suo
3278 2822 3418 2869 tem-

1832 2925 1987 2981 pore,
2039 2919 2327 2980 postquam
2384 2905 2733 2972 maturuerit,
2781 2906 2956 2959 fracto
3006 2906 3211 2961 cortice
3267 2904 3418 2960 intus

1834 3009 2081 3072 apparet,
2123 3001 2246 3055 visu
2297 2999 2519 3070 quidem
2560 2997 2842 3067 jucundus
2881 3005 2937 3052 et
2978 2996 3119 3052 bene
3166 2995 3415 3065 affectus,

148 3096 248 3164 ρον
289 3093 426 3165 μετά
458 3092 518 3145 τὸ
544 3090 903 3160 πεπανθῆναι,
938 3088 1032 3142 τοῦ
1056 3088 1280 3159 ὲλύτρου
1306 3087 1732 3159 περιρραγέντος

1837 3094 2018 3167 gustui
2054 3104 2232 3148 autem
2280 3093 2520 3148 mellitus
2569 3098 2623 3146 et
2666 3090 2803 3144 nihil
2843 3089 3077 3145 aﬂ‘erens
3128 3088 3414 3154 molestiae,

147 3184 364 3241 ἔνδοθεν
394 3182 757 3247 διαφαίνεται,
788 3180 919 3250 ἡδὺς
956 3180 1054 3250 μὲν
1100 3179 1197 3248 τὴν
1230 3177 1350 3246 ὄψιν
1375 3178 1468 3230 καὶ
1494 3175 1732 3230 εὑδιάθε-

149 3295 265 3342 τος,
302 3275 573 3348 μελιειδὴς
605 3274 786 3344 δὲτὴν
813 3276 1001 3341 γεῦσιν
1046 3271 1138 3324 καὶ
1180 3270 1404 3336 ἀλυπος,
1442 3270 1533 3322 καὶ
1572 3286 1736 3321 κατα-

152 3369 467 3438 γλυκαίνων
499 3367 578 3437 τῷ
610 3365 854 3419 οἰνοειδεί
883 3361 1041 3433 χυμῷ
1084 3363 1153 3414 τά
1180 3360 1446 3429 γευστικά
1472 3359 1736 3429 αίσθητή-

156 3480 271 3534 ρια.
313 3461 413 3515 Διά
457 3459 616 3513 τοῦτό
660 3476 747 3528 μοι
781 3457 929 3509 δοκεῖ
976 3454 1114 3525 ῥοῶν
1161 3452 1485 3523 παράδεισος
1532 3452 1591 3502 ὲν
1617 3451 1739 3513 ταῖς

152 3555 266 3608 τῶν
291 3553 601 3607 ἀκουόντων
634 3550 832 3619 ψυχαῖς
859 3550 887 3601 6
915 3545 1376 3613 ἀποστελλόμενος
1401 3544 1466 3595 ἐκ
1490 3540 1583 3594 τοῦ
1618 3540 1739 3592 στό-

157 3662 327 3716 ματος
346 3644 449 3712 τῆς
475 3642 693 3711 νύμφης
722 3639 879 3708 λόγος
915 3635 1266 3709 ἐργάζεσθαι.
1292 3636 1376 3688 ἵνα
1404 3632 1738 3703 διδαχθῶμεν

152 3738 245 3791 διὰ
259 3736 367 3788 τῶν
387 3733 718 3802 λεγομένων,
756 3732 830 3802 μὴ
856 3730 944 3784 διά
960 3747 1105 3793 τινος
1132 3728 1403 3790 ἐκλύσεως
1420 3729 1513 3781 καὶ
1527 3726 1739 3797 τρυφῆς

154 3828 304 3881 κατά
346 3825 448 3895 τὴν
480 3821 761 3892 παροῦσαν
805 3820 950 3890 ζωὴν
997 3818 1429 3891 μαλακίζεσθαι,
1467 3816 1602 3869 ἀλλά
1646 3816 1738 3868 τὸν

156 3913 571 3983 κατεσκληκότα
624 3911 712 3964 διὰ
759 3910 857 3979 τῆς
902 3908 1230 3979 ἐγκρατείας
1280 3906 1551 3979 αἱρεῖσθαι
1602 3904 1734 3976 βίον.

156 4006 319 4060 Οὑτω
346 4005 456 4075 γὰρ
476 4002 768 4074 ἀπρόσιτος
789 4000 998 4069 γένοιτο
1016 4002 1129 4062 τοῖς
1159 3998 1415 4059 κλέπταις
1436 3999 1463 4049 6
1488 3997 1584 4067 τῆς
1612 3996 1742 4067 ἀρε-

156 4098 258 4166 τῆς
286 4095 519 4164 καρπὸς,
553 4096 619 4163 τῇ
651 4093 827 4161 στυφῇ
861 4090 954 4143 καὶ
1000 4094 1065 4161 τῇ
1107 4091 1206 4161 τῆς
1235 4088 1560 4158 ἐγκρατείας
1585 4104 1743 4157 περι-

156 4191 290 4259 ϐολῇ
318 4187 725 4258 πεφραγμένος,
753 4186 849 4237 καὶ
878 4183 967 4236 διά
994 4183 1093 4250 τῆς
1122 4182 1326 4252 σεμνῆς
1358 4198 1417 4233 τε
1452 4181 1545 4233 καὶ
1576 4180 1740 4249 ἀμει-

156 4279 284 4341 δούς
313 4278 717 4337 καταστάσεως,
744 4270 854 4327 οἷόν
874 4289 1014 4325 τισιν
1038 4270 1288 4323 ἀκανθῶν
1316 4270 1543 4339 ἀκμαῖς.
1568 4266 1744 4337 ἀμύσ-

160 4387 274 4424 σων
325 4370 453 4432 τοὺς
494 4369 585 4419 ἐπὶ
632 4365 786 4436 κακῷ
834 4362 1310 4433 προσεγγίζοντας.
1362 4360 1503 4413 Ἀλλ’
1544 4361 1671 4413 ὅταν
1713 4362 1743 4413 6

1842 3189 1933 3258 qui
1973 3202 2169 3257 sapore
2200 3186 2435 3257 quodam
2469 3185 2581 3238 vini
2617 3182 2785 3238 simili
2819 3192 3013 3253 gustus
3054 3182 3417 3237 instrumenta

1839 3279 2001 3335 allicit
2034 3277 2340 3333 dulcedine.
2374 3275 2669 3344 Propterea
2717 3272 2851 3327 mihi
2880 3272 3098 3326 videtur
3130 3271 3418 3342 paradisus

1841 3371 2109 3423 malorum
2138 3367 2461 3437 punicarum
2482 3406 2497 3429 ,
2523 3378 2719 3433 nempe
2745 3376 2926 3417 sermo
2950 3362 3043 3432 qui
3069 3361 3336 3417 emittitur
3360 3363 3419 3415 in

1840 3460 2056 3514 animas
2101 3457 2412 3511 auditorum
2444 3471 2510 3510 ex
2539 3469 2635 3510 ore
2664 3468 2907 3523 sponsae,
2938 3451 3184 3517 ellicere,
3215 3460 3275 3504 ut
3313 3451 3418 3505 do-

1839 3566 2063 3606 ceamur
2084 3564 2182 3619 per
2203 3564 2266 3603 ea
2291 3562 2412 3617 qum
2433 3546 2713 3606 dicuntur,
2744 3558 2854 3597 non
2883 3558 2978 3613 per
3003 3542 3419 3598 dissolutionem

1840 3644 2081 3713 aliquam
2129 3647 2184 3695 et
2213 3640 2444 3694 delicias
2501 3638 2558 3691 in
2607 3636 2719 3689 vita
2765 3634 3023 3705 praesenti
3068 3632 3307 3687 emolliri
3353 3647 3422 3685 ac

1839 3730 2091 3787 enervari
2113 3769 2129 3791 ,
2156 3728 2252 3785 sed
2283 3744 2378 3796 per
2402 3726 2795 3781 continentiam
2820 3761 2836 3787 ,
2867 3724 3060 3778 duram
3088 3730 3142 3777 et
3172 3737 3421 3792 asperam

1837 3824 2003 3879 vitam
2032 3822 2253 3890 eligere.
2284 3818 2361 3873 Ita
2389 3820 2534 3873 enim
2570 3816 2640 3871 ad
2670 3816 2910 3870 fructum
2944 3814 3167 3870 virtutis
3202 3814 3421 3869 furibus

1839 3932 1950 3971 non
1981 3915 2187 3986 patebit
2212 3913 2393 3967 aditus
2414 3951 2429 3975 ,
2450 3920 2509 3965 ut
2534 3910 2631 3981 qui
2660 3909 2731 3964 sit
2758 3910 3020 3979 obseptus
3046 3916 3268 3964 austero
3289 3922 3423 3962 con-

1840 4009 2087 4065 tinentiae
2129 4006 2336 4061 ambitu
2361 4045 2374 4070 ,
2419 4012 2475 4058 et
2518 4018 2612 4073 per
2651 4016 2897 4056 severam
2944 4015 3008 4055 ac
3035 4000 3267 4070 rigidam
3298 3998 3423 4054 vitae

1842 4100 2328 4160 constitutionem,
2389 4096 2553 4149 veluti
2599 4108 2698 4164 per
2741 4092 3007 4163 quasdam
3052 4092 3275 4161 spinas,
3325 4106 3424 4148 eos

1840 4208 2125 4266 pungens,
2155 4191 2249 4260 qui
2281 4202 2341 4243 ut
2373 4188 2518 4242 malo
2546 4186 2816 4252 alliciant,
2861 4185 3129 4241 accedunt
3168 4185 3418 4257 propius.

1844 4287 1953 4343 Sed
1982 4284 2203 4357 quando
2229 4296 2445 4352 tempus
2475 4281 2771 4350 praebuerit
2801 4278 3269 4349 opportunitatem
3298 4277 3421 4332 fru-

1845 4379 1971 4434 endi
2004 4377 2275 4431 fructibus
2295 4413 2309 4437 ,
2343 4374 2520 4427 malus
2550 4372 2751 4443 punica
2781 4370 2843 4425 ﬁt
2866 4370 3112 4424 omnium
3141 4368 3422 4425 fructuum

159 4462 356 4533 καιρὸς
396 4460 654 4531 παράσχῃ
693 4458 792 4524 τῆς
838 4454 1193 4517 ἀπολαύσεως
1241 4451 1351 4506 τῶν
1404 4451 1634 4521 καρπῶν
1683 4450 1736 4503 τὸ

1848 4469 2059 4525 deliciae
2083 4483 2149 4523 ex
2184 4467 2383 4536 quovis
2411 4479 2613 4533 genere
2639 4462 2909 4516 malorum
2930 4501 2945 4524 ,
2977 4474 3086 4513 non
3117 4459 3264 4529 quod
3292 4475 3425 4530 pru-

160 4555 465 4623 ὲνδόσιμον,
501 4550 829 4620 παγκαρπία
854 4550 951 4618 τῆς
980 4548 1192 4619 τρυφῆς
1230 4548 1296 4599 ὲκ
1323 4545 1524 4609 παντὸς
1553 4544 1744 4612 γένους

159 4645 275 4697 τῶν
306 4641 625 4714 ἀκροδρύων
657 4642 754 4711 ῥόα
785 4641 1017 4709 γίνεται,
1045 4642 1147 4692 οὑκ
1187 4639 1245 4691 ἐν
1277 4636 1565 4710 βραὸύλοις
1596 4639 1628 4707 ἢ
1658 4638 1747 4707 βα-

163 4738 378 4799 λάνοις,
413 4736 448 4805 ῆ
492 4752 603 4786 τισι
639 4736 751 4797 τοῖς
777 4732 1038 4794 τοιούτοις
1073 4732 1174 4802 τῆς
1208 4731 1317 4784 τῶν
1351 4730 1578 4801 καρπῶν
1607 4732 1744 4783 ἀπο-

161 4829 412 4892 λαύσεως
441 4826 751 4897 γινομένης·
786 4824 923 4878 ἀλλὰ
961 4824 1178 4893 ποικίλη
1200 4839 1282 4885 τις
1325 4823 1419 4875 καὶ
1464 4821 1749 4891 πολυειδὴς

164 4922 477 4993 ἀρωμάτων
501 4918 660 4989 φύσις
688 4920 752 4970 ἐκ
775 4916 885 4970 τῶν
913 4914 1226 4987 ἀκροδρύων
1265 4914 1602 4985 εὑρίσκεται.
1635 4911 1747 4965 Κύ-

165 5030 308 5086 προς
340 5012 451 5083 γάρ
480 5014 596 5065 ἐστι
633 5009 770 5080 μετά
808 5008 1019 5079 νάρδων
1051 5009 1084 5077 ἡ
1112 5006 1253 5077 καλὴ
1279 5005 1531 5073 συζυγία,
1556 5003 1616 5055 τὸ
1648 5003 1748 5073 μὲν

165 5105 394 5177 θερμὸν,
434 5102 495 5157 τὸ
526 5103 582 5155 δὲ
613 5102 828 5163 εὑῶδες.
869 5100 944 5153 Ού
983 5101 1092 5169 γὰρ
1130 5100 1407 5152 ἐπαινετὸν
1438 5101 1521 5167 ἐφ’
1552 5100 1746 5154 ἑαυτοῦ

167 5199 229 5251 τὸ
256 5196 478 5267 θερμὸν,
504 5196 633 5248 ὅταν
653 5190 894 5261 δυσώδης
917 5191 1163 5261 πύρωσις
1186 5190 1507 5263 ήθερμότης
1612 5192 1750 5249 ἀλλά

58 5332 65 5337 ,
170 5284 684 5357 συμμαρτυρεῖσθαι
725 5283 831 5354 χρὴ
868 5280 946 5352 τῷ
1003 5280 1190 5351 θερμῷ
1223 5282 1309 5335 διὰ
1356 5283 1453 5353 τῆς
1493 5285 1751 5349 εὐπνοίας

166 5381 271 5450 τὴν
321 5376 699 5446 καθαρότητα,
746 5373 835 5426 ἵνα
863 5373 1087 5442 γένηται
1126 5371 1204 5442 τῷ
1228 5371 1505 5443 Πνεύματι
1533 5373 1690 5440 ζέων,
1720 5377 1749 5429 6

168 5471 271 5539 τῆς
306 5467 505 5540 ἀηδοῦς
533 5467 878 5537 »θερμότητος
917 5462 1348 5534 κεκαθαρμένος.
1413 5466 1500 5519 Ἐν
1544 5468 1753 5531 τούτοις

170 5558 319 5613 ἔστιν
346 5559 528 5629 εὑρεῖν
553 5559 664 5618 τοῖς
694 5553 1034 5625 ἀκροδρύοις,
1063 5555 1156 5605 καὶ
1191 5554 1258 5605 τὰ
1301 5554 1436 5609 ἀλλά
1464 5556 1750 5628 ἀρώματα,

169 5654 385 5725 νάρδον,
433 5654 600 5723 φησὶ,
650 5652 744 5704 καὶ
792 5650 1008 5717 κρόκον.
1079 5648 1236 5702 Ἀλλά
1280 5650 1379 5719 τῆς
1428 5651 1525 5719 μὲν
1560 5651 1751 5722 νάρδου

170 5749 271 5816 τήν
301 5744 557 5798 εὖπνοιαν
588 5744 645 5794 ὲν
671 5744 780 5803 τοῖς
813 5741 924 5797 ἀνω
962 5740 1362 5811 μεμαθήκαμεν
1395 5739 1596 5811 λόγοις
1638 5740 1749 5796 λοι-

498 5839 770 5897 Pauor.
805 5834 922 5894 (ἰιι.
957 5832 1179 5895 XLIV.

1849 4564 1935 4619 nis
1964 4560 2319 4615 Damascenis
2341 4597 2355 4620 ,
2385 4565 2480 4611 aut
2508 4554 2801 4626 glandibus
2820 4591 2837 4616 ,
2872 4559 2969 4606 aut
2997 4552 3271 4621 aliquibus
3301 4551 3423 4608 aliis

1846 4652 2119 4723 ejusmodi
2162 4652 2234 4705 sit
2260 4648 2551 4705 fruendum
2572 4686 2587 4710 ,
2616 4644 2713 4701 sed
2738 4644 2890 4699 varia
2920 4652 2975 4696 et
3002 4642 3287 4712 multiplex
3318 4657 3422 4696 na-

1847 4754 1972 4799 tura
2019 4750 2328 4799 aromatum
2375 4740 2653 4795 invenitur
2704 4738 2760 4792 in
2804 4736 2966 4790 malis
2994 4753 3007 4789 :
3039 4743 3125 4790 est
3149 4734 3294 4789 enim
3327 4748 3424 4806 cy-

1847 4852 1980 4908 prus
2007 4851 2132 4891 cum
2164 4834 2350 4888 nardis
2378 4832 2669 4904 pulchrum
2697 4828 3012 4898 coniugium
3033 4867 3048 4889 ,
3080 4826 3173 4880 illa
3198 4825 3422 4895 quidem

1847 4926 2027 4981 calida
2047 4965 2061 4988 ,
2092 4926 2210 4979 haec
2237 4938 2366 4978 vero
2389 4921 2685 4977 odorifera.
2728 4918 2849 4973 Non
2871 4926 2955 4973 est
2982 4919 3126 4973 enim
3153 4917 3304 4971 calor
3326 4932 3428 4985 per

1849 5034 1909 5072 se
1938 5016 2230 5071 laudabilis
2249 5054 2264 5080 ,
2301 5014 2524 5086 quando
2550 5014 2706 5068 calor
2730 5022 2815 5067 est
2845 5010 3011 5066 fetida
3041 5006 3422 5071 inﬂammatio,

1851 5107 1945 5164 sed
1978 5115 2195 5177 oportet
2219 5108 2518 5177 puritatem
2550 5119 2650 5174 per
2674 5104 2878 5158 bonum
2910 5100 3137 5155 odorem
3175 5098 3319 5152 ferre
3345 5106 3427 5151 te-

1850 5199 2169 5257 stimonium
2198 5198 2267 5253 de
2294 5198 2508 5262 calore,
2533 5206 2597 5251 ut
2620 5196 2693 5250 sit
2720 5201 2913 5250 sancto
2944 5192 3149 5259 Spiritu
3181 5188 3423 5253 fervens,

1850 5291 1943 5361 qui
1972 5300 2055 5344 est
2084 5305 2113 5342 a
2147 5296 2289 5343 tetro
2317 5288 2501 5343 calore
2531 5293 2887 5356 expurgatus.
2923 5282 2986 5337 1n
3019 5282 3108 5337 his
3141 5280 3304 5335 malis
3334 5282 3425 5333 in-

1851 5382 2039 5437 venire
2068 5381 2196 5435 licet
2240 5380 2406 5435 etiam
2444 5378 2549 5432 alia
2585 5385 2865 5440 aromata,
2909 5373 3173 5437 nardum,
3204 5372 3384 5441 inquit
3410 5412 3425 5434 ,

1852 5482 1907 5528 et
1935 5488 2182 5528 crocum.
2212 5471 2319 5528 Sed
2351 5470 2507 5526 nardi
2538 5470 2771 5541 quidem
2806 5482 3028 5523 suavem
3072 5466 3299 5520 odorem
3346 5464 3433 5518 di-

1854 5564 2089 5619 dicimus
2114 5565 2171 5619 in
2202 5564 2271 5619 iis
2297 5577 2422 5633 quae
2450 5576 2619 5632 supra
2655 5561 2803 5616 dicta
2842 5566 2971 5615 sunt
2999 5575 3013 5623 ;
3045 5566 3216 5613 restat
3247 5566 3429 5610 autem

1855 5667 1914 5710 ut
1962 5657 2110 5711 croci
2161 5655 2518 5711 ostendamus
2561 5655 2869 5725 a'nigmata.
2920 5651 3121 5707 Dicunt
3169 5663 3298 5720 ergo
3336 5646 3430 5718 qui

1856 5747 2022 5819 hujus
2060 5747 2209 5804 ﬂoris
2249 5747 2506 5805 virtutem
2549 5746 3005 5808 considerarunt,
3055 5758 3180 5797 eum
3228 5741 3432 5798 habere

3036 5836 3103 5895 3i
