3854 6216
195 280 306 342 9ἳῦ

1229 287 1299 347 ΙΝ
1323 293 1620 352 CANTICA
1658 295 1932 356 CANTIC.
1976 297 2262 356 HOMILIA
2302 293 2394 358 IX.

3359 291 3466 354 οτι

195 399 652 473 ζωογονουμένων
691 403 790 476 τὴν
833 406 994 476 φύσιν
1043 406 1216 478 ἔχειν,
1253 411 1346 463 καὶ
1375 410 1513 465 ἄλλα
1561 413 1755 468 τοιαῦτι

1891 429 1957 468 ex
1992 416 2369 486 corruptione,
2399 422 2454 471 et
2483 413 2588 470 alia
2624 409 2935 484 huiusmodi
2991 413 3057 470 de
3089 428 3154 469 eo
3205 421 3459 475 narrant,

201 494 337 562 περὶ
379 495 544 548 αὑτοῦ
597 495 994 570 διεξέρχονται,
1043 500 1080 553 ἃ
1118 501 1259 574 ὑπὲρ
1308 503 1409 575 τὴν
1453 505 1635 559 πίστιν
1673 506 1781 560 τῶν

192 584 502 638 ἀκουόντων
541 581 872 642 εἶναιδοκεῖ.
903 589 1136 658 Λέγουσι
1162 592 1304 664 γὰρ,
1341 594 1390 646 εί
1430 594 1670 666 ὲντεθείη
1703 597 1780 667 τῷ

193 676 428 748 στόματι
463 677 557 732 τοῦ
591 678 972 745 καθεύδοντος,
1007 683 1172 753 μηδὲν
1214 685 1599 755 ἐμποδίζεσθαι
1644 689 1780 759 πρὸς

189 766 294 838 τὴν
340 767 448 820 τῶν
491 768 913 838 πυνθανομένων
957 771 1248 842 ἀπόκρισιν
1282 773 1374 827 τὸν
1413 775 1774 831 καθεύδοντα·

187 855 335 910 ἀλλά
360 859 455 912 καιὶ¹
487 861 544 914 ἐν
571 857 650 929 τῷ
687 859 840 932 ὕπνῳ
889 861 1070 932 μένειν
1113 863 1303 930 αὑτὸν,
1349 866 1441 918 καὶ
1476 867 1777 938 νηφαλέους

187 950 286 1002 καὶ
332 949 746 1034 διηρθρωμένας
773 953 1043 1008 ποιεῖσθαι
1073 956 1210 1027 πρὸς
1254 957 1384 1022 ἔπος
1414 958 1514 1024 τὰς
1547 961 1776 1034 ἀποκρί-

187 1051 326 1102 σεις.
358 1039 492 1109 Περὶ
517 1033 593 1093 ὧν
619 1040 1113 1098 διαϐεϐαιώσασθαι
1147 1045 1245 1115 μὲν
1279 1045 1452 1113 οὕτως
1474 1049 1640 1120 ἔχειν,
1680 1051 1773 1106 τὸν

185 1129 268 1202 μὴ
293 1131 382 1184 διὰ
427 1132 527 1202 τῆς
559 1133 755 1203 πείρας
797 1134 1038 1205 μαθόντα
1064 1137 1174 1190 τῶν
1205 1140 1601 1210 ἱστορουμένων
1643 1143 1774 1215 περὶ

179 1220 354 1275 αὐτοῦ
401 1221 500 1294 τὴν
539 1223 816 1295 ἀλήθειαν,
869 1227 1140 1296 προπετὲς
1195 1227 1260 1281 ἂν
1288 1227 1373 1300 εἴη
1440 1231 1536 1285 καὶ
1581 1233 1772 1288 ἀνεπίέ

181 1330 446 1370 σκεπτον.
468 1315 616 1388 Πλὴν
641 1317 755 1370 ἀλλ’
779 1319 966 1391 ἐπειδὴ
997 1319 1142 1374 κατά
1171 1338 1294 1376 τινα
1327 1325 1587 1393 μυστικὸν
1613 1326 1771 1396 λόγον

175 1405 524 1478 ἐνηριθμήθη
560 1407 638 1478 τῷ
669 1410 956 1481 καταλόγῳ
990 1411 1098 1464 τῶν
1128 1413 1444 1486 ἀκροδρύων
1485 1417 1577 1470 καὶ¹
1611 1417 1769 1472 τοῦτο

173 1493 242 1551 τὸ
272 1497 496 1570 ἄρωμα,
541 1501 640 1554 οὐκ
679 1501 894 1571 ἀληθῶς
926 1503 1064 1574 ῥοῶν
1101 1507 1453 1578 ἐκφυομένων
1475 1526 1488 1540 ⁸
1512 1511 1635 1564 οὐδὲ
1658 1511 1768 1583 γὰρ

172 1586 357 1651 οὕτως
389 1589 683 1660 αἰσθητοὺς
711 1593 1076 1662 παραδείσους
1119 1595 1181 1648 τὸ
1211 1597 1384 1668 στόμα
1420 1599 1518 1670 τῆς
1547 1599 1766 1670 νύμφης

1883 522 2004 576 quae
2034 522 2200 578 supra
2235 508 2396 564 iidem
2430 507 2745 562 auditorum
2788 507 3047 562 videntur
3096 521 3240 561 esse.
3290 501 3460 560 Aiunt

1882 598 2026 652 enim
2059 600 2104 654 si
2134 600 2298 654 fuerit
2327 601 2562 670 positum
2595 601 2648 654 in
2681 615 2776 656 ore
2823 599 3166 665 dormientis,
3209 613 3332 652 eum
3364 591 3460 668 qui

1882 688 2086 744 dormit
2126 691 2628 761 minimeimpediri
2660 691 2958 762 quominus
3003 690 3332 760 respondeat
3383 687 3469 742 ad”

1881 797 1945 837 ea
1975 801 2098 854 quae
2129 785 2579 856 interrogantur;
2617 788 2710 841 sed
2737 795 2790 840 et
2806 801 2929 840 eum
2952 795 3173 840 manere.
3209 785 3262 838 in
3308 799 3458 839 some

1879 889 1973 940 no,
2015 867 2336 948 sobriasque
2389 886 2441 932 et
2489 877 2556 931 ad
2603 879 2828 932 verbum
2883 885 3172 947 expressas
3227 875 3456 932 reddere

1895 969 2306 1038 responsiones.
2341 968 2415 1024 De
2439 971 2638 1039 quibus
2680 970 2898 1038 quidem
2952 967 3226 1025 afiirmare
3269 967 3344 1022 ita
3391 981 3454 1024 se

1877 1057 2101 1124 habere,
2139 1061 2248 1115 nisi
2277 1061 2405 1131 quis
2441 1077 2535 1131 per
2561 1061 2950 1129 experientiam
2987 1059 3450 1115 didiceriteorum

1875 1165 1998 1220 qua:
2026 1151 2094 1205 de.
2126 1166 2192 1206 eo
2234 1163 2530 1205 narrantur
2583 1152 2888 1216 veritatem,
2944 1152 3290 1206 temerarium
3332 1150 3454 1206 fue-

1875 1241 1946 1294 rit
1974 1250 2028 1296 et
2063 1240 2549 1296 inconsideratum.
2617 1240 2722 1295 Sed
2780 1241 3035 1310 quoniam
3073 1241 3284 1296 ratione
3321 1255 3454 1310 qua:

1873 1331 1998 1385 dam
2031 1333 2284 1402 mystica,
2325 1331 2428 1386 hoc
2470 1346 2689 1401 quoque
2736 1345 2924 1386 aroma
2971 1330 3205 1385 relatum
3257 1339 3342 1386 est
3389 1331 3449 1385 in

1873 1434 2157 1474 numerum
2214 1435 2524 1490 pomorum,
2570 1436 2678 1475 non
2719 1435 2846 1476 vere
2893 1433 3133 1476 nascens
3178 1433 3245 1473 ex
3287 1419 3452 1474 malis

1871 1514 2087 1582 punicis
2115 1511 2315 1583 (neque
2363 1514 2508 1569 enim
2531 1513 2766 1570 sensiles
2813 1513 3104 1583 paradisos
3141 1511 3342 1567 emittit
3379 1519 3452 1566 ei

1869 1619 1964 1658 ore
1991 1605 2240 1673 sponsa),
2296 1604 2390 1660 sed
2422 1614 2482 1658 ut
2513 1603 2857 1658 consulendo
2909 1611 3166 1674 suggerat
3207 1589 3449 1672 aliquam

174 1681 468 1749 προΐεται·
516 1682 634 1734 ἀλλ’
679 1681 819 1736 ὥστε
871 1685 1138 1756 σύμϐολον
1198 1688 1447 1756 γενέσθαι
1494 1692 1755 1762 νοήματός

1868 1695 2218 1758 sententiam,
2273 1711 2338 1750 ex
2369 1695 2437 1750 iis
2468 1709 2592 1764 quae
2627 1709 2846 1764 sponsae
2895 1694 3190 1748 conferunt
3219 1691 3287 1746 ad
3331 1687 3450 1746 laud

171 1788 326 1836 τινος
372 1771 479 1825 τῶν
520 1775 596 1838 εἰς
636 1773 854 1829 ἔπαινον
891 1778 1288 1854 συντελούντων
1317 1783 1384 1851 τῇ
1415 1782 1631 1854 νύμφῃ,
1663 1783 1755 1837 οὐκ

1867 1787 2012 1850 dem,
2049 1801 2158 1840 non
2192 1794 2338 1842 recte
2357 1786 2611 1840 existimo
2647 1801 2707 1840 se
2752 1785 2972 1850 habere,
3005 1784 3054 1838 si
3085 1791 3148 1838 ea
3189 1776 3450 1854 rejician-

169 1859 335 1934 οἶμαι
361 1866 542 1930 καλῶς
587 1867 732 1938 ἔχειν
755 1869 823 1922 τὰ
853 1870 980 1940 περὶ
1019 1870 1112 1924 τοῦ
1154 1873 1508 1944 κινναμώμου
1540 1874 1762 1938 μυθολο-

169 1958 452 2028 γούμενα,
497 1959 672 2014 ταῦτά
719 1975 780 2014 τε
814 1961 852 2016 ἃ,
885 1961 979 2015 νῦν
1029 1964 1156 2034 περὶ
1201 1965 1364 2018 αὑτοῦ
1410 1959 1684 2037 διεξῆλθεν
1732 1969 1762 2020 ὁ

167 2046 334 2115 λόγος
355 2087 370 2110 ,
401 2049 495 2103 καὶ
523 2050 576 2102 εἴ
600 2066 654 2102 τι
688 2049 827 2117 μετά
855 2052 1062 2107 τούτων
1092 2053 1221 2108 ἄλλο
1249 2055 1363 2117 τοῖς
1394 2054 1462 2108 τὰ
1491 2056 1618 2128 περὶ
1659 2058 1759 2110 αὐ-

166 2138 268 2191 τοῦ
294 2139 672 2210 διηγουμένοις
697 2141 953 2206 διεξιέναι
969 2137 1144 2208 δοκεῖ,
1183 2145 1530 2216 παραλιπεῖν.

241 2229 462 2282 Γένοιτο
501 2231 610 2303 γὰρ
636 2233 700 2286 ἄν
726 2251 808 2295 τις
846 2233 984 2305 πρὸς
1004 2235 1096 2288 τὸν
1129 2236 1249 2288 κατ’
1278 2236 1479 2308 ἀρετὴν
1505 2237 1724 2291 ἔπαινον
1743 2279 1757 2302 ,

165 2319 235 2372 ἐκ
264 2319 374 2373 τῶν
407 2320 715 2391 λεγομένων
756 2325 1087 2394 συνεισφορά
1113 2321 1342 2379 ἑκάστου
1387 2326 1496 2380 τῶν
1543 2328 1760 2400 ἱστορη-

165 2409 375 2463 θέντων
424 2411 682 2482 εὐσήμως
755 2413 1302 2487 μεταλαμϐανομένου
1359 2417 1496 2488 πρὸς
1539 2417 1762 2485 ἔνδειξιν

161 2501 270 2568 τῆς
299 2499 398 2553 τοῦ
433 2501 550 2571 βίου
581 2504 701 2556 κατ’
741 2505 944 2576 ἀρετὴν
973 2505 1330 2576 τελειότητος.
1366 2510 1521 2562 Ἔστι
1552 2509 1661 2580 γὰρ
1702 2512 1759 2563 ἐν

159 2593 282 2653 τοῖς
331 2593 789 2665 πεπαιδευμένοις
839 2613 900 2648 τε
959 2597 1056 2649 καὶ
1109 2598 1542 2671 λελογισμένοις,
1601 2603 1760 2658 τοῦτο

163 2683 355 2753 εὗρεῖν
385 2685 444 2738 ἐν
483 2689 546 2756 τῇ
575 2685 721 2759 ψυχῇ
748 2688 809 2741 τὸ
852 2689 1234 2761 κιννάμωμον,
1268 2694 1397 2745 ὅταν
1433 2711 1516 2758 τις
1548 2696 1662 2766 ἦτοι
1690 2697 1756 2751 δι’

165 2775 476 2845 ἐπιθυμίαν
523 2777 685 2843 ζέων,
721 2778 755 2850 ἢ
789 2779 867 2851 τῷ
908 2781 1064 2852 θυμῷ
1090 2781 1539 2854 πυρακτούμενος
1567 2787 1643 2857 τῷ
1671 2787 1755 2840 λο-

163 2867 354 2938 γισμῷ
381 2871 694 2944 κατασϐέσῃ
725 2873 794 2926 τὰ
829 2873 978 2942 πάθη
998 2890 1012 2904 ο
1043 2875 1076 2944 ἢ
1107 2876 1164 2928 ἐν
1205 2875 1282 2945 τῷ
1316 2876 1469 2946 ὕπνῳ
1513 2879 1604 2931 τοῦ
1637 2879 1753 2949 βίου

161 2959 256 3012 διὰ
297 2959 564 3030 στόματος
598 2962 737 3032 ἔχων
785 2964 845 3018 τὸ
873 2965 1134 3035 νηφάλιον
1176 2967 1336 3022 τοῦτο
1359 2969 1452 3022 τοῦ
1491 2965 1752 3042 λογισμοῦ

161 3052 544 3122 κιννάμωμον,
575 3055 976 3125 παραπλησίως
999 3061 1114 3121 τοῖς
1141 3059 1369 3124 ἀΰπνοις
1391 3077 1448 3112 τε
1471 3063 1565 3114 καὶ⁹
1587 3065 1748 3134 ἐγρη-

1866 1885 1958 1932 tur
2005 1895 2126 1948 quae
2159 1887 2451 1932 narrantur
2484 1877 2552 1932 de
2596 1878 2944 1932 cinnamomo
2974 1895 2986 1930 :
3021 1877 3155 1941 haec,
3198 1877 3445 1946 inquam,

1867 1986 1989 2040 qua:
2014 1987 2159 2026 nunc
2195 1970 2550 2025 narrantibus
2580 1969 2839 2024 videntur
2862 1965 3263 2040 persequenda.

1937 2229 2010 2284 Ex
2054 2231 2121 2286 iis
2158 2231 2302 2286 enim
2327 2243 2450 2302 qua:
2479 2231 2758 2296 dicuntur,
2793 2231 3010 2287 videtur
3043 2229 3250 2302 aliquid
3281 2240 3448 2301 posse

1863 2322 2108 2379 conferri
2136 2325 2203 2380 ad
2237 2325 2455 2380 laudem
2488 2319 2729 2389 virtutis,
2763 2339 3096 2396 uuoquoque
3119 2339 3186 2379 ex
3227 2323 3294 2379 iis
3315 2330 3442 2394 qua

1864 2424 1993 2470 sunt
2023 2416 2216 2479 relata,
2260 2423 2480 2486 sumpto
2539 2415 2606 2470 ad
2651 2407 3000 2469 iudicandam
3044 2415 3168 2468 vitae
3211 2427 3334 2484 qua:
3373 2423 3444 2468 ex

1862 2511 2066 2564 virtute
2097 2509 2278 2580 agitur
2309 2503 2722 2579 perfectionem.
2771 2505 2829 2561 In
2879 2507 2950 2561 iis
2995 2507 3139 2561 enim
3173 2506 3266 2575 qui
3311 2507 3446 2558 sunt

1861 2600 2060 2654 eruditi
2089 2609 2144 2654 et
2171 2597 2531 2662 considerati,
2585 2597 2713 2652 licet
2741 2598 2986 2652 invenire
3023 2595 3438 2650 cinnamomum

1860 2694 1916 2747 in
1946 2691 2146 2758 anima,
2181 2693 2402 2763 quando
2427 2689 2698 2761 quispiam
2730 2689 2813 2743 vel
2845 2688 3064 2743 fervens
3113 2686 3439 2757 cupiditate,

1858 2784 1942 2838 vel
1971 2783 2052 2838 ira
2077 2798 2364 2846 accensus,
2399 2781 2610 2836 ratione
2641 2780 2971 2834 exstinxerit
3018 2779 3186 2832 animi
3223 2787 3445 2848 pertura

1857 2877 2143 2942 liationes;
2206 2883 2301 2930 aut
2331 2875 2385 2929 in
2453 2889 2648 2933 somno
2689 2873 2814 2927 vitae
2861 2872 2916 2925 in
2955 2886 3051 2926 ore
3097 2871 3307 2926 habens
3349 2885 3440 2926 so-v

1857 2969 2036 3022 brium
2081 2963 2246 3038 hujus
2280 2966 2512 3020 rationis
2545 2965 2976 3028 cinnamomum,
3026 2958 3440 3018 ostenditiner-r

1857 3069 2067 3113 rantem
2105 3066 2158 3113 et
2193 3052 2546 3112 inconfusum
2599 3067 2820 3112 sensum
2852 3069 3042 3109 eorum
3088 3069 3210 3124 quae
3241 3055 3442 3110 dicun-t

161 3140 388 3213 γορόσιν
435 3144 721 3212 ἀγγέλοις,
787 3147 1004 3217 ἀπλανῆ
1064 3147 1158 3202 καὶ
1193 3151 1499 3222 ἀσύγχυτον
1553 3154 1754 3207 ἐπιδει-

1862 3157 1966 3210 tur,
2029 3163 2122 3216 per
2179 3147 2454 3201 sermonis
2507 3145 2792 3200 veritatem
2855 3143 3078 3199 imitans
3125 3145 3438 3199 insomnem

163 3231 320 3285 κνύει
371 3233 468 3304 τὴν
522 3233 628 3288 τῶν
657 3233 964 3306 λεγομένων
1004 3229 1274 3305 διάνοιαν,
1310 3241 1640 3311 μιμούμενος
1666 3243 1754 3296 διὰ

161 3323 266 3392 τῆς
320 3324 584 3394 ἀληθείας
631 3325 728 3379 τοῦ
773 3327 938 3396 ,λόγου
965 3328 1061 3398 τὴν
1107 3329 1310 3383 ἄϋπνον
1362 3333 1470 3384 τῶν
1503 3335 1754 3401 ἀγγέλων

164 3413 350 3482 φύσιν,
385 3415 482 3480 οὓς
508 3417 768 3486 οὐδεμιᾶς
797 3420 1100 3486 φαντασίας
1125 3421 1338 3492 ἀνάγκη
1367 3424 1464 3494 τῆς
1490 3424 1750 3494 ἀληθείας

161 3506 466 3577 ἐξίστησιν,
489 3501 642 3571 οὗτος
671 3507 882 3576 λέγοιτο
916 3509 1212 3578 ἁναϐρύειν
1239 3511 1326 3564 διὰ
1359 3511 1452 3565 τοῦ
1486 3515 1752 3584 στόματος

159 3595 222 3650 τὸ
268 3600 626 3668 κιννάμωμον
650 3617 662 3628 ·
707 3599 774 3652 δι’
808 3587 869 3653 οἵ)
902 3601 997 3654 καὶ
1029 3603 1061 3672 ἡ
1104 3603 1204 3673 τῆς
1233 3603 1530 3674 ἐπιθυμίας
1562 3605 1750 3678 πύρω-

163 3699 269 3754 σις,
315 3691 412 3744 καὶ
463 3693 494 3761 ἡ
543 3692 897 3765 περικάρδιος
947 3695 1042 3748 τοῦ
1099 3695 1272 3766 θυμοῦ
1321 3699 1748 3752 κατασϐέννυται

159 3780 351 3845 ξέσις,
399 3784 494 3836 καὶ
551 3785 732 3855 πάσης
775 3783 874 3856 τῆς
923 3787 1063 3840 κατά
1105 3787 1196 3840 τὸν
1227 3789 1341 3858 βίον
1371 3789 1558 3843 τοῦτον
1607 3791 1747 3843 ὀνει-

161 3873 372 3942 ρώδους
416 3875 716 3942 φαντασίας
745 3893 803 3928 τε
837 3879 931 3931 καὶ
977 3879 1288 3948 συγχύσεως
1333 3881 1627 3951 καθαρεύει
1669 3874 1748 3952 τῷ

157 3965 328 4036 λόγῳ.
383 3965 488 4020 Καὶ
547 3967 737 4038 μηδεὶς
772 3971 908 4041 πρὸς
957 3971 1018 4024 τὸ
1063 3972 1324 4025 ἀπίθανον
1385 3967 1596 4042 βλέπων
1639 3973 1747 4026 τῶν

157 4057 292 4127 περὶ
334 4057 430 4110 τοῦ
481 4059 837 4130 κινναμώμου
894 4061 1232 4132 λεγομένων,
1276 4061 1609 4118 διαϐαλλέτω
1657 4065 1747 4117 τὸν

155 4139 340 4216 λόγον,
373 4147 450 4210 ὡς
480 4149 577 4201 οὐκ
607 4151 669 4201 ἐκ
699 4151 807 4204 τῶν
841 4152 1058 4222 ἀληθῶν
1091 4155 1436 4224 προσάγοντα
1458 4158 1524 4226 τῇ
1559 4157 1748 4227 νύμφῃ

156 4235 252 4286 τὸν
281 4235 525 4289 ἔπαινον.
579 4233 700 4291 Οἵδε
742 4241 850 4312 γὰρ
886 4243 1143 4308 πολλάκις
1178 4245 1209 4314 ἡ
1242 4239 1373 4313 ἀγία
1417 4245 1605 4316 Γραφὴ
1653 4247 1746 4300 καὶ

161 4323 370 4392 μύθους
398 4324 551 4388 τινὰς
599 4329 662 4380 ἐκ
691 4329 799 4382 τῶν
834 4327 1030 4394 ἔξωθεν
1065 4335 1631 4405 συμπαραλαμϐάνειν
1665 4337 1746 4401 είς

155 4415 256 4485 τὴν
279 4415 372 4467 τοΞ
417 4413 546 4470 ἰδίου
581 4417 782 4473 σκοποῦ
821 4420 1109 4494 συνεργίαν
1128 4466 1142 4490 ,
1174 4427 1269 4478 καὶ
1299 4427 1742 4498 ἀνεπαισχύντως

155 4505 222 4558 ἐκ
241 4507 344 4576 τῆς
369 4508 603 4579 μυθικῆς
624 4511 859 4582 ἱστορίας
878 4516 1156 4586 ὀνομάτων
1183 4536 1285 4588 μνη
1297 4515 1541 4588 μονεύειν
1558 4519 1740 4581 τινῶν,

153 4599 236 4659 εἰς
275 4599 672 4670 ἐναργεστέραν
714 4601 937 4669 ἔνδειξιν
983 4605 1076 4658 τοῦ
1120 4607 1478 4678 προκειμένου
1535 4610 1740 4680 νοήμα-

153 4705 268 4752 τος·
299 4687 376 4750 ὡς
398 4687 491 4740 ἐπὶ
517 4691 624 4742 τῶν
653 4691 742 4744 τοῦ
775 4693 894 4746 ’1ὼὸ
923 4694 1238 4766 θυγατέρων
1261 4700 1321 4752 τὸ
1346 4693 1541 4762 κάλλος
1571 4697 1742 4771 ὑπερ-

155 4779 446 4850 θαυμάσας
466 4783 494 4832 ὁ
521 4781 697 4849 λόγος,
713 4785 805 4837 καὶ
828 4785 916 4837 διὰ
940 4787 1046 4840 τῶν
1077 4791 1357 4859 ὀνομάτων
1379 4789 1476 4860 τὴν
1505 4789 1744 4862 ὑπερϐου

153 4863 257 4941 λὴν
271 4869 367 4923 τοῦ
389 4873 517 4942 περὶ
540 4873 716 4926 αὐτῶν
745 4869 1022 4945 θαύματος
1047 4881 1368 4945 ἐνεδείξατο,
1401 4881 1576 4950 λέγων
1596 4897 1610 4909 ’
1643 4882 1742 4952 τὴν

160 4961 260 5030 μὲν
299 4960 542 5032 Ἡμέραν
563 4961 834 5032 λέγεσθαι,
856 4967 952 5036 τὴν
969 4967 1024 5018 δὲ
1051 4970 1313 5032 Κασσίαν,
1336 4971 1431 5041 τὴν
1459 4971 1515 5024 δὲ
1535 4971 1744 5042 τρίτην,

169 5047 499 5120 Ἀμαλθείας
531 5055 734 5125 Κέρας.
767 5051 937 5109 Τοῦτο
963 5058 1021 5112 δὲ
1052 5062 1213 5114 παντὶ
1247 5061 1404 5132 δῆλόν
1446 5065 1613 5127 ἐστιν,
1664 5063 1748 5116 ὅτι

162 5141 332 5211 μῦθος
392 5141 696 5216 Ἐλληνικὸς
745 5145 948 5203 ἔπλασε
987 5151 1059 5204 τὸ
1093 5153 1234 5207 κατά
1265 5153 1364 5225 τῆν
1417 5153 1745 5224 Ἀμάλθειαν

157 5227 432 5303 διήγημα,
464 5235 531 5304 ἢν
556 5232 690 5304 αἶγα
716 5233 881 5292 οὖσαν
913 5235 1108 5311 τροφὸν
1135 5245 1389 5311 γενέσθαι
1412 5245 1504 5298 τοῦ
1528 5247 1748 5317 Κρητὸς

159 5325 374 5379 ἐκείνου
399 5321 810 5397 μυθολογοῦσιν,
840 5327 908 5403 ἧς
933 5331 1026 5386 τοῦ
1054 5327 1172 5398 ἑνὸς
1197 5337 1522 5399 ἐκπεσόντος
1545 5337 1742 5408 κέρως,

161 5420 348 5493 βρύειν
379 5425 446 5478 ὲκ
465 5423 559 5478 τοῦ
593 5425 772 5479 κοίλου
797 5428 898 5497 τὴν
929 5427 1290 5498 παγκαρπίαν
1308 5429 1336 5479 ό
1369 5425 1536 5498 μῦθος
1559 5426 1745 5496 ἐποίη-

163 5525 274 5569 σεν.
313 5509 441 5588 'Ap‘
471 5508 882 5572 οὗνέπίστευσε
933 5523 1044 5582 τοῖς
1091 5519 1220 5590 περὶ
1274 5519 1373 5590 τῇς
1418 5515 1742 5589 Ἀμαλθείας

232 5693 276 5724 ⁵⁸
313 5690 414 5748 Job
437 5707 586 5761 nvr,
609 5689 702 5752 ιι.

1856 3236 2172 3307 angelorum
2211 3242 2486 3295 naturam,
2510 3249 2651 3304 quos
2695 3234 3011 3288 necessario
3060 3234 3213 3288 nulla
3260 3233 3439 3304 phana

1857 3331 1994 3384 tasia
2032 3343 2097 3382 ac
2117 3329 2258 3382 visio
2297 3327 2538 3382 dimovet
2573 3341 2602 3380 a
2633 3326 2884 3392 veritate,
2923 3341 2988 3380 ex
3029 3327 3153 3396 ejus
3195 3341 3293 3382 ore
3321 3323 3436 3383 dici

1853 3427 2034 3488 potest
2080 3427 2346 3490 tanquam
2379 3435 2410 3473 e
2456 3417 2792 3488 scaturigine
2825 3417 3106 3474 effundere
3145 3419 3440 3474 cinnamo-

1855 3527 2005 3564 mum
2045 3523 2181 3581 :per
2211 3511 2354 3580 quod
2390 3519 2445 3564 et
2479 3509 2642 3564 ardor
2685 3507 3005 3580 cupiditatis
3038 3511 3434 3580 exstinguitur,

1851 3611 1906 3658 et
1934 3603 2028 3657 ira:
2045 3603 2191 3657 circa
2218 3617 2314 3657 cor
2345 3599 2613 3663 ebullitio,
2651 3607 2705 3658 et
2743 3603 2857 3669 ipse
2879 3609 2964 3656 est
2991 3617 3164 3671 purus
3217 3604 3438 3658 ratione

1852 3697 1921 3748 ab
1955 3695 2104 3750 omni
2135 3710 2256 3762 quae
2298 3702 2384 3749 est
2423 3695 2602 3748 instar
2657 3693 2858 3748 somnii
2910 3692 3142 3747 confusa
3195 3695 3427 3748 visione.

1851 3779 2022 3841 Nemo
2087 3793 2268 3840 autem
2332 3783 2674 3840 incredibilia
2715 3785 2819 3839 ista
2879 3800 3002 3840 esse
3045 3784 3445 3850 considerans,‘

1850 3895 1970 3947 quae
1999 3877 2260 3932 dicuntur
2289 3877 2356 3931 de
2384 3877 2766 3939 einnamomo,
2799 3876 3106 3930 orationem
3135 3876 3432 3946 reprelien-

1850 3970 1965 4032 dat,
2000 3977 2060 4021 dt
2087 3983 2208 4038 quae
2235 3983 2298 4022 ex
2338 3968 2406 4022 iis
2431 3982 2552 4037 quae
2577 3981 2686 4020 non
2719 3974 2849 4022 sunt
2870 3981 3018 4029 vera,
3055 3981 3274 4035 sponsa:
3310 3965 3432 4020 laud

1849 4059 1973 4114 dem
2021 4059 2243 4113 tribuat.
2303 4057 2456 4112 Solet
2511 4057 2658 4112 enim
2707 4073 2851 4123 saepe
2901 4065 3093 4112 sancta
3141 4055 3430 4126 Scriptura

1848 4153 2012 4204 etiam
2068 4151 2136 4204 ab
2168 4151 2412 4204 externis
2465 4147 2679 4204 fabulas
2719 4149 2970 4217 accipere
3012 4147 3080 4203 ad
3126 4161 3284 4218 opem
3325 4161 3433 4202 suo

1850 4255 2016 4308 scopo
2049 4237 2353 4300 ferendam,
2403 4244 2458 4290 et
2491 4237 2628 4292 citra
2660 4235 2926 4306 pudorem
2959 4235 3278 4292 meminisse
3317 4235 3426 4289 ali-

1847 4347 2082 4403 quorum
2103 4331 2384 4386 nominum
2413 4330 2478 4384 ad
2508 4344 2729 4384 sensum
2758 4328 3098 4398 propositum
3118 4327 3432 4384 evidentius

1849 4423 2229 4486 indicandt‘Im,
2264 4423 2410 4476 sicut
2435 4421 2490 4475 in
2519 4421 2739 4475 ﬁliabus
2767 4418 2892 4482 Job,
2917 4435 3152 4489 quarum
3177 4420 3430 4488 pulchria

1853 4513 2096 4572 tudinem
2125 4515 2300 4568 oratio
2333 4529 2500 4584 supra
2543 4513 2767 4566 modum
2815 4512 3070 4574 laudans,
3118 4511 3284 4566 etiam
3329 4523 3432 4582 per

1855 4611 2075 4664 nomina
2111 4610 2352 4663 ostendit
2394 4608 2670 4662 excellens
2701 4619 2890 4660 earum
2943 4605 3290 4670 miraculum,
3336 4607 3429 4660 dia

1858 4715 2010 4764 cens,
2038 4714 2202 4754 uuam
2253 4699 2473 4769 quidem
2524 4699 2633 4752 diei
2677 4699 2851 4762 Diem,
2899 4697 3124 4752 alteram
3155 4711 3286 4752 vero
3322 4696 3428 4751 Ca-a

1855 4789 2011 4851 siam,
2029 4789 2248 4844 tertiam
2274 4797 2453 4842 autem
2482 4786 2669 4841 Cornu
2699 4787 2996 4840 Amaltheae
3019 4788 3088 4840 9‘.
3107 4785 3223 4842 lloc
3245 4795 3428 4842 autem

1853 4885 1939 4930 est
1981 4877 2155 4930 cuivis
2201 4877 2575 4946 perspicuum,
2599 4865 2744 4945 quod
2785 4875 2852 4928 de
2895 4875 3194 4931 Amaltheae
3243 4876 3431 4931 fabula

1856 4965 2043 5023 Graeca
2074 4965 2339 5022 conﬁnxit
2375 4967 2772 5028 narrationem,
2807 4981 2972 5035 quam
3003 4981 3126 5021 cum
3157 4977 3305 5022 esset
3335 4981 3434 5021 ea:

1855 5075 1976 5131 pra,
2017 5057 2335 5112 fabulantur
2381 5056 2559 5112 fuisse
2599 5056 2873 5111 nutricem
2931 5057 3082 5112 illius
3117 5055 3418 5120 Cretensis,

1852 5149 2010 5220 cujus
2041 5165 2165 5206 cum
2187 5163 2358 5202 cornu
2381 5146 2692 5208 cecidisset,
2721 5145 2904 5202 fabula
2931 5145 3062 5199 fecit
3079 5159 3146 5199 ex
3176 5159 3426 5200 concavo

1851 5243 2020 5300 lluere
2050 5257 2212 5296 omne
2237 5255 2413 5312 genus
2453 5238 2670 5309 frugum
2725 5253 2790 5294 ac
2838 5237 3124 5292 fructuum
3182 5239 3422 5308 copiam.

1851 5333 1991 5389 Num
2027 5334 2194 5404 igitur
2221 5330 2456 5387 credidit
2480 5337 2672 5386 sancta
2701 5329 2986 5400 Scriptura
3022 5329 3090 5383 iis
3139 5343 3263 5398 quae
3293 5345 3426 5382 nar:

1851 5435 2045 5480 rantur
2098 5425 2167 5480 de
2214 5417 2544 5477 Amalthea?
2587 5418 2966 5490 Nequaquam,
3016 5419 3116 5474 sed
3161 5419 3284 5474 tiliae
3321 5413 3429 5474 Job

1853 5517 2034 5572 terens
2068 5513 2470 5580 testimonium,
2511 5511 2668 5584 quod
2699 5517 2846 5568 esset
2909 5509 3258 5566 feracissima
3301 5519 3430 5564 ont-
