3854 6216
433 317 539 373 9'75

1653 317 1711 371 S.
1753 309 2082 370 GREGORII
2119 310 2406 370 NYSSENI

3592 311 3695 367 976

431 431 583 486 nlum
612 443 732 500 quae
761 437 888 486 sunt
913 444 980 485 ex
1011 429 1213 487 virtute
1241 431 1538 495 bonorum,
1561 445 1658 500 per
1676 430 1779 485 hoc
1805 444 2004 483 nomen

2115 429 2612 502 μυθολογουμένοις
2652 433 2686 504 ἡ
2734 430 2867 500 ἁγία
2907 426 3134 500 Γραφίμ
3189 427 3290 481 οὐκ
3321 425 3435 480 ἐστι
3489 425 3694 489 ταῦτα,

433 521 492 576 id
521 521 764 577 ostendit
794 539 809 577 :
839 522 974 576 adeo
1007 529 1068 577 ut
1091 523 1183 592 qui
1216 535 1301 578 est
1325 522 1766 579 considerantius
1781 521 2012 576 audiens

432 611 799 684 Scripturam,
850 613 1028 668 solum
1096 613 1277 669 laudis
1337 630 1566 686 scopum
1625 614 1898 684 intelligat
1943 628 2013 668 ex

429 707 672 770 nomine,
732 704 1009 762 fabulosas
1061 716 1240 762 autem
1294 724 1465 777 nugas
1496 707 1685 777 jubeat
1721 706 1925 770 valere,
1960 712 2017 760 et

429 799 717 853 audientes
744 799 946 853 casiam
975 809 1029 853 et
1065 800 1231 863 diem,
1263 816 1439 870 neque
1460 799 1812 853 aromaticam
1839 806 2014 852 mate-

429 892 588 955 riam,
618 907 797 961 neque
828 892 960 946 solis
1005 905 1229 945 cursum
1280 906 1446 960 supra
1488 899 1715 953 terram,
1766 904 1862 959 per
1895 889 2012 944 haec

427 984 651 1038 nomina
675 983 990 1048 didicimus,
1019 982 1114 1038 sed
1142 983 1264 1037 vitae
1285 998 1473 1037 earum
1505 998 1571 1037 ex
1605 983 1810 1036 virtute
1842 995 2011 1052 agen-

427 1074 512 1130 dae
563 1075 935 1130 ostensionem
982 1074 1218 1129 dicimus
1255 1075 1479 1129 nomina
1521 1075 2010 1146 comprehendere.

427 1167 673 1234 Quorum
703 1168 866 1222 Casia
893 1167 1055 1222 nobis
1093 1167 1336 1222 ostendit
1365 1166 1672 1222 studiorum
1699 1171 1822 1222 vita:
1854 1167 2010 1238 puri-

425 1267 595 1315 tatem
624 1267 678 1315 et
708 1260 911 1314 bonum
951 1259 1176 1314 odorem
1213 1279 1225 1316 :
1263 1259 1389 1314 Dies
1442 1269 1626 1315 autem
1666 1261 2009 1317 honestatem

426 1365 492 1406 ac
525 1352 800 1416 decorem,
843 1352 987 1408 sicut
1035 1351 1170 1406 dicit
1204 1353 1501 1422 Apostolus
1520 1355 1588 1419 ",
1624 1368 1724 1408 eos
1751 1353 1844 1424 qui
1881 1367 2017 1424 pure

423 1443 614 1499 vivunt
638 1444 911 1499 nominari
937 1444 1079 1498 tilios
1109 1443 1270 1510 lucis,
1301 1454 1356 1500 et
1384 1444 1529 1501 filios
1557 1445 1693 1501 diei.

2110 520 2246 575 ἀλλὰ
2270 522 2330 574 τὸ
2371 522 2660 594 πάμφορον
2699 520 2811 575 τῶν
2844 521 2966 574 κατ’
2993 518 3198 590 ἀρετὴν
3229 516 3450 585 ἀγαθῶν
3490 533 3699 587 μαρτυ-

2113 613 2286 686 ροῦσα
2312 617 2380 686 τῇ
2407 614 2637 686 θυγατρὶ
2661 613 2757 668 τοῦ
2797 612 2937 676 Ἰὼϐ,
2970 611 3060 665 διὰ
3085 610 3180 664 τοῦ
3211 609 3478 678 ὀνόματος
3505 606 3697 660 τούτου

2113 706 2476 776 παρίστησιν·
2533 705 2674 759 ὥστε
2727 705 2817 759 τὸν
2863 703 3265 772 λελογισμένως
3313 699 3414 769 τῆς
3474 698 3702 768 Γραφῆς

2113 801 2395 863 ἐπαΐοντα,
2441 798 2533 852 τὸν
2583 799 2785 852 σκοπὸν
2833 797 2928 851 τοῦ
2958 797 3184 849 ἐπαίνου
3209 796 3399 863 νοῆσαι
3445 790 3612 862 μόνον
3643 792 3707 842 ἐκ

2113 893 2207 946 τοῦ
2251 892 2546 962 ὀνόματος,
2597 893 2696 955 τὰς
2747 890 2805 944 δὲ
2873 890 3108 962 μυθικὰς
3156 886 3445 957 τερατείας
3489 883 3712 954 χαίρειν

2113 985 2305 1049 ἐᾶσαι,
2359 983 2432 1046 ὡς
2479 982 2574 1036 καὶ
2623 983 2720 1056 τὴν
2764 985 2991 1038 κασσίαν
3023 982 3118 1036 καὶ
3157 981 3253 1051 τὴν
3283 977 3498 1048 ἡμέραν
3537 971 3709 1025 ἁκού-

2115 1091 2306 1138 σαντες
2325 1115 2341 1140 ν
2367 1073 2490 1128 οὗτε
2536 1075 2635 1147 τὴν
2687 1074 3045 1147 ἀρωματικὴν
3094 1072 3246 1141 ὓλην,
3275 1069 3398 1123 οὔτε
3433 1067 3527 1120 τὸν
3561 1064 3713 1133 ὑπὲρ

2114 1167 2219 1238 ﬁt:
2252 1168 2346 1221 τοῦ
2375 1168 2528 1239 ἡλίου
2559 1169 2779 1241 δρόμον,
2813 1167 2902 1222 διὰ
2927 1169 3038 1220 τῶν
3071 1165 3352 1235 ὀνομάτων
3386 1158 3706 1229 ἐμάθομεν

2122 1260 2258 1314 ἀλλὰ
2286 1262 2383 1332 τῆς
2427 1265 2548 1316 κατ’
2590 1261 2790 1334 ἀρετὴν
2837 1260 3015 1315 αὐτῶν
3049 1257 3321 1318 πολιτείας
3354 1252 3582 1316 ἔνδειξιν
3611 1266 3715 1302 πε-

2127 1351 2329 1422 ριέχειν
2357 1354 2538 1423 φαμὲν
2564 1353 2632 1407 τὰ
2665 1355 2920 1423 ὀνόματα.
2951 1346 3053 1403 Ὦν
3087 1352 3121 1420 ή
3150 1349 3249 1420 μὲν
3280 1343 3501 1400 Κασσία
3522 1340 3586 1394 τὸ
3606 1356 3712 1393 κα-

2123 1444 2435 1516 θαρώτερον
2464 1447 2560 1501 καὶ
2595 1447 2791 1510 εὑῶδες
2823 1445 2931 1498 τῶν
2959 1443 3410 1513 ἐπιτηδευμάτων
3433 1433 3713 1489 ἐνδείκνυ-

425 1553 545 1593 ται·
575 1541 608 1608 ἠ
634 1537 691 1591 δὲ
741 1536 956 1608 Ἡμέρα
984 1537 1046 1590 τὸ
1076 1536 1374 1608 εὖσχημον,
1403 1537 1588 1602 καθώς
1615 1554 1781 1609 φησιν
1810 1539 1842 1591 δ
1888 1536 2209 1602 ’Λπόστολος
2228 1583 2243 1605 ,
2283 1541 2412 1604 τοὺς
2446 1539 2701 1613 καθαρῶς
2747 1527 3091 1610 βιοτεύοντας
3151 1537 3316 1589 τέκνα
3365 1529 3550 1601 φωτὸς
3613 1521 3713 1580 καὶ

427 1634 576 1698 υίοὺς
598 1637 632 1706 ἡ
641 1633 706 1704 μέ
716 1651 812 1702 ρας
837 1633 1331 1703 κατονομάζεσθαι.

495 1729 698 1784 lta‘ltic
735 1742 954 1798 quoque
983 1728 1049 1782 ad
1095 1727 1312 1782 laudem
1349 1743 1572 1799 sponsae
1599 1745 1710 1784 non
1745 1735 1874 1785 sunt
1919 1727 2004 1781 in-

2176 1725 2366 1790 Οὕτως
2401 1721 2498 1780 οὖν
2535 1725 2632 1780 καὶ
2667 1723 2904 1780 ἐνταῦθα
2949 1724 3050 1776 οὐκ
3079 1719 3352 1789 άσυντελῆ
3389 1717 3533 1788 πρὸς
3577 1715 3709 1776 τοὺς

427 1819 606 1878 utilia,
661 1832 784 1886 qua:
816 1817 1077 1871 dicuntur
1101 1817 1170 1871 de
1198 1818 1557 1873 cinnamomo
1607 1834 1706 1889 per
1745 1818 2012 1889 tropicam

426 1909 847 1979 expositionem,
903 1907 951 1962 si
991 1915 1284 1962 sumantur
1329 1908 1397 1963 ad
1428 1917 1814 1980 argumentum
1848 1923 2014 1963 enco-

425 2002 685 2056 rniorum.
724 1998 829 2065 Qui
860 2009 1043 2055 autem
1072 2000 1187 2068 jam
1219 2009 1411 2055 tantus
1442 2002 1644 2067 evasit,
1684 2011 1740 2057 et
1763 2001 1832 2056 ad
1869 2001 2012 2056 hanc

423 2093 802 2151 encomiorum
833 2092 947 2162 jam
978 2094 1226 2161 pervenit
1258 2093 1632 2157 altitudinem,
1664 2094 2014 2149 divinaaima-

427 2190 572 2261 ginis
600 2188 656 2244 in
692 2205 752 2244 se
789 2187 1032 2243 ostendit
1064 2203 1162 2257 per
1196 2189 1379 2242 omnia
1413 2188 1615 2258 ﬁguras
1641 2195 1697 2243 et
1726 2189 2012 2242 characte-

423 2296 533 2337 res.
575 2279 689 2334 lloc
719 2281 866 2335 enim
905 2279 1147 2336 ostendit
1173 2279 1365 2336 dicens
1403 2297 1416 2334 :
1467 2279 1550 2332 Ex
1575 2281 1818 2334 omnibus
1853 2281 2011 2350 lignis

424 2373 636 2428 Libani.
661 2371 781 2426 Non
806 2387 930 2428 esse
954 2372 1103 2426 enim
1149 2372 1423 2428 uniforme
1454 2373 1662 2444 lignum
1706 2372 1901 2428 Libani
1923 2373 2008 2426 di-

424 2475 557 2522 cunt
585 2465 678 2535 qui
713 2466 828 2520 haec
869 2465 1256 2530 observarunt,
1298 2464 1442 2520 unde
1471 2465 1600 2520 thus
1642 2463 1784 2530 ﬂuit,
1829 2466 1925 2522 sed
1955 2466 2009 2518 in

425 2560 590 2630 lignis
623 2573 748 2615 esse
783 2557 1170 2622 dill'erentiam,
1215 2573 1338 2627 quae
1383 2558 1613 2628 ﬁguram
1640 2559 1910 2613 aromatis
1937 2558 2008 2613 si-

424 2651 539 2706 mul
573 2654 748 2705 variat
773 2665 898 2706 cum
930 2649 1107 2704 forma
1137 2649 1292 2720 ligni.
1347 2649 1454 2716 Qui
1495 2665 1627 2722 ergo
1663 2651 1718 2705 in
1753 2651 2011 2707 omnibus

425 2742 551 2796 vita:
583 2741 788 2796 studiis
821 2738 1251 2810 insesigniﬁcat
1279 2738 1480 2796 divina:
1527 2740 1720 2796 formae
1756 2742 2012 2798 similitu-

423 2833 630 2896 dinem,
663 2833 719 2886 in
755 2848 816 2887 se
859 2831 1102 2887 ostendit
1131 2831 1599 2902 pulchritudinem
1660 2835 1903 2888 omnium
1945 2835 2010 2886 li-

422 2939 656 2996 gnorunt
700 2923 917 2986 Libani,
950 2939 1046 2993 per
1073 2938 1195 2992 quae
1227 2924 1558 2994 exprimitur
1589 2923 1764 2979 forma
1793 2925 2002 2979 divina.

423 3014 595 3073 Nemo
623 3015 770 3071 enim
827 3014 999 3070 litDei
1039 3015 1228 3085 gloriae
1262 3016 1564 3086 particeps.
1615 3017 1708 3087 qui
1737 3033 1845 3070 non
1893 3018 2010 3072 fue-

425 3110 496 3165 rit
513 3110 752 3180 primum
769 3109 1075 3164 conformis
1101 3108 1456 3163 similitudini
1476 3109 1692 3163 mortis.
1712 3108 2007 3179 Pr0pterea

424 3201 528 3256 hoc
557 3216 778 3271 quoque
813 3202 948 3255 dicit
981 3201 1103 3255 laus
1136 3201 1192 3254 in
1227 3199 1487 3270 catalogo
1511 3210 1843 3266 aromatum,
1864 3201 2008 3271 quod

422 3292 693 3347 malorum
746 3292 1072 3362 punicarum
1118 3307 1280 3362 poma
1331 3300 1462 3346 sunt
1509 3302 1706 3347 cmtera
1763 3303 2012 3347 aromata

421 3400 546 3456 qua:
579 3383 865 3455 Scriptura
903 3385 1206 3449 recensuit,
1251 3393 1307 3439 et
1353 3399 1479 3438 cum
1529 3385 1612 3440 eis
1653 3392 1738 3440 est
1789 3385 2011 3455 myrrha

422 3485 480 3534 et
507 3478 648 3542 aloe,
676 3485 731 3532 et
763 3477 940 3546 prima
988 3482 1291 3546 unguenta.
1335 3474 1566 3532 Videtur
1609 3478 1782 3543 enim,
1819 3477 2010 3531 dicens

421 3585 550 3627 eum
601 3568 824 3640 myrrha
875 3577 931 3623 et
962 3569 1102 3634 aloe,
1145 3568 1439 3624 ostendere
1481 3570 1776 3638 sepultura:
1833 3569 2011 3623 socie-

426 3672 616 3730 tatem,
645 3663 789 3718 sicut
812 3662 1049 3718 sublime
1078 3661 1214 3716 dicit
1239 3661 1597 3732 Evangelium
1619 3663 1690 3725 ⁹³,
1740 3662 1885 3732 quod
1916 3677 2012 3730 per

425 3757 541 3811 haec
571 3754 720 3810 facta
749 3763 834 3810 est
874 3754 1160 3824 sepultura
1196 3753 1323 3822 ejus
1357 3754 1453 3823 qui
1490 3753 1734 3824 gustavit
1777 3768 1877 3822 pro
1911 3766 2013 3806 no-

424 3850 512 3905 bis
538 3858 793 3904 mortem.
836 3846 942 3902 Per
976 3849 1151 3918 prima
1187 3854 1371 3902 autem
1407 3855 1685 3917 unguenta
1716 3844 2007 3916 Scriptura

426 3941 672 3998 ostendit
708 3922 1003 4010 puritatem
1035 3948 1092 3994 et
1125 3937 1502 3994 sinceritatem
1527 3937 1594 3990 ah
1625 3937 1779 3991 omni
1825 3936 2010 4005 pravi-

428 4041 541 4088 tate
564 4030 981 4102 cauponatoria,
1006 4031 1149 4084 sicut
1172 4029 1342 4083 Amos
1372 4028 1442 4083 iis
1473 4027 1567 4098 qui
1597 4043 1656 4082 se
1685 4025 2003 4095 huiusmodi

428 4125 652 4195 explent
711 4123 923 4179 deliciis
970 4123 1087 4177 haec
1135 4121 1352 4193 objicit,
1407 4120 1600 4175 dicens
1632 4137 1646 4174 :
1677 4119 1782 4185 Qui
1836 4119 2011 4172 vinum

431 4215 614 4270 bibunt
638 4216 988 4284 percolatum,
1011 4222 1062 4265 et
1101 4221 1374 4282 unguntur
1411 4211 1598 4279 primis
1634 4209 1912 4280 unguentis
1934 4210 2009 4261 ⁸⁸.-

430 4315 485 4363 et
530 4314 691 4362 antea
726 4325 738 4360 :
771 4305 877 4370 Qui
929 4302 1232 4370 comedunt,
1279 4303 1481 4372 inquit,
1517 4301 1693 4355 hwdos
1745 4315 1810 4354 es
1840 4315 2010 4370 grege,

2113 1819 2369 1882 ἐπαίνους
2389 1818 2486 1890 τῆς
2503 1819 2722 1888 νύμφης
2741 1817 2858 1870 ἐστὶ
2882 1816 2950 1868 τὰ
2970 1815 3098 1885 περὶ
3117 1811 3212 1866 τοῦ
3238 1808 3598 1879 κινναμώμου
3618 1805 3708 1858 διὰ

2111 1911 2212 1982 τῆς
2235 1914 2503 1982 τροπικῆς
2526 1909 2838 1982 ὲξηγήσεως
2865 1903 3393 1978 μεταλαμόανόμενα
3420 1902 3504 1964 εἰς
3535 1901 3708 1966 ἐγκω-

2116 2005 2256 2074 μίων
2305 2004 2580 2058 ὑπόθεσιν.
2629 2005 2687 2055 ’0
2714 2003 2771 2056 δὲ
2806 1999 3061 2062 τοσοῦτος
3103 1997 3202 2069 ήδη
3242 1995 3574 2064 γενόμενος,
3609 1991 3707 2045 καὶ

2114 2097 2250 2168 πρὸς
2277 2097 2436 2150 τοῦτο
2482 2096 2695 2166 φθάσας
2731 2095 2840 2148 τῶν
2877 2091 3169 2161 ἐγκωμίων
3216 2089 3278 2142 τὸ
3306 2087 3444 2157 ὕψος
3485 2085 3580 2138 διὰ
3611 2083 3707 2136 τοῦ

2116 2188 2252 2259 βίου,
2292 2189 2379 2242 διὰ
2429 2189 2650 2244 πάντων
2693 2188 2817 2258 τῆς.
2835 2185 2987 2247 θείας
3017 2183 3219 2245 εἰκόνος
3252 2179 3334 2249 ἐφ’
3369 2175 3569 2231 ἑαυτοῦ
3597 2173 3707 2227 δεξ-

2114 2301 2270 2337 κνυσι
2325 2285 2453 2346 τοὺς
2500 2281 2872 2353 χαρακτῆρας.
2924 2278 3096 2332 Τοῦτο
3137 2275 3248 2346 γὰρ
3300 2271 3642 2326 ἐνδείκνυται
3679 2270 3712 2320 6

2114 2377 2283 2431 εἰπών
2307 2391 2321 2406 ’
2385 2376 2467 2428 ὅτι
2527 2373 2660 2428 Ἀπὸ
2711 2371 2953 2426 πάντων
2995 2370 3198 2435 ξύλων
3249 2365 3358 2419 τοῦ
3416 2361 3703 2418 Λιϐάνου.

2113 2470 2188 2523 Οὐ
2233 2469 2341 2539 γὰρ
2380 2465 2648 2538 μονοειδὲς
2681 2463 2775 2518 τοῦ
2816 2463 3051 2517 Λιϐάνου
3091 2461 3151 2514 τὸ
3183 2458 3336 2524 ξύλον
3371 2453 3708 2521 εἶναίφασιν

2112 2564 2163 2616 οί
2210 2563 2280 2615 τὰ
2316 2561 2543 2616 τοιαῦτα
2596 2560 3110 2630 παρατηρήσαντες,
3156 2553 3278 2607 ὅθεν
3324 2551 3354 2602 ό
3404 2545 3720 2608 λιϐανωτὸς

2112 2653 2402 2725 ἀπορρέει,
2459 2651 2572 2705 ἀλλ’
2603 2651 2718 2704 ἐστί
2751 2667 2834 2713 τις
2880 2651 2938 2700 ἐν
2983 2649 3098 2709 τοῖς
3144 2644 3320 2708 ξύλοις
3349 2639 3614 2710 διαφορὰ,
3648 2635 3710 2689 τὸ

2111 2747 2205 2802 τοῦ
2255 2746 2549 2817 άρώματος
2595 2745 2782 2814 σχῆμα
2819 2740 2899 2811 τῷ
2931 2739 3058 2793 εἴδει
3088 2736 3180 2789 τοῦ
3231 2735 3392 2799 ξύλου
3444 2730 3710 2795 συνεξαλο

2112 2839 2406 2892 λάσσουσα.
2446 2839 2505 2890 ’0
2546 2836 2729 2890 τοίνυν
2778 2837 2836 2887 ὲν
2869 2835 3006 2886 πᾶσι
3033 2833 3146 2892 τοῖς
3180 2825 3586 2895 ἐπιτηδεύμασι
3617 2823 3707 2874 τοῦ

2115 2930 2231 3002 βίου
2273 2929 2650 3000 ὲπισημαίνων
2685 2925 2864 2996 ἑαυτῷ
2914 2926 2974 2978 τὸ
3015 2924 3280 2987 θεοειδὲς,
3330 2923 3561 2976 πάντων
3604 2922 3708 2975 δεί-

2111 3040 2301 3076 κνυσιν
2336 3024 2394 3076 ὲν
2423 3021 2600 3092 ἐαυτῷ
2632 3021 2737 3074 τῶν
2767 3018 2862 3072 τοῦ
2903 3017 3138 3072 Λισάνου
3169 3016 3342 3082 ξύλων
3376 3017 3440 3068 τὸ
3475 3016 3707 3080 κάλλος,

2111 3117 2179 3170 δι’
2207 3110 2282 3170 ὧν
2323 3117 2382 3170 τὸ
2427 3115 2570 3169 θεῖον
2609 3110 2748 3177 εἶδος
2788 3113 3274 3184 χαρακτηρίζεται.
3317 3111 3514 3174 Οὐδεὶς
3543 3112 3600 3164 δὲ
3626 3112 3706 3178 γί-

2112 3225 2261 3262 νεται
2301 3207 2557 3269 κοινωνὸς
2588 3207 2686 3274 τῆς
2714 3203 2849 3257 Θεοῦ
2878 3203 3054 3272 δόξης,
3092 3203 3166 3274 μὴ
3207 3202 3707 3272 συμμορφούμενος

2112 3298 2328 3370 πρῶτον
2371 3297 2450 3368 τῷ
2487 3295 2792 3367 ὁμοιῶματι
2840 3295 2934 3348 τοῦ
2983 3295 3237 3349 θανάτου.
3291 3295 3385 3346 Διό
3431 3311 3571 3364 φησι
3617 3295 3709 3346 καὶ

2109 3390 2270 3444 τοῦτο
2299 3391 2357 3443 ὲν
2386 3390 2462 3460 τῷ
2484 3391 2769 3460 καταλόγῳ
2793 3388 2904 3442 τῶν
2935 3388 3245 3459 ἀρωμάτων
3277 3389 3305 3439 ὁ
3333 3386 3565 3448 ἔπαινος
3585 3431 3598 3444 ,
3629 3390 3709 3440 ὅτι

2115 3481 2253 3552 ῥοῶν
2287 3481 2580 3552 ἀκρόδρυα,
2607 3482 2678 3536 τά
2700 3497 2758 3533 τε
2793 3479 2954 3532 λοιπὰ
2988 3479 3096 3531 τῶν
3127 3480 3444 3549 ἀρωμάτων
3469 3479 3642 3534 ἐστὶν.
3675 3480 3710 3532 ἃ

2111 3574 2386 3646 διεξῆλθεν
2408 3577 2436 3629 ὁ
2463 3575 2641 3643 λόγος,
2663 3573 2758 3627 καὶ
2775 3573 2892 3644 μετ’
2915 3573 3094 3626 αὐτῶν
3115 3572 3333 3645 σμύρνα
3349 3591 3412 3626 τε
3431 3574 3529 3626 κα)⁵
3552 3574 3709 3642 eun,

2113 3667 2293 3722 καὶτὰ
2313 3667 2504 3736 πρῶτα
2529 3666 2695 3736 μύρα.
2721 3668 2799 3718 Δι’
2817 3666 3040 3718 ἐκείνων
3056 3665 3155 3736 μὲν
3173 3665 3299 3737 γάρ,
3329 3665 3432 3736 τῆς
3458 3667 3709 3737 σμύρνης

2113 3759 2256 3827 λέγω
2275 3759 2484 3828 καὶτῆς
2511 3758 2696 3825 ἀλόης,
2728 3758 2824 3827 τὴν
2843 3757 2943 3825 τῆς
2966 3755 3147 3824 ταφῆς
3179 3757 3471 3810 κοινωνίαν
3495 3758 3711 3810 δείκνυο

2111 3867 2223 3904 ται·
2254 3849 2437 3912 καθώς
2456 3867 2586 3920 φησι
2604 3849 2665 3902 τὸ
2679 3848 2880 3918 ὑψηλὸν
2905 3847 3257 3915 Εὐαγγέλιον,
3276 3849 3356 3900 ὅτι
3379 3847 3471 3900 διὰ
3497 3849 3710 3901 τούτων

2113 3945 2330 4012 ἐγένετο
2376 3944 2404 3996 ὁ
2447 3942 2812 4012 ὲνταφιασμὸς
2853 3941 2935 4012 τῷ
2977 3941 3118 4012 ὑπὲρ
3166 3942 3327 4012 ἡμῶν
3375 3943 3709 4013 γευσαμένῳ

2115 4035 2368 4090 θανάτου.
2415 4037 2513 4089 Διὰ
2552 4035 2606 4086 δὲ
2638 4033 2746 4086 τῶν
2775 4032 3008 4105 πρώτων
3055 4032 3243 4104 μύρων
3275 4034 3338 4086 τὸ
3366 4035 3618 4105 καθαρόν
3650 4051 3707 4087 τε

2115 4129 2210 4182 καὶ
2264 4126 2464 4198 ἀμιγὲς
2515 4126 2696 4196 πάσης
2741 4124 3053 4195 καπηλικῆς
3087 4124 3439 4196 ῥᾳδιουργίας
3469 4128 3500 4179 ό
3553 4127 3708 4195 λόγος

2115 4219 2481 4281 ἐνδείκνυται,
2509 4217 2698 4288 ὥσπερ
2737 4217 2833 4269 καὶ
2873 4218 2925 4269 Ἀ
2939 4217 3053 4288 μὼς
3075 4220 3188 4281 τοῖς
3216 4217 3306 4271 διά
3335 4217 3551 4272 τούτων
3580 4237 3707 4290 τρυ-

2116 4311 2257 4380 φῶσι
2285 4311 2511 4366 τοιαῦτα
2542 4311 2828 4382 προφέρει,
2856 4310 3033 4378 λέγων
3057 4326 3069 4339 ·
3099 4311 3165 4363 Ol
3186 4309 3291 4362 τὸν
3309 4309 3712 4380 διυλισμένον

427 4409 478 4454 et
507 4398 697 4454 vitulos
723 4397 976 4451 lactentes
1003 4409 1069 4450 ex
1097 4393 1268 4450 medio
1297 4403 1562 4455 armento,
1613 4403 1662 4447 et
1690 4392 1895 4447 saltant
1943 4391 2011 4444 ad

2117 4399 2287 4458 οἶνον
2329 4404 2641 4470 πίνοντες,
2677 4404 2774 4456 καί
2808 4403 2882 4457 τὰ
2926 4399 3128 4471 πρῶτα
3161 4401 3326 4471 μῦρα
3362 4404 3703 4473 χριόμενον

429 4509 604 4548 vocem
629 4507 948 4563 organorum
969 4490 1017 4522 "
1057 4507 1072 4543 :
1106 4489 1247 4544 adeo
1270 4497 1329 4542 ut
1351 4502 1530 4558 neque
1549 4486 1632 4542 fex
1661 4486 1848 4540 vinum
1877 4501 2010 4540 con-

429 4587 637 4653 turbet,
667 4601 847 4656 neque
872 4585 928 4639 in
960 4590 1244 4654 unguento
1271 4583 1457 4637 mistio
1475 4589 1797 4651 corrumpat
1827 4583 2007 4636 since-

429 4677 654 4732 ritatem
686 4676 816 4732 boui
839 4675 1048 4732 odoris.
1071 4675 1176 4729 Sed
1208 4675 1322 4729 illic
1349 4673 1572 4745 quidem
1597 4675 1824 4727 omnino
1846 4688 2013 4743 Opor-

427 4776 508 4824 tet
529 4766 849 4824 existimare
877 4765 1201 4836 prophetam
1218 4766 1552 4836 exprobrare
1571 4763 2017 4835 lsraelitis,iquod

429 4859 671 4916 ferentes
704 4873 916 4914 merum
959 4859 1190 4914 verbum
1235 4856 1544 4929 Scriptura:
1587 4859 1818 4913 omnino
1860 4855 2012 4912 defe-

427 4961 616 5008 catum
651 4965 715 5006 ac
746 4952 1111 5021 percolatum,
1139 4959 1195 5006 et
1217 4950 1423 5006 bonum
1469 4950 1740 5006 habentes
1786 4949 2013 5004 odorem

430 5051 840 5115 unguentorum
874 5043 1102 5096 minime
1129 5041 1544 5106 conturbatum,
1603 5050 1658 5096 et
1710 5041 2015 5110 spiritualis

428 5136 576 5208 epuli
600 5135 815 5192 deliciis
841 5150 902 5190 se
927 5134 1153 5188 omnino
1196 5134 1514 5203 explentes,
1547 5150 1612 5187 ex
1643 5133 1710 5187 iis
1739 5133 2014 5187 commodi

429 5227 570 5282 nihil
597 5227 822 5281 omnino
849 5226 1295 5296 ceperint:malo
1324 5240 1517 5279 eorum
1540 5225 1794 5280 instituto
1825 5232 2014 5280 trans-

430 5329 683 5374 mutante
708 5319 825 5385 vini
881 5317 1338 5388 perspicuitatem
1391 5318 1448 5371 in
1477 5316 1755 5372 turbidam
1791 5332 2018 5386 perver-

432 5414 666 5475 sionem,
725 5422 780 5467 et
836 5427 933 5482 per
983 5425 1279 5480 pravorum
1317 5409 1687 5481 cogitatorum
1729 5409 2018 5465 admistio-

432 5520 558 5560 nem
589 5504 852 5574 perdente
905 5505 1204 5575 puritatem
1244 5503 1554 5569 primorum
1581 5513 2015 5574 unguentorum.

433 5592 535 5648 llic
568 5605 749 5651 autem
783 5596 1065 5666 Scriptura
1081 5595 1272 5650 tribuit
1301 5611 1519 5666 sponsae
1546 5610 1679 5664 pura
1718 5606 1772 5651 et
1793 5597 2017 5652 minime

502 5769 555 5806 "
571 5769 767 5842 Ephes.
801 5789 859 5842 ν,
892 5774 924 5831 8
949 5790 970 5841 ;
996 5770 1235 5830 l'l‘bess.
1271 5789 1325 5840 v,
1375 5772 1430 5829 5.
1508 5772 1554 5806 ”
1577 5769 1735 5828 Joan.
1770 5773 1999 5839 xu,59.
2071 5771 2119 5806 ’δ
2145 5771 2314 5829 Amos
2334 5787 2408 5839 vr,
2444 5772 2513 5856 6._

2119 4495 2212 4547 καὶ
2258 4493 2366 4565 πρὸ
2407 4493 2631 4558 τούτων,
2660 4495 2727 4546 Ol
2759 4493 3090 4557 ἐσθίοντες,
3132 4492 3330 4561 φησὶν,
3359 4493 3615 4562 ἐρίφους
3645 4494 3710 4548 ἐκ

2117 4588 2418 4656 ποιμνίου,
2455 4587 2554 4640 καὶ
2587 4587 2892 4657 μοσχάρια
2917 4588 2986 4642 ἐκ
3013 4586 3208 4657 μέσου
3232 4587 3590 4651 ,Βουκολίων
3614 4604 3710 4656 γα-

2119 4679 2384 4747 λαθηνὰ,
2415 4679 2515 4733 καὶ
2553 4682 2606 4733 οἱ
2635 4679 3092 4748 ἐπικροτοῦντες
3138 4679 3290 4746 πρὸς
3342 4677 3464 4740 τὴν
3502 4680 3715 4748 φωνὴν

2120 4770 2238 4824 τῶν
2260 4770 2548 4840 ὀργάνων·
2572 4771 2648 4836 ὡς
2665 4770 2788 4825 οὔτε
2801 4772 2892 4825 τὸν
2907 4767 3049 4826 οἶνον
3070 4772 3298 4842 τρυγίας
3319 4771 3713 4841 άναθολούσης,

2121 4860 2246 4915 οὗτε
2277 4863 2369 4914 ἐπὶ
2401 4861 2495 4916 τοῦ
2529 4863 2702 4933 μύρου
2751 4863 2954 4933 μίξεὼς
2979 4881 3126 4927 τινος
3161 4863 3221 4917 τὸ
3261 4865 3575 4934 ἀκραιφνὲς
3621 4867 3715 4935 τῆς

2122 4955 2384 5026 εύοσμίας
2408 4955 2852 5026 διαφθειρούσης.
2892 4955 3030 5008 Ἀλλ’
3057 4957 3175 5009 ὲκεί
3202 4955 3301 5026 μὲν
3327 4956 3553 5020 πάντως
3583 4959 3718 5011 ὀνει-

2121 5047 2288 5110 δίζειν
2316 5045 2524 5100 οἴεσθαι
2559 5045 2664 5118 χρὴ
2687 5049 2800 5109 τοίς
2837 5045 3200 5117 Ἰσραηλίταις
3223 5045 3323 5117 τὴν
3347 5048 3716 5116 προφητείαν,

2124 5139 2206 5192 ὅτι
2247 5138 2485 5208 ἄκρατον
2513 5137 2611 5207 τῆς
2636 5137 2863 5208 Γραφῆς
2893 5139 3293 5210 ἐμφορούμενοι
3340 5139 3504 5207 λόγον
3539 5144 3716 5209 πάσης

2117 5229 2347 5300 τρυγίας
2378 5228 2741 5299 διυλισμένον,
2783 5230 2878 5280 καὶ
2921 5227 3189 5281 άδόλωτον
3219 5228 3438 5298 ἔχοντες
3473 5230 3586 5281 τῶν
3623 5231 3718 5300 μύ-

2123 5341 2232 5396 ρων
2265 5323 2364 5393 τὴν
2393 5322 2685 5392 εύοδμίαν,
2730 5321 2827 5374 καὶ
2858 5320 2946 5374 διὰ
2989 5321 3208 5374 πάντων
3251 5323 3716 5390 κατατρυφῶντες

2119 5415 2221 5485 τῆς
2265 5415 2641 5486 πνευματικῆς
2683 5413 3040 5477 πανδαισίας,
3085 5413 3240 5466 οὐδὲν
3288 5413 3586 5468 ἀπώναντο
3623 5417 3716 5484 τῆς

2121 5505 2378 5575 τοιαύτης
2404 5489 2637 5575 τρυφῆς,
2668 5505 2768 5574 τῆς
2798 5503 2976 5573 κακῆς
3004 5503 3379 5575 προαιρέσεως
3409 5504 3596 5558 αὐτῶν
3627 5508 3712 5558 καὶ

2123 5598 2186 5650 τὸ
2231 5596 2451 5666 διαυγὲς
2496 5595 2591 5650 τοῦ
2630 5597 2775 5650 οἴνου
2805 5599 2887 5660 είς
2932 5597 3248 5669 ἀνατροπὴν
3279 5596 3514 5668 θολεράν
3561 5617 3712 5670 μετα·

2609 5772 2658 5805 ⁸⁸
2678 5771 2811 5828 ibid.
2843 5771 2900 5825 4.
