3854 6216
153 328 256 385 977

1177 330 1244 386 IN
1265 332 1562 390 CANTICA
1584 333 1856 392 CANTlC.
1899 332 2180 390 HOMILIA
2220 331 2311 390 IX.

3283 323 3389 383 978

153 445 431 519 ποιούσης,
474 449 569 501 καὶ
613 447 672 502 τὺ
701 448 937 520 καθαρὸν
979 450 1087 503 τῶν
1126 451 1357 522 πρώτων
1406 455 1593 527 μύρων
1637 456 1722 510 διὰ
1755 497 1761 521 γ

1860 456 2130 509 dulterina
2155 452 2431 522 dogmata,
2451 465 2547 521 per
2566 447 2973 522 productionem
2993 444 3266 500 fructuum
3288 441 3388 509 pri-

153 541 253 608 τῆς
276 539 383 592 τῶν
409 537 662 608 πονηρῶν
685 540 970 610 νοημάτων
994 541 1273 611 ἐπιμιξίας
1299 544 1360 597 λυ
1368 547 1719 616 μαινομένης.

168 629 431 684 Ἐνταῦθα
470 631 652 700 μέντοι
700 631 762 684 τὸ
815 632 1194 704 ἀκιὸδήλευτόν
1232 653 1291 688 τε
1342 638 1437 690 καὶ
1489 637 1729 709 καθαρὸν

156 723 268 776 τῶν
301 721 587 792 δογμάτων
622 726 887 795 μαρτυρεί
916 726 981 795 τῇ
1015 724 1202 800 νύμφῃ
1243 729 1270 779 6
1299 728 1487 797 λόγος,
1518 729 1606 783 διὰ
1631 730 1730 799 τῆς

156 813 267 867 τῶν
295 812 526 882 πρώτων
557 813 742 885 μύρων
774 817 1172 888 καρποφορίας.
1213 820 1323 873 Καὶ
1354 822 1476 875 ούδέ
1521 823 1578 875 ἐν
1609 821 1733 875 τού-

157 922 273 968 τοις
314 906 444 976 ἐστη
491 904 615 959 οὔτε
661 907 696 977 ἡ
744 905 954 978 νύμφη,
1000 910 1113 972 τοῖς
1149 910 1498 984 ὑψηλοτέροις
1533 912 1732 984 ἑαυτὴν

161 996 575 1060 ἐπεκτείνουσα,
605 994 727 1048 οὗτε
756 998 784 1049 6
809 995 966 1064 λόγος
996 999 1274 1069 συνεργῶν
1302 1003 1439 1072 αὐτῇ
1471 1002 1608 1074 πρὸς
1633 1003 1734 1072 τὴν

162 1084 364 1138 ἄνοδον.
388 1078 495 1146 Ἶίς
523 1084 631 1154 γὰρ
658 1085 722 1138 ἐκ
742 1085 836 1138 τοῦ
858 1085 1125 1155 στόματος
1149 1090 1440 1144 ἀποστολαὶ
1465 1091 1603 1162 ῥοῶν
1629 1095 1733 1146 είσι

163 1175 257 1230 καὶ
281 1176 585 1245 ἀρωμάτων
628 1175 978 1246 παράδεισοι,
1027 1176 1164 1248 αὕτη
1188 1178 1283 1232 νῦν
1313 1181 1461 1252 πηγὴ
1491 1181 1732 1250 γίνεται,

162 1264 288 1326 τοὺς
314 1262 374 1328 ἐξ
396 1265 562 1335 αὐτῆς
593 1265 929 1334 ἀναφυέντας
955 1267 1320 1335 παραδείσους
1349 1271 1696 1342 κατάρδουσα
1713 1287 1730 1303 ο

162 1354 262 1423 οὐχ
289 1353 363 1415 ὡς
392 1355 484 1407 ἐπὶ
524 1353 616 1408 τοῦ
650 1355 861 1409 Παύλου
894 1372 955 1408 τε
993 1357 1088 1408 καὶ
1135 1359 1374 1412 Ἀπολλῶ
1418 1361 1739 1432 μεμαθήκα-

169 1453 288 1508 μεν,
319 1438 394 1501 ὡς
430 1439 522 1492 τοῦ
551 1441 651 1510 μὲν
684 1442 1029 1511 φυτεύοντος,
1061 1443 1155 1498 τοῦ
1187 1446 1244 1499 δὲ
1273 1447 1460 1519 ἐτέρου
1490 1449 1738 1512 ποτίζον-

165 1544 259 1592 τος
277 1546 291 1561 ·
320 1529 436 1583 ἀλλ’
464 1529 604 1602 αὕτη
629 1532 698 1586 τὰ
722 1533 816 1587 δύο
843 1537 1150 1610 ἐργάζεται.
1178 1538 1386 1607 φύουσα
1405 1541 1532 1603 τοὺς
1564 1558 1740 1611 παρα·

1827 563 2038 603 morum
2067 543 2603 616 unguentorum.Sed
2619 557 2718 598 nec
2735 542 2790 595 in
2808 541 2892 594 his
2910 535 3153 594 substitit
3169 547 3390 603 sponsa.

1827 637 2121 708 quominus
2139 650 2198 692 se
2233 634 2550 690 extenderet
2573 634 2638 688 ad
2667 633 2881 695 altiora,
2909 642 3086 697 neque
3107 624 3392 694 Scriptura

1827 724 2126 795 quominus
2167 725 2217 779 ei
2241 737 2396 792 opem
2428 721 2594 778 ferret
2619 721 2686 776 ad
2715 733 3022 776 ascensum.
3049 715 3220 785 Cujus
3249 713 3393 766 enim

1828 831 1894 871 ex
1925 829 2020 870 ore
2037 821 2164 870 sunt
2188 814 2513 871 emissiones
2538 813 2804 867 malorum
2824 811 3144 880 punicorum
3170 813 3224 860 et
3240 817 3396 874 para-

1830 904 1937 960 disi
1980 912 2305 969 aromatum,
2327 918 2391 959 ea
2417 918 2565 958 nunc
2593 903 2651 957 lit
2670 902 2811 965 fons,
2829 901 3065 970 irrigans
3093 897 3282 950 hortos
3304 893 3396 963 qui

1832 1009 1899 1052 ex
1927 1011 1990 1051 ea
2019 997 2124 1050 orti
2142 1006 2271 1050 sunt
2290 1013 2302 1050 :
2323 1010 2432 1050 non
2463 995 2606 1050 sicut
2629 993 2697 1048 de
2722 992 2891 1047 Paulo
2920 998 2974 1045 et
3002 988 3193 1059 Apollo
3206 986 3399 1040 didici-

1833 1098 1981 1150 mus,
2015 1083 2159 1152 quod
2188 1084 2324 1138 alter
2352 1084 2572 1151 quidem
2616 1082 2913 1151 plantaret,
2962 1080 3100 1134 alter
3127 1090 3256 1131 vero
3281 1074 3402 1129 irri-

1835 1182 2019 1243 garet;
2051 1175 2147 1229 sed
2200 1175 2320 1245 ipsa
2350 1174 2459 1230 duo
2511 1181 2794 1245 operatur,
2856 1179 2916 1225 ut
2959 1184 3084 1240 quas
3132 1167 3295 1223 simul
3349 1174 3404 1220 et

1837 1264 2042 1332 plantet
2072 1264 2260 1320 hortos
2287 1274 2340 1327 et
2376 1265 2587 1336 irriget.
2608 1261 2868 1318 Fortasse
2899 1267 3084 1314 autem
3115 1254 3403 1313 sublimio-

1838 1369 1952 1408 rem
1979 1370 2199 1426 quoque
2221 1356 2462 1426 aliquam
2489 1357 2760 1411 rationem
2798 1354 2918 1407 laus
2949 1351 3217 1406 continet.
3262 1343 3406 1400 Dicit

1837 1446 1983 1500 enim
2013 1461 2138 1501 eum
2171 1462 2297 1504 esse
2327 1448 2532 1503 fontem
2567 1463 2679 1502 non
2729 1443 2917 1499 liuenti
2957 1442 3104 1513 quod
3158 1437 3405 1510 proﬂuit.

1844 1537 1942 1592 sed
1974 1537 2257 1592 hortorum
2297 1558 2311 1593 :
2349 1554 2458 1593 non
2487 1540 2703 1609 aliquas
2742 1552 3011 1606 aquarum
3064 1530 3408 1593 eﬂluxinnes,

166 1618 374 1684 δείσους
395 1623 554 1692 ὁμοῦ,
585 1627 679 1679 καὶ
708 1628 1020 1693 ποτίζουσα.
1039 1632 1110 1684 Ἦ
1128 1631 1266 1700 τάχα
1286 1631 1383 1683 καὶ
1412 1630 1741 1702 ὑψηλότερόν

1860 1627 1940 1682 sed
1963 1627 2150 1681 hortos
2191 1628 2344 1698 ipsos
2393 1628 2736 1698 irrigantem.
2779 1626 2858 1680 Ita
2897 1625 3168 1679 animatos
3222 1620 3412 1675 hortos

166 1724 289 1761 τινα
319 1709 476 1778 λόγον
531 1715 776 1785 περιέχει
796 1718 826 1768 6
858 1717 1100 1783 ἔπαινος.
1123 1718 1312 1790 Πηγὴν
1339 1719 1448 1790 γὰρ
1475 1721 1643 1788 αὐτὴν
1678 1719 1740 1771 ού

1860 1733 2100 1772 emanare
2129 1717 2257 1772 fecit
2287 1719 2505 1774 divinus
2535 1719 2824 1788 Apostolus
2851 1717 2918 1782 °°,
2945 1731 3041 1772 eos
3092 1713 3236 1784 apud
3275 1723 3416 1779 quos

166 1798 405 1868 νάματος
435 1805 796 1875 προχεομένου
825 1808 988 1874 τινὸς,
1007 1809 1142 1864 ἀλλὰ
1163 1811 1354 1880 κήπων
1374 1805 1509 1863 εἶναί
1536 1825 1698 1879 φησιν
1721 1825 1734 1838 ·

1860 1807 1963 1873 'uit,
1993 1823 2088 1876 per
2109 1807 2413 1861 doctrinam
2439 1807 2623 1863 enasci
2648 1807 2856 1862 faciens
2882 1805 3102 1859 hortum
3133 1798 3412 1854 Ecclesiae.

165 1888 266 1960 οὐχ
294 1892 499 1945 ὑδάτων
514 1894 665 1958 τινὰς
687 1897 980 1968 ἀπορροάς,
997 1899 1111 1952 ἀλλ’
1126 1900 1323 1961 αὐτοὺς
1343 1900 1469 1962 τοὺς
1492 1899 1703 1970 κήπους
1730 1894 2075 1965 πηγάζουσάν
2089 1913 2148 1950 τε
2166 1898 2260 1950 καὶ
2286 1897 2682 1968 άναὸρύουσαν.
2705 1895 2890 1958 Οὕτως
2918 1893 3151 1964 ἁνέδρυε
3166 1893 3290 1954 τοὺς
3320 1893 3417 1960 ἐμ-

167 1979 372 2050 ψύχους
383 1983 589 2051 κήπους
608 1985 635 2036 6
651 1983 790 2047 θεῖος
803 1986 1141 2050 Ἀπόστολος,
1157 1989 1284 2057 παρ’
1297 1981 1376 2049 οἷς
1388 1986 1452 2040 ἂν
1468 1988 1703 2056 ἐγένετο,
1720 1985 1809 2038 τὸν
1823 1984 1923 2055 τῆς
1939 1986 2260 2055 Ἐκκλησίας
2276 1987 2604 2059 παράδεισον
2616 1987 2702 2039 διὰ
2711 1988 2808 2056 τῆς
2819 1984 3163 2047 διδασκαλίας
3180 1983 3418 2051 ἐκφύων.

242 2063 376 2119 Εἶτα
399 2069 533 2140 πρὸς
561 2069 621 2122 τὸ
660 2072 958 2142 ἀκρότατον
989 2073 1112 2141 άγει
1137 2076 1236 2143 τὴν
1263 2073 1478 2144 νύμφην
1515 2073 1603 2126 διά
1633 2072 1744 2126 τῶν
1775 2079 1816 2134 Β

169 2159 410 2212 ἐπαίνων
458 2163 486 2213 6
546 2160 732 2229 λόγος,
784 2165 961 2236 φρέαρ
1012 2164 1181 2235 αὐτὴν
1235 2165 1506 2234 ὀνομάσας
1559 2163 1746 2226 ὓδατος

173 2248 407 2314 ζῶντος,
447 2253 541 2305 καὶ
593 2253 898 2323 ροιξοῦντος
941 2256 1050 2308 άπδ
1094 2256 1187 2310 τοῦ
1232 2256 1487 2310 Λιϐάνου.
1544 2257 1610 2308 “A
1639 2256 1748 2325 γάρ

175 2341 304 2412 περὶ
349 2342 447 2410 τῆς
476 2341 741 2405 ζωοποιοῦ
788 2344 1191 2415 μεμαθήκαμεν
1227 2344 1440 2413 φύσεως
1471 2344 1620 2414 παρὰ
1651 2345 1750 2414 τῆς

169 2429 336 2498 ,ἁγίας
364 2431 404 2482 Γ
411 2432 606 2502 ραφῆς.
634 2433 728 2486 νῦν
765 2434 863 2504 μὲν
896 2434 997 2504 τῆς
1024 2435 1358 2506 προφητείας
1399 2434 1661 2504 λεγούσης
1688 2435 1751 2484 ἐκ

177 2518 473 2589 προσώπου
502 2521 596 2574 τοῦ
625 2522 759 2576 Θεοῦ
781 2565 795 2588 ,
820 2526 902 2578 ὄτι
955 2526 1093 2594 Ἐμὲ
1113 2525 1510 2596 ἐγκατέλιπον
1546 2523 1752 2593 πηγὴν

175 2608 398 2675 ὕδατος
425 2609 638 2678 ζῶντος
659 2629 673 2644 ·
710 2614 870 2668 πάλιν
909 2615 964 2667 δὲ
989 2614 1084 2668 τοῦ
1116 2616 1320 2686 Κυρίου
1353 2615 1488 2685 πρὸς
1509 2615 1610 2685 τὴν
1645 2616 1750 2669 Σα-

180 2703 428 2772 μαρεῖτιν
458 2702 731 2767 εἰπόντος’
761 2708 832 2758 Ei
858 2703 1021 2773 ᾔδεις
1050 2706 1164 2773 τὴν
1189 2706 1416 2774 δωρεὰν
1442 2704 1549 2758 τοῦ
1579 2705 1748 2768 Θεοῦ,

179 2791 280 2846 καί
307 2793 400 2859 τίς
430 2793 601 2847 ἐστιν
631 2798 663 2849 o’
691 2795 883 2864 λέγων
923 2810 1060 2850 σοι·
1099 2798 1212 2863 Δός
1239 2816 1342 2867 μοι
1379 2797 1535 2866 ὕδωρ
1575 2796 1754 2861 πιεῖνν

181 2882 265 2936 σὺ
296 2881 374 2936 ἃν
414 2883 646 2952 ᾔτησας
687 2886 904 2950 αὑτὸν,
954 2887 1052 2940 καί
1083 2888 1305 2942 ἔδωκεν
1333 2888 1410 2941 ἄν
1451 2903 1551 2942 σοι
1603 2887 1758 2956 ὕδωρ

183 2971 323 3033 ζῶν·
361 2975 474 3038 καὶ,
503 2976 578 3030 El
607 2993 697 3042 τις
725 2975 908 3044 διψᾷ,
944 2977 1210 3047 ἐρχέσθω
1247 2979 1397 3047 πρὸς
1427 2978 1507 3047 μὲ
1539 2976 1637 3032 καὶ
1668 2990 1760 3030 πι-

181 3063 355 3120 νέτω.
404 3066 459 3117 '0
494 3067 604 3136 τὰρ
649 3069 949 3122 πιστεύων
992 3071 1077 3136 εὶς
1125 3069 1228 3139 ἐμὲ
1251 3109 1265 3133 ,
1313 3069 1506 3134 καθὼς
1529 3065 1696 3122 εἶπεν
1721 3069 1759 3137 ἠ

194 3157 428 3226 Γραφὴ,
463 3159 713 3228 ποταμοὶ
739 3160 806 3214 ἐκ
829 3159 938 3228 τῆς
961 3161 1193 3227 κοιλίας
1227 3161 1411 3216 αὐτοῦ
1426 3158 1764 3224 ῥεύσουσιν

177 3244 402 3307 ὕδατος
415 3243 647 3308 ζῶντος.
672 3245 853 3297 Τοῦτο
865 3241 932 3296 δὲ
944 3244 1116 3314 ἔλεγε
1130 3246 1382 3315 περὶτοῦ
1397 3251 1763 3323 Πνεύματος,

177 3329 252 3388 οὗ
280 3334 543 3403 ἔμελλον
566 3335 894 3404 λαμϐάνειν
927 3337 982 3390 οἱ
1011 3339 1403 3404 πιστεύοντες
1437 3343 1526 3407 είς
1553 3346 1759 3404 αὐτόν.

185 3422 474 3495 Πανταχοῦ
505 3424 684 3480 τοίνυν
719 3427 817 3498 τῆς
867 3427 1019 3492 θείας
1059 3429 1274 3498 φύσεως
1312 3431 1399 3484 διὰ
1430 3406 1524 3484 τοῦ
1565 3430 1766 3495 ζῶντος
1791 3406 1834 3465 C

187 3513 387 3578 ὓδατος
417 3516 730 3588 νοουμένης,
761 3518 996 3573 ἐνταῦθα
1039 3521 1073 3591 ή
1105 3521 1341 3594 ἀψευδὴς
1374 3521 1644 3592 μαρτυρία
1672 3519 1765 3574 τοῦ

183 3607 347 3676 λόγου
383 3607 562 3678 φρέαρ
591 3607 783 3672 ὓδατος
804 3609 900 3681 τὴν
931 3611 1149 3682 νύμφην
1178 3607 1319 3666 εἶναι
1359 3611 1690 3682 συνίστησιν,
1723 3605 1768 3679 ᾧ

186 3701 254 3752 ἐκ
303 3697 401 3752 τοῦ
445 3698 678 3753 Λιϐάνου
723 3700 871 3755 ἐστὶν
903 3705 936 3773 ἡ
967 3703 1127 3775 φορά.
1164 3701 1334 3756 Τοῦτο
1371 3703 1436 3774 δὴ
1469 3702 1530 3756 τὸ
1553 3702 1768 3755 πάντων

187 3789 646 3861 παραδοξότατον.
689 3792 913 3847 Πάντων
950 3793 1058 3864 γὰρ
1109 3793 1218 3846 τῶν
1251 3794 1500 3864 φρεάτων
1520 3834 1536 3858 ,
1585 3795 1643 3848 ἐν
1679 3810 1772 3847 συ⁹

191 3882 436 3950 στήματι
473 3879 534 3932 τὸ
582 3877 724 3950 ὕδωρ
750 3881 1003 3950 ἐχόντων,
1032 3882 1166 3953 μόνη
1201 3882 1444 3954 ήνύμφη
1481 3881 1771 3948 διεξοδικὸν

192 3972 252 4025 ἐν
286 3969 455 4042 ἐαυτῇ
486 3971 597 4041 ἔχει
623 3971 684 4024 τδ
707 3971 872 4044 ὕδωρ,
912 3971 1052 4026 ὥστε
1086 3972 1148 4025 τὸ
1179 3974 1276 4043 μὲν
1307 3971 1468 4043 βάθος
1499 3971 1642 4040 ἔχειν
1675 3969 1770 4024 τοῦ

193 4061 456 4130 φρέατος,
483 4060 576 4114 τοῦ
597 4061 654 4114 δέ
688 4061 934 4132 ποταμοῦ
958 4062 1018 4115 τὸ
1039 4063 1366 4134 ἀεικίνητον.
1392 4061 1489 4124 Τίς
1513 4062 1621 4131 γάρ
1653 4061 1772 4114 κατ’

192 4149 359 4216 ἀξίαν
383 4148 624 4218 ἐφίκοιτο
636 4150 743 4204 τῶν
767 4151 1232 4222 ὑποδεικνυμένων
1248 4151 1564 4222 θαυμάτων,
1590 4149 1664 4214 ὼς
1684 4149 1776 4204 διὰ

191 4239 296 4308 τῆς
339 4237 436 4292 νῦν
483 4239 842 4310 ἐγγινομένης
865 4240 1001 4311 αὐτῇ
1025 4239 1374 4310 “όμοιώσεως;
1412 4241 1566 4312 Τάχα
1593 4241 1776 4295 οὐκέτι

191 4329 308 4400 ἔχει
332 4330 467 4383 ὅπου
483 4329 678 4402 ἑαυτὴν
695 4330 796 4382 ὑπε
806 4329 944 4402 ράρῃ
959 4330 1047 4384 διὰ
1059 4331 1274 4384 πάντων
1291 4330 1620 4401 ὁμοιωθεῖσα
1641 4330 1778 4401 πρὸς

192 4420 256 4472 τὸ
281 4419 587 4490 ἀρχέτυπον
617 4419 831 4482 κάλλος.
873 4419 1192 4491 Μεμίμηται
1218 4419 1326 4488 γὰρ
1371 4417 1442 4472 δι’
1487 4418 1779 4491 ἀκριϐείας

192 4512 264 4581 τῇ
318 4510 421 4581 μὲν
466 4513 618 4580 πηγῇ
657 4510 756 4582 τὴν
794 4511 999 4582 πηγὴν,
1048 4514 1114 4582 τῇ
1145 4511 1202 4565 δὲ
1242 4510 1354 4580 ζωῇ
1387 4509 1486 4581 τὴν
1520 4509 1687 4581 ζωὴν,
1719 4510 1781 4563 τὸ

194 4600 258 4653 δὲ
287 4599 434 4670 ὕδωρ
467 4598 547 4670 τῷ
588 4599 760 4654 ὕδατι.
797 4601 913 4653 Ζῶν
944 4601 972 4652 6
1011 4599 1168 4668 λόγος
1193 4599 1287 4652 τοῦ
1315 4598 1450 4652 Θεοῦ
1470 4640 1485 4664 ,
1519 4597 1585 4670 ζῇ
1622 4599 1714 4652 καὶ
1746 4599 1781 4670 ἡ

194 4692 295 4744 τὸν
327 4690 501 4758 Λόγον
522 4689 787 4763 δεξαμένη
817 4691 985 4762 ψυχή.
1012 4691 1087 4743 T6
1114 4691 1170 4744 δὲ
1198 4689 1340 4761 ὓδωρ
1379 4691 1552 4743 ἐκεῖνο
1587 4691 1649 4742 ἐκ
1686 4688 1778 4742 τοῦ

197 4780 340 4834 Θεοῦ
376 4781 510 4852 ῥέει,
533 4781 717 4838 καθώς
750 4799 914 4852 φησιν
951 4783 985 4851 ἡ
1020 4781 1192 4852 πηγὴ,
1223 4781 1304 4833 ὅτι
1356 4781 1458 4833 Ἐκ
1493 4779 1601 4833 τοῦ
1632 4778 1781 4833 Θεοῦ

197 4869 472 4937 ἐξῆλθον
514 4870 612 4923 καὶ
643 4872 796 4942 ἥκω.
835 4868 982 4939 Λῦτη
1015 4869 1071 4921 δὲ
1101 4869 1344 4939 περιέχει
1371 4867 1432 4920 τὸ
1463 4867 1672 4939 εἰσρέον
1705 4866 1783 4938 τῷ

197 4961 304 5028 τῆς
337 4957 518 5027 ψυχῆς
565 4959 790 5027 φρέατι,
827 4957 922 5010 καὶ
966 4956 1054 5009 διὰ
1099 4955 1255 5010 τοῦτο
1291 4955 1498 5024 γίνεται
1536 4958 1783 5024 ταμιεῖον

198 5047 302 5106 τοῦ
336 5047 538 5112 ζῶντος
577 5048 786 5101 ἐκείνου
827 5046 1014 5108 ὓδατος
1041 5044 1135 5098 τοῦ
1164 5048 1227 5099 ὲκ
1256 5044 1351 5098 τοῦ
1375 5043 1606 5098 Λιϐάνου
1635 5043 1786 5115 ῥέον-

199 5154 322 5202 τος,
354 5137 556 5208 μᾶλλον
584 5137 640 5191 δὲ
664 5137 988 5209 ῥοιςοῦντος,
1021 5134 1202 5197 καθὼς
1236 5135 1266 5186 ὀ
1297 5135 1457 5203 λόγος
1481 5133 1783 5203 ὠνόμασεν.

203 5223 289 5283 Οὗ
348 5229 444 5282 καὶ
493 5229 654 5298 ἡμεῖς
701 5228 991 5298 γενοίμεθα
1045 5227 1294 5297 μέτοχοι,
1347 5226 1674 5296 κτησάμενοι
1724 5225 1786 5278 τὸ

204 5319 394 5391 φρέαρ
435 5319 630 5383 ἐκεῖνο,
660 5319 748 5372 ἵνα
787 5317 927 5373 κατὰ
964 5317 1026 5370 τὸ
1052 5318 1151 5386 τῆς
1186 5315 1376 5385 σοφίας
1419 5315 1784 5398 παράγγελμα

202 5389 485 5480 ἡμέτερον
512 5409 756 5479 πίνωμεν
792 5408 959 5479 ὕδωρ,
990 5407 1086 5461 καὶ
1108 5406 1182 5478 μὴ
1217 5405 1515 5477 ἀλλότριον.
1552 5406 1640 5458 Ἐν
1663 5389 1795 5477 Χρι-

208 5499 326 5569 στῷ
363 5498 541 5569 Ἰησοῦ
587 5498 778 5571 Κυρίῳ
808 5497 1000 5570 ἡμῶν,
1034 5491 1079 5566 ᾧ
1111 5499 1146 5569 ἡ
1177 5497 1304 5563 δόξα
1327 5498 1407 5561 είς
1436 5498 1561 5561 τοὺς
1592 5495 1794 5561 αἰῶνας

204 5589 327 5645 σιῶν
356 5589 588 5645 αἰώνων.
634 5591 824 5661 Ἀμήν.

1813 4745 1856 4800 [δ
1886 4724 2034 4778 sicut
2069 4719 2190 4775 fons
2226 4719 2360 4773 dicit
2389 4737 2404 4773 :
2436 4703 2551 4774 Ἐκ
2572 4718 2668 4773 deo
2708 4713 2960 4787 processi,
2996 4718 3045 4765 et
3069 4708 3234 4763 ventio.

2011 2071 2218 2129 Deinde
2255 2075 2540 2146 Scriptura
2573 2076 2831 2131 laudibus
2853 2075 2922 2130 ad
2954 2089 3231 2129 summum
3251 2088 3424 2143 spon:

1850 2181 1966 2221 sam
1999 2168 2202 2230 evehit,
2236 2183 2355 2223 eam
2385 2169 2680 2224 nominans
2716 2177 2941 2239 puteum
2974 2183 3129 2238 aqua:
3169 2167 3326 2232 vivae,
3368 2173 3424 2221 et

1848 2271 1974 2310 cum
2001 2259 2204 2329 impetu
2234 2258 2456 2316 ﬂuentis
2503 2275 2570 2314 ex
2598 2259 2826 2314 Libano.
2849 2259 2982 2326 Quae
3006 2261 3150 2314 enim
3174 2273 3203 2312 a
3227 2264 3419 2312 sancta

1853 2347 2135 2419 Scriptura
2161 2351 2228 2405 de
2261 2359 2455 2406 natura
2497 2351 2790 2408 didicimus
2835 2351 3072 2415 viviﬁca,
3114 2365 3261 2404 nunc
3297 2350 3420 2416 qui-

1851 2441 1974 2496 dem
2017 2443 2303 2512 pr0phetia
2342 2444 2475 2499 dicit
2510 2460 2578 2500 ex
2629 2444 2725 2500 Dei
2783 2459 3056 2515 persona:
3090 2442 3177 2497 Me
3208 2444 3423 2512 relique-

1853 2544 1976 2588 runt
2005 2535 2202 2604 fontem
2231 2553 2382 2606 aqua:
2411 2538 2636 2604 virm";
2667 2543 2721 2592 et
2749 2551 2944 2591 rursus
2961 2535 3191 2590 Domino
3208 2534 3427 2589 dicente

1855 2626 2214 2680 Samaritana:
2250 2646 2263 2682 :
2305 2626 2365 2682 Si
2410 2631 2570 2682 scires
2598 2627 2799 2681 donum
2827 2625 2950 2692 Dei,
2991 2626 3187 2695 etquis
3230 2625 3301 2678 sit
3332 2625 3424 2694 qui

1853 2717 1984 2772 dicit
2006 2719 2122 2780 tibi,
2158 2719 2239 2773 Da
2268 2720 2397 2774 mihi
2424 2731 2627 2790 potum,
2660 2731 2716 2774 tu
2745 2720 2982 2787 petiisses
3013 2717 3077 2770 ab
3106 2733 3188 2780 eo,
3238 2729 3288 2770 et
3315 2717 3427 2785 ipse

1857 2808 1953 2860 tibi
1979 2807 2211 2869 dedisset
2261 2825 2454 2878 aquam
2497 2807 2758 2871 vivam";
2785 2815 2840 2862 et
2872 2824 2886 2861 :
2916 2805 2977 2861 Si
3008 2806 3126 2875 quis
3166 2805 3299 2869 sitit,
3343 2820 3428 2857 ve-

1858 2901 1969 2954 niat
2002 2899 2070 2952 ad
2101 2916 2180 2952 me
2209 2909 2259 2952 et
2281 2899 2446 2954 bibat.
2478 2898 2585 2965 Qui
2614 2898 2751 2952 enim
2778 2896 2941 2970 credit
2965 2896 3018 2948 in
3037 2909 3140 2957 me,
3187 2893 3324 2946 sicut
3347 2891 3431 2945 di-

1857 2992 1939 3043 xit
1974 2989 2274 3057 Scriptura,
2327 2989 2553 3057 ﬂumina
2599 3003 2666 3042 ea:
2696 2997 2871 3042 ventre
2915 2985 3028 3053 ejus
3073 2984 3238 3052 ﬂuent
3277 2998 3438 3052 aqua:-

1859 3078 1987 3132 viva:
2015 3091 2034 3130 :
2069 3077 2180 3132 lucc
2230 3087 2404 3130 autem
2450 3076 2656 3130 dicebat
2708 3075 2772 3129 de
2815 3073 3028 3141 Spiritu
3066 3089 3219 3142 quem
3281 3087 3432 3124 acce-

1860 3168 2004 3238 pturi
2032 3176 2187 3223 erant
2217 3169 2308 3238 qui
2339 3167 2618 3222 credebant
2642 3170 2695 3221 in
2716 3167 2917 3220 eum".
2939 3166 3220 3234 Cumergo
3249 3161 3434 3217 divina

1865 3268 2058 3314 natura
2086 3259 2291 3328 ubique
2333 3259 2671 3328 intelligatur
2719 3273 2819 3328 per
2849 3272 3047 3326 aquam
3081 3256 3287 3315 vivam,
3343 3252 3434 3306 hic

1866 3365 2055 3405 verum
2087 3350 2384 3419 Scriptura:
2413 3349 2792 3404 testimonium
2811 3347 3004 3404 statuit
3030 3360 3288 3416 sponsam
3313 3359 3437 3399 esse

1868 3449 2090 3511 puteum
2123 3455 2277 3510 aqua:
2304 3441 2460 3505 vivas,
2495 3440 2588 3512 qui
2618 3456 2745 3496 cum
2796 3440 2998 3510 impetu
3051 3437 3226 3493 fertur
3252 3452 3316 3490 ex
3347 3435 3440 3490 Li-

1867 3531 2030 3586 bano.
2063 3530 2174 3586 Hoc
2210 3538 2392 3584 autent
2418 3538 2503 3586 est
2524 3530 2770 3586 omnium
2807 3528 3043 3584 maxime
3091 3525 3435 3581 admirabile.

1868 3620 2003 3674 Nam
2031 3635 2158 3675 cum
2191 3636 2382 3677 omnes
2425 3621 2576 3692 putei
2620 3634 2818 3690 aquam
2849 3620 3013 3675 simul
3043 3618 3284 3672 habeant
3307 3633 3440 3670 con-

1871 3712 2182 3778 sistentem,
2235 3713 2354 3766 sola
2407 3726 2612 3782 sponsa
2655 3724 2854 3780 aquam
2908 3709 2965 3763 in
3006 3723 3066 3764 se
3107 3707 3272 3762 habet
3308 3721 3436 3776 per-

1871 3799 2166 3868 meantem,
2201 3804 2339 3858 adeo
2366 3812 2424 3857 ut
2453 3803 2603 3874 putei
2636 3800 2972 3872 profundum
3021 3799 3244 3861 habeat,
3285 3796 3436 3851 ﬂuvii

1871 3912 2003 3952 vero
2033 3912 2329 3966 perennem
2360 3897 2678 3950 motionem.
2720 3891 2858 3960 Quis
2889 3898 3073 3947 autem
3117 3905 3216 3960 pro
3253 3889 3436 3959 digni-

1872 3995 1986 4042 tate
2011 3988 2193 4043 verbis
2219 3988 2398 4057 pussit
2426 3985 2646 4056 assequi
2677 3983 2946 4038 miracula
2972 3996 3094 4052 qua:
3134 3981 3441 4036 ostendun-

1873 4088 1965 4136 tur
1990 4095 2086 4152 per
2114 4095 2234 4133 eam
2257 4093 2380 4150 quae
2407 4092 2554 4132 nunc
2598 4076 2742 4131 facta
2793 4083 2880 4130 est
2933 4075 3054 4145 ejus
3105 4069 3448 4126 assimilatio-

1875 4170 2050 4225 nem?
2103 4168 2359 4225 Fortasse
2408 4185 2518 4224 non
2551 4167 2719 4223 habet
2769 4166 3006 4236 amplius
3033 4178 3146 4235 quo
3179 4162 3341 4216 altius
3387 4174 3447 4215 se

1876 4262 2124 4324 extollat,
2154 4277 2251 4332 per
2278 4261 2466 4316 omnia
2499 4261 2801 4316 assimilata
2851 4256 3149 4327 exemplari
3203 4251 3448 4324 pulchri-

1879 4354 2076 4409 tudini.
2104 4352 2307 4409 Exacte
2343 4353 2490 4409 enim
2525 4360 2581 4408 et
2609 4358 2866 4408 accurate
2903 4357 2988 4405 est
3017 4349 3252 4411 imitata,
3298 4343 3448 4398 fonte

1879 4446 2104 4516 quidem
2156 4443 2388 4509 fontem,
2438 4443 2550 4497 vita
2591 4450 2774 4497 autem
2823 4442 3018 4502 vitam,
3063 4451 3206 4507 aqua
3263 4442 3446 4488 autem

1883 4553 2102 4608 aquam.
2139 4535 2310 4592 Vivus
2353 4542 2440 4590 est
2495 4549 2678 4590 sermo
2701 4533 2795 4588 Dei
2829 4531 3005 4587 :vivit
3043 4531 3212 4585 etiam
3260 4525 3451 4608 anima

1883 4605 2006 4701 qua:
2071 4626 2309 4683 Verbum
2359 4627 2621 4695 suscepit.
2688 4624 2840 4694 Aqua
2899 4623 2989 4676 illa
3037 4619 3154 4674 ﬂuit
3199 4605 3270 4672 ex.
3298 4615 3448 4680 Deo,

3327 4709 3452 4778 Ipsa

1883 4821 2063 4868 autem
2103 4825 2228 4866 eum
2263 4809 2512 4863 continet
2540 4808 2635 4878 qui
2669 4806 2846 4860 inﬂuit
2877 4806 2931 4860 in
2967 4812 3194 4874 puteum
3231 4800 3448 4860 animae,

1882 4915 1938 4962 et
1976 4912 2268 4977 prepterea
2304 4901 2363 4956 ﬁt
2421 4898 2857 4971 promptuarium
2908 4909 3065 4964 aqua:
3117 4892 3267 4946 illius
3316 4889 3454 4942 vivas

1885 5014 2007 5068 quae
2037 4995 2156 5051 ﬂuit
2196 5010 2261 5048 ex
2299 4992 2529 5055 Libano,
2569 4991 2655 5045 vel
2680 4989 2862 5059 potius
2888 4985 3008 5040 ﬂuit
3046 4999 3170 5038 cum
3223 4981 3458 5050 impetu,

1887 5093 2032 5146 sicut
2068 5087 2354 5157 Scriptura
2385 5085 2650 5152 loquitur.
2685 5081 2860 5150 Cujus
2889 5094 2990 5132 nos
3020 5089 3238 5147 quoque
3279 5073 3453 5127 simus

1889 5181 2204 5252 participes,
2231 5177 2577 5247 possidentes
2602 5175 2751 5228 illum
2786 5181 3032 5240 puteum,
3062 5175 3121 5220 ut
3142 5178 3456 5234 congruen-

1890 5279 1975 5328 ter
2006 5278 2276 5340 praecepto
2315 5266 2592 5337 sapientiae
2634 5265 2886 5319 bibamus
2931 5269 3177 5314 nostram
3235 5269 3454 5325 aquam,

1893 5370 1949 5418 et
1977 5377 2086 5416 non
2117 5361 2367 5414 alienam.
2419 5357 2476 5411 In
2505 5356 2727 5411 Christo
2778 5352 2907 5407 Jesu
2961 5349 3196 5404 Domino
3241 5356 3465 5414 nostro,

1892 5466 2052 5524 quem
2083 5450 2240 5507 decet
2271 5449 2442 5521 gloria
2484 5449 2541 5503 in
2571 5445 2768 5504 saecula
2800 5441 3152 5500 saeculorum.
3183 5437 3381 5492 Amen.

287 5699 338 5733 ⁸³
372 5695 535 5753 llehr.
560 5711 598 5751 ι.
672 5697 716 5730 ³⁷
755 5693 862 5755 Jer.
901 5713 964 5768 ιι,
1004 5697 1090 5754 15.
1165 5697 1209 5730 ³⁸
1237 5694 1394 5753 Joan.
1439 5710 1513 5762 tv,
1554 5693 1640 5750 l2.
1693 5694 1741 5729 θ’

1860 5705 1941 5748 ιιι..
1977 5703 2076 5755 vn,
2097 5687 2166 5744 37
2194 5702 2312 5758 sqq.
