3854 6216
454 340 564 398 079

1053 456 1341 514 IIOMILIA
1382 461 1446 521 Χ,

527 542 717 616 Surge,
763 548 964 618 aquilo,
1003 558 1053 603 et
1093 551 1228 616 veni,
1279 552 1478 617 auster,
1514 562 1563 606 et
1616 553 1781 622 per/ia
1825 553 2033 606 hortum

459 652 654 697 meum,
704 649 754 691 et
803 638 974 706 ﬂuant
1027 650 1268 694 aromata
1323 658 1458 695 mea.
1503 642 1632 696 CAP.
1689 659 1738 696 ν.
1808 645 1858 698 1,
1931 642 2032 696 De-

455 731 677 791 pcendat
721 731 976 800 patruelis
1023 749 1168 786 meus
1201 731 1270 785 ad
1309 735 1518 786 hortum
1563 751 1739 797 suum,
1781 743 1831 788 et
1861 751 2034 788 eome-

454 822 552 881 dat
589 823 792 892 fruetus
829 840 1104 894 pomorum
1144 841 1380 880 suorum.
1431 825 1683 880 Descendi
1729 827 1784 878 iu
1825 825 2034 880 hortum

455 931 649 980 mam,
682 932 836 970 soror
885 933 1000 970 mea
1044 933 1260 986 sponsa,
1310 919 1503 972 messui
1543 917 1812 988 myrrham
1863 935 2034 972 meam

455 1022 578 1065 cum
637 1008 963 1062 aromatibus
1012 1010 1164 1066 meis.
1218 1007 1434 1063 Comedi
1484 1027 1673 1078 partem
1700 1026 1872 1064 meum
1916 1027 2034 1063 cum

454 1099 609 1157 tnelle
649 1116 785 1164 meo,
819 1099 925 1153 bibi
949 1101 1124 1154 vinum
1169 1118 1339 1155 meum
1367 1119 1484 1155 cum
1515 1103 1650 1156 lacte
1681 1119 1812 1156 meo.
1845 1101 2034 1158 Come-

453 1191 583 1256 dite,
631 1193 811 1257 amici,
861 1202 910 1246 et
948 1192 1126 1258 bibite,
1173 1203 1223 1247 et
1275 1194 1625 1262 inebriamini,
1680 1195 1876 1264 fratres
1909 1196 2030 1249 mei.

451 1283 509 1345 2.
546 1282 658 1357 Ego
689 1282 917 1350 dormio,
947 1297 992 1338 et
1021 1300 1112 1338 cor
1139 1301 1311 1338 meum
1348 1285 1549 1355 uigilat.

524 1461 666 1517 Cum
697 1461 1008 1516 divinorum
1039 1461 1332 1516 verborum
1381 1462 1542 1518 nobis
1585 1463 1862 1533 proposita
1895 1478 2034 1518 con-

454 1551 740 1622 templatio
802 1559 859 1606 et
929 1555 1324 1620 consequentia
1381 1553 1594 1607 Cantici
1646 1555 2030 1618 canticorum,

452 1643 748 1713 quasdam,
784 1659 923 1714 quas
962 1643 1180 1699 difﬁcile
1228 1654 1314 1700 est
1364 1647 1607 1716 assequi,
1647 1655 1702 1701 et
1751 1662 1873 1716 quae
1905 1656 2034 1703 sunt

454 1742 612 1793 tecta
656 1743 880 1804 propter
920 1735 1335 1802 obscuritatem,
1378 1737 1432 1791 in
1481 1739 1700 1793 arcanis
1751 1741 2028 1794 contineat

451 1827 782 1890 sententias,
825 1825 987 1881 nobis
1027 1827 1222 1895 majori
1253 1842 1392 1897 opus
1442 1837 1528 1884 est
1545 1811 1881 1892 attentione,
1923 1831 2033 1886 imo

451 1932 584 1973 vero
628 1918 824 1988 majori
867 1934 963 1988 per
994 1934 1187 1988 preces
1225 1919 1454 1983 auxilio,
1487 1927 1541 1974 et
1577 1921 1751 1974 sancti
1795 1920 2032 1990 Spiritus

453 2007 808 2073 deductione,
847 2025 916 2064 ne
943 2011 1181 2081 idipsum
1212 2011 1374 2066 nobis
1403 2012 1622 2065 accidat
1657 2012 1710 2065 in
1751 2013 2032 2084 stupendis

452 2097 543 2154 bis
584 2100 887 2165 miraculis,
930 2101 1076 2171 quod
1111 2103 1252 2156 solet
1289 2101 1543 2156 accidere
1580 2103 1634 2156 in
1669 2103 1865 2156 stellis.
1897 2101 2030 2156 Nam

451 2191 647 2263 procul
691 2190 906 2244 illarum
959 2190 1298 2246 admirantes
1353 2191 1853 2261 pulchritudinem,
1909 2191 2032 2244 nul-

450 2281 560 2337 lam
616 2297 910 2352 possumus
959 2282 1208 2337 invenire
1253 2283 1522 2336 rationem
1581 2281 1648 2335 ad
1695 2296 2030 2352 cognoscen-

451 2373 578 2428 dam
632 2388 821 2427 earum
862 2375 1218 2436 creationem,
1258 2373 1350 2430 sed
1400 2373 1805 2442 pulchritudine
1852 2374 2028 2428 solum

450 2464 559 2524 frui
597 2468 914 2534 possumus,
963 2475 1254 2536 propterea
1310 2465 1455 2534 quod
1495 2465 1746 2519 dicamus
1800 2480 1903 2520 nos
1948 2473 2028 2519 te-

449 2556 573 2615 neri
609 2571 798 2612 earum
843 2557 1226 2612 admiratione.
1281 2555 1423 2611 Sunt
1453 2559 1598 2612 enim
1641 2573 1832 2613 revera
1881 2573 2029 2627 quaa-

449 2649 576 2702 dam
610 2648 801 2710 stellae,
836 2647 1156 2717 splendores
1193 2650 1503 2702 divinorum
1541 2649 1738 2702 horum
1783 2650 2029 2718 eloquio-

449 2756 574 2802 rum
619 2749 673 2795 et
719 2741 960 2813 fulgores
1008 2744 1295 2795 oculorum
1349 2743 1567 2804 animas,
1624 2743 1808 2797 carnis
1851 2745 2030 2802 oculis

448 2834 835 2906 praefulgentes
882 2843 938 2888 et
977 2835 1384 2904 praecellentes,
1437 2835 1739 2889 secundum
1789 2837 2029 2891 altitudi-

450 2940 577 2988 nem
605 2925 729 2979 coeli
770 2939 798 2977 a
833 2933 1002 2988 terra,
1045 2934 1103 2978 ut
1136 2925 1269 2978 dicit
1317 2923 1588 2994 PrOpheta
1616 2927 1656 2978 ¹.
1690 2926 1846 2992 Quod
1893 2929 1937 2981 si
1974 2927 2028 2981 id

450 3026 654 3080 nostra:
680 3019 875 3072 anima:
911 3017 1197 3071 usuveniat
1231 3016 1379 3086 quod
1416 3017 1670 3074 audimus
1705 3020 2028 3074 usuvenisse

449 3109 616 3176 Eliaa;
650 3120 706 3165 et
745 3110 798 3163 in
844 3110 1004 3179 igneo
1049 3125 1214 3163 curru
1269 3118 1546 3178 assumpta
1571 3111 1592 3140 '
1615 3126 1834 3181 quoque
1871 3125 2026 3166 mens

449 3209 640 3260 nostra
672 3200 923 3255 sublimis
957 3199 1328 3254 transferatur
1373 3199 1441 3253 ad
1486 3200 1739 3255 cmlestes
1784 3201 2026 3270 pulchri-

451 3289 672 3344 tudines
725 3287 1014 3358 (Spiritum
1071 3298 1319 3342 sanctum
1362 3294 1543 3342 autem
1592 3303 1858 3357 ponemus
1902 3304 2026 3344 esse

447 3381 652 3450 ignem,
701 3394 862 3454 quem
918 3377 1179 3432 Dominus
1219 3378 1365 3431 venit
1413 3385 1473 3431 ut
1521 3378 1754 3433 mitteret
1803 3379 1858 3432 in
1913 3386 2025 3433 ter-

445 3487 588 3535 ram,
630 3471 725 3542 qui
759 3471 813 3524 in
846 3473 1028 3540 specie
1071 3469 1379 3540 linguarum
1406 3469 1754 3525 dividebatur
1780 3471 2025 3541 discipu-

445 3561 679 3634 lis),non
724 3562 884 3632 plane
932 3563 1343 3630 desperabimus
1378 3576 1479 3616 nos
1517 3561 1605 3616 his
1651 3563 1818 3617 astris
1862 3577 2024 3630 posse

446 3656 912 3732 apprOpinquare,
950 3655 1178 3714 divinis.
1212 3654 1458 3725 inquam,
1506 3653 1794 3709 sententiis
1829 3661 1885 3709 et
1934 3655 2024 3709 in.

445 3748 782 3822 telligeutiis,
844 3763 966 3818 quae
1002 3763 1099 3818 per
1149 3747 1396 3806 cmlestia
1445 3755 1500 3802 et
1549 3747 1860 3818 spiritualla
1905 3747 2022 3803 elo-

444 3839 577 3910 quia
607 3840 661 3893 in
693 3843 897 3894 nostris
933 3840 1141 3910 fulgent
1171 3841 1390 3894 animis.
1417 3839 1616 3910 Aspice
1645 3842 1792 3896 enim
1825 3839 2022 3895 animas

445 3931 630 3998 oculo,
681 3938 734 3985 te
773 3931 1042 4000 alloquor,
1078 3946 1112 3985 ο
1143 3931 1388 3994 auditor,
1437 3946 1627 3986 vocem
1665 3946 1788 4001 qua:
1837 3944 1866 3983 a
1907 3930 2019 3984 Do-

443 4021 595 4085 mino
625 4023 826 4083 emissa
858 4032 940 4078 est
968 4023 1034 4077 ad
1082 4023 1444 4093 patriarcham
1469 4023 1511 4081 ³.
1571 4022 1772 4092 Aspice
1809 4023 1875 4077 ad
1915 4023 2020 4077 hoc

442 4112 666 4176 coelum,
702 4120 756 4168 et
785 4113 906 4168 vide
947 4113 1046 4168 has
1087 4114 1295 4176 stellas,
1334 4113 1379 4168 si
1421 4122 1576 4183 potes
1615 4113 1796 4167 metiri
1828 4113 2017 4167 altitu-

443 4203 627 4259 dinem
655 4203 900 4274 ipsarum
933 4204 1441 4274 intelligentiarum.
1473 4202 1674 4274 Aspice
1697 4203 1900 4273 regina:
1929 4219 2019 4273 po-

440 4303 716 4360 testatem,
751 4312 818 4350 ex
855 4295 1126 4350 mandatis
1164 4294 1288 4365 ejus
1327 4295 1588 4349 virtutem
1629 4292 2015 4356 considerans,

442 4395 646 4457 quanta
673 4403 768 4468 per
801 4403 861 4442 se
901 4387 1180 4458 imperans
1218 4395 1478 4442 cernatur
1506 4387 1810 4441 auctoritas
1851 4386 1907 4440 in
1946 4385 2016 4441 iis

1687 350 1745 406 S.
1787 350 2110 408 GREGORII
2149 352 2442 411 NYSSENI
3601 355 3690 408 om

2755 472 2991 527 OMIAIA
3043 472 3098 523 Ρ.

2221 561 2612 631 ’Βξετὲρθητι,
2643 561 2863 633 Bappo,
2891 563 2986 616 καὶ
3011 564 3214 630 ἔρχου,
3241 560 3391 615 Νότε
3412 600 3428 625 ,
3457 562 3556 614 καὶ
3584 561 3691 613 διὰ-

2137 661 2410 699 πνευσον
2439 647 2639 714 κῆπόν
2673 666 2792 717 μου
2815 688 2829 712 ,
2857 649 2953 700 καὶ
2991 645 3392 714 ρευσάτωοναν
3433 646 3694 714 inriguam

2129 749 2270 801 μου.
2311 733 2629 801 Καταϐήτω
2661 734 2982 803 ἀδελφιδός
3003 753 3123 803 μου
3153 737 3240 800 εὶς
3275 733 3474 799 κῆπον
3497 736 3692 801 αὐτοῦ,

2136 821 2236 876 καί
2260 823 2490 893 φαγέτω
2514 825 2745 894 καρπὸν
2768 825 3129 893 ἀκροδρύων.
3153 823 3461 892 Εἱσῆλθον
3491 827 3580 891 είς
3599 822 3696 892 κῆ-

2135 913 2254 966 πόν
2271 931 2412 982 μου,
2453 913 2686 984 ἀδελφή
2704 933 2824 984 μου
2850 917 3052 984 νύμφη
3077 932 3092 948 θ
3114 915 3413 982 ἑτρύγησα
3433 918 3699 986 σμύρναν

2137 1019 2256 1072 μου
2291 1002 2440 1072 μετὰ
2488 1004 2811 1073 ἀρωμάτων
2855 1022 2995 1073 μου.
3037 1005 3306 1073 Ἐφαγον
3356 1005 3538 1074 ἄρτον
3586 1023 3700 1075 μου

2129 1096 2280 1165 μετὰ
2299 1094 2540 1165 μέλιτός
2555 1114 2698 1166 μου,
2718 1097 2890 1150 ἔπιον
2917 1092 3086 1149 οἶνόν
3105 1113 3224 1165 μου
3241 1097 3391 1166 μετὰ
3412 1097 3700 1165 γάλακτός

2132 1205 2276 1256 μου.
2303 1186 2545 1257 Φὰγετε,
2581 1190 2634 1240 οἱ
2662 1187 2926 1254 πλησίον
2950 1205 3088 1256 μου,
3121 1187 3218 1239 καὶ
3241 1188 3406 1240 alere
3427 1227 3444 1252 ,
3476 1187 3577 1239 καὶ
3602 1204 3701 1255 με-

2136 1279 2422 1346 θύσθητε,
2457 1279 2730 1347 ἀδελφοί.
2772 1277 2912 1348 Ἐγὼ
2940 1278 3204 1333 καθεύδω
3228 1319 3243 1344 ,
3289 1281 3387 1333 καὶ
3417 1282 3455 1348 ἡ
3497 1280 3703 1349 καρδία

2130 1385 2251 1438 μου
2284 1368 2593 1437 ἀγρυπνεῖ.

2207 1457 2324 1531 Τῆς
2343 1459 2439 1514 νῦν
2488 1460 2842 1531 προτεθείσης
2875 1463 3003 1532 ἡμῖν
3032 1461 3141 1515 τῶν
3171 1462 3330 1516 θείων
3371 1464 3551 1534 ῥητῶν
3578 1463 3704 1517 θεωη

2138 1553 2259 1624 ρίας
2307 1555 2373 1606 ἐκ
2403 1553 2500 1622 τῆς
2529 1552 2625 1605 τοῦ
2678 1553 2954 1624 ’ᾼσματος
3002 1555 3111 1607 τῶν
3162 1554 3446 1624 ’ᾼσμάτων
3481 1556 3701 1608 ἀκολου-

2136 1644 2257 1707 θίας
2278 1684 2293 1709 ,
2339 1643 2636 1712 δυσέφικτά
2662 1662 2782 1697 τινα
2812 1645 2906 1698 καὶ
2935 1647 3320 1717 κεκαλυμμένα
3341 1647 3411 1700 δι’
3443 1649 3703 1716 ἀσαφείας

2137 1737 2196 1788 έν
2218 1737 2547 1806 ἀπορρήτοις
2577 1736 2935 1807 περιεχούσης
2975 1739 3252 1806 νοήματα,
3291 1738 3539 1807 μείζονος
3576 1743 3701 1811 ἡμῖν

2063 1808 2106 1863 Β
2135 1826 2290 1896 χρεία
2317 1827 2413 1896 τῆς
2438 1827 2710 1897 προσοχῆς
2730 1865 2744 1888 ,
2779 1826 2977 1897 μᾶλλον
3002 1826 3058 1878 δὲ
3097 1827 3336 1890 πλείονος
3360 1828 3460 1898 τῆς
3479 1828 3570 1882 διὰ
3597 1808 3702 1881 ξῶν

2133 1916 2307 1986 εὐχῶν
2341 1917 2631 1986 συνεργίας
2656 1959 2670 1983 ,
2704 1916 2796 1969 καὶ
2826 1916 2922 1987 τῆς
2956 1917 3105 1986 παρὰ
3136 1915 3228 1969 τοῦ
3257 1916 3415 1985 ἁγίου
3454 1917 3703 1988 Πνεύμα-

2132 2026 2223 2070 τος
2247 2008 2468 2079 ὁδηγίας
2485 2027 2498 2039 ·
2520 2008 2595 2071 ὼς
2624 2009 2688 2061 ἂν
2725 2010 2800 2078 μὴ
2829 2009 3022 2061 ταύτὸν
3055 2008 3318 2078 πάθοιμεν
3346 2009 3440 2062 ἐπὶ
3470 2011 3576 2081 τῆς
3601 2011 3702 2063 τῶν

2134 2101 2352 2171 ὑψηλῶν
2378 2101 2581 2154 τούτων
2612 2100 2902 2170 θαυμάτων
2938 2099 3276 2170 ἐκπλήξεως,
3306 2101 3442 2171 ὅπερ
3481 2101 3577 2153 καὶ
3618 2102 3704 2154 ἐή

2130 2194 2240 2246 τῶν
2289 2193 2533 2262 ἀστέρων
2577 2193 2805 2257 πάσχειν
2857 2191 3146 2262 εἰώθαμεν.
3175 2193 3284 2245 Καὶ
3324 2193 3434 2264 γὰρ
3486 2193 3705 2246 ἐκείνων

2132 2283 2412 2355 πόρρωθεν
2436 2283 2498 2335 τὸ
2527 2283 2719 2346 κάλλος
2747 2282 3117 2352 θαυμάζοντες
3135 2324 3150 2347 ,
3178 2283 3434 2354 οὐδεμίαν
3463 2287 3707 2356 μηχανήν

2131 2375 2415 2445 ἐπινοῆσαι
2447 2375 2720 2444 δυνάμεθα
2765 2375 2899 2443 πρὸς
2953 2375 3012 2427 τὸ
3044 2374 3248 2442 γνῶναι
3280 2375 3377 2441 τὴν
3407 2375 3587 2429 κτίσιν
3615 2377 3707 2428 a6-

2132 2468 2267 2521 τῶνο
2302 2467 2438 2519 ἀλλὰ
2473 2467 2558 2518 διὰ
2584 2466 2676 2518 τοῦ
2705 2466 2930 2528 κάλλους
2963 2466 3140 2519 αὐτῶν
3171 2469 3318 2520 ἐστιν
3348 2469 3483 2537 ἡμῖν
3510 2471 3544 2538 ἡ
3581 2471 3709 2523 ἀπό-

2129 2557 2350 2624 λαυσις,
2385 2557 2448 2609 τὸ
2488 2557 2875 2626 θαυμαστικῶς
2923 2557 3050 2626 περὶ
3081 2557 3141 2608 τὸ
3188 2558 3512 2628 φαινόμενον
3546 2561 3704 2631 ἔχειν.

2143 2649 2394 2719 Ἀστέρες
2427 2648 2534 2717 γάρ
2559 2647 2702 2710 τινές
2730 2649 2866 2700 εἰσιν
2892 2648 3132 2720 ἀτεχνῶς
3163 2650 3220 2701 αἱ
3254 2649 3360 2702 τῶν
3391 2649 3558 2704 Θείων
3595 2653 3709 2705 τού-

2128 2762 2234 2796 των
2273 2744 2469 2812 λογίων
2498 2743 2854 2814 μαρμαρυγαί
2893 2759 2950 2795 τε
2978 2743 3072 2795 καὶ
3102 2742 3444 2813 λαμπηδὸνες
3467 2745 3584 2798 τῶν
3616 2748 3709 2815 τῆς

2127 2835 2303 2904 ψυχῆς
2334 2835 2595 2906 ὀμμάτων
2641 2833 3092 2905 ὑπερλάμπουσαί
3125 2851 3182 2886 τε
3233 2836 3326 2888 καὶ
3373 2837 3710 2907 ὑπερκείμε-

2129 2944 2217 2980 ναι
2246 2968 2261 2990 ,
2298 2925 2440 2980 κατὰ
2475 2925 2536 2978 τὸ
2574 2924 2704 2993 ὕψος
2752 2925 2844 2978 τοῦ
2893 2924 3121 2994 οὐρανοῦ
3171 2924 3278 2978 ἀπὸ
3325 2925 3428 2994 τῆς
3463 2930 3608 2997 γῆς,
3641 2926 3711 2989 ῶς

2129 3035 2291 3088 φησιν
2317 3019 2345 3070 δ
2387 3018 2694 3088 Προφήτης.
2731 3017 2792 3068 Εί
2828 3016 2883 3069 δὲ
2917 3016 3126 3082 γένοιτο
3158 3016 3250 3069 καὶ
3280 3017 3412 3085 περὶ
3441 3017 3546 3083 τὴν
3576 3021 3710 3088 ἡμεο

2127 3111 2292 3181 τέραν
2316 3108 2513 3180 ψυχὴν,
2545 3109 2575 3162 δ
2613 3109 2743 3179 περὶ
2773 3107 2864 3160 τὸν
2914 3107 3097 3160 Ἠλίαν
3128 3108 3400 3176 ἀκούομεν
3421 3122 3432 3134 ⁸
3465 3110 3565 3162 καὶ
3586 3111 3711 3162 ἀναο

2133 3201 2398 3273 ληφθεῖσα
2423 3201 2500 3270 τῷ
2530 3202 2738 3270 πυρίνῳ
2772 3201 2975 3268 ἅρματι
3003 3198 3156 3269 ἡμῶν
3183 3200 3215 3268 ἡ
3244 3198 3479 3263 διάνοια,
3517 3200 3715 3270 μετάρ-

2135 3311 2248 3356 σιος
2283 3293 2416 3364 πρὸς
2445 3293 2514 3345 τὰ
2540 3292 2764 3362 οὐράνια
2805 3290 2978 3360 κάλλη
3020 3289 3334 3360 μετατεθείη
3374 3291 3643 3361 (Πνεῦμα
3662 3292 3716 3344 δὲ

2133 3387 2287 3455 ἆγιον
2309 3381 2448 3438 εἶναι
2475 3383 2536 3436 τὺ
2562 3383 2670 3454 πῦρ
2695 3381 3043 3452 ἐννοήσομεν,
3075 3381 3212 3452 ὅπερ
3247 3381 3464 3450 βάλλειν
3500 3385 3595 3436 ἐπὶ
3623 3384 3718 3453 τὴν

2131 3477 2233 3547 γῆν
2260 3470 2422 3546 ἦλθεν
2447 3476 2476 3526 ό
2509 3473 2715 3544 Κύριος
2734 3513 2748 3537 ,
2779 3474 2838 3526 τὸ
2866 3474 2924 3525 ὲν
2949 3471 3207 3540 γλωσσῶν
3233 3472 3361 3525 εἴδει
3393 3475 3513 3536 τοῖς
3540 3475 3717 3548 paen-

2131 3569 2248 3631 ταῖς
2282 3563 2657 3637 μεριζόμενον)
2683 3602 2697 3627 ,
2743 3564 2843 3616 οὐκ
2875 3564 2970 3616 ἀπ’
3000 3562 3212 3626 ἐλπίδος
3244 3564 3375 3632 ἡμῖν
3423 3566 3717 3635 γενήσεται

2129 3661 2192 3714 τὸ
2216 3660 2511 3730 πλησιάσαι
2541 3658 2750 3722 τούτοις
2776 3661 2890 3722 τοῖς
2933 3660 3151 3730 ἄστροις
3171 3699 3186 3721 ,
3227 3662 3341 3721 τοῖς
3379 3660 3549 3724 θείοις
3576 3663 3718 3732 λέγω

2130 3752 2395 3821 νοήμασι,
2423 3753 2536 3812 τοῖς
2553 3749 2642 3803 διὰ
2669 3750 2774 3802 τῶν
2818 3749 3081 3821 οὐρανίων
3103 3766 3162 3802 τε
3191 3751 3283 3802 καὶ
3321 3753 3718 3821 πνευματικῶν

2128 3842 2324 3911 λογίων
2373 3842 2470 3904 τὰς
2518 3839 2694 3910 ψυχὰς
2747 3841 2905 3911 ἡμῶν
2944 3841 3500 3911 περιαστράπτουσιν.
3558 3846 3716 3898 Ἀνά-

2127 3930 2322 4004 ϐλεψον
2349 3929 2458 4001 γὰρ
2499 3929 2577 4000 τῷ
2615 3929 2712 3999 τῆς
2751 3929 2930 4002 ψυχῆς
2957 3929 3218 4001 ὀφθαλμῷ
3244 3971 3258 3993 ,
3294 3931 3433 4001 πρὸς
3472 3933 3537 3984 σὲ
3575 3934 3717 4002 λέγω

2125 4021 2217 4074 τὸν
2247 4018 2520 4092 ἀκροατὴν
2544 4057 2559 4082 ,
2591 4019 2691 4088 τὴν
2732 4018 2868 4088 πρὸς
2899 4018 2991 4070 τὸν
3033 4019 3376 4091 πατριάρχην
3409 4023 3716 4091 γενομένην

2127 4109 2278 4182 παρὰ
2318 4109 2412 4163 τοῦ
2440 4106 2642 4177 Κυρίου
2673 4108 2854 4179 φωνὴν
2877 4146 2892 4170 ,
2923 4108 3224 4177 ἀνάϐλεψον
3252 4113 3332 4178 εἰς
3361 4110 3452 4164 τὸν
3483 4113 3716 4184 οὐρανὸν

2124 4204 2345 4269 τοῦτον,
2375 4203 2467 4258 καὶ
2504 4201 2579 4254 ίδε
2610 4203 2737 4264 τοὺς
2761 4200 2996 4270 ἀστέρας
3017 4240 3031 4264 ,
3068 4203 3115 4254 εί
3150 4201 3378 4254 δύνασαι
3409 4204 3596 4256 αὐτῶν
3623 4205 3712 4257 ἐκ·

2127 4295 2395 4370 μετρῆσαι
2423 4296 2531 4349 τῶν
2555 4294 2840 4365 νοημάτων
2871 4294 2932 4347 τὸ
2954 4293 3106 4362 ὕψος.
3136 4293 3305 4347 Βλέπε
3329 4293 3432 4364 τὴν
3461 4295 3713 4360 ἐξουσίαν

2123 4388 2222 4458 τῆς
2263 4386 2533 4457 βασιλίδος
2560 4387 2623 4438 ὲκ
2651 4384 2759 4437 τῶν
2805 4385 3241 4455 προσταγμάτων
3289 4385 3461 4454 αὐτῆς
3487 4387 3592 4456 τὴν
3622 4387 3710 4440 δυ·-

440 4493 563 4547 qua:
599 4477 876 4532 dicuntur.
907 4476 1027 4531 Non
1055 4479 1199 4531 enim
1232 4478 1486 4546 precibus
1520 4484 1576 4532 et
1615 4477 1754 4531 votis
1787 4475 1841 4530 id
1870 4475 2016 4546 quod

2133 4478 2374 4531 ναστείαν
2408 4478 2778 4547 κατανοήσας,
2805 4475 2879 4539 ὡς
2925 4476 3359 4546 αὑτοκρατορική
3392 4493 3481 4539 τις
3516 4476 3711 4529 αὐθεν-

439 4570 559 4623 vult
587 4569 770 4632 efﬁcit,
805 4569 901 4630 sed
936 4568 1327 4623 convenienter
1363 4567 1482 4621 voci
1517 4568 1640 4636 ejus
1688 4567 1782 4638 qui
1809 4568 2018 4637 promi-

441 4665 536 4726 sit,
566 4662 660 4732 qui
696 4661 917 4732 quidem
960 4660 1098 4714 dicit
1130 4659 1341 4714 ﬂdelem
1369 4668 1423 4724 et
1450 4659 1770 4729 prudentem
1799 4657 2021 4726 dispen-

441 4765 681 4816 satorem
713 4753 916 4808 factum
949 4767 1072 4818 esse
1094 4751 1378 4807 dominum
1419 4753 1661 4804 omnium
1689 4764 1812 4820 quae
1855 4749 2020 4806 habet

425 4845 762 4922 "Dominus‘,
822 4843 933 4900 [Iac
983 4851 1209 4914 accepta
1273 4848 1581 4912 potestate,
1646 4841 1792 4910 regis
1844 4841 2020 4896 instar

438 4931 582 4989 duos
625 4941 822 4992 ventos
859 4933 1027 5003 regit,
1077 4939 1133 4986 et
1170 4930 1474 5000 dispensat,
1510 4939 1571 4985 ut
1615 4929 1720 4987 sibi
1760 4929 2018 4986 videtur:

439 5025 752 5100 aquilonem
798 5024 1016 5104 quidem
1049 5024 1154 5080 sibi
1183 5038 1497 5094 segregans,
1541 5031 1788 5076 austrum
1835 5028 2018 5075 autem

441 5116 676 5187 benigne
724 5131 957 5181 vocans,
1009 5124 1063 5170 et
1107 5129 1308 5186 urgens
1353 5122 1413 5167 ut
1473 5111 1542 5166 ad
1585 5126 1645 5168 se
1690 5110 1892 5166 veniat.
1937 5111 2019 5164 Ita

441 5215 623 5266 autem
663 5207 827 5263 habet
856 5214 1158 5266 contextus-
1185 5197 1445 5262 dictionis
1474 5203 1696 5273 :Surge,
1731 5201 1933 5273 aquilo,
1968 5210 2018 5256 et

439 5299 578 5364 peni,
602 5307 802 5355 auster.

513 5493 661 5550 Licet
679 5495 911 5550 fortasse
941 5494 1186 5549 invenire
1209 5494 1263 5548 in
1297 5493 1478 5547 verbis
1509 5490 1846 5546 centurionis
1865 5489 2013 5544 aliud

437 5584 584 5662 quod
612 5584 848 5654 aliquam
881 5584 1044 5640 habet
1075 5583 1453 5655 cognationem
1482 5589 1536 5638 et
1569 5580 2011 5652 conjunctionem

2120 4569 2241 4623 τεία
2278 4571 2390 4631 τοῖς
2427 4569 2742 4638 λεγομένοις
2785 4567 3128 4638 ἐμφαίνεται.
3170 4567 3241 4618 Οὐ
3278 4566 3387 4637 γάρ
3433 4566 3505 4618 δι’
3544 4567 3710 4640 εὐχῆς

2123 4661 2378 4732 κατορθοῖ
2399 4662 2534 4731 ὅπερ
2564 4660 2852 4732 βούλεται,
2888 4657 3025 4712 ἀλλά
3054 4659 3192 4712 κατὰ
3229 4657 3325 4728 τὴν
3366 4659 3583 4728 ἀψευδῆ
3615 4659 3710 4712 τοῦ

2120 4753 2586 4823 ἐπαγγειλαμένου
2617 4750 2800 4822 φωνὴν
2819 4791 2834 4814 ,
2861 4753 2920 4815 ὃς
2953 4766 3086 4821 φησι
3111 4750 3200 4802 τὸν
3229 4749 3421 4802 πιστὸν
3449 4752 3551 4803 καὶ
3581 4751 3713 4820 φρό-

2122 4861 2275 4914 νιμον
2303 4843 2583 4912 οἰκονόμον
2614 4844 2827 4899 πάντων
2845 4841 2951 4892 τῶν
2978 4840 3326 4908 ὑπαρχόντων
3354 4838 3436 4909 τῷ
3457 4842 3711 4909 Δεσπότῃ

2125 4935 2311 5010 κύριον
2355 4932 2619 5002 γίνεσθαι.
2668 4930 2882 4999 Ταύτης
2910 4928 3273 4999 ἐπιλαὸομένη
3302 4928 3405 4996 τῆς
3430 4927 3711 4994 ἐξουσίας,

2127 5026 2418 5098 βασιλικῶς
2451 5027 2616 5096 ἑαυτῇ
2665 5025 2943 5079 διοικεῖται
2987 5022 3058 5075 τὰ
3103 5021 3415 5091 καταθύμια
3475 5023 3590 5076 τῶν
3619 5021 3714 5079 δύο

2125 5120 2376 5188 ιΞινέμων⁸
2415 5118 2508 5171 τὸν
2555 5117 2653 5189 μὲν
2684 5117 2892 5188 Βορρᾶν
2939 5113 3029 5167 διὰ
3078 5113 3505 5186 προστάγματος
3543 5116 3710 5183 ἑαυτῇ

2127 5209 2460 5283 ἀφορίζουσα
2484 5228 2498 5240 ·
2527 5209 2618 5263 τὸν
2643 5208 2699 5260 δὲ
2727 5207 2916 5272 Νότον,
2949 5204 3284 5276 φιλοφρόνως
3313 5205 3582 5268 καλοῦσα,
3616 5205 3710 5258 καὶ

2128 5302 2263 5373 πρὸς
2291 5301 2488 5372 ἑαυτὴν
2536 5299 2712 5358 ἐλθεῖν
2741 5296 3160 5366 κατεπείγουσα.
3205 5297 3360 5366 Ἔχει
3390 5296 3446 5349 δὲ
3482 5299 3518 5366 ἡ
3564 5295 3709 5360 λέξις

2121 5393 2294 5456 οὔτως
2316 5404 2330 5420 ⁸
2358 5391 2749 5461 Ἐξετέρθητι,
2781 5389 2995 5458 Bappo,
3030 5389 3126 5442 καὶ
3156 5388 3362 5456 ἔρχου,
3396 5388 3575 5443 Νότε.

2192 5483 2341 5555 Τάχα
2388 5501 2440 5536 τι
2481 5482 2742 5550 συγγενὲς
2791 5481 2902 5535 ἐστι
2933 5483 3045 5544 τοῖς
3078 5479 3390 5550 λεγομένοις
3428 5480 3618 5550 εὑρεῖν
3651 5479 3706 5530 ἐν

2119 5581 2228 5641 τοῖς
2273 5577 2669 5647 ἑκατοντάρχου
2721 5573 2930 5644 λόγοις,
2969 5573 3062 5639 οὓς
3109 5570 3270 5636 αὖτις
3308 5574 3337 5626 ὁ
3367 5571 3504 5636 Θεὸς
3533 5570 3703 5652 Λόγος

523 5756 542 5798 ⁸
581 5754 724 5819 Psal.
766 5773 860 5828 cn,
899 5760 984 5822 ll.
1061 5764 1080 5794 ²
1118 5760 1183 5818 ιγ
1220 5759 1352 5837 Reg.
1384 5778 1444 5830 ιι,
1478 5761 1560 5819 11.
1639 5761 1658 5796 ⁸
1685 5759 1882 5819 Cenes.
1910 5774 2000 5828 xv,

2133 5770 2238 5829 sqq.
2314 5752 2489 5813 *Luc.
2521 5767 2614 5819 xu,
2649 5751 2739 5808 42.
