3854 6216
199 306 301 364 981

1263 329 1331 383 ΙΝ
1360 329 1659 387 CANTICA
1698 330 1968 388 CANTIC.
2012 332 2295 390 HOMILIA
2332 336 2401 393 Χ.

3349 341 3454 394 ςὸἒ

197 422 503 522 ἐθαύμασε,
532 430 717 497 καθὼς
744 435 773 486 6
802 437 1202 514 Εὑάγγελιστὴς
1229 446 1546 516 διηγήσατο,
1578 450 1750 518 λέγων
1769 470 1782 483 ·

1886 462 2007 500 cum
2059 449 2126 503 iis
2174 465 2296 518 quae
2346 449 2434 504 bic
2485 449 2762 504 dicuntur.
2831 449 2964 517 Qua
3017 452 3236 522 quidem
3293 453 3453 509 verba

195 518 285 570 ὅτι
327 520 615 590 Ἀκούσας
635 524 704 578 δὲ
743 529 976 597 Ἰησοῦ-ς
996 534 1320 604 ἐθαύμασε.
1351 541 1444 592 καὶ
1476 542 1782 612 ὑπερέθηκε

1886 541 2256 606 centurionis,
2325 542 2441 608 ipse
2490 541 2633 598 Deus
2689 542 2926 596 Verbum
2979 553 3065 598 est
3117 543 3453 610 admiratus,

185 613 299 683 τῆς
337 613 732 707 *τοῦ-,Ἰσραὴλ
785 621 1022 688 πίστεως
1072 626 1170 698 τὴν
1231 630 1324 682 τοῦ
1381 633 1781 707 ἑκατοντάρχου

196 704 409 776 φωνήν.
441 703 518 761 Οὐ
553 708 664 780 γὰρ
700 712 841 781 πρὸς
868 713 961 770 τὸν
992 716 1121 772 λαόν
1139 738 1231 790 μοι
1261 722 1408 777 δοκεί
1433 725 1524 778 τὸν
1567 703 1782 798 Ἰσραη-

191 805 398 860 λ;τικὸν
440 808 706 862 ποιεῖσθαι
752 811 833 864 τὸν
891 813 1313 883 Ἑκατόνταρχον
1345 815 1444 885 τὴν
1491 817 1776 886 σύγκρισιν

185 902 251 954 ἐν
269 896 350 969 τῷ
379 897 481 968 τῆς
523 898 760 964 πίστεως
788 899 934 972 λόγῳ
953 941 968 965 ,
1019 903 1156 957 ἀλλά
1187 905 1324 975 πρὸς
1355 907 1518 962 αὐτὸν
1569 910 1776 962 ἐκεῖνον

183 991 286 1046 τδν
317 992 541 1064 Ἰσραήλ
561 1009 575 1022 °
605 992 666 1056 ὃς
712 994 770 1046 ἐν
796 996 862 1066 τῇ
904 995 1044 1067 πρὸς
1066 997 1160 1050 τὸν
1189 999 1565 1070 ἀντικείμενον
1605 1001 1772 1072 πάλῃ,

191 1083 338 1156 μετά
369 1085 469 1156 τῆς
500 1083 597 1138 τοῦ
641 1086 778 1140 Θεοῦ
815 1089 1134 1159 συμμαχίας
1164 1090 1322 1160 μόγις
1353 1091 1415 1144 τδ
1448 1091 1651 1162 πτῶμα
1669 1092 1778 1146 διέ-

186 1193 397 1248 φυγεν,
431 1179 534 1234 οὐκ
579 1178 824 1250 ἀκριϐῶς
846 1181 1070 1250 τῆςτοῦ
1097 1182 1391 1236 ἀντιπάλου
1424 1183 1629 1254 βλάϐης
1671 1183 1778 1249 ἔξω

186 1270 506 1342 γενόμενος.
543 1271 634 1326 Ἐν
671 1271 781 1345 γάρ
817 1273 895 1345 τῷ
927 1273 1088 1347 μηρῷ
1115 1276 1177 1329 τὸ
1209 1276 1381 1340 πάθος
1411 1277 1649 1342 ἐδέξατο.
1675 1273 1780 1333 Οὗ-

184 1381 288 1428 τος
319 1365 376 1417 δὲ
404 1365 434 1418 6
467 1366 906 1439 Ἐκατοντάρχης
928 1408 942 1431 ,
976 1369 1108 1438 περὶ
1155 1363 1216 1424 οὗ
1257 1370 1351 1423 νῦν
1381 1372 1411 1424 6
1457 1370 1613 1440 λόγος
1639 1371 1776 1435 ἐστὶ,

188 1455 452 1529 βασιλικῇ
497 1475 605 1512 τινι.
661 1459 889 1531 δυνάμει
937 1460 1000 1513 τὸ
1038 1460 1315 1533 ἀλλότριον
1360 1463 1481 1517 κατ’
1531 1462 1780 1528 ἐξουσίαν

187 1549 692 1631 ἀποπεμπόμενος,
717 1551 1012 1605 οἰκειοῦται
1040 1552 1102 1604 τὸ
1127 1551 1484 1623 καταθύμιον.
1515 1554 1638 1606 Ἐπὶ
1655 1553 1781 1606 σιτούο⁹

190 1657 276 1710 τῳ
299 1639 411 1712 γάρ
443 1659 534 1712 μοι
561 1642 710 1696 δοκεῖ
743 1643 977 1714 μάλιστα
998 1647 1356 1717 τετυχηκέναι
1381 1645 1474 1700 τοῦ
1503 1645 1782 1717 θαύματος

187 1730 222 1782 6
253 1733 429 1804 ἀνήρ·
459 1733 541 1786 ὅτι
594 1734 760 1804 φησὶν
802 1737 1002 1797 ἐντοῖς
1041 1737 1377 1808 προχειρίοις
1415 1737 1578 1791 αὑτοῦ
1611 1754 1778 1808 στρα-

189 1822 420 1889 τιώταις
446 1827 504 1879 ἐν
538 1824 827 1898 αὑθεντικῇ
863 1826 1081 1898 ἐξουσίᾳ
1112 1829 1534 1899 ἀποπέμπεσθαι
1565 1830 1624 1884 ὃν
1658 1829 1782 1901 βού-

188 1916 349 1970 λεται
373 1955 390 1982 ,
420 1918 517 1971 καὶ
554 1919 987 1989 προσκαλεῖσθαι
1021 1919 1112 1972 τὸν
1156 1920 1490 1991 καταθύμιον
1514 1960 1532 1984 ,
1579 1922 1673 1976 καὶ
1701 1919 1780 1992 τῷ

187 2007 370 2081 δούλῳ
402 2009 502 2082 τὴν
546 2010 893 2080 καθήκουσαν
931 2012 1238 2066 ἐπιτάττειν
1285 2013 1607 2085 ὑπηρεσίαν.
1665 2015 1782 2067 Κά-

191 2104 287 2155 κεῖ
309 2102 419 2174 γὰρ
447 2103 734 2172 φιλοσοφία
768 2121 852 2166 τις
888 2106 946 2158 ὲν
974 2107 1041 2175 τῇ
1073 2104 1168 2159 τοῦ
1207 2107 1634 2178 Ἐκατοντάρχου
1665 2123 1781 2174 φω-

193 2195 264 2265 νῇ
289 2233 305 2256 ,
337 2194 419 2246 ὅτι
447 2194 539 2248 τὸν
570 2193 720 2260 ἅπαξ
755 2196 1184 2268 ἀποπεμφθέντα
1217 2199 1398 2252 οὐκέτι
1430 2199 1567 2270 πρὸς
1592 2198 1783 2252 ἐαυτὸν

194 2285 500 2355 ἐπανάγει·
534 2287 670 2341 ἀλλά
708 2288 897 2341 τούτου
947 2289 1414 2360 ἀποφοιτήσαντος
1438 2291 1626 2362 ἕτερον
1666 2290 1782 2343 ἀντ’

197 2377 372 2431 αὑτοῦ
407 2377 777 2441 εἰσοικίζεται.
807 2377 978 2432 Τοῦτο
1003 2380 1113 2450 γάρ
1145 2372 1783 2444 είπὼν,’ὀτιΠορεύθητιν

193 2471 301 2526 καί
335 2471 672 2538 πορεύεται,
705 2471 862 2525 ἀλλον
903 2471 1330 2542 προσκαλείσθαί
1359 2488 1523 2542 φησιν
1551 2510 1566 2535 ,
1597 2472 1695 2542 οὐχ
1723 2470 1784 2524 ὃν

195 2561 586 2631 ἀπεπέμψατο.
619 2561 974 2624 Παιδεύοντος
1011 2557 1164 2633 οἶμαι
1184 2562 1278 2615 τοῦ
1322 2560 1484 2631 λόγου
1509 2562 1570 2615 τὸ
1606 2563 1782 2616 τοιοῦ-

195 2670 293 2707 τον
334 2652 550 2723 δόγμα,
584 2652 667 2705 ὅτι
709 2651 778 2705 τὰ
824 2651 1076 2722 ἀλλήλοις
1126 2651 1475 2723 ἀντικείμενα
1516 2652 1596 2724 τῷ
1635 2652 1783 2723 αὐτῷ

197 2745 322 2816 μετ’
357 2744 604 2815 ἀλλήλων
635 2743 1120 2814 συνεπιχωριάζειν
1151 2743 1312 2813 φύσιν
1353 2744 1452 2798 οὐκ
1486 2743 1618 2815 ἔχει.
1664 2747 1784 2798 06—

197 2836 367 2908 δεμία
407 2838 516 2905 γάρ
575 2835 832 2890 κοινωνία
887 2836 1027 2904 φωτὶ
1074 2838 1216 2906 πρὸς
1267 2836 1488 2901 σκότος,
1538 2839 1702 2909 φησὶν
1753 2839 1784 2892 6

210 2925 537 2990 Ἀπόστολος
562 2943 576 2957 ⁸
611 2927 725 2980 ἀλλ’
753 2926 965 2998 ἀνάγκη
999 2928 1147 2980 πᾶσα
1163 2926 1257 2980 τοῦ
1287 2927 1508 2992 σκότους
1538 2930 1785 3000 ἐκχωρή-

197 3034 392 3081 σαντος
410 3058 428 3084 ,
456 3017 570 3088 φῶς
594 3013 734 3071 εἶναι
761 3017 824 3072 τὸ
845 3019 963 3072 ἀντ’
997 3018 1204 3071 ἐκείνου
1235 3017 1532 3090 ὁρώμενον,
1557 3020 1653 3074 καὶ
1685 3023 1783 3092 τῆς

193 3112 398 3176 κακίας
443 3110 688 3166 ἐκποδὼν
723 3111 1051 3182 γενομένης,
1090 3111 1190 3184 τὴν
1239 3111 1440 3183 ἀρετὴν
1476 3113 1784 3181 ἀντεισάγε-

1880 632 2023 686 sicut
2058 633 2395 701 evangelista
2438 635 2716 698 narravit,
2759 636 2947 690 dicens
2979 654 2992 689 :
3028 635 3159 701 Qua:
3189 653 3307 690 cum
3359 653 3458 690 au-

1877 724 2045 779 disset
2087 723 2270 782 Jews.
2321 726 2546 780 miratus
2593 736 2671 781 est
2695 729 2737 790 ⁸,
2782 737 2835 783 et
2877 743 3062 783 vocem
3112 729 3460 784 centurionis

1878 819 2118 888 prmtulit
2150 817 2274 874 ﬁdei
2313 819 2550 875 lsraelis.
2592 819 2712 874 Non
2739 821 2883 874 enim
2912 821 3043 874 mibi
3081 822 3293 876 videtur
3317 837 3452 877 con-

1878 909 2024 966 ferre
2064 911 2443 966 centurionem
2490 927 2616 966 cum
2670 913 2871 982 populo
2917 912 3218 968 Israelitico
3259 913 3314 967 in
3363 929 3454 967 ra-

1881 1001 2032 1056 tione
2063 1001 2208 1064 ﬁdei,
2241 1003 2336 1058 sed
2367 1018 2491 1056 cum
2526 1003 2646 1072 ipso
2675 1002 2870 1058 Israele
2900 1023 2912 1056 :
2943 1005 3038 1074 qui
3067 1004 3122 1057 in
3147 1004 3291 1058 lucta
3323 1019 3452 1058 cum

1879 1093 2201 1148 adversario
2225 1109 2350 1148 cum
2389 1093 2476 1148 Dei
2523 1094 2730 1149 auxilio
2773 1097 2862 1149 vix
2893 1096 3067 1150 evasit
3108 1112 3180 1150 ne
3209 1096 3452 1160 caderet,

1879 1199 1979 1238 nec
2038 1185 2173 1240 abiit
2207 1186 2426 1256 penitus
2491 1186 2693 1242 illaesos
2757 1187 2826 1240 ab
2877 1187 3192 1243 adversario
3240 1188 3467 1244 :lzesus.

1877 1279 2022 1331 enim
2056 1277 2164 1332 fuit
2213 1279 2267 1332 in
2314 1278 2542 1334 femore.
2574 1277 2674 1333 Hic
2703 1287 2883 1334 autem
2923 1280 3191 1343 centurio,
3239 1279 3310 1334 de
3344 1295 3454 1350 quo

1880 1386 2063 1426 sermo
2084 1380 2171 1426 est
2200 1371 2255 1425 in
2284 1372 2593 1441 praesentia,
2625 1373 2772 1441 regia
2805 1378 3072 1442 potestate
3095 1387 3193 1442 pro
3225 1374 3454 1443 imperio

1881 1464 2142 1519 amandat
2187 1461 2243 1516 id
2290 1464 2436 1533 quod
2487 1471 2572 1519 est
2616 1463 2875 1526 alienum,
2918 1464 3143 1518 asciscit
3188 1472 3367 1519 autem
3401 1473 3457 1518 et

1881 1555 1952 1610 ad
1997 1571 2154 1611 suam
2200 1554 2440 1610 admittit
2479 1554 2904 1609 familiaritatem
2943 1553 2997 1608 id
3035 1554 3184 1624 quod
3225 1563 3310 1610 est
3350 1555 3454 1610 sibi

1877 1657 2114 1722 gratum.
2145 1650 2198 1702 ls
2231 1649 2375 1702 enim
2395 1658 2682 1718 propterea
2716 1647 2950 1702 maxime
2975 1646 3189 1702 videtur
3218 1647 3458 1702 admira—

1888 1741 2038 1796 tione
2059 1739 2262 1810 dignus
2304 1738 2494 1800 fuisse,
2544 1738 2689 1808 quod
2740 1738 2886 1792 dicat
2935 1754 2994 1794 se
3043 1739 3097 1792 in
3136 1738 3222 1797 his
3260 1739 3354 1809 qui
3401 1740 3456 1792 in

1887 1830 2012 1900 ejus
2056 1837 2187 1885 sunt
2228 1835 2498 1900 potestate
2551 1827 2837 1888 militibus,
2875 1843 2972 1882 sua
3017 1827 3348 1881 auctoritate
3395 1827 3457 1878 li-

1880 1921 2010 1977 bere
2039 1935 2202 1990 quem
2251 1919 2380 1974 velit
2428 1917 2747 1982 amandare,
2790 1923 2844 1972 et
2890 1931 3173 1972 accersere
3204 1932 3326 1970 eum
3364 1917 3457 1985 qui

1881 2021 1969 2068 est
2012 2012 2116 2068 sibi
2155 2019 2345 2082 gratus
2385 2029 2397 2064 :
2431 2021 2486 2065 et
2521 2024 2680 2065 servo
2709 2008 2854 2080 quod
2889 2008 3148 2063 convenit
3190 2009 3460 2076 imperare

1879 2103 2270 2160 ministerium.
2319 2100 2454 2155 Nam
2507 2100 2620 2153 illic
2668 2113 2885 2169 quoque
2929 2099 3176 2168 quaedam
3218 2098 3461 2167 philoso-

1881 2197 2011 2268 phia
2049 2205 2136 2251 est
2178 2195 2234 2248 in
2264 2209 2396 2249 voce
2442 2193 2803 2254 centurionis,
2854 2193 2996 2262 quod
3044 2207 3168 2246 eum
3213 2191 3306 2260 qui
3358 2188 3462 2242 fuit

1882 2292 2229 2351 amandatus,
2275 2304 2383 2344 non
2422 2287 2659 2358 amplius
2701 2286 2769 2340 ad
2811 2302 2873 2342 se
2905 2285 3138 2347 reducit,
3183 2281 3280 2337 sed
3331 2296 3461 2334 cum

1886 2383 1934 2437 i-s
1977 2381 2226 2447 abiisset,
2262 2396 2362 2450 pro
2396 2381 2516 2451 ipso
2572 2381 2626 2434 in
2671 2379 2893 2434 domum
2937 2374 3173 2432 admittit
3202 2374 3458 2427 alterum.

1887 2473 2025 2528 Nam
2075 2487 2201 2527 cum
2249 2473 2301 2527 ei
2366 2472 2649 2526 dixisset:
2690 2469 2855 2533 Vade,
2907 2477 2958 2522 et
3003 2465 3167 2531 vadit,
3218 2463 3351 2518 dicit
3400 2479 3461 2518 se

1893 2568 2060 2622 alium
2091 2579 2396 2629 accersere,
2431 2578 2540 2618 non
2583 2578 2709 2617 eu-m
2732 2575 2893 2632 quem
2922 2557 3278 2613 amandavit:
3311 2554 3460 2609 Scri-

1883 2669 2068 2729 ptura,
2104 2663 2168 2711 ut
2216 2655 2429 2724 opinor,
2481 2654 2714 2708 docente
2752 2653 2858 2706 tale
2902 2651 3120 2722 dogma,
3162 2647 3308 2718 quod
3340 2662 3462 2716 quae

1886 2751 1992 2807 sibi
2027 2750 2263 2805 invicem
2294 2746 2675 2810 adversantur,
2712 2759 2823 2798 non
2847 2743 2966 2813 ejus
3000 2748 3131 2796 sunt
3157 2749 3366 2795 naui-rae
3403 2746 3462 2791 ut

1884 2843 2102 2915 possint
2130 2841 2294 2897 simul
2347 2839 2400 2893 in
2434 2853 2542 2892 uno
2587 2845 2641 2892 et
2683 2835 2874 2891 eodem
2902 2833 3132 2889 versari.
3184 2831 3343 2884 Nulla
3375 2839 3461 2885 est

1883 2935 2028 2990 enim
2076 2931 2312 2989 societas
2354 2929 2462 2984 luci
2503 2944 2626 2984 cum
2660 2926 2922 2988 tenebris,
2968 2926 3044 2978 ait
3087 2923 3458 2994 Apostolus“,

1887 3027 1984 3083 sed
2013 3039 2240 3081 necesse
2271 3029 2356 3078 est
2381 3021 2630 3084 omnino,
2663 3027 2722 3072 ut
2753 3019 2801 3074 si
2835 3017 3074 3072 tenebrae
3102 3014 3458 3072 recesserint,

1888 3122 1959 3177 sit
1994 3119 2087 3173 lux
2136 3131 2258 3187 quae
2308 3128 2409 3183 pro
2450 3112 2531 3168 eis
2574 3109 2818 3166 cernitur
2851 3115 2945 3162 :et
2989 3106 3036 3161 si
3064 3105 3255 3158 vitium
3301 3103 3464 3157 fuerit

198 3205 361 3259 σθαιο
389 3204 580 3258 τούτου
612 3205 670 3258 δὲ
699 3203 1164 3276 κατορθωθέντος,
1202 3205 1397 3276 μηκέτι
1425 3206 1487 3258 τὸ
1527 3206 1782 3278 φρόνημα

1889 3209 2262 3274 amendatum,
2305 3221 2404 3278 pro
2432 3221 2500 3261 eo
2530 3205 2704 3259 virtus
2747 3201 3165 3263 introducatur;
3193 3205 3246 3251 et
3281 3196 3326 3251 si
3360 3196 3464 3248 hoc

196 3296 300 3365 τῆς
329 3295 531 3367 σαρκὸς
555 3295 830 3367 ἀνταίρειν
870 3295 949 3366 τῷ
974 3295 1264 3366 πνεύματι.
1301 3295 1449 3366 Μηδὲ
1493 3298 1603 3368 γὰρ
1627 3298 1786 3353 δύνα-

198 3387 329 3442 σθαι
364 3387 731 3459 νεκρωθείσης
755 3387 918 3441 αὐτοῦ
948 3388 1049 3457 τῆς
1080 3390 1161 3451 εἰς
1189 3387 1248 3441 τὸ
1267 3388 1588 3443 ἀντιτείνειν
1618 3390 1782 3444 δυνά-

200 3497 384 3555 μεως,
416 3478 554 3534 ἀλλά
583 3480 724 3550 πρὸς
761 3481 942 3534 πᾶσαν
971 3479 1319 3552 καθήκουσαν
1353 3481 1656 3552 ὑπηρεσίαν
1703 3483 1786 3535 εῦ-

199 3575 358 3628 θετον
391 3572 638 3642 γίνεσθαι
661 3615 676 3638 ,
707 3575 774 3645 τῇ
806 3573 1097 3644 δυναστείᾳ
1122 3573 1217 3627 τοῦ
1258 3573 1568 3644 πνεύματος
1601 3575 1786 3629 εὐπει-

167 3653 294 3730 ⁵θές
325 3665 570 3738 ὑπάρχον
597 3666 693 3720 καὶ
738 3666 1076 3738 ὑποχείριον.
1112 3666 1282 3720 Ὅταν
1322 3666 1432 3737 γάρ
1474 3665 1782 3739 ἀπδιωχθῇ

175 3765 178 3768 ’
203 3759 308 3830 μὲν
334 3760 364 3812 6
394 3761 495 3828 τῆς
523 3757 723 3821 κακίας
759 3755 1046 3827 σύμμαχος
1071 3755 1407 3827 στρατιώτης
1425 3797 1440 3819 ,
1470 3757 1783 3830 ἀντεισέλθῃ

199 3847 265 3902 δὲ
293 3849 323 3901 6
347 3847 447 3918 τῆς
476 3847 680 3919 ἀρετῆς
702 3845 928 3918 ὁπλίτης
947 3888 963 3913 ,
989 3846 1286 3911 ἐνδεδυκὼς
1300 3847 1393 3901 τὸν
1420 3846 1644 3916 θώρακα
1683 3851 1786 3918 τῆς

195 3939 582 4010 δικαιοσύνης,
617 3940 711 3993 καὶ
755 3939 854 4011 τὴν
907 3938 1181 4010 μάχαιραν
1213 3939 1308 3992 τοῦ
1356 3939 1663 4011 πνεύματος
1695 3940 1784 3994 διά

197 4032 385 4104 χειρὸς
438 4032 654 4103 φέρων,
700 4029 1136 4102 προϐαλλόμενος
1177 4029 1234 4082 δὲ
1283 4029 1354 4084 τὰ
1403 4033 1786 4105 σκεπαστήρια

195 4125 310 4179 τῶν
335 4124 535 4190 ὃπλων,
560 4126 661 4195 τήν
679 4141 740 4176 τε
777 4123 1213 4194 περικεφαλαίαν
1240 4123 1334 4177 τοῦ
1360 4125 1628 4197 σωτηρίου
1649 4166 1664 4190 ,
1691 4126 1784 4179 καὶ

195 4217 293 4270 τὸν
321 4216 514 4289 θυρεὸν
543 4217 646 4287 τῆς
685 4217 923 4280 πίστεως
948 4257 962 4281 ,
997 4218 1090 4270 καὶ
1115 4219 1296 4271 πᾶσαν
1321 4217 1499 4289 φέρων
1524 4221 1581 4273 ἐν
1606 4219 1786 4291 ἐαυτῷ

199 4311 304 4380 τὴν
333 4308 708 4380 πνευματικὴν
750 4308 1051 4363 πανοπλίαν
1071 4350 1085 4374 ,
1112 4310 1235 4362 τότε
1265 4311 1509 4379 φοϐεῖται
1534 4315 1626 4366 τὸν
1667 4314 1788 4368 ἐαυ-

200 4401 297 4454 τοῦ
338 4399 530 4472 κύριον
580 4401 610 4453 6
639 4400 824 4464 δοῦλος
868 4401 929 4455 τὸ
967 4400 1166 4472 σῶμα,
1204 4403 1299 4456 καὶ
1343 4403 1638 4474 προθύμως
1689 4404 1784 4458 τοῦ

1887 3305 1994 3358 rite
2039 3301 2243 3354 factum
2291 3297 2480 3360 fuerit,
2519 3292 2811 3365 prudentia
2841 3289 3027 3345 carnis
3071 3303 3180 3342 non
3228 3286 3464 3355 amplius

1886 3397 2108 3452 resistat
2143 3391 2400 3462 spiritui;
2440 3401 2618 3457 neque
2641 3386 2788 3440 enim
2833 3389 3031 3453 potest,
3067 3387 3240 3434 morte
3267 3377 3466 3432 all‘ecta

1889 3488 2010 3557 ejus
2056 3483 2352 3539 resistendi
2400 3483 2695 3551 potestate,
2735 3473 2832 3530 sed
2878 3471 2946 3526 ad
2981 3486 3144 3525 omne
3181 3468 3324 3538 quod
3365 3481 3465 3537 par

1884 3589 1972 3637 est
2016 3577 2385 3634 ministerium
2430 3572 2493 3627 ﬁt
2529 3579 2655 3642 apta
2691 3577 2749 3625 et
2790 3574 3007 3638 parata,
3040 3573 3098 3618 ut
3128 3578 3250 3633 quae
3275 3567 3469 3632 pareat

1887 3680 1943 3729 et
1993 3668 2325 3740 subjiciatur
2372 3662 2676 3719 dominatui
2724 3659 2976 3729 spiritus.
3032 3651 3262 3720 Quando
3318 3651 3466 3706 enim

1883 3767 2152 3838 expulsus
2201 3761 2424 3833 quidem
2471 3758 2636 3813 fuerit
2687 3756 2846 3810 miles
2896 3751 3018 3807 vitii
3067 3748 3286 3813 socius;
3343 3745 3466 3813 ejus

1886 3869 2067 3916 autem
2113 3859 2236 3912 loco
2281 3857 2570 3924 ingressus
2621 3849 2787 3904 fuerit
2829 3847 2989 3901 miles
3018 3841 3262 3905 virtutis,
3291 3839 3465 3892 lorica

1881 3954 2112 4025 justitiae
2163 3949 2414 4012 indutus,
2467 3954 2521 4001 et
2576 3944 2632 3998 in
2681 3941 2937 3996 manibus
2986 3935 3169 3992 ferens
3225 3930 3468 4003 gladium

1886 4047 2137 4118 spiritus,
2175 4042 2422 4098 munitus
2449 4047 2631 4094 autem
2671 4037 2814 4106 aptis
2845 4033 2914 4087 ad
2949 4029 3240 4102 tegendum
3274 4026 3464 4087 armis,

1887 4116 2083 4210 nempe
2110 4137 2262 4209 galea
2289 4133 2519 4190 salutari
2549 4172 2565 4196 ,
2595 4136 2651 4185 et
2673 4135 2832 4184 scuto
2856 4123 3003 4186 ﬁdei,
3031 4127 3086 4176 et
3113 4120 3168 4173 in
3195 4133 3255 4174 se
3287 4116 3465 4171 ferens

1887 4246 2104 4289 omnem
2150 4225 2488 4299 spiritualem
2543 4231 2900 4281 armaturam,
2935 4222 3068 4268 tunc
3112 4211 3264 4266 timet
3303 4221 3467 4263 suum

1887 4325 2190 4387 dominum,
2223 4333 2418 4389 nempe
2459 4321 2721 4376 mentem,
2758 4323 2953 4365 servus
2984 4305 3195 4360 scilicet
3239 4313 3465 4369 corpus,

1888 4425 2248 4490 promptaque
2279 4419 2334 4468 et
2380 4408 2550 4464 alacri
2586 4406 2770 4460 animo
2815 4398 3146 4490 exsequitur-
3176 4391 3469 4490 imperium

199 4493 534 4565 κρατοῦντος
552 4492 622 4546 τὰ
647 4477 1087 4564 παραγγέλματα
1109 4493 1344 4563 δέχεται,
1361 4493 1427 4547 δι’
1448 4487 1522 4548 ὧν
1550 4498 1583 4567 ἡ
1613 4497 1782 4569 ἀρετὴ

1888 4477 2008 4578 ejus
2035 4477 2129 4576 qui
2151 4477 2466 4558 dominatur
2491 4517 2505 4552 ε
2533 4510 2643 4566 quo
2677 4493 2756 4557 ﬁt,
2788 4500 2850 4545 ut
2877 4484 3186 4543 ministerio
3215 4479 3467 4578 corporis

199 4584 566 4656 κατορθοῦται
594 4587 660 4656 τῇ
715 4583 986 4655 ὑπουργία
1017 4583 1111 4637 τοῦ
1143 4584 1391 4655 σώματος
1416 4603 1431 4617 ο
1485 4587 1642 4641 τοῦτο
1674 4588 1781 4659 γάρ

1893 4570 2071 4654 virtus
2110 4604 2262 4650 recte
2309 4591 2744 4647 administretur.
2794 4582 2910 4637 Hoc
2963 4578 3108 4634 enim
3155 4574 3363 4630 indicat
3412 4570 3468 4625 id

199 4677 539 4730 ἐνδείκνυται
586 4675 681 4728 τοῦ
722 4675 1155 4746 Ἐκατοντάρχου
1201 4677 1228 4729 6
1256 4676 1412 4745 λόγος
1455 4677 1624 4732 εἰπὼν
1645 4719 1660 4744 ,
1701 4680 1784 4733 ὅτι

199 4768 313 4822 Καὶ
345 4765 428 4832 τῷ
476 4766 678 4833 δούλῳ
707 4783 826 4836 μου
860 4766 1014 4834 λέγω
1035 4805 1050 4829 ,
1101 4765 1370 4832 Ποίησον
1420 4767 1594 4822 τοῦτο
1618 4809 1634 4834 ,
1683 4771 1783 4824 καὶ

198 4873 378 4914 ποιει.

285 4949 426 5003 Ἀλλ’
453 4949 774 5020 ἀκούσωμεν
796 4948 896 5019 τῆς
922 4947 1190 5020 βασιλίδος
1210 4990 1225 5014 ,
1248 4949 1396 5014 ὅπως
1423 4951 1785 5024 ἀπανίστησιν

199 5045 296 5114 ἀφ’
326 5045 528 5115 ἑαυτῆς
575 5043 668 5096 τὸν
694 5044 940 5115 Βορρᾶν,
990 5045 1070 5107 είς
1106 5044 1167 5096 τὸ
1213 5043 1450 5115 ἔμπαλιν
1481 5045 1648 5099 αὐτοῦ
1688 5047 1788 5118 τὴν

200 5134 374 5205 πνοὴν
406 5133 810 5206 ἀναστρέψασα.
837 5135 912 5188 Οὐ
946 5134 1056 5206 γὰρ
1081 5135 1310 5204 ἠρεμεῖν
1337 5135 1655 5201 ἐπιτάσσει,
1686 5154 1789 5191 κα·-

199 5229 384 5300 θάπερ
425 5227 518 5281 ἐπὶ
562 5227 657 5281 τοῦ
706 5225 997 5281 κλυδωνίου
1043 5225 1143 5298 τῆς
1185 5224 1462 5298 θαλάσσης
1512 5228 1543 5280 6
1585 5227 1791 5298 Κύριος

199 5319 437 5390 ἡσυχίαν
459 5317 614 5388 ἄγειν
629 5317 728 5390 τὴν
756 5317 1016 5381 λαίλαπα,
1044 5315 1255 5388 σιωπὴν
1278 5317 1656 5390 παραγγείλας
1673 5322 1787 5382 τοῖς

199 5411 473 5482 κύμασινο
496 5411 611 5465 ἀλλ’
635 5411 941 5481 ἀποχωρεῖν
967 5409 1062 5463 καὶ
1087 5408 1308 5478 φεύγειν
1327 5409 1784 5480 παρακελεύεται,

205 5503 279 5568 ὥς
302 5502 370 5559 ἂν
399 5502 695 5567 ἀκωλύτως
721 5505 752 5556 6
783 5501 953 5565 Νότος
975 5501 1123 5572 ῥέοι,
1176 5500 1448 5573 μηδεμιᾶς
1472 5501 1787 5568 ἀντιπνοίας

201 5595 611 5668 ἐμποδιζούσης
662 5593 813 5665 αὐτῷ
860 5593 960 5666 τὴν
991 5592 1166 5664 φοράν
1191 5608 1208 5625 ο
1254 5592 1628 5664 Ἐξετέρθητι
1651 5636 1666 5664 ,
1699 5595 1788 5650 λέ-

259 5778 283 5813 ⁸
320 5776 510 5836 Matth.
553 5792 673 5849 vui,
718 5777 783 5838 10
812 5795 935 5853 sqq.
1015 5779 1036 5811 ⁸
1073 5775 1118 5836 ll
1156 5775 1280 5834 Cor.
1322 5789 1400 5842 vi,
1443 5771 1532 5830 14.

1892 4689 2038 4762 quod
2065 4688 2268 4744 dicitur
2308 4701 2338 4738 a
2364 4681 2686 4739 centurione
2711 4695 2723 4731 :
2748 4673 2883 4729 Nam
2911 4681 2961 4726 et
2986 4684 3132 4724 ser-vo
3170 4681 3284 4719 meo
3310 4662 3428 4716 dico
3446 4677 3466 4713 :

1893 4785 2008 4841 Fac
2036 4784 2154 4846 hoc,
2185 4791 2230 4834 et
2257 4778 2408 4849 facit.

1958 4958 2064 5014 Sed
2093 4954 2384 5011 audiamus
2419 4942 2878 5020 quemadmodum
2908 4939 3093 5010 regina
3125 4947 3351 5005 surgere
3385 4927 3469 4985 fa-

1885 5052 1962 5107 cit
1991 5048 2303 5120 aquilonem
2343 5049 2397 5096 et
2425 5056 2456 5094 a
2491 5053 2554 5093 se
2587 5033 2870 5096 amandat,
2917 5030 3040 5099 ejus
3092 5025 3278 5080 ﬂatum
3315 5035 3472 5075 aver-

1886 5154 2009 5200 tens
2037 5117 2094 5195 in
2135 5136 2450 5191 adversum.
2483 5130 2602 5184 Non
2630 5127 2776 5182 enim
2817 5137 2940 5178 eum
2968 5120 3132 5190 jubet
3163 5117 3468 5186 quiescere,

1891 5230 2171 5306 quomodo
2202 5230 2256 5283 in
2291 5225 2462 5281 maris
2510 5225 2838 5290 temmstate
2871 5212 3038 5284 jussit
3070 5208 3335 5306 Dominus
3370 5205 3474 5259 ﬂu-

1893 5299 2080 5379 ctibus
2121 5320 2408 5391 quiescere
2451 5323 2507 5369 et
2538 5311 2818 5368 silentium
2861 5318 3061 5376 agerc;
3098 5300 3193 5356 sed
3241 5299 3476 5368 imperat

1895 5425 1958 5470 ut
1994 5388 2215 5470 recedat
2256 5418 2311 5464 et
2351 5407 2544 5476 fugiat,
2585 5410 2645 5456 ut
2673 5401 2882 5469 absque
2920 5395 3034 5450 ullo
3080 5388 3473 5461 impedimento

1896 5507 2031 5561 ﬂuat
2079 5511 2286 5565 auster,
2335 5498 2488 5553 nullo
2537 5493 2769 5550 adverso
2824 5486 2955 5541 ﬂatu
2997 5482 3303 5539 obsistente
3351 5477 3478 5548 ejus

1899 5595 2144 5672 impetui,
2177 5595 2368 5652 dicens
2393 5611 2407 5647 :
2441 5589 2629 5661 Surge,
2658 5583 2858 5657 aquilo.
2889 5577 3148 5645 Quaenam
3178 5581 3263 5631 est
3293 5577 3496 5629 autem.
