3854 6216
444 336 556 396 985

1655 336 1714 391 S.
1746 332 2077 393 GREGORII
2116 331 2406 389 NYSSENI

3603 318 3707 380 93$

442 466 610 509 causa
643 466 743 507 cur
776 450 1102 506 amandatur
1133 449 1222 506 hic
1248 453 1484 508 ventus?
1513 451 1709 522 Aquilo
1737 462 1822 510 est
1849 453 2016 509 durus

2125 469 2297 521 γουσα
2319 449 2399 522 τῷ
2431 448 2641 520 ὼρῤᾁ·
2673 444 2759 510 τίς
2779 443 2838 498 δέ
2864 444 2898 513 ἡ
2925 443 3073 496 αἰτία
3092 439 3192 510 τῆς
3222 437 3316 492 τοῦ
3349 436 3551 507 ἀνέμου
3587 436 3698 488 τού-

439 555 496 600 et
537 559 700 615 asper
730 552 950 606 ventus,
1004 553 1064 597 ut
1109 544 1311 599 alicubi
1351 545 1556 599 dicitur
1601 547 1654 600 in
1703 545 2022 602 Proverbia.

443 635 686 690 Vocatur
721 645 905 690 autem
935 637 1128 689 dexter
1155 637 1396 691 nomine.
1435 634 1544 691 Sed
1579 653 1689 693 non
1726 647 1812 693 est
1834 637 2025 694 dexter

444 728 652 798 aquilo,
685 726 790 781 nisi
817 726 942 797 quis
969 741 998 779 a
1028 733 1181 797 tergo
1219 727 1415 782 haheat
1439 730 1728 794 orientem,
1760 746 2025 800 peragens

442 835 668 876 cursum
719 819 785 873 ad
841 819 1208 875 occidentem.
1256 819 1494 877 Omnino
1533 831 1711 877 autem
1768 823 2024 895 intelligis

440 912 677 983 anigma
701 927 890 967 eorum
919 929 1040 982 quae
1069 913 1354 978 dicuntur,
1385 914 1532 983 quod
1573 914 1785 970 scilicet
1811 917 1903 986 qui
1935 931 2022 972 re-

439 1007 612 1059 cessit
647 1005 714 1059 ab
741 1005 954 1060 oriente
1006 1006 1110 1074 (sic
1151 1007 1296 1062 enim
1334 1007 1654 1062 nominatur
1698 1007 1954 1065 Christus
1991 1025 2024 1066 a

442 1094 728 1164 prophetia
769 1090 910 1161 "),et
941 1111 1000 1151 se
1028 1097 1301 1166 protrudit
1333 1099 1399 1152 ad
1435 1113 1694 1154 occasum
1736 1101 1896 1162 lucis,
1928 1100 2023 1156 ubi

441 1194 530 1240 est
595 1193 845 1255 potestas
913 1189 1304 1252 tenebrarum,
1357 1190 1462 1245 sibi
1513 1191 1797 1246 dexterum
1861 1193 2024 1248 habet

439 1276 780 1347 aquilonem,
827 1278 1091 1348 improbis
1128 1281 1428 1336 insultibus
1466 1296 1590 1337 eum
1634 1283 2020 1354 excipientem,

439 1383 541 1438 per
586 1384 725 1439 quos
769 1385 970 1427 cursus
1019 1371 1313 1427 conﬁcitur
1358 1372 1425 1426 ad
1467 1374 1744 1430 tenebras.
1789 1373 1866 1429 Ita
1914 1375 2023 1431 sibi

439 1463 726 1516 dexterum
756 1463 1069 1532 aquilonem
1101 1465 1310 1520 invenit
1335 1465 1644 1535 impudicus
1669 1475 1725 1522 et
1752 1467 2027 1538 intempe-°

439 1568 593 1616 rans,
635 1555 1041 1625 conspirantem
1077 1556 1294 1613 aﬂ‘ectui
1347 1565 1403 1611 et
1435 1559 1832 1628 perturbationi
1875 1559 2024 1629 igno-

441 1646 646 1700 miniaa.
677 1649 757 1701 ita
800 1663 966 1702 avaro
1007 1649 1066 1702 [it
1102 1651 1294 1704 dexter
1323 1649 1554 1720 spiritus
1596 1651 1702 1706 iste
1739 1651 2024 1721 nequitiae,

437 1737 666 1806 quando
719 1741 1000 1794 materiam
1046 1742 1310 1807 avaritiae,
1356 1753 1616 1812 tanquam
1662 1758 1885 1799 arenam
1928 1745 2024 1799 ali-

2125 559 2219 596 του
2278 539 2764 614 μεταναστάσεωςς
2816 532 3057 603 Σκληρὸς
3089 530 3289 602 ἀνεμός
3342 531 3498 592 ἐστι,
3550 526 3685 596 φησι

2127 633 2264 707 πρὸς
2298 632 2456 686 τοῦτο
2477 630 2574 702 τῆς
2597 626 2905 699 Παροιμίας
2946 624 3106 692 λόγος
3127 640 3141 654 ο
3175 622 3398 692 ὀνόματι
3426 619 3487 673 δέ
3530 616 3704 671 ἐπιδέ-

2127 725 2237 792 ξιος
2268 725 2546 779 καλεῖται·
2594 721 2708 774 ἀλλ’
2749 720 2923 774 οὐδενὶ
2967 717 3139 781 δεξιὸς
3180 713 3450 787 Βοῤῥέας,
3489 711 3635 782 πλὴν
3661 709 3711 763 εί

2124 837 2208 884 τις
2241 817 2382 873 κατά
2410 816 2598 871 Νὼτου
2622 815 2722 886 τὴν
2750 811 3014 882 ἀνατολὴν
3034 810 3169 880 ἔχοι,
3200 811 3336 878 πρὸς
3368 805 3467 868 τὰς
3495 802 3709 873 δυσμὰς

2123 912 2217 965 τὸν
2245 910 2446 981 δρόμον
2485 907 2824 977 ποιούμενος.
2853 903 3012 964 Νοεῖς
3056 901 3114 955 δὲ
3149 899 3367 959 πάντως
3396 895 3510 949 τῶν
3555 894 3711 960 λεγο-

2128 1002 2304 1073 μένων
2331 1001 2392 1054 τὸ
2419 1001 2668 1070 αῖνιγμα,
2692 997 2774 1050 ὅτι
2797 998 2826 1049 6
2851 994 2951 1064 τῆς
2979 991 3243 1060 ἀνατολῆς
3263 987 3511 1049 ἀποστάς
3544 984 3714 1052 (οὕτω

2125 1092 2236 1164 γὰρ
2267 1091 2416 1163 παρὰ
2453 1090 2553 1160 τῆς
2600 1087 2938 1160 προφητείας
2968 1087 2998 1138 6
3037 1083 3266 1154 Χριστὸς
3357 1079 3711 1153 ὀνομάζεται)

2125 1185 2220 1238 καὶ
2246 1184 2381 1255 πρὸς
2407 1181 2507 1245 τάς
2550 1179 2759 1250 δυσμὰς
2783 1177 2878 1232 τοῦ
2909 1176 3085 1245 φωτὸς
3121 1173 3313 1226 ἐαυτὸν
3339 1167 3713 1227 συνελαύνων,

2123 1278 2257 1330 ὅπου
2292 1275 2440 1330 ἐστὶν
2473 1272 2693 1338 ἐξουσία
2725 1269 2819 1325 τοῦ
2847 1265 3270 1337 σκότους,δεξιὸν
3295 1263 3410 1333 ἔχει
3444 1260 3532 1328 ἐφ’
3577 1261 3713 1311 ἐαυ-

2123 1367 2217 1423 τοῦ
2243 1367 2334 1421 τὸν
2365 1365 2577 1438 Βορρᾶν
2606 1366 2718 1426 τοῖς
2748 1362 3004 1432 πονηροῖς
3038 1357 3201 1410 αὑτὸν
3242 1354 3477 1424 ἐφοδίοις
3508 1349 3714 1416 δεξιού-

2127 1475 2307 1532 μενον,
2341 1457 2405 1512 Bt"
2429 1452 2505 1512 ὧν
2527 1459 2556 1510 6
2584 1455 2720 1529 πρὸς
2749 1453 2811 1507 τὸ
2831 1453 3020 1515 σκότος
3047 1450 3252 1517 γίνεται
3277 1446 3497 1516 δρόμος.
3521 1440 3712 1532 Οὕτως

2123 1530 2367 1624 εὑρίσκει
2394 1552 2486 1604 τὸν
2525 1549 2736 1620 Βορρᾶν
2764 1543 2959 1599 ἑαυτοῦ
3027 1541 3200 1608 δεξιὸν
3218 1542 3246 1592 6
3274 1537 3602 1600 ἀκόλαστος,
3634 1530 3712 1635 at?

2124 1644 2286 1700 πάθει
2333 1643 2432 1712 τῆς
2479 1639 2702 1710 ἀτιμίας
2752 1635 3115 1707 συμπνέοντα.
3172 1631 3328 1685 Οὕτω
3370 1634 3588 1699 γίνεται
3634 1631 3712 1695 τῷ

2125 1733 2422 1803 πλεονέκτῃ
2479 1730 2652 1796 δεξιὸν
2704 1727 2766 1781 τὸ
2819 1725 3037 1796 πνεῦμα
3069 1721 3228 1776 τοῦτο
3257 1721 3358 1788 τῆς
3409 1715 3708 1786 πονηρίας,

438 1845 605 1897 quam
643 1839 696 1886 et
728 1831 1005 1901 pulverem
1039 1833 1087 1887 ei
1134 1835 1401 1905 congerit.
1447 1808 1521 1888 Ita
1562 1835 1630 1889 ad
1670 1836 2016 1906 unumquod-

2124 1828 2252 1880 ὅταν
2278 1823 2422 1894 αὐτῷ
2450 1822 2548 1886 τὰς
2577 1821 2709 1884 ὕλας
2737 1819 2835 1902 τῆς
2868 1816 3176 1880 πλεονεξίας
3204 1808 3315 1866 οἷόν
3335 1828 3462 1906 τινα
3479 1809 3708 1906 ψάμμον

438 1937 548 1990 que
586 1931 870 1991 peccatum
907 1939 1066 1979 suum
1102 1926 1352 1994 praebens
1395 1926 1658 1981 auxilium
1703 1926 1763 1981 ιιι
1805 1927 2018 1983 dexter.

439 2013 576 2067 Cum
609 2023 789 2068 autem
818 2015 890 2070 sit
917 2015 1137 2085 quidem
1176 2017 1349 2073 durus
1388 2029 1604 2086 natura,
1633 2018 1889 2075 duritiem
1922 2035 2020 2075 au-

436 2111 549 2158 tem
575 2103 815 2159 occultet
835 2107 1229 2177 voluptatibus,
1265 2119 1554 2181 propterea
1594 2126 1625 2166 a
1655 2127 1758 2168 suo
1789 2113 2020 2183 imperio

436 2194 592 2264 fugat
636 2196 970 2265 aquilonem,
1003 2213 1068 2252 ea
1121 2215 1244 2268 qua;
1287 2199 1554 2257 adversus
1589 2202 1757 2256 animi
1800 2210 2018 2272 pertur-

433 2283 691 2340 bationes
720 2293 776 2340 et
804 2286 936 2340 vitia
975 2287 1217 2342 obtinuit
1256 2289 1624 2355 dominatum,
1658 2293 1903 2362 aquiloni
1936 2293 2021 2348 di-

433 2390 571 2430 cens
607 2395 620 2430 :
654 2375 844 2445 Surge:
881 2375 1041 2443 Quod
1067 2386 1251 2432 autem
1285 2379 1392 2434 hoc
1419 2381 1643 2435 nomine
1678 2380 2020 2451 signiﬁcetur

435 2476 685 2538 poteStas
718 2468 1056 2535 adversaria,
1098 2470 1275 2526 cuivis
1314 2471 1483 2526 fuerit
1518 2474 1890 2543 perspicuum,
1922 2470 2017 2541 qui

433 2560 872 2616 consideraverit
906 2568 1159 2615 naturam
1192 2577 1376 2618 rerum
1415 2563 1853 2633 aspectabilium.
1882 2562 2018 2628 Quis

436 2652 586 2706 enim
625 2669 732 2707 non
765 2653 920 2708 novit
941 2653 1073 2708 solis
1102 2661 1335 2722 motum,
1371 2654 1515 2724 quod
1561 2654 1773 2710 scilicet
1797 2653 1866 2708 ab
1891 2660 2016 2707 ortu

433 2759 534 2814 per
590 2753 840 2800 austrum
881 2761 1105 2802 cursum
1156 2746 1475 2812 conﬁciens,
1519 2747 1759 2801 declinat
1807 2747 1874 2801 ad
1923 2761 2017 2802 oc-

433 2835 860 2891 casum?Terra
893 2845 1075 2889 autem
1102 2837 1274 2906 ligura
1327 2853 1453 2892 cum
1499 2839 1572 2893 sit
1619 2838 1910 2909 sphaerica,
1957 2844 2018 2892 ut

433 2929 626 2985 dicunt
665 2932 761 2999 qui
819 2930 874 2984 in
929 2930 1013 2984 his
1068 2945 1232 2986 suum
1290 2931 1535 2987 studium
1582 2941 1906 3003 posuerunt,
1958 2932 2014 2986 in

433 3037 545 3092 qua
584 3032 742 3092 parte
787 3038 819 3076 a
856 3022 973 3077 sole
1014 3023 1353 3085 illustratur,
1405 3025 1459 3078 in
1494 3024 1616 3092 ejus
1643 3025 1875 3081 adversa
1921 3041 2017 3080 ne—

433 3116 677 3168 cessario
700 3112 1118 3180 obtenebratur,
1152 3121 1213 3168 ut
1250 3130 1372 3184 qua:
1400 3116 1763 3171 adumbretur
1793 3116 2015 3172 obstru-
2042 3150 2084 3207 ε

433 3206 615 3260 ctione
648 3205 767 3274 ejus
798 3207 944 3275 quod
979 3212 1064 3260 est
1116 3205 1530 3263 intermedium.
1568 3208 1842 3275 Quoniam
1883 3223 2016 3279 ergo

433 3296 592 3351 locus
623 3297 716 3351 ille
746 3305 1014 3367 perpetuo
1048 3307 1232 3353 manet
1271 3300 1394 3354 luce
1428 3316 1627 3356 carens
1670 3309 1724 3356 et
1755 3301 2013 3372 frigidus,

436 3395 498 3441 ut
524 3390 615 3458 qui
649 3405 679 3443 a
721 3391 896 3446 radiis
942 3392 1078 3448 solis
1108 3409 1287 3463 neque
1336 3394 1682 3448 illuminetur
1718 3409 1898 3463 neque
1930 3393 2016 3448 fo-

431 3486 664 3538 veatur:
712 3491 1000 3551 propterea
1049 3483 1355 3552 principem
1407 3484 1698 3555 potestatis
1751 3485 2014 3540 tenebra-

432 3586 583 3636 rum,
616 3573 711 3642 qui
743 3575 961 3630 mollem
1007 3575 1318 3630 animarum
1354 3585 1604 3630 naturam
1641 3578 1819 3633 instar
1855 3591 2012 3648 aqua:

431 3677 795 3718 concrescere
837 3663 971 3718 facit
1015 3673 1070 3720 et
1101 3667 1298 3721 duram
1332 3667 1536 3732 reddit,
1576 3671 1826 3722 nominat
1880 3667 2011 3723 Ver—

431 3752 564 3807 bum
604 3754 803 3808 durum
849 3757 1190 3825 aquilonem,
1239 3757 1555 3814 eﬂ‘ectorem
1608 3760 1848 3815 tristitia:
1900 3760 2011 3815 hie-

431 3847 563 3909 mis,
601 3845 655 3900 in
689 3861 796 3916 qua
831 3847 967 3902 dicit
1001 3848 1356 3922 Evangelium
1399 3852 1549 3906 nulla
1592 3854 1811 3908 ratione
1845 3853 2009 3924 επυεὶ

430 3953 597 4008 posse
629 3940 895 4008 pericula.
923 3941 983 3995 In
1017 3957 1082 3997 ea
1109 3945 1255 3999 enim
1298 3946 1590 4001 marcescit
1619 3946 1786 4001 decor
1815 3961 2007 4002 eorum

429 4029 522 4098 qui
555 4027 752 4086 ﬂorent
778 4046 846 4086 ex
877 4033 1102 4088 virtute.

503 4301 666 4358 Recte
688 4312 870 4358 autem
914 4319 1013 4360 sua
1045 4309 1372 4364 auctoritate
1393 4324 1498 4364 vox
1523 4325 1648 4365 eum
1676 4311 1898 4380 expellit
1921 4327 2009 4367 re-

431 4394 601 4463 ginae;
637 4396 870 4450 accersit
902 4405 1084 4451 autem
1125 4407 1343 4453 ventum
1374 4400 1759 4469 meridianum,
1793 4403 1889 4471 qui
1925 4413 2010 4459 est

429 4485 643 4539 calidus
672 4492 726 4540 et
761 4502 977 4555 semper
1007 4488 1244 4554 lucidus,
1277 4506 1438 4559 quem
1467 4493 1712 4546 nominat
1737 4501 2008 4562 austrum,

429 4589 528 4643 per
557 4591 716 4642 quem
742 4573 860 4628 llnit
889 4585 1104 4632 torrens
1127 4578 1474 4645 deliciarum,
1511 4582 1701 4640 dicens
1733 4603 1747 4640 :
1787 4584 1854 4638 Et
1879 4587 2012 4653 veni,

431 4673 630 4728 auster,
655 4666 824 4734 per/la
848 4666 1059 4720 hortum
1094 4685 1286 4730 meum.
1319 4680 1369 4724 et
1389 4671 1560 4739 ﬂuant
1590 4686 1836 4729 aromata
1864 4692 2012 4731 mea:

431 4753 570 4808 adeo
594 4762 651 4806 ut
674 4755 913 4809 violento
937 4757 1156 4824 spiritu,
1187 4760 1330 4814 sicut
1362 4761 1618 4819 audimus
1646 4763 1847 4820 factum
1879 4765 2015 4822 fuis-

431 4859 492 4898 se
524 4845 578 4897 in
610 4847 895 4900 caenaculo
923 4847 1235 4918 discipulis,
1266 4850 1321 4905 in
1358 4853 1574 4922 plantas
1599 4856 1849 4913 incidens
1894 4859 2014 4911 ani-

429 4944 630 5000 matas,
661 4947 874 4994 moveat
901 4940 997 4995 Dei
1027 4943 1420 5011 plantationem
1445 4947 1511 5000 ad
1536 4958 1846 5004 aromatum
1876 4965 2009 5020 pro-

431 5027 766 5095 ductionem,
799 5039 852 5085 et
883 5030 1078 5086 eiliciat
1106 5044 1164 5088 ut
1195 5049 1291 5104 per
1317 5050 1380 5089 os
1409 5035 1540 5091 ﬂuat
1569 5038 1846 5094 odorifera
1879 5055 2010 5110 pro-

430 5119 615 5189 phetia
647 5131 701 5174 et
735 5123 998 5178 salutaria
1031 5123 1154 5180 ﬁdei
1189 5126 1466 5196 dogmata,
1514 5145 1612 5199 per
1643 5146 1808 5186 omne
1837 5146 2010 5202 genus

432 5206 632 5276 linguae
693 5207 1026 5265 eﬂ'undentia
1088 5213 1226 5270 citra
1290 5216 1736 5285 impedimentum
1804 5222 2008 5275 bonum

430 5301 656 5355 odorem
683 5301 1163 5361 documentorum.
1192 5309 1285 5366 Sic
1305 5322 1522 5366 centum
1550 5312 1742 5382 viginti
1773 5313 2015 5384 discipu-

432 5393 492 5458 li,
523 5396 617 5464 qui
649 5398 969 5465 plantantur
1001 5400 1056 5454 in
1087 5401 1252 5458 domo
1282 5403 1400 5471 Dei,
1430 5405 1559 5461 ﬂatu
1607 5407 1772 5477 hujus
1804 5407 2012 5472 austri,

432 5501 555 5554 quae
584 5502 682 5556 per
713 5489 930 5558 linguas
958 5493 1218 5561 traditur,
1249 5495 1556 5553 doctrinam
1590 5498 1839 5555 fecerunt
1867 5498 2018 5554 eﬂlo-

434 5591 580 5632 rere.
606 5579 905 5652 Propterea
929 5599 1062 5656 ergo
1077 5587 1207 5646 huic
1238 5599 1430 5649 austro
1459 5592 1594 5658 dicit
1625 5609 1862 5666 sponsa:
1882 5591 2017 5649 Per-

491 5747 521 5784 '
549 5747 716 5807 lacb.
751 5771 824 5823 vr,
853 5756 942 5815 19.

2121 1918 2155 1989 ἢ
2182 1917 2331 1972 κόνιν
2360 1912 2738 1987 περισωρεύει.
2763 1899 2950 1974 Οὕτως
2980 1907 3117 1980 πρὸς
3135 1907 3364 1960 ἕκαστον
3394 1901 3506 1954 τῶν
3537 1899 3712 1968 πλημο

2124 2009 2452 2082 μελημάτων
2477 2007 2577 2078 τὴν
2609 2005 2738 2076 παρ’
2769 2000 2963 2057 ἐαυτοῦ
2996 1999 3284 2070 συνεργίαν
3321 1993 3704 2066 χαριζόμενος,

2120 2101 2387 2167 ἐπιδέξιος
2416 2100 2646 2168 γίνεται,
2680 2091 2762 2159 οἷς
2792 2095 2858 2148 ἂν
2888 2094 3133 2163 γένηται.
3162 2088 3405 2160 Σκληρὸς
3440 2086 3544 2156 μὲν
3568 2082 3708 2137 κατά

2118 2196 2217 2268 τὴν
2247 2195 2410 2265 φύσιν
2449 2193 2546 2257 ὢν,
2581 2189 2936 2261 ἐπικρύπτων
2967 2187 3025 2240 δὲ
3052 2186 3174 2246 ταῖς
3218 2182 3434 2254 ἡδοναῖς
3467 2178 3533 2230 τὸ
3560 2174 3708 2268 ἀντί-

2119 2266 2313 2348 τυπον,
2339 2284 2426 2338 διὰ
2452 2282 2612 2337 τοῦτο
2642 2278 2937 2351 φυγαδεύει
2959 2278 3057 2347 τῆς
3085 2275 3220 2336 ἰδίας
3239 2272 3417 2344 ἀρχῆς
3443 2268 3542 2323 τὸν
3576 2266 3710 2338 Βορ-

2123 2379 2254 2449 ρᾶν,
2302 2379 2336 2448 ή
2375 2375 2517 2431 κατὰ
2560 2373 2671 2427 τῶν
2721 2371 2911 2426 παθῶν
2941 2365 3320 2437 ἀναδυσαμένη
3373 2363 3438 2416 τὺ
3467 2360 3708 2434 κράτος,

2131 2466 2790 2539 Ἐξεγέρθητι,λέγουσα,
2813 2459 2862 2519 ὦ
2887 2459 3102 2530 Βορῤᾶ.
3135 2459 3260 2512 Ὀτι
3288 2456 3345 2509 δὲ
3375 2453 3454 2524 τῷ
3481 2451 3708 2522 ὀνόματι

2117 2561 2293 2632 τούτῳ
2329 2563 2363 2632 ἡ
2404 2556 2752 2628 ἀντικειμένη
2786 2553 3198 2625 διασημαίνεται
3229 2548 3460 2617 δύναμις
3486 2586 3502 2610 ,
3547 2542 3710 2597 παντὶ

2116 2652 2274 2722 δῆλον
2305 2650 2372 2706 ἂν
2401 2650 2487 2721 εἴη
2515 2649 2594 2720 τῷ
2621 2645 3042 2716 κατανενοηκότι
3071 2643 3168 2712 τὴν
3203 2639 3312 2694 τῶν
3343 2635 3568 2709 ὁρατῶν
3606 2633 3708 2704 φύ-

2120 2761 2223 2798 σιν.
2259 2743 2356 2806 Τίς
2377 2741 2486 2812 γὰρ
2523 2741 2622 2794 οὐκ
2647 2734 2756 2792 οἶδε
2783 2737 2880 2791 τοῦ
2920 2735 3068 2806 ἡλίου
3113 2733 3212 2803 τὴν
3257 2730 3474 2800 κίνησιν
3496 2767 3516 2794 ,
3540 2727 3625 2780 ὅτι
3647 2726 3710 2778 ἐκ

2115 2837 2226 2891 τῶν
2259 2835 2534 2891 ἀνατολῶν
2558 2834 2647 2888 διά
2674 2832 2770 2886 τοῦ
2801 2831 2976 2884 νοτίου
3009 2829 3102 2883 τὸν
3131 2827 3329 2900 δρόμον
3359 2823 3707 2894 ποιούμενος,

2117 2928 2254 3001 πρὸς
2282 2928 2383 2992 τάς
2413 2926 2626 2996 δυσμὰς
2657 2924 2990 2978 ἐπικλίνεται
3015 2939 3028 2987 ;
3061 2921 3134 2974 T6
3160 2919 3217 2973 δὲ
3249 2917 3439 2987 σχῆμα
3477 2918 3581 2985 τῆς
3611 2913 3709 2982 γῆς

2117 3021 2455 3094 σφαιροειδὲς
2481 3021 2563 3083 ὃν,
2591 3018 2777 3082 καθὼς
2803 3035 2965 3088 φασιν
3002 3017 3051 3071 οἱ
3083 3014 3153 3069 τά
3177 3012 3409 3066 τοιαῦτα
3440 3010 3711 3078 κατανοή-

2121 3131 2340 3180 σαντες,
2368 3115 2424 3166 ἐν
2450 3106 2603 3184 ᾧπερ
2631 3111 2709 3183 τῷ
2760 3110 2896 3182 ἡλίῳ
2922 3105 3278 3180 περιλαμφθῇ
3304 3143 3322 3169 ,
3351 3102 3501 3157 κατά
3533 3103 3709 3154 πᾶσαν

2117 3207 2364 3277 ἀνάγκην
2394 3208 2452 3259 ἐν
2477 3204 2554 3276 τῷ
2577 3203 2942 3274 ἀντικειμένῳ
2973 3199 3277 3263 σκοτίζεται
3300 3236 3316 3262 ,
3347 3197 3422 3267 τῇ
3447 3192 3710 3263 ἀντιφρὰ-

2115 3296 2198 3364 Eat
2224 3297 2319 3352 τοῦ
2345 3297 2511 3368 μέσου
2555 3297 2932 3367 σκιαζόμενον.
2981 3293 3133 3346 Ἐπεὶ
3163 3287 3257 3345 οὖν
3287 3288 3548 3358 ἀφεγγὴς
3573 3289 3602 3340 6
3626 3285 3712 3338 τό-

2114 3408 2214 3455 πος
2241 3393 2447 3454 ἐκεῖνος
2496 3391 2591 3445 καὶ
2621 3386 3036 3458 κατεψυγμένος
3068 3384 3241 3439 εἰσαεὶ
3285 3382 3540 3450 διαμένει
3573 3379 3709 3450 μήτε

2114 3483 2460 3554 λαμπόμενκ
2495 3483 2600 3536 ὑπὸ
2638 3480 2746 3534 τῶν
2774 3477 3020 3550 ἡλιακῶν
3053 3475 3290 3531 ἀκτίνων
3335 3474 3476 3544 μήτε
3505 3469 3709 3524 θαλπό-

2121 3589 2282 3644 μενος
2309 3589 2322 3601 ’
2349 3573 2440 3626 διά
2465 3571 2622 3625 τοῦτο
2653 3570 2744 3623 τὸν
2777 3570 3012 3640 ἄρχοντα
3043 3567 3143 3638 τῆς
3175 3562 3427 3632 ἐξουσίας
3454 3561 3555 3615 τοῦ
3588 3558 3708 3613 σκό-

2117 3680 2270 3728 τους,
2298 3664 2390 3716 τὺν
2417 3663 2518 3734 τὴν
2553 3661 2768 3731 ἁπαλὴν
2797 3660 2906 3713 τῶν
2925 3658 3112 3730 ψυχῶν
3143 3657 3306 3726 φύσιν
3332 3654 3532 3718 ὓδατος
3554 3651 3709 3720 δίκην

2118 3751 2478 3806 ἀπολιθοῢντα
2500 3752 2588 3806 διὰ
2635 3752 2734 3822 τῆς
2766 3750 3010 3822 πήξεως,
3057 3749 3152 3802 καὶ
3201 3745 3446 3818 σκληρὰν
3476 3742 3708 3814 ἐργαζό-

2121 3861 2281 3914 μενον
2308 3885 2322 3909 ,
2360 3843 2600 3916 Βορῤέαν
2651 3861 2711 3898 τε
2743 3843 2838 3896 καὶ
2873 3841 3106 3912 σκληρὸν
3141 3837 3401 3910 ὀνομάζει
3450 3837 3481 3889 ὁ
3512 3836 3705 3904 Λόγος,

2115 3935 2208 3988 τὸν
2240 3937 2338 4006 τῆς
2366 3935 2667 4006 κατηφείας
2704 3935 2798 3987 τοῦ
2847 3934 3115 4004 χειμῶνος
3165 3931 3408 4003 ἐργάτην
3430 3970 3446 3994 ,
3494 3929 3705 3983 ἐκείνου

2118 4025 2264 4095 λέγω
2291 4027 2385 4080 τοῦ
2439 4027 2708 4096 χειμῶνος
2740 4027 2798 4078 ἐν
2827 4019 2872 4094 ᾧ
2904 4027 3003 4095 τὴν
3054 4023 3229 4094 φυγὴν
3282 4022 3394 4074 τῶν
3445 4020 3704 4074 κινδύνων

2118 4118 2401 4189 ἀμήχανον
2432 4118 2580 4186 λέγει
2629 4117 2691 4170 τὸ
2725 4116 3076 4185 Εὐαγγέλιον.
3122 4115 3211 4166 Ἐν
3257 4112 3410 4183 αὐτῷ
3440 4112 3555 4184 γὰρ
3600 4110 3705 4164 τῶν

2116 4211 2240 4264 κατ’
2272 4210 2474 4282 ἀρετὴν
2508 4208 2814 4262 ἀνθούντων
2845 4211 2878 4279 ἡ
2917 4207 3036 4278 ὥρα
3072 4205 3418 4278 μαραίνεται.

2189 4302 2387 4366 Καλῶς
2419 4297 2512 4357 οὖν
2532 4300 2826 4356 ἀπελαύνει
2851 4300 3037 4354 τοῦτον
3073 4299 3195 4352 κατ’
3219 4295 3470 4362 ἐξουσίαν
3499 4296 3534 4366 ή
3565 4293 3703 4364 βασι-

2116 4393 2256 4457 λίδος
2282 4394 2434 4463 φωνή
2457 4408 2469 4421 ’
2497 4391 2887 4462 προσκαλεῖται
2904 4389 2960 4442 δὲ
2980 4387 3039 4440 τὸ
3064 4383 3437 4458 μεσημϐρινὸν
3462 4381 3696 4448 πνεῦμα,

2041 4463 2087 4519 D
2114 4487 2176 4539 τὸ
2207 4485 2407 4557 θερμόν
2436 4501 2494 4536 τε
2522 4483 2617 4535 καὶ
2644 4481 3095 4551 ἀειφεγγὲς,ὖπερ
3122 4475 3380 4546 ὀνομάζει
3405 4474 3582 4527 Νότον
3600 4511 3617 4535 ,
3639 4471 3698 4523 δι’

2113 4575 2175 4633 οὗ
2208 4581 2235 4631 6
2270 4578 2605 4649 χειμάρρους
2629 4578 2726 4646 τῆς
2753 4573 2966 4644 τρυφῆς
3000 4569 3138 4642 ῥέει.
3163 4569 3432 4637 λέγουσαο
3471 4565 3584 4619 Καὶ
3613 4565 3701 4630 ἐρ⁸

2112 4688 2247 4739 κου,
2278 4669 2448 4729 Νότε,
2472 4665 2849 4720 διάπνευσον
2871 4661 2982 4716 τὸν
3002 4658 3203 4728 κῆπόν
3209 4675 3351 4728 μου,
3374 4652 3703 4724 καὶρευσά-

2111 4779 2314 4820 τωσαιν⁸
2340 4758 2618 4830 ἁρὼματά
2669 4775 2788 4826 μου
2809 4773 2820 4785 ·
2858 4755 2999 4808 ὥστε
3024 4756 3091 4825 τῇ
3121 4751 3272 4824 βιαίᾳ
3303 4752 3443 4822 πνοῇ
3465 4790 3482 4813 ,
3526 4748 3701 4810 καθὼς

2111 4858 2168 4909 ἐν
2199 4854 2278 4926 τῷ
2309 4851 2541 4923 ύπερὼῳ
2567 4847 2895 4918 γεγενῆσθαι
2920 4849 3032 4909 τοῖς
3062 4843 3334 4916 μαθηταῖς
3366 4841 3700 4911 ἠκούσαμεν.

2115 4949 2230 5010 τοῖς
2289 4945 2552 5017 ἐμψύχοις
2601 4943 2788 5012 φυτοῖς
2827 4937 3158 4994 ἐπιπεσόντα
3205 4934 3429 5005 κινῆσαι
3481 4932 3586 5004 τὴν
3615 4930 3702 4985 τοῦ

2116 5039 2252 5094 Θεοῦ
2301 5037 2528 5108 φυτείαν
2558 5034 2697 5106 πρὸς
2738 5034 2840 5105 τὴν
2890 5031 2998 5086 τῶν
3032 5028 3343 5102 ἀρωμάτων
3375 5027 3553 5098 φοράν
3578 5043 3594 5058 ο
3619 5025 3704 5079 καὶ

2120 5130 2266 5202 ῥέειν
2321 5126 2743 5199 παρασκευάσαι
2798 5123 2885 5177 διά
2927 5120 3022 5175 τοῦ
3078 5119 3344 5190 στόματος
3391 5117 3493 5189 τὴν
3532 5116 3699 5184 εὐώδη

2116 5220 2478 5293 προφητείαν,
2515 5217 2609 5271 καὶ
2653 5217 2722 5269 τά
2757 5215 3002 5286 σωτήρια
3025 5210 3124 5281 τῆς
3157 5207 3394 5273 πίστεως
3437 5208 3700 5277 δόγματα,

2113 5313 2256 5369 κατὰ
2284 5314 2393 5366 πᾶν
2431 5308 2571 5373 εἶδος
2603 5305 2856 5377 γλώσσης
2887 5303 3185 5367 ἀκωλύτως
3215 5301 3315 5374 τὴν
3343 5300 3577 5354 εὐωδίαν
3600 5298 3701 5353 τῶν

2113 5403 2457 5475 διδαγμάτων
2509 5398 2828 5471 προχέοντα.
2867 5396 3057 5462 Οὕτως
3097 5398 3148 5450 οἱ
3185 5393 3384 5449 ἐκατδν
3409 5394 3506 5446 καὶ
3535 5391 3701 5446 εἴκοσι

2118 5496 2379 5571 μαθηταὶ,
2404 5497 2453 5549 οί
2477 5494 2535 5549 ἐν
2562 5491 2696 5562 οῐκῳ
2718 5490 2816 5544 τοῦ
2843 5488 2988 5544 Θεοῦ.
3006 5485 3410 5559 πεφυτευμένοι
3426 5526 3444 5551 ,
3469 5487 3539 5556 τῇ
3572 5485 3700 5553 πνοῇ

2114 5592 2182 5660 τῇ
2209 5586 2308 5643 τοῦ
2335 5584 2580 5642 τοιούτου
2610 5581 2782 5638 Νότου
2809 5621 2823 5647 ,
2860 5580 2960 5652 τὴν
3008 5577 3100 5634 διὰ
3135 5577 3245 5632 τῶν
3278 5574 3545 5645 γλωσσῶν
3569 5573 3699 5628 διδα-
