3854 6216
204 305 315 362 985

1267 308 1336 363 IN
1355 305 1662 365 GANTICA
1681 305 1958 364 CANTIC.
2005 307 2290 366 HOMILIA
2323 313 2390 366 Χ.

3357 311 3473 371 988

205 417 438 472 σκαλίαν
462 417 780 492 ἐξήνθησαν.
813 420 912 475 Διὰ
957 422 1115 477 τοῦτο
1140 424 1318 477 τοίνυν
1345 425 1480 495 φησὶ
1502 423 1583 495 τῷ
1610 423 1784 478 τοιού-

1888 425 1961 494 Ῑια
1979 425 2190 480 hortum
2222 444 2414 494 meum,
2433 429 2877 500 quandoquidem
2906 427 3066 484 horto
3095 426 3201 483 fuit
3225 435 3400 484 mater
3432 445 3469 484 a

203 511 452 581 τῳΝότῳ
481 513 514 582 ή
545 511 731 582 νύμφη
748 532 759 544 ·
787 515 869 567 ὅτι
891 514 1268 570 Διάπνευσον
1295 515 1402 569 τὸν
1426 515 1626 584 κῆπόν
1643 534 1785 586 μου.

217 602 437 674 Ἐπειδὴ
482 604 666 676 μήτηρ
690 607 852 677 κήπῳ
883 607 1101 676 ἐγένετο
1128 608 1278 678 παρὰ
1305 609 1403 679 τῆς
1431 608 1524 661 τοῦ
1555 609 1789 678 νυμφίου

205 693 392 764 φωνῆς
413 693 508 756 τοῦ
532 696 860 766 ποιήσαντος
883 699 1074 770 αὐτὴν,
1098 698 1280 763 καθὼς
1303 701 1550 771 περιέχει
1574 701 1603 752 6
1635 700 1792 770 λόγος

204 786 390 855 κήπου
425 786 519 839 καὶ
569 789 773 858 πηγῆς.
811 781 884 842 Οὐ
917 790 1078 859 χάριν
1121 789 1215 842 τὸν
1268 789 1445 859 κῆπον
1489 791 1659 860 αὐτῆς
1691 791 1790 860 τὴν

218 875 546 946 Ἐκκλησίαν
574 878 675 948 τὴν
693 881 804 942 τοῖς
830 879 1092 951 ἐμψύχοις
1121 879 1390 951 βρύουσαν
1419 880 1655 952 δένδροις
1675 881 1792 933 δια-

205 968 540 1038 πνευσθῆναι
568 968 838 1039 βούλεται,
865 970 1006 1024 ὥστε
1032 971 1224 1040 ῥεῦσαι
1251 967 1348 1027 ἀπ’
1359 972 1538 1026 αὐτῶν
1561 971 1630 1024 τὰ
1651 971 1791 1042 ἀρώ-

207 1075 380 1127 ματα.
423 1061 480 1113 Ὀ
516 1061 615 1131 μὲν
648 1062 755 1133 γὰρ
788 1063 1080 1134 Προφήτης
1109 1064 1306 1135 φησὶν,
1326 1065 1408 1118 ὅτι
1438 1063 1691 1118 Πνεύσει
1722 1062 1788 1117 τὸ

203 1150 445 1217 πνεῦμα
475 1152 685 1218 αὑτοῦ,
719 1153 818 1207 καὶ
849 1153 1144 1220 ,ῥυήσεται
1175 1155 1386 1210 ὕδατα.
1422 1155 1485 1208 Ἦ
1509 1155 1566 1208 δὲ
1595 1153 1670 1224 τῷ
1702 1154 1791 1224 βα⁴

205 1239 401 1311 σιλικῷ
435 1242 648 1313 πλούτῳ
684 1244 912 1315 κομῶσα
938 1245 1122 1318 νύμφη
1144 1286 1159 1310 ,
1189 1247 1324 1317 πρὸς
1367 1246 1427 1299 τὸ
1458 1245 1790 1316 μεγαλοφυέ-

205 1347 400 1399 στερον
431 1333 745 1399 ἐξαλλάσσει
776 1336 845 1388 τὰ
871 1336 1140 1405 ῥεύματα,
1175 1336 1483 1408 ἀρωμάτων
1511 1337 1790 1406 ποταμοὺς

205 1422 439 1476 ποιοῦσα
464 1423 573 1477 τῶν
601 1424 696 1479 τοῦ
745 1427 923 1497 κήπου
956 1428 1187 1499 δένδρων
1216 1427 1506 1498 έκρέοντας
1528 1469 1543 1492 ,
1575 1427 1664 1480 διὰ
1691 1428 1791 1498 τῆς

206 1512 331 1583 βίας
381 1513 474 1567 τοῦ
524 1517 872 1588 πνεύματος’
901 1517 1041 1572 ὥστε
1095 1518 1185 1573 διὰ
1223 1517 1412 1571 τούτου
1467 1518 1657 1588 μαθεῖν
1689 1518 1788 1588 τῆς

196 1601 444 1671 ﬂama;
465 1607 734 1680 Διαθήκης
773 1610 910 1682 πρὸς
947 1611 1045 1682 τὴν
1060 1606 1266 1682 Καινὴν
1296 1610 1358 1664 τὸ
1385 1611 1638 1682 διάφορον
1663 1627 1677 1642 ο
1707 1611 1787 1664 ὅτι

199 1701 231 1752 ό
261 1701 362 1770 μὲν
405 1703 738 1772 προφητικὸς
771 1702 1013 1772 ποταμὸς
1053 1701 1343 1774 ἐπληρώθη
1375 1703 1582 1757 ὑδάτων
1606 1721 1620 1734 ·
1667 1703 1696 1754 ὁ
1730 1702 1788 1756 δὲ

200 1768 556 1860 εὐαγγελικὸς
571 1768 898 1864 ἀρωμάτων.
917 1768 1448 1865 -Τοιοῦτοςῃποταμὸς
1476 1793 1783 1865 ἀρωμάτων
1819 1768 1862 1826 Β

199 1876 292 1951 ἦν,
317 1884 383 1935 ὲκ
407 1883 499 1936 τοῦ
525 1885 702 1954 κήπου
729 1885 827 1954 τῆς
854 1884 1178 1956 Ἐκκλησίας
1214 1885 1352 1954 ῥέων
1392 1884 1480 1938 διὰ
1511 1883 1604 1938 τοῦ
1631 1883 1786 1938 πνεύο

203 1989 414 2040 ματος,
467 1975 496 2027 ό
546 1973 718 2045 μέγας
764 1975 1004 2042 Παῦλος,
1059 1969 1120 2030 οὐ
1172 1975 1233 2028 τὸ
1281 1975 1493 2046 ῥεῖθρον
1546 1973 1784 2045 Χριστοῦ

199 2061 404 2126 εὐῶδες
434 2059 525 2135 ἦν.
568 2067 820 2130 Τοιοῦτος
859 2067 1018 2132 ἄλλος
1061 2069 1348 2140 Ἰωάννης,
1393 2071 1422 2122 ό
1454 2069 1703 2132 Λουκᾶς,
1756 2070 1786 2121 ό

198 2152 500 2220 Ματθαῖος,
525 2157 552 2208 ό
578 2157 823 2228 Μάρκος,
845 2158 941 2212 καὶ
971 2159 1020 2211 οἱ
1053 2157 1229 2211 λοιποὶ
1262 2159 1462 2222 πάντες
1485 2159 1552 2212 τὰ
1590 2157 1785 2228 εὐγενῆ

1892 531 2026 572 voce
2053 519 2239 588 sponsi
2269 519 2360 588 qui
2384 519 2554 589 ipsam
2593 521 2741 582 fecit,
2773 521 2917 576 sicut
2974 520 3224 574 continet
3279 535 3469 576 sermo

1891 608 2038 662 horti
2091 617 2146 663 et
2195 610 2384 664 fontis.
2433 609 2798 676 Quamobrem
2843 611 2960 665 vult
3005 626 3165 665 suum
3216 609 3469 674 hortum,

1891 715 2086 770 nempe
2115 699 2442 766 Ecclesiam,
2483 719 2603 772 quae
2629 710 2804 758 scatet
2831 702 3123 758 arboribus
3174 702 3466 766 animatis,

1891 793 2056 847 etiam
2093 793 2334 862 perﬂari,
2368 801 2429 848 ut
2457 810 2523 850 ex
2552 800 2632 850 eis
2662 795 2834 848 ﬂuant
2859 802 3124 849 aromata.
3178 791 3311 847 Nam
3335 790 3470 845 Pro-

1893 883 2055 952 pheta
2089 883 2310 954 quidem
2340 884 2507 939 dicit:
2545 883 2723 938 Ftabit
2775 886 2992 953 spiritus
3029 884 3172 952 ejus,
3200 893 3251 938 et
3304 883 3469 952 ﬂuent

1891 991 2042 1046 aqua:
2059 975 2104 1030 ⁸.
2163 975 2376 1046 Sponsa
2411 985 2592 1033 autem
2623 979 2787 1049 regiis
2814 985 3006 1032 ornata
3032 977 3259 1039 divitiis,
3291 984 3469 1030 mutat

1890 1065 2093 1121 ﬂuenta
2139 1068 2207 1122 ad
2260 1067 2524 1137 majorem
2580 1068 2992 1138 amplitudinem
3031 1075 3087 1122 et
3115 1065 3470 1137 magniﬁcen-

1891 1159 2045 1225 tiam,
2079 1158 2288 1215 faciens
2318 1170 2621 1215 aromatum
2653 1161 2846 1214 ﬂuvios
2876 1159 3156 1214 eﬂluentes
3210 1172 3308 1228 per
3355 1157 3465 1211 vim
3517 1197 3519 1203 ί

1891 1251 2118 1320 Spiritus
2136 1267 2202 1306 ex
2226 1252 2516 1307 arboribus
2541 1253 2702 1306 horti.
2732 1251 2853 1318 Quo
2890 1251 2969 1314 ﬁt,
3003 1258 3060 1304 ut
3099 1265 3194 1318 per
3221 1250 3323 1304 hoc
3374 1246 3466 1303 di-

1891 1353 2111 1393 scamus
2141 1337 2355 1394 Veteris
2405 1339 2737 1396 Testamenti
2793 1355 2822 1394 a
2865 1339 3016 1394 Novo
3069 1336 3463 1392 diﬂerentiam.

1867 1432 2148 1501 .quoniam
2178 1431 2375 1486 ﬂuvius
2403 1431 2624 1502 quidem
2655 1430 3010 1502 propheticus
3065 1428 3321 1498 impletus
3365 1424 3469 1480 fuit

1897 1523 2093 1592 aquis,
2124 1523 2474 1594 evangelicus
2515 1530 2698 1576 autem
2744 1520 3102 1575 aromatibus.
3167 1516 3318 1572 Talis
3364 1513 3469 1569 ﬂu-

1890 1615 2014 1670 vius
2041 1623 2347 1669 aromatum
2379 1629 2445 1670 ex
2470 1615 2630 1668 horto
2665 1611 2923 1666 Ecclesia:
2955 1609 3130 1665 ﬂuens
3165 1623 3262 1678 per
3312 1606 3470 1676 spiri-

1893 1715 2030 1772 tum,
2059 1715 2176 1762 erat
2203 1722 2431 1778 magnus
2458 1704 2680 1766 Paulus,
2703 1704 2862 1773 cujus
2886 1702 3149 1756 ﬂuentum
3171 1709 3285 1755 erat
3316 1698 3470 1753 Chri-

1891 1799 1960 1854 sti
1991 1798 2165 1854 bonus
2194 1799 2349 1852 odor.
2397 1796 2546 1853 Talis
2576 1798 2717 1852 alius
2770 1796 2872 1848 fuit
2920 1793 3191 1855 Joannes,
3251 1789 3465 1856 Lucas,

1892 1885 2198 1948 Matthazus,
2221 1885 2460 1949 Marcus,
2482 1895 2534 1938 et
2557 1884 2647 1937 alii
2680 1882 2894 1938 nobiles
2913 1882 3110 1952 planta:
3135 1880 3277 1934 horti
3307 1894 3469 1949 spon-

1892 1992 1986 2042 sse,
2017 1978 2110 2047 qui
2144 1977 2436 2047 perspirati
2471 1974 2656 2030 lucido
2710 1982 2900 2029 austro
2949 1971 3273 2036 meridiano,
3336 1968 3468 2024 facti

1892 2079 2020 2124 sunt
2067 2069 2248 2124 fontes
2296 2076 2623 2131 aromatum,
2682 2073 2897 2122 scatere
2947 2063 3210 2119 facientes
3265 2064 3467 2120 bonum

1894 2159 2118 2215 odorem
2159 2159 2459 2228 Evangelii.

200 2245 352 2304 φυτὰ
378 2246 470 2299 τοῦ
517 2248 696 2318 κήπου
729 2249 830 2318 τῆς
856 2249 1103 2320 νύμφης,
1151 2251 1202 2302 οί
1237 2249 1316 2321 τῷ
1339 2249 1584 2320 φωτεινῷ
1616 2250 1807 2320 ἐκείνῳ
1857 2249 1938 2321 τῷ
1977 2249 2334 2322 μεσημϐρινῷ
2369 2249 2526 2321 Νότῳ
2563 2246 3011 2314 διαπνευσθέντες
3033 2288 3048 2314 ,
3103 2247 3278 2317 πηγαὶ
3323 2247 3470 2318 ἀρω-

202 2337 392 2407 μάτων
420 2340 667 2405 ὲγένοντο
685 2383 701 2408 ,
734 2342 987 2413 βρύοντες
1014 2343 1112 2414 τὴν
1135 2344 1240 2398 τῶν
1269 2345 1613 2414 Εὐαγγελίων
1645 2345 1892 2402 εὐωδίαν.

274 2432 614 2501 Καταϐήτω,
639 2437 824 2507 φησὶν,
846 2440 879 2492 ό
908 2438 1234 2508 ἀδελφιδός
1264 2458 1385 2509 μου
1407 2480 1425 2504 ,
1465 2442 1552 2507 εἰς
1583 2440 1784 2510 κῆπον

198 2522 393 2577 αὐτοῦ
413 2564 429 2590 ,
483 2525 583 2579 καί
629 2527 863 2596 φατέτω
912 2529 1151 2597 καρπὸν
1188 2529 1530 2599 ἀκροδρύων
1572 2531 1780 2586 αὐτοῦ.

197 2609 276 2668 Ὦ
303 2620 864 2704 πεπαρῤησιασμένης
913 2622 1099 2692 φωνῆς
1126 2623 1139 2676 l
1167 2618 1240 2675 Ὦ
1289 2623 1569 2693 φιλοτίμου
1598 2640 1658 2676 τε
1688 2624 1783 2676 καὶ

203 2707 586 2780 μεγαλοδώρου
629 2711 805 2782 ψυχῆς
826 2754 842 2777 ,
877 2715 1056 2766 πᾶσαν
1102 2713 1404 2785 ὑπερϐολὴν
1441 2715 1781 2784 μεγαλοφρος

201 2797 375 2868 σύνης
415 2800 650 2871 νικώσης
683 2804 696 2855 l
725 2804 860 2858 Τίνα
909 2804 1174 2870 δεξιοῦται
1212 2805 1347 2876 πρὸς
1400 2805 1630 2875 εὐωχίαν
1671 2807 1781 2868 τοῖς

204 2887 364 2951 ἰδίοις
383 2893 637 2961 καρποῖς;
657 2893 776 2946 Τίνι
801 2895 1209 2965 παρασκευάζει
1235 2895 1323 2949 διὰ
1336 2895 1441 2949 τῶν
1469 2897 1612 2950 ἰδίων
1643 2897 1783 2964 ἀγα-

199 2977 312 3031 θῶν
338 2979 436 3051 τὴν
467 2982 820 3051 πανδαισίαν;
849 2985 982 3039 Τίνα
1017 2987 1173 3040 καλεῖ
1201 2988 1338 3059 πρὸς
1370 2988 1467 3059 τὴν
1521 2987 1628 3041 τῶν
1676 3005 1785 3040 πα·

1963 2436 2280 2503 Descendat,
2329 2434 2526 2505 inquit,
2557 2435 2813 2503 patruelis
2845 2451 2990 2489 meus
3020 2435 3088 2488 ad
3121 2437 3352 2497 hortum,
3385 2452 3470 2491 co-

1891 2529 2069 2585 medat
2093 2530 2297 2598 [ructus
2321 2541 2598 2594 pomorum
2630 2541 2869 2578 suorum.
2927 2523 2971 2578 Ο
3002 2539 3188 2579 vocem
3236 2524 3467 2582 liberam

1889 2632 1944 2678 et
2002 2619 2341 2675 conﬁdenter
2389 2617 2686 2687 prolatam!
2741 2613 2786 2670 Ο
2829 2618 3068 2670 animam
3101 2616 3378 2671 liberalem
3412 2621 3469 2670 et

1889 2709 2253 2782 splendidam,
2278 2721 2399 2778 qua:
2419 2722 2633 2762 onmem
2659 2707 3014 2778 quantumvis
3039 2723 3290 2778 magnam
3313 2723 3469 2778 supe-

1891 2809 1975 2855 rat
2019 2797 2519 2869 magniﬁcentiam!
2559 2796 2860 2862 Quemnam
2896 2798 2962 2851 ad
3001 2798 3314 2852 convivium
3349 2799 3466 2854 suis

1885 2892 2090 2962 excipit
2142 2890 2454 2946 fructibus?
2481 2889 2699 2944 cuinam
2735 2906 2833 2960 per
2861 2889 3005 2944 bona
3038 2891 3257 2961 propria
3309 2899 3466 2961 parat

1887 2982 2145 3054 epulum?
2193 2981 2496 3047 Quemnam
2528 2988 2684 3036 vocat
2723 2980 2791 3034 ad
2821 2981 3154 3035 vescendum
3212 2982 3281 3036 iis
3336 2997 3462 3051 qua:

201 3074 654 3143 ρεσκευασμένων
686 3077 964 3145 έστίασιν;
997 3079 1100 3131 Τὸν
1151 3079 1211 3143 ἐξ
1238 3071 1298 3132 οὗ
1330 3080 1396 3134 τὰ
1439 3079 1619 3133 πάντα
1643 3122 1656 3145 ,
1694 3079 1784 3134 καὶ

1893 3083 2021 3131 sunt
2044 3074 2280 3144 parata?
2312 3073 2447 3126 Eum
2470 3088 2538 3127 ex
2571 3087 2682 3142 quo
2711 3079 2842 3126 sunt
2868 3072 3071 3138 omnia,
3104 3079 3158 3126 et
3178 3087 3276 3142 per
3302 3087 3465 3142 quem

197 3160 270 3214 δι’
295 3156 360 3216 οὗ
391 3163 460 3216 τὰ
489 3166 664 3220 πάντα
708 3167 802 3220 καὶ
837 3168 895 3220 ἐν
919 3163 963 3236 ᾦ
994 3168 1062 3222 τὰ
1083 3169 1260 3223 πάντα
1317 3171 1407 3223 τὸν
1435 3170 1644 3224 διδόντα
1676 3174 1757 3224 'oi

669 3208 683 3231 9
1267 3212 1283 3232 τ
1687 3207 1702 3224 ι’
1759 3191 1787 3236 ς

199 3255 340 3306 πᾶσι
389 3257 597 3327 τροφὴν
641 3261 698 3312 ὲν
731 3259 987 3330 εὐκαιρίᾳ
1011 3300 1027 3325 ,
1060 3261 1153 3313 τὸν
1184 3261 1468 3330 ἀνοίγοντα
1496 3263 1597 3332 τὴν
1631 3266 1788 3334 χεῖρα

198 3345 370 3398 αὐτοῦ
393 3387 406 3405 .
433 3348 529 3400 καὶ
558 3348 869 3420 πληροῦντα
896 3353 1005 3405 πᾶν
1037 3351 1176 3415 ζῶον
1205 3353 1452 3418 εὐδοκίας
1474 3393 1488 3415 ,
1514 3353 1602 3406 τὸν
1625 3353 1787 3424 ἄρτον

197 3435 295 3488 τὸν
325 3437 390 3490 ὲκ
413 3437 506 3491 τοῦ
537 3439 765 3510 οὐρανοῦ
795 3442 1192 3496 καταϐαίνοντα
1213 3484 1229 3509 ,
1264 3443 1358 3496 καὶ
1391 3443 1535 3512 ζωὴν
1580 3443 1788 3498 διδόντα

195 3523 279 3595 τῷ
304 3527 515 3598 κόσμῳ,
550 3528 637 3582 τὸν
660 3532 795 3584 πᾶσι
823 3535 934 3597 τοῖς
953 3529 1071 3586 οὖσι
1106 3533 1204 3604 τὴν
1232 3533 1376 3606 ζωὴν
1400 3535 1465 3587 ὲκ
1511 3537 1610 3606 τῆς
1651 3536 1786 3600 ίδίας

197 3617 389 3686 πηγῆς
431 3619 788 3691 ἐπιρρέονταο
827 3623 1001 3694 τούτῳ
1035 3625 1068 3694 ὴ
1113 3624 1298 3695 νύμφη
1328 3625 1615 3697 προτίθησι
1650 3627 1784 3697 τρά-

197 3709 394 3772 πεζαν.
417 3710 610 3781 Κῆπος
635 3713 691 3768 δέ
716 3716 864 3768 ἐστιν
886 3717 919 3786 ή
947 3714 1214 3785 τράπεζα,
1242 3718 1270 3770 ό
1295 3716 1382 3770 διὰ
1399 3717 1506 3770 τῶν
1527 3717 1785 3788 ἐμψύχων

196 3799 434 3872 δένδρων
460 3807 884 3876 πεφυτευμένος.
927 3809 1117 3880 Ἡμεῖς
1149 3810 1206 3863 δὲ
1247 3809 1314 3862 τὰ
1355 3808 1578 3880 δένδρα,
1625 3809 1785 3880 εἴπερ

194 3889 264 3961 δὴ
285 3894 382 3945 καὶ
405 3895 566 3964 ἡμεῖς
590 3896 640 3948 οἱ
666 3897 868 3968 τροφὴν
896 3897 1043 3969 αὐτῷ
1069 3899 1414 3970 προτιθέντες
1438 3897 1534 3969 τὴν
1559 3898 1667 3952 τῶν
1690 3901 1786 3970 ψυ-

199 3981 314 4054 χῶν
341 3983 501 4054 ήμῶν
527 3987 820 4058 σωτηρίαν,
854 3988 1028 4054 οὕτως
1059 3989 1302 4051 εἰπόντος
1334 3987 1427 4042 τοῦ
1463 3989 1563 4062 τὴν
1587 3991 1618 4060 ή
1629 3990 1786 4059 μετέ-

200 4090 306 4144 ραν
323 4075 697 4146 εὐωχουμένου
716 4077 862 4148 ζωήν
899 4091 912 4103 ·
949 4075 1031 4132 ὅτι
1051 4079 1226 4149 Ἐμὸν
1237 4078 1449 4148 ,βρῶμὰ
1469 4080 1662 4143 ἐστιν,
1683 4081 1785 4133 ἵνα

197 4163 353 4218 ποιῶ
372 4165 439 4220 τὸ
474 4165 703 4236 θέλημα
722 4168 828 4224 τοῦ
849 4171 1080 4238 Πατρός
1092 4187 1232 4238 μου.
1257 4168 1421 4241 Δῆλος
1442 4169 1498 4222 δὲ
1520 4170 1548 4222 ό
1579 4169 1778 4233 σκοπὸς

195 4255 296 4309 τοῦ
327 4255 472 4310 θείου
494 4257 814 4329 θελήματος,
842 4267 909 4326 ὃς
934 4259 1165 4326 πάντας
1185 4258 1344 4315 θέλει
1372 4259 1661 4329 σωθῆναι,
1682 4261 1783 4313 καὶ

196 4349 290 4413 εις
317 4347 648 4415 ἐπίγνωσιν
673 4351 962 4418 ἀληθείας
990 4351 1209 4405 ἐλθεῖν.
1243 4349 1391 4421 Αὕτη
1439 4346 1532 4405 οῦν
1555 4353 1717 4420 ξέστιν
1747 4352 1781 4422 ἡ

197 4439 588 4508 ἑτοιμασθεῖσα
613 4440 813 4512 βρῶσις
845 4443 1072 4513 αὐτῴιτδ
1091 4443 1332 4514 σωθῆναι
1356 4444 1521 4514 ἡμᾶς.
1557 4444 1782 4514 Καρπὸς

193 4529 257 4582 δὲ
299 4529 458 4600 ἡμῶν
492 4531 526 4600 ή
579 4533 897 4604 προαίρεσις
956 4533 1204 4601 γίνεται,
1255 4536 1288 4605 ἡ
1352 4534 1430 4604 τῷ
1466 4533 1783 4605 δρεπομένῳ

193 4624 351 4692 ἡμᾶς
378 4622 496 4694 Θεῷ
521 4623 588 4677 δι’
611 4626 808 4696 ἑαυτῆς
838 4627 913 4690 ὡς
935 4627 1023 4680 διά
1056 4646 1203 4690 τινος
1235 4631 1370 4700 ἁκρε
1379 4629 1537 4698 μόνος
1558 4627 1655 4698 τὴν
1679 4628 1782 4697 ψυ-

194 4712 300 4786 χὴν
328 4715 726 4786 ἐγχειρίζουσα.
758 4717 878 4790 Χρὴ
919 4718 975 4770 δὲ
1007 4718 1095 4772 διὰ
1119 4718 1322 4773 τούτων
1357 4719 1485 4773 ἰδεῖν
1531 4720 1610 4772 ὅτι
1649 4720 1782 4789 πρό-

193 4822 357 4876 τερον
388 4807 423 4877 ἡ
449 4806 633 4879 νύμφη
668 4807 747 4878 τῷ
789 4808 986 4878 καρπῷ
1008 4809 1101 4861 τοῦ
1143 4810 1312 4882 μήλου
1346 4811 1779 4878 καταγλυκαίνε-

191 4913 287 4948 ται
321 4895 581 4950 είπεῦςιά⁸
620 4900 729 4953 Καὶ
774 4901 807 4953 ό
836 4899 1067 4969 καρπὸς
1106 4901 1293 4955 αὑτοῦ
1332 4901 1560 4972 γλυκὺς
1599 4901 1668 4954 ἐν
1700 4898 1781 4966 τῷ

194 4982 456 5050 στόματί
499 5003 618 5052 μου
645 5003 658 5014 ⁸
716 4987 811 5040 καὶ
839 4987 961 5040 τότε
999 4989 1206 5058 καρπὸς
1241 4990 1337 5042 καὶ
1386 4990 1523 5062 αὐτὴ
1571 4990 1779 5058 γίνεται

194 5070 408 5144 ὥριμός
437 5092 496 5128 τε
526 5077 622 5129 καὶ
658 5076 982 5146 γλυκαίνων,
1022 5080 1116 5132 καὶ
1143 5080 1221 5152 τῷ
1249 5080 1481 5153 γεωργῷ
1520 5083 1654 5155 πρὸς
1696 5082 1783 5134 εὐ-

196 5165 475 5238 φροσύνην
505 5169 885 5238 προκείμενος.
931 5170 996 5225 Ἦ
1043 5171 1100 5225 δὲ
1132 5171 1226 5224 τοῦ
1254 5173 1574 5242 Καταόήτω
1610 5173 1776 5240 λέξις,

196 5256 462 5328 εὐκτικὴν
508 5258 620 5329 ἔχει
646 5260 745 5328 τὴν
779 5262 1052 5332 σημασίαν
1080 5304 1095 5328 ,
1129 5265 1498 5335 ὁμοιοτρόπως
1526 5266 1778 5337 ἐκφωνη-

195 5347 357 5400 θεῖσα
402 5347 880 5421 τῷνἉγιασθήτω
921 5355 988 5408 τὸ
1022 5354 1210 5426 ὄνομά
1254 5373 1370 5411 σου
1398 5371 1413 5386 ⁶
1465 5358 1560 5412 καί⁹
1603 5376 1776 5427 γενη-

194 5440 356 5508 θήτω
382 5441 450 5494 τὸ
503 5443 733 5513 θέλημὰ
777 5459 916 5500 σου.
963 5447 1050 5510 Ὠς
1089 5447 1197 5518 γὰρ
1243 5449 1360 5500 ἐκεῖ
1388 5447 1486 5519 τήν
1517 5449 1775 5520 εὐκτικὴν

192 5530 436 5605 ἔμφασιν
465 5533 494 5585 ὁ
520 5532 629 5586 τῶν
653 5535 830 5607 ῥητῶν
856 5536 1077 5591 ἐκείνων
1102 5538 1477 5609 σχηματισμὸς
1506 5539 1769 5610 περιέχει,

248 5704 284 5745 θ
319 5704 463 5764 Psal.
506 5725 707 5778 cxtvn,
746 5711 832 5768 18.
908 5711 1104 5768 ’Joan.
1134 5715 1319 5783 n35}.

1887 3166 2090 3230 omnia,
2112 3173 2166 3220 et
2190 3165 2243 3218 in
2267 3179 2377 3234 quo
2402 3163 2610 3225 omnia,
2635 3163 2728 3232 qui
2751 3161 2843 3214 dat
2862 3161 3119 3217 omnibus
3146 3163 3465 3217 alimentum

1887 3261 1942 3314 in
1976 3267 2223 3328 tempore
2248 3271 2371 3322 suo,
2397 3255 2491 3324 qui
2520 3255 2696 3324 aperit
2722 3269 2940 3308 manum
2968 3269 3150 3320 suam,
3197 3262 3252 3308 et
3279 3255 3467 3324 implet

1885 3364 2048 3404 omne
2072 3347 2276 3400 animal
2304 3345 2449 3399 bona
2479 3345 2782 3409 voluntate,
2841 3358 3035 3412 panem
3087 3343 3178 3413 qui
3217 3343 3285 3398 de
3323 3345 3466 3398 cmlo

1885 3437 2188 3504 descendit,
2241 3443 2296 3490 et
2341 3435 2438 3489 dat
2480 3434 2648 3488 vitam
2706 3434 2932 3498 mundo,
2989 3435 3081 3504 qui
3127 3451 3194 3488 ex
3243 3434 3466 3504 proprio

1887 3527 2036 3583 fonte
2063 3527 2128 3580 ad
2161 3526 2344 3580 omnia
2377 3540 2500 3595 qum
2531 3533 2662 3580 sunt
2703 3527 2868 3580 vitam
2920 3525 3050 3580 facit
3101 3541 3358 3583 emanare
3410 3537 3464 3581 et

1887 3622 2189 3687 scaturire;
2245 3611 2374 3674 huic
2420 3633 2624 3689 sponsa
2683 3617 2908 3688 apponit
2950 3633 3216 3674 mensam.
3257 3621 3464 3675 Hortus

1887 3721 2070 3769 autem
2105 3722 2190 3768 est
2223 3726 2435 3776 mensa,
2464 3712 2744 3782 plantatus
2773 3725 2870 3780 per
2913 3711 3140 3766 arbores
3170 3712 3460 3767 animatas.

1883 3806 1997 3864 Nos
2048 3815 2230 3861 autem
2287 3819 2482 3859 sumus
2539 3804 2804 3867 arbores,
2863 3803 3302 3873 quandoquidem
3360 3817 3464 3858 nos

1884 3914 2104 3972 quoque
2138 3913 2329 3955 sumus
2381 3896 2474 3966 qui
2507 3895 2558 3950 ei
2601 3895 2782 3949 cibum
2833 3897 3185 3964 apponimus,
3231 3893 3462 3949 salutem

1883 3999 2201 4047 nostrarum
2231 3988 2563 4053 animarum,
2597 4001 2722 4040 cum
2757 3985 2838 4041 sic
2863 3985 3063 4040 dixerit
3095 3986 3141 4041 is
3165 3985 3260 4056 qui
3285 3985 3466 4041 convi-

1883 4084 1974 4137 vio
2001 4089 2246 4137 nostram
2267 4080 2466 4150 excipit
2495 4077 2731 4132 animam
2761 4095 2776 4131 :
2805 4075 2956 4131 Meus
2984 4086 3062 4131 est
3084 4077 3252 4144 cibus,
3284 4085 3344 4130 ut
3373 4076 3463 4146 fa-

1883 4175 2024 4226 ciam
2057 4172 2378 4227 voluntatem
2409 4170 2588 4224 Patris
2612 4169 2768 4222 mci’.
2800 4168 2898 4223 Est
2918 4176 3099 4223 autem
3136 4167 3462 4243 manifestus

1885 4282 2088 4335 scopus
2130 4266 2330 4321 divina:
2382 4264 2700 4328 voluntatis,
2751 4262 2842 4332 qui
2867 4263 2974 4315 vult
3004 4278 3177 4316 omnes
3224 4260 3461 4314 homines

1886 4357 2060 4412 salvos
2091 4358 2230 4426 ﬁeri,
2264 4366 2313 4409 et
2340 4357 2512 4410 venire
2541 4354 2608 4408 ad
2636 4354 2955 4424 agnitionem
2985 4352 3221 4406 veritatis
3243 4349 3306 4401 ¹⁰.
3360 4347 3462 4405 Hic

1885 4457 1970 4503 est
1997 4463 2128 4519 ergo
2158 4449 2206 4502 ei
2244 4455 2466 4517 paratus
2491 4447 2732 4506 cibus,nt
2765 4461 2866 4499 nos
2897 4444 3031 4498 salvi
3086 4443 3278 4497 simus.
3307 4438 3446 4495 Fruo

1886 4549 2013 4594 ctus
2045 4545 2224 4592 autem
2245 4547 2436 4592 noster
2457 4547 2542 4592 est
2567 4535 2944 4590 liberiarbitrii
2971 4534 3187 4595 electio,
3206 4531 3339 4599 Deo,
3362 4532 3460 4603 qui

1885 4646 1986 4685 nos
2011 4632 2164 4684 metit
2197 4645 2261 4684 ac
2288 4627 2549 4699 decerpit,
2584 4633 2841 4696 tanquam
2873 4641 2968 4696 per
3018 4625 3310 4695 quemdam
3360 4637 3453 4676 ra-

1886 4738 2032 4777 mum
2061 4722 2282 4777 tradens
2311 4721 2572 4774 animam.
2592 4717 2694 4772 Per
2723 4719 2837 4772 haec
2866 4715 3354 4772 autemvideudum
3373 4722 3458 4770 est

1883 4813 2030 4885 quod
2054 4828 2253 4884 sponsa
2293 4813 2444 4884 prius
2474 4812 2704 4866 aﬂicitur
2732 4810 3018 4865 dulcedine
3049 4806 3262 4862 tructus
3288 4807 3453 4877 pomi.

1885 4915 1944 4960 ut
1970 4921 2092 4976 qua:
2123 4905 2365 4960 dixerit:
2404 4904 2471 4957 Bt
2499 4905 2705 4973 fructus
2739 4903 2852 4972 ejus
2907 4901 3078 4955 dulcis
3135 4902 3188 4954 in
3247 4909 3457 4970 gutture

1882 5013 2014 5064 meo,
2043 5004 2097 5050 et
2126 5005 2254 5050 tunc
2299 4997 2416 5066 ipsa
2463 5010 2680 5064 quoque
2727 4993 2941 5048 fructus
2980 4999 3066 5046 est
3111 4990 3358 5061 pulcher,
3399 4997 3453 5044 et

1880 5087 2168 5142 dulcedine
2196 5085 2453 5150 afﬁciens,
2477 5097 2530 5142 et
2554 5086 2805 5157 agricola:
2837 5083 3148 5154 propositus
3193 5080 3260 5136 ad
3312 5080 3452 5134 laui-

1878 5180 2031 5234 tiam.
2101 5178 2236 5233 Illud
2289 5187 2469 5233 autem
2516 5178 2860 5243 vocabulum.|
2919 5173 3236 5237 Descendat,
3289 5171 3455 5227 habet

1883 5270 2104 5341 optandi
2137 5269 2611 5341 signiﬁcationem,
2647 5284 2712 5323 eo
2743 5267 2905 5321 modo
2930 5265 3200 5335 prolatum
3226 5277 3336 5334 quo
3388 5261 3456 5316 il-

1881 5363 2392 5429 lud:Sanctiﬁcetur
2411 5377 2594 5415 nomen
2617 5369 2794 5423 tuum;
2822 5364 2876 5411 et
2897 5357 2991 5425 ﬁat
3013 5354 3250 5408 voluntas
3279 5349 3449 5405 tua“.

1880 5453 2167 5522 Quomodo
2194 5455 2339 5509 enim
2368 5453 2478 5508 illic
2503 5450 2728 5523 optandi
2773 5447 3226 5518 signiﬁcationem
3275 5441 3454 5499 conti-

1880 5551 1974 5600 net
2002 5544 2221 5600 illorum
2249 5544 2538 5600 verborum
2573 5541 2766 5614 ﬁgura,
2819 5539 2896 5595 ita
2928 5539 3017 5594 hic
3046 5527 3263 5610 quoque
3293 5532 3450 5602 illud,

1416 5714 1658 5778 “lTiin.
1695 5732 1756 5784 ιι,
1783 5717 1836 5774 ι.
1901 5721 1942 5752 ¹¹
1976 5719 2166 5775 Matth.
2203 5737 2279 5785 vt,
2311 5719 2402 5774 il.
