3854 6216
416 334 522 392 987

1654 334 1714 391 S.
1745 331 2073 391 GREGORII
2111 333 2408 392 NYSSENI

3572 330 3673 389 ειςε

418 447 736 514 Descendat,
803 459 888 506 est
949 460 1134 506 votum
1204 466 1440 522 sponsae,
1500 451 1608 508 Deo
1657 453 1995 508 ostendentis

2130 451 2240 506 ὓτω
2268 454 2360 506 καὶ
2389 451 2621 507 ἐνταῦθα
2649 450 2711 504 τὺ
2751 449 3071 516 Καταόἠτω
3094 489 3111 514 ,
3160 449 3297 520 εὐχὴ
3331 451 3430 520 τῆς
3458 446 3675 519 vitam:

421 540 722 594 ubertatem
748 554 1031 609 pomorum
1064 541 1307 597 virtutis.
1343 542 1652 598 Descensus
1700 553 1880 599 autem
1920 546 1999 601 si-

419 630 644 702 gnificat
672 647 812 702 opus
840 632 1194 703 benignitatis
1222 641 1277 688 et
1304 634 1589 690 charitatis
1616 636 1672 690 in
1724 637 1995 691 homines.

419 725 692 792 Quoniam
725 727 869 781 enim
894 726 1010 782 ﬁeri
1031 743 1142 782 non
1173 736 1373 798 potest,
1396 737 1457 783 ut
1478 730 1634 783 aliter
1654 744 2000 785 assumamur

421 818 492 874 ad
523 820 891 884 Altissimum,
921 821 1028 876 nisi
1079 823 1374 878 inclinetur
1419 823 1486 878 ad
1546 823 1904 879 humilitatem
1937 841 2002 879 ac

423 912 857 982 depressionem,
907 913 999 983 qui
1054 923 1368 970 mansuetos
1429 915 1661 970 assumit
1708 915 1999 982 Dominus,

423 1011 713 1075 propterea
741 1005 796 1060 in
825 1006 1058 1060 sublime
1089 1005 1396 1062 ascendens
1442 1022 1669 1078 sponsa,
1725 1009 2002 1064 advocatis

424 1097 810 1154 deductionem
845 1097 1149 1154 faciendam
1179 1099 1247 1154 ab
1280 1114 1348 1155 eo
1378 1099 1472 1170 qni
1500 1100 1818 1168 inclinatur,
1851 1110 2004 1172 optat

423 1195 486 1245 ut
507 1189 624 1260 ipse
647 1189 945 1246 descendat
972 1205 1002 1243 a
1036 1206 1134 1245 sna
1164 1190 1558 1261 magnitudine,
1591 1203 1650 1247 ut
1673 1209 1798 1248 eum
1853 1209 2004 1249 asse-

424 1280 521 1350 qui
565 1281 779 1350 possint
800 1281 893 1351 qui
921 1281 1151 1337 inferius
1177 1290 1487 1338 versantur.
1520 1282 1623 1350 Qui
1650 1296 1829 1339 autem
1865 1286 2000 1340 dixit

424 1386 526 1444 per
570 1372 927 1442 prophetam:
977 1375 1048 1429 Te
1077 1374 1252 1428 adhuc
1278 1375 1390 1429 illic
1425 1375 1686 1442 loquente,
1738 1394 1854 1431 ecce
1903 1378 2004 1431 ad-

425 1477 544 1517 sum
563 1463 608 1494 "
637 1481 649 1516 :
681 1465 1000 1535 priusquam
1031 1467 1207 1522 exiret
1232 1476 1418 1522 votum
1444 1484 1679 1540 sponsae,
1709 1470 1916 1524 andivit
1940 1486 2005 1526 ea

425 1569 550 1622 quae
581 1562 666 1609 est
691 1567 933 1625 precata,
963 1564 1018 1611 et
1051 1561 1508 1628 praeparationem
1557 1563 1739 1617 cordis
1769 1564 1889 1629 ejus
1917 1573 2004 1616 at-

426 1645 622 1710 tendit,
653 1647 779 1700 etin
811 1647 973 1702 horto
1005 1647 1107 1702 fuit
1137 1649 1364 1719 perﬂatu
1392 1653 1461 1707 ab
1487 1664 1698 1720 austro,
1719 1665 1772 1710 et
1795 1654 2007 1711 fructus

429 1745 733 1791 aromatum
762 1738 1052 1808 decerpsit,
1083 1750 1138 1796 et
1172 1742 1428 1812 impletus
1475 1745 1573 1800 fuit
1619 1749 1795 1816 pomis
1828 1751 2003 1802 virtu-

427 1827 523 1892 tis,
552 1835 604 1882 et
625 1829 995 1885 narrationem
1024 1832 1288 1888 instruxit
1313 1837 1644 1902 convivium,
1680 1855 1897 1909 sponsa:
1923 1843 2003 1897 sic

428 1917 656 1974 dicens:
697 1919 948 1977 Descendi
985 1923 1039 1976 in
1067 1924 1278 1978 hortum
1314 1944 1506 1994 meum,
1534 1947 1685 1984 soror
1713 1949 1826 1987 mea
1853 1949 2007 2001 spon-

429 2027 513 2063 sa.
544 2008 743 2064 Μεδεαί
781 2012 1052 2082 myrrham
1091 2031 1261 2068 meam
1312 2034 1430 2070 cum
1470 2021 1800 2075 aromatibus
1858 2027 2005 2080 meis.

431 2099 651 2156 ϐοτηεάί
679 2120 870 2173 partem
914 2121 1087 2159 meum
1125 2123 1243 2160 cum
1277 2108 1427 2162 melle
1481 2126 1615 2164 meo.
1652 2110 1772 2165 Bibi
1838 2115 2009 2167 vinum

431 2207 607 2245 meum
630 2208 748 2246 cum
783 2193 918 2248 lacte
950 2211 1084 2249 meo.
1117 2194 1408 2265 Comedite,
1440 2202 1723 2272 propinqui
1779 2206 1898 2270 mei,
1961 2215 2011 2259 et

438 2282 616 2350 bibite,
648 2293 698 2338 et
731 2284 1093 2353 inebriamini,
1126 2287 1323 2356 fratres
1360 2291 1482 2344 mei.

504 2538 672 2601 Vides
697 2547 1157 2616 quemadmodum
1179 2551 1307 2608 doni
1325 2555 1700 2626 magnitudine
1719 2570 2016 2631 exsuperat

433 2633 796 2704 petitionem?
829 2637 1050 2710 Optavit
1097 2658 1302 2714 sponsa
1361 2645 1478 2701 fieri
1526 2648 1632 2703 sibi
1672 2648 1850 2707 fontes
1888 2666 2016 2706 aro—

438 2732 670 2793 matum,
720 2741 850 2783 suas
883 2728 938 2783 in
989 2730 1148 2786 horto
1179 2733 1396 2802 plantas
1427 2736 1644 2805 perflari
1699 2747 1889 2794 austro
1921 2741 2016 2810 qui

436 2810 534 2867 flat
562 2827 592 2868 a
632 2815 882 2882 meridie,
919 2825 974 2874 et
1005 2819 1186 2876 fructu
1222 2837 1509 2892 pomorum
1541 2827 1837 2896 agricolam
1867 2831 2021 2886 exci-

439 2922 591 2978 pere.
622 2907 736 2965 Hoc
763 2919 945 2968 autem
975 2915 1152 2971 cuivis
1199 2925 1284 2972 est
1316 2920 1688 2990 perspicuum,
1721 2925 1867 2994 quod
1902 2940 2020 2979 om-

440 3001 530 3056 nis
560 3003 737 3058 bonus
775 3003 910 3059 odor
939 3011 1024 3060 est
1050 3008 1304 3077 voluptas
1334 3024 1531 3067 sensus
1561 3011 1818 3070 olfactus.
1851 3014 2019 3069 Poma

441 3102 624 3148 autem
655 3104 785 3151 sunt
809 3097 878 3152 ad
909 3112 1064 3153 esum
1094 3099 1469 3158 imbecillioris
1503 3104 1722 3161 virtutis
1753 3122 1915 3177 quam
1948 3109 2021 3164 sit
2046 3156 2091 3214 C

442 3187 600 3214 ...ι-ιι.-
666 3187 808 3214 ...ηυξ
852 3191 1044 3214 ...ιι-...ι
1083 3192 1147 3214 -.Ι
1180 3193 1377 3214 1.-..,μ
1435 3211 1607 3214 --ὼημ
1674 3213 1677 3214 ,
1739 3199 1751 3210 ο
1835 3201 1846 3214 ι
1934 3209 1945 3214 -

442 3187 623 3258 panis,
663 3187 810 3258 quod
851 3191 1047 3246 attinet
1081 3192 1149 3246 ad
1178 3193 1380 3248 bonam
1426 3211 1614 3251 eorum
1659 3199 1754 3268 qui
1799 3201 2021 3257 aluntur

443 3277 844 3334 habitudinem.
869 3279 962 3337 llle
976 3297 1106 3338 vero
1133 3299 1259 3339 cum
1287 3286 1340 3340 in
1363 3302 1523 3343 suum
1547 3290 1766 3346 hortum
1793 3292 2024 3349 descen-

443 3368 639 3434 disset,
672 3377 726 3425 et
771 3371 828 3426 in
879 3372 936 3427 id
966 3375 1114 3444 quod
1148 3383 1235 3432 est
1286 3378 1463 3449 majus
1497 3389 1553 3436 et
1581 3384 1873 3452 pretiosius
1903 3385 2022 3440 fru—

447 3467 635 3514 ctuum
664 3469 930 3519 mutasset
954 3473 1231 3534 naturam,
1261 3468 1507 3541 decerpit
1533 3473 1753 3543 quidem
1775 3491 1844 3531 ex
1863 3476 2026 3533 horto

448 3550 729 3622 myrrham
774 3554 1050 3611 inventam
1090 3572 1217 3614 cum
1247 3560 1366 3618 suis
1393 3565 1751 3624 aromatibus.
1782 3569 1866 3624 Ab
1907 3569 2027 3640 ipso

448 3643 597 3698 enim
623 3646 825 3704 essetsi
877 3648 1009 3719 quid
1051 3649 1124 3706 sit
1169 3652 1460 3722 pulchrum
1497 3670 1562 3711 ac
1595 3656 1909 3727 honestum,
1971 3663 2028 3718 in

448 3751 784 3809 quocunque
817 3738 982 3796 fuerit
1016 3741 1318 3808 inventum,
1351 3760 1531 3802 sermo
1559 3750 1872 3818 praedicavit
1901 3768 2028 3822 pro-

452 3829 725 3899 pheticus.
752 3829 860 3886 Pro
891 3833 1070 3903 pomis
1089 3843 1270 3891 autem
1299 3836 1462 3892 ellieit
1490 3847 1548 3893 ut
1586 3841 1810 3899 arbores
1837 3859 2029 3913 panem

454 3919 635 3976 ferant
671 3923 894 3980 mistum
942 3939 1069 3980 cum
1117 3928 1275 3983 melle
1319 3945 1440 3986 suo.
1496 3932 1564 3985 Et
1600 3933 1679 3988 sic
1729 3936 2034 4006 explicetur

456 4015 841 4089 propheticum
879 4017 1036 4082 illud,
1086 4020 1233 4090 quod
1267 4020 1386 4089 ejus
1422 4023 1548 4089 mel,
1575 4031 1628 4079 et
1667 4035 1862 4081 caetera
1915 4030 2034 4098 pul-

456 4105 593 4161 chra
624 4121 688 4162 ac
718 4108 881 4173 bona,
926 4118 981 4164 et
1015 4110 1202 4167 vinum
1236 4112 1306 4167 ab
1341 4114 1460 4184 ipso
1504 4116 1759 4172 hauritur
1791 4129 2037 4176 contem-

459 4207 709 4272 peratum
740 4199 882 4256 lacte
923 4201 1066 4271 ejus.
1122 4201 1210 4271 Ea;
1247 4206 1360 4272 ipso
1407 4207 1566 4272 enim,
1626 4217 1677 4260 et
1715 4223 1808 4276 per
1842 4210 2033 4277 ipsum,

457 4302 513 4352 et
562 4295 617 4349 in
661 4295 776 4364 ipso
829 4305 954 4368 sunt
999 4299 1182 4351 omnia
1205 4299 1269 4352 “.
1317 4280 1372 4354 ’0
1414 4299 1603 4356 beatos
1652 4301 1773 4357 illos
1826 4303 2036 4368 hortos,

459 4397 694 4457 quorum
739 4367 956 4456 plantas
999 4388 1138 4444 tales
1189 4388 1404 4445 fructus
1444 4390 1747 4461 producere
1782 4367 2038 4449 testatum

2099 541 2246 594 ἐστὶν
2287 538 2730 612 ἐπιδεικνυμένης
2753 540 2831 612 τῷ
2865 539 2987 611 Θεῷ
3010 539 3118 593 τῶν
3155 539 3257 610 τῆς
3285 539 3488 610 ἀρετῆς
3511 541 3676 608 ἀκρο-

2097 633 2274 704 δρύων
2300 634 2399 705 τὴν
2428 633 2706 706 εὐφορίαν.
2740 632 2807 686 Ἦ
2849 632 2906 686 δὲ
2936 632 3240 696 κατάϐασις
3267 632 3328 684 τὸ
3365 633 3467 701 τῆς
3495 630 3679 699 φιλαν-

2100 727 2344 799 θρωπίας
2383 727 2542 799 ἔργον
2587 726 2952 797 διασημαίνει.
2990 725 3209 794 Ἐπειδὴ
3244 724 3352 796 γάρ
3385 725 3488 776 οὐκ
3534 722 3682 787 ἔστιν

2100 821 2275 882 ἄλλως
2304 821 2679 892 ἀναληφθῆναι
2713 820 2849 892 πρὸς
2893 820 2984 873 τὸν
3014 813 3296 883 "Tal/turam
3346 821 3394 870 ei
3430 817 3508 888 μὴ
3543 819 3688 887 πρὸς

2100 914 2160 964 τὸ
2219 911 2636 984 χθαμαλώτερον
2689 910 2990 982 ὲπικλιθείη
3031 913 3061 964 ὁ
3109 908 3507 980 ἀναλαμϐάνων
3554 910 3684 971 τοὺς

2105 1006 2300 1075 πραεῖς
2329 1004 2532 1075 Κύριος
2559 1046 2572 1068 ,
2605 1003 2694 1057 διά
2737 1001 2899 1057 τοῦτο
2946 1004 2981 1073 ἡ
3031 1001 3255 1056 ἀνιοῦσα
3289 1001 3424 1072 πρὸς
3455 999 3525 1054 τά
3568 999 3688 1052 ἀνω

2101 1097 2246 1167 ψυχὴ
2271 1137 2286 1161 ,
2347 1095 2444 1168 τὴν
2511 1096 2662 1168 παρά
2710 1096 2805 1150 τοῦ
2861 1094 3256 1166 ὑπερκειμένου
3309 1093 3692 1164 χειραγωγίαν

2105 1187 2551 1258 προσκαλουμένη
2575 1227 2589 1250 .
2619 1185 3030 1256 ὑποκαταϐἧναι
3073 1184 3234 1238 αὐτὸν
3265 1182 3360 1237 τοῦ
3413 1182 3546 1236 ἰδίου
3596 1198 3692 1252 με-

2105 1278 2297 1347 γέθους
2326 1278 2572 1350 εὔχεται,
2623 1279 2710 1333 ἵνα
2739 1282 2852 1342 τοῖς
2891 1277 3043 1331 κάτω
3085 1275 3304 1346 ὲφικτὸς
3335 1275 3585 1344 γένηται.
3627 1273 3692 1326 '0

2104 1374 2160 1427 δὲ
2203 1372 2372 1427 εἰπὼν
2417 1375 2506 1428 διὰ
2549 1373 2644 1428 τοῦ
2697 1376 3011 1446 προφήτου·
3052 1373 3134 1425 ὅτι
3187 1372 3314 1424 Ἔτι
3342 1368 3690 1433 λαλοῦντός

2106 1481 2222 1519 σου
2247 1465 2375 1519 ἐκεῖ
2397 1507 2411 1529 ,
2441 1465 2570 1518 ἰδοὺ
2619 1462 2856 1534 πάρειμι
2875 1479 2890 1492 ·
2933 1463 3061 1534 πρὶν
3092 1460 3396 1525 ἐπεξελθεῖν
3447 1461 3518 1530 τῇ
3553 1459 3688 1528 εὐχῇ

2107 1561 2172 1629 τῇ
2202 1558 2409 1629 νύμφῃ,
2441 1558 2533 1611 καὶ
2557 1557 2785 1628 ἦκουσεν
2822 1549 2897 1608 ὧν
2924 1554 3141 1626 ἐδεήθη.
3167 1553 3262 1606 καὶ
3286 1555 3354 1623 τῇ
3393 1551 3692 1621 ἑτοιμασίᾳ

2107 1652 2207 1721 τῆς
2232 1651 2456 1722 καρδίας
2487 1651 2655 1721 αὐτῆς
2702 1650 2970 1721 προσέσχε
2996 1689 3010 1711 ,
3043 1649 3136 1701 καὶ
3162 1648 3220 1699 tv
3248 1645 3326 1715 τῷ
3368 1645 3535 1715 κήπῳ
3565 1643 3691 1710 ὲγέ-

2112 1758 2232 1795 νετο
2257 1740 2334 1811 τῷ
2353 1739 2754 1794 διαπνευσθέντι
2785 1741 2890 1793 ὑπὸ
2921 1739 3015 1791 τοῦ
3045 1738 3215 1791 Νότου
3239 1778 3254 1800 ,
3282 1736 3378 1788 καὶ
3401 1735 3532 1798 τοὺς
3559 1751 3695 1804 καρ-

2117 1836 2249 1897 ποὺς
2277 1833 2385 1887 τῶν
2414 1832 2719 1904 ἀρωμάτων
2748 1831 3009 1902 ὲδρέψατο
3027 1869 3042 1890 ,
3086 1829 3180 1891 καὶ
3213 1821 3342 1880 τῶν’
3361 1827 3463 1896 τῆς
3494 1824 3695 1895 ἀρετῆς

2115 1928 2432 2000 ἀκροδρύων
2461 1925 2758 1997 ὲνεφορήθη
2783 1965 2798 1988 ,
2832 1925 2925 1976 καὶ
2948 1923 3193 1993 διήγημα
3220 1921 3316 1992 τὴν
3343 1918 3582 1988 εὐωχίαν
3609 1933 3699 1970 πε-

2115 2022 2335 2091 ποίηται
2358 2063 2371 2086 ,
2424 2018 2597 2086 λέγων
2627 2016 2824 2070 οὑτωσὶ
2852 2015 2987 2085 πρὸς
3015 2013 3113 2084 τὴν
3138 2012 3354 2083 νύμφην
3378 2028 3392 2042 ο
3425 2009 3698 2074 Κατέὄην

2115 2115 2203 2179 εὶς
2229 2109 2444 2180 κῆπον,
2471 2106 2705 2178 ἀδελφή
2732 2123 2851 2176 μου
2881 2105 3107 2174 νύμφη.
3154 2103 3500 2170 Ἐτρύτησα
3517 2100 3699 2170 σμύρ-

2117 2220 2233 2257 ναν
2248 2219 2368 2272 μου
2391 2199 2542 2270 μετὰ
2565 2196 2888 2268 ἀρωμάτων
2909 2212 3046 2264 μου.
3082 2195 3353 2262 Ἐφαγον
3382 2191 3571 2257 ἄρτον
3585 2204 3706 2255 μου

2112 2300 2264 2365 μετὰ
2296 2292 2535 2362 μέλιτός
2568 2306 2710 2358 μου.
2762 2289 2976 2366 Ἔπιον
3019 2281 3187 2338 οἶνόν
3229 2300 3350 2352 μου
3393 2282 3550 2349 μετὰ
3598 2276 3700 2346 γά-

2119 2390 2344 2453 λακτός
2363 2402 2504 2455 μου.
2533 2381 2772 2452 Φάγετε,
2815 2381 2870 2432 oi
2904 2377 3172 2445 πλησίον
3201 2373 3342 2445 μοῦ,
3380 2372 3483 2425 καὶ
3516 2370 3705 2430 alere,

2121 2483 2218 2537 καὶ
2238 2481 2597 2550 μεθύσθητε,
2630 2472 2882 2542 ἀδελφοί
2921 2487 3060 2539 μου.

2204 2573 2366 2644 Ὁρᾷς
2395 2569 2512 2632 πῶς
2547 2563 2875 2637 ὑπερϐάλλει
2907 2563 2973 2632 τῇ
3001 2556 3386 2631 μεγαλοδωρεᾷ
3410 2555 3516 2627 τὴν
3549 2554 3705 2619 αττη-

2125 2682 2237 2730 σιν;
2280 2659 2615 2734 Ἀρωμάτων
2654 2653 2846 2720 εὔξατο
2889 2649 3144 2720 γενέσθαι
3189 2646 3375 2718 πηγὰς
3415 2647 3450 2715 ἡ
3495 2644 3706 2712 νύμφη.

2122 2759 2192 2813 τά
2217 2754 2416 2824 ἑαυτῆς
2439 2754 2497 2804 tv
2521 2749 2600 2819 τῷ
2649 2747 2812 2818 κήπῳ
2857 2744 3002 2812 φυτά
3055 2736 3494 2795 διαπνευσθέντα
3536 2734 3617 2805 τῷ
3647 2735 3707 2786 ἐκ

2129 2847 2476 2924 μεσημϐρίας
2529 2841 2836 2895 ὲπιπνέοντι
2884 2837 3064 2906 Νότῳ,
3115 2833 3210 2887 καὶ
3245 2830 3325 2901 τῷ
3375 2827 3579 2900 καρπῷ
3605 2827 3709 2924 τῶν

2125 2922 2442 3017 ἀκροδρύων
2466 2938 2558 2992 τὸν
2587 2933 2830 3005 γεωργὸν
2861 2929 3241 2996 δεξιώσασθαι.
3263 2923 3531 3017 Τοῦτοὲδε
3554 2922 3709 3017 παντὶ

2126 3012 2308 3110 δῆλον,
2333 3035 2414 3087 ὅτι
2444 3030 2594 3083 πᾶσα
2615 3025 2860 3083 εύπνοια,
2879 3021 2979 3090 τῆς
3005 3015 3379 3110 ὀσφραντικῆς
3405 3012 3708 3110 αἰσθήσεως

2128 3102 2290 3210 ἡδονὴ
2316 3125 2545 3196 γίνεται.
2574 3119 2656 3172 Τά
2685 3117 2743 3170 δὲ
2781 3112 3058 3210 ἀκρόδρυα
3103 3110 3201 3210 της
3227 3107 3322 3208 τοῦ
3350 3107 3522 3175 ἄρτου
3557 3102 3707 3210 Gavi-

2127 3192 2439 3298 μεως-κατά
2460 3211 2558 3280 τὴν
2593 3206 2794 3298 βρῶσιν
2825 3204 2902 3267 ὡς
2940 3199 3206 3298 πρὸςλτὴν
3230 3192 3710 3298 τῶνᾼτρεφομὲνων

2122 3283 2334 3381 εὐεξίαν
2385 3305 2532 3360 ἐστὶν
2573 3297 2928 3368 ἀτονώτερον.
2987 3295 3046 3346 '0
3079 3291 3137 3344 δὲ
3191 3287 3440 3349 καταϐὰς
3483 3286 3580 3381 ἐπὶ
3629 3283 3714 3336 τὸν

2125 3377 2322 3462 ἑαυτοῦ
2357 3401 2556 3470 κῆπον,
2591 3389 2841 3462 καὶπρὸς
2860 3388 2924 3441 τὸ
2965 3384 3148 3457 μεῖζόν
3173 3399 3230 3434 τε
3265 3382 3362 3434 καὶ
3392 3377 3715 3448 τιμιώτερον

2125 3499 2224 3570 τὴν
2249 3493 2358 3548 τῶν
2379 3486 2612 3559 καρπῶν
2657 3478 2978 3554 μεταϐαλὼν
3005 3475 3187 3546 φύσιν,
3233 3473 3498 3544 δρέπεται
3532 3470 3630 3570 μεν
3657 3470 3717 3565 ὲ-ιι

2125 3561 2222 3644 τοῦ
2278 3586 2456 3656 κήπου
2484 3578 2730 3650 σμύρναν
2785 3568 2961 3662 εὑρὼν
3007 3565 3145 3662 μετά
3192 3563 3506 3662 ἀρωμάτων
3535 3561 3716 3662 αὐτῇ.

2128 3678 2268 3752 Παρ’
2303 3647 2470 3731 αύτοῦ
2495 3647 2605 3739 γὰρ
2643 3661 2782 3718 εἶναι
2811 3660 2863 3714 εί
2898 3677 2954 3713 τι
2988 3657 3272 3752 καλδνηεν
3306 3647 3466 3752 ᾧπερ
3501 3647 3715 3752 εύὲρεθῇ.

2131 3775 2160 3827 ὁ
2197 3739 2533 3842 προφητικὸς
2553 3759 2764 3830 ὕμνησε
2787 3753 2967 3822 λόγος.
3009 3745 3374 3842 Ἀντὶ-δὲᾳτῶν
3403 3739 3719 3811 ἀκροδρύων

2131 3838 2283 3934 ἀρτῴ
2331 3855 2515 3930 βρύειν
2577 3845 2988 3921 παρασκευάζει
3036 3841 3107 3895 τὰ
3158 3838 3718 3934 δένδραῖσυναναμε-

2137 3926 2388 4028 emittis}
2409 3946 2547 4019 μετὰ
2568 3941 2663 3997 τοῦ
2697 3940 2910 4012 μέλιτος
2939 3933 3134 4028 αὑτοῦ.
3157 3931 3268 4028 καὶ
3295 3927 3474 4028 τούτω
3508 3926 3572 4028 te
3595 3940 3719 4028 apo:

2137 4017 2370 4117 φητικδν
2412 4017 2900 4103 -συνεκφωνείσθω,
2944 4028 3029 4117 ὅτι
3078 4022 3240 4117 αὐτού
3271 4020 3334 4117 τδ
3363 4018 3511 4117 μέλι..
3639 4017 3726 4069 καὶ

2135 4109 2382 4190 λοιπά
2395 4130 2504 4184 τῶν
2531 4126 2726 4186 ἀλλων,
2748 4123 2845 4175 καὶ
2868 4119 2960 4173 τὸν
2979 4113 3120 4170 οἶνον
3141 4115 3236 4168 ἀπ’
3260 4110 3444 4165 αὐτῶν
3473 4109 3720 4180 ἀρύεται,

2140 4214 2680 4289 συνανακεκραμένον
2702 4210 2779 4282 τῷ
2797 4209 3028 4279 γάλακτι
3059 4201 3244 4258 αὑτοῦ.
3280 4200 3378 4265 Ἐξ
3403 4198 3599 4254 αὐτοῦ
3621 4199 3727 4267 τὰρ

2140 4316 2240 4370 καὶ
2265 4313 2338 4366 δι’
2363 4308 2550 4364 αὑτοῦ
2579 4305 2678 4358 καὶ
2709 4305 2798 4369 εἰς
2829 4299 3017 4354 αὐτὸν
3031 4296 3105 4350 τὰ
3128 4289 3422 4348 πάντα.Ὦ
3445 4289 3730 4361 μακαρίων.

2140 4409 2333 4478 κήπων
2365 4402 2608 4462 ἐκείνων,
2635 4389 2711 4450 ὧν
2738 4393 2808 4447 τὰ
2828 4389 2974 4461 φυτά
3001 4388 3262 4450 τοιούτοις
3291 4385 3478 4457 βρύειν
3500 4385 3727 4456 καρποῖς

460 4485 565 4541 est,
602 4486 664 4533 ut
699 4475 755 4531 in
783 4491 944 4533 omne
973 4493 1147 4548 genus
1177 4479 1520 4547 nutrimenti,
1565 4497 1669 4552 pro
1703 4482 1918 4540 fruendi
1946 4486 2022 4541 de

2149 4475 2586 4571 μεμαρτύρηται,
2620 4489 2697 4552 ὡς
2726 4485 2868 4556 πρὸς
2884 4484 3031 4538 ἀπαν
3217 4478 3426 4550 τροφῆς
3453 4477 3602 4575 κατὰ

463 4569 667 4626 siderio
706 4579 1075 4642 congruenter
1104 4571 1610 4629 transformenturl
1649 4574 1711 4630 Ei
1765 4577 1910 4632 enim
1949 4594 2016 4634 cu

2140 4566 2434 4656 ἐπιθυμίαν
2444 4583 2542 4653 τῆς
2556 4577 2906 4638 ἀπολαύσεως
2918 4572 3192 4644 ἁρμοδίως
3207 4566 3736 4640 μεταποιεῖσθαιετῷ

464 4663 644 4718 bonus
664 4659 802 4716 odor
818 4669 947 4716 sunt
969 4662 1201 4727 deliciaa,
1229 4661 1290 4716 tit
1311 4664 1552 4734 myrrha,
1579 4679 1676 4734 per
1697 4672 2042 4722 terrenornm

465 4767 608 4808 mem
618 4753 839 4808 brorum
857 4753 1331 4809 mortificationem
1352 4769 1547 4824 puram
1566 4763 1621 4810 et
1653 4755 1790 4810 bene
1806 4757 2043 4812 olentem

467 4854 727 4916 tanquam
775 4854 1116 4916 unguentum
1160 4861 1476 4917 excoquens
1546 4848 1736 4913 vitam,
1801 4857 2048 4904 contem-

467 4944 716 5008 peratam
747 4952 816 4992 ex
844 4937 1016 4992 variis
1053 4945 1111 4993 et
1156 4937 1392 4994 diversis
1436 4939 1657 4996 virtutis
1686 4941 2043 4996 aromatibus.

467 5025 532 5082 Ei
569 5038 752 5084 autem
782 5028 876 5100 qui
912 5031 1109 5100 quierit
1163 5030 1562 5086 nutrimentum
1615 5031 1933 5102 perfectius,
1988 5033 2049 5086 ﬁt

469 5121 648 5192 panis,
703 5121 799 5192 qui
847 5136 958 5176 non
1014 5119 1252 5192 amplius
1285 5121 1593 5176 comeditur
1641 5138 1768 5177 cum
1818 5122 2050 5178 lactucis

471 5214 800 5284 agrestibus,
854 5222 915 5268 ut
949 5215 1037 5270 lex
1064 5214 1223 5285 jubet
1247 5213 1320 5268 ’δε
1377 5214 1434 5268 in
1464 5216 1720 5283 praesenti
1767 5215 1912 5270 enim
1968 5221 2054 5270 est

473 5307 784 5362 amaritudo
811 5307 1186 5363 lactucaezsed
1211 5308 1500 5378 opsonium
1533 5307 1636 5362 sibi
1677 5307 1778 5377 ipsi
1813 5308 1921 5363 mel
1942 5305 2055 5362 elli-

475 5401 674 5462 cietur,
711 5399 932 5469 quando
963 5414 1064 5454 suo
1086 5405 1333 5468 tempore
1361 5397 1574 5454 fructus
1605 5397 1826 5452 virtutis
1855 5414 2053 5456 sensus

475 5493 673 5550 animae
703 5490 904 5547 afficiet
951 5491 1257 5558 dulcedine,
1309 5489 1470 5561 cujus
1515 5490 1596 5545 rei
1631 5497 1841 5544 certum
1892 5505 2054 5560 argu-

481 5593 725 5641 mentum
764 5591 849 5641 est
874 5584 1035 5653 panis
1065 5584 1159 5654 qui
1198 5591 1324 5655 post
1350 5581 1813 5640 resurrectionem
1838 5579 2054 5636 Domini

2145 4675 2243 4744 μὲν
2259 4673 2367 4744 γάρ
2385 4669 2474 4723 διὰ
2492 4668 2591 4739 τῆς
2606 4665 2838 4728 εὐωδίας
2849 4660 3126 4732 τρυφῶντι
3148 4656 3365 4728 σμύρνα
3384 4657 3623 4725 γίνεται,
3653 4657 3733 4708 διὰ

2143 4764 2245 4834 τῆς
2273 4762 2379 4816 τῶν
2411 4757 2672 4827 ἐπιγείων
2698 4753 2880 4828 μελῶν
2896 4751 3242 4823 νεκρότητος,
3267 4748 3361 4801 τὸν
3377 4747 3622 4819 καθαρὸν
3649 4748 3739 4799 καὶ

2145 4854 2321 4923 εὐώδη
2352 4849 2609 4923 μυρεψῶν
2633 4849 2769 4920 βίον,
2791 4846 2884 4900 τὸν
2912 4845 2978 4898 ὲκ
2991 4843 3253 4898 ποικίλων
3277 4857 3337 4894 τε
3357 4842 3454 4894 καὶ
3467 4841 3740 4910 διαφόρων

2147 4944 2255 4998 τῶν
2270 4944 2369 5014 τῆς
2385 4941 2635 5010 ἀρετῆςά
2642 4938 2910 5010 ρωμάτων
2923 4951 3094 5003 συγκε
3101 4932 3262 5005 ραννύ
3272 4949 3452 5002 μενον.
3468 4931 3565 5001 Τῷ
3575 4931 3633 4984 δὲ
3646 4930 3741 4999 τήν

2148 5035 2487 5104 τελειοτέραν
2512 5028 2865 5102 ὲπιζητοῦντι
2897 5025 3130 5099 τροφὴν,
3158 5025 3322 5095 ἄρτος
3349 5024 3588 5091 γίνεται,
3623 5023 3740 5076 οὒκ-

2153 5128 2234 5181 ἐτι
2254 5127 2347 5180 ἐπὶ
2371 5123 2634 5194 πικρίδων
2651 5120 2986 5192 ὲσθιόμενος,
3004 5118 3082 5180 ὡς
3103 5117 3132 5168 ὁ
3155 5115 3320 5188 νόμος
3345 5113 3736 5167 διακελεύεται“

2154 5216 2292 5289 πρὸς
2315 5214 2425 5285 γὰρ
2457 5214 2519 5267 τὸ
2545 5212 2718 5284 παρόν
2743 5211 2892 5264 ἐστιν
2922 5210 2958 5280 ή
3001 5206 3191 5279 πικρίς
3212 5223 3226 5236 ’
3270 5203 3386 5258 ἀλλ’
3409 5204 3546 5274 ὄψον
3571 5200 3746 5269 ἑαυτῷ

2157 5311 2218 5364 τὸ
2249 5307 2370 5380 μέλι
2397 5306 2742 5376 ποιούμενος,
2772 5305 2902 5358 ὅταν
2934 5303 2995 5356 tv
3019 5298 3100 5370 τῷ
3133 5298 3246 5368 ἰδίῳ
3268 5295 3450 5368 καιρῷ
3479 5297 3510 5348 ὁ
3536 5291 3741 5364 καρπὸς

2157 5399 2258 5470 τῆς
2289 5397 2491 5470 ἀρετῆς
2531 5393 2944 5466 καταγλυκαίνῃ
2970 5391 3040 5445 τά
3057 5390 3156 5461 τῆς
3194 5387 3373 5458 ψυχῆς
3394 5384 3736 5455 αἰσθητήρια,

2159 5484 2222 5545 οὗ
2260 5487 2529 5552 ἀπόδειξις
2555 5487 2584 5538 ὁ
2619 5484 2758 5557 μετά
2793 5483 2892 5556 τὴν
2919 5483 3214 5537 ἀνάστασιν
3234 5477 3330 5531 τοῦ
3360 5475 3573 5546 Κυρίου
3615 5486 3735 5557 προ-

2165 5579 2355 5651 φανεὶς
2379 5580 2493 5641 τοῖς
2527 5555 2794 5650 μαθηταῖς
2834 5574 2998 5645 ἀρτος
3041 5571 3180 5634 ἐστὶ,
3208 5565 3286 5637 τῷ
3313 5564 3498 5636 κηρίῳ
3525 5558 3620 5615 τοῦ
3650 5555 3734 5632 μισ

567 5760 614 5797 ιι
651 5761 776 5817 lsai.
830 5776 983 5828 LVIII,
1018 5761 1068 5816 9.
1162 5761 1206 5794 ¹³
1266 5759 1427 5819 Rom.
1477 5777 1554 5829 xi,
1584 5760 1676 5818 56.
1756 5760 1798 5793 ³⁸
1830 5757 2128 5826 Exod.xu,
2158 5757 2212 5816 8.
