3854 6216
213 300 312 355 ~89
1257 301 1321 356 IN
1349 302 1650 358 CANTICA
1673 297 1947 358 CANTIC.
1989 296 2279 355 HOMILIA
2317 297 2385 351 Χ.

3371 289 3485 348 930.

207 416 722 487 λιτος’ήδυνόμενος.
745 419 836 491 Τῷ
856 419 1084 490 διψῶντι
1099 421 1155 474 δὲ
1189 421 1400 494 κρατὴρ
1419 423 1626 492 γίνεται
1653 423 1787 493 πλή-

1894 418 2148 490 apparuit
2184 414 2472 485 discipulis
2501 414 2556 469 in
2603 411 2728 469 favo
2761 412 2941 469 mellis
2976 410 3253 468 conditus.
3293 408 3350 464 Ei
3381 426 3482 464 au-

208 530 316 584 ρης
347 513 490 565 οἴνου
526 511 617 564 καὶ
639 511 928 580 γάλακτος,
955 515 1014 566 οὐ
1047 513 1285 584 σπογγιά
1313 516 1442 587 χολῇ
1472 533 1530 568 τε
1560 515 1654 570 καὶ
1681 515 1792 580 ὄξει

206 600 514 672 διάϐροχος,
533 600 653 654 οἵαν
687 603 736 654 οἱ
765 602 1013 656 Ἰουδαῖοι
1045 603 1124 675 τῷ
1151 605 1415 675 εὐεργέτῃ
1446 606 1545 677 τὴν
1571 605 1793 676 φιλοτη-

208 695 335 747 σίαν
391 693 786 765 ἐνδεικνύμενοι
831 693 920 748 διά
975 694 1070 749 τοῦ
1124 695 1372 766 καλάμου
1426 697 1789 769 προτείνουσι.

208 786 440 850 Πάντως
474 786 532 840 δὲ
559 786 660 840 οὐκ
715 786 1016 858 ἀγνοοῦμεν
1051 787 1118 842 τά
1161 789 1272 843 τῶν
1317 790 1622 862 εἰρημένων
1651 789 1793 844 αἰνί-

206 892 425 947 γματα’
458 877 576 942 πῶς
634 877 850 950 δένδρον
886 875 954 950 ἦν
1008 881 1398 954 σμυρνηφόρον
1436 885 1464 936 6
1504 882 1735 945 Παῦλος,
1764 883 1793 935 6

207 966 332 1021 καθ’
361 969 578 1040 ἡμέραν
634 968 1011 1040 ἀποθνήσκων,
1054 971 1150 1024 καὶ
1179 972 1342 1037 αὐτὸς
1391 973 1570 1044 ἐαυτῷ
1620 971 1794 1035 διδοὺς

205 1057 268 1112 τὸ
328 1057 423 1112 τοῦ
472 1058 706 1113 θανάτου
744 1061 1046 1131 ἀπόκριμα,
1083 1063 1177 1116 καὶ
1213 1062 1303 1116 διὰ
1335 1062 1705 1135 καθαρότητός
1732 1080 1793 1115 τε

204 1149 306 1206 καὶ
334 1149 604 1214 ἀπαθείας
629 1151 1014 1223 άρωματίζων,
1057 1153 1201 1226 ὀσμὴ
1231 1153 1374 1225 ζωῆς
1404 1157 1517 1217 τοῖς
1543 1153 1794 1224 σωζομέ-

206 1253 322 1300 νοις
351 1239 634 1310 γινόμενος
658 1255 673 1270 °
697 1239 818 1304 πῶς
849 1240 904 1294 δὲ
930 1246 1193 1296 σιτοποιεῖ
1217 1244 1284 1298 τὰ
1317 1245 1539 1315 ἔμψυχα
1563 1244 1656 1297 τοῦ
1691 1245 1794 1314 κή-

205 1345 314 1381 που
337 1329 482 1398 φυτά
503 1331 583 1401 τῷ
607 1331 842 1404 δεσπότῃ
885 1333 980 1386 τοῦ
1022 1337 1221 1406 κήπου,
1245 1336 1319 1400 ὡς
1350 1339 1618 1410 μαρτυρεῖ
1645 1339 1673 1389 6
1700 1336 1792 1389 ἐπὶ

204 1418 303 1472 τοῦ
318 1418 510 1491 θρόνου
537 1422 850 1494 καθήμενος
871 1441 886 1455 ο
923 1425 1004 1478 ὃτι
1039 1427 1387 1489 Ἐπείνασα,
1417 1428 1515 1481 καὶ
1535 1425 1792 1480 ἐδώκατέ

203 1528 307 1583 μοι
343 1513 576 1582 φαγεῖν.
609 1516 809 1586 Ἀρτος
833 1516 940 1588 γὰρ
969 1517 1306 1589 εὐφροσύνης
1334 1519 1526 1587 ἐστὶνὴ
1549 1516 1789 1582 εύποιΐα,

202 1601 287 1673 τῷ
315 1603 494 1673 μέλιτι
521 1607 621 1676 τῆς
644 1607 861 1677 ἐντολῆς
889 1608 1314 1680 γλυκαινόμενος
1333 1627 1348 1641 ο
1383 1609 1498 1673 πῶς
1531 1610 1586 1662 δὲ
1629 1609 1792 1664 πάλιν

201 1695 438 1764 οίνοχοεϊ
469 1697 546 1767 τῷ
571 1698 788 1770 νυμφίῳ
808 1700 875 1753 τά
918 1700 1112 1772 εύερνῆ
1137 1701 1232 1754 τοῦ
1259 1704 1435 1772 κήπου
1459 1704 1621 1772 φυτὰ,
1652 1702 1790 1774 πρὸς

203 1786 302 1850 οὓς
323 1788 485 1842 τοῦτό
511 1807 674 1860 φησιν
693 1806 708 1820 '
752 1792 833 1844 ὅτι
869 1792 1184 1862 Ἐδίψησα,
1219 1795 1318 1848 καὶ
1341 1795 1661 1849 ἐποτίσατέ
1685 1813 1783 1865 με.

203 1877 440 1946 γάλακτι
487 1880 580 1933 τὸν
629 1876 772 1936 οἶνον
830 1885 1203 1955 κεράσαντες,
1255 1887 1352 1955 ούχ
1409 1885 1587 1951 ὕδατι,
1646 1888 1800 1945 κατὰ

202 1969 305 2041 τὴν
336 1970 448 2024 τῶν
495 1973 756 2043 καπήλων
805 1975 1113 2045 συνήθειαν.
1170 1975 1244 2028 Τὸ
1275 1975 1332 2029 δέ
1360 1976 1502 2042 γάλα
1537 1979 1570 2046 ή
1597 1976 1789 2049 πρώτη

203 2064 306 2132 τῆς
328 2060 675 2133 ἀνθρωπίνης
705 2062 922 2133 φύσεώς
946 2067 1063 2119 ἐστι
1093 2064 1288 2137 τροφὴ,
1311 2067 1344 2136 ἡ
1372 2066 1591 2138 καθαρά
1615 2085 1675 2120 τε
1699 2067 1790 2119 καὶ

204 2151 376 2221 ἁπλῆ,
405 2153 439 2222 ή
459 2152 628 2216 ὅντως
654 2152 928 2226 νηπιώδης
945 2156 1038 2209 καὶ
1064 2156 1266 2221 ἄδολος,
1295 2157 1389 2210 καὶ
1412 2158 1591 2228 πάσης
1626 2175 1791 2230 πονη-

208 2243 311 2314 ρᾶς
341 2243 522 2295 αἰτίαιν
551 2243 957 2316 κεκαθαρμένη.

279 2415 468 2472 Ταῦτα
483 2417 653 2472 εἰπὼν
681 2420 817 2489 πρὸς
840 2420 938 2493 τήν
958 2423 1176 2494 νύμφην
1202 2425 1230 2477 6
1255 2425 1431 2493 λόγος,
1456 2424 1790 2494 περιτίθεται

203 2513 320 2575 τοῖς
347 2510 577 2581 πλησίον
608 2511 679 2565 τά
716 2512 810 2565 τοῦ
859 2515 1194 2582 Εὐαγγελίου
1239 2519 1536 2588 μυστήρια,
1574 2518 1748 2587 λέγων
1772 2536 1784 2548 ·

206 2601 451 2672 Φάτετε,
469 2606 521 2656 οἱ
541 2604 811 2670 πλησίον
825 2622 965 2674 μου,
984 2605 1084 2659 καὶ
1103 2607 1287 2671 πίετε,
1309 2606 1408 2660 καὶ
1428 2608 1786 2676 μεθύσθητε,

204 2693 461 2762 ἀδελφοί
483 2712 622 2763 μου.
655 2695 744 2766 Τῷ
772 2696 880 2767 γὰρ
911 2698 1258 2769 ἐπισταμένῳ
1272 2699 1372 2762 τὰς
1402 2699 1670 2769 μυστικὰς
1695 2699 1788 2752 τοῦ

205 2781 540 2855 Εὐαγγελίου
584 2787 789 2856 φωνάς,
821 2788 1049 2858 οὐδεμία
1075 2791 1377 2859 φανήσεται
1412 2791 1643 2861 διαφορὰ
1680 2791 1790 2844 τῶν

206 2875 444 2937 ἐνταῦθα
475 2877 674 2948 ῥητῶν,
698 2879 834 2950 πρὸς
861 2879 961 2950 τὴν
984 2883 1100 2933 ἐκεῖ
1126 2883 1238 2942 τοῖς
1264 2879 1535 2950 μαθηταῖς
1564 2881 1788 2951 γινομέ-

205 2983 305 3035 νην
357 2971 766 3040 μυσταγωγίαν.
813 2971 1088 3034 Ὡσαύτως
1131 2972 1239 3042 γὰρ
1271 2971 1504 3026 ἐνταῦθα
1535 2974 1630 3026 καὶ
1673 2975 1791 3026 ἐκεῖ

1895 520 2002 566 tem
2041 511 2133 580 qui
2174 509 2292 564 sitit
2331 508 2388 563 iit
2421 514 2602 563 crater
2638 505 2755 560 vini
2783 512 2838 560 et
2873 504 3055 566 lactis,
3107 517 3216 556 non
3247 503 3477 572 spongia

1895 603 2018 658 felle
2047 612 2102 657 et
2130 611 2283 657 aceto
2313 601 2520 655 imbuta
2548 599 2614 661 ‘5,
2646 612 2810 668 quam
2843 595 3055 651 Hebraai
3102 609 3256 650 suam
3291 603 3479 648 osten-

1895 694 2086 748 dentes
2116 689 2545 746 munilicentiam
2591 704 2688 758 per
2717 686 3041 740 arundinem
3076 684 3364 755 porrigunt
3386 683 3478 738 be-

1896 785 2184 841 nefactori.
2218 782 2455 838 Omnino
2492 789 2672 836 autem
2706 794 2815 834 non
2851 778 3168 848 ignoramus
3191 779 3479 847 aenigmata

1894 891 2083 931 eorum
2117 890 2240 946 qua:
2268 874 2414 928 dicta
2453 881 2622 926 sunt:
2660 884 2856 939 nempe
2892 868 3352 940 quemadmodum
3385 882 3478 921 ar-

1893 968 1997 1022 bor
2025 967 2305 1037 myrrham
2344 963 2528 1020 ferens
2555 969 2675 1018 erat
2702 960 2929 1026 Paulus,
2956 961 3050 1032 qui
3091 959 3334 1030 quotidie
3361 973 3479 1014 mo-

1896 1059 2231 1122 riebatur",
2278 1064 2333 1112 et
2383 1057 2501 1128 ipse
2543 1055 2646 1111 sibi
2685 1055 2853 1110 dabat
2890 1067 3219 1123 responsum
3261 1051 3478 1115 mortis,

1894 1160 1950 1207 et
1975 1167 2072 1222 per
2099 1151 2388 1222 puritatem
2415 1157 2471 1204 et
2501 1148 2744 1203 divinam
2769 1147 2895 1201 vitze
2918 1146 3320 1201 institutionem
3355 1159 3480 1198 aro-

1895 1245 2189 1310 matizans,
2252 1243 2415 1297 ﬁebat
2460 1239 2866 1312 quodammodo
2920 1237 3056 1292 odor
3091 1237 3218 1290 vita:
3270 1235 3337 1288 iis
3384 1235 3479 1304 qui

1895 1338 2032 1393 salvi
2067 1337 2207 1392 ﬁunt
2231 1337 2302 1388 ‘7:
2334 1333 2797 1405 quemadmodum
2829 1331 3083 1384 animata:
3111 1329 3257 1406 horti
3282 1329 3480 1399 plantae

1893 1430 2115 1484 domino
2149 1429 2293 1484 horti
2337 1441 2530 1497 panem
2566 1426 2792 1486 iaciunt,
2838 1431 2896 1476 ut
2932 1429 3166 1477 testatur
3190 1420 3283 1490 qui
3329 1421 3480 1474 sedet

1893 1522 1950 1575 in
1994 1521 2216 1580 throno,
2246 1519 2435 1574 dicens
2473 1536 2486 1572 :
2541 1516 2777 1577 Esurivi,
2807 1524 2856 1568 et
2882 1513 3106 1589 dedistis
3135 1499 3264 1564 mihi
3290 1509 3358 1564 ad
3389 1525 3480 1563 co-

1893 1611 2204 1667 medendum
2228 1612 2291 1664 ’⁸.
2338 1610 2502 1664 Panis
2551 1609 2699 1664 enim
2738 1606 2935 1662 laetitiae
2980 1613 3066 1660 est
3099 1601 3488 1664 beneﬁcentia,

1895 1704 2150 1761 conditus
2202 1704 2360 1758 melle
2417 1701 2712 1773 pracepti;
2775 1696 3236 1769 quemadmodum
3295 1702 3478 1747 autem

1825 1766 1869 1822 Β
1899 1811 2093 1850 rursus
2132 1809 2338 1864 sponso
2371 1766 2558 1864 potum
2593 1766 2835 1861 praebent
2867 1789 3123 1842 llorcntes
3146 1785 3289 1839 horti
3325 1784 3481 1854 plan-

1891 1893 1982 1950 tae,
2020 1885 2221 1956 quibus
2267 1885 2369 1938 hoc
2399 1884 2565 1945 dicit,
2607 1881 2783 1942 Sitivi.
2811 1890 2858 1934 et
2878 1889 3057 1949 potum
3078 1875 3206 1931 mihi
3227 1872 3466 1935 dedistis,

1891 1978 2077 2032 vinum
2136 1977 2276 2030 lacte
2322 1983 2711 2044 temperatum,
2762 1987 2871 2026 non
2921 1982 3085 2039 aqua,
3129 1975 3190 2020 ut
3235 1981 3353 2019 mos
3393 1972 3477 2019 est

1892 2085 2222 2139 cauponum.
2278 2065 2388 2121 Lac
2437 2073 2618 2120 autem
2671 2072 2758 2119 est
2795 2062 3030 2131 primum
3081 2059 3475 2113 nutrimentum

1892 2149 2144 2214 humana:
2173 2168 2402 2217 natur-ae,
2443 2173 2639 2228 purum
2666 2162 2722 2210 et
2767 2154 3024 2223 simplex,
3053 2159 3109 2206 et
3137 2165 3263 2206 vere
3296 2147 3478 2203 infan-

1893 2251 1989 2305 tile
2042 2258 2096 2305 et
2135 2251 2254 2305 sine
2293 2249 2442 2316 dolo,
2501 2258 2557 2303 et
2607 2253 2967 2318 expurgatum
3017 2245 3088 2299 ab
3135 2243 3285 2298 omni
3336 2243 3479 2296 mala

1892 2357 2083 2398 causa.

1962 2431 2090 2487 Haec
2141 2447 2266 2486 cum
2317 2430 2497 2486 oratio
2529 2430 2762 2486 dixisset
2796 2443 3034 2498 sponsae,
3091 2425 3316 2496 apponit
3351 2440 3480 2495 pro-

1891 2525 2115 2595 pinquis
2143 2523 2404 2594 mysteria
2432 2521 2736 2592 Evangelii,
2766 2522 2959 2575 dicens
2984 2538 2997 2573 :
3037 2517 3326 2581 Comedite,
3360 2532 3480 2584 pro-

1890 2619 2073 2688 pinqui
2104 2617 2224 2678 mei,
2263 2626 2315 2669 et
2359 2614 2715 2685 inebriamini,
2759 2613 2962 2682 fratres
3001 2612 3124 2664 mei.
3185 2611 3346 2678 Apud
3377 2624 3476 2665 eos

1891 2715 2036 2766 enim
2066 2709 2159 2779 qui
2188 2709 2370 2762 sciunt
2399 2706 2661 2778 mysticas
2688 2720 2852 2760 voces
2875 2702 3176 2771 Evangelii,
3214 2701 3362 2756 nulla
3391 2707 3482 2760 est

1892 2801 2192 2857 differentia
2244 2813 2432 2853 eorum
2485 2812 2608 2868 quae
2655 2797 2745 2850 hic
2796 2804 2927 2852 sunt
2960 2796 3252 2850 verborum
3289 2794 3358 2848 ab
3413 2808 3479 2848 ea

1893 2909 2014 2964 quae
2043 2893 2154 2946 illic
2193 2889 2481 2945 exhibetur
2523 2887 2812 2958 discipulis
2864 2887 3225 2962 mystagogia,
3283 2901 3481 2955 nempe

1894 2984 2281 3055 mysteriorum
2316 2996 2414 3034 seu
2437 2985 2910 3034 sacramentorum
2945 2977 3311 3032 institutione.
3340 2975 3477 3029 Nam

206 3061 373 3162 φησιν
399 3063 427 3114 6
460 3060 614 3131 λόγος
662 3062 974 3134 τὺ,Φὰγετε
1001 3063 1102 3117 καὶ
1133 3066 1317 3121 πίετε.
1361 3066 1426 3118 Ἦ
1454 3065 1508 3118 δὲ
1532 3065 1667 3136 πρὸς
1690 3066 1787 3136 τὴν

1894 3079 2148 3134 similiter
2189 3087 2242 3131 et
2269 3077 2400 3136 illic,
2447 3081 2501 3130 et
2538 3074 2627 3128 hic
2666 3073 2801 3147 dicit
2843 3072 3170 3142 Scriptura:
3209 3069 3481 3127 Comeditc

205 3149 387 3220 μέθην
441 3152 724 3226 προτροπὴ
772 3153 839 3226 ἢν
874 3153 1107 3207 ἐνταῦθα
1152 3158 1265 3218 τοῖς
1306 3155 1553 3224 ἀδελφοῖς
1578 3158 1606 3208 6
1634 3155 1790 3224 λόγος

201 3240 737 3310 πεποίηται,δόξειεν
775 3243 840 3297 ἂν
862 3247 973 3308 τοῖς
1013 3245 1228 3308 πολλοῖς
1260 3246 1441 3299 πλεῖόν
1465 3262 1516 3298 τι
1550 3248 1697 3318 παρᾶ
1730 3247 1791 3300 τὸ

199 3330 537 3400 Εὐαγγέλιον
572 3334 736 3405 ἐχειν.
777 3335 841 3390 Εἰ
863 3335 919 3389 δέ
957 3353 1040 3400 τις
1066 3337 1309 3407 ἀκριϐῶς
1343 3336 1665 3402 ἐξετάσειεν,
1699 3340 1792 3391 κα)⁹

203 3423 367 3477 τοῦτο
384 3424 675 3496 σύμφωνον
692 3429 801 3490 τοῖς
819 3428 1191 3497 εὐαγγελικοϊς
1217 3429 1593 3501 εὑρεθήσεται.
1613 3429 1791 3500 Ὅπερ

198 3515 314 3591 γάρ
353 3518 587 3572 ἐνταῦθα
625 3520 704 3590 τῷ
757 3520 902 3591 λόγῳ
959 3525 1072 3585 τοῖς
1112 3523 1286 3590 φίλοις
1329 3523 1788 3593 παρεκελεύσατο,

197 3608 365 3662 τοῦτο
394 3611 512 3664 ἐκεῖ
538 3611 628 3665 διὰ
653 3611 760 3666 τῶν
791 3613 968 3684 ἔργων
993 3613 1266 3683 ἐποίησεν,
1316 3609 1448 3669 διότι
1475 3617 1625 3670 πᾶσα
1651 3617 1789 3686 μέθη

197 3699 462 3755 ἔκστασιν
483 3703 640 3756 εἴωθε
659 3707 832 3758 ποιεῖν
853 3705 954 3775 τῆς
969 3705 1228 3771 διανοίας,
1241 3705 1338 3774 τῆς
1375 3708 1789 3778 κεκρατημένης

198 3793 309 3846 ὑπὸ
354 3793 451 3846 τοῦ
496 3793 663 3848 οἴνου.
701 3794 909 3848 Ούκοῦν
956 3796 1092 3866 ὅπερ
1121 3793 1355 3848 ἐνταῦθα
1397 3797 1787 3866 προτρέπεται,

196 3883 362 3938 τοῦτο
378 3884 466 3938 διὰ
479 3885 579 3954 τῆς
608 3885 756 3950 θείας
774 3886 988 3957 ἐκείνης
1003 3885 1260 3956 βρώσεως
1279 3904 1338 3940 τε
1357 3888 1450 3940 κοιλ⁴
1465 3889 1671 3951 πόσεως
1696 3891 1790 3942 κοιλ⁹

196 3975 322 4028 τότε
340 3975 570 4043 ἐγίνετο,
589 3977 682 4030 καὶ
696 3977 924 4030 πάντοτε
941 3977 1169 4044 γίνεται,
1185 3979 1451 4032 συνεισιού
1460 3996 1554 4048 σης
1565 3983 1630 4052 τῇ
1651 3979 1791 4051 βρῶ-

199 4083 286 4119 σει
301 4083 362 4119 τε
384 4068 478 4118 καὶ
499 4069 569 4138 τῇ
589 4067 742 4120 πόσει
769 4069 868 4140 τῆς
886 4068 994 4122 ἀπὸ
1020 4067 1128 4120 τῶν
1154 4069 1413 4140 χειρόνων
1435 4071 1569 4141 πρὸς
1588 4074 1656 4124 τὰ
1671 4071 1790 4140 βελ-

197 4157 301 4212 τίω
322 4157 622 4228 μεταϐολῆς
643 4161 738 4213 καὶ
749 4160 1240 4224 ἐκστάσεως.υῦτω
1257 4160 1532 4231 μεθύουσι,
1553 4162 1736 4226 καθὼς
1754 4167 1788 4235 ἡ

199 4248 512 4319 προφητεία
539 4252 725 4321 φησὶν,
751 4253 800 4304 οἱ
825 4252 924 4322 τὴν
957 4251 1190 4323 πιότητα
1221 4253 1315 4306 τοῦ
1347 4254 1496 4307 οίκου
1525 4253 1618 4307 τοῦ
1651 4254 1788 4308 Θεοῦ

197 4342 471 4404 πίνοντες,
510 4342 604 4394 καὶ
636 4341 713 4412 τῷ
739 4343 1024 4414 χειμάρρῳ
1053 4343 1152 4412 τῆς
1179 4345 1389 4414 τρυφῆς
1421 4343 1784 4415 ποτιζόμενοι.

1893 3178 1944 3222 et
1977 3167 2155 3222 bibite.
2181 3165 2504 3219 Adhortatio
2533 3170 2728 3217 autem
2751 3163 2817 3216 ad
2843 3162 3161 3217 ebrietatem
3191 3176 3354 3231 quam
3388 3161 3480 3217 hic

1895 3259 2154 3314 fratribus
2193 3257 2320 3312 fecit
2349 3254 2656 3325 Scriptura,
2684 3255 2926 3324 potuerit
2950 3255 3120 3308 videri
3155 3254 3344 3309 multis
3377 3253 3478 3307 ha-

1895 3353 2023 3405 bere
2048 3347 2250 3419 aliquid
2281 3348 2516 3416 amplius
2545 3361 2709 3416 quam
2741 3331 3117 3415 Evan‘gelium.
3155 3344 3260 3400 Sed
3294 3345 3340 3399 si
3373 3345 3476 3399 hoc

1895 3443 2182 3512 diligenter
2210 3450 2265 3493 et
2291 3447 2550 3493 accurate
2581 3437 2753 3492 fuerit
2783 3436 3181 3500 examinatum,
3228 3435 3478 3490 invenie-

1895 3545 1985 3589 tur
2029 3546 2341 3588 consonare
2383 3530 2568 3585 verbis
2610 3527 2965 3598 evangelicis.
2998 3526 3154 3593 Quod
3206 3527 3351 3583 enim
3387 3527 3479 3581 hic.

1893 3625 2060 3679 verho
2082 3623 2251 3691 jussit
2281 3621 2496 3682 amicis,
2539 3619 2643 3674 hoc
2671 3618 2782 3672 illic
2821 3617 3001 3687 rcipsa
3038 3617 3192 3680 fecit,
3224 3617 3476 3687 quando-

1894 3713 2113 3784 quidem
2155 3711 2334 3764 omnis
2360 3709 2600 3764 ebrietas
2647 3709 2786 3764 solet
2813 3708 3046 3770 allicere,
3084 3715 3143 3760 ut
3178 3723 3334 3762 mens
3375 3722 3476 3761 cx-

1893 3815 2111 3856 cessum
2167 3799 2406 3868 patiatur
2439 3813 2469 3851 a
2499 3799 2628 3852 vino
2671 3806 2952 3868 superata.
3007 3796 3163 3863 Quod
3215 3811 3349 3868 ergo
3385 3797 3477 3852 hic

1895 3893 2239 3954 adhortatur,
2274 3891 2378 3944 hoc
2424 3900 2561 3945 tunc
2587 3905 2807 3958 quoque
2846 3888 3052 3943 factum
3088 3897 3173 3944 est
3204 3905 3300 3958 per
3337 3889 3476 3942 divi-

1892 3999 2023 4038 num
2066 3981 2215 4035 illum
2251 3979 2435 4034 cibum
2486 3988 2539 4033 et
2567 3989 2776 4049 potum,
2831 3986 2884 4033 et
2916 3993 3133 4048 semper
3175 3977 3252 4040 ﬁt,
3308 3979 3472 4033 simul

1891 4073 2252 4130 conveniente
2277 4087 2401 4125 cum
2425 4072 2549 4126 cibo
2579 4078 2634 4124 et
2663 4082 2793 4141 potu
2821 4070 3124 4125 mutatione
3153 4078 3208 4125 et
3239 4086 3468 4126 excessu

1891 4181 1921 4219 a
1958 4165 2322 4220 deterioribus
2367 4163 2434 4216 ad
2472 4177 2534 4215 ea
2596 4176 2718 4232 qua:
2767 4169 2897 4218 sunt
2937 4161 3181 4216 meliora.
3241 4162 3333 4216 Sic
3376 4163 3467 4216 in-

1891 4256 2196 4318 ebriantur,
2222 4260 2281 4307 ut
2306 4251 2437 4305 dicit
2455 4252 2760 4322 prophetia,
2789 4254 2884 4322 qui
2912 4252 3109 4307 bibunt
3130 4268 3198 4309 ex
3224 4253 3471 4308 ubertate

1893 4352 2111 4412 domus,
2177 4357 2232 4401 et
2287 4352 2549 4414 potantur
2600 4352 2846 4400 torrente
2897 4345 3216 4401 deliciarum
3243 4345 3309 4400 ³⁸.
3349 4345 3471 4414 Quo

197 4433 414 4502 Ὠσπερ
439 4432 712 4504 ἐμεθύσθη
741 4433 872 4486 ποτὲ
899 4433 994 4488 καὶ
1022 4436 1051 4488 6
1085 4434 1262 4505 μέγας
1296 4436 1479 4500 Δαϐὶδ,
1504 4437 1592 4488 ὅτε
1618 4437 1785 4502 ἐκϐὰς

1893 4440 2190 4495 inebriatus
2239 4434 2534 4505 aliquando
2567 4434 2667 4488 fuit
2695 4435 2859 4489 etiam
2889 4450 3121 4505 magnus
3165 4435 3356 4499 David,
3411 4445 3470 4491 ut

193 4524 365 4588 αὐτὸς
414 4525 630 4589 ἑαυτοῦ,
685 4526 781 4578 καὶ
826 4527 884 4579 ἐν
939 4527 1196 4580 ἐκστάσει
1228 4527 1540 4597 γενόμενος.
1580 4523 1688 4580 εἶδε
1724 4529 1785 4582 τὸ

193 4617 429 4671 ἀθέατον
466 4617 684 4681 κάλλος,
709 4618 800 4671 καὶ
821 4618 921 4690 τὴν
946 4619 1189 4689 ἀοίδιμον
1217 4619 1432 4691 ἐκείνην
1459 4619 1640 4691 φωνὴν
1666 4619 1784 4685 ἐξε-

194 4708 433 4781 ϐόησεν·
483 4709 565 4761 ὅτι
619 4707 745 4775 Πᾶς
800 4709 1108 4778 ἄνθρωπος
1150 4712 1428 4780 ψεύστης
1451 4729 1464 4742 ο
1503 4711 1646 4782 λόγῳ
1674 4710 1782 4764 τῶν

194 4797 495 4870 ἀφράστων
511 4797 798 4869 θησαυρῶν
819 4799 1130 4871 ἐπιτρέπων
1141 4801 1238 4872 τὴν
1257 4803 1569 4873 ἑρμηνείαν.
1591 4802 1780 4867 Οὕτως

191 4889 474 4961 ἐμεθύσθη
525 4892 618 4943 καὶ
667 4893 697 4944 6
730 4891 994 4963 νεώτερος
1028 4891 1282 4963 Βενιαμὶν
1322 4895 1555 4958 Παῦλος,
1587 4896 1678 4948 ὅτε
1723 4898 1780 4948 ἐν

193 4982 454 5036 ἐκστάσει
475 4983 690 5052 ἐγένετο
721 4983 922 5048 λέγων’
948 4984 1085 5038 Εἴτε
1114 4984 1223 5054 γὰρ
1246 4984 1598 5054 ἐξέστημεν,
1635 4986 1776 5052 Θεῷ*

194 5074 338 5146 πρὸς
363 5076 569 5128 ἐκεῖνον
591 5075 701 5146 γὰρ
735 5075 894 5130 αὐτὸν
921 5075 1224 5145 ήέκστασις
1246 5072 1314 5147 ἦν
1335 5093 1346 5105 ’
1384 5077 1512 5130 εἴτε
1542 5095 1778 5147 σωφρο-

192 5164 443 5234 νοῦμεν,
502 5166 678 5236 ὑμῖν·
738 5166 814 5229 ὡς
869 5167 1106 5220 ἐδείκνυε
1146 5171 1257 5230 τοῖς
1300 5170 1436 5238 πρὸς
1455 5168 1546 5221 τὸν
1570 5170 1778 5237 Φῆστον

191 5257 396 5326 λόγοις,
425 5258 620 5312 ἐαυτὸν
654 5258 728 5328 μὴ
780 5259 1123 5329 μαινόμενον,
1171 5259 1307 5313 ἀλλά
1340 5261 1696 5333 σωφροσύνης
1716 5279 1777 5316 τε

193 5351 291 5410 καὶ
317 5348 666 5419 δικαιοσύνης
718 5350 1199 5420 ἀποφθεγγόμενον
1230 5353 1470 5423 ῥήματα.
1508 5349 1638 5406 Οἶδα
1682 5355 1778 5408 καὶ

191 5438 289 5496 τὸν
324 5440 592 5510 μακάριον
618 5438 822 5511 Πέτρον
855 5441 914 5493 ἐν
946 5440 1022 5510 τῷ
1049 5440 1273 5510 τοιούτῳ
1309 5443 1411 5512 τῆς
1450 5441 1618 5514 μέθης
1649 5443 1776 5496 εῖδει

273 5643 318 5676 ⁸⁵
341 5641 475 5699 Luc.
509 5661 668 5708 χχιιι,
703 5648 791 5702 56.
847 5646 890 5676 ”‘
919 5643 938 5696 1
965 5626 1090 5700 Cor.
1136 5642 1326 5704 “.31.

196 5727 328 5784 cxv,
368 5715 456 5770 Η.
569 5719 610 5748 ²¹
643 5716 686 5773 ll
713 5719 840 5775 Cor.
874 5717 1033 5784 v,l'5.
1107 5717 1152 5748 ³³
1191 5714 1310 5771 Act.
1355 5727 1508 5782 xxvi,
1543 5713 1612 5770 2i
1639 5729 1759 5786 sqq.

1439 5643 1482 5673 ¹τ
1509 5640 1551 5695 ll
1585 5641 1710 5697 Cor.
1743 5643 1894 5709 1,16.
1955 5646 1994 5680 ιε
2026 5643 2216 5703 Matth.
2255 5661 2383 5711 xxv,
2439 5643 2528 5700 35.
2599 5641 2806 5700 "Psal.
2867 5659 3031 5712 xaxV,
3072 5641 3125 5701 9.

1885 4532 1980 4602 qui
2019 4544 2142 4584 cum
2173 4545 2201 4582 a
2237 4543 2296 4584 se
2331 4527 2684 4590 excessisset,
2713 4533 2768 4581 et
2800 4523 2994 4580 fuisset
3023 4527 3078 4580 in
3101 4527 3340 4594 exstasi,
3390 4529 3471 4581 vi-

1885 4623 1966 4677 dit
2021 4617 2482 4690 pulchritudincm
2519 4632 2637 4687 qua:
2685 4632 2794 4671 non
2837 4616 2983 4673 cadit
3013 4617 3115 4672 sub
3162 4628 3464 4688 aspectum,

1886 4713 2268 4783 insignemque
2295 4718 2350 4765 et
2389 4709 2660 4763 celebrem
2705 4709 2852 4763 illam
2886 4709 3210 4763 exclamavit
3238 4726 3463 4766 vocem:

1889 4803 2075 4860 Omnis
2109 4801 2261 4855 homo
2308 4799 2534 4855 mendax
2560 4799 2629 4862 ¹⁰.
2676 4800 2910 4854 orationi
2960 4801 3341 4857 thesaurorum
3380 4803 3465 4857 in-

1886 4894 2178 4952 eﬂaliilium
2235 4892 2555 4962 permittens
2616 4892 3135 4961 interpretationem.
3203 4891 3293 4946 Sic
3367 4898 3456 4947 in-

1886 4985 2130 5041 ebriatus
2153 4997 2371 5052 quoque
2400 4981 2499 5036 fuit
2521 4997 2694 5036 novus
2718 4989 2904 5036 noster
2929 4981 3208 5052 Benjamin
3241 4982 3462 5052 Paulus,

1885 5080 2142 5149 quoniam
2178 5074 2281 5128 fuit
2306 5073 2361 5127 in
2394 5072 2600 5130 cxstasi
2627 5087 2754 5128 cum
2783 5073 3020 5129 diceret:
3051 5075 3170 5130 Sive
3199 5077 3340 5130 enim
3368 5092 3465 5131 ea:-

1885 5171 2159 5232 cessimus,
2203 5166 2312 5222 Deo
2354 5166 2452 5232 (ad
2485 5166 2635 5221 illum
2673 5165 2819 5220 enim
2851 5175 2968 5221 erat
3013 5167 3332 5240 excessus),
3360 5170 3468 5223 sive

1883 5261 2051 5317 sobrii
2077 5275 2284 5324 sumus,
2312 5257 2455 5312 vobis
2474 5258 2553 5325 ¹¹;
2583 5257 2728 5312 sicut
2765 5273 2888 5311 cum
2919 5258 2973 5311 in
3011 5258 3077 5312 iis
3098 5274 3219 5328 quae
3250 5259 3467 5317 diccbat

1884 5348 2070 5412 Festo,
2105 5363 2166 5402 se
2201 5362 2312 5401 non
2343 5347 2585 5402 insanire
2609 5346 2938 5409 enuntiaret,
2983 5347 3080 5402 sed
3119 5348 3266 5418 loqui
3297 5351 3464 5408 verba
3522 5366 3530 5374 '

1888 5442 2206 5500 sobrietatis
2227 5450 2283 5499 et
2301 5438 2530 5512 iustitia:
2548 5440 2616 5493 “.
2650 5436 2788 5494 Novi
2807 5439 2972 5495 etiam
2995 5439 3211 5496 beatum
3237 5440 3461 5498 Petrum

3222 5642 3267 5675 ιο
3309 5633 3452 5697 psal.
