3854 6216
471 323 570 380 991

1712 329 1770 384 S.
1811 327 2139 385 GREGOBII
2179 328 2472 399 NYSSENI

3630 340 3724 397 99!

469 443 526 498 ln
562 442 667 496 hoc
699 457 896 512 genere
929 443 1232 509 ebrietatis,
1275 443 1440 502 simul
1474 455 1526 503 et
1627 451 1956 507 esurientem
1995 464 2039 509 el

2154 455 2482 526 πρόσπεινόν
2501 471 2560 508 τε
2590 453 2718 508 ὄντα
2739 452 2874 525 ὁμοῦ
2904 453 2996 506 καὶ
3024 452 3311 523 μεθύοντα.
3347 453 3486 524 Πρὶν
3509 454 3618 528 γὰρ
3635 461 3723 530 τὴν

470 535 827 588 iuebriatum.
887 534 1214 606 Priusquam
1269 540 1414 593 enim
1462 544 1747 610 corporale
1798 552 1944 598 esset
2001 545 2052 600 ei

467 627 693 680 allatum
745 629 1161 693 nutrimentum,
1217 645 1342 685 cum
1379 633 1615 688 esuriret
1663 641 1718 688 et
1749 637 1910 690 vellet
1952 652 2055 706 gu-

467 725 639 778 SIare,
669 718 788 772 suis
835 718 940 788 ipsi
971 719 1291 786 parantibus
1331 735 1595 783 mensam,
1650 723 1710 774 tit
1755 722 1831 775 illi
1863 721 2050 775 divina

464 813 520 864 et
549 810 732 864 sobria
768 811 928 874 visio,
977 826 1072 882 per
1097 827 1259 882 quam
1292 813 1410 883 ipse
1442 829 1471 866 a
1512 814 1696 883 seipso
1723 813 1966 870 excedit,
1996 820 2052 867 et

462 901 839 968 evangelicum
869 905 1278 971 contemplatur
1311 903 1562 968 linteum,
1598 912 1834 974 quatuor
1878 904 2050 961 initiis

465 991 536 1044 ab
587 993 696 1046 alto
727 993 936 1046 demitti
971 994 1023 1046 in
1067 1003 1291 1058 terram,
1346 1011 1510 1050 omne
1549 1010 1722 1065 genus
1763 996 2048 1050 hominum

466 1083 521 1135 in
551 1097 610 1136 se
661 1085 952 1138 continens
989 1084 1345 1138 formatorum
1401 1088 1455 1139 in
1491 1086 1683 1141 formis
1724 1089 2044 1142 innumera-
2088 1157 2090 1159 γ

461 1175 668 1230 bilibus
727 1177 1029 1241 volucrum,
1083 1177 1500 1248 quadrupedum
1529 1187 1583 1233 et
1622 1181 1896 1250 reptilium
1955 1180 2050 1235 be-

461 1269 715 1328 stiarum,
749 1281 848 1338 pro
879 1268 1163 1336 multiplici
1192 1270 1467 1324 variorum
1496 1272 1743 1325 cultuum
1778 1282 1833 1326 et
1856 1287 2050 1343 super-

459 1360 748 1413 stitionum
800 1359 1140 1414 diversitate.
1174 1361 1249 1416 Ex
1281 1364 1481 1432 quibus
1521 1361 1680 1418 Petro
1719 1365 1878 1432 jubet
1923 1379 2050 1418 ora-

459 1455 558 1514 tio,
610 1458 669 1504 ut
699 1451 753 1504 id
788 1453 1063 1506 sacriﬁcet
1093 1454 1240 1520 quod
1281 1466 1365 1508 est
1419 1455 1717 1509 belluinum
1761 1462 1817 1510 et
1849 1469 2047 1524 expers

459 1542 714 1605 rationis,
767 1550 826 1595 ut
869 1543 937 1596 iis
971 1545 1233 1614 purgatis,
1284 1545 1453 1615 quod
1486 1557 1657 1602 restat
1692 1548 1764 1603 sit
1796 1549 2047 1602 esculen-

460 1645 600 1699 tum,
642 1634 860 1704 quando
898 1637 1138 1690 traditur
1167 1639 1374 1691 nudmn
1397 1639 1624 1692 verbum
1658 1640 1897 1709 pietatis,
1920 1653 2048 1692 cum

456 1741 568 1781 non
607 1732 774 1783 semel
820 1728 1022 1783 dixerit
1061 1744 1162 1783 vox
1196 1729 1418 1797 divina,
1467 1747 1576 1786 non
1605 1747 1728 1786 esse
1768 1733 2044 1801 impurum

457 1818 603 1887 quod
630 1818 772 1874 Deus
799 1822 1072 1890 purgavit.
1110 1819 1223 1875 Hac
1255 1821 1398 1876 facta
1445 1798 2040 1893 pradicatione—tribus
2075 1798 2119 1855 Β

453 1911 691 1976 vicibus,
713 1920 772 1965 ut
792 1927 900 1966 una
922 1927 1054 1968 voce
1079 1913 1360 1969 discamus
1380 1913 1548 1969 Deum
1569 1923 1890 1985 purgantem
1913 1931 2040 1971 esse

456 2001 697 2066 Patrem,
725 2009 778 2056 et
801 2003 854 2057 in
885 2003 988 2056 alia
1021 2005 1274 2059 similiter
1305 2003 1472 2059 Deum
1503 2015 1823 2076 purgantem
1846 2007 2037 2078 unige-

455 2094 634 2148 nitum
653 2109 777 2149 esse
795 2092 887 2148 Dei
913 2093 1194 2158 Filium,et
1212 2095 1264 2149 in
1283 2096 1386 2151 alia
1407 2097 1678 2163 similiter,
1697 2099 1843 2168 quod
1861 2097 2036 2167 quod-

451 2187 540 2242 vis
568 2186 908 2239 immundum
943 2203 1181 2257 purgans
1215 2188 1358 2244 Deus
1385 2198 1471 2244 est
1513 2187 1751 2259 Spiritus
1787 2199 2036 2246 sanctus.

454 2278 591 2333 Cum
611 2294 742 2349 ergo
763 2279 911 2334 sitex
945 2280 1071 2334 vino
1097 2280 1408 2350 hujusmodi
1438 2282 1696 2344 ebrietas,
1719 2298 1883 2352 quam
1907 2298 2040 2337 con-

451 2371 594 2425 vivis
617 2373 839 2441 apponit
862 2370 1144 2427 Dominus.
1164 2386 1259 2440 per
1287 2371 1432 2441 quod
1467 2373 1663 2428 animae
1691 2373 1751 2428 lit
1779 2390 2040 2430 excessus

455 2462 521 2516 ad
543 2478 604 2516 ea
626 2479 746 2534 quae
772 2463 1203 2527 suntdiviniora,
1230 2464 1546 2533 rectejubet
1571 2463 1830 2522 Dominus
1856 2465 1922 2520 iis
1946 2467 2040 2536 qui

453 2569 626 2624 prope
659 2561 787 2609 sunt
822 2570 918 2624 per
957 2557 1208 2620 virtutes,
1242 2570 1350 2610 non
1384 2557 1452 2610 iis
1499 2558 1592 2626 qui
1627 2557 1784 2627 longe
1815 2557 2046 2613 absunt:

452 2641 746 2708 Comedite,
777 2644 1054 2714 propinqui
1072 2645 1192 2711 mei,
1221 2655 1271 2699 et
1303 2645 1458 2700 bibite
1481 2656 1531 2700 et
1565 2647 1918 2702 inebriamim.
1937 2647 2039 2714 Qui

452 2736 601 2790 enim
628 2737 846 2805 indigne
872 2737 1110 2791 comedit
1141 2747 1194 2792 et
1218 2738 1656 2806 bibitgjudiciutn
1680 2738 1784 2792 sibi
1808 2736 2043 2791 comedit

452 2837 507 2883 et
549 2827 687 2882 bibit
707 2829 774 2882 “.
813 2827 980 2884 Recte
1027 2839 1207 2884 autem
1238 2831 1530 2901 appellavit
1573 2829 1773 2886 fratres
1819 2845 1916 2886 eos
1945 2829 2040 2899 qui

451 2919 602 2991 digni
644 2931 774 2976 sunt
824 2929 884 2976 ut
911 2923 1223 2978 comedant.
1255 2923 1390 2978 Nam
1427 2926 1518 2994 qui
1550 2923 1679 2980 facit
1706 2924 2038 2978 voluntatem

450 3008 654 3077 Patris,
683 3014 996 3068 nominatur
1019 3028 1049 3068 a
1086 3012 1264 3070 Verbo
1288 3015 1457 3070 frater
1485 3023 1541 3071 et
1577 3023 1752 3070 mater
1775 3023 1829 3070 et
1857 3028 2033 3069 soror.

2157 545 2474 617 σωματικὴν
2527 545 2733 616 τροφὴν
2811 543 3316 615 προσενέγκασθαι,
3385 546 3473 598 ὅτε
3522 548 3723 616 ἐγένετο

2151 636 2479 706 πρόσπεινος
2521 637 2614 689 καὶ
2656 635 2814 705 ἤθελε
2844 633 3165 703 γεύσασθαι,
3209 639 3725 706 παρασκευαζόντων

2151 728 2302 798 αὐτῷ
2319 728 2428 781 τῶν
2453 728 2596 781 ἰδίων
2613 727 2710 799 τὴν
2732 727 3033 798 τράπεζαν,
3057 729 3266 796 γίνεται
3297 728 3444 798 αύτῷ
3467 732 3502 801 ἡ
3529 729 3650 784 θεία
3677 749 3726 784 τε

2151 821 2246 873 καὶ
2291 818 2553 890 νηφάλιος
2589 818 2750 889 μέθη,
2800 818 2866 870 δι’
2903 813 2972 890 ῆς
3015 817 3293 883 ἐξίσταται
3326 821 3491 883 αὐτὸς
3518 821 3727 884 ἑαυτοῦ,

2149 913 2246 966 καὶ
2275 911 2470 982 θεωρεῖ
2492 913 2589 982 τὴν
2610 911 2969 982 εύαγγελικὴν
2985 911 3194 980 ὀθόνην,
3218 913 3511 983 τέσσαρσιν
3544 916 3732 986 ἀρχαῖς

2149 1002 2357 1057 ἄνωθεν
2409 1002 2762 1072 καθιεμένην,
2804 1002 2912 1055 πᾶν
2947 1003 3102 1070 γένος
3152 1001 3453 1074 ἀνθρώπων
3485 1005 3549 1057 ὲν
3598 1004 3732 1075 αὐτῇ

2150 1093 2512 1164 περιέχουσαν
2558 1094 2616 1145 ὲν
2671 1093 2885 1163 μυρίοις
2923 1093 3108 1156 εἴδεσι,
3143 1091 3405 1146 πετεινῶν
3433 1109 3493 1147 τε
3526 1097 3625 1148 καὶ
3650 1112 3735 1147 τεο

2148 1185 2432 1257 τραπόδων
2463 1185 2558 1239 καὶ
2613 1185 2857 1256 ἑρπετῶν
2907 1185 3001 1241 καὶ
3061 1185 3287 1256 θηρίων,
3318 1187 3460 1240 κατά
3491 1185 3594 1252 τὰ
3631 1183 3734 1240 τῶν

2150 1277 2511 1347 σεδασμάτων
2542 1276 2802 1347 διαφορὰς
2827 1278 3297 1348 μεμορφωμένων.
3317 1272 3421 1330 Ὧν
3440 1277 3505 1330 τὺ
3535 1275 3733 1348 θηριῶ-

2146 1369 2239 1433 δές
2265 1386 2324 1422 τε
2351 1371 2446 1422 καὶ
2475 1369 2668 1437 ἄλογον
2702 1365 2841 1430 εἶδος
2865 1369 3023 1422 θῦσαι
3053 1369 3129 1440 τῷ
3168 1369 3358 1441 Πέτρῳ
3383 1371 3414 1423 6
3443 1370 3606 1439 λόγος
3619 1369 3731 1426 δια-

2147 1461 2445 1524 κελεύεται,
2498 1462 2586 1514 ἵνα
2638 1459 3017 1531 καθαρθέντων
3064 1461 3264 1525 αὐτῶν,
3309 1461 3372 1514 τὸ
3414 1462 3732 1530 λειπόμενον

2147 1553 2406 1623 ἐδώδιμον
2453 1554 2695 1624 γένηται,
2729 1553 2818 1606 ὅτε
2868 1554 2960 1606 καὶ
2997 1554 3198 1623 γυμνὸς
3239 1554 3268 1606 6
3297 1552 3396 1622 τῆς
3449 1547 3730 1617 εὐσεϐείας

2149 1644 2504 1715 παραδίδοται
2558 1644 2731 1712 λόγος,
2789 1644 2887 1713 ούχ
2938 1643 3084 1708 ἆπαξ
3141 1643 3404 1714 εἰπούσης
3444 1643 3554 1713 τῆς
3591 1643 3730 1707 θείας

2147 1737 2357 1807 φωνῆς,
2378 1738 2462 1790 ὅτι
2483 1739 2604 1791 Οὐκ
2631 1737 2764 1791 ἐστι
2806 1735 3011 1789 κοινὸν
3048 1735 3194 1804 ὅπερ
3221 1739 3253 1790 ό
3285 1735 3432 1802 Θεὸς
3463 1733 3730 1803 ἐκαθάρι-

2149 1846 2286 1884 σεν.
2329 1830 2565 1892 Ἀλλέίς
2595 1829 2715 1900 τρὶς
2737 1829 3029 1897 γενομένου
3057 1829 3148 1882 τοῦ
3174 1829 3418 1881 τοιούτου
3446 1845 3520 1898 κη
3531 1829 3732 1900 ρύγμα-

2143 1937 2258 1987 τος,
2284 1921 2372 1972 ἵνα
2407 1919 2668 1990 μάθωμεν
2707 1922 2772 1990 τῇ
2823 1920 2923 1990 μιᾷ
2965 1922 3136 1989 φωνῇ,
3186 1919 3317 1971 θεὸν
3369 1917 3732 1989 καθαρίζοντα

2141 2011 2234 2065 τὸν
2285 2009 2537 2082 Πατέρα,
2605 2009 2700 2062 καὶ
2749 2011 2807 2062 ὲν
2838 2012 2903 2079 τῇ
2950 2010 3113 2080 ἑτέρᾳ
3165 2007 3432 2072 ὡσαύτως
3495 2005 3730 2078 καθαρί-

2141 2099 2300 2163 ζοντα
2348 2099 2439 2152 τὸν
2469 2097 2620 2162 Θεδν,
2665 2101 2757 2152 τὸν
2791 2099 3050 2169 μονογενῆ
3078 2099 3203 2152 Υίὸν
3250 2095 3412 2162 εἶναι,
3441 2097 3542 2158 καὶ
3571 2101 3629 2152 ὲν
3668 2101 3730 2167 τῇ

2143 2190 2276 2262 ἄλλῃ
2328 2190 2722 2262 παραπλησίως
2745 2229 2760 2253 ,
2811 2191 2892 2243 ὅτι
2929 2193 2956 2243 ὁ
2997 2191 3105 2243 πᾶν
3149 2189 3461 2260 ἀκάθαρτον
3507 2187 3729 2256 καθαρί-

2143 2284 2253 2348 ζων
2290 2282 2441 2346 Θεὸς,
2481 2283 2543 2336 τὸ
2579 2282 2800 2352 Πνεῦμα
2836 2284 2950 2334 ἐστι
2982 2281 3042 2334 τὸ
3087 2281 3259 2349 ἅγιον.
3307 2281 3584 2350 Τοιαύτης
3631 2278 3730 2332 τοί-

2145 2389 2240 2425 νυν
2295 2370 2584 2442 γινομένης
2632 2372 2731 2440 τῆς
2757 2373 2820 2422 ὲκ
2843 2371 2935 2423 τοῦ
2972 2371 3115 2423 οἴνου
3152 2371 3342 2442 μέθης,
3365 2370 3425 2422 δν
3447 2369 3728 2441 προτίθησι

2141 2465 2258 2526 τοῖς
2287 2463 2593 2532 συμπόταις
2613 2464 2642 2516 ὁ
2663 2461 2885 2533 Κύριος,
2911 2462 2977 2515 δι’
2998 2458 3066 2532 ἦς
3086 2462 3222 2533 πρὸς
3252 2463 3322 2516 τὰ
3349 2461 3608 2532 θειότερα
3638 2462 3732 2532 τῆς

2145 2556 2325 2626 ψυχῆς
2355 2555 2612 2618 ἔκστασις
2659 2555 2890 2623 γίνεται,
2942 2554 3122 2618 καλῶς
3151 2555 3596 2625 παρακελεύεται
3627 2557 3728 2615 τοῖς

2145 2645 2373 2716 πλησίον
2402 2644 2490 2698 διὰ
2520 2645 2628 2697 τῶν
2680 2644 2892 2716 ἀρετῶν
2927 2646 3226 2713 γεγονόσιν,
3271 2645 3334 2698 οὐ
3366 2647 3484 2706 τοῖς
3521 2640 3731 2718 πόρρω-

2146 2737 2239 2790 θεν
2269 2736 2634 2808 ἀφεστηκόσιν
2660 2738 2688 2790 6
2717 2735 2948 2807 Κύριος·
2983 2738 3064 2790 ὅτι
3099 2735 3344 2805 Φάγετε,
3382 2739 3440 2790 οὶ
3463 2737 3731 2803 πλησίον

2139 2847 2282 2899 μου,
2333 2829 2435 2884 καί
2491 2830 2674 2894 πίετε,
2713 2829 2809 2882 καὶ
2849 2829 3205 2899 μεθύσθητε.
3241 2825 3302 2881 ’0
3335 2827 3449 2898 γάρ
3499 2825 3730 2893 ἀναξίως

2147 2919 2342 2972 ἐσθίων
2404 2919 2500 2973 καὶ
2544 2920 2735 2980 πίνων,
2801 2917 2973 2990 κρίμα
3021 2916 3197 2987 ἑαυτῷ
3236 2916 3410 2970 ὲσθίει
3438 2916 3543 2970 καὶ
3570 2915 3725 2969 πίνειν

2144 3011 2340 3074 Καλῶς
2371 3011 2428 3064 δὲ
2471 3014 2597 3076 τοὺς
2643 3012 2824 3076 ἀξίους
2849 3011 2947 3081 τῆς
2973 3009 3227 3080 βρώσεως
3253 3009 3526 3078 ἀδελφοὺς
3569 3024 3730 3082 προσ-

451 3107 780 3178 ηγόρευσεν.
825 3106 886 3160 Ὀ
915 3107 1025 3180 γάρ
1053 3108 1223 3161 ποιῶν
1269 3107 1332 3160 τὸ
1354 3107 1567 3179 θέλημα
1605 3106 1793 3172 αὑτοῦ,
1855 3105 1949 3162 καὶ
1991 3103 2221 3173 ἀδελφὸς
2263 3105 2357 3156 καὶ
2401 3102 2605 3176 ἀδελφή
2637 3105 2732 3158 καὶ
2765 3105 2947 3174 μήτηρ
2979 3102 3084 3155 ὑπὸ
3128 3101 3224 3155 τοῦ
3275 3101 3456 3171 Λόγου
3511 3117 3726 3156 κατονο.

452 3198 702 3270 μάζεται.

523 3289 857 3346 Ebrietatem
889 3301 1070 3347 autem
1087 3299 1492 3362 consequenter
1514 3293 1764 3362 sequitur
1782 3307 2034 3358 somnus,
2065 3299 2106 3355 C

398 3372 402 3382 ’
452 3390 514 3436 ut
545 3397 642 3453 per
668 3384 1086 3438 concoctionem
1116 3383 1277 3438 detur
1301 3383 1535 3439 facultas
1561 3385 1808 3439 convivis
1835 3386 1900 3438 ad
1935 3387 2035 3439 bo-

443 3486 581 3529 nam
637 3474 1013 3530 habitudinem
1043 3475 1324 3546 digerendi
1363 3477 1538 3531 cibos.
1574 3476 1867 3547 Propterea
1911 3485 2037 3547 post

451 3564 586 3620 illud
645 3566 867 3636 epulum
923 3582 1126 3637 sponsa
1182 3576 1400 3623 tenetur
1451 3582 1668 3623 somno.
1717 3567 1813 3624 Est
1851 3578 2032 3623 autem

454 3658 669 3714 alienus
698 3659 917 3729 quidem
948 3675 1192 3724 somnus,
1230 3672 1283 3715 et
1312 3675 1340 3713 a
1374 3660 1770 3716 consuetudine
1797 3660 2034 3714 naturali

451 3759 718 3807 remotus.
752 3749 888 3805 Nam
921 3753 975 3806 in
1015 3761 1282 3808 consueto
1321 3749 1536 3822 quidem
1569 3767 1762 3809 somno
1788 3753 1881 3822 qui
1903 3751 2036 3806 dor-

452 3838 555 3892 mit
602 3855 710 3895 non
755 3841 962 3911 vigilat,
1021 3849 1078 3897 et
1105 3841 1198 3912 qui
1237 3842 1444 3912 vigilat,
1495 3857 1607 3897 non
1655 3842 1878 3907 dormit,
1939 3841 2035 3898 sed

453 3938 751 4003 utrumque
783 3933 840 3986 in
876 3947 936 3987 se
970 3932 1200 3988 invicem
1239 3933 1463 3998 desinit,
1504 3949 1699 4004 nempe
1728 3949 1955 3990 somnus
1983 3943 2038 3989 et

451 4024 638 4094 vigilia
673 4023 776 4079 sibi
827 4023 1060 4080 invicem
1107 4026 1453 4082 succedendo
1481 4025 1750 4092 cedentia,
1791 4035 1847 4081 et
1874 4026 2038 4080 vicis-

455 4113 560 4168 sim
593 4115 661 4169 ad
701 4130 1146 4186 unumquemque
1173 4117 1511 4173 accedentia.
1553 4116 1654 4172 Hic
1680 4125 1861 4173 autem
1894 4133 2035 4172 nova

453 4207 704 4278 qumdam
733 4217 788 4264 et
832 4209 1172 4272 admirabilis
1215 4212 1401 4266 mistio
1435 4221 1490 4266 et
1517 4210 1682 4266 coitio
1726 4211 2033 4266 contrario-

453 4316 576 4358 rum
609 4299 758 4356 circa
791 4315 913 4356 eam
942 4302 1206 4357 cernitur.
1239 4301 1350 4373 Ego
1378 4305 1539 4369 enim,
1572 4301 1768 4372 inquit,
1801 4301 2030 4368 dormio,

449 4400 503 4446 et
527 4407 619 4445 cor
644 4407 817 4445 meum
845 4392 1052 4462 vigilat.
1085 4392 1346 4458 Qua-nam
1376 4409 1506 4464 ergo
1536 4400 1621 4449 est
1647 4393 1715 4448 de
1747 4393 1833 4448 his
1867 4394 2034 4451 rebus

451 4483 772 4553 accipienda
792 4482 1104 4538 sententia?
1126 4483 1366 4538 Somnus
1389 4493 1474 4538 est
1500 4484 1691 4539 mortis
1708 4484 2030 4539 similitudo.

452 4577 511 4631 In
551 4593 616 4632 eo
638 4577 781 4633 enim
815 4576 1047 4632 solvitur
1074 4576 1256 4631 omnis
1294 4577 1538 4632 sentiens
1571 4590 1862 4646 corporum
1902 4591 2032 4646 ope-

2224 3289 2558 3354 Ἀκολούθως
2581 3290 2637 3343 δὲ
2684 3289 2992 3360 διαδέχεται
3039 3289 3139 3360 τήν
3183 3287 3356 3360 μέθην
3382 3289 3414 3342 6
3446 3289 3638 3356 ὕπνος,
3661 3291 3731 3356 ὡς

2137 3382 2204 3437 ἂν
2233 3384 2323 3437 διὰ
2388 3384 2488 3455 τῆς
2533 3384 2751 3453 πέψεως
2801 3383 3088 3453 ἀναδοθείη
3142 3387 3257 3447 τοῖς
3297 3384 3626 3455 δαιτυμόσιν
3657 3388 3733 3451 εἰς

2137 3473 2353 3539 εὐεξίαν
2399 3476 2435 3544 ή
2477 3473 2725 3544 δύναμις.
2766 3473 2866 3525 Διά
2907 3471 3064 3525 τοῦτο
3109 3471 3246 3542 μετά
3279 3471 3379 3543 τὴν
3413 3473 3739 3528 πανδαισίαν

2138 3566 2356 3635 ἐκείνην
2407 3567 2465 3617 ἐν
2494 3563 2574 3635 τῷ
2629 3563 2783 3634 ὕπνῳ
2817 3562 3060 3634 ήνύμφη
3094 3563 3325 3630 γίνεται.
3365 3561 3540 3626 Ξένος
3572 3565 3630 3616 δέ
3658 3581 3736 3627 τις

2137 3651 2292 3718 οὕτος
2313 3658 2342 3709 6
2375 3653 2542 3717 ὕπνος
2570 3653 2713 3716 ἐστὶ,
2737 3653 2832 3707 καὶ
2857 3653 2956 3724 τῆς
2997 3652 3231 3722 φυσικῆς
3264 3651 3560 3722 συνηθείας
3592 3655 3738 3707 ἀλλό-

2136 3763 2307 3818 τριος.
2345 3746 2467 3798 Ἐπὶ
2489 3745 2586 3816 μὲν
2608 3744 2716 3818 γὰρ
2749 3744 2842 3798 τοῦ
2875 3744 3136 3814 συνήθους
3171 3742 3365 3810 ὕπνου,
3397 3743 3527 3798 οὕτε
3550 3746 3582 3797 6
3607 3746 3739 3799 καθο

2137 3838 2309 3892 εύδων
2376 3839 2698 3910 ἐγρήγορεν,
2757 3838 2852 3890 καὶ
2912 3839 2942 3891 ὁ
2993 3836 3311 3909 ἐγρηγορὼς
3343 3836 3408 3890 ού
3443 3838 3736 3892 καθεύδει·

2137 3931 2252 3986 ἀλλ’
2290 3932 2349 3983 ὲν
2386 3930 2636 4002 ἀλλήλοις
2687 3929 2842 4000 λήγει
2883 3929 3191 4000 ἀμφότερα,
3222 3929 3251 3982 ὃ
3289 3945 3347 3981 τε
3380 3928 3556 3993 ὕπνος
3583 3932 3679 3985 καὶ
3706 3934 3742 4004 ἡ

2136 4024 2522 4097 ὲγρηγόρησις,
2557 4025 2678 4086 ταῖς
2706 4021 2976 4090 διαδοχαῖς
3008 4021 3256 4090 ἀλλήλων
3295 4019 3734 4094 ύπεξιστάμενα.

2150 4113 2416 4167 Ἐνταῦθα
2440 4111 2496 4165 δέ
2529 4128 2613 4175 τις
2642 4112 2803 4182 καινὴ
2826 4111 2920 4166 καὶ
2944 4112 3244 4183 παράδοξος
3268 4113 3418 4183 μίξις
3447 4114 3563 4168 τῶν
3586 4118 3738 4170 ἐναν-

2135 4203 2267 4258 τίων
2290 4203 2384 4258 xui.
2423 4202 2639 4266 σύνοδος
2670 4202 2956 4273 θεωρεῖται
3004 4204 3133 4274 περὶ
3169 4205 3363 4275 αύτήν.
3411 4204 3570 4275 Ἐγὼ
3602 4209 3734 4275 τὰρ,

2136 4298 2290 4367 φησὶ,
2327 4294 2614 4359 καθεύδω,
2639 4294 2739 4358 καὶ
2768 4295 2806 4362 ἠ
2837 4295 3054 4363 καρδία
3082 4313 3201 4365 μου
3243 4295 3569 4365 ἀγρυπνεῖ,
3601 4301 3734 4351 Τίνα

2133 4382 2228 4442 οὕν
2253 4386 2358 4458 χρὴ
2392 4387 2628 4440 διάνοιαν
2649 4386 2777 4456 περὶ
2807 4385 3011 4438 τούτων
3042 4385 3263 4451 λαϐεῖν;
3308 4387 3527 4452 ’Ὕπνος
3567 4389 3734 4443 θανά-

2133 4496 2228 4532 του
2262 4479 2410 4532 ὲστὶν
2436 4477 2711 4548 ὁμοίωμα.
2733 4477 2936 4531 Λύεται
2958 4477 3066 4546 γὰρ
3098 4479 3158 4531 ὲν
3185 4477 3335 4549 αὕτῷ
3366 4480 3526 4532 πᾶσα
3546 4480 3733 4549 αἰσθη-

2133 4571 2261 4642 τικὴ
2290 4571 2399 4623 τῶν
2440 4571 2709 4640 σωμάτων
2734 4569 3004 4638 ἐνέργεια,
3023 4570 3124 4622 ούκ
3155 4569 3350 4639 ὅψεως,
3395 4571 3503 4624 οὐκ
3538 4573 3734 4643 ἀκοῆς,

450 4670 776 4733 ratio,cum
827 4683 929 4723 nec
967 4668 1142 4732 visus,
1186 4683 1287 4722 nec
1320 4668 1559 4730 auditus,
1601 4682 1702 4723 nec
1743 4667 2027 4734 odoratus,

2145 4666 2234 4718 ›ύκ
2280 4664 2620 4734 ὀσφρήσεως,
2661 4664 2721 4716 οὐ
2775 4661 3038 4731 γεύσεως,
3077 4664 3177 4732 οὐχ
3229 4663 3399 4732 ἁφῆς,
3445 4664 3609 4736 παρά
3644 4665 3735 4718 τὸν

451 4776 552 4815 nec
578 4768 792 4830 gustus,
837 4774 936 4815 nec
968 4767 1169 4821 tactus,
1222 4759 1400 4813 somni
1451 4767 1714 4829 tempore,
1770 4774 1872 4812 suo
1907 4757 2034 4814 fun-

451 4861 614 4922 gatur
643 4866 910 4907 munere:
967 4851 1063 4906 sed
1112 4859 1166 4905 et
1200 4851 1447 4920 corporis
1475 4852 1620 4906 vires
1666 4851 2033 4923 franguntur;

450 4952 708 5013 procreat
748 4944 914 4997 etiam
949 4943 1278 4998 oblivionem
1316 4941 1746 4998 sollicitudinum
1777 4949 1832 4997 et
1870 4957 2035 4995 ettra-

449 5043 573 5084 rum
604 5045 726 5099 quae
755 5038 883 5084 sunt
937 5030 994 5084 in
1044 5031 1286 5097 homine,
1343 5031 1486 5101 sopit
1524 5038 1752 5093 metum,
1802 5037 1857 5085 et
1895 5032 2033 5084 iram

449 5121 608 5186 lenit,
662 5131 716 5178 et
745 5138 937 5178 eorum
979 5124 1074 5193 qui
1126 5132 1256 5179 sunt
1297 5125 1442 5179 acris
1471 5131 1527 5179 et
1571 5124 1810 5179 acerbati
1862 5124 2033 5179 animi

450 5215 678 5270 remittit
721 5215 1144 5280 vehementiam,
1187 5224 1244 5271 et
1284 5215 1455 5271 efﬁcit
1496 5226 1556 5272 ut
1595 5217 1782 5272 nullus
1811 5215 1886 5272 sit
1910 5231 2030 5270 om-

449 5305 604 5361 nium
645 5307 914 5361 malorum
967 5321 1187 5372 sensus,
1241 5309 1483 5378 quandiu
1541 5307 1857 5364 dominatur
1904 5322 2032 5364 cor-

452 5398 593 5467 pori.
649 5397 766 5453 Hoc
815 5413 946 5469 ergo
991 5399 1257 5456 discimus
1291 5415 1389 5472 per
1427 5413 1491 5456 ea
1529 5415 1651 5470 qua:
1696 5400 1844 5455 dicta
1878 5407 2026 5465 sunt,

453 5488 600 5558 quod
631 5487 810 5559 seipsa
835 5490 1011 5546 evasit
1035 5490 1323 5557 excelsior,
1355 5505 1478 5562 quae
1499 5491 1580 5547 sic
1614 5491 1898 5564 magnifice
1922 5492 2012 5562 glo

455 5578 629 5634 tiatur
681 5589 738 5635 et
769 5579 947 5636 dicit:
978 5580 1088 5653 Ego
1132 5582 1358 5651 dormio,
1401 5592 1451 5640 et
1481 5601 1573 5640 cor
1601 5600 1774 5640 meum
1820 5583 2024 5656 vigilat.

566 5762 610 5796 ³³
639 5762 658 5817 l
691 5763 820 5820 Cor.
857 5779 936 5831 xt,
958 5764 1051 5818 27.

2135 4755 2228 4808 τοῦ
2268 4755 2437 4808 ὕπνου
2467 4755 2659 4826 καιρὸν
2682 4754 3013 4825 ἐνεργούσης
3038 4753 3099 4807 τὸ
3131 4755 3260 4807 ῖδιον
3279 4771 3291 4782 ·
3317 4754 3460 4809 ἀλλὰ
3496 4758 3595 4810 καὶ
3621 4757 3736 4809 λύει

2133 4850 2224 4904 τὸν
2256 4850 2410 4902 τόνον
2441 4847 2536 4901 τοῦ
2582 4845 2834 4916 σώματος
2865 4862 2880 4878 ·
2916 4847 3064 4899 ποιεῖ
3106 4843 3163 4898 δὲ
3196 4847 3289 4899 καὶ
3319 4845 3498 4918 λήθην
3529 4848 3644 4900 τῶν
3679 4850 3736 4898 ἐν

2133 4940 2210 5010 τῷ
2262 4938 2534 5009 ἀνθρώπῳ
2587 4937 2906 5009 φροντίδων,
2947 4937 3043 4990 καὶ
3069 4937 3400 5000 κατευνάζει
3424 4938 3522 4991 τὸν
3545 4939 3732 5007 φόϐον,

2133 5033 2228 5087 καὶ
2262 5033 2458 5103 ήμεροῖ
2480 5031 2571 5084 τὸν
2612 5029 2803 5101 θυμὸν,
2834 5031 2928 5084 καὶ
2949 5029 3198 5100 ύποχαλᾷ
3228 5029 3337 5083 τῶν
3367 5032 3733 5103 πικραινόμε-

2135 5142 2241 5179 νων
2265 5125 2356 5178 τὸν
2389 5124 2562 5189 τόνον,
2596 5123 2692 5176 καὶ
2723 5121 2941 5175 πάντων
2969 5121 3081 5175 τῶν
3129 5121 3316 5176 κακῶν
3363 5123 3733 5193 ἀναισθησίαν

2133 5214 2297 5278 ποιεῖ,
2328 5212 2434 5275 ἕως
2454 5211 2522 5265 ἂν
2538 5209 2900 5282 κατακρατῶν
2929 5210 3067 5283 τύχῃ
3089 5210 3183 5264 τοῦ
3217 5211 3499 5283 σώματος.
3521 5212 3736 5267 Οὐκοῦν

2134 5303 2292 5358 τοῦτο
2317 5303 2404 5356 διὰ
2431 5302 2540 5357 τῶν
2560 5303 2866 5373 εἰρημένων
2898 5303 3265 5375 μανθάνομεν,
3297 5307 3381 5360 ὃτι
3415 5305 3732 5376 ὑψηλότερα

2133 5396 2354 5465 γέγονεν
2370 5394 2572 5466 εαυτῆς
2584 5396 2618 5466 ἡ
2641 5394 2811 5448 ταῦτα
2836 5394 3181 5467 μεγαλαυχου
3189 5394 3330 5466 μένη
3345 5396 3445 5450 καὶ
3466 5397 3734 5464 λέγουσα,

2132 5489 2217 5541 ὅτι
2251 5485 2392 5556 Ἐγὼ
2413 5485 2700 5552 καθεύδω,
2725 5485 2829 5542 καὶ
2849 5487 2890 5555 ἠ
2913 5484 3129 5554 καρδία
3147 5503 3266 5556 μου
3287 5487 3612 5556 (inesarci.
3648 5488 3690 5538 Τ
3692 5485 3731 5554 ᾧ

2135 5580 2247 5636 δντι
2302 5579 2412 5652 γὰρ
2458 5578 2543 5649 ἐφ’
2573 5570 2647 5635 ὧν
2683 5577 2843 5649 μόνος
2889 5579 2920 5632 ό
2964 5575 3090 5641 νοῦς
3123 5577 3208 5647 ἐφ’
3243 5577 3441 5632 ἑαυτοῦ
3468 5574 3732 5648 βιοτεύει,
