3854 6216
160 347 272 401 993

1210 334 1274 394 IN
1305 337 1605 395 CANTICA
1639 329 1912 393 CANTIC.
1955 329 2238 391 HOMle
2274 328 2366 386 XI.

3311 327 3422 389 σοι

161 455 339 510 οὐδενὶ
366 452 474 506 τῶν
521 453 888 526 αἰσθητηρίων
922 453 1440 526 παρενοχλούμενος,
1487 453 1562 516 ὼς
1595 452 1747 524 ὕπνῳ

1855 452 2056 508 Revera
2090 454 2236 508 enim
2289 450 2531 521 quandiu
2583 448 2698 504 sola
2751 446 2932 502 anima
2983 447 3038 500 in
3079 460 3138 502 se
3173 445 3326 509 vivit,
3385 461 3418 501 σι

161 549 271 602 τινὶ
302 547 395 601 καὶ
409 547 624 618 κώματι
641 548 918 618 πάρετοςή
939 547 1034 602 τοῦ
1065 547 1316 617 σώματος
1345 547 1547 614 γίνοιτο
1559 543 1740 612 φύσις,

161 643 262 694 καὶ⁵
293 640 508 710 ἀληθῶς
542 639 688 694 ἐστιν
735 630 931 703 εἰπεῖν,
964 640 1044 692 ὅτι
1075 640 1332 709 κοιμᾶται
1373 638 1442 690 δι’
1470 635 1744 708 ἀπραξίας

163 732 199 802 ή
226 733 436 803 ὅρασις,
474 729 889 801 ἀτιμαζομένων
903 731 1011 784 τῶν
1042 730 1329 800 θεαμάτων
1363 729 1607 788 ἐκείνων,
1643 728 1744 779 ὅσα

162 823 266 886 τὰς
293 822 548 884 παιδικὰς
581 821 733 890 ὄψεις
759 821 1081 890 ἐκπλήττειν
1105 821 1311 875 εἴωθεν.
1343 822 1416 874 Oi)
1452 819 1625 874 ταῦτα
1653 819 1742 874 λέ-

162 929 249 980 γω
283 912 419 982 μόνα
447 911 484 964 ἃ
520 911 622 980 τῆς
662 910 897 979 γεώδους
931 911 1062 981 ῦλης
1097 913 1264 974 ἐστὶν,
1296 905 1407 964 οἷον
1439 911 1660 982 χρυσίον
1683 927 1744 962 τε

164 1006 263 1057 καὶ
299 1004 585 1074 ἀργύριον,
617 1005 712 1058 καὶ
749 1004 859 1056 τῶν
903 1004 1067 1058 λίθων
1112 1006 1297 1057 ἐκεῖνα
1338 1005 1439 1056 ὅσα
1471 1003 1560 1056 διά
1601 1010 1744 1066 τινος

165 1097 421 1168 εύχροίας
449 1099 587 1149 κινεῖ
606 1098 718 1158 τοῖς
744 1094 1040 1165 ὀφθαλμοῖς
1068 1095 1166 1166 τήν
1187 1094 1447 1164 λιχνείαν,
1487 1093 1624 1147 ἁλλά
1651 1095 1746 1147 καὶ

164 1186 236 1240 τὰ
269 1186 400 1254 περὶ
425 1187 515 1240 τὸν
544 1187 772 1257 ούρανδν
819 1186 1118 1256 φαινόμενα
1168 1185 1441 1256 θαύματα,
1461 1181 1598 1238 αἵτε
1636 1186 1744 1238 τῶν

165 1279 418 1350 ἀστέρων
443 1279 629 1347 αὐγαὶ,
663 1277 866 1331 καὶτοῦ
887 1277 1038 1345 ἡλίου
1069 1279 1097 1330 ὁ
1126 1276 1344 1340 κύκλος,
1374 1276 1470 1329 καὶ
1495 1277 1555 1328 τὸ
1585 1275 1746 1329 πολύ-

169 1387 379 1442 μορφον
416 1373 515 1441 τῆς
542 1371 769 1439 σελήνης
807 1365 965 1432 εἶδος,
995 1369 1091 1421 καὶ
1121 1368 1172 1421 ετ
1189 1383 1242 1419 τι
1265 1367 1392 1420 ἄλλο
1411 1370 1523 1430 τοῖς
1549 1366 1748 1435 ὀφθαλ-

170 1466 296 1534 μοῖς
333 1463 526 1533 ήδονήν
553 1462 730 1533 φέρει,
756 1461 845 1514 διὰ
879 1461 940 1512 τὸ
967 1460 1132 1530 μηδὲν
1161 1462 1240 1522 εἰς
1263 1460 1348 1512 ἀεὶ
1377 1459 1580 1530 μένειν,
1613 1459 1748 1512 ἀλλά

168 1551 692 1622 συμμετακινεῖσθαι
723 1553 791 1620 τῇ
826 1549 1044 1620 παρόδῳ
1062 1548 1156 1600 τοῦ
1173 1548 1384 1618 χρόνου,
1413 1549 1506 1601 καὶ
1540 1565 1750 1618 συμπε-

169 1640 478 1713 ριάγεσθαι.
508 1642 732 1696 Πάντων
764 1639 873 1692 τῶν
908 1637 1164 1692 τοιούτων
1202 1638 1636 1710 ὑπεροφθέντων,
1661 1639 1749 1692 διὰ

164 1735 270 1806 τὴν
299 1733 410 1788 τῶν
437 1734 702 1804 ἀληθινῶν
732 1731 950 1800 ἀγαθῶν
999 1731 1251 1802 θεωρίαν,
1282 1731 1513 1801 πάρετός
1547 1731 1694 1784 ἐστιν
1721 1731 1749 1784 ὁ

1842 545 2096 600 sensibus
2145 543 2368 596 minime
2407 541 2748 611 perturbata,
2781 548 3042 609 tanquam
3084 537 3188 592 sub
3221 551 3416 591 somno

1841 645 1896 693 et
1926 651 2123 706 scpore
2145 635 2381 706 quodam
2421 641 2639 689 tenetur
2665 641 2859 687 natura
2893 630 3162 702 corporis,
3205 637 3266 684 et
3291 643 3420 683 vere

1843 728 1952 782 dici
1989 736 2186 798 potest,
2217 726 2363 797 quod
2399 726 2634 780 dormiat
2661 726 2814 780 visus
2840 739 2936 794 per
2962 721 3326 777 cessationem
3350 719 3421 776 ab

1843 837 2029 891 opere,
2086 819 2421 888 contemptui
2470 817 2672 872 habitis
2727 816 2838 870 illis
2897 813 3248 884 spectaculis,
3297 825 3421 880 quae

1844 924 2140 980 puerorum
2181 908 2358 963 oculis
2393 907 2568 963 solent
2600 905 2792 960 all'erre
2818 913 3119 974 stuporem.
3172 901 3292 956 Non
3332 916 3416 964 ea,

1846 1003 2092 1072 inquam,
2128 1001 2242 1056 sola
2270 1015 2390 1069 quze
2416 1009 2542 1055 sunt
2568 1008 2773 1052 natura:
2797 998 3096 1057 terrestris,
3129 1005 3187 1049 ut
3223 1008 3420 1048 aurum

1845 1101 1898 1148 et
1929 1102 2234 1163 argentum,
2259 1099 2312 1146 et
2345 1107 2570 1161 gemma:
2597 1106 2717 1158 qua:
2758 1088 2987 1158 pulchro
3025 1089 3210 1156 aliquo
3238 1085 3422 1139 colore

1845 1183 2129 1238 oculorum
2165 1192 2384 1235 movent
2412 1181 2749 1241 aviditatem,
2787 1178 2883 1233 sed
2936 1189 2986 1233 et
3032 1177 3293 1232 miracula
3327 1175 3420 1230 illa

1845 1291 1968 1347 quae
2000 1284 2286 1330 moventur
2322 1275 2374 1328 in
2409 1274 2570 1332 caelo,
2605 1281 2658 1325 et
2685 1272 2964 1326 stellarum
2995 1269 3335 1339 splendores,
3369 1275 3424 1322 ct

1846 1370 1997 1425 orbis
2041 1369 2194 1428 solis,
2237 1365 2629 1433 multiplexque
2669 1372 2723 1416 et
2771 1361 2920 1412 varia
2963 1361 3105 1413 luna:
3139 1359 3334 1418 forma,
3369 1366 3424 1414 et

1847 1463 1894 1516 si
1945 1460 2074 1531 quid
2123 1459 2269 1512 aliud
2309 1456 2466 1512 aliert
2511 1456 2840 1524 voluptatem
2879 1453 3077 1514 oculis,
3134 1460 3423 1521 propterea

1849 1553 1996 1624 quod
2039 1552 2180 1607 nihil
2218 1557 2484 1620 perpetuo
2513 1554 2750 1611 maneat,
2802 1544 2898 1600 sed
2933 1544 3094 1599 simul
3143 1548 3426 1596 moveatur

1847 1656 1904 1701 et
1930 1646 2334 1712 circumagatur
2359 1657 2482 1694 cum
2507 1639 2746 1693 motione
2769 1649 2824 1691 et
2856 1651 3110 1691 mensura
3135 1634 3421 1704 temporis.

1851 1736 1948 1792 His
1989 1735 2244 1791 omnibus
2284 1730 2559 1802 despectis
2605 1734 2824 1799 propter
2859 1743 3113 1782 verorum
3157 1727 3424 1781 bonorum

165 1825 264 1879 τοῦ
293 1825 543 1895 σώματος
570 1824 866 1894 ὀφθαλμὸς,
903 1823 1041 1894 πρὸς
1095 1823 1246 1877 οὐδὲν
1273 1825 1382 1877 τῶν
1414 1823 1543 1894 παρ’
1582 1822 1744 1876 αὑτοῦ

1855 1825 2390 1895 contemplationem,
2420 1823 2634 1877 otiosus
2665 1829 2750 1876 est
2775 1820 2970 1875 oculus
2995 1818 3264 1887 corporis,
3299 1832 3426 1871 cum

169 1915 642 1985 ὑποδεικνυμένων
687 1915 786 1984 τῆς
814 1912 1162 1982 τελειοτέρας
1203 1913 1380 1983 ψυχῆς
1413 1913 1748 1982 καθελκομέ-

167 2023 290 2078 νης,
325 2007 414 2061 διά
439 2007 500 2060 τὸ
541 2007 678 2078 μόνα
724 2007 942 2076 βλέπειν
966 2008 1032 2077 τῇ
1060 2005 1269 2076 διανοίᾳ
1303 2005 1371 2059 τὰ
1398 2005 1509 2059 τῶν
1539 2005 1746 2076 ὁρατῶν

168 2095 563 2166 ὑπερκείμενα.
595 2093 750 2150 Οὕτω
769 2096 861 2149 καὶ
890 2097 923 2166 ή
945 2095 1082 2166 ἀκοή
1105 2097 1275 2167 νεκρά
1302 2113 1388 2160 τις
1413 2096 1507 2150 καὶ
1532 2095 1749 2166 ἀνενέρ-

169 2202 340 2256 γητος
365 2186 595 2254 γίνεται,
634 2187 772 2258 πρὸς
797 2187 866 2240 τά
894 2188 1035 2259 ὑπὲρ
1065 2187 1222 2256 λόγον
1245 2189 1345 2258 τῆς
1381 2188 1560 2258 ψυχῆς
1586 2187 1748 2258 ἀσχο-

169 2275 460 2348 λουμένης.

243 2457 325 2511 Ti
359 2457 416 2509 δὲ
447 2457 856 2528 κτηνωδέστερα
884 2459 991 2512 τῶν
1035 2459 1338 2531 αἰσθήσεων
1361 2499 1376 2522 ,
1423 2458 1544 2512 οὔτε
1573 2459 1752 2528 λέγειν

169 2552 347 2618 ἄξιον,
379 2552 461 2604 ὅτι
497 2552 776 2622 πόρρωθεν
819 2553 1067 2623 καθάπερ
1095 2571 1180 2617 τις
1211 2553 1487 2626 νεκρώδης⁹
1519 2554 1750 2607 δυσωδία

170 2643 273 2712 τῆς
312 2642 491 2712 ψυχῆς
549 2644 946 2715 ἀποῤῥίπτεται
974 2684 988 2708 ,
1038 2645 1072 2715 ἦ
1121 2661 1182 2697 τε
1230 2644 1605 2716 ρηνηλατοῦσα
1650 2646 1750 2709 τὰς

169 2733 350 2803 ὁσμάς
417 2733 726 2805 ὄσφρησις,
779 2736 873 2788 καὶ
915 2737 948 2806 ἡ
994 2737 1060 2806 τῇ
1112 2735 1337 2807 λατρεία
1398 2736 1500 2805 τῆς
1546 2736 1752 2798 κοιλίας

173 2824 604 2897 προσκαθημένη
636 2824 844 2894 γεῦσις,
888 2827 983 2880 καὶ
1025 2828 1059 2896 ἡ
1106 2826 1216 2897 ἁφὴ
1265 2826 1400 2899 πρὸς
1427 2827 1655 2891 τούτοις,
1692 2829 1752 2881 τὸ

172 2916 584 2986 ἀνδραποδῶδες
627 2919 724 2970 καὶ
774 2917 973 2986 τυφλὸν
1022 2917 1394 2989 αἰσθητήριον,
1439 2920 1468 2972 ὃ
1497 2920 1635 2990 τάχα
1665 2920 1753 2973 διὰ

169 3009 300 3071 τοὺς
334 3007 568 3076 τυφλοὺς
613 3008 774 3079 μόνον
812 3012 846 3080 ἡ
879 3009 1040 3078 φύσις
1079 3010 1351 3081 ἐποίησεν.
1405 3005 1504 3064 Ὧν
1537 3011 1752 3064 πάντων

172 3097 366 3170 ὥσπερ
390 3102 448 3152 ἐν
472 3099 623 3171 ὕπνῳ
647 3101 752 3154 τινὶ
779 3101 846 3155 δι’
873 3101 1145 3172 ἀπραξίαν
1178 3103 1620 3174 κεκρατημένων.
1651 3121 1751 3156 κα·
1785 3161 1788 3174 τ

177 3189 319 3258 θαρά
335 3166 445 3262 τῆς
469 3166 691 3262 καρδίας
721 3193 868 3245 ἐστὶν
892 3194 925 3264 ἡ
957 3166 1231 3264 ἐνέργεια,
1261 3166 1354 3247 καὶ
1389 3166 1523 3265 πρὸς
1551 3194 1613 3246 τὸ
1642 3194 1754 3247 ἄνω
1779 3166 1825 3224 C

177 3281 367 3353 βλέπει
394 3284 423 3334 ὁ
449 3282 725 3354 λογισμὸς,
753 3284 1120 3355 άπεριήχητος
1148 3285 1324 3355 μένων
1354 3289 1419 3340 ἐκ
1446 3286 1544 3356 τῆς
1567 3285 1756 3356 αἰσθη-

175 3375 334 3444 τικῆς
371 3376 634 3445 κινήσεως
673 3376 768 3428 καὶ
797 3374 1084 3440 ἀθόλωτος.
1115 3379 1318 3448 Διπλῆς
1359 3381 1468 3450 γὰρ
1503 3379 1669 3450 οὔσης
1698 3383 1756 3434 ἐν

174 3469 242 3538 τῇ
276 3466 595 3540 ἀνθρωπίνῃ
624 3467 783 3536 φύσει
829 3468 930 3538 τῆς
975 3469 1202 3541 ἡδονῆς·
1248 3471 1348 3542 τῆς
1395 3473 1492 3542 μὲν
1526 3475 1582 3526 ἐν
1608 3473 1752 3546 ψυχῇ

175 3559 242 3612 δι’
271 3559 544 3623 ἀπαθείας
577 3561 995 3631 ἐνεργουμένης,
1015 3563 1113 3632 τῆς
1141 3562 1198 3616 δὲ
1217 3563 1303 3616 διὰ
1336 3563 1540 3628 πάθους
1567 3567 1623 3618 ἐν
1648 3566 1754 3619 σῶ-

182 3667 337 3721 ματι,
369 3651 549 3721 ἥνπερ
576 3651 642 3705 ἂν
686 3651 746 3717 ἐξ
785 3654 1168 3726 ἀμφοτέρωνή
1201 3657 1518 3727 προαίρεσις
1548 3659 1754 3730 ἕληται,

175 3740 316 3812 αὕτη
345 3741 486 3796 κατὰ
506 3743 604 3813 τῆς
630 3744 820 3816 ἐτέρας
845 3744 908 3797 τὸ
931 3745 1130 3814 κράτος
1153 3743 1285 3816 ἔχει.
1328 3747 1414 3812 Ὡς
1439 3748 1492 3800 εῖ
1515 3766 1596 3812 τις
1620 3749 1756 3821 πρὸς

175 3829 275 3900 τὴν
317 3829 572 3900 αἴσθησιν
608 3831 815 3901 βλέποι,
845 3834 945 3903 τήν
985 3833 1054 3886 δι’
1081 3835 1252 3905 αὐτῆς
1295 3837 1645 3908 ἐμφυομένην
1678 3838 1756 3908 τῷ

175 3917 394 3990 σώματι
421 3919 612 3991 ἡδονήν
637 3921 1017 3993 ἐφελκόμενος,
1053 3923 1317 3992 ἄγευστος
1344 3927 1443 3997 τῆς
1481 3929 1628 3992 θείας
1661 3930 1754 3982 εύ-

173 4011 456 4083 φροσύνης
487 4012 850 4079 διαϐιώσεται,
897 4011 1029 4068 διότι
1058 4017 1270 4086 πέφυκὲ
1301 4037 1416 4083 πως
1451 4023 1754 4074 ἐπισκοτεῖ-

175 4100 305 4153 σθαι
334 4101 395 4154 τὸ
421 4105 665 4172 κρεῖττον
690 4105 795 4158 ὑπὸ
815 4105 908 4158 τοῦ
928 4107 1189 4177 χείρονος.
1221 4102 1316 4173 Οἷς
1336 4109 1379 4162 δ’
1403 4109 1469 4163 ἂν
1492 4110 1757 4180 ἐπιθυμία

171 4190 275 4260 τὴν
306 4191 446 4262 πρὸς
470 4191 531 4244 τὸ
545 4191 701 4246 Θεῖον
729 4193 842 4264 ἔχει
874 4195 1064 4266 ῥοπὴν,
1092 4195 1302 4260 τούτοις
1332 4200 1756 4269 ἀνεπισκότητον

176 4282 332 4353 μένει
375 4282 436 4336 τὸ
465 4283 688 4352 ἀγαθὸν,
724 4287 818 4339 καὶ
863 4289 1094 4355 φευκτὸν
1137 4288 1281 4343 ἆπαν
1313 4291 1590 4361 νομίζεται
1617 4289 1755 4346 εἶναι

171 4373 238 4427 τὸ
265 4375 672 4445 καταγοητεῦω
717 4378 818 4447 τήν
850 4379 1119 4448 αἴσθησιν.
1174 4383 1275 4435 Διά
1316 4382 1472 4436 τοῦτο
1509 4385 1542 4450 ή
1586 4384 1753 4456 ψυχή,

1849 1919 1914 1972 ad
1945 1917 2082 1972 nihil
2107 1931 2297 1972 eorum
2327 1931 2447 1986 quae
2485 1916 2554 1970 ab
2591 1916 2712 1985 ipso
2747 1912 3111 1969 ostenduntur
3159 1909 3428 1981 perfectio

1847 2006 2154 2060 attrahatur
2205 2006 2422 2072 animat,
2481 2013 2764 2076 propterea
2818 2003 2962 2073 quod
2997 2001 3329 2072 cogitatione
3361 2013 3428 2055 ea

1848 2100 1964 2155 sola
1991 2099 2223 2168 aspiciat
2253 2113 2376 2168 quae
2415 2105 2542 2152 sunt
2573 2095 2859 2166 superiora
2904 2094 2974 2149 iis
3005 2108 3127 2163 qua:
3153 2092 3425 2146 videntur.

1847 2191 1926 2244 Ita
1963 2190 2126 2244 etiam
2151 2198 2398 2244 mortuus
2426 2197 2509 2243 est
2545 2187 2764 2241 auditus
2799 2197 2852 2241 et
2881 2200 3106 2240 Cessans
3139 2184 3206 2237 ab
3230 2197 3426 2251 opera-

1848 2280 2018 2345 tione,
2057 2295 2181 2334 cum
2221 2281 2275 2334 in
2315 2281 2384 2336 iis
2421 2294 2544 2349 qua:
2581 2287 2710 2334 sunt
2744 2291 2909 2347 supra
2948 2275 3218 2330 rationem
3258 2288 3422 2328 oecu~

1849 2379 2009 2442 petur
2039 2372 2241 2428 anima.

1919 2460 1996 2515 De
2022 2465 2272 2518 sensibus
2303 2472 2482 2517 autem
2513 2464 2686 2533 magis
2718 2464 2971 2519 belluims
3003 2477 3110 2516 non
3161 2461 3428 2517 convenit

1851 2551 2055 2621 aliquid
2093 2554 2308 2620 dicere,
2353 2555 2497 2624 quod
2557 2555 2768 2609 scilicet
2819 2564 3082 2625 tanquam
3142 2555 3424 2609 morticini

1851 2643 2124 2712 quispiam
2165 2644 2303 2699 l'etor
2327 2645 2396 2699 ab
2431 2645 2612 2699 anima
2649 2646 2724 2700 sit
2753 2646 3024 2714 abjectus,
3079 2653 3134 2700 et
3199 2647 3427 2702 naribus

1852 2733 2050 2788 odores
2079 2743 2306 2803 captans
2337 2735 2634 2798 odoratus,
2665 2743 2720 2790 et
2747 2737 2954 2792 ventris
3003 2738 3229 2792 servitio
3285 2739 3429 2792 assi-

1852 2823 1988 2878 dens
2021 2834 2236 2894 gustus,
2261 2834 2317 2882 et
2349 2834 2610 2896 praeterea
2640 2836 2835 2891 tactus,
2871 2829 2963 2897 qui
3006 2831 3204 2884 servile
3233 2840 3286 2884 et
3318 2845 3423 2884 cae-

1853 2930 1977 2968 cum
2005 2924 2088 2970 est
2147 2916 2416 2971 sentiendi
2481 2918 2928 2981 instrumentum,
2990 2919 3139 2989 quod
3202 2920 3426 2989 quidem

1854 3005 1994 3060 forte
2023 3015 2243 3077 propter
2275 3023 2449 3063 caecos
2481 3009 2610 3064 fecit
2650 3020 2864 3080 natura.
2924 3010 3056 3077 Quae
3085 3013 3270 3067 omnia
3301 3028 3428 3068 cum

1855 3106 2078 3170 propter
2105 3101 2465 3155 cessationem
2505 3103 2574 3156 ab
2608 3118 2792 3172 opere,
2820 3110 3079 3172 tanquam
3109 3119 3306 3160 somno
3337 3105 3434 3159 ali-

1857 3202 1966 3258 quo
2002 3186 2112 3240 sint
2140 3189 2280 3241 victa
2307 3196 2360 3242 et
2388 3205 2676 3258 Oppressa,
2727 3207 2861 3262 pura
2909 3200 2993 3248 est
3019 3194 3202 3249 cordis
3235 3209 3430 3263 opera-

1856 3279 1954 3346 tio,
1985 3286 2038 3331 et
2066 3293 2283 3333 rursum
2317 3281 2514 3350 aspicit
2553 3282 2834 3350 cogitatio,
2867 3291 2927 3338 ut
2977 3301 3098 3356 qua:
3142 3302 3172 3340 a
3231 3303 3435 3343 sensrs

1857 3371 2098 3422 motione
2129 3370 2199 3423 sit
2229 3369 2396 3424 libera
2426 3378 2480 3424 et
2509 3372 2732 3429 minime
2773 3377 3108 3444 perturbata.
3137 3378 3270 3432 Nam
3301 3395 3427 3434 cum

1858 3458 1912 3512 in
1947 3459 2225 3515 hominum
2250 3472 2446 3516 natura
2468 3463 2666 3533 duplex
2700 3466 2774 3520 sit
2806 3468 3072 3536 voluptas,
3105 3471 3276 3525 altera
3307 3472 3434 3541 qui-

1857 3550 1981 3604 dem
2007 3568 2130 3622 qua:
2161 3561 2449 3609 exercetur
2479 3557 2533 3609 in
2570 3557 2749 3612 anima
2787 3575 2882 3629 per
2933 3561 3431 3632 impatibilitatem,

1856 3641 2030 3697 altera
2064 3658 2196 3698 vero
2225 3660 2320 3712 per
2360 3648 2824 3714 perturbationem
2857 3651 3025 3706 animi
3059 3655 3113 3706 in
3175 3669 3428 3724 corpore,

1855 3747 2021 3800 quam
2051 3748 2116 3787 ex
2144 3734 2407 3790 ambabus
2437 3737 2666 3792 liberant
2721 3741 2946 3811 elegerit
3004 3743 3312 3809 arbitrium,
3365 3761 3432 3802 ea

1857 3823 2166 3878 dominatur
2195 3825 2248 3879 in
2273 3828 2522 3882 alteram.
2553 3827 2655 3895 Qui
2689 3833 2833 3886 enim
2865 3832 3061 3903 aspicit
3087 3835 3153 3888 ad
3181 3852 3433 3902 sensum,

1855 3915 1948 3984 qui
1983 3931 2079 3984 per
2107 3931 2165 3972 se
2195 3917 2417 3973 innatus
2453 3928 2538 3974 est
2579 3924 2828 3992 corpori,
2857 3923 2904 3979 is
2955 3933 3164 3982 tractus
3203 3943 3234 3981 a
3270 3930 3433 3984 volu-

1855 4016 2020 4078 ptate,
2047 4008 2214 4063 vitam
2241 4012 2497 4066 transibit
2529 4029 2725 4084 expers
2757 4028 2950 4086 gustus
2977 4018 3174 4076 divina:
3205 4023 3428 4086 laetitiae,

1855 4109 2144 4172 propterea
2178 4102 2322 4172 quod
2348 4105 2487 4159 solet
2523 4105 2852 4177 plerumque
2879 4112 3022 4179 quod
3078 4117 3434 4182 praestantius

1857 4200 1968 4255 est,
2005 4207 2035 4246 a
2085 4193 2344 4248 deteriori
2403 4197 2708 4252 obscurari.
2752 4199 2962 4266 Quibus
2998 4215 3177 4259 autem
3214 4207 3429 4262 deside-

1856 4285 1998 4338 rium
2025 4285 2090 4338 ad
2125 4285 2292 4340 Deum
2320 4295 2406 4342 est
2448 4304 2800 4360 propensum,
2841 4296 2907 4350 iis
2965 4312 3074 4351 non
3125 4299 3432 4355 involutum

1857 4375 2099 4431 tenebris
2131 4387 2311 4433 manet
2335 4378 2562 4444 bonum,
2591 4390 2645 4437 et
2675 4395 2930 4439 Censetur
2959 4403 3082 4443 esse
3113 4388 3433 4458 fugiendum

170 4465 304 4518 ὅταν
355 4465 494 4537 μόνῃ
537 4469 602 4537 τῇ
640 4466 846 4540 θεωρίᾳ
887 4469 980 4522 τοῦ
1024 4469 1173 4534 ὄντος
1199 4473 1576 4544 εὐφραίνηται,
1618 4477 1750 4548 πρὸς

1857 4465 2124 4535 quidquid
2145 4469 2313 4524 veluti
2339 4471 2668 4540 quibusdam
2705 4477 2930 4544 magicis
2973 4483 3306 4539 carminibus
3336 4484 3436 4538 de-

170 4557 330 4610 ούδέν
382 4558 652 4629 ἐγρήγορε
685 4560 795 4612 τῶν
839 4562 1242 4632 ἐνεργουμένων
1293 4564 1415 4618 καθ’
1457 4567 1649 4639 ἡδονὴν
1685 4569 1752 4622 δι’

172 4649 520 4718 αἰσθήσεως·
568 4649 706 4702 ἀλλὰ
737 4651 914 4704 πᾶσαν
946 4654 1262 4726 σωματικὴν
1289 4659 1753 4729 -κατακοιμήσασα

171 4741 415 4810 κίνησιν,
449 4743 630 4812 γυμνῇ
664 4759 722 4794 τε
756 4742 852 4795 καὶ
903 4744 1118 4817 καθαρᾷ
1158 4749 1224 4816 τῇ
1269 4746 1476 4820 διανοίᾳ
1519 4749 1607 4803 διὰ
1654 4752 1753 4822 τῆς

171 4832 329 4895 θείας
358 4833 744 4902 ἐγρηγόρσεως
786 4834 1000 4905 δέχεται
1029 4836 1122 4890 τοῦ
1151 4838 1284 4892 Θεοῦ
1309 4838 1407 4910 τὴν
1433 4841 1753 4910 ἐμφάνειαν.

170 4918 285 4986 Ἧς
310 4923 408 4976 καὶ
438 4925 598 4993 ἡμεῖς
622 4922 984 4996 ἀξιωθείημεν
1010 4926 1100 4980 διὰ
1126 4927 1218 4981 τοῦ
1264 4929 1552 5001 εἰρημένου
1586 4931 1758 4987 ὕπνου

171 5015 571 5088 κατορθοῦντες
637 5017 737 5084 τῆς
817 5017 995 5089 ψυχῆς
1065 5019 1163 5091 τὴν
1230 5023 1580 5094 ἐγρήγορσιν.
1668 5025 1758 5077 Ἐν

171 5105 398 5176 Χριστῷ
444 5105 640 5176 Ἰησοῦ,
679 5099 724 5174 ᾧ
753 5107 785 5177 ή
819 5107 944 5171 δόξα
977 5108 1056 5172 είς
1084 5111 1208 5172 τοὺς
1249 5110 1450 5176 αἰῶνας
1491 5112 1600 5166 τῶν
1628 5111 1756 5166 αἰώ-

170 5212 302 5250 νων.
322 5193 514 5266 Ἀμήν.

774 5375 1020 5430 ΟΜΙΛΙΑ
1057 5378 1159 5431 IA'.

248 5461 420 5529 Φωνὴ
469 5462 794 5533 ἀδελφιδοῦ
838 5486 960 5536 μου
1012 5472 1213 5539 κρούει
1250 5471 1350 5525 ἐπὶ
1392 5473 1506 5542 τὴν
1548 5476 1754 5543 θύραν.

178 5553 464 5617 Ἀνοιξόν
477 5571 600 5623 μοι,
620 5557 658 5622 ἡ
675 5557 906 5628 ἀδελφή
927 5578 1070 5628 μου,
1094 5562 1132 5628 ἡ
1149 5563 1416 5630 πλησίον
1435 5583 1575 5633 μου,
1595 5584 1756 5636 περι-

172 5643 362 5710 στερά
381 5661 524 5710 μου,
561 5649 760 5702 τελεία
789 5668 932 5718 μουο
966 5651 1056 5705 ὅτι
1087 5654 1126 5721 ἡ
1163 5653 1394 5722 κεφαλή
1418 5673 1538 5724 μου
1572 5657 1730 5723 ἐπλή

172 5736 298 5804 σίδη
324 5731 570 5804 δρόσου,
605 5739 702 5792 καὶ
735 5744 789 5794 οἱ
812 5741 1150 5812 βόστρυχοι
1182 5761 1302 5814 μου
1344 5746 1624 5814 ψεκάδων
1650 5767 1754 5809 νυ-

1859 4556 1981 4610 linit
2011 4573 2074 4611 ac
2097 4558 2298 4628 decipit
2341 4577 2586 4618 sensum.
2643 4563 2935 4635 Propterea
2973 4571 3153 4626 anima
3212 4577 3436 4645 quando

1859 4648 2164 4705 delectatur
2197 4652 2315 4707 sola
2360 4654 2480 4724 ejus
2539 4657 2683 4725 quod
2716 4669 2802 4713 est
2847 4665 3328 4733 contemplatione,
3363 4685 3437 4724 ao

1859 4741 1996 4795 nihil
2028 4743 2228 4798 dicitur
2283 4745 2511 4815 vigilare
2542 4763 2731 4802 eorum
2795 4767 2916 4820 qua:
2973 4754 3039 4808 ad
3098 4758 3438 4827 voluptatem

1860 4831 1998 4888 ﬁunt
2029 4849 2128 4903 per
2149 4849 2396 4900 sensum,
2439 4839 2532 4893 sed
2565 4841 2711 4894 omni
2743 4857 2908 4897 sensu
2947 4850 3218 4916 corporali
3247 4861 3435 4918 exuta,

1857 4922 2004 4977 nuda
2032 4930 2086 4978 et
2118 4939 2252 4994 pura
2289 4935 2470 4982 mente
2497 4943 2596 4997 per
2635 4930 2873 4986 divinant
2907 4936 3144 5004 vigiliam
3181 4939 3273 4994 Dei
3307 4958 3436 4999 sus-

1863 5013 1997 5082 cipit
2043 5016 2462 5084 apparitionem.
2520 5019 2693 5084 Quam
2729 5039 2828 5078 nos
2857 5041 3073 5096 quoque
3105 5029 3256 5100 digni
3301 5048 3436 5088 cen-

1859 5120 2079 5160 seamur
2144 5109 2366 5176 assequi
2429 5124 2528 5179 per
2581 5126 2832 5167 somnum
2903 5118 3223 5186 praedictum
3289 5133 3443 5180 recte

1856 5204 2081 5282 agentes
2111 5198 2307 5252 anima:
2339 5198 2604 5268 vigiliam.
2629 5201 2687 5256 In
2715 5203 2934 5262 Christo
2959 5207 3112 5274 Jcsu,
3139 5213 3226 5266 cui
3261 5214 3439 5284 gloria

1858 5288 1916 5343 in
1939 5289 2139 5344 saecula
2169 5289 2514 5345 saeculorum.
2551 5293 2746 5350 Amen.

2437 5381 2725 5440 HOMILIA
2773 5387 2860 5443 XI.

1929 5468 2063 5527 Car.
2093 5488 2145 5536 ν,
2174 5489 2230 5526 ν.
2270 5472 2324 5527 2.
2359 5473 2470 5529 Vos
2502 5480 2761 5545 patruelis
2791 5483 2892 5535 mei
2922 5484 3100 5552 pulsat
3120 5486 3191 5540 ad
3217 5491 3436 5546 ostium.

1859 5563 2019 5632 Aperi
2063 5564 2224 5629 mihi,
2282 5583 2434 5622 soror
2478 5585 2612 5631 mea,
2661 5575 2957 5642 propinqua
3005 5593 3141 5645 mea,
3192 5580 3438 5636 columba

1864 5671 2002 5722 mea,
2029 5655 2258 5727 perfecta
2281 5676 2395 5714 mea
2421 5677 2439 5714 :
2469 5666 2716 5732 quoniam
2747 5679 2902 5737 caput
2919 5685 3088 5724 meum
3116 5673 3326 5742 plenum
3357 5685 3438 5728 est

1864 5769 2002 5821 rora,
2041 5762 2092 5809 et
2121 5755 2351 5812 cincinni
2383 5760 2486 5840 uici
2531 5764 2692 5832 guttis
2725 5767 2914 5820 noctis.
2945 5766 2996 5822 '5.
3035 5765 3174 5822 Exui
3203 5772 3435 5824 tunicam
