3854 6216
437 325 542 385 κε
1645 309 1704 363 s.
1746 299 2074 360 onsconn
2110 301 2402 363 nvssem
3613 293 3714 348 99‘

439 454 632 501 nteant,
683 434 943 507 quantorlo
993 429 1212 486 induam
1265 427 1430 481 eam?
1482 421 1610 475 Lavi
1659 418 1814 489 pedes
1859 429 2022 474 meos,

2155 414 2291 479 ιτός.
2343 410 2762 479 Ἐξεδυσάμην
2804 409 2910 464 τὸν
2941 406 3161 477 χιτῶνά
3178 423 3326 476 μου,
3374 401 3503 468 πῶς
3533 402 3713 456 ἐνδύ-

437 493 708 589 (ηιοηιοάο
747 525 1035 597 inquinabo
1078 523 1215 577 eos?
1247 519 1302 572 4.
1361 514 1634 570 Patrnelis
1689 526 1834 564 meus
1881 507 2025 562 misit

2155 519 2312 573 rapat
2360 505 2578 567 αὑτόν;
2642 502 2972 572 Ἐνιψάμην
3011 500 3152 564 τοὺς
3183 496 3372 561 πόδας
3405 512 3556 565 μου,
3592 493 3716 559 πῶς

439 631 655 676 manum
697 634 848 671 suam
867 632 965 690 per
987 614 1249 683 foramen,
1313 618 1363 662 et
1401 617 1577 660 center
1613 617 1758 655 meus
1791 614 2025 653 commo-

2155 594 2370 650 ιολυνῶ
2393 597 2655 662 adrade;
2691 593 3038 664 Ἀδελφιδός
3052 609 3171 662 μου
3197 589 3521 645 ἀπέστειλε
3548 587 3718 657 χεῖρα

445 727 528 769 tus
578 721 659 767 est
687 712 742 764 in
770 712 966 779 ipsum.

511 887 629 944 Hoc
651 901 870 958 quoque
898 893 983 940 est
1021 898 1190 938 unum
1217 898 1285 937 ex
1313 892 1530 948 magnis
1575 871 1793 928 Domini
1825 883 2028 940 praece-

441 983 574 1055 ptis.
639 998 736 1054 per
788 996 911 1050 qua:
985 990 1142 1031 mens
1203 971 1597 1042 discipulorum
1651 963 1840 1024 Verbi,
1902 968 2027 1014 tan-

446 1090 614 1146 quam
646 1072 878 1144 quod-am
909 1070 1135 1142 pulvere
1164 1082 1194 1121 a
1227 1081 1286 1121 se
1315 1075 1552 1119 excusso
1585 1059 1848 1113 universo
1876 1051 2026 1124 quod

441 1169 498 1222 in
529 1175 727 1222 natura
760 1162 1036 1235 particeps
1062 1166 1160 1216 est
1210 1156 1472 1219 materiae,
1533 1151 1601 1205 ad
1661 1159 2028 1219 supernorum

442 1261 719 1318 attollitur
756 1256 1115 1313 desiderium.
1138 1249 1254 1307 Hoc
1285 1259 1469 1304 autem
1503 1255 1588 1302 est
1619 1252 1874 1314 oportere
1900 1253 2027 1295 esse

442 1371 642 1414 somno
675 1356 1010 1426 potentiores
1034 1363 1130 1405 eos
1176 1347 1269 1418 qui
1301 1345 1368 1400 ad
1398 1345 1565 1400 vitam
1612 1339 1888 1410 aspiciunt
1936 1350 2032 1389 su-

442 1461 692 1519 pernam,
725 1453 780 1501 et
808 1451 988 1499 mente
1022 1449 1288 1512 perpetuo
1331 1436 1579 1506 vigilare,
1612 1431 1781 1488 veluti
1832 1442 2032 1499 quam-

447 1541 576 1593 dam
615 1537 925 1592 animarum
957 1533 1327 1603 deceptricem
1354 1537 1409 1584 et
1435 1526 1683 1583 veritatis
1726 1519 2032 1578 insidiatri-

443 1646 566 1687 cem
597 1629 934 1700 expellentcs
983 1642 1049 1681 ex
1118 1626 1295 1680 oculis
1339 1620 1810 1676 dormitation‘enr.
1871 1614 2028 1668 Illum

448 1725 574 1780 dico
604 1737 858 1779 somnum
891 1729 944 1776 et
966 1719 1439 1776 dormitationem,
1473 1729 1569 1784 per
1593 1726 1716 1782 qua:
1749 1709 1818 1764 iis
1850 1708 1944 1779 qui
1973 1707 2028 1760 in

2128 689 2316 743 αὐτοῦ
2344 689 2463 744 ἀπὸ
2498 689 2676 756 ὀπῆς,
2717 689 2817 743 καὶ
2859 690 2898 755 ἡ
2948 688 3146 742 κοιλία
3175 703 3296 756 μου
3337 682 3601 752 sapa-non
3631 681 3720 732 ἐπ’

2129 782 2338 835 αὐτόν.

2207 873 2303 925 Ἓν
2333 874 2426 926 καὶ
2454 873 2612 927 τοῦτο
2648 872 2757 924 τῶν
2799 869 3046 942 μεγάλων
3092 864 3575 939 παραγγελμάτων
3608 861 3729 915 ἐστὶ

2129 969 2226 1023 τοῦ
2258 967 2484 1036 Κυρίου,
2516 967 2582 1020 δι’
2618 958 2694 1018 ὧν
2725 967 2758 1035 ἡ
2786 965 2993 1018 διάνοια
3016 961 3124 1014 τῶν
3155 956 3624 1032 μαθητευομένων
3651 953 3733 1023 τῷ

2130 1058 2310 1129 Λόγῳ,
2333 1058 2583 1128 καθάπερ
2611 1057 2733 1111 τινὰ
2755 1057 2882 1127 χοῦν
2912 1057 3056 1110 ἆπαν
3081 1053 3139 1107 τὸ
3165 1052 3362 1114 ὑλῶδες
3380 1050 3481 1119 τῆς
3502 1046 3734 1118 φύσεως

2129 1150 2224 1220 ἀφ’
2278 1153 2478 1220 ἑαυτῆς
2523 1149 2890 1215 ὲκτινάξασα,
2938 1147 3074 1217 πρὸς
3117 1146 3215 1216 τὴν
3260 1141 3558 1212 ἐπιθυμίαν
3616 1138 3735 1192 τῶν

2132 1243 2542 1315 ὑπερκειμένων
2591 1244 2897 1314 ἐπαίρεται.
2953 1239 3126 1294 Τοῦτο
3185 1237 3242 1291 δέ
3291 1239 3450 1301 ἐστι,
3504 1233 3568 1287 τὸ
3616 1232 3734 1285 δεῖν

2131 1337 2414 1409 κρείττους
2447 1332 2582 1389 εἷναι
2615 1333 2708 1388 τοῦ
2741 1335 2910 1388 ὕπνου
2975 1334 3102 1395 τοὺς
3140 1330 3276 1403 πρὸς
3306 1330 3406 1400 τὴν
3434 1328 3552 1382 ἄνω
3577 1325 3733 1395 ζωὴν

2133 1428 2450 1499 βλέποντας,
2481 1428 2576 1481 καὶ
2601 1427 2691 1481 διὰ
2715 1427 2918 1489 παντὸς
2959 1423 3322 1497 ἐγρηγορέναι
3369 1424 3438 1492 τῇ
3486 1418 3730 1488 διανοίᾳ,

2131 1514 2244 1574 οἷον
2292 1518 2585 1574 ἀπατεῶνά
2631 1536 2752 1572 τινα
2795 1518 2904 1571 τῶν
2951 1516 3140 1587 ψυχῶν
3187 1515 3282 1567 καὶ
3329 1512 3434 1582 τῆς
3466 1510 3732 1582 ἀληθείας

2133 1609 2443 1675 ἐπίϐουλον,
2470 1609 2560 1664 τὸν
2586 1609 2895 1679 νυσταγμδν
2929 1607 3036 1661 τῶν
3067 1605 3363 1676 ὀφθαλμῶν
3391 1603 3733 1658 ἀπελαύνον-

2133 1721 2256 1766 τας.
2307 1703 2544 1757 Ἐκεῖνον
2589 1701 2733 1769 λέγω
2779 1702 2872 1755 τὸν
2918 1698 3230 1769 νυσταγμδν
3261 1697 3359 1752 καὶ
3397 1695 3491 1748 τὸν
3535 1694 3731 1758 ὕπνον,

446 1817 572 1871 vita:
618 1826 860 1870 errorem
922 1808 1194 1881 profunde
1257 1808 1691 1874 immerguntur,
1753 1799 2032 1868 ﬁnguntur

2155 1797 2204 1851 it'
2227 1790 2304 1851 ὧν
2335 1796 2630 1850 πλάττεται
2657 1797 2770 1856 τοῖς
2791 1792 3154 1865 ἐμϐαθύνουσι
3177 1794 3241 1862 τῇ
3270 1788 3366 1843 τοῦ
3395 1789 3516 1860 βίου
3539 1788 3734 1857 ἀπάτῃ

443 1905 565 1961 hac
605 1905 720 1959 visa
746 1901 1109 1960 somniorum,
1144 1912 1340 1968 nempe
1395 1894 1775 1963 magistratus,
1807 1886 2035 1950 divitia),

449 2000 648 2061 fastus,
714 1994 1003 2066 praestigiae
1072 1991 1439 2060 voluptatum,
1499 1984 1685 2056 gloriae
1740 1980 2035 2050 cupiditas,

447 2089 668 2145 deliciis
703 2085 918 2141 fruendi
940 2083 1304 2140 desiderium,
1336 2079 1586 2140 ambitio,
1615 2084 1670 2130 et
1696 2087 2040 2145 quaecunque

451 2184 509 2236 in
538 2181 640 2236 bac
669 2181 780 2234 vita
811 2179 880 2233 ab
909 2179 978 2232 iis
1015 2175 1108 2245 qui
1143 2181 1273 2229 sunt
1302 2173 1486 2226 minus
1521 2168 1882 2230 considerati,
1920 2165 2040 2219 fru-

450 2282 569 2328 stra
614 2269 923 2326 vehementi
984 2267 1171 2324 studio
1225 2271 1588 2335 appetuntur,
1639 2275 1760 2331 quae
1797 2266 1927 2315 sunt
1958 2254 2044 2311 el-

453 2363 678 2418 lluentia
711 2376 837 2416 cum
859 2360 1077 2415 labente
1100 2374 1165 2412 ac
1196 2363 1518 2412 transeunte
1538 2351 1799 2422 temporis
1822 2358 2038 2415 natura,

455 2467 510 2510 et
540 2470 695 2510 suam
727 2454 932 2508 habent
965 2451 1262 2508 essentiam
1293 2449 1349 2503 in
1380 2464 1451 2502 eo
1481 2445 1627 2514 quod
1657 2459 1778 2499 esse
1815 2442 2038 2496 videan-

456 2557 566 2613 tur,
591 2555 651 2600 ut
687 2560 808 2616 quae
838 2558 1015 2614 neque
1071 2549 1178 2601 sint
1210 2540 1356 2611 quod
1384 2539 1796 2598 existimantur,
1853 2549 2034 2604 neque

454 2650 719 2712 perpetuo
744 2644 1098 2708 permaneant
1129 2636 1182 2689 in
1213 2650 1279 2690 eo
1317 2632 1460 2704 quod
1491 2631 1904 2691 existimantur,
1940 2626 2042 2683 sed

458 2733 623 2790 simul
655 2740 710 2786 et
745 2730 862 2784 ﬁeri
892 2729 1182 2784 videantur
1207 2735 1262 2781 et
1295 2733 1548 2795 pereant,
1573 2723 1750 2776 instar
1778 2720 2042 2775 ﬂuctuum

459 2824 554 2894 qui
593 2823 650 2877 in
678 2822 838 2892 aquis
876 2827 1174 2889 assurgunt
1209 2819 1264 2872 in
1309 2817 1592 2879 verticem,
1632 2821 1687 2868 et
1725 2812 1790 2866 ad
1829 2820 2046 2880 tempus

459 2922 614 2970 motu
645 2919 936 2967 ventorum
973 2911 1167 2975 inﬁati,
1202 2924 1310 2964 non
1358 2908 1559 2962 habent
1591 2906 1800 2958 ﬁrmam
1836 2919 1897 2955 ac
1935 2915 2048 2956 sta-

461 3005 626 3061 bilem
656 3005 892 3058 tumoris
932 3003 1306 3067 durationem,
1346 3007 1406 3054 ut
1437 2999 1529 3068 qui
1570 3013 1695 3052 cum
1739 2996 1889 3051 brevi
1932 3009 2047 3047 mo-

2137 1891 2208 1944 τά
2225 1888 2484 1960 ὀνειρὼδη
2508 1887 2680 1940 ταῦτα
2704 1886 3086 1956 φαντάσματα,
3110 1885 3164 1937 al
3196 1882 3384 1954 ἀρχαὶ,
3407 1882 3459 1933 οἱ
3482 1879 3732 1941 πλοῦτοι,

2139 1983 2197 2036 αἱ
2228 1980 2554 2039 δυναστεῖαι,
2601 1982 2629 2032 ὁ
2668 1978 2858 2046 τύφος,
2905 1979 2940 2047 ἡ
2990 1975 3078 2029 διὰ
3109 1973 3216 2028 τῶν
3252 1971 3455 2043 ἡδονῶν
3482 1970 3732 2040 γοητεία,

2140 2070 2202 2124 τὸ
2231 2068 2505 2138 φιλόδοξον
2529 2085 2588 2121 τε
2621 2069 2715 2124 καὶ
2734 2065 3152 2129 ἀπολαυστικὸν,
3180 2063 3274 2117 καὶ
3303 2061 3616 2132 φιλότιμον,
3641 2061 3736 2112 καὶ

2142 2163 2322 2216 πάντα
2347 2163 2447 2215 ὅσα
2481 2161 2624 2215 κατά
2650 2161 2742 2213 τὸν
2775 2159 2890 2230 βίον
2918 2157 3108 2211 τοῦτον
3154 2160 3266 2220 τοίς
3305 2153 3737 2215 ἀνεπισκέπτως

2143 2253 2229 2308 διά
2259 2268 2406 2314 τινος
2441 2248 2741 2320 φαντασίας
2776 2248 2954 2318 μάτην
2991 2242 3369 2306 σπουδάζεται,
3397 2241 3434 2296 ἃ
3459 2244 3528 2311 τῇ
3564 2253 3739 2310 παρος

2143 2344 2264 2414 δικῇ
2288 2341 2383 2396 τοῦ
2411 2343 2602 2413 χρόνου
2631 2337 3126 2410 συμπαραρῤἐοντα
3152 2332 3332 2404 φύσει,
3367 2333 3424 2384 ὲν
3559 2329 3740 2383 δοκεῖν

2145 2436 2258 2504 ἔχει
2288 2434 2348 2485 τὸ
2377 2428 2538 2495 εἶναι,
2571 2429 2694 2482 οὕτε
2728 2428 2858 2481 ὄντα
2889 2427 3028 2497 ὅπερ
3059 2423 3363 2494 νομίζεται,
3390 2419 3520 2474 οὕτε
3548 2420 3613 2472 ὲν
3637 2420 3736 2470 αὕ-

2144 2530 2224 2600 τῷ
2249 2527 2326 2598 τῷ
2367 2524 2680 2596 νομίζεσθαι
2721 2521 2858 2592 πρὸς
2905 2521 2966 2573 τὸ
3011 2517 3258 2588 διηνεκὲς
3306 2514 3736 2585 παραμένον-ια’

2149 2622 2263 2676 ἀλλ’
2293 2619 2428 2690 ὁμοῦ
2458 2614 2704 2684 γίνεσθαί
2736 2630 2797 2666 τε
2827 2610 3087 2666 δοκοῦντα
3121 2609 3211 2662 καὶ
3241 2606 3623 2676 ἀπολλύμενα,
3654 2622 3744 2657 κυο

2151 2717 2337 2787 μάτων
2381 2711 2539 2782 δίκην
2583 2709 2692 2764 τῶν
2740 2705 3231 2779 ὲγκορυφουμένων
3269 2704 3382 2764 τοῖς
3429 2699 3663 2763 ὕδασιν,
3707 2697 3743 2750 ἃ

2150 2810 2287 2880 πρὸς
2312 2808 2502 2876 καιρὸν
2526 2806 2594 2873 τῇ
2620 2803 2829 2872 κινήσει
2859 2799 2966 2851 τῶν
3000 2797 3222 2866 ἀνέμων
3253 2790 3740 2860 συνδιογκούμενα,

2150 2900 2403 2954 ἀϐέϐαιον
2447 2901 2527 2962 είς
2571 2895 2832 2966 διαμονὴν
2879 2893 2990 2962 ἔχει
3033 2890 3124 2943 τὸν
3166 2889 3362 2958 ὄγκον·
3413 2889 3476 2939 ὲν
3513 2885 3742 2956 βραχείᾳ

2151 2993 2260 3062 γὰρ
2293 2994 2356 3061 τῇ
2391 2991 2531 3059 ῥοπῇ
2562 2989 2968 3042 συναναστάντα
2993 2981 3087 3035 τοῦ
3122 2979 3458 3049 πνεύματος,
3491 2976 3657 3030 πάλιν
3685 2979 3740 3026 ἐν

467 3105 656 3153 mento
686 3098 946 3165 temporis
1013 3095 1177 3150 simul
1222 3092 1648 3152 assurrexerint,
1686 3103 1882 3142 rursus
1933 3087 2046 3156 pla-

2155 3083 2341 3154 ὁμαλῷ
2370 3082 2467 3152 τὴν
2490 3085 2590 3150 τῆς
2623 3079 2898 3148 θαλάσσης
2951 3077 3275 3144 ἐπιφάνειαν
3301 3072 3568 3138 δείκνυσι,
3613 3083 3738 3136 συτ-

466 3206 595 3246 nam
624 3197 680 3244 et
715 3187 1035 3257 aequabilem
1069 3185 1362 3239 ostendant
1389 3183 1556 3235 maris
1589 3179 1953 3249 superﬁciem,
1992 3186 2050 3228 ut

465 3282 560 3352 qui
591 3281 757 3336 simul
789 3294 916 3333 cum
957 3277 1087 3330 llatu
1111 3276 1430 3331 defecerint.
1464 3272 1534 3327 Ut
1579 3288 1709 3342 ergo
1759 3272 1943 3341 procul
1981 3271 2052 3324 sit

466 3388 622 3426 mens
656 3382 844 3425 nostra
909 3383 936 3422 a
981 3369 1114 3421 visis
1145 3366 1436 3433 ejusmodi,
1473 3378 1691 3433 gravem
1727 3363 1870 3416 hunc
1907 3376 2054 3416 som-

477 3477 609 3515 num
667 3461 824 3530 jubet
879 3459 1059 3513 excuti
1095 3458 1164 3511 ab
1211 3457 1386 3512 oculis
1421 3456 1643 3520 mentis,
1701 3469 1768 3508 ne
1817 3454 1946 3507 dum
1997 3452 2051 3506 in

477 3569 564 3616 ea,
597 3567 720 3622 quae
745 3566 855 3605 non
888 3557 1034 3613 sunt,
1070 3547 1310 3602 studium
1349 3545 1706 3606 conferimus,
1733 3545 2052 3597 excidemus

485 3645 556 3698 ab
596 3644 664 3698 iis
697 3657 819 3712 qum
857 3642 1162 3696 consistunt
1194 3651 1246 3692 et
1283 3653 1407 3692 vere
1464 3647 1608 3692 sunt.
1654 3635 1718 3688 Et
1775 3636 1897 3689 ideo
1954 3648 2055 3688 nos

470 3735 728 3791 admonet
761 3743 819 3787 ut
864 3733 1176 3802 vigilemus,
1230 3731 1464 3784 dicens:
1527 3727 1645 3782 Sint
1683 3727 1846 3780 lumbi
1895 3725 2055 3779 vestri

489 3827 764 3889 succincti,
792 3837 840 3880 et
868 3826 1096 3878 lucermc
1126 3825 1367 3876 ardentes
1401 3822 1454 3874 in
1494 3819 1740 3874 manibus
1774 3819 1960 3872 vestris
1987 3819 2051 3869 ".

481 3918 618 3977 Nam
675 3929 732 3974 et
783 3920 873 3972 lux
929 3932 1199 3987 apparens
1240 3917 1293 3969 in
1331 3914 1526 3976 oculis,
1562 3913 1629 3966 ab
1693 3913 1773 3965 eis
1835 3910 2056 3980 expellit

483 4025 734 4065 somnum
763 4028 778 4066 :
810 4018 864 4064 et
890 4007 1112 4063 lumbus
1153 4008 1433 4061 accinctus
1463 4005 1623 4059 elﬁcit
1653 4020 1745 4072 per
1778 4002 2055 4072 cingulum

475 4108 527 4151 ut
567 4113 766 4168 corpus
797 4097 1071 4151 somnium
1134 4110 1239 4148 non
1300 4095 1476 4163 possit
1520 4091 1831 4153 admittere,
1890 4103 2057 4144 sensu

475 4192 720 4246 laborum
749 4204 858 4243 non
894 4187 1216 4242 admittente
1254 4185 1432 4240 somni
1472 4183 1885 4238 relaxationem.
1919 4181 2060 4234 Sunt

476 4282 914 4337 autentomnino
970 4279 1302 4339 manifesta,
1359 4292 1482 4346 qua:
1537 4275 1913 4345 signiﬁcantur
1965 4287 2060 4342 per

474 4375 805 4445 aenigmata:
837 4387 1033 4442 nempe
1064 4370 1207 4440 quod
1265 4372 1357 4438 qui
1397 4377 1481 4423 est
1524 4369 1807 4423 accinctus
1853 4376 2060 4436 tempe-

2155 3173 2563 3228 κατασταλέντα
2596 3170 2674 3240 τῷ
2704 3169 2995 3239 πνεύματι.
3055 3168 3144 3230 Ὠς
3174 3161 3268 3218 οὖν
3298 3163 3406 3230 ἔξω
3431 3161 3546 3215 τῶν
3569 3159 3738 3214 tomi-

2152 3284 2262 3320 των
2305 3266 2514 3334 γένοιτο
2563 3263 2864 3340 φασμάτων
2894 3263 3025 3332 ἡμῖν
3075 3261 3107 3330 ή
3155 3259 3387 3319 διάνοια,
3435 3255 3531 3309 τὸν
3575 3255 3740 3324 βαρὺν

2152 3357 2339 3414 τοῦτον
2370 3358 2536 3412 ὕπνον
2571 3353 2922 3409 ἀποσείεσθαι
2965 3352 3070 3404 τῶν
3112 3352 3212 3421 τῆς
3257 3349 3438 3420 ψυχῆς
3485 3347 3740 3418 ὀμμάτων

2158 3450 2550 3507 διακελεύεται,
2584 3448 2670 3500 ἵνα
2704 3447 2778 3518 μὴ
2806 3447 2871 3516 τῇ
2921 3445 3051 3515 περὶ
3087 3442 3149 3494 τὸ
3182 3441 3538 3510 ἀνύπαρκτον
3575 3455 3738 3491 σειτουάΙ

2155 3542 2240 3614 δῇ,
2288 3542 2395 3594 τῶν
2428 3539 2751 3608 ὑφεστώτων
2776 3554 2835 3590 τε
2871 3536 2966 3590 καὶ
3006 3535 3081 3597 ὡς
3108 3532 3325 3603 άληθῶς
3357 3532 3531 3584 ὄντων
3560 3530 3742 3583 ἀπολι-

2159 3634 2466 3704 σθήσωμεν.
2514 3631 2612 3682 Διὰ
2651 3628 2810 3682 τοῦτο
2847 3629 2941 3682 καὶ
2968 3624 3283 3680 ὑποτίθεται
3326 3625 3461 3693 ἡμῖν
3504 3623 3746 3674 ἐπίνοιαν

2155 3729 2256 3796 τῆς
2277 3725 2678 3796 ἐγρηγόρσεως,
2695 3722 2890 3790 λέγων·
2917 3722 3236 3772 Ἔστωσαν
3246 3715 3416 3785 ὑμῶν
3437 3717 3501 3768 αἱ
3521 3711 3748 3783 ὀσφῦες

2159 3817 2635 3886 περιεζωσμέναι,
2667 3814 2763 3866 καί
2811 3815 2866 3866 οὶ
2908 3812 3125 3879 λύχνοι
3169 3811 3474 3877 καιόμενοι
3507 3808 3578 3860 ἐν
3625 3807 3748 3870 ταῖς

2160 3909 2376 3980 χερσὶν
2414 3905 2602 3978 ὑμῶν.
2650 3907 2774 3970 Τοῖς
2819 3923 2879 3958 τε
2920 3905 3028 3975 γάρ
3075 3902 3375 3972 ὀφθαλμοῖς
3405 3901 3467 3953 τὸ
3503 3899 3620 3968 φῶς
3651 3901 3748 3968 ip.-

2161 4001 2486 4071 φαινόμενον
2519 3997 2775 4052 ἀποσοϐεῖ
2802 3996 2910 4049 τῶν
2941 3995 3203 4066 ὀμμάτων
3227 3993 3319 4046 τὸν
3349 3991 3520 4044 ὕπνον
3543 4008 3556 4019 ·
3603 3987 3750 4060 καὶὴ

2160 4095 2332 4161 ὀσφὺς
2371 4091 2726 4162 διεσφιγμένη
2777 4089 2865 4142 διὰ
2897 4089 2997 4159 τῆς
3028 4085 3224 4158 ζώνης,
3260 4083 3650 4154 άπαράδεκτον
3677 4082 3752 4152 τῷ

2163 4184 2317 4254 ὕπνῳ
2337 4181 2744 4254 παρασκευάζει
2772 4181 2833 4234 τὸ
2861 4179 3041 4249 σῶμα,
3072 4179 3132 4230 οὺ
3165 4175 3543 4248 προσιεμένης
3568 4174 3669 4244 τὴν
3690 4174 3751 4226 ὲκ

2161 4276 2258 4330 τοῦ
2289 4277 2459 4330 ὕπνου
2505 4275 2688 4328 ἄνεσιν
2718 4274 2818 4343 τῆς
2842 4271 2950 4324 τῶν
2991 4270 3167 4322 πόνων
3214 4265 3550 4336 αἰσθήσεως.
3605 4262 3748 4330 Σαςῆ

2163 4371 2222 4423 δὲ
2254 4371 2469 4431 πάντως
2513 4367 2630 4420 ἐστὶ
2662 4365 2730 4418 τὰ
2759 4365 2849 4418 διὰ
2888 4363 2998 4416 τῶν
3033 4360 3375 4432 αἰνιγμάτων
3403 4357 3709 4428 δηλούμενα
3732 4366 3744 4384 δ

479 4467 677 4530 ranlia,
703 4465 758 4518 in
789 4465 910 4518 luce
936 4478 1085 4533 purae
1115 4462 1466 4516 conscientia:
1495 4462 1648 4524 vivit,
1681 4461 1808 4515 dum
1835 4461 2048 4513 lucerna

2167 4465 2249 4518 ὃτι
2268 4465 2296 4515 ὁ
2323 4465 2388 4533 τῇ
2420 4460 2744 4531 σωφροσύνῃ
2773 4456 3132 4527 διεζωσμένος
3165 4456 3224 4508 ἐν
3256 4452 3400 4522 φωτὶ
3425 4451 3496 4521 ζῇ
3532 4451 3625 4504 τοῦ
3654 4465 3745 4502 κα-

477 4559 647 4613 vitam
706 4557 947 4611 illustrat
1010 4566 1359 4626 praesentem,
1420 4569 1515 4624 per
1560 4569 1726 4624 quam
1765 4559 2062 4622 apparente

485 4651 737 4714 veritate,
768 4648 950 4702 anima
985 4657 1166 4701 manet
1215 4647 1486 4701 insomnis
1517 4653 1572 4700 et
1615 4645 1922 4715 deceptioni
1957 4644 2061 4698 mi-

483 4741 635 4794 nime
692 4737 953 4801 obnoxia,
997 4746 1053 4791 et
1105 4753 1227 4806 quas
1286 4737 1488 4791 nullius
1543 4737 1738 4790 borum
1787 4736 2062 4790 fallacium

481 4827 821 4884 somniorqu
876 4827 946 4883 sit
987 4828 1281 4896 particeps.
1348 4825 1415 4880 Ut
1461 4836 1644 4880 autem
1695 4833 2062 4896 congruenter

481 4920 648 4975 Verbi
710 4919 1057 4989 explicationi
1117 4919 1219 4972 boc
1280 4927 1430 4972 recte
1487 4927 1747 4988 geratur,
1814 4917 2061 4987 angelica

481 5010 730 5082 quaedam
755 5011 868 5063 vita
903 5025 1007 5064 nos
1033 5009 1254 5078 excipit.
1304 5007 1399 5064 llis
1449 5011 1595 5063 enim
1659 5024 1761 5064 nos
1794 5009 2061 5064 assimilat

481 5103 726 5156 divinum
758 5107 1111 5169 praaceptum,
1143 5115 1267 5153 cum
1291 5098 1424 5152 dicit
1455 5117 1468 5152 :
1500 5098 1570 5152 Et
1605 5115 1692 5152 vos
1727 5100 1924 5153 similes
1963 5099 2063 5153 ho-

485 5193 720 5248 minibus
753 5190 1180 5259 exspectantibus
1207 5190 1480 5245 dominum
1507 5207 1662 5245 suum
1712 5192 1928 5261 quando
1977 5207 2064 5245 re-

483 5286 604 5340 deat
631 5301 664 5338 a
696 5283 920 5359 nuptiis,
966 5292 1025 5337 ut
1069 5300 1187 5336 cum
1220 5284 1414 5337 venerit
1444 5292 1495 5336 et
1540 5283 1853 5352 pulsaverit,
1887 5284 2068 5352 confe-

494 5382 616 5432 stim
657 5380 704 5432 ei
739 5378 980 5447 aperiant
1008 5379 1076 5431 ⁸⁵.
1103 5377 1181 5430 Illi
1213 5377 1359 5432 enim
1411 5384 1540 5432 sunt
1587 5377 1680 5447 qui
1722 5376 1936 5432 Domini
1971 5391 2068 5432 ex-

495 5476 751 5539 spectant
787 5469 1020 5524 reditum
1053 5483 1083 5521 a
1126 5468 1356 5538 nuptiis,
1415 5476 1469 5522 et
1513 5469 1837 5525 cmlestibus
1894 5472 2069 5539 portis

487 5560 664 5615 oculis
699 5561 944 5615 assident
989 5559 1362 5631 vigilantibus,
1398 5568 1459 5614 ut
1487 5575 1582 5634 per
1615 5575 1709 5618 eas
1757 5576 1950 5621 rursus
1981 5561 2067 5617 in-

573 5732 886 5804 "Luem,
921 5736 1007 5791 '55.
1109 5737 1151 5768 ⁸⁸
1190 5736 1320 5792 ibid.
1359 5737 1447 5794 3’5.

2166 4556 2335 4630 θαροῠ
2366 4555 2684 4618 συνειδότος,
2719 4551 2815 4604 τοῦ
2835 4550 3032 4621 λύχνου
3060 4550 3161 4618 τῆς
3188 4543 3512 4615 παρρησίας
3532 4543 3622 4596 τὸν
3645 4541 3747 4612 βίον

2165 4647 2666 4721 περιαυγάζοντος,
2719 4639 2780 4698 οὕ
2833 4643 2934 4714 τῆς
2995 4638 3255 4710 ἀληθείας
3310 4635 3749 4708 προφαινομένης

2165 4737 2372 4802 ἄϋπνὸς
2415 4754 2475 4792 τε
2506 4738 2600 4792 καὶ
2627 4733 3037 4804 ἀνεξαπάτητος
3074 4733 3108 4802 ἢ
3155 4729 3304 4801 ψυχὴ
3352 4728 3624 4797 διαμένει,
3669 4725 3752 4777 οὐ·

2164 4832 2275 4885 δενὶ
2300 4830 2409 4884 τῶν
2439 4827 2646 4882 ἀτελῶν
2676 4826 2881 4881 τούτων
2913 4825 3138 4894 ὀνείρων
3171 4819 3655 4892 ὲμματαιάζουσα.
3695 4813 3750 4867 ΕΞ

2164 4924 2222 4977 δὲ
2245 4922 2401 4977 τοῦτο
2428 4919 2796 4992 κατορθωθείη
2835 4916 2972 4971 κατὰ
2999 4915 3099 4986 τὴν
3117 4913 3213 4967 τοῦ
3248 4911 3429 4980 Λόγου
3453 4909 3748 4978 ὑφήγησιν,

2167 5015 2454 5085 ἀγγελικός
2490 5032 2574 5077 τις
2625 5013 2772 5083 ἡμᾶς
2817 5009 3125 5076 διαδέχεται
3187 5005 3318 5076 βίος.
3377 5002 3610 5064 Τούτοις
3651 4999 3748 5067 γάρ

2167 5108 2314 5178 ἡμᾶς
2341 5106 2517 5176 ὁμοιοῖ
2543 5103 2602 5156 τὸ
2631 5103 2772 5156 θεῖον
2804 5099 3194 5170 παράγγελμα,
3223 5096 3291 5148 δι’
3317 5087 3396 5148 ὧν
3424 5109 3599 5163 φησιν
3618 5108 3631 5120 ·
3676 5092 3748 5142 ὅτι

2132 5212 2140 5218 ·
2167 5196 2275 5251 Καὶ
2305 5194 2476 5263 ὑμεῖς
2503 5193 2692 5263 ὅμοιοι
2735 5189 3076 5259 ἀνθρώποις
3107 5184 3628 5257 προσδεχομένοις
3657 5181 3750 5233 τόν·

2166 5289 2376 5354 κύριον
2400 5285 2651 5349 ἑαυτῶν,
2683 5285 2828 5337 πότε
2854 5282 3140 5348 ἀναλύσῃ
3161 5281 3230 5333 ἐκ
3261 5277 3384 5332 τῶν
3411 5275 3642 5345 γάμων,
3663 5274 3749 5327 ἶνα

2167 5382 2452 5445 ἐλθόντος
2508 5377 2606 5432 καί
2673 5371 3084 5446 κρούσαντος,
3148 5368 3368 5434 εὐθέως
3432 5365 3751 5430 ἀνοίξωσιν

2167 5471 2347 5538 αὐτῷ.
2398 5469 2629 5526 Ἐκεῖνοι
2654 5470 2762 5542 γάρ
2795 5469 2934 5520 εἰσιν
2979 5467 3029 5518 οἱ
3074 5459 3504 5534 προσδεχόμενοι
3533 5455 3630 5511 τοῦ
3659 5454 3749 5509 lia.

2183 5565 2298 5638 ρίου
2337 5561 2436 5636 τὴν
2473 5565 2537 5617 ἐκ
2574 5561 2681 5616 τῶν
2710 5561 2903 5633 γάμων
2929 5557 3210 5624 ἐπάνοδον,
3251 5554 3345 5608 καὶ
3381 5553 3504 5615 ταῖς
3532 5553 3749 5618 simope-
