3854 6216
175 333 278 388 9ίΠ

1215 327 1282 382 ΙΝ
1310 324 1608 384 CANTICA
1641 326 1910 385 CANTtC.
1954 327 2237 384 HOMILIA
2277 325 2370 383 XI.

3317 330 3426 387 998

166 442 302 506 νίοις
333 439 528 505 πύλαις
548 440 871 512 ἐγρηγορότι
895 437 970 512 τῷ
997 440 1260 514 ὀφθαλμῷ
1289 443 1749 515 προσκαθήμενοι,

1856 443 2136 515 grediatur
2164 442 2276 499 Rex
2308 442 2495 514 gloriae
2527 456 2782 499 reversus
2816 457 2847 495 a
2900 443 3110 514 nuptiis
3142 459 3197 499 tn
3229 458 3424 516 super-

170 538 261 591 ἴνα
285 536 448 590 πάλιν
476 535 690 606 εἰσέλθῃ
712 536 781 588 δι’
808 533 989 588 αὐτῶν
1014 534 1143 588 ὅταν
1165 534 1404 606 ἀναλύσῃ
1429 537 1492 588 ἐκ
1514 536 1623 588 τῶν
1647 537 1750 604 γά-

171 645 290 697 μων
315 630 344 681 6
373 625 626 697 βασιλεὺς
653 624 755 696 τῆς
797 625 953 696 δόξης
996 626 1076 688 είς
1113 626 1212 696 τὴν
1238 627 1627 698 ὑπερουράνιον
1693 624 1752 676 ὲ-

167 718 358 786 κείνην
371 716 940 790 μακαριότητα.”Οθεν
983 717 1125 771 κατὰ
1161 717 1260 788 τὴν
1295 717 1633 788 ψαλμῳδίαν,
1673 721 1749 784 ὡς

169 813 239 862 ἐκ
265 809 536 872 παστάδος
575 809 604 859 6
645 810 878 878 νυμφίος
902 808 1256 878 ἐκπορευθεὶς
1309 809 1590 880 ἡρμόσατο
1625 812 1748 864 ἐαυ-

165 898 249 969 τῷ
301 897 568 968 παρθένον
601 899 747 968 ἡμᾶς
782 897 870 950 διὰ
907 898 1004 968 τῆς
1052 898 1318 970 μυστικῆς
1344 900 1748 971 ἀναγεννήσεως

171 991 273 1062 τὴν
311 993 424 1054 τοῖς
477 989 715 1055 εἰδώλοις
769 990 1265 1062 ἐκπορνευθείσαν,
1319 995 1400 1057 είς
1443 995 1748 1065 ἀφθαρσίαν

169 1081 511 1154 παρθενικὴν
549 1081 1004 1151 ἀναστοιχειώσας
1038 1082 1139 1154 τὴν
1166 1083 1345 1152 φύσιν.
1382 1083 1502 1137 Τῶν
1528 1080 1619 1137 οὖν
1646 1085 1748 1152 γά-

169 1194 290 1248 μων
333 1176 433 1246 ἧδη
465 1173 866 1244 τετελεσμένων
885 1215 900 1238 ,
946 1174 1041 1228 καὶ
1085 1175 1485 1247 νυμφευθείσης
1516 1177 1620 1229 ὑπὸ
1652 1176 1746 1230 τοῦ

165 1268 344 1336 Λόγου
381 1267 481 1336 τῆς
519 1265 864 1336 Ἐκκλησίας,
895 1265 1078 1330 καθώς
1107 1284 1269 1338 φησιν
1294 1270 1325 1320 6
1364 1268 1636 1338 Ἰωάννης,
1665 1268 1747 1320 ὃτι

177 1357 246 1409 '0
271 1357 429 1424 ἔχων
450 1357 568 1424 τὴν
604 1358 853 1425 νύμφην
879 1357 1142 1425 νυμφίος
1172 1358 1336 1410 ἐστι·
1383 1357 1477 1410 καὶ
1525 1360 1604 1421 είς
1654 1358 1746 1411 τὸν

164 1449 278 1503 τῶν
312 1449 622 1520 μυστηρίων
653 1448 895 1518 θάλαμον
938 1449 1107 1518 αὐτῆς
1156 1449 1610 1520 παραδεχθείσης,
1655 1451 1749 1503 ἀν-

165 1542 362 1611 έμενον
389 1543 440 1593 οἱ
485 1541 706 1609 ἄγγελοι
753 1542 851 1612 τὴν
895 1541 1150 1596 ἐπάνοδον
1193 1541 1286 1595 τοῦ
1331 1541 1611 1610 βασιλέως,
1646 1542 1746 1612 τῆς

179 1630 510 1700 Ἐκκλησίας
536 1629 934 1700 ἐπαναχθείσης
961 1625 1054 1683 ἐπὶ
1087 1631 1187 1701 τὴν
1209 1631 1350 1684 κατὰ
1377 1630 1538 1700 φύσιν
1572 1648 1748 1701 μακα-

169 1721 419 1792 ριότητα.
456 1722 678 1786 Τούτοις
710 1719 802 1777 οὖν
843 1717 962 1775 εἷπε
1007 1723 1116 1775 δεῖν
1163 1721 1479 1793 ὁμοιοῦσθαι
1524 1722 1618 1776 καὶ
1654 1722 1747 1776 τὸν

1855 536 2132 591 caelestem
2191 536 2340 590 illam
2401 535 2813 590 beatitudinem.
2860 534 3013 590 Unde
3059 546 3428 608 congruenter

1855 625 1903 680 ei
1933 627 2076 695 quod
2117 627 2334 680 canitur
2389 626 2444 678 in
2475 625 2720 692 psalmis,
2754 637 3007 696 tanquam
3065 642 3133 681 ex
3183 627 3424 682 thalamo

1853 716 2158 784 procedens
2198 730 2436 785 sponsus
2455 715 2524 778 ",
2557 731 2659 770 nos
2690 717 2794 770 sibi
2830 717 3122 787 despondit
3157 717 3421 787 virginem

1854 822 1952 876 pcr
1978 806 2260 876 mysticam
2291 807 2754 876 regenerationem
2784 822 2904 877 quae
2933 822 3055 861 cum
3096 805 3256 863 idolis
3303 807 3426 862 lue»

1856 904 1940 949 rat
1982 895 2270 955 fornicata.
2301 896 2369 951 ad
2424 896 2888 967 incorruptionem
2940 898 3258 968 virginalem
3307 898 3427 968 ipsa

1858 988 2155 1042 reformata
2215 997 2433 1044 natura.
2468 987 2713 1044 Peractis
2746 1004 2877 1060 ergo
2909 989 3020 1058 jam
3082 991 3310 1060 nuptiis,
3369 997 3428 1045 et

1857 1075 2096 1132 Ecclesia
2143 1093 2172 1130 a
2202 1077 2380 1132 Verbo
2415 1077 2686 1148 desponsa
2718 1097 2730 1130 :
2768 1079 2910 1132 sicut
2960 1078 3092 1133 dicit
3145 1078 3421 1134 Joannes:

1854 1171 1961 1237 Qui
1994 1171 2146 1226 habet
2182 1188 2451 1235 sponsam.
2484 1188 2709 1240 sponsus
2738 1182 2816 1225 est
2842 1159 2924 1226 rl':
2983 1179 3039 1226 et
3089 1185 3150 1224 ea
3184 1170 3426 1226 admissa

1853 1262 1908 1316 in
1943 1263 2240 1316 thalamum
2271 1264 2658 1334 mysteriorum
2701 1278 2764 1318 ac
2795 1271 3287 1326 sacramentorum,
3329 1277 3429 1316 ex-

1855 1353 2174 1419 spectabant
2217 1355 2394 1424 angeli
2441 1353 2676 1408 reditum
2708 1354 2873 1424 regis,
2929 1353 3152 1408 reducta
3182 1353 3428 1409 Ecclesia

1854 1444 1920 1498 ad
1948 1445 2339 1499 beatitudinem
2388 1454 2619 1515 quaeest
2649 1445 2951 1500 secundum
3004 1451 3278 1499 naturam.
3333 1443 3431 1498 llis

1853 1551 1983 1606 ergo
2011 1536 2149 1591 dixit
2177 1547 2430 1607 oportere
2467 1539 2634 1591 vitam
2691 1544 2935 1592 nostram
2992 1551 3113 1591 esse
3167 1536 3427 1600 similem,

1855 1634 1914 1678 ut
1947 1628 2088 1682 sicut
2117 1628 2194 1682 illi
2224 1629 2412 1698 procul
2445 1645 2475 1684 a
2504 1629 2638 1682 vitio
2670 1637 2724 1682 et
2753 1643 2940 1683 errore
2972 1628 3139 1682 vitam
3181 1635 3425 1696 agentes,

1855 1730 1988 1774 sunt
2021 1721 2197 1789 parati
2223 1721 2289 1776 ad
2318 1721 2616 1776 adventum
2648 1720 2862 1775 Domini
2899 1719 3313 1789 excipiendum:
3353 1720 3430 1773 ita

166 1812 441 1883 ἡμέτερον
472 1811 616 1882 βίον·
658 1813 746 1866 ἵνα
780 1813 1028 1883 καθάπερ
1076 1814 1273 1866 ἐκεῖνοι
1325 1814 1514 1885 πόρρω
1552 1812 1749 1876 κακίας

1856 1825 1953 1865 nos
1979 1826 2195 1881 quoque
2225 1811 2532 1868 assidentes
2558 1812 2842 1867 vestibulis
2893 1820 3206 1864 nostrorum
3261 1809 3430 1863 domi-

163 1903 264 1956 καὶ
305 1903 518 1975 ἀπάτης
551 1905 976 1972 πολιτευόμενοι,
1024 1905 1160 1974 πρὸς
1189 1904 1453 1976 ὑποδοχήν
1492 1906 1628 1957 εἰσιν
1659 1904 1746 1956 εύ-

1856 1901 2127 1967 ciliorum,
2165 1917 2268 1958 nos
2303 1903 2598 1958 reddamus
2628 1910 2908 1972 promptos
2938 1900 3004 1954 ad
3038 1899 3427 1964 obcdiendum,

161 1997 391 2062 τρεπεῖς
414 1995 514 2064 τῆς
547 1995 870 2065 δεοποτικῆς
897 1997 1229 2066 παρουσίαςο
1271 1995 1412 2049 οὕτω
1451 1996 1545 2049 καὶ
1584 1997 1745 2067 ἡμεῖς

1856 1993 2074 2062 quando
2102 1994 2398 2050 adveniens
2425 1994 2665 2064 pulsabit
2688 1994 2913 2047 ostium.
2946 1993 3098 2046 Beati
3141 1991 3309 2058 enim,
3343 1993 3430 2046 in-

159 2084 278 2146 τοίς
327 2082 621 2154 προθύροις
662 2083 770 2136 τῶν
817 2083 1172 2152 καταγωγίων
1224 2084 1381 2155 ήμῶν
1433 2101 1746 2155 προσαγρυ-

1856 2085 1986 2154 quit,
2034 2088 2207 2152 servi,
2246 2104 2378 2157 quos
2419 2103 2538 2140 cum
2567 2088 2765 2140 venerit
2805 2087 3053 2139 dominus
3093 2086 3313 2138 inveniet
3349 2078 3429 2139 sic

160 2173 448 2238 πνοῠντες,
473 2174 722 2244 ἑτοίμους
742 2175 876 2246 πρὸς
899 2174 1142 2246 ὑπακοὴν
1164 2176 1390 2238 ἑαυτοὺς
1411 2177 1745 2246 ποιήσωμεν,
1847 2175 2100 2244 facientes
2123 2176 2189 2230 ³⁸.
2605 2184 2607 2186 ’

160 2266 294 2320 ὅταν
317 2267 544 2331 ἐπιστὰς
564 2267 737 2340 κρούῃ
755 2268 852 2339 τὴν
874 2269 1067 2341 θύραν.
1091 2269 1382 2339 Μακάριοι
1403 2269 1531 2342 γὰρ,
1557 2271 1740 2339 φησὶν,
1781 2271 1835 2323 ol
1862 2269 2069 2325 δοῦλοι
2097 2272 2333 2337 ἐκεῖνοι,
2362 2272 2469 2338 οὒς
2493 2271 2687 2326 ἐλθὼν
2724 2274 2756 2325 ό
2807 2271 3008 2339 κύριος
3079 2267 3277 2324 αὐτῶν
3329 2272 3429 2324 εὐ-

157 2359 343 2428 ρήσει
373 2361 696 2426 ποιοῦντας
727 2361 932 2428 οὕτως.

259 2453 412 2505 Ἐπεὶ
451 2448 543 2505 οὖν
579 2453 844 2524 μακάριόν
891 2455 1008 2506 ἐστι
1038 2453 1099 2506 τὸ
1142 2453 1437 2506 ὑπακούειν
1480 2453 1556 2523 τῷ
1585 2453 1749 2524 κρούς⁹

165 2561 304 2607 οντι,
339 2543 526 2598 τούτου
553 2545 712 2615 χάριν
748 2545 1038 2610 διαπαντὸς
1080 2545 1216 2618 πρὸς
1242 2545 1345 2617 τὴν
1371 2547 1749 2617 μακαριότητα

171 2634 469 2704 βλέπουσα,
499 2634 814 2688 αἰσθάνεται
844 2635 939 2688 τοῦ
971 2633 1318 2705 παρεστῶτος
1358 2637 1423 2706 τῇ
1456 2634 1614 2706 θύρᾳ,
1646 2652 1747 2687 κα-

171 2727 280 2790 λῶς
325 2730 438 2791 τοῖς
485 2727 633 2792 ἰδίοις
674 2729 966 2799 θησαυροῖς
994 2726 1416 2798 ἐπαγρυπνοῦσα
1455 2727 1625 2797 ψυχὴ,
1655 2727 1748 2780 καί

174 2835 373 2888 φησιν·
403 2818 574 2886 Φωνὴ
612 2819 718 2872 τοῦ
763 2817 1090 2887 ἀδελφιδοῦ
1118 2835 1236 2887 μου
1258 2819 1458 2887 κρούει
1495 2819 1592 2871 ἐπὶ
1635 2817 1750 2885 τὴν

173 2910 385 2976 θύραν.
419 2908 543 2972 Πῶς
571 2910 635 2963 ἄν
657 2927 738 2972 τις
761 2909 855 2978 τὴν
881 2909 1014 2980 πρὸς
1041 2907 1109 2961 τὰ
1133 2908 1376 2978 θειότερα
1407 2910 1507 2979 τῆς
1533 2909 1751 2979 νύμφης

171 2999 364 3052 ἄνοδον
401 3000 490 3053 διὰ
521 3000 627 3052 τῶν
659 2999 963 3070 λεγομένων
1009 2999 1172 3063 ἀξίως
1217 3002 1636 3070 κατανοήσειεν;
1683 3000 1748 3051 'H

173 3093 317 3162 μετὰ
374 3093 640 3162 τοσαύτης
697 3092 939 3158 ἐξουσίας
993 3110 1046 3145 τε
1097 3095 1190 3146 καί¹
1239 3092 1618 3162 πεποιθήσεως
1660 3093 1750 3144 τὸν

170 3184 414 3255 σκληρὸν
441 3185 645 3238 ἐκεῖνον
683 3184 884 3254 Βορέαν
919 3185 1010 3254 ἀφ’
1050 3185 1247 3255 ἑαυτῆς
1277 3183 1613 3248 ἐξοικίσασα,
1659 3183 1754 3236 καὶ

1921 2449 2189 2516 Quoniam
2223 2462 2351 2517 ergo
2392 2447 2612 2502 beatum
2662 2451 2746 2501 est
2785 2447 3008 2502 obedire
3063 2446 3323 2516 pulsanti,
3361 2457 3427 2500 ea

1849 2540 1918 2596 de
1949 2555 2114 2594 causa
2159 2539 2341 2592 anima
2387 2553 2510 2607 qua:
2547 2548 2808 2607 perpetuo
2863 2538 3058 2605 aspicit
3089 2537 3157 2591 ad
3193 2538 3430 2592 beatitu-

1849 2636 2055 2698 dinem,
2083 2630 2200 2686 suis
2235 2631 2515 2684 thesauris
2567 2623 2856 2696 diligenter
2908 2630 3219 2700 invigilans,
3260 2631 3430 2686 sentit

1852 2738 2114 2793 sponsum
2151 2730 2386 2776 stantem
2414 2721 2480 2776 ad
2511 2722 2737 2782 ostium,
2770 2729 2823 2774 et
2873 2721 3039 2776 dicit:
3076 2720 3189 2775 Vox
3220 2733 3431 2791 patrue-

1853 2819 1918 2873 lis
1956 2818 2057 2870 mei
2091 2814 2266 2884 pulsat
2297 2813 2365 2867 ad
2389 2814 2601 2868 ostium.
2630 2812 2919 2879 Quomodo
2944 2821 3130 2884 posset
3153 2815 3429 2884 quispiam

1851 2925 1950 2982 pro
1983 2908 2246 2980 dignitate
2277 2907 2631 2962 considerare
2674 2921 2890 2976 sponsa:
2923 2921 3209 2962 ascensum
3261 2908 3330 2962 ad
3363 2923 3429 2964 ea

1848 3017 1972 3072 quae
2003 3009 2133 3056 sunt
2163 2999 2482 3054 diviniora?
2525 2999 2656 3064 Qua:
2684 3014 2807 3052 cum
2861 3007 3013 3052 tanta
3069 2999 3321 3055 libertate
3361 3015 3428 3054 ac

1854 3094 2052 3148 ﬁducia
2081 3093 2278 3147 durum
2311 3090 2463 3144 illum
2495 3091 2719 3146 boream
2747 3107 2778 3145 a
2806 3107 2866 3146 se
2891 3092 3223 3157 amandavit,
3258 3100 3314 3148 et
3343 3093 3431 3146 ln-

1852 3182 2033 3237 cidum
2063 3181 2315 3252 spiritum
2343 3180 2410 3234 ad
2443 3196 2501 3235 se
2531 3180 2776 3243 attraxit,
2805 3197 2927 3251 quae
2961 3182 3227 3236 malorum
3259 3185 3422 3252 puni-

164 3276 234 3329 τδ
275 3276 538 3344 φωτεινὸν
585 3275 801 3346 πνεῦμα
846 3275 980 3347 πρὸς
1011 3275 1206 3346 ἑαυτὴν
1251 3275 1684 3344 ἐφελκυσαμένη,
1714 3275 1748 3344 ή

1856 3289 2044 3328 carum
2079 3271 2362 3342 paradisos
2393 3287 2490 3341 per
2515 3286 2576 3326 os
2603 3271 2786 3337 ellicit,
2818 3287 3049 3342 quorum
3079 3289 3236 3344 poma
3272 3283 3432 3329 erant

169 3366 538 3438 παραδείσους
568 3367 706 3437 ῥοῶν
733 3367 820 3420 διὰ
845 3366 938 3420 τοῦ
974 3367 1239 3437 στόματος
1268 3367 1628 3437 ἐργαζομένη,
1675 3359 1750 3418 ὧν

167 3461 445 3532 ἀρώματα
475 3457 543 3531 ἦν
575 3461 866 3532 ἀκρόδρυα,
900 3461 933 3529 ή
963 3459 1053 3512 τὸν
1083 3460 1255 3530 κῆπον
1300 3457 1499 3528 ἑαυτῆς
1547 3457 1753 3528 τράπε-

168 3554 273 3618 ζαν
308 3552 628 3623 προτιθεῖσα
668 3551 746 3622 τῷ
794 3551 1034 3622 Δεσπότῃ
1081 3551 1180 3620 τῆς
1230 3550 1476 3614 κτίσεως,
1508 3543 1574 3618 ἦς
1616 3549 1751 3600 ἀπό-

170 3645 374 3713 ϐλητον
407 3644 578 3715 ἐφάνη
619 3644 725 3696 τῶν
766 3643 1132 3714 προτεθέντων
1165 3641 1315 3694 οὐδέν
1343 3655 1360 3672 ’
1409 3638 1543 3692 άλλά
1576 3639 1752 3692 πάντα

167 3731 313 3787 εἶναι
348 3734 488 3787 καλά
519 3734 872 3806 ἐμαρτυρήθη
905 3736 938 3805 ὴ
967 3733 1202 3804 σμύρνα,
1227 3731 1287 3785 τὸ
1309 3730 1527 3802 ἄρωμα,
1555 3731 1584 3782 6
1614 3728 1752 3799 μετά

165 3827 266 3880 τοῦ
318 3826 536 3895 μέλιτος
580 3826 762 3895 ἄρτος,
797 3827 830 3878 6
877 3825 1014 3896 μετά
1064 3823 1158 3876 τοῦ
1207 3823 1478 3890 γάλακτος
1522 3812 1749 3891 οἷνος,ᾖ

165 3916 557 3988 ἐμαρτύρησεν
585 3918 614 3970 6
652 3917 825 3984 Λόγος
867 3916 930 3968 τὸ
957 3915 1180 3980 τέλειον,
1222 3911 1425 3965 εἰπών·
1476 3914 1556 3966 ὅτι
1604 3911 1748 3979 Ὄλη

167 4007 332 4075 καλὴ
363 4005 439 4072 εἷ,
488 4008 585 4062 καὶ
625 4006 830 4077 μῶμος
861 4009 972 4061 οὐκ
1003 4007 1174 4061 ἔστιν
1197 4005 1266 4058 ἐν
1291 4005 1390 4058 σοί
1422 4021 1436 4033 ο
1485 4002 1623 4072 αὕτη
1657 4001 1750 4055 νῦν

165 4101 313 4154 οὕτω
347 4101 635 4160 διάκειται,
675 4101 750 4162 ὡς
780 4097 1010 4170 πρώτως
1060 4095 1326 4168 μέλλουσα
1376 4092 1624 4162 δέχεσθαι
1655 4091 1749 4144 τοῦ

167 4191 308 4247 Θεοῦ
348 4192 448 4263 τὴν
475 4192 793 4262 ἐμφάνειαν,
825 4191 918 4244 καὶ
949 4191 1023 4254 ὡς
1050 4189 1263 4243 οὐδέπω
1303 4187 1394 4240 τὸν
1421 4186 1514 4239 νῦν
1542 4184 1750 4237 ἑστῶτα

165 4286 277 4356 πρὸ
311 4285 422 4337 τῶν
463 4283 639 4354 θυρῶν
658 4283 826 4350 Λόγον
858 4281 1216 4350 είσδεξαμένη
1265 4279 1360 4333 καὶ
1392 4276 1748 4338 είσοικίσασα,

166 4378 229 4427 ἐν
274 4373 517 4442 θαύματι
560 4373 662 4441 τῆς
711 4373 893 4443 φωνῆς
935 4374 1166 4425 ποιεῖται
1208 4370 1307 4441 τὴν
1351 4369 1614 4439 δύναμινο
1663 4366 1751 4420 διὰ

165 4465 330 4520 τοῦτό
363 4480 525 4534 φησιν
573 4462 726 4516 οὔπω
769 4463 974 4532 αὐτῆς,
1022 4460 1157 4515 ἀλλὰ
1209 4461 1312 4530 τῆς
1367 4460 1537 4531 θύρας
1582 4458 1752 4528 αὐτῆς

167 4554 442 4609 ἅπτεσθαι
466 4553 564 4624 τὴν
591 4553 686 4606 τοῦ
720 4555 954 4624 νυμφίου
987 4555 1189 4624 φωνήν.
1230 4553 1401 4620 Φωνὴ
1433 4553 1562 4624 γὰρ,
1593 4553 1747 4624 φησὶ,

165 4644 280 4697 τοῦ
305 4642 629 4712 ἀδελφιδοῦ
653 4659 772 4712 μου
803 4644 1001 4711 κρούει
1033 4643 1133 4695 ἐπὶ
1163 4640 1279 4708 τὴν
1310 4643 1516 4709 θύραν.

229 4736 394 4806 Ὁρᾷς
411 4735 528 4798 πῶς
543 4733 790 4805 ἀόριστός
807 4735 922 4786 ἐστι
937 4736 1050 4797 τοῖς
1066 4733 1200 4804 πρὸς
1215 4734 1305 4786 τὸν
1317 4732 1448 4786 Θεὸν
1465 4732 1704 4786 ἀνιοῦσιν
1720 4731 1750 4784 6

160 4829 397 4901 δρόμος·
426 4828 544 4891 πῶς
575 4827 637 4881 τὸ
663 4829 751 4882 ἀεὶ
779 4826 1346 4898 καταλαμϐανόμενον,
1364 4825 1506 4896 ἀρχὴ
1531 4823 1668 4895 πρὸς
1689 4821 1749 4876 τὸ

162 4921 565 4992 ὑπερκείμενον
581 4921 788 4989 γίνεται
804 4937 819 4984 ;
839 4921 960 4972 Ὅτι
976 4919 1083 4989 γὰρ
1101 4919 1288 4972 στάσιν
1303 4918 1422 4972 τινὰ
1439 4915 1533 4970 τοῦ
1548 4915 1747 4988 δρόμου

159 5014 268 5083 τῆς
294 5014 429 5084 πρὸς
455 5012 524 5066 τά
546 5012 724 5084 ὑψηλά
752 5014 980 5084 πορείας
1005 5011 1095 5064 διά
1119 5011 1226 5064 τῶν
1248 5011 1383 5082 πρὸς
1407 5009 1574 5080 αὐτὴν
1605 5010 1750 5080 εἰρη-

166 5106 353 5176 μένων
387 5105 716 5175 ηλπίσαμεν;
759 5106 954 5177 Τίγάρ
981 5105 1044 5158 ἄν
1066 5121 1150 5166 τις
1180 5104 1316 5173 μετά
1353 5102 1450 5172 τὴν
1475 5100 1747 5170 τελειότη-

161 5214 260 5260 τος
295 5197 598 5268 μαρτυρίαν
637 5197 799 5251 πλέον
834 5197 1123 5268 (mndata;
1177 5185 1310 5246 Τότε
1355 5192 1624 5263 βλέπομεν
1669 5191 1750 5244 ἔτι

161 5288 319 5341 ἔνδον
339 5284 504 5341 οὖσαν
530 5288 720 5358 αὐτὴν,
746 5289 840 5342 καὶ
871 5287 1032 5340 οὔπω
1044 5286 1152 5339 τῶν
1178 5283 1357 5356 θυρῶν
1390 5284 1560 5353 αὐτῆς
1595 5283 1750 5346 ἐκτὸς

161 5381 572 5451 γεγενημένην,
615 5381 737 5433 οὐδὲ
783 5382 884 5451 τῆς
931 5377 1072 5431 κατὰ
1123 5376 1411 5447 πρόσωπον
1454 5375 1753 5445 ἐμφανείας

157 5476 690 5543 κατατρυφήσασαν,
713 5471 825 5524 ἀλλ’
847 5470 926 5524 ἔτι
946 5469 1037 5523 διὰ
1055 5468 1154 5538 τῆς
1176 5467 1343 5537 ἀκοῆς
1369 5466 1505 5537 πρὸς
1524 5465 1623 5533 τὴν
1642 5464 1750 5517 τῶν

157 5563 389 5635 ἀγαθῶν
427 5564 718 5634 μετουσίαν
738 5561 1135 5633 ὁδηγουμένην,
1188 5557 1359 5612 Τοῦτο
1397 5552 1492 5611 οὖν
1530 5556 1620 5609 διὰ
1641 5555 1749 5609 τῶν

221 5739 264 5770 ις
301 5736 449 5794 ρεει,
489 5753 648 5806 "In,
666 5737 716 5795 6,
833 5738 875 5774 -'
902 5736 1061 5792 Joan.
1099 5732 1290 5802 "1,29.

1403 5731 1450 5766 ’³
1476 5729 1748 5805 ιυαεχιι,
1774 5731 1824 5787 ὅ.

1854 3369 2120 3426 aron'tata,
2157 3377 2276 3431 quae
2302 3377 2461 3416 suum
2496 3361 2714 3416 hortum
2745 3378 2990 3418 mensam
3028 3365 3284 3433 apposuit
3328 3366 3435 3420 Do-

1853 3454 2003 3508 mino
2043 3461 2331 3514 creaturae,
2359 3452 2518 3522 cujus
2570 3469 2636 3506 ex
2664 3453 2734 3508 iis
2775 3469 2897 3523 quae
2927 3453 3152 3508 fuerunt
3182 3457 3432 3526 apposita

1853 3543 1987 3596 nihil
2020 3543 2197 3597 visum
2229 3549 2312 3596 est
2335 3542 2717 3612 rejiciendum,
2741 3543 2836 3598 sed
2859 3544 3003 3612 quod
3029 3546 3210 3600 omnia
3243 3554 3433 3602 essent

1852 3634 2084 3703 pulchra
2119 3649 2183 3689 ac
2219 3635 2385 3697 bona.
2415 3634 2603 3688 datum
2638 3645 2724 3691 est
2755 3637 2807 3690 ei
2857 3637 3235 3691 testimonium
3285 3655 3434 3708 myr-

1851 3725 1973 3788 rha.
2007 3740 2214 3788 aroma,
2271 3725 2428 3794 panis
2473 3741 2596 3780 cum
2635 3727 2815 3788 melle,
2866 3726 3050 3780 vinum
3085 3743 3210 3781 cum
3267 3728 3430 3790 lacte,

1853 3816 1942 3871 cui
1997 3797 2372 3869 testimonium
2420 3815 2568 3870 dedit
2629 3817 2808 3884 ipsum
2861 3815 3141 3882 Verbum,
3197 3817 3430 3873 dicens:

1856 3905 1989 3960 Tota
2019 3905 2242 3973 pulchra
2269 3922 2346 3968 es,
2371 3915 2420 3960 et
2447 3907 2657 3960 macula
2689 3924 2791 3962 non
2827 3919 2906 3962 est
2929 3910 2984 3962 in
3018 3919 3065 3964 te
3091 3926 3110 3964 :
3145 3912 3260 3980 ipsa
3287 3927 3433 3965 nunc

1852 3999 1926 4052 ita
1958 4005 2042 4053 est
2067 3996 2281 4062 affecta,
2315 4005 2374 4052 ut
2410 4014 2532 4067 qua:
2561 4001 2740 4068 primo
2780 4008 2928 4056 esset
2979 4013 3301 4071 susceptura
3336 4003 3430 4056 Dei

1851 4093 2271 4162 apparitionem,
2314 4101 2367 4148 et
2401 4094 2562 4164 quasi
2604 4093 2846 4148 nondum
2889 4095 3202 4151 admisisset
3244 4104 3297 4150 et
3347 4096 3431 4150 in-

1851 4182 2191 4240 troduxisset
2219 4183 2457 4239 Verbum
2489 4185 2634 4255 quod
2701 4194 2811 4240 stat
2844 4201 2942 4255 pro
2976 4187 3207 4252 foribus,
3250 4187 3429 4242 admi-

1850 4284 2006 4330 ratur
2044 4278 2152 4341 vim
2184 4277 2376 4332 vocis:
2420 4289 2705 4348 pr0pterea
2751 4277 2884 4332 dicit
2928 4279 3071 4350 quod
3103 4295 3208 4334 vox
3239 4282 3427 4350 sponsi

1850 4381 1961 4420 non
1991 4367 2190 4437 ipsum,
2225 4367 2320 4423 sed
2358 4368 2560 4423 ostium
2604 4369 2784 4438 ipsum
2825 4376 3032 4439 tangat.
3065 4368 3210 4424 Dicit
3243 4371 3425 4427 enim:

1862 4457 1975 4513 Vox
2009 4459 2266 4528 patruelis
2306 4461 2408 4514 mei
2427 4464 2607 4530 pulsat
2632 4461 2700 4514 ad
2740 4462 2956 4518 ostium.

1907 4551 2090 4608 'Vidcs
2139 4554 2602 4623 quemadmodum
2633 4563 2717 4611 est
2759 4571 2870 4610 non
2909 4554 3170 4612 deﬁnitus
3208 4570 3272 4611 ac
3323 4565 3432 4611 ter-

1779 4627 2094 4700 13minatus
2144 4660 2342 4702 cursus
2420 4646 2492 4701 iis
2559 4646 2651 4716 qui
2712 4649 3018 4704 ascendunt
3085 4649 3150 4702 ad
3211 4648 3438 4703 Deum:

1853 4743 1909 4791 et
1938 4736 2400 4807 quemadmodum
2427 4738 2486 4792 id
2502 4737 2649 4808 quod
2675 4754 2892 4809 semper
2913 4738 3439 4810 comprehenditur,

1852 4837 1938 4882 est
1970 4828 2303 4899 principium
2328 4829 2674 4898 superioris?
2706 4828 2893 4901 Neque
2923 4831 3064 4885 enim
3095 4846 3191 4902 per
3215 4846 3278 4886 ea
3307 4845 3443 4901 qua:-

1856 4919 1960 4975 sibi
1993 4918 2138 4974 dicta
2168 4929 2298 4974 sunt
2324 4922 2669 4990 speravimus
2701 4922 2818 4975 fore
2841 4931 2900 4976 ut
2922 4923 3228 4993 ingressum
3261 4922 3428 4976 siste—

1853 5019 1938 5064 ret
1955 5011 2023 5064 ad
2043 5011 2282 5066 excelsa.
2303 5011 2444 5078 Quid
2467 5014 2613 5068 enim
2639 5013 2878 5084 amplius
2904 5023 3110 5084 quaeret
3128 5013 3437 5084 quispiam,

1855 5111 1979 5172 post
2009 5103 2384 5157 testimonium
2426 5103 2492 5159 de
2521 5103 2878 5173 perfectione,
2905 5104 3098 5158 videns
3123 5120 3243 5160 eam
3279 5103 3427 5156 intus

1855 5201 2190 5256 manentem,
2212 5205 2266 5249 et
2297 5206 2448 5250 extra
2481 5195 2624 5252 fores
2651 5195 2892 5250 nondum
2921 5211 3221 5266 egressam,
3250 5211 3439 5264 neque:

1855 5286 2083 5340 visionis
2110 5285 2253 5342 facie
2287 5286 2359 5340 ad
2387 5286 2581 5342 faciem
2608 5289 2821 5358 cepisse
2856 5287 3299 5352 delectationem,
3329 5287 3433 5342 sed-

1859 5376 2036 5430 adhuc
2061 5375 2188 5430 duci
2228 5393 2325 5446 per
2363 5378 2698 5434 auditionem
2720 5378 2788 5434 ad
2828 5379 3096 5434 bonorum
3132 5377 3435 5449 participa-

1858 5466 2106 5520 tionem?
2154 5465 2269 5522 Hoc
2320 5468 2487 5540 igitur
2530 5469 2728 5538 dogma
2778 5469 3046 5526 discimus
3070 5484 3168 5538 per
3207 5481 3271 5523 ea
3303 5483 3435 5537 quac

1857 5555 2004 5613 dicta
2053 5566 2202 5624 sunt,
2247 5559 2394 5630 quod
2455 5560 2526 5618 iis
2573 5561 2668 5631 qui
2718 5560 2785 5617 ad
2850 5561 3062 5632 majora
3112 5559 3434 5631 proﬁciunt,
