3854 6216
1671 320 1732 378 S.
1771 310 2100 376 GREGORIl
2136 307 2428 364 NYSSENI
3563 291 3696 345 £000

433 338 542 396 999

438 466 656 520 semper
681 448 939 505 convenit
967 461 1072 501 vox
1101 444 1376 516 Apostoli,
1412 441 1606 496 dicens
1633 456 1647 492 :
1681 435 1742 491 Si
1773 434 1890 504 quis
1919 430 2021 485 sibi

2143 425 2426 498 ιιρημένων
2458 423 2517 477 τὸ
2557 421 2732 490 δόγμα
2765 417 3134 490 μανθάνομεν,
3183 414 3265 466 ὅτι
3315 410 3546 464 πάντοτε
3593 411 3699 470 τοῖς

438 497 646 520 -ν---νν-
684 497 938 505 νν--ν--η
981 497 1072 501 ----
1101 497 1296 516 nr--.
1787 497 1798 504 .

438 541 646 599 videtur
673 542 877 612 aliquid
911 541 1069 605 scire,
1098 537 1330 593 nondum
1368 535 1465 590 scit
1493 528 1754 603 quomodo
1777 531 2017 596 oporteat

2143 521 2214 572 ﬁt
2247 516 2317 570 τὰ
2367 515 2537 588 μείζω
2585 513 3002 585 προκόπτουσιν,
3034 505 3289 577 ἁρμόδιός
3334 505 3482 555 ἐστιν
3535 502 3576 572 ἡ
3611 497 3700 552 τοῦ

437 653 558 690 eum
589 635 724 689 scire
745 635 811 688 ".
841 633 901 688 In
925 634 1004 688 cis
1029 632 1174 688 enim
1205 645 1327 700 quae
1361 627 1778 699 praecesserant,
1805 628 2016 673 tantum

442 743 503 783 se
552 727 807 798 cognovit
863 726 1046 780 anima
1102 732 1364 793 quantum
1423 710 1856 786 comprehendit.
1911 706 2019 762 Sed

442 819 702 888 quoniam
741 816 886 886 quod
922 815 1162 870 nondum
1198 820 1285 867 est
1322 808 1798 878 comprehensum,
1825 808 1910 856 est
1937 800 2021 852 in-

443 909 615 963 ﬁnitis
649 908 898 978 partibus
932 906 1112 973 majus
1143 918 1308 974 quam
1355 899 1502 971 quod
1541 904 1627 952 est
1665 891 2022 963 comprehen-

445 1016 590 1066 sum,
625 1008 915 1070 propterea
945 999 1141 1052 animae
1169 997 1368 1066 saepius
1394 991 1650 1062 apparuit
1678 1001 1936 1058 sponsus,
1969 994 2025 1040 et

441 1101 702 1160 tanquam
759 1089 1000 1144 nondum
1041 1095 1371 1156 conspectus
1428 1083 1623 1138 fuisset
1661 1079 1781 1149 ejus
1819 1076 2018 1138 oculis,

451 1201 586 1240 voce
633 1199 851 1254 sponsae
885 1191 970 1237 est
1004 1181 1284 1252 pollicitus
1315 1193 1374 1232 se
1400 1177 1469 1230 ab
1507 1191 1570 1231 ea
1604 1169 1924 1227 videndum.
1956 1165 2026 1221 Ut

2133 607 2458 662 Ἀποστόλου
2480 606 2633 674 φωνὴ
2657 605 2691 674 η
2715 602 2948 669 λέγουσα
2970 614 2984 628 ·
3018 598 3097 649 ὅτι
3127 596 3199 648 El
3219 612 3307 658 τις
3338 590 3500 644 δοκεῖ
3523 590 3698 656 ὲτνω-

2121 702 2309 763 uerat,
2355 700 2519 752 οὔπω
2552 697 2705 766 ἔγνω
2735 693 2929 758 καθὼς
2959 689 3053 744 δεῖ
3095 687 3338 758 γνῶναι.
3383 683 3575 749 Ἔγνω
3612 679 3703 747 μὲν

2122 794 2231 866 γὰρ
2276 793 2439 846 αὑτὸν
2479 794 2536 843 ὲν
2574 791 2688 852 τοῖς
2723 786 2993 856 φθάσασιν
3032 783 3067 853 ἡ
3095 778 3244 850 ψυχὴ
3276 774 3530 829 τοσοῦτον
3587 772 3707 823 ὅσον

2123 886 2441 942 κατέλαϐεν.
2475 883 2612 936 Ἀλλ’
2634 881 2819 950 ἐπειδὴ
2846 880 2908 933 τό
2927 878 3091 948 μήπω
3104 869 3534 940 κατειλημμένον
3552 867 3707 920 ἀπι-

2123 979 2412 1057 ροπλάσιον
2451 972 2548 1027 τοῦ
2622 969 3057 1042 καταληφθέντος
3079 963 3193 1020 ἐστι
3214 981 3226 993 ο
3255 962 3345 1015 διὰ
3371 959 3533 1014 τοῦτο
3549 955 3712 1025 ὤφθη

2126 1049 2383 1136 πολλάκις
2438 1072 2504 1140 τῇ
2556 1068 2701 1137 ψυχῇ
2734 1055 2776 1118 ῖδ
2817 1064 3081 1132 νυμφίος,
3130 1057 3222 1110 καὶ
3255 1055 3330 1116 ὡς
3383 1051 3618 1123 μηδέπω
3655 1049 3713 1099 ὲν

2125 1164 2424 1234 ὀφθαλμοῖς
2456 1161 2766 1230 γενόμενος,
2799 1152 3131 1226 ὀφθήσεσθαι
3157 1153 3224 1220 τῇ
3263 1147 3452 1218 νύμφῃ
3487 1143 3582 1196 διὰ

463 1232 585 1240 --η
633 1232 850 1254 Tw-"
890 1232 967 1237 ___

446 1285 629 1330 autem
673 1277 744 1330 sit
781 1275 939 1329 nobis
974 1287 1172 1328 sensus
1227 1267 1540 1332 dilucidior,
1591 1261 1826 1333 exempli
1860 1272 2025 1314 causa

2143 1232 2316 1328 pmvﬁc
2341 1253 2753 1322 ἐπαγγέλλεται.
2813 1249 2900 1310 Ὠς
2935 1246 2980 1299 δ’
3017 1244 3082 1298 ἂν
3116 1241 3448 1310 σαφέστερον
3479 1237 3622 1305 ἡμῖν
3654 1232 3714 1285 τὸ

449 1367 642 1421 addam
676 1365 970 1434 quamdam
1006 1361 1444 1418 similitudinem.
1474 1353 1762 1423 Quomodo
1803 1350 1946 1408 enim
1979 1348 2025 1404 si

2143 1327 2304 1420 tdqpa
2323 1348 2550 1415 γένοιτο,
2567 1343 2749 1396 εἰκόνα
2773 1339 2892 1393 τινὰ
2910 1339 2975 1392 δι’
2998 1335 3388 1403 ὑποδείγματος
3413 1327 3716 1400 προσθήσω

446 1459 575 1528 quis
601 1423 765 1511 fuerit
796 1471 963 1525 prope
994 1455 1196 1508 fontem
1226 1452 1586 1520 illum,quem
1619 1462 1686 1502 ex
1720 1453 1869 1500 terra
1895 1442 2028 1497 dicit

2143 1441 2206 1513 τῷ
2238 1441 2399 1508 λόγῳ.
2432 1439 2643 1506 Ὥσπερ
2672 1434 2779 1505 γὰρ
2808 1433 2862 1486 εἴ
2885 1449 2966 1494 τις
2994 1429 3220 1502 πλησίον
3257 1425 3472 1494 ἐκείνης
3500 1423 3716 1489 γένοιτο

449 1513 521 1604 ab
552 1549 710 1601 initio
738 1513 1035 1600 ascen-dere
1059 1543 1344 1613 Scriptura
1362 1513 1548 1612 “,qui
1576 1545 1763 1594 tantus
1777 1547 1862 1592 est
1887 1534 2030 1589 mul-

2143 1533 2229 1603 τῆς
2259 1531 2462 1601 πηγῆς,
2492 1526 2560 1597 ἢν
2583 1527 2892 1581 ἀναϐαίνειν
2925 1517 3078 1576 εἶπεν
3113 1523 3177 1574 ὲκ
3204 1519 3304 1587 τῆς
3325 1517 3428 1586 γῆς
3453 1514 3582 1566 κατ’
3613 1513 3713 1582 άρο

448 1637 682 1692 titudine
718 1642 776 1688 ut
827 1635 1137 1689 universam
1203 1641 1402 1686 terram
1458 1630 1780 1693 circumeat,
1838 1623 2029 1679 videns

2143 1626 2232 1696 [ὰς
2259 1625 2294 1693 ἡ
2332 1619 2543 1692 Γραφὴ,
2586 1617 2852 1687 τοσαύτην
2897 1611 3060 1668 οὖσαν
3105 1611 3168 1664 τὸ
3197 1607 3420 1678 πλῆθος,
3459 1605 3536 1667 ὡς
3571 1603 3716 1656 ἅπαν

450 1743 647 1799 aquam
678 1727 824 1781 illam
865 1725 1156 1787 inﬁnitam,
1190 1737 1312 1794 quae
1341 1737 1405 1777 ex
1433 1735 1500 1775 eo
1522 1720 1750 1775 omnino
1786 1715 1955 1772 eﬂluit
1976 1720 2031 1769 et

2143 1719 2230 1788 τῆς
2261 1717 2364 1787 γῆς
2407 1711 2718 1776 ἐπικλύζειν
2749 1710 2812 1761 τό
2849 1708 3164 1778 πρόσωπον.
3213 1700 3499 1770 Θαυμάσει
3549 1696 3656 1766 μὲν
3688 1695 3715 1746 ὁ

449 1786 774 1885 εάιιιιάἰιυτ,
831 1832 942 1873 non
1000 1786 1223 1871 dixerit-
1244 1831 1304 1870 se
1347 1823 1522 1868 totam
1557 1811 1764 1866 vidisse
1809 1821 2027 1877 aquam.

2143 1786 2198 1880 τῇ
2236 1786 2386 1879 πηγῇ
2422 1803 2730 1875 πλησιάσας
2761 1801 2821 1854 τὸ
2842 1801 3067 1870 ἄπειρον
3101 1796 3244 1865 ὕδωρ
3274 1794 3473 1853 ἐκεῖνο,
3502 1789 3567 1842 τὸ
3587 1786 3717 1840 πάν-

445 1878 926 1976 Quemadmodum
963 1907 1109 1962 enim
1139 1905 1339 1960 viderit
1376 1903 1523 1974 quod
1552 1909 1639 1957 est
1667 1899 1945 1954 occultum
1976 1895 2032 1950 in

2143 1878 2252 1956 ποτε
2276 1878 2444 1970 αὐτῆς
2464 1895 2770 1968 ἁνομὸροῦν
2796 1909 2854 1946 τε
2877 1893 2970 1946 καὶ
2999 1889 3362 1962 προχεόμενον
3383 1901 3396 1914 ⁸
3417 1883 3481 1936 οὐ
3508 1882 3620 1952 μὴν
3641 1878 3716 1932 εἶ-

451 2003 581 2059 sinu
613 2010 773 2056 terra:
797 2000 820 2054 ?
843 1998 981 2054 adeo
1012 2007 1073 2052 ut
1105 1997 1324 2052 etiamsi
1354 1973 1449 2050 diu
1484 2001 1701 2048 maneat
1731 1990 1800 2046 ad
1834 2002 2032 2058 aquam

2143 2012 2224 2048 moi
2252 1994 2318 2047 ἂν
2342 1993 2463 2046 ὅλον
2497 1989 2798 2061 ἑωρακέναι
2824 1985 2884 2038 τὸ
2909 1983 3073 2054 ὕδωρ.
3131 1979 3254 2042 Πῶς
3293 1976 3403 2047 γὰρ
3435 1974 3503 2028 ἂν
3523 1973 3630 2026 ἴδοι
3655 1973 3718 2024 τὸ

453 2092 850 2157 salientem,est
867 2105 1084 2160 semper
1103 2090 1157 2143 in
1181 2089 1338 2142 initio
1358 2101 1512 2158 aqua:
1535 2080 2031 2153 contemplationis.

451 2185 574 2241 Non
601 2185 749 2240 enim
771 2190 958 2238 cessat
981 2196 1143 2251 aqua,
1165 2189 1220 2236 et
1246 2194 1465 2248 semper
1485 2177 1662 2232 ﬂuens
1681 2186 1736 2230 et
1765 2173 2034 2243 incipiens

453 2277 751 2334 scaturire.
808 2273 901 2330 Sic
954 2281 1010 2329 et
1065 2274 1164 2344 qui
1215 2272 1283 2326 ad
1320 2273 1469 2326 illam
1527 2269 1771 2324 divinam
1815 2275 1870 2322 et
1925 2280 2035 2319 non

451 2367 846 2440 aspectabilem
880 2364 1079 2435 aspicit
1127 2361 1621 2435 pulchritudinem,
1658 2357 1878 2430 quando
1907 2359 2034 2427 qui-

455 2459 582 2515 dem
613 2458 761 2529 quod
793 2472 1010 2525 semper
1041 2456 1336 2517 invenitur,
1375 2453 1652 2508 recentius
1691 2459 1745 2504 et
1793 2450 2036 2504 admira-

2132 2091 2224 2143 ὲπὶ
2255 2091 2369 2152 τοῖς
2394 2086 2610 2146 κόλποις
2647 2082 2745 2152 τῆς
2773 2079 2878 2149 γῆς
2911 2075 3385 2146 ἑγκρυπτόμενον;
3418 2069 3590 2121 Ὥστε
3616 2065 3718 2118 κᾶν

2133 2181 2360 2236 ἐπιπολὺ
2396 2177 2712 2250 παραμείνῃ
2742 2173 2823 2243 τῷ
2867 2170 3082 2243 βρύοντι
3104 2206 3120 2230 ,
3147 2166 3232 2220 ἀεὶ
3280 2167 3339 2217 ὲν
3364 2163 3564 2234 ἀρχαῖς
3603 2162 3719 2212 ἐστι

2137 2275 2233 2344 τῆς
2265 2272 2497 2344 θεωρίας
2529 2268 2632 2322 ,τοῦ
2680 2267 2887 2330 ὓδατος.
2935 2263 3010 2317 Οὐ
3061 2260 3170 2329 γὰρ
3215 2257 3452 2311 παύεται
3479 2255 3540 2308 τὸ

2135 2343 2220 2420 ἀεί
2247 2383 2307 2418 τε
2341 2343 2488 2436 ῥέον,
2526 2361 2619 2414 καὶ⁵
2651 2359 2738 2413 ἀεὶ
2767 2356 2873 2421 τοῦ,
2911 2353 3095 2426 βρύειν
3122 2351 3447 2422 ἀρχόμενον.
3473 2344 3665 2408 Οὕτως
3689 2343 3718 2394 ὁ

2139 2458 2274 2528 πρὸς
2309 2457 2370 2509 τὸ
2414 2455 2556 2508 θεῖον
2591 2453 2767 2504 ἐκεῖνο
2800 2449 2896 2502 καὶ
2942 2445 3198 2516 ἀόριστον
3244 2440 3440 2501 κάλλος
3481 2436 3714 2506 βλέπων,

456 2527 646 2607 bilius
671 2551 897 2606 omnino
927 2548 1214 2613 cernitur,
1272 2561 1439 2617 quam
1489 2545 1544 2599 id
1591 2544 1737 2615 quod
1793 2551 1879 2598 est
1921 2541 2035 2608 jam

2143 2547 2326 2617 ἐπειδὴ
2362 2546 2425 2599 τὸ
2459 2545 2689 2598 πάντοτε
2727 2537 3134 2611 εὑρισκόμενον,
3174 2529 3489 2602 καινότερόν
3529 2544 3593 2580 τε
3628 2527 3721 2578 καὶ

448 2644 936 2712 comprehensum,
991 2639 1227 2694 miratur
1258 2636 1485 2708 quidem
1527 2635 1580 2691 id
1631 2633 1778 2706 quod
1822 2647 2038 2703 semper

2143 2639 2566 2711 παραδοξότερον
2593 2635 2806 2695 πάντως
2837 2630 2986 2700 παρὰ
3011 2627 3088 2697 τῷ
3114 2625 3244 2678 εῖδει
3282 2620 3721 2691 κατειλημμένον

451 2710 708 2806 apparet,
732 2734 974 2787 nondum
1000 2739 1186 2785 autem
1206 2729 1428 2785 desistit
1449 2743 1480 2782 a
1501 2726 1779 2782 desiderio
1796 2723 2036 2786 videndi,

2143 2738 2354 2806 ὁρᾶται,
2389 2729 2658 2800 θαυμάζει
2704 2727 2799 2796 μὲν
2845 2723 2907 2776 τὺ
2948 2721 3034 2775 ἀεὶ
3076 2716 3538 2790 προφαινόμενον,
3573 2710 3721 2764 οὐδέ-

456 2802 752 2898 propterea
783 2823 932 2894 quod
970 2822 1219 2892 quolibet
1249 2820 1398 2890 quod
1429 2819 1675 2874 cernitur
1709 2817 1768 2870 ﬁt
1801 2815 2039 2870 divinius

2143 2802 2270 2878 ποτε
2300 2823 2356 2876 δὲ
2386 2823 2598 2876 ἵσταται
2631 2818 2730 2887 τῆς
2755 2813 2850 2867 τοῦ
2885 2813 3009 2865 ἰδεῖν
3041 2806 3354 2876 ἐπιθυμίας,
3380 2803 3474 2857 διὰ
3502 2802 3564 2854 τὸ
3585 2819 3719 2854 παν·-

459 2893 516 2968 ct
564 2893 1008 2982 magniﬁcentius
1057 2909 1110 2965 id
1157 2910 1304 2979 quod
1333 2915 1705 2979 exspectatur.
1743 2904 2040 2973 Propterea

2143 2917 2231 2980 τὸς
2262 2915 2356 2968 τοῦ
2383 2911 2660 2984 ὁρωμένου
2691 2899 3262 2978 μεγαλοπρεπέστερόν
3297 2914 3357 2984 τε
3387 2897 3488 2949 καὶ
3519 2893 3720 2984 θειότε-

459 3021 598 3077 ergo
617 2980 704 3060 hic
725 3019 944 3076 quoque
969 3017 1172 3073 sponsa
1194 3017 1408 3072 semper
1424 3000 1707 3055 admirans
1731 3006 1788 3052 et
1811 3006 2041 3067 stupens

2147 3024 2236 3077 ρον
2259 3002 2473 3058 εἶναιτὸ
2491 2997 2957 3072 προσδοκώμενον.
2971 2991 3071 3044 Διὰ
3083 2990 3244 3042 τοῦτο
3261 2983 3355 3040 οὖν
3373 2987 3472 3038 καὶ
3489 2980 3718 3036 ἐνταῦθα

461 3096 516 3150 id
536 3073 707 3166 vquod
745 3073 1144 3165 cognoscitur,
1203 3105 1487 3161 nunquam
1530 3091 1585 3144 in
1636 3089 1704 3142 iis
1746 3104 1867 3158 quae
1910 3094 2040 3143 sunt

2143 3073 2394 3169 ἧνύμφη
2441 3095 2530 3147 ἀεὶ
2571 3086 2928 3158 θαυμάζουσα
2969 3100 3028 3136 τε
3081 3081 3174 3134 καὶ
3207 3075 3628 3148 ὲκπλησσομένη
3661 3073 3718 3126 τὸ

454 3185 682 3254 cognita
721 3182 867 3238 sistit
896 3181 1234 3236 desiderium
1282 3181 1403 3248 ejus
1429 3178 1575 3248 quod
1627 3178 1775 3231 venit
1825 3177 1880 3231 in
1911 3192 2042 3232 con-

2144 3168 2562 3258 γινωσκόμενον,
2606 3181 2865 3235 οὐδέποτε
2899 3178 2958 3229 ὲν
2993 3175 3105 3234 τοῖς
3145 3169 3509 3239 ἐγνωσμένοις
3542 3168 3717 3232 ἵστησι

457 3274 898 3344 templationem.
933 3272 1301 3338 Quamobrem
1335 3285 1482 3323 nunc
1510 3283 1732 3338 quoque
1780 3277 2042 3335 tanquam

2144 3257 2238 3335 τοῦ
2265 3277 2638 3350 θεωρουμένου
2671 3275 2764 3327 τὸν
2795 3269 2978 3323 πόθον.
3019 3259 3092 3319 OE
3117 3265 3275 3334 χάριν
3301 3261 3397 3314 καὶ
3416 3259 3514 3312 νῦν
3643 3257 3718 3309 ἑτι

456 3364 536 3418 ad
567 3364 770 3418 ostium
825 3363 1057 3432 pulsans
1104 3362 1273 3416 sentit
1305 3358 1566 3422 Verbum,
1597 3367 1653 3412 et
1698 3356 1767 3411 ad
1797 3357 2042 3411 auditum

2145 3347 2596 3444 θυροκροτοῦντος
2635 3363 2728 3417 τοῦ
2755 3361 2926 3428 Δόγου
2956 3355 3292 3415 αἰσθάνεται,
3332 3352 3427 3405 καὶ
3461 3349 3600 3420 πρὸς
3624 3347 3717 3417 τὴν

463 3457 722 3527 surgitet
748 3455 881 3509 dicit
903 3470 926 3508 :.
962 3453 1074 3507 Vox
1095 3453 1352 3524 patruelis
1388 3451 1490 3504 mei
1522 3452 1702 3520 pulsat
1733 3451 1801 3503 ad
1827 3452 2042 3504 ouium.

466 3548 672 3604 Deinde
701 3562 825 3602 cum
879 3546 1152 3600 auditioni
1195 3545 1442 3598 dedisset
1493 3543 1732 3613 quietem
1783 3557 1847 3596 ac
1878 3542 2046 3595 silen-

455 3643 625 3705 tium,
659 3639 813 3692 audit
835 3635 1074 3692 Verbum
1103 3638 1183 3692 sic
1210 3651 1342 3689 voce
1370 3649 1640 3689 resonans
1669 3652 1682 3688 :
1714 3633 1874 3702 Aperi
1896 3633 2045 3696 mihi,

466 3747 618 3786 soror
648 3747 785 3797 mea,
835 3730 1082 3783 columba
1114 3745 1251 3790 mea,
1299 3727 1531 3796 perfecta
1586 3739 1748 3778 mea:
1799 3725 2048 3793 quoniam

457 3832 624 3890 caput
650 3839 818 3876 meum
847 3821 1058 3890 plenum
1087 3829 1168 3873 est
1200 3835 1338 3881 rore,
1377 3827 1425 3871 et
1458 3817 1695 3870 cincinni
1742 3815 1843 3868 mei
1885 3814 2047 3884 guttis

468 3915 659 3970 noctis.
713 3913 889 3981 Hujus
938 3922 1122 3966 autem
1173 3924 1397 3966 sensum
1446 3909 1527 3963 sic
1562 3905 2050 3977 comprehenderis

458 4006 916 4077 contemplando.
953 4003 1151 4074 Magno
1185 4001 1323 4057 Mosi
1357 4017 1455 4071 per
1505 4001 1686 4054 lucem
1734 3997 1904 4067 coepit
1952 3994 2049 4049 Dei

470 4097 782 4168 apparitio;
811 4103 1001 4166 postea
1038 4102 1225 4149 autem
1260 4108 1356 4162 per
1385 4091 1585 4146 nubem
1620 4088 1765 4144 Deus
1810 4103 1935 4142 cum
1984 4101 2051 4141 eo

462 4191 736 4262 loquitur.
770 4188 975 4244 Deinde
1009 4202 1134 4241 cum
1165 4187 1277 4255 jam
1308 4185 1501 4238 fuisset
1529 4181 1824 4238 sublimior
1848 4189 1902 4234 et
1929 4195 2052 4249 per-

471 4283 687 4346 fectior,
737 4279 910 4334 Deum
961 4277 1111 4331 videt
1145 4277 1200 4329 in
1226 4275 1482 4344 caligine.
1528 4271 1687 4338 Quod
1731 4279 1912 4324 autem
1958 4284 2053 4339 per

472 4374 576 4428 hoc
605 4371 891 4434 discimus,
945 4379 1029 4423 est
1084 4365 1440 4434 hujusmodi:
1477 4361 1695 4416 Primus
1727 4376 1977 4416 recessus
2021 4374 2052 4412 a

2146 3438 2389 3532 btruncth
2413 3457 2750 3512 διανίσταται
2771 3449 2864 3504 καί
2891 3463 3047 3517 φησι,
3064 3443 3238 3512 Φωνὴ
3263 3441 3372 3496 τοῦ
3395 3438 3719 3508 ἀδελφιδοῦ

2141 3573 2260 3625 μου
2281 3531 2479 3621 κρούει
2501 3547 2598 3601 ἐπὶ
2621 3543 2736 3611 τήν
2757 3544 2962 3610 θύραν.
2989 3538 3121 3594 Εἶτα
3141 3537 3373 3609 ἠσυχεαν
3396 3536 3517 3594 ταῖς
3537 3531 3721 3590 ἀκοαῖς

2147 3623 2391 3705 ἓνδοῦσα,
2439 3635 2625 3692 ἀκούει
2655 3632 2748 3686 τοῦ
2777 3631 2864 3684 διὰ
2912 3631 3012 3700 τῆς
3055 3629 3236 3698 φωνῆς
3276 3623 3724 3695 προσηχήσαντος

2143 3730 2336 3787 Λόλου·
2362 3731 2391 3783 ὁ
2411 3729 2468 3782 δὲ
2491 3727 2646 3794 λόγος
2672 3722 2909 3784 τοιοῦτός
2929 3722 3075 3774 ἐστιν
3089 3735 3103 3750 ’
3127 3716 3398 3780 Ἀνοιξὸγ
3412 3731 3536 3782 μοι,
3557 3711 3727 3765 ἀδελ-

2150 3821 2234 3893 φή
2260 3839 2401 3891 μου,
2435 3821 2475 3888 ή
2514 3816 2784 3885 πλησίον
2817 3831 2958 3884 μου,
3011 3809 3330 3879 περιστερά
3359 3825 3500 3877 μου,
3527 3805 3728 3858 τελεία

2143 3931 2297 3986 μου·
2339 3916 2426 3970 ὅτι
2466 3910 2505 3978 ἦ
2549 3905 2781 3976 κεφαλή
2810 3921 2932 3972 μου
2961 3901 3232 3967 ἐπλήσθη
3255 3899 3506 3967 δρόσου,
3543 3896 3647 3950 καὶ
3677 3895 3730 3948 οι

2143 4005 2476 4075 ,βόστρυχοί
2516 4018 2635 4071 μου
2671 3994 2954 4067 ψεκάδων
2999 3993 3236 4056 νυκτός.
3290 3989 3496 4042 Τούτου
3539 3986 3599 4040 δὲ
3635 3988 3732 4054 τὴν

2149 4099 2382 4153 διάνοιαν
2420 4093 2590 4155 οὕτως
2609 4090 2688 4144 τᾶν
2711 4105 2796 4152 τις
2816 4084 3111 4141 καταλάϐοι
3139 4085 3203 4153 τῆ
3231 4081 3454 4151 θεωρία.
3498 4079 3592 4149 Τῷ
3636 4095 3732 4148 με-

2150 4190 2300 4260 γάλῳ
2320 4187 2544 4242 Μωῦσεῖ
2564 4181 2650 4236 διὰ
2675 4178 2850 4249 φωτὸς
2871 4177 3072 4248 ἧρξατο
3093 4177 3126 4246 ἡ
3152 4172 3245 4226 τοῦ
3267 4171 3402 4224 Θεοῦ
3427 4172 3728 4260 ὲμφάνεια·

2156 4255 2292 4352 μετά
2321 4277 2490 4331 ταῦτα
2511 4273 2598 4326 διὰ
2624 4269 2851 4338 νεφέλης
2884 4265 3030 4335 αὺτῷ
3055 4263 3382 4329 διαλέγεται.
3436 4255 3578 4313 Εἶτα
3600 4260 3736 4327 seu-

2154 4351 2370 4443 λότερος
2397 4369 2497 4438 ἥδη
2528 4365 2622 4420 καὶ
2647 4361 2976 4431 τελειότερος
3012 4357 3318 4426 γενόμενος,
3347 4355 3406 4406 ἐν
3440 4352 3628 4420 γνόφῳ
3649 4351 3732 4403 τὸν

474 4465 632 4521 falsis
678 4472 732 4518 et
768 4463 1086 4517 errantibus
1114 4459 1182 4514 de
1234 4457 1342 4511 Deo
1401 4453 1909 4510 existimationibus
1970 4462 2042 4505 est

2157 4440 2290 4518 Θεὸν
2317 4462 2521 4534 βλέπει.
2578 4455 2642 4510 Ὃ
2683 4454 2741 4508 δὲ
2785 4453 2872 4506 διὰ
2906 4451 3094 4504 τούτου
3129 4447 3475 4519 μανθάνομεν
3495 4440 3731 4496 τοιοῦτόν

475 4559 742 4612 transitus
771 4555 836 4610 ad
871 4555 1046 4608 lucem
1079 4568 1109 4605 a
1148 4550 1412 4605 tenebris.
1443 4546 1814 4618 Propinquior
1864 4550 2049 4598 autem

473 4650 818 4705 occultorum
873 4642 1268 4706 consideratio,
1319 4657 1415 4712 per
1459 4656 1524 4695 ea
1577 4653 1699 4708 qua:
1751 4644 2053 4692 cernuntur

474 4741 754 4797 deducens
785 4739 1024 4792 animam
1056 4736 1121 4790 ad
1154 4743 1406 4789 naturam
1441 4748 1564 4804 qua:
1612 4747 1723 4786 non
1763 4730 1912 4785 cadit
1946 4730 2052 4785 sub

476 4841 784 4904 aspectum,
834 4838 918 4885 est
967 4831 1134 4884 veluti
1186 4829 1432 4898 quaedam
1481 4827 1658 4881 nubes
1718 4825 2052 4879 adumbrans

470 4923 740 4996 quidquid
772 4922 1020 4977 cernitur
1046 4962 1061 4982 .
1093 4919 1159 4974 ad
1193 4920 1247 4974 id
1281 4927 1464 4972 autem
1496 4917 1872 4987 aspiciendum
1905 4913 2050 4985 quod

473 5026 562 5072 est
590 5017 947 5076 absconsum,
977 5013 1214 5066 animam
1255 5012 1534 5066 deducens
1563 5020 1616 5063 et
1648 5008 2050 5064 assuefaciens.

479 5107 674 5161 Anima
703 5113 881 5159 autem
932 5119 1054 5172 quae
1086 5117 1182 5172 per
1220 5102 1335 5155 lucc
1366 5099 1617 5170 procedit
1673 5098 1740 5152 ad
1770 5114 2006 5168 superna
2035 5135 2052 5162 ,

479 5198 724 5270 qualibet
775 5212 835 5250 re
864 5195 1057 5249 relicta
1104 5209 1268 5263 quam
1306 5193 1544 5246 humana
1598 5198 1781 5260 potest
1835 5192 2054 5259 assequi

481 5298 703 5350 natura,
727 5297 979 5342 versatur
1029 5287 1086 5340 in
1123 5285 1305 5355 adytis
1334 5283 1429 5339 Dei
1477 5284 1829 5353 cognitionis,
1871 5283 2056 5336 divina

484 5384 714 5456 caligine
739 5383 978 5452 undique
1012 5381 1311 5449 intercepta
1341 5397 1353 5432 :
1391 5377 1448 5431 in
1481 5393 1588 5448 qua
1623 5375 1866 5444 quolibet
1908 5373 2056 5444 quod

485 5477 732 5535 cernitur
781 5482 836 5530 et
889 5470 1372 5542 comprehenditur
1416 5468 1550 5524 foris
1599 5469 1813 5534 relicto,
1862 5467 2058 5520 anima:

488 5587 531 5625 c:
553 5566 938 5639 ntemplationi
968 5566 1147 5622 solum
1179 5572 1352 5619 restat
1385 5563 1439 5617 id
1463 5561 1609 5633 quod
1640 5575 1750 5617 non
1778 5561 2058 5630 inspecta-

590 5751 685 5808 "i
718 5750 845 5806 Cor.
882 5747 1076 5814 vtnﬂ.
1157 5747 1200 5779 ³⁸
1258 5743 1393 5802 Gen.
1432 5760 1494 5814 ιι,
1536 5742 1614 5802 10.

2150 4560 2297 4612 ἐστιν
2322 4573 2336 4586 ·
2369 4555 2436 4607 Ἡ
2464 4550 2653 4624 πρώτη
2687 4546 2795 4600 ἀπὸ
2817 4544 2924 4597 τῶν
2949 4539 3161 4612 ψευδῶν
3179 4537 3273 4591 καὶ
3299 4534 3731 4604 πεπλανημένων

2151 4650 2280 4720 περὶ
2298 4645 2432 4700 Θεοῦ
2455 4639 2776 4712 ὑπολήψεων
2801 4633 3166 4720 ἀναχώρησις,
3192 4632 3227 4701 ἡ
3250 4626 3359 4681 ἀπὺ
3383 4625 3483 4679 τοῦ
3502 4625 3733 4720 ’σκότοῗς

2152 4709 2240 4801 εἰς·
2272 4736 2385 4806 φῶς
2430 4735 2547 4786 ἐστι
2595 4709 2944 4800 μετάστασις.
2991 4721 3054 4774 Ἡ
3082 4719 3142 4773 δὲ
3179 4713 3594 4789 πῳσεχεπέρα
3631 4709 3737 4764 τῶν

2153 4825 2411 4898 κρυπτῶν
2427 4817 2820 4889 κατανόησις,ή
2849 4813 2936 4866 διὰ
2965 4809 3075 4864 τῶν
3103 4806 3445 4878 φαινομένων
3471 4814 3737 4874 χειραγω-

2153 4889 2326 4990 γοῧσα
2352 4917 2451 4986 τὴν
2492 4912 2667 4984 ψυχὴν
2707 4908 2845 4978 πρὸς
2886 4905 2986 4975 τὴν
3039 4902 3269 4972 ἀόρατον
3287 4894 3491 4990 φύσιν,
3517 4889 3632 4947 οἷόν
3663 4907 3739 4990 τις

2146 4983 2341 5081 νεφέλη
2390 4983 2630 5077 γίνεται,
2673 5002 2735 5054 τὺ
2774 4995 3098 5067 φαινόμενον
3140 4991 3239 5062 μὲν
3282 4988 3432 5042 ἅπαν
3483 4983 3731 5038 ἐπισκιά-

2149 5076 2346 5168 (ossa;
2551 5096 2608 5148 δὲ
2642 5093 2702 5145 τὺ
2731 5088 2962 5162 κρύφιον
3017 5084 3235 5155 βλέπειν
3597 5091 3741 5169 χειρ-

2151 5165 2554 5259 αγωγοῦσα-καὶ
2583 5181 2958 5243 συνεθίζουσα.
2975 5173 3036 5228 Ἦ
3062 5173 3120 5227 δὲ
3142 5171 3229 5227 διὰ
3256 5168 3467 5224 τούτων
3487 5165 3740 5220 ὁδεύουσι

2161 5254 2297 5351 π’ρδέ
2325 5279 2394 5333 τὰ
2421 5278 2534 5330 ἄνω
2561 5272 2731 5344 ψυχὴ,
2761 5271 2885 5323 ὅσον
2917 5263 3140 5334 ἐφικτόν
3179 5259 3390 5351 turea
3423 5254 3741 5326 ἀνθρωπίνῃ

2163 5373 2344 5442 φύσει,
2373 5369 2443 5421 τὰ
2477 5368 2624 5436 κάτῳ
2657 5356 3057 5420 καταλιποῦσα,
3087 5352 3240 5416 ἐντὸς
3264 5350 3378 5405 τῶν
3402 5349 3622 5402 ἀδύτων
3649 5345 3742 5413 τῆς

2163 5439 2490 5532 θεογνωσίας
2518 5459 2748 5529 γίνεται,
2775 5451 2853 5524 τῷ
2882 5450 3014 5521 θείῳ
3049 5447 3234 5517 γνόφῳ
3257 5440 3604 5512 πανταχόθεν
3635 5439 3742 5532 δια·

2162 5528 2427 5628 ληφθεῖσα
2452 5570 2466 5583 ·
2522 5528 2579 5604 ἓν
2615 5542 2662 5617 ᾧ
2685 5545 2780 5602 τοῦ
2809 5539 3138 5616 φαινομένου
3171 5554 3232 5593 τε
3277 5535 3370 5590 καὶ
3393 5528 3740 5604 καταλιιμόιι⁴
