3854 6216
139 339 270 395 1001

1205 340 1274 396 ὶΝ
1299 342 1596 400 CANTICA
1625 343 1899 401 CANTIC.
1939 347 2225 406 HOMILIA
2261 351 2356 407 XI.

3281 355 3420 410 Η)θῖ

137 459 368 530 νομένου
396 456 602 522 παντὸς
621 456 729 524 ἔξω
753 458 1234 528 καταλειφθέντος,
1263 461 1422 532 μόνον
1451 461 1733 516 ὑπολείπε-

1840 463 1945 519 bile
1961 475 2014 520 et
2040 466 2616 538 incomprehensibile,
2641 467 2699 521 in
2716 481 2826 537 quo
2847 475 2931 524 est
2954 466 3120 528 Deus,
3144 472 3417 535 quomodo

137 565 234 604 ται
262 549 328 620 τῇ
345 546 566 620 ,θεωρίᾳ
589 547 688 618 τῆς
708 547 890 619 ψυχῆς
913 549 975 603 τὸ
999 550 1230 622 ἀόρατόν
1249 569 1308 604 τε
1330 553 1425 606 καὶ
1457 553 1733 626 ἀκατάλη-

141 660 300 706 πτον,
324 643 384 695 ἐν
413 635 459 708 ᾧ
489 641 639 694 ἐστιν
671 644 699 695 ό
731 642 886 707 Θεὸς,
918 641 1103 706 καθώς
1131 661 1263 714 φησι
1298 645 1428 717 περὶ
1457 645 1552 698 τοῦ
1580 663 1735 716 νομο⁶

142 735 301 789 θέτου
327 736 356 788 ό
385 733 546 802 λόγος
567 751 584 766 ο
639 735 721 788 ὅτι
762 733 1029 804 Εἱσῆλθε
1073 735 1144 790 δὲ
1181 737 1450 806 Μωῢσῆς
1497 740 1585 805 εὶς
1628 738 1735 794 τὸν

141 831 380 898 γνόφων
405 824 480 885 οὗ
513 824 593 899 ἦν
621 831 654 884 d
681 829 844 895 Θεός.

215 919 437 974 Τούτων
478 921 537 974 δὲ
562 923 696 993 ἡμῖν
725 921 870 975 οὕτω
912 922 1319 994 θεωρηθέντων,
1356 927 1621 981 σκεπτέον
1667 926 1733 980 ἂν

141 1009 230 1080 εἴη
275 1011 373 1065 καὶ⁹
423 1009 533 1065 τῶν
592 1012 968 1082 προκειμένων
1030 1016 1162 1086 ἡμῖν
1214 1015 1394 1087 ῥητῶν
1448 1017 1546 1089 τὴν
1595 1018 1734 1089 πρὸς

139 1100 213 1152 τὰ
270 1102 539 1172 εἰρημένα
585 1103 924 1171 συγγένειαν.
993 1101 1104 1158 τΗν
1154 1108 1242 1160 ὅτε
1305 1107 1532 1176 μέλαινα
1578 1104 1647 1181 ἧν
1699 1111 1732 1180 ὴ

140 1191 356 1262 νύμφη,
394 1195 510 1257 τοῖς
537 1193 863 1262 ἀφωτίστοις
903 1195 1166 1265 δόγμασιν
1195 1199 1553 1269 ἐσκοτωμένη
1573 1242 1588 1266 ,
1631 1219 1736 1254 πα-

143 1283 514 1352 ραϐλέψαντος
542 1284 715 1355 αὐτὴν
735 1285 828 1339 τοῦ
847 1286 1020 1357 ἡλίου,
1049 1286 1142 1340 τοῦ
1167 1288 1252 1341 διὰ
1275 1290 1384 1342 τῶν
1410 1292 1735 1362 πειρασμῶν

138 1377 242 1447 τὴν
293 1375 518 1446 ἄρριζον
556 1376 649 1430 ἐπὶ
700 1377 810 1431 τῶν
843 1379 1058 1450 πετρῶν
1100 1381 1309 1452 σπορὰν
1354 1383 1728 1450 ἐπικαίοντοςι

139 1468 232 1520 ὅτε
286 1468 396 1520 τῶν
450 1470 508 1529 ἐν
568 1469 705 1540 αὐτῇ
766 1471 1172 1542 μαχησαμένων
1225 1473 1524 1544 ἡττηθεῖσα
1549 1515 1564 1538 ,
1643 1477 1735 1530 τὸν

138 1557 444 1628 ἀμπελῶνα
485 1558 577 1612 τὺν
628 1560 827 1630 ἑαυτῆς
883 1561 985 1614 οὐκ
1043 1561 1306 1629 ἐφύλαξεν
1339 1580 1352 1592 ·
1412 1564 1492 1616 ὅτι
1537 1565 1735 1638 ἑαυτὴν

137 1651 460 1720 ἀγνοήσασα
491 1649 592 1714 τὰς
616 1650 723 1704 τῶν
766 1653 970 1722 ἐρίφων
997 1653 1198 1722 ἀγέλας
1231 1655 1354 1708 ἀντὶ
1383 1656 1492 1710 τῶν
1529 1659 1733 1728 προϐά-

137 1758 250 1793 των
272 1741 594 1811 ἐποίμανεν.
641 1741 782 1794 Ἀλλ’
807 1742 994 1814 ἐπειδὴ
1021 1743 1119 1814 τῆς
1150 1744 1284 1816 πρὸς
1310 1746 1370 1798 τὸ
1398 1747 1566 1800 κακὸν
1597 1766 1736 1821 συμ-

140 1834 311 1901 φυτας
340 1830 538 1906 ἑαυτὴν
553 1837 951 1906 ιάποστήσασα,
985 1837 1073 1892 διὰ
1105 1839 1198 1892 τοῦ
1233 1841 1496 1909 μυστικοῦ
1522 1842 1732 1897 ἐκείνου
1767 1814 1812 1873 Β

140 1927 452 1998 φιλήματος
472 1931 539 1998 τῇ
566 1931 716 2000 πηγῇ
746 1929 842 1982 τοῦ
869 1929 1046 2000 φωτὸς
1074 1935 1441 2002 προσαγαγεῖν
1467 1934 1528 1988 τὸ
1560 1936 1733 2005 στόμα

139 2018 401 2090 ἐπόθησε,
438 2020 560 2073 τότε
590 2021 730 2090 καλὴ
771 2021 1012 2089 γίνεται,
1062 2022 1140 2092 τῷ
1173 2024 1311 2092 φωτὶ
1343 2025 1442 2094 τῆς
1475 2025 1736 2097 ἀληθείας

140 2111 609 2182 περιλαμφθεῖσα,
643 2113 737 2166 καὶ¹
765 2113 825 2166 τὸ
856 2113 1025 2182 μέλαν
1052 2115 1150 2183 τῆς
1176 2115 1398 2183 ἀγνοίας
1419 2118 1734 2170 ἀποκλυσα-

142 2205 280 2274 μένη
307 2202 386 2273 τῷ
410 2202 582 2258 ὕδατι.
611 2200 745 2258 Εἶτα
774 2205 926 2277 ἵππῳ
949 2207 1230 2277 ὁμοιοῦται
1253 2208 1340 2262 διὰ
1366 2208 1426 2262 τὺ
1451 2209 1731 2280 εὔδρομον,

140 2295 237 2348 καὶ
268 2297 336 2366 τῇ
372 2297 671 2366 περιστερᾷ
703 2296 790 2350 διά
820 2297 882 2350 τὸ
925 2299 1088 2368 τάχος
1124 2299 1222 2370 τῆς
1251 2299 1508 2364 διανοίας.
1553 2303 1632 2355 Δι’
1659 2294 1734 2355 ὧν

141 2387 251 2438 πᾶν
271 2386 336 2438 τὸ
357 2386 913 2456 καταλαμϐανόμενόν
931 2404 992 2440 τε
1015 2389 1106 2441 καὶ
1131 2391 1453 2460 φαινόμενον
1478 2391 1553 2454 ὼς
1571 2393 1735 2456 ἵππος

139 2477 536 2548 διαδραμοῦσα,
570 2479 665 2530 καὶ
711 2478 786 2542 ὡς
813 2481 1114 2551 περιστερά
1151 2481 1444 2546 διαπτᾶσα,
1472 2485 1736 2555 πρότερον

144 2567 248 2636 μὲν
281 2571 352 2638 τῇ
384 2570 512 2638 σκιᾷ
538 2568 632 2621 τοῦ
666 2570 835 2641 μήλου
883 2570 1023 2640 μετά
1055 2572 1352 2642 ἐπιθυμίας
1384 2575 1732 2628 ἐπαναπαύε-

140 2677 256 2720 ται,
277 2659 450 2729 μῆλον
467 2661 586 2713 ἀντὶ
597 2661 827 2731 νεφέλης
845 2662 906 2714 τὸ
923 2663 1237 2728 ἐπισκιάζον
1255 2664 1702 2735 κατονομάζουσα
1717 2681 1730 2694 °

139 2749 239 2804 νῦν
263 2751 324 2804 δὲ
359 2751 462 2822 ἥδη
489 2751 594 2804 ὑπὸ
621 2753 720 2823 τῆς
753 2751 902 2817 θείας
936 2753 1129 2817 νυκτὸς
1154 2755 1487 2826 περιέχεται,
1520 2757 1641 2810 καθ’
1667 2759 1734 2828 ἢν

135 2847 166 2898 ὁ
189 2844 432 2915 νυμφίος
460 2846 822 2914 παραγίνεται
853 2847 972 2916 μὲν,
1004 2847 1065 2899 οὐ
1096 2846 1346 2915 φαίνεται
1372 2847 1449 2902 δέ.
1479 2847 1604 2912 Πῶς
1625 2849 1734 2921 γὰρ

134 2935 201 2987 ἐν
232 2935 392 2988 νυκτὶ
415 2935 609 3006 φανείη
639 2933 700 2988 τὸ
740 2936 814 3007 μὴ
849 2937 1159 3008 ὀρώμενον;
1213 2938 1326 2992 ἀλλ’
1355 2939 1608 3011 αἴσθησιν
1635 2941 1734 3011 μέν

134 3045 266 3081 τινα
288 3026 474 3080 δίδωσι
495 3029 563 3098 τῇ
591 3026 735 3098 ψυχῇ
772 3028 870 3098 τῆς
903 3031 1226 3098 παρουσίας,
1256 3030 1515 3100 ἐκφεύγει
1554 3033 1611 3085 δὲ
1635 3033 1733 3103 τὴν

134 3120 355 3192 ἐναργῆ
377 3121 705 3191 κατανόησιν
725 3120 803 3191 τῷ
819 3121 1036 3192 ἀοράτῳ
1061 3122 1163 3192 τῆς
1191 3122 1408 3192 φύσεως
1427 3124 1732 3194 ἐγκρυπτό-

137 3229 336 3284 μενος.
381 3211 479 3274 Τίς
507 3210 686 3264 τοίνυν
711 3211 862 3263 ἐστὶν
885 3213 918 3282 ἡ
943 3212 1203 3285 γινομένη
1231 3215 1298 3284 τῇ
1337 3213 1482 3286 ψυχῇ
1522 3214 1609 3266 διὰ
1636 3213 1736 3283 τῆς

134 3303 344 3367 νυκτὸς
380 3302 587 3372 ταύτης
627 3304 1017 3374 μυσταγωγία;
1059 3305 1322 3358 Ἀπτεται
1356 3308 1458 3377 τῆς
1497 3305 1666 3377 θύρας
1709 3309 1737 3358 ὁ

135 3395 344 3464 Λόγος.
375 3395 555 3468 Θύραν
579 3395 636 3447 δὲ
669 3394 898 3466 νοοῦμεν
921 3395 1020 3468 τὴν
1049 3397 1405 3468 στοχαστικὴν
1432 3393 1543 3451 τῶν
1565 3399 1738 3470 aper;-

133 3506 254 3542 των
273 3487 542 3551 διάνοιαν,
575 3487 640 3542 δι’
663 3481 734 3559 ἦς
759 3486 1110 3552 είσοικίζεται
1129 3489 1192 3542 τὸ
1223 3489 1570 3560 ζητούμενον.
1595 3491 1739 3555 Ἔξω

134 3581 327 3634 τοίνυν
355 3579 567 3632 ἑστῶσα
586 3579 687 3650 τῆς
715 3579 931 3650 φύσεως
951 3579 1108 3651 ἡμῶν
1134 3582 1167 3652 ἡ
1191 3580 1417 3651 ἀλήθεια
1443 3581 1530 3635 διὰ
1554 3583 1655 3653 τῆς
1672 3583 1738 3636 ἐκ

141 3673 357 3743 μέρους
383 3671 658 3742 γνώσεως,
690 3673 872 3738 καθὼς
900 3691 1065 3745 φησιν
1092 3675 1121 3726 ὁ
1148 3675 1488 3740 Ἀπόστολος,
1516 3677 1575 3728 ἐν
1606 3676 1738 3729 ὑπο-

136 3767 320 3830 νοίαις
353 3767 465 3819 τισὶ
496 3767 591 3820 καὶ
632 3767 918 3838 αἰνίγμασι
944 3768 1331 3840 θυροκρουστεϊ
1354 3768 1452 3841 τὴν
1476 3769 1734 3834 διάνοιαν,

141 3857 427 3922 Ἀνοιξον
456 3858 690 3928 λέγουσα
711 3877 726 3891 ο
751 3860 846 3913 καὶ
871 3861 1008 3930 μετὰ
1029 3863 1342 3933 προτροπῆς
1372 3861 1736 3933 ὑποτιθεμένη

135 3952 239 4005 τὸν
285 3951 524 4022 τρόπον,
578 3952 724 4014 ὅπως
770 3952 1052 4022 ἀνοιγῆναι
1097 3955 1364 4024 προσήκει
1404 3951 1502 4024 τὴν
1545 3952 1734 4024 θύραν,

137 4039 259 4097 οἷόν
286 4060 438 4107 τινας
460 4043 608 4106 κλεῖς
647 4044 937 4114 ὀρέγουσα,
981 4045 1051 4098 τὰ
1079 4044 1220 4098 καλὰ
1268 4043 1441 4098 ταῦτα
1472 4045 1733 4116 ὀνόματα,

138 4139 213 4190 δι’
239 4129 318 4190 ὧν
356 4136 416 4189 τὸ
448 4137 836 4206 κεκλεισμένον
862 4137 1155 4205 ἀνοίγεται.
1206 4137 1428 4201 Κλείδες
1459 4138 1567 4210 γάρ
1597 4140 1735 4191 εἰσιν

140 4229 409 4297 ἄντικρυς
438 4228 493 4282 αἱ
536 4227 644 4279 τῶν
685 4227 968 4297 ὀνομάτων
1011 4227 1216 4282 τούτων
1257 4228 1546 4298 ἐμφάσεις,
1580 4230 1635 4282 αἱ
1667 4228 1736 4282 τὰ

141 4319 371 4391 κρυπτά
400 4318 788 4386 διανοίγουσαι,
825 4318 1030 4389 ἀδελφὴ
1072 4319 1167 4372 καὶ
1209 4317 1436 4388 πλησίον
1461 4318 1556 4371 καὶ
1578 4336 1735 4390 περι-

142 4411 320 4482 στερὰ
347 4412 440 4463 καὶ
469 4411 666 4464 τελεία.
693 4412 756 4464 El
779 4411 886 4482 γὰρ
911 4410 1088 4479 βούλει
1115 4427 1218 4474 σοι,
1245 4411 1428 4482 φησὶν,
1454 4412 1735 4481 ἀνοιγῆναι

139 4504 244 4573 τὴν
277 4503 473 4575 θύραν,
507 4503 600 4556 καὶ
628 4503 935 4574 ἐπαρθῆναι
957 4503 1058 4572 τῆς
1076 4503 1257 4574 ψυχῆς
1287 4521 1381 4557 σου
1409 4505 1506 4566 τὰς
1536 4503 1730 4567 πύλας,
1764 4515 1809 4570 ι)

141 4598 234 4650 ἵνα
267 4595 486 4666 εἰσέλθῃ
518 4598 547 4648 ό
592 4594 842 4664 βασιλεὺς
872 4595 970 4665 τῆς
1013 4594 1171 4666 δόξης
1191 4635 1206 4659 ,
1263 4597 1367 4667 χρή
1409 4613 1469 4648 σε
1502 4595 1733 4666 ἀδελφήν

139 4707 251 4760 μου
283 4689 562 4757 γενέσθαι,
592 4689 650 4741 ἐν
669 4687 746 4758 τῷ
761 4686 829 4740 τὰ
854 4686 1134 4758 θελήματά
1156 4704 1256 4757 μου
1279 4689 1344 4758 τῇ
1375 4686 1520 4758 ψυχῇ
1550 4704 1734 4758 παρα-

134 4779 434 4844 δέξασθαι,
495 4778 680 4840 καθὼς
723 4780 782 4831 ὲν
824 4777 908 4849 τῷ
951 4776 1268 4847 Εὐαγγελίῳ
1314 4776 1478 4846 φησὶν
1507 4776 1736 4845 ἀδελφὸν

137 4871 312 4925 αὑτοῦ
363 4870 458 4923 καὶ
501 4868 734 4939 ἀδελφὴν
781 4867 1026 4937 γίνεσθαι
1074 4867 1166 4920 τὸν
1199 4869 1259 4920 ἐν
1292 4869 1404 4930 τοῖς
1433 4867 1734 4938 θελήμασιν

135 4963 310 5018 αὐτοῦ
339 4963 537 5027 ζῶντα.
579 4961 699 5032 Χρὴ
717 4961 774 5014 δέ
793 4978 852 5013 σε
882 4961 976 5013 καὶ
999 4959 1358 5031 προσεγγίσαι
1380 4963 1445 5030 τῇ
1481 4959 1729 5030 ἀληθείᾳ,

135 5056 239 5108 καὶ
267 5053 499 5124 πλησίον
521 5051 796 5120 γενέσθαι,
826 5049 965 5103 ὥστε
995 5049 1184 5120 μηδενὶ
1226 5048 1374 5118 μέσῳ
1407 5045 1730 5116 διατειχίζε-

137 5149 302 5212 σθαι,
345 5146 442 5199 καὶ
481 5147 539 5197 ἐν
569 5148 635 5215 τῇ
677 5143 837 5212 φύσει
875 5142 974 5211 τῆς
1011 5142 1338 5213 περιστερᾶς
1366 5139 1511 5210 ἔχειν
1545 5138 1607 5192 τὸ
1639 5138 1731 5192 τέ-

133 5237 288 5292 leto-1
311 5254 326 5266 ·
373 5236 533 5290 τοῦτο
552 5236 609 5290 δέ
638 5237 754 5288 ἐστι
789 5235 850 5288 τὸ
879 5233 1139 5302 ἀνελλιπῆ
1170 5233 1263 5285 καὶ
1296 5229 1732 5302 πεπληρωμένην

131 5330 286 5384 εἶναι
327 5328 509 5400 πάσης
549 5328 781 5391 ἀκακίας
820 5327 918 5380 καὶ
962 5324 1349 5395 καθαρότητος.
1403 5322 1588 5378 Ταῦτα
1631 5322 1730 5376 λα-

133 5418 342 5483 ϐοῦσα,
369 5413 416 5472 ὧ
434 5418 602 5490 ψυχὴ,
629 5413 740 5471 οἷόν
779 5435 928 5480 τινας
956 5416 1104 5479 κλεῖς
1131 5415 1202 5468 τὰ
1227 5414 1488 5482 ὀνόματα,
1523 5413 1732 5478 ἄνοιξον

130 5505 422 5567 διἀὐτῶν
453 5511 518 5579 τῇ
551 5506 780 5579 ἀληθείᾳ
821 5507 922 5577 τὴν
963 5504 1191 5570 εἴσοδον,
1233 5503 1438 5573 ἀδελφὴ
1463 5503 1731 5575 γενομένη

133 5602 241 5662 καὶ
269 5601 504 5672 πλησίον
530 5601 623 5655 καὶ¹
649 5597 950 5672 περιστερά
979 5599 1075 5652 καὶ
1101 5596 1303 5651 τελεία.
1332 5597 1523 5650 Ἔσται
1551 5595 1607 5650 δέ
1636 5612 1729 5649 σου

248 5783 293 5816 ³¹
323 5783 490 5838 Exod.
521 5799 666 5847 xxxv,
702 5783 788 5837 18.
872 5783 914 5813 ³³
952 5781 1118 5836 lCor.
1155 5796 1272 5846 xm,
1310 5779 1397 5834 12.

473 5881 742 5938 Parum.
774 5881 896 5938 (in.
945 5879 1166 5940 XLIV.

1836 555 1968 610 dicit
1999 556 2286 629 Scriptura
2318 559 2392 614 de
2413 560 2727 630 legislatore
2755 580 2768 615 :
2809 560 3085 634 Ingressus
3113 570 3191 616 est
3247 561 3418 618 Muses

1837 647 1890 700 in
1915 649 2204 719 caliginem
2235 652 2328 714 ubi
2355 661 2472 706 erat
2496 651 2641 708 Deus
2664 653 2731 709 ³ί.

1906 916 2005 972 llis
2026 925 2208 973 autem
2239 919 2324 974 sic
2354 932 2386 973 a
2413 919 2574 975 nobis
2597 920 2986 986 consideratis,
3015 921 3417 977 consideranda

1835 1020 1920 1064 est
1953 1011 2118 1065 etiam
2154 1012 2475 1082 conjunctio
2494 1021 2547 1068 et
2572 1014 2807 1070 allinitas
2828 1013 3118 1068 verborum
3146 1029 3266 1083 quae
3291 1023 3421 1070 sunt

1836 1102 1993 1157 nobis
2012 1105 2291 1174 proposita
2310 1120 2433 1159 cum
2449 1105 2516 1160 iis
2533 1106 2814 1176 quaedicta
2830 1107 3108 1161 suut.Fuit
3125 1107 3422 1176 aliquando

1837 1207 2040 1260 sponsa
2068 1194 2244 1264 nigra,
2265 1196 2520 1252 obscuris
2543 1195 2894 1267 dogmatibus
2921 1198 3275 1252 obtenebrata
3295 1214 3420 1252 cum

1836 1301 1955 1340 eam
1973 1287 2054 1341 sol
2071 1288 2497 1360 aspexisset,qui
2519 1291 2955 1358 pertentationes
2975 1291 3420 1352 uritsementem,

1836 1393 1960 1448 quae
1985 1394 2151 1448 supra
2188 1388 2396 1449 petram
2432 1381 2594 1436 nullis
2645 1381 2841 1436 nititur
2869 1382 3150 1438 radicibus
3179 1402 3190 1436 :
3227 1383 3424 1439 deinde

1837 1471 1983 1540 quod
2004 1487 2130 1526 cum
2155 1483 2301 1528 esset
2329 1474 2398 1528 ab
2416 1474 2482 1530 iis
2511 1483 2791 1544 superata,
2817 1475 2908 1544 qui
2927 1490 3046 1530 eam
3075 1489 3424 1546 oppugnave-

1835 1572 1988 1628 runt,
2011 1564 2227 1619 vineam
2259 1580 2414 1620 suam
2454 1582 2563 1620 non
2597 1566 2924 1621 custodierit
2949 1584 2963 1621 :
2992 1566 3137 1637 quod
3167 1582 3293 1621 cum
3315 1567 3417 1620 sei.

1837 1666 1990 1721 psam
2011 1651 2558 1724 iguorasset,paverit
2574 1671 2766 1726 greges
2785 1655 3065 1710 haedorum
3086 1672 3186 1726 pro
3201 1657 3420 1712 ovibus.

1839 1740 1944 1796 Sed
1979 1751 2269 1812 postquam
2302 1761 2331 1797 a
2363 1746 2757 1815 conjunctione
2788 1764 2914 1803 cum
2966 1749 3111 1803 malo
3158 1764 3218 1804 se
3265 1756 3422 1802 avui-

1841 1833 2028 1898 sisset,
2060 1845 2112 1890 et
2145 1851 2240 1904 per
2283 1838 2574 1908 mysticum
2611 1838 2743 1892 illud
2793 1841 3042 1895 osculum
3095 1840 3228 1894 fonti
3286 1841 3422 1894 lucis

1841 1939 1904 1978 os
1934 1924 2228 1980 admovere
2275 1927 2663 1993 desiderasset,
2700 1937 2832 1984 tunc
2887 1930 2945 1984 fit
3002 1932 3254 2001 pulchra,
3305 1932 3424 1986 lme

1842 2017 2089 2072 veritatis
2143 2018 2435 2084 illustrata,
2494 2031 2548 2074 et
2606 2037 2748 2091 aqua
2783 2023 2971 2078 abluto
3001 2025 3222 2094 nigrore
3261 2023 3418 2094 igno-

1840 2111 2056 2163 rantiae.
2130 2109 2338 2167 Deinde
2404 2128 2547 2182 equo
2614 2114 2958 2171 assimilatur
3016 2123 3244 2186 propter
3299 2115 3422 2184 ejus

1842 2201 1910 2254 ad
1935 2217 2160 2256 cursum
2195 2204 2602 2274 pernicitatem.
2645 2214 2701 2261 et
2734 2207 3021 2271 columbas,
3073 2213 3301 2278 propter
3336 2207 3422 2260 in-

1791 2305 1798 2312 ·
1841 2295 2092 2350 tellectus
2133 2296 2494 2350 celeritatem.
2543 2297 2914 2363 Quamobrem
2970 2313 3096 2352 cum
3155 2296 3419 2368 quidquid

1842 2385 2332 2453 comprehenditur
2358 2396 2414 2440 et
2459 2389 2708 2440 cernitur
2772 2395 3034 2457 tanquam
3075 2403 3251 2457 equus
3304 2402 3425 2458 per-

1842 2477 2131 2541 currisset,
2167 2487 2221 2531 et
2250 2488 2509 2546 tanquam
2548 2480 2798 2534 columba
2819 2481 3244 2547 trausvolasset,
3267 2483 3422 2550 prius

1841 2565 2062 2633 quidem
2121 2582 2247 2620 cum
2306 2567 2582 2621 desiderio
2637 2571 2876 2638 quiescit
2912 2572 2965 2624 in
3014 2573 3208 2626 tutibra
3265 2573 3420 2630 mali.

1842 2654 2046 2707 malum
2087 2670 2188 2724 pro
2238 2657 2385 2712 nube
2425 2661 2724 2715 nominans
2780 2661 2836 2715 id
2877 2659 3420 2729 quodobscuritateut

1842 2744 2018 2799 all'ert.
2051 2745 2212 2800 Nunc
2251 2757 2431 2803 autem
2461 2765 2490 2803 a
2525 2750 2711 2805 divina
2747 2762 2907 2808 nocte
2929 2752 3042 2822 jam
3064 2754 3419 2815 circumitur.

1841 2836 1895 2889 in
1924 2851 2032 2905 qua
2069 2837 2284 2892 accedit
2323 2841 2546 2909 quidem
2580 2857 2842 2913 sponsus,
2880 2844 2976 2898 sed
3020 2860 3130 2897 non
3170 2858 3420 2916 apparet.

1841 2926 2128 2992 Quomodo
2157 2931 2302 2982 enim
2335 2943 2500 2986 noctu
2529 2935 2846 3003 apparuerit
2874 2936 2926 2988 id
2958 2936 3103 3005 quod
3137 2951 3247 2990 non
3296 2951 3421 2992 cer-

1841 3016 2032 3070 nitur?
2061 3017 2153 3071 sed
2183 3019 2624 3090 praebetquidem
2649 3023 2844 3078 animae
2877 3025 3114 3096 aliquem
3149 3041 3263 3082 suae
3284 3043 3425 3098 prm-

1842 3110 2034 3164 sentiae
2064 3126 2308 3176 sensum,
2373 3113 2564 3184 eﬂugit
2619 3124 2804 3170 autem
2860 3116 3172 3171 evidentem
3221 3123 3423 3174 mentis

1839 3203 2412 3272 comprehensionem,
2470 3215 2533 3260 ut
2580 3207 2672 3277 qui
2724 3211 3006 3277 operiatur
3053 3219 3247 3264 natura
3301 3226 3424 3280 qua:

1839 3311 1949 3349 non
1981 3297 2129 3350 cadit
2160 3299 2264 3353 sub
2295 3307 2600 3369 aspectum.
2661 3299 2924 3366 Quaenam
2961 3308 3046 3356 est
3081 3314 3263 3357 autem
3300 3319 3423 3376 my-

1840 3386 1997 3440 sterii
2033 3387 2394 3453 introductio,
2453 3405 2576 3461 qua:
2607 3407 2706 3461 per
2736 3391 2880 3446 hanc
2914 3401 3129 3446 noetem
3178 3393 3425 3448 induitur

1841 3477 2086 3531 animae?
2114 3476 2331 3533 Ostium
2362 3482 2533 3550 tangit
2572 3478 2836 3536 Verbum.
2869 3479 3082 3536 Ostium
3129 3491 3309 3537 autem
3337 3483 3392 3538 in
3412 3513 3425 3523 -

1841 3569 2138 3639 telligimus
2177 3571 2612 3641 conjecturalem
2636 3586 2971 3628 arcanorum
3009 3575 3419 3644 cogitationem,

1840 3673 1937 3728 per
1963 3675 2128 3729 quam
2153 3660 2594 3718 introduciturid
2616 3664 2767 3735 quod
2793 3664 3082 3736 quaeritur.
3110 3666 3275 3723 Stans
3290 3682 3424 3739 ergo

1839 3761 1996 3805 extra
2049 3761 2297 3809 nostram
2343 3763 2599 3811 naturam
2641 3756 2870 3821 veritas,
2907 3772 3006 3828 per
3045 3759 3420 3829 cognitionem

1838 3859 1902 3898 ex
1939 3853 2116 3914 parte,
2174 3846 2320 3901 sicut
2359 3847 2495 3903 dicit
2543 3848 2929 3918 Apostolus",
2968 3853 3172 3906 mentis
3216 3859 3424 3910 nostra

1838 3937 2020 4006 pulsat
2048 3938 2252 3993 ostium
2278 3939 2333 3993 in
2366 3940 2649 4011 allegoriis
2672 3949 2727 3996 et
2765 3941 3170 4012 aeuigmatibus,
3195 3941 3418 4001 dicens:

1837 4026 2033 4096 Aperi;
2061 4037 2116 4084 et
2151 4045 2277 4084 cum
2314 4031 2696 4088 adhortatione
2743 4033 3009 4103 suggerit,
3059 4035 3419 4103 quemadmo-

1837 4118 1967 4172 dum
1999 4128 2218 4190 oportet
2259 4123 2474 4191 aperire
2503 4123 2726 4188 ostium,
2773 4125 2939 4179 veluti
2969 4126 3218 4195 praebens
3255 4142 3421 4198 quas-

1837 4207 1963 4263 dam
2001 4209 2208 4277 claves,
2243 4226 2440 4282 nempe
2470 4213 2702 4282 pulchra
2751 4213 2868 4270 haec
2896 4215 3139 4281 nomina,
3178 4233 3277 4286 per
3301 4235 3421 4289 quae

1837 4301 2086 4369 aperitur
2114 4299 2170 4355 id
2202 4303 2350 4372 quod
2379 4315 2464 4359 est
2517 4305 2792 4361 clausum.
2848 4306 3044 4363 Claves
3077 4309 3222 4363 enim
3259 4311 3420 4381 plane

1837 4401 1967 4446 sunt
1997 4392 2192 4448 horum
2234 4396 2522 4450 nominum
2546 4398 3006 4469 signiﬁcationes,
3041 4417 3162 4472 quae
3200 4407 3417 4459 occulta

1839 4486 2114 4554 aperiunt,
2147 4502 2344 4558 nempe
2374 4504 2536 4544 soror
2563 4501 2617 4545 et
2644 4493 2960 4564 propinqua
2993 4501 3048 4548 et
3076 4495 3332 4551 columba
3366 4509 3422 4553 et

1837 4578 2110 4648 perfecta.
2146 4578 2206 4635 Si
2253 4582 2338 4638 vis
2362 4583 2531 4650 enim,
2565 4586 2767 4656 inquit,
2814 4587 3012 4657 aperiri
3069 4589 3297 4656 ostium,
3362 4599 3418 4646 et

1836 4672 2012 4728 attolli
2054 4679 2243 4743 portas
2297 4676 2495 4730 animae
2524 4685 2650 4742 tute,
2699 4685 2760 4732 ut
2787 4692 2883 4732 rex
2911 4678 3100 4750 gloria:
3139 4680 3421 4750 ingredia-

1836 4771 1946 4828 tur,
1978 4775 2196 4836 oportet
2240 4774 2293 4821 te
2337 4782 2517 4822 meam
2573 4767 2692 4825 ﬁeri
2740 4784 3010 4835 sororem,
3063 4772 3120 4826 in
3152 4788 3216 4828 eo
3271 4775 3418 4841 quod

1838 4859 2035 4913 animae
2083 4875 2218 4915 meae
2277 4861 2614 4916 voluntatem
2668 4864 2936 4934 accipias,
2993 4865 3135 4920 sicut
3169 4865 3306 4921 dicit
3363 4868 3415 4920 in

1839 4949 2135 5021 Evangelia
2165 4968 2288 5006 eum
2325 4952 2442 5008 fieri
2471 4955 2693 5011 fratrem
2735 4973 2896 5012 suum
2929 4968 2984 5013 et
3015 4975 3287 5018 sororem.
3316 4961 3409 5030 qui

1839 5042 1973 5096 vivit
2006 5045 2059 5097 in
2097 5043 2221 5114 ejus
2257 5045 2558 5102 voluntate.
2615 5046 2848 5119 Oportet
2882 5058 3065 5104 autem
3113 5060 3168 5104 te
3213 5066 3418 5120 appro-

1839 5137 2106 5206 pinquare
2166 5139 2407 5202 veritati,
2467 5149 2522 5195 et
2585 5141 2723 5195 adeo
2773 5152 2964 5198 exacte
3005 5160 3127 5199 esse
3193 5146 3417 5214 prepin-

1836 5242 2030 5296 quum,
2066 5236 2126 5283 ut
2160 5231 2315 5284 nullo
2355 5231 2683 5288 iutermedio
2712 5234 3071 5305 disjungaris,
3126 5246 3181 5292 et
3211 5238 3417 5293 habere

1838 5319 1894 5373 in
1921 5327 2120 5376 natura
2150 5324 2423 5378 columbae
2467 5325 2862 5395 perfectionem
2901 5348 2912 5384 :
2947 5329 3050 5384 hoc
3095 5339 3276 5386 autem
3307 5340 3414 5390 est.

1841 5414 1992 5467 nulla
2017 5414 2072 5468 in
2103 5431 2162 5470 re
2183 5416 2438 5480 deficere,
2474 5426 2529 5473 et
2566 5434 2690 5475 esse
2721 5422 2941 5490 plenum
2970 5423 3119 5477 omni
3149 5423 3416 5478 innocen-

1843 5503 1918 5556 tia
1947 5513 1999 5558 et
2023 5506 2283 5575 puritate.
2330 5508 2459 5564 Haec
2510 5513 2732 5566 nomina
2772 5529 2894 5568 cum
2947 5515 3093 5568 velut
3146 5515 3416 5584 quasdam

1841 5595 2026 5651 claves
2053 5600 2355 5670 acceperis,
2380 5615 2415 5655 ο
2453 5601 2655 5669 anima,
2683 5619 2778 5677 per
2815 5621 2877 5663 ea
2901 5606 3053 5678 aperi
3106 5605 3412 5678 ingressum

3093 5884 3169 5943 32
