3854 6216
488 354 508 407 1
522 351 627 407 005

1648 354 1705 410 S.
1748 353 2074 411 GREGORII
2115 352 2409 412 NYSSENI

3618 354 3749 412 10οᾶ

486 470 723 533 veritati,
767 469 813 523 si
840 468 1013 525 fueris
1040 482 1199 525 soror
1236 472 1292 522 et
1344 465 1655 539 propinqua
1713 474 1768 523 et
1804 466 2059 522 columba

2167 468 2222 522 τὺ
2241 469 2430 542 κέρδος
2472 470 2537 524 ὲκ
2576 469 2671 524 τοῦ
2704 469 3043 537 εἰσδέξασθαί
3084 489 3150 542 με
3198 472 3293 525 καὶ
3322 470 3746 537 είσοικίσασθαι.

479 569 535 616 et
562 560 825 632 perfecta.
857 560 936 614 Ex
961 576 1027 616 eo
1057 568 1242 615 autem
1271 560 1420 630 quod
1462 574 1549 614 me
1581 559 1873 614 admiseris
1903 569 1956 614 et
1982 559 2061 613 in-

481 654 815 717 troduxeris,
857 651 1172 709 lucrifacies
1217 667 1402 708 rorem
1451 667 1515 706 ex
1549 652 1729 722 capite
1780 667 1906 707 meo
1950 665 2059 722 quo

480 762 602 801 sum
634 746 849 816 plenus,
882 753 938 800 et
969 760 1034 799 ex
1066 745 1314 799 noctium
1352 745 1523 815 guttis
1556 760 1679 813 quae
1716 743 1967 798 deﬂuunt
1992 759 2059 798 ex

482 840 620 894 mcis
641 838 937 893 cincinnis.
998 836 1077 891 Ex
1113 837 1199 892 bis
1224 843 1406 891 autem
1462 851 1639 892 rorem
1680 838 1901 907 quidem
1937 851 2060 891 esse

480 928 885 982 curationema
944 926 1214 997 propheta
1276 926 1542 996 praeclare
1584 925 1902 987 didicimus.
1964 925 2057 995 qui

481 1018 658 1073 dicit:
694 1016 795 1070 Ros
824 1017 915 1084 qui
948 1033 982 1069 a
1034 1025 1082 1070 te
1112 1015 1234 1085 ﬂuit
1296 1025 1373 1068 est
1433 1015 1541 1067 illis
1600 1015 1826 1066 curatio.
1873 1013 2060 1069 Noctis

483 1120 664 1165 autem
695 1116 861 1180 gutta:
892 1109 1045 1180 prius
1074 1107 1481 1161 consideratam
1515 1106 1765 1175 proxime
1816 1121 2061 1174 sequun-

481 1211 573 1256 tur
599 1201 950 1257 sententiam.
981 1198 1099 1252 Non
1122 1204 1299 1267 potest
1324 1199 1469 1252 enim
1500 1198 1615 1251 ﬁeri
1643 1210 1700 1251 ut
1728 1197 1821 1267 qui
1855 1197 2064 1266 ingrcs-

482 1307 578 1348 sus
604 1292 770 1346 fuerit
792 1290 957 1361 adyta
991 1305 1181 1345 eorum
1216 1303 1342 1359 quae
1390 1289 1537 1344 vires
1583 1290 1854 1343 humanas
1903 1303 2064 1356 supe-

479 1391 627 1447 rant,
668 1397 771 1437 nec
799 1381 1004 1437 cadunt
1055 1381 1159 1436 sub
1197 1381 1744 1449 contemplationem,
1804 1379 2064 1434 deveniat

480 1474 550 1529 ad
583 1475 815 1529 imbrem
842 1473 1080 1544 aliquem
1113 1482 1208 1526 aut
1252 1479 1557 1528 torrentem
1588 1471 1941 1542 cognitionis,
1966 1471 2061 1525 sed

479 1568 740 1640 prceclare
769 1581 894 1620 cum
926 1581 994 1621 eo
1021 1572 1232 1636 agetur,
1290 1563 1335 1619 si
1361 1563 1694 1633 quibusdam
1738 1562 1976 1616 exilibus
2009 1570 2064 1617 et

480 1658 734 1715 obscuris
763 1657 1049 1713 sententiis
1079 1655 1453 1727 cognitionem
1500 1656 1622 1724 ejus
1671 1654 1871 1710 irroret
1920 1655 2063 1710 veri-

478 1761 584 1813 tas,
612 1765 710 1822 per
744 1750 891 1803 viros
935 1757 1161 1804 sanctos
1201 1757 1256 1802 et
1303 1748 1520 1802 divinos
1578 1746 1853 1802 deﬂuente
1910 1752 2062 1817 gutta

477 1843 733 1898 rationis.
777 1840 1079 1897 Cincinnos
1106 1839 1254 1895 enim
1283 1841 1377 1911 qui
1421 1839 1660 1910 pendent
1691 1840 1759 1895 ab
1790 1838 2063 1893 universi-
2093 1823 2137 1879 Β

477 1937 610 1989 tatis
637 1933 839 2004 capite,
888 1935 1096 2003 tropice
1145 1940 1278 2002 puto
1333 1932 1607 1986 nominari
1657 1932 1954 2003 prophetas
2008 1939 2062 1986 et

476 2028 846 2097 evangelistas
912 2034 965 2080 et
1023 2024 1353 2092 apostolos:
1400 2036 1634 2092 quorum
1680 2022 2064 2092 unusquisque

478 2125 747 2190 quantum
773 2129 971 2183 capere
1001 2115 1202 2183 potuit,
1229 2112 1491 2169 hauriens
1526 2128 1593 2168 ex
1636 2113 1913 2175 obscuris,
1970 2128 2065 2168 oc-

478 2209 643 2264 cultis
672 2216 726 2263 et
784 2204 1266 2277 inaspectabilibus
1291 2204 1587 2271 thesauris,
1644 2206 1805 2259 nobis
1840 2206 2075 2287 quidem.

480 2301 619 2356 ﬂunt
647 2297 796 2355 ﬂuvii
826 2298 972 2370 pleni
1004 2298 1182 2367 aquis.
1242 2295 1300 2350 Si
1329 2297 1405 2351 rei
1439 2303 1621 2351 autem
1657 2304 1937 2368 spectetur
1969 2313 2062 2351 ve-

478 2393 639 2455 ritas,
678 2399 809 2447 sunt
834 2398 1002 2461 gutta:
1036 2390 1201 2451 roris,
1254 2388 1473 2443 etiamsi
1517 2395 1834 2459 restagnant
1875 2388 2064 2447 multi-

479 2484 670 2539 tudine
693 2490 748 2536 et
779 2480 1149 2551 magnitudine
1177 2480 1465 2534 doctrinae.
1512 2477 1835 2548 Cujusmodi
1861 2478 2062 2533 ﬂumen

478 2585 600 2635 erat
628 2576 851 2640 Paulus,
882 2575 975 2645 qui
1011 2588 1179 2642 supra
1199 2572 1398 2626 etulqu
1424 2586 1726 2641 assurgens
1752 2570 1914 2624 undis
1940 2585 2066 2625 sen-

479 2670 800 2732 tentiarum,
836 2681 1009 2731 usque
1042 2664 1109 2717 ad
1141 2664 1363 2718 tertium
1394 2663 1619 2724 caelum,
1645 2678 1824 2731 usque
1861 2660 1928 2714 ad
1965 2675 2066 2731 pa-

479 2762 749 2822 radisum,
799 2773 976 2827 usque
1014 2760 1080 2809 ad
1133 2757 1297 2810 verba
1337 2770 1540 2810 arcana
1582 2764 1637 2808 et
1674 2754 1971 2809 ineﬂ‘aliilia
1995 2751 2062 2817 ³⁸,

479 2857 535 2906 et
587 2864 684 2921 per
735 2863 955 2918 omnem
1028 2845 1297 2914 ejusmodi
1361 2843 1595 2899 docendi
1645 2842 2062 2912 amplitudinem

478 2943 589 2998 late
633 2938 945 3003 exundans,
1002 2937 1187 2993 verbis
1237 2952 1432 2992 rursus
1470 2935 1732 3000 ostendit,
1785 2935 1932 3005 quod
1975 2934 2064 2987 hic

480 3048 663 3090 sermo
692 3041 777 3087 est
823 3032 1001 3087 instar
1047 3038 1215 3101 guttae
1260 3029 1430 3091 roris,
1469 3028 1519 3082 si
1568 3026 1885 3082 conferatur
1937 3042 2063 3081 cum

2162 561 2196 631 ἡ
2232 561 2297 614 ὲκ
2326 561 2427 632 τῆς
2452 560 2694 633 κεφαλῆς
2722 578 2823 632 μου
2851 562 3043 635 δρόσος
3064 558 3134 635 ἦς
3153 563 3372 635 πλήρης
3391 566 3534 636 εἰμὶ,
3570 568 3667 621 καὶ
3692 568 3748 620 αξ

2160 653 2263 722 τῆς
2309 653 2505 717 νυκτὸς
2547 654 2655 707 τῶν
2690 654 3002 726 βοστρύχων
3032 656 3143 710 τῶν
3188 656 3338 727 ἐμῶν
3372 659 3747 730 ἀπορρέουσαι

2160 746 2415 816 ψεκάδες.
2464 747 2565 799 Ἐκ
2587 745 2794 800 τούτων
2817 747 2894 811 δὲ,
2928 747 2990 800 τὸ
3025 746 3124 818 μὲν
3148 746 3309 801 ῐασιν
3333 744 3475 803 εἶναι
3502 751 3607 822 τὴν
3630 752 3751 823 δρό-

2164 856 2284 905 σον,
2323 839 2474 911 παρά
2527 840 2641 894 τοῦι
2669 842 2949 912 προφήτου
2991 840 3177 911 σαφῶς
3219 840 3650 912 μεμαθήκαμεν,
3690 842 3752 904 ὃς

2164 946 2347 999 φησιν·
2382 932 2463 984 ὅτι
2482 934 2706 999 Δρόσος
2731 932 2769 999 ἠ
2803 934 2964 999 παρά
2984 948 3123 995 σου,
3148 931 3293 999 ἴαμα
3316 931 3523 996 αὐτοῖς
3552 932 3750 985 ἐστιν.

2161 1022 2226 1074 Δί
2250 1021 2308 1074 δὲ
2336 1022 2433 1094 τῆς
2467 1023 2658 1086 νυκτὸς
2686 1021 2921 1093 ψεκάδες
2949 1022 3047 1093 τῆς
3078 1022 3560 1093 προθεωρηθείσης
3592 1022 3754 1093 ἔχονο

2162 1129 2253 1167 ται
2288 1112 2543 1176 διανοίας.
2569 1115 2643 1166 Οὐ
2673 1114 2780 1186 γάρ
2803 1115 2917 1167 ἐστι
2945 1114 3164 1167 δυνατὸν
3186 1114 3276 1165 τὸν
3305 1114 3455 1176 ἐντὸς
3482 1114 3600 1167 τῶν
3621 1115 3755 1169 ἀδύ-

2166 1221 2276 1257 των
2310 1205 2405 1258 καὶ
2438 1203 2680 1258 ἀθεάτων
2725 1206 3049 1276 γενόμενον,
3105 1203 3298 1277 ὄμϐρῳ
3337 1206 3443 1256 τινὶ
3471 1204 3577 1273 τῆς
3610 1205 3758 1273 Tub-

2164 1308 2303 1355 σεως
2350 1294 2589 1362 ἐντυχεῖν
2630 1292 2664 1363 ἦ
2698 1293 3003 1366 χειμάρρῳ.
3073 1294 3213 1347 Ἀλλ’
3249 1294 3555 1364 ἀγαπητὸν,
3578 1296 3633 1348 ει
3658 1294 3755 1348 λε-

2164 1386 2326 1447 πταῖς
2376 1401 2484 1437 τισι
2534 1386 2628 1438 καὶ
2668 1387 2937 1457 ἀμυδραῖς
2978 1386 3241 1449 διανοίαις
3284 1386 3614 1456 ὲπιψεκάζοι
3650 1387 3756 1460 τὴν

2163 1476 2365 1546 γνῶσιν
2392 1475 2558 1530 αὐτοῦ
2580 1479 2614 1548 ἡ
2652 1477 2899 1548 ἀλήθεια,
2928 1477 3017 1531 διὰ
3047 1478 3157 1531 τῶν
3187 1480 3358 1546 ἁγίων
3384 1498 3445 1533 τε
3488 1482 3590 1533 καὶ
3634 1480 3757 1535 θεο-

2164 1564 2513 1633 φορουμένων
2536 1564 2637 1634 τῆς
2675 1565 2898 1636 λογικῆς
2928 1568 3185 1635 σταγόνος
3211 1570 3616 1641 ἀπορρεούσης.
3656 1570 3759 1623 Βο-

2166 1654 2431 1727 στρύχους
2471 1655 2578 1729 γὰρ
2618 1652 2769 1727 οἶμαι
2802 1658 2899 1728 τῆς
2944 1659 3039 1712 τοῦ
3074 1660 3273 1723 παντὸς
3315 1662 3560 1732 κεφαλῆς
3598 1663 3755 1732 ἐξηρ-

2163 1746 2435 1816 τημένους
2467 1787 2482 1810 ,
2552 1747 2832 1819 τροπικῶς
2880 1749 3237 1819 ὀνομάζεσθαι
3292 1753 3581 1823 προφήτας
3658 1753 3757 1804 καὶ

2161 1838 2551 1907 εὐαγγελιστάς
2582 1840 2679 1892 καὶ⁵
2703 1840 3059 1905 ἀποστόλους,
3086 1835 3161 1896 ὧν
3192 1845 3421 1906 ἕκαστος
3453 1845 3581 1897 ὅσον
3611 1843 3755 1915 Extir-

2166 1945 2293 2001 pouv
2317 1932 2383 1983 ὲκ
2413 1931 2520 1983 τῶν
2554 1933 2844 1986 σκοτεινῶν
2871 1950 2931 1987 τε
2960 1935 3057 1988 καὶ
3088 1934 3420 2006 ἀποκρύφων
3454 1935 3555 1988 καὶ
3583 1935 3755 2007 ἀορά-

2160 2035 2268 2073 των
2292 2019 2581 2093 θησαυρῶν
2605 2023 2919 2094 ἀρυόμενοι,
2953 2027 3083 2096 ἡμῖν
3105 2027 3341 2096 ποταμοὶ
3365 2025 3611 2093 γίνονται
3628 2043 3643 2057 ·
3674 2025 3757 2090 ὡς

2161 2110 2219 2165 δὲ
2250 2113 2388 2183 πρὸς
2416 2113 2516 2186 τὴν
2553 2113 2721 2179 ὅντως
2750 2116 3030 2187 ἀλήθειαν,
3052 2116 3338 2187 δροσώδεις
3361 2118 3469 2171 εἰσὶ
3489 2118 3752 2188 ψεκάδες.

2175 2203 2279 2258 κᾶν
2303 2203 2382 2275 τῷ
2406 2205 2601 2276 πλήθει
2628 2223 2688 2259 τε
2711 2208 2806 2261 καὶ
2840 2208 3058 2279 μεγέθει
3078 2210 3178 2280 τῆς
3206 2209 3555 2273 διδασκαλίας
3580 2212 3759 2282 πλημ-

2167 2296 2433 2367 μυρῶσιν.
2484 2291 2608 2360 Οἷος
2646 2299 2674 2351 ὁ
2701 2297 2912 2363 Παῦλος
2938 2295 3004 2371 ἦν
3033 2301 3309 2371 ποταμὸς,
3356 2301 3498 2372 ὑπὲρ
3542 2301 3641 2354 τὸν
3663 2303 3757 2355 οὐ·

2171 2385 2333 2458 ρανὸν
2360 2388 2471 2449 τοῖς
2498 2385 2604 2439 τῶν
2634 2388 2922 2458 νοημάτων
2951 2387 3160 2458 κύμασι
3192 2389 3603 2462 κορυφούμενος
3649 2392 3757 2455 ἔρως

2165 2474 2351 2547 τρίτου
2380 2476 2634 2545 ούρανοῦ,
2665 2478 2771 2540 ἕως
2801 2477 2896 2532 τοῦ
2926 2480 3277 2549 παραδείσου,
3310 2480 3416 2544 ἕως
3440 2482 3553 2536 τῶν
3582 2484 3759 2555 ἀρρή-

2164 2584 2272 2620 των
2310 2584 2369 2620 τε
2418 2569 2513 2621 καὶ
2541 2570 2941 2642 ἀνεκφωνήτων
2977 2572 3255 2642 ῥημάτων,
3300 2573 3392 2626 καὶ
3430 2572 3501 2625 δι’
3529 2574 3757 2647 ἀπάσης

2162 2658 2261 2728 τῆς
2284 2660 2541 2731 τοιαύτης
2571 2662 2978 2733 μεγαληγορίας
3012 2664 3320 2734 πελαγίζων
3345 2665 3425 2735 τῷ
3450 2664 3600 2739 λόγῳ
3646 2667 3758 2721 δεί-

2165 2767 2321 2803 κνυσι
2367 2751 2528 2804 πάλιν
2568 2752 2649 2805 ὅτι
2697 2752 2874 2823 ψεκάς
2913 2754 2998 2819 τίς
3038 2757 3156 2809 ἐστι
3201 2756 3477 2830 δροσώδης
3520 2762 3553 2813 ὀ
3599 2760 3761 2830 λόγος

2164 2836 2339 2905 οὗτος,
2372 2843 2658 2916 συγκρίσει
2699 2845 2793 2898 τοῦ
2822 2845 2991 2910 ὅντως
3012 2846 3210 2916 Λόγου,
3240 2848 3310 2902 δι’
3343 2842 3419 2903 ὧν
3443 2868 3641 2921 φησιν,
3674 2854 3757 2908 ὅτι

2177 2932 2273 2986 Ἐκ
2283 2933 2506 3002 μέρους
2527 2934 2920 3006 γινώσκομεν,
2937 2936 3034 2991 καὶ
3055 2939 3125 2992 ἐκ
3140 2937 3364 3008 μέρους
3383 2945 3758 3013 προφητεύο-

2160 3040 2274 3093 μεν
2291 3041 2305 3055 ·
2327 3026 2441 3091 καὶ,
2464 3026 2541 3078 EI
2555 3045 2644 3094 τις
2657 3027 2824 3082 δοκεῖ
2848 3029 3172 3101 ἐγνωκέναι
3186 3048 3260 3096 τι,
3277 3033 3445 3087 οὔπω
3476 3033 3757 3103 ἔγνωκα-

479 3121 819 3192 Verboqnod
853 3128 958 3185 est,
990 3136 1115 3175 cum
1159 3119 1289 3174 dicit
1323 3138 1336 3173 :
1369 3116 1455 3171 Ea:
1486 3125 1637 3187 parte
1676 3117 2062 3184 cognoscimus,

2167 3116 2284 3184 θὼς
2332 3117 2427 3171 δεῖ
2452 3118 2700 3188 γνῶναι·
2735 3122 2830 3175 καὶ
2849 3164 2865 3187 ,
2906 3123 3202 3192 Ἐμαυτὸν
3245 3126 3412 3180 οὔπω
3438 3127 3756 3200 λογίζομαι

479 3222 531 3269 et
558 3229 624 3268 ea:
678 3221 829 3283 parte
865 3212 1237 3280 prophetamus
1254 3209 1319 3275 ³⁸,
1355 3219 1407 3263 et
1434 3227 1446 3262 :
1473 3207 1533 3262 Si
1561 3208 1678 3273 quis
1711 3207 1811 3260 sibi
1863 3207 2067 3260 videtur

478 3306 635 3366 scire,
688 3301 921 3357 nondum
964 3302 1064 3356 scit
1095 3299 1355 3372 quomodo
1400 3300 1535 3353 scire
1564 3307 1804 3368 oporteat
1823 3298 1908 3365 ³¹;
1962 3307 2017 3353 et
2049 3314 2064 3353 :

482 3395 595 3468 Ego
623 3399 878 3463 meipsum
904 3393 1133 3448 nondum
1164 3392 1410 3446 existimo
1440 3390 1887 3461 comprehendisse
1917 3389 1982 3443 ³⁸.
2007 3386 2065 3444 Si

483 3502 612 3559 ergo
645 3486 846 3540 humor
891 3484 1057 3550 roris,
1113 3492 1168 3538 et
1193 3491 1350 3554 gutta
1383 3481 1767 3535 cincinnorum
1812 3479 2069 3534 videntur

480 3594 604 3635 esse
652 3575 877 3631 ﬂumina
908 3581 962 3631 et
1007 3575 1180 3628 maria
1210 3581 1266 3628 et
1318 3572 1538 3638 ﬂuctus,
1596 3574 1642 3628 si
1680 3588 1803 3627 cum
1860 3572 2068 3627 nostris

481 3666 842 3724 conferantur
896 3664 1149 3719 viribus:
1181 3662 1313 3734 quid
1370 3673 1456 3718 est
1507 3662 1934 3718 existimandum
1998 3662 2067 3717 de

485 3758 581 3813 illo
607 3755 757 3812 fonte
786 3755 884 3827 qui
916 3755 1053 3809 dixit
1086 3773 1099 3810 ε
1128 3753 1186 3809 Si
1215 3756 1334 3825 quis
1367 3755 1508 3820 sitit,
1544 3755 1719 3808 veniat
1763 3752 1831 3806 ad
1866 3769 1968 3819 me,
2013 3761 2065 3808 et

484 3850 630 3906 bibat
659 3851 702 3887 "
724 3850 748 3904 ?
769 3849 1009 3917 Quilibet
1035 3864 1100 3902 ex
1136 3848 1204 3903 iis
1229 3848 1324 3918 qui
1356 3847 1591 3902 audiunt
1619 3863 1687 3901 ex
1718 3848 2067 3917 proportione

483 3958 675 4001 eorum
699 3958 821 4014 qua:
848 3941 995 3997 dicta
1033 3948 1182 4007 sunt,
1227 3941 1599 4009 conjecturam
1644 3948 1827 3994 sumat
1859 3938 1927 3994 de
1958 3941 2064 3992 mi-

487 4037 698 4092 raculo.
761 4035 896 4090 Nam
929 4036 975 4091 si
1001 4043 1151 4107 gutta
1180 4034 1377 4090 suﬂicit
1430 4034 1497 4089 ad
1544 4033 1915 4105 generandum
1964 4031 2067 4085 ﬂu-

483 4129 657 4195 vium,
681 4127 812 4200 quid
837 4128 1197 4199 reputandum
1233 4136 1317 4180 est
1335 4141 1456 4181 esse
1483 4125 1661 4197 ipsum
1689 4123 1782 4179 Dei
1814 4123 2064 4192 ﬂuvium,

480 4236 548 4278 ex
579 4220 685 4276 hac
722 4228 875 4295 gutta
906 4220 1224 4288 conjectura
1263 4215 1471 4271 ducta?

554 4310 856 4367 Videamus
897 4316 1079 4365 autem
1125 4306 1583 4379 quemadmodum
1632 4322 1833 4375 sponsa
1879 4306 2065 4361 obedit

484 4404 689 4468 Verbo,
721 4402 1179 4475 quemadmodum
1211 4416 1415 4470 sponso
1438 4399 1611 4469 aperit
1641 4399 1870 4452 aditum.
1896 4397 2061 4463 Exui,

2169 3210 2616 3279 κατειληφέναι.
2636 3214 2698 3266 Ei
2729 3213 2907 3268 τοίνυν
2930 3215 3094 3285 ἰκμὰς
3112 3216 3211 3287 τῆς
3233 3216 3448 3289 δρόσου,
3473 3221 3573 3273 καὶ
3592 3222 3628 3293 ἡ
3648 3222 3756 3274 τῶν

2173 3300 2488 3373 βοστρύχων
2530 3303 2704 3373 qua;
2742 3310 2976 3378 ποταμοὶ
3016 3308 3234 3363 δοκοῦσι
3263 3311 3358 3364 καλ⁵
3398 3312 3617 3385 πελάγη
3660 3315 3759 3367 καὶ

2168 3394 2391 3464 κύματα
2433 3396 2572 3467 πρὸς
2613 3397 2711 3468 τὴν
2745 3400 3016 3471 ἡμετέραν
3059 3403 3357 3474 κρινόμενα
3386 3403 3652 3475 δύναμινο
3701 3408 3758 3459 τί

2168 3484 2275 3556 χρὴ
2306 3487 2435 3557 περὶ
2458 3488 2558 3558 τῆς
2586 3490 2770 3560 πηγῆς
2791 3490 3107 3559 λογίσασθαι
3129 3494 3229 3565 τῆς
3254 3495 3537 3566 εἰπούσης,
3569 3497 3653 3550 ὅτι
3682 3499 3759 3551 EI

2166 3593 2258 3643 τις
2286 3577 2436 3648 διψᾷ
2453 3621 2467 3644 ,
2497 3581 2764 3651 ἐρχέσθω
2793 3587 2943 3653 πρός
2961 3603 3041 3655 με
3062 3587 3163 3640 καὶ
3193 3587 3450 3654 utri-Sto);
3479 3590 3758 3656 Ἕκαστος

2166 3667 2276 3723 τῶν
2315 3672 2622 3727 ἀκουόντων
2652 3675 2719 3728 δι’
2751 3676 3043 3746 ἀναλογίαν
3077 3679 3186 3733 τῶν
3221 3681 3533 3751 εἰρημένων
3556 3699 3760 3754 στοχαο

2169 3760 2305 3829 σμὸν
2334 3762 2660 3833 λαμϐανέτω
2690 3767 2783 3821 τοῦ
2810 3767 3109 3840 θαύματος.
3168 3771 3231 3825 Εἰ
3257 3772 3367 3844 γὰρ
3406 3775 3440 3844 η
3464 3772 3645 3843 qua;
3675 3777 3762 3838 εἰς

2167 3856 2428 3926 ποταμῶν
2465 3856 2731 3929 ἐξήρκεσε
2761 3861 3002 3929 γένεσιν,
3048 3863 3103 3916 τί
3139 3862 3306 3918 αὐτὸν
3347 3865 3442 3920 τὸν
3485 3865 3587 3920 τοῦ
3619 3867 3762 3921 Θεοῦ

2168 3945 2412 4089 arma;pr
2458 3946 2548 4001 διὰ
2604 3948 2707 4020 τῆς
2754 3948 2988 4019 ψεκάδος
3047 3952 3252 4025 ταύτης
3308 3955 3458 4010 ἐστὶν
3494 3956 3762 4026 ἀναλογί-

2168 4052 2236 4088 σα
2306 4054 2403 4089 αιε
3204 4057 3211 4061 ·

2168 4052 2403 4105 σασυαι;
3204 4057 3211 4061 ·

2239 4309 2466 4381 Ἰδωμεν
2488 4311 2545 4366 δὲ
2572 4313 2668 4367 καὶ
2707 4313 2825 4377 πῶς
2864 4314 3128 4369 ὑπακούει
3169 4314 3248 4389 τῷ
3278 4317 3439 4388 Λόγῳ
3474 4321 3507 4390 ἡ
3539 4320 3750 4393 νύμφη.

2170 4398 2287 4463 πῶς
2322 4400 2528 4470 ἀνοίγει
2563 4402 2641 4473 τῷ
2662 4405 2882 4476 νυμφίῳ
2914 4404 3010 4478 τὴν
3040 4407 3262 4461 εἴσοδον.
3311 4408 3747 4481 Ἐξεδυσὰμηγ,

482 4497 685 4567 inquit,
712 4511 882 4549 meam
916 4494 1173 4556 tunicam,
1228 4490 1488 4562 quomodo
1510 4489 1729 4544 induam
1747 4493 1910 4547 eam?
1939 4490 2064 4545 Lavi

2167 4491 2336 4561 φησὶ,
2386 4493 2496 4546 τὸν
2544 4492 2767 4563 χιτῶνά
2795 4512 2942 4563 μου”
2983 4494 3108 4563 πῶς
3150 4496 3479 4568 ἐνδύσομαι
3521 4502 3749 4562 auctir;

483 4588 636 4656 pedes
661 4603 826 4649 meos,
861 4583 1121 4655 quomodo
1152 4581 1443 4653 inquinabo
1475 4582 1598 4635 illos
1620 4583 1645 4635 ἒ)
1665 4581 1829 4636 Recte
1860 4583 2068 4637 audivit

485 4697 612 4736 eum
647 4681 740 4750 qui
767 4680 934 4750 jussit
979 4679 1155 4749 ipsam
1206 4677 1318 4730 ﬁeri
1349 4684 1404 4729 et
1454 4676 1838 4745 pr0pinquam,
1885 4684 1939 4729 et
1976 4690 2067 4731 co-

489 4773 756 4836 lumbam,
787 4780 840 4825 et
870 4769 1190 4841 perfectam,
1230 4776 1289 4821 ut
1329 4783 1423 4837 per
1452 4782 1570 4822 eam
1610 4768 1675 4820 ad
1712 4768 1948 4820 animam
1981 4767 2065 4821 in-

486 4864 816 4921 troducatur
848 4863 1074 4917 veritas.
1102 4860 1253 4915 Fecit
1282 4861 1427 4915 enim
1466 4876 1587 4930 quae
1614 4860 1840 4920 audivit,
1863 4870 1921 4913 ut
1946 4876 2067 4929 qua:

488 4956 702 5013 exuerit
733 4956 1012 5025 pelliceam
1046 4954 1192 5007 illam
1227 4954 1491 5014 tunicam,
1525 4967 1688 5024 quam
1724 4951 1908 5006 induit
1937 4960 2065 5022 post

487 5056 801 5119 peccatum,
835 5056 888 5101 et
914 5060 944 5098 a
974 5045 1200 5115 pedibus
1229 5045 1464 5100 abluerit
1498 5052 1748 5099 terrenas
1782 5045 1907 5099 illas
1939 5061 2066 5100 sor-

488 5143 607 5207 des,
637 5138 838 5210 quibus
860 5145 977 5192 erat
1010 5136 1274 5203 involuta,
1332 5145 1390 5191 ut
1423 5152 1545 5206 quae
1572 5151 1601 5189 a
1632 5136 1740 5190 vita
1778 5152 1940 5207 quam
1967 5137 2065 5192 de-

495 5239 652 5306 gerat
699 5231 753 5284 in
785 5227 1042 5300 paradiso
1080 5243 1299 5284 reversa
1344 5237 1490 5283 esset
1539 5229 1591 5281 in
1640 5237 1839 5283 terram
1879 5247 1892 5283 :
1929 5244 2067 5298 quo-

489 5327 634 5379 niam
674 5321 884 5376 audivit
928 5319 1017 5384 ³⁷⁸,
1058 5318 1221 5373 Terra
1249 5336 1324 5383 es,
1365 5328 1414 5373 et
1445 5320 1500 5372 in
1538 5329 1735 5372 terram
1766 5321 2062 5374 reverteris.

488 5413 785 5484 Propterea
821 5411 1025 5466 aditum
1072 5410 1287 5481 aperuit
1333 5408 1514 5464 Verbo
1550 5411 1615 5463 ad
1668 5411 1930 5472 animam,
1989 5412 2071 5465 di-

490 5503 657 5556 ducto
688 5503 876 5559 cordis
930 5504 1072 5567 velo,
1135 5503 1238 5556 hoc
1283 5510 1372 5556 est
1417 5517 1602 5556 carne.
1659 5500 1892 5556 Carnem
1939 5516 2062 5555 cum

489 5596 638 5656 dico,
669 5603 908 5649 veterem
934 5593 1213 5648 hominem
1255 5593 1526 5663 intelligo,
1562 5607 1722 5661 quem
1758 5601 1815 5646 ut
1857 5602 2064 5647 exuant

2166 4581 2501 4654 Ἑνιψάμην
2527 4583 2669 4651 τοὺς
2687 4584 2878 4652 πόδας
2896 4604 3036 4656 μου.
3062 4586 3188 4654 πῶς
3210 4590 3458 4657 μολυνῶ
3486 4592 3751 4659 αὐτούςξ

2168 4672 2360 4739 Καλῶς
2403 4674 2603 4746 ηκουσε
2648 4676 2746 4730 τοῦ
2779 4678 3133 4742 κελεύσαντος
3170 4679 3408 4752 ἀδελφὴν
3453 4683 3628 4755 αὐτὴν
3657 4687 3753 4738 καὶ

2167 4765 2396 4836 πλησίον
2432 4766 2708 4835 γενέσθαι,
2743 4769 2838 4823 καὶ
2880 4770 3209 4842 περιστερὰν
3252 4772 3349 4825 καὶ
3394 4773 3632 4839 τελείαν,
3663 4776 3749 4829 ἵνα

2162 4859 2255 4915 διά
2290 4861 2497 4914 τούτων
2521 4861 2824 4933 εἰσοικισθῇ
2853 4864 2921 4934 τῇ
2960 4863 3105 4934 ψυχῇ
3132 4865 3165 4935 ή
3189 4864 3439 4935 ἀλήθεια.
3496 4868 3748 4940 Ἐποίησε

2167 4952 2277 5023 γὰρ
2307 4951 2450 5025 ἀπερ
2482 4954 2734 5025 ἤκουσεν,
2784 4953 3126 5025 ἐκδυσαμένη
3170 4955 3261 5008 τὸν
3306 4958 3638 5028 δερμάτινον
3669 4980 3747 5031 χι-

2164 5043 2333 5109 τῶνα,
2367 5043 2426 5097 δν
2452 5043 2591 5116 μετὰ
2618 5044 2715 5115 τὴν
2743 5045 3018 5117 ἁμαρτίαν
3042 5047 3416 5117 περιεὸἀλετο,
3438 5051 3537 5103 καὶ
3564 5055 3744 5107 ἀπονι-

2166 5134 2385 5207 ψαμένη
2443 5136 2551 5189 τῶν
2580 5135 2756 5190 ποδῶν
2775 5135 2838 5190 τὸ
2856 5130 3127 5207 γεῶδες,ᾧ
3156 5139 3406 5213 ὲνειλήθη
3432 5143 3547 5196 ἀπὸ
3571 5144 3672 5216 τῆς
3697 5147 3747 5198 ἐν

2168 5226 2485 5296 παραδείσῳ
2536 5226 2815 5297 διαγωγῆς
2858 5228 2940 5292 είς
2982 5229 3082 5298 τὴν
3127 5229 3232 5300 γῆν
3264 5232 3623 5300 ἀναλύσασα,
3667 5240 3744 5292 ὅτε

2170 5318 2424 5388 ἤκουσεν,
2451 5320 2534 5370 ὅτι
2584 5316 2677 5387 Γῆ
2714 5313 2796 5381 εἴ,
2838 5320 2939 5374 καὶ
2983 5322 3071 5388 εἰς
3107 5320 3227 5392 γῆν
3260 5324 3610 5397 ἀπελεύσῃ.
3660 5329 3743 5382 Διὰ

2167 5407 2326 5461 τοῦτο
2354 5406 2564 5478 ἤνοιξεν
2594 5409 2685 5462 ἐπὶ
2714 5409 2813 5480 τὴν
2856 5409 3035 5482 ψυχὴν
3079 5411 3158 5482 τῷ
3185 5413 3347 5485 Λόγῳ
3380 5416 3481 5487 τὴν
3526 5402 3741 5477 εἴσοδον,

2166 5498 2542 5563 διασταλέντος
2560 5498 2656 5554 τοῦ
2679 5501 2777 5571 τῆς
2793 5502 3022 5573 καρδίας
3045 5504 3578 5577 παραπετάσματος,
3601 5526 3739 5562 τουτ-

2116 5652 2123 5659 ’
2169 5590 2285 5646 ἐστι
2310 5592 2410 5663 τῆς
2439 5594 2660 5665 σαρκός.
2702 5594 2891 5666 Σάρκα
2922 5594 2980 5648 δὲ
3006 5594 3199 5662 εἰπὼν,
3234 5597 3327 5651 τὸν
3358 5600 3596 5655 παλαιὸν
3619 5601 3744 5668 λέγω

555 5772 662 5827 “ll
690 5773 825 5828 Cor.
865 5789 964 5837 xu,
996 5774 1050 5829 4.
1112 5773 1200 5828 ⁸⁸1
1228 5773 1355 5829 Cor.
1384 5788 1503 5839 xm,
1532 5773 1585 5831 9.
1632 5774 1675 5807 ³⁵
1712 5772 1731 5826 1
1767 5773 1891 5829 Cor.
1942 5790 2064 5839 vm,

2201 5775 2247 5808 “
2288 5773 2431 5830 Phil.
2465 5770 2547 5840 tu,
2584 5774 2669 5831 i5.
2735 5775 2777 5810 π
2812 5774 2971 5833 Joan.
3005 5791 3103 5844 νη,
3131 5776 3222 5833 37.
3287 5779 3354 5811 ⁸¹¹⁸
3383 5776 3524 5834 Gen.
3559 5777 3737 5845 111,19.
