3854 6216
141 381 278 438 ιι)οὕ

1201 379 1270 434 ΙΝ
1296 379 1594 437 CANTICA
1616 375 1890 437 CANTIC.
1935 375 2223 434 llOMlLIA
2254 380 2346 434 XI.

3269 391 3408 447 1001i

135 491 456 563 ἄνθρωπον,
499 489 560 544 ὃν
592 491 923 546 ἐκδύσασθαι
965 493 1061 546 καὶ
1101 494 1399 550 ἀποθέσθαι
1447 494 1657 548 κελεύει
1702 494 1731 546 ὁ

1837 505 1898 546 ac
1923 491 2222 561 deponant,
2245 493 2499 547 hortatur
2523 493 2744 552 divinus
2770 497 2862 552 ille
2894 499 3187 571 Apostolus
3218 513 3412 554 omnes

136 585 278 646 θεῖος
317 581 672 648 Ἀπὸστολος,
731 583 860 646 τοὺς
907 583 1205 654 μέλλοντας
1255 585 1335 656 τῷ
1375 585 1588 656 λουτρῷ
1634 584 1728 637 τοῦ

134 675 294 744 λογον
325 675 416 728 τὸν
450 675 622 746 ῥύπον
665 675 774 728 τῶν
815 674 1028 744 βάσεων
1069 677 1170 747 τῆς
1199 677 1384 749 ψυχῆς
1414 677 1730 732 ἀποκλύσα-

136 769 280 822 σθαι.
313 767 524 822 Οὐκοῦν
550 770 643 822 τὸν
679 771 908 824 παλαιὸν
941 771 1389 841 ἀπεκδυσάμενος
1417 771 1726 843 ἄνθρωπον,

135 860 232 912 καὶ
271 857 544 930 περιελὼν
581 862 677 930 τῆς
709 861 940 930 καρδίας
984 861 1043 912 τὸ
1085 861 1381 931 κάλυμμα,
1435 860 1614 931 ἤνοιξε
1652 859 1730 930 τῷ

133 951 294 1022 Λόγῳ
328 945 428 1022 τὴν
472 951 707 1019 εἴσοδον,
757 953 814 1006 ὃν
855 953 1006 1017 ἐντὸς
1047 955 1338 1024 γενόμενον
1368 954 1568 1022 ἔνδυμα
1612 970 1730 1006 ποι-

131 1046 274 1097 εῖται
307 1046 508 1115 ἑαυτῆς
542 1047 574 1116 ἠ
621 1045 792 1116 ψυχὴ,
824 1047 966 1100 κατὰ
993 1047 1093 1118 τὴν
1129 1047 1221 1101 τοῦ
1267 1047 1593 1101 Ἀποστόλου
1627 1049 1729 1116 ὑφ-

132 1140 357 1208 ήγησιν,
383 1139 446 1201 ὃς
469 1138 680 1192 κελεύει
703 1139 794 1192 τὸν
829 1139 1198 1210 ἐκδυσάμενον
1218 1141 1318 1211 τὴν
1349 1139 1604 1208 σαρκώδη
1633 1139 1728 1192 τοῦ

135 1228 372 1282 παλαιοῦ
401 1229 690 1300 ἀνθρώπου
722 1230 1038 1301 περιϐολὴν,
1065 1230 1386 1284 ἐνδύσασθαι
1413 1230 1616 1301 χιτῶνα
1640 1231 1729 1284 τὸν

133 1323 280 1374 κατὰ
309 1322 443 1374 Θεὸν
489 1323 812 1386 κτισθέντα,
868 1326 924 1376 ἐν
973 1325 1215 1394 ὁσιότητι
1260 1325 1353 1376 καὶ
1390 1323 1728 1396 δικαιοσύνῃ.

143 1397 359 1483 Ἰησοῦν
391 1414 447 1466 δὲ
473 1414 620 1482 λέγει
645 1411 785 1468 εἶναι
811 1415 874 1466 τὸ
898 1415 1018 1468 ἐνδυ
1029 1433 1124 1484 μα.
1171 1416 1236 1467 Ἡ
1260 1415 1317 1468 δὲ
1340 1415 1603 1486 ὁμολογία
1631 1417 1730 1486 τῆς

132 1507 358 1578 νύμφης
399 1508 459 1560 τὸ
507 1508 705 1578 μηκέτι
753 1508 844 1561 τὸν
892 1507 1270 1576 ἀποϐληθέντα
1319 1507 1521 1578 χιτῶνα
1567 1507 1730 1560 πάλιν

130 1600 566 1670 ἀναλαμϐάνειν,
614 1600 728 1654 ἀλλ’
765 1600 1054 1671 ἀρκεῖσθαι
1101 1600 1180 1672 τῷ
1223 1601 1304 1654 ἐνὶ
1336 1601 1542 1670 χιτῶνι,
1587 1598 1731 1654 κατὰ

129 1689 224 1742 τὸν
252 1689 476 1743 δοθέντα
505 1693 618 1753 τοῖς
650 1690 922 1762 μαθηταῖς
955 1691 1139 1761 νόμον,
1176 1691 1235 1743 ὃν
1267 1691 1356 1744 διὰ.
1391 1695 1488 1761 τῆς
1521 1691 1730 1744 ἄνωθεν

132 1784 448 1852 γεννήσεως
463 1783 916 1838 ἀνακαινισθεῖσα
944 1786 1384 1856 μετημφιάσατο,
1405 1783 1614 1854 βεϐαιοῖ
1632 1782 1726 1836 τοῦ

133 1875 344 1947 Κυρίου
375 1877 466 1932 τὸν
497 1877 674 1948 λόγον,
721 1877 814 1930 τὸν
841 1878 1135 1932 κελεύοντα
1157 1879 1284 1943 τοὺς
1313 1878 1458 1944 ἆπαξ
1485 1879 1563 1950 τῷ
1597 1879 1727 1948 θείῳ

131 1970 518 2041 κοσμηθέντας
538 1971 815 2040 ἐνδύματι,
845 1973 1042 2043 μηκέτι
1073 1971 1470 2025 ἐπενδύσασθαι
1511 1973 1601 2025 τὸν
1626 1973 1727 2042 τῆς

133 2061 415 2134 ἁμαρτίας
442 2063 664 2132 χιτῶνα,
701 2062 841 2134 μηδὲ
881 2062 974 2115 δύο
1006 2061 1241 2133 χιτῶνας
1276 2062 1442 2133 ἔχειν,
1475 2061 1610 2115 ἀλλά
1639 2061 1728 2114 τὸν

134 2157 235 2208 ἓνα
267 2154 450 2224 μόνον,
497 2155 590 2208 ἵνα
619 2155 693 2226 μὴ
724 2155 816 2208 δύο
848 2155 979 2225 περὶ
1016 2155 1110 2207 τὸν
1140 2155 1302 2208 αὑτὸν
1332 2147 1464 2206 ὦσιν
1489 2156 1537 2206 οἱ
1559 2153 1732 2224 ἀσύμ-

131 2249 294 2301 ϐατοι
331 2249 467 2318 πρὸς
518 2248 778 2315 ἀλλήλους
810 2248 1056 2320 χιτῶνες.
1109 2247 1205 2310 Τίς
1227 2247 1336 2318 γὰρ
1367 2247 1624 2300 κοινωνία
1652 2245 1730 2316 τῷ

136 2339 406 2408 σκοτεινῷ
431 2340 689 2410 ἐνδύματι
715 2341 852 2406 πρὸς
892 2340 983 2392 τὸν
1015 2339 1274 2410 φωτοειδῆ
1305 2357 1362 2392 τε
1400 2339 1494 2392 καὶ
1525 2339 1685 2392 ἆῦλον
1713 2357 1726 2406 ;

134 2432 215 2484 Οὐ
255 2431 420 2502 μόνον
459 2431 518 2484 δὲ
543 2431 702 2484 τοῦτό
728 2450 892 2503 φησιν
923 2434 950 2484 ὀ
972 2433 1157 2500 νόμος,
1196 2433 1256 2484 τὺ
1293 2431 1367 2500 μὴ
1397 2432 1507 2484 δεῖν
1535 2431 1628 2484 δύο
1648 2450 1720 2501 χι-

133 2524 317 2587 τῶνας
343 2523 508 2593 ἔχειν,
524 2523 658 2576 ἀλλὰ
679 2525 813 2596 μηδέ
833 2525 1193 2595 ἐπιρρἀπτειν
1215 2525 1274 2576 τὸ
1299 2523 1481 2576 καινὸν
1503 2523 1731 2592 ὕφασμα

132 2615 215 2686 τῷ
251 2615 468 2685 παλαιῷ
497 2615 696 2685 ίματίῳ
722 2632 735 2646 ·
793 2615 880 2668 ἵνα
913 2616 988 2686 μὴ
1015 2616 1213 2686 χείρων
1235 2616 1461 2686 γένηται
1492 2618 1524 2686 ἡ
1559 2617 1727 2686 ἀσχηο

138 2709 350 2780 μοσύνη
396 2707 492 2760 τοῦ
525 2707 616 2760 τὸν
643 2707 885 2760 τοιοῦτον
921 2707 1414 2779 περιϐαλλομένου,
1467 2710 1606 2780 μήτε
1638 2708 1730 2761 τοῦ

135 2801 474 2873 ἐρραιρέντος
522 2799 834 2870 μείναντος,
881 2801 977 2854 καὶ
1022 2800 1116 2854 τοῦ
1166 2801 1397 2854 παλαιοῦ
1445 2805 1627 2872 χεῖρον
1672 2801 1733 2854 τὸ

139 2895 353 2964 σχίσμα
375 2893 640 2956 παθόντος
659 2893 754 2946 καὶ
774 2893 1228 2964 δυσθεράπευτον.
1252 2894 1406 2965 Αῖρει
1430 2895 1559 2966 γὰρ,
1575 2893 1730 2966 φησὶ,
1781 2902 1783 2904 ’

133 2987 200 3040 τὸ
244 2987 521 3058 πλήρωμα
549 2986 612 3038 τὸ
651 2985 836 3039 καινὸν
868 2987 962 3038 τοῦ
1003 2985 1257 3050 παλαιοῦ,
1289 2989 1382 3040 καὶ
1408 2989 1588 3058 χεῖρον
1625 2987 1733 3057 σχί-

133 3093 255 3149 σμα
290 3077 532 3146 γίνεται,
576 3076 653 3140 ὡς
691 3077 1116 3148 δημοσιεύεσθαι
1144 3079 1212 3131 δι’
1253 3078 1418 3131 αὑτοῦ
1462 3078 1530 3132 τὰ
1563 3080 1732 3150 ἀσχή-

137 3186 302 3239 μονα.
358 3169 456 3221 me
494 3167 652 3221 τοῦτό
685 3185 871 3238 φησιν·
917 3169 1330 3239 Ἐξεδυσάμην
1365 3170 1472 3222 τὸν
1514 3169 1734 3240 χιτῶνά

129 3277 298 3329 μου,
347 3258 474 3324 πῶς
509 3257 838 3328 ἐνδύσομαι
866 3261 1096 3325 αὒτόν;
1145 3261 1241 3322 Τίς
1277 3260 1384 3332 γὰρ
1419 3261 1482 3315 ἄν
1515 3261 1726 3330 βλέπων

132 3351 275 3423 περὶ
303 3351 496 3404 ἐαυτὸν
525 3349 616 3404 τὸν
640 3350 878 3421 ἡλιοειδῆ
907 3350 1002 3404 τοῦ
1031 3353 1236 3424 Κυρίου
1275 3353 1497 3422 χιτῶνα,
1529 3354 1619 3406 τὸν
1642 3354 1730 3406 διὰ

131 3441 521 3512 καθαρώτητος
586 3441 682 3495 καὶ
713 3440 1020 3511 ἀφθαρσίας
1043 3441 1193 3512 αύτῷ
1222 3443 1593 3514 περιτεθέντα,
1619 3439 1730 3496 οἷον

133 3535 242 3590 ἐπὶ
263 3535 364 3604 τῆς
381 3533 478 3586 τοῦ
494 3533 653 3604 ὅρους
682 3533 1158 3605 μεταμορφώσεως
1187 3534 1408 3602 ἔδειξεν,
1426 3531 1544 3588 εἶτα
1563 3553 1730 3590 κατα-

129 3627 360 3697 δέχεται
381 3625 443 3678 τὺ
462 3624 674 3695 πτωχόν
689 3641 747 3676 τε
773 3625 864 3678 xui.
890 3625 1131 3694 ῥακῶδες
1154 3627 1366 3696 ἱμάτιον
1382 3627 1561 3698 ἐαυτῷ
1575 3645 1731 3698 περι-

131 3715 342 3780 θεῖναι,
387 3715 524 3784 ὅπερ
554 3715 584 3766 ὁ
615 3711 850 3784 μέθυσος
875 3715 970 3767 καὶ
1013 3715 1042 3766 ὁ
1073 3717 1407 3786 πορνοκὸπος
1427 3757 1442 3782 ,
1485 3717 1668 3780 καθὼς
1697 3721 1730 3790 ἡ

133 3806 420 3876 παροιμία
451 3805 608 3876 φησὶ,
629 3804 1048 3877 περιϐάλλεται;
1088 3807 1248 3861 Ἀλλὰ
1269 3808 1390 3860 οὐδέ
1409 3811 1536 3872 τοὺς
1566 3811 1730 3874 πόδας

131 3897 416 3968 νιψαμένη
436 3936 452 3960 ,
496 3897 660 3949 πάλιν
693 3898 760 3968 τῇ
791 3896 948 3967 βάσει
976 3898 1068 3950 τὸν
1101 3899 1167 3951 ἐκ
1188 3897 1289 3968 τῆς
1322 3901 1424 3968 γῆς
1456 3899 1732 3970 μολυσμὸν

133 3989 542 4060 παραδέχεται.

228 4081 566 4151 Ἐνιψάμην
597 4082 735 4153 γὰρ,
784 4084 949 4152 φησὶ,
998 4081 1140 4148 τοὺς
1176 4082 1368 4149 πόδας
1406 4102 1562 4153 μου,
1607 4083 1732 4150 πῶς

133 4169 397 4242 μολυνῶ
439 4175 702 4238 αὐτούς;
755 4174 890 4227 Ούδέ
919 4173 1027 4242 γὰρ
1057 4173 1298 4242 Μωῦσῆς
1328 4171 1407 4242 τῷ
1444 4172 1572 4244 θείῳ
1597 4191 1731 4246 προ-

143 4265 428 4335 στάγματι
455 4265 555 4336 τῆς
586 4266 786 4335 νεκρᾶς
809 4265 919 4318 τῶν
945 4265 1230 4336 δερμάτων
1262 4263 1556 4336 περιϐολῆς
1583 4264 1734 4318 ἐλευ-

141 4357 400 4429 θερώσας
427 4357 550 4422 τοὺς
589 4359 776 4422 πόδας,
823 4360 912 4412 ὅτε
951 4359 1049 4428 τῆς
1092 4357 1250 4427 ἁγίας
1278 4375 1337 4411 τε
1363 4359 1458 4412 καὶ
1495 4377 1733 4429 πεφωτι-

142 4453 359 4523 σμένης
383 4451 635 4505 ἐπέϐαινε
655 4452 776 4522 γῆς,
808 4452 970 4505 πάλιν
996 4453 1284 4524 ἱστορεῖται
1312 4454 1582 4508 διαλαϐὼν
1608 4456 1732 4520 τοὺς

1833 584 1924 652 qui
1961 585 2108 640 verbi
2145 586 2362 640 lavacro
2393 594 2522 641 sunt
2543 586 2783 641 abluturi
2827 589 3019 644 sordes
3055 589 3253 658 pedum
3291 591 3412 644 ani-

1833 693 1954 731 maa.
2006 677 2190 732 Veteri
2225 693 2358 748 ergo
2403 687 2569 733 exuto
2619 679 2864 744 homine,
2904 690 2960 736 et
2991 681 3174 736 ablato
3225 682 3412 737 cordis

1833 771 2139 837 involucro,
2210 773 2387 828 Verbo
2464 773 2677 840 aperuit
2727 773 2957 837 aditum,
2996 790 3159 844 quem
3193 774 3410 845 ingres-

1833 876 1954 915 sum
2003 863 2388 918 indumentum
2435 865 2541 922 sibi
2599 863 2730 918 facit
2775 866 2976 931 anima,
3019 868 3412 922 convenienter

1833 955 2166 1023 expositioni
2195 956 2464 1024 Apustoli,
2497 957 2588 1026 qui
2610 957 2766 1024 jubet
2797 965 2963 1011 exuto
2997 959 3273 1027 corporali
3313 975 3412 1013 ve—

1833 1049 1970 1100 teris
2012 1047 2248 1101 hominis
2281 1047 2622 1112 indumento,
2649 1048 2878 1102 induere
2902 1065 3098 1104 novam
3140 1051 3408 1114 tunicam,

1833 1151 1958 1204 quae
2006 1138 2308 1192 secundum
2347 1137 2518 1192 Deum
2571 1146 2654 1193 est
2694 1149 2882 1194 creata
2913 1143 2970 1195 in
3013 1144 3306 1198 sanctitate
3355 1153 3412 1200 et

1828 1227 2046 1298 justitia
2070 1229 2138 1284 ³⁸.
2188 1229 2375 1285 Jesum
2425 1243 2605 1286 autem
2646 1231 2782 1287 dicit
2837 1233 3217 1289 indumentum
3263 1253 3406 1292 esse.

1835 1319 2066 1389 Sponsa:
2113 1331 2292 1376 autem
2345 1324 2638 1392 professio,
2683 1325 2830 1395 quod
2881 1341 3044 1396 quam
3105 1329 3256 1382 exuit
3300 1345 3413 1384 non

1833 1415 1906 1468 sit
1935 1429 2131 1470 rursus
2167 1427 2457 1486 acceptura
2491 1419 2756 1482 tunicam,
2778 1417 2876 1474 sed
2909 1428 3166 1474 contenta
3198 1422 3270 1475 sit
3301 1438 3412 1476 una

1832 1505 2040 1568 tunica,
2065 1515 2434 1576 congruenter
2457 1507 2558 1578 legi
2591 1507 2732 1562 data
2763 1509 3083 1579 discipulis,
3125 1526 3290 1580 quam
3317 1527 3413 1582 per

1829 1599 2301 1668 regenerationem
2352 1607 2612 1654 renovata
2647 1600 2826 1654 induit
2871 1603 3076 1666 anima,
3119 1603 3413 1657 conﬁrmat

1831 1691 2221 1747 convenienter
2241 1693 2288 1748 ei
2316 1693 2460 1761 quod
2491 1693 2630 1746 dixit
2655 1691 2968 1764 Scriptura,
3011 1708 3122 1748 non
3150 1703 3412 1764 Oportere

1830 1801 1925 1841 eos
1960 1787 2050 1854 qui
2086 1786 2256 1841 semel
2285 1785 2472 1840 divino
2504 1785 2829 1840 indumento
2861 1796 2992 1841 sunt
3041 1788 3246 1848 ornati,
3281 1801 3412 1856 pec-

1831 1881 1942 1934 cati
1976 1880 2218 1934 tunicam
2265 1880 2514 1944 induere,
2574 1895 2676 1936 nec
2713 1879 2852 1935 duas
2907 1879 3111 1935 habere
3167 1882 3407 1944 tunicas,

1830 1973 1923 2028 sed
1963 1988 2126 2028 unam
2149 1974 2321 2028 solam
2345 1973 2740 2044 (innocentize),
2787 1989 2856 2028 ne
2899 1972 3038 2028 duas
3099 1975 3409 2028 contrarias

1829 2066 1974 2120 inter
2007 2081 2066 2120 se
2093 2066 2325 2120 invicem
2356 2065 2686 2134 conjunctas
2719 2065 2960 2119 habeant
3003 2065 3238 2119 tunicas.
3269 2066 3408 2131 Quae

1830 2164 1916 2211 est
1945 2160 2092 2212 enim
2115 2158 2354 2212 societas
2380 2159 2629 2212 obscurae
2650 2167 2702 2211 et
2730 2158 3033 2211 tenebrosae
3063 2158 3265 2212 tunicae
3285 2173 3409 2213 cum

1833 2249 2104 2305 luminosa
2137 2257 2191 2303 et
2226 2257 2450 2318 experte
2489 2249 2775 2304 materiae?
2830 2247 2948 2302 Non
2985 2249 3161 2302 solum
3221 2256 3404 2303 autem

1832 2339 1915 2395 lex
1948 2340 2052 2394 hoc
2083 2341 2260 2409 jubet,
2289 2357 2399 2394 non
2427 2349 2682 2409 oportere
2705 2339 2908 2395 habere
2938 2339 3076 2394 duas
3096 2339 3316 2394 tunicas
3341 2339 3408 2401 '9,

1833 2431 1929 2487 sed
1961 2447 2059 2486 nec
2081 2447 2280 2486 novum
2303 2447 2544 2502 pannum
2565 2432 2734 2486 veteri
2757 2431 3092 2485 vestimento
3113 2431 3410 2496 assuere“,

1833 2541 1902 2580 ne
1934 2525 2054 2593 ejus
2083 2527 2176 2594 qui
2209 2525 2311 2579 hoc
2343 2525 2520 2578 induit
2553 2525 2726 2593 major
2753 2525 2824 2580 sit
2842 2523 3168 2578 deformitas
3201 2539 3266 2578 ac
3293 2533 3396 2578 tur-

1833 2615 2045 2684 pitudo,
2083 2631 2205 2668 cum
2243 2630 2420 2684 neque
2453 2625 2672 2669 maneat
2720 2613 2774 2668 id
2806 2615 2952 2684 quod
2997 2623 3083 2669 est
3134 2625 3408 2678 assutuin,

1834 2723 1888 2766 et
1911 2711 2114 2766 veteris
2150 2713 2224 2766 sit
2257 2712 2501 2766 scissura
2543 2710 2809 2774 deterior,
2873 2726 2973 2764 nec
3023 2709 3185 2764 facile
3231 2712 3411 2780 possit

1833 2802 2134 2857 remedium
2172 2801 2441 2856 adhiberi.
2476 2799 2640 2854 Tollit
2671 2802 2842 2864 enim,
2880 2801 3084 2870 inquit,
3127 2801 3412 2870 plenitudo

1835 2911 2033 2949 novum
2057 2911 2087 2948 a
2127 2901 2308 2948 vetere
2342 2895 2694 2956 vestimento,
2751 2901 2806 2948 et
2849 2893 3004 2964 pejor
3039 2895 3280 2948 scissura
3333 2897 3412 2957 lit,

1836 2987 1974 3042 adeo
2017 2995 2075 3040 ut
2127 3003 2224 3057 per
2277 3001 2422 3049 eam,
2457 3002 2578 3056 quae
2618 2987 2800 3054 turpia
2848 2995 2978 3039 sunt
3035 2984 3412 3054 propaleutur.
3487 3059 3490 3062 4

1837 3079 2100 3149 Proptera
2134 3079 2268 3132 dicit
2303 3097 2316 3132 :
2359 3077 2499 3131 Exui
2534 3079 2768 3130 tunicam
2813 3093 3005 3141 meam,
3044 3077 3309 3146 quomodo
3340 3078 3420 3130 in-

1837 3172 1999 3224 duam
2035 3170 2242 3224 eam”?
2271 3169 2408 3236 Quis
2439 3169 2582 3223 enim
2613 3185 2736 3222 cum
2756 3169 2837 3222 vel
2858 3171 2975 3238 ipso
2997 3169 3112 3224 sole
3128 3169 3418 3222 clariorem

1839 3261 2054 3314 Domini
2088 3261 2366 3330 aSpexerit
2407 3260 2677 3322 tunicam,
2724 3267 3038 3314 contextam
3074 3273 3173 3327 per
3205 3259 3420 3328 purita-

1839 3361 1944 3407 tem
1980 3361 2034 3406 et
2080 3352 2576 3421 incorruptionem,
2620 3354 2836 3421 qualem
2872 3351 3114 3406 ostendit
3149 3351 3204 3404 in
3236 3361 3419 3405 trans-

1840 3444 2162 3514 ﬁguratione
2199 3444 2253 3496 in
2287 3452 2492 3506 monte,
2539 3444 2915 3498 mendicorum
2953 3451 3160 3497 vestem
3211 3458 3420 3512 panno-

1838 3553 1954 3593 sam
1997 3536 2250 3590 lubenter
2279 3535 2540 3600 induerit,
2569 3535 2876 3604 cujusmodi
2915 3543 2998 3590 est
3030 3535 3167 3589 ebrii
3195 3543 3249 3588 et
3301 3536 3418 3588 for-

1838 3629 2129 3690 nicatoris,
2157 3627 2300 3682 sicut
2339 3627 2471 3680 dicit
2493 3627 2884 3695 proverbium?
2911 3624 3016 3680 Sed
3051 3642 3230 3696 neque
3251 3635 3405 3695 post-

1838 3735 2000 3792 quam
2039 3719 2206 3790 pedes
2239 3719 2390 3784 lavit,
2423 3735 2619 3774 rursus
2645 3735 2708 3772 ex
2751 3718 2972 3774 incessu
3003 3727 3252 3772 terrenas
3292 3734 3418 3773 sor-

1839 3814 1938 3870 des
1965 3813 2226 3868 admittit.

1915 4087 2230 4152 Lavienim,
2277 4085 2474 4156 inquit,
2515 4086 2668 4154 pedes
2719 4102 2884 4148 meos,
2931 4096 3194 4154 quomodo
3239 4087 3418 4155 inqui-

1840 4182 1977 4236 nabo
2003 4197 2088 4235 eos
2115 4182 2138 4232 ?
2170 4178 2359 4248 Neque
2392 4179 2535 4232 enim
2579 4177 2760 4233 Moses
2791 4193 2914 4231 cum
2947 4178 3106 4246 jussu
3132 4177 3316 4232 divino
3355 4179 3420 4232 li-

1839 4273 2086 4328 berasset
2105 4269 2270 4340 pedes
2289 4284 2318 4322 a
2350 4277 2568 4321 mortuo
2591 4268 2808 4338 pellium
2834 4267 3172 4331 indumento,
3197 4269 3417 4338 quando

1842 4373 2042 4419 terram
2077 4362 2321 4416 ascendit
2345 4371 2592 4415 sanctam
2629 4368 2684 4412 et
2719 4359 3104 4424 illuminatam,
3157 4371 3416 4414 narratur

1843 4474 2037 4516 rursus
2077 4456 2242 4527 pedes
2275 4455 2521 4509 induisse
2575 4454 2776 4508 calceis
2809 4469 3027 4523 :neque
3067 4454 3286 4523 quando
3327 4471 3418 4509 ve-

143 4545 322 4607 πόδας
355 4547 468 4607 τοῖς
492 4547 660 4616 ύποδή
669 4562 854 4614 μασιν,
876 4545 966 4598 ὅτε
993 4546 1086 4599 καὶ
1111 4545 1208 4617 τὴν
1233 4548 1511 4619 ἱερατικὴν
1533 4548 1731 4620 ἐσθῆτα

1841 4561 1979 4608 stem
2003 4547 2806 4614 sacerdotalem,congruenter
2834 4545 3020 4616 ﬁgurae
3047 4561 3170 4616 quae
3192 4553 3416 4601 ostensa

139 4636 298 4692 κατὰ
333 4635 425 4689 τὸν
453 4636 619 4690 τύπον
645 4637 738 4691 τὸν
771 4640 827 4691 ἐν
864 4637 942 4708 τῷ
967 4637 1083 4712 ὄρει
1114 4638 1392 4709 δειχθέντα
1421 4641 1741 4712 φιλοτεχνή-

144 4746 275 4792 σας,
311 4728 516 4799 χρυσοῦ
549 4727 643 4780 καὶ
692 4727 999 4799 πορφύρας,
1036 4729 1129 4782 καὶ
1159 4729 1378 4799 βύσσου,
1425 4731 1520 4785 καὶ
1550 4733 1737 4785 ὑακίν-

141 4819 270 4879 θου,
306 4818 400 4870 καὶ
441 4818 643 4871 κόκκου
677 4818 773 4883 τὰς
818 4817 992 4886 αὐγὰς
1025 4821 1373 4891 συγκεράσας
1411 4821 1467 4873 ἐν
1492 4819 1570 4893 τῷ
1599 4822 1740 4891 ὑφά-

144 4928 346 4981 σματι,
377 4909 518 4962 ὥστε
560 4909 864 4980 σύμμικτον
892 4911 957 4962 ἐκ
987 4911 1204 4964 πάντων
1229 4913 1642 4983 ἀπαστράπτειν
1679 4913 1740 4965 τὸ

142 5003 374 5064 κάλλος,
410 5002 603 5056 οὐδένα
625 5005 739 5066 τοῖς
768 5003 894 5056 ποσὶ
931 5003 1132 5074 κόσμον
1175 5005 1592 5075 ἐπετεχνήσατο,
1619 5005 1735 5058 ἀλλ’

137 5093 218 5168 ἦν
251 5095 638 5165 καλλωπισμὸς
657 5094 753 5148 τοῦ
780 5095 1054 5167 ἱερατικοῦ
1084 5096 1244 5159 ποδὸς
1274 5097 1335 5150 τὸ
1364 5099 1568 5168 γυμνὸν
1598 5095 1736 5152 εἶναι

141 5189 338 5258 πάσης
367 5186 682 5258 περιϐολῆς,
718 5188 810 5240 καὶ
839 5187 1139 5258 ἐλεύθερον.
1176 5189 1298 5259 Χρὴ
1325 5189 1435 5260 γὰρ
1461 5190 1551 5242 τὸν
1586 5192 1736 5261 ἱερέα

141 5279 376 5340 πάντως
396 5279 490 5330 ἐπὶ
505 5279 606 5348 τῆς
628 5277 791 5346 ἁγίας
813 5278 1099 5349 βεϐηκέναι
1120 5279 1245 5349 γῆς,
1268 5275 1333 5350 ἦς
1364 5280 1500 5350 μετά
1529 5283 1738 5345 νεκρῶν

139 5369 442 5440 δερμάτων
473 5369 818 5423 ἐπιϐατεύειν
852 5371 912 5423 οὐ
944 5370 1119 5440 θέμις.
1172 5369 1270 5424 Διά
1302 5373 1458 5425 τοῦτο
1496 5375 1590 5426 καὶ
1627 5377 1737 5438 τοῖς

145 5461 430 5534 μαθηταῖς
459 5463 487 5514 ὁ
519 5460 720 5532 Κύριος
746 5461 1079 5532 ἀπαγορεύει
1116 5460 1184 5514 τά
1214 5462 1553 5532 ὑποδήματα,
1586 5464 1738 5516 ἐπει-

141 5557 214 5612 δὴ
250 5553 680 5616 κελεύειαύτοὺς
703 5555 782 5616 εἰς
806 5553 974 5608 ἐθνῶν
993 5553 1108 5607 ὁδὸν
1139 5554 1212 5626 μὴ
1239 5553 1585 5626 πορεύεσθαι,
1601 5555 1735 5610 ἀλλὰ

139 5647 242 5702 διὰ
272 5647 369 5717 τῆς
404 5645 566 5714 ἁγίας
593 5645 712 5698 ὁδοῦ
741 5646 1008 5716 προϊέναι.
1048 5646 1163 5700 Οὐκ
1188 5647 1400 5714 ἀγνοεῖς
1423 5645 1478 5699 δέ
1521 5647 1738 5711 πάντως

240 5827 287 5862 ⁸³
316 5823 514 5896 Eplies.
546 5843 616 5891 Iv,
649 5826 740 5881 ει.
808 5826 852 5858 ³⁸
881 5826 1073 5882 Matth.
1118 5843 1172 5894 ιι,
1206 5826 1291 5883 10.
1357 5827 1400 5859 ⁸⁸
1433 5825 1596 5881 Marc.
1630 5842 1688 5893 ιι,
1722 5825 1731 5878 ε

1885 5825 1926 5856 δι
1969 5822 2160 5878 Matth.
2187 5837 2318 5889 xvu,
2346 5821 2399 5876 2.

1837 4639 1942 4694 fuit
1975 4637 2031 4691 in
2067 4644 2272 4701 monte,
2297 4633 2501 4689 aﬂ'abre
2539 4643 2624 4689 est
2665 4633 2986 4701 fabricatus,
3039 4636 3160 4690 auri
3205 4645 3258 4692 et
3287 4653 3419 4706 pur—

1837 4745 2007 4802 purae,
2058 4738 2112 4782 et
2145 4726 2322 4798 byssi,
2373 4735 2426 4782 et
2459 4725 2768 4798 hyacinthi,
2813 4735 2868 4781 et
2919 4727 3070 4780 cocci
3113 4729 3166 4781 in
3202 4735 3418 4784 textura

1837 4820 2262 4890 contemperatis
2293 4819 2704 4889 splendoribus.
2737 4826 2800 4872 ut
2824 4817 3123 4888 refulgeret
3173 4821 3414 4889 pulchri-

1838 4913 1972 4968 tudo
1997 4911 2285 4966 commista
2345 4925 2409 4964 ex
2457 4909 2739 4975 omnibus,
2793 4911 2964 4963 ullum
3029 4919 3416 4966 ornamentum

1840 5006 2141 5060 fabricatus
2169 5011 2254 5056 est
2291 5002 2544 5071 pedibus,
2592 5001 2686 5058 sed
2731 5001 3093 5056 sacerdotalis
3119 5005 3274 5071 pedis
3301 5012 3421 5058 erat

1838 5105 2218 5152 ornamentum
2241 5111 2364 5151 esse
2395 5095 2600 5148 nudum
2630 5103 2684 5149 et
2715 5094 2948 5149 liberum
2980 5097 3047 5149 ab
3081 5097 3229 5149 omni
3265 5097 3420 5150 indu-

1841 5197 2044 5244 mento.
2085 5188 2312 5258 Oportet
2352 5189 2496 5242 enim
2551 5185 2890 5242 sacerdotem
2938 5203 3156 5256 semper
3207 5190 3415 5257 ingredi

1845 5295 2013 5350 super
2059 5287 2266 5334 terram
2326 5287 2598 5342 sanctam,
2656 5293 2822 5347 super
2862 5293 3028 5347 quam
3071 5293 3181 5332 non
3218 5277 3302 5333 fas
3335 5288 3420 5332 est

1840 5371 2051 5441 ingredi
2084 5387 2208 5426 cum
2267 5372 2505 5440 pellibus
2563 5375 2816 5428 mortuis.
2883 5372 2948 5425 Et
2987 5372 3110 5428 ideo
3155 5371 3418 5428 Dominus

1843 5479 2063 5534 quoque
2109 5464 2396 5532 discipulis
2433 5464 2716 5518 interdicit
2765 5465 2987 5528 calceis,
3045 5465 3266 5534 quando
3322 5482 3419 5520 eos

1841 5557 1996 5626 jubet
2025 5571 2132 5610 non
2173 5555 2253 5610 ire
2282 5557 2334 5609 in
2359 5556 2502 5608 viam
2539 5558 2804 5626 gentium,
2842 5558 2933 5611 sed
2976 5574 3072 5628 per
3107 5559 3248 5613 viam
3288 5575 3419 5614 saa-

1845 5657 1987 5703 ctam
2015 5647 2352 5702 incedere“.
2389 5647 2644 5703 Sanctam
2683 5657 2863 5704 autem
2903 5649 3046 5704 viam
3085 5653 3310 5706 omnino
3333 5652 3418 5706 in-

2462 5825 2506 5855 “
2536 5823 2726 5878 Matth.
2759 5841 2812 5893 ις,
2848 5823 2902 5890 5,
2933 5823 2984 5880 6.
