3850 6224
163 261 322 315 ιυυξ)

1243 256 1312 310 ΙΝ
1337 255 1646 312 CANTICA
1671 251 1943 308 CANTIC.
1977 250 2267 306 HOMILIA
2305 249 2396 304 XI.

3331 241 3470 296 1010

158 370 228 424 τὸ
261 371 434 444 ἴχνος·
464 374 697 444 ἤκουσεν
723 368 816 426 οὖν
841 374 1008 428 αὑτοῦ
1035 375 1134 446 τῆς
1157 377 1362 446 φωνῆς,
1388 373 1582 446 καὶτῷ
1609 391 1748 446 προσ

1882 369 2064 426 cordis
2097 368 2361 440 operculo
2385 407 2400 431 ,
2438 363 2663 419 deduxit
2693 361 2874 417 velum
2904 359 3066 425 ostii,
3106 357 3158 411 id
3205 363 3291 412 est
3339 372 3468 410 car-

155 463 416 534 τάγματι
455 464 720 518 πείθεται.
773 466 1002 534 Ἀνοίγει
1048 465 1149 537 τὴν
1189 465 1380 535 θύραν,
1413 464 1772 537 περιελομένη

153 552 226 604 τὸ
254 552 530 624 κάλυμμα
549 555 649 623 τῆς
674 555 902 626 καρδίας
921 572 934 586 ’
960 555 1195 626 διέσχισε
1223 555 1324 626 τῆς
1355 555 1525 626 θύρας
1545 596 1559 617 ,
1590 556 1651 608 τὸ
1674 556 1774 625 τῆς

159 632 384 715 σαρκὸς
407 644 778 716 διαπέτασμα,
809 648 959 700 πᾶσα
988 647 1179 718 ἠνοίγη
1207 649 1308 718 τῆς
1337 646 1516 718 ψυχῆς
1545 648 1580 717 ή
1603 645 1780 717 πύλη,

157 735 260 786 ἵνα.
299 737 522 808 εἰσέλθῃ
545 738 573 790 ὁ
604 738 868 802 Βασιλεὺς
892 740 991 810 τῆς
1015 738 1191 810 δόξης.
1232 737 1370 792 Ἀλλ’
1399 741 1432 809 ἡ
1463 738 1566 807 τῆς
1597 739 1772 809 πύλης

155 828 490 898 εὐρυχωρία
524 830 698 900 μικρά
728 847 812 893 τις
844 830 1139 902 ἀπεδείχθη
1173 830 1448 902 τρυμαλιά
1483 829 1644 902 στενὴ
1677 831 1770 884 καὶ

159 919 430 990 βραχεῖα,
461 919 528 974 δι’
555 916 624 994 ἧς
651 922 753 975 οὐκ
782 923 944 986 αὐτὸς
970 925 998 976 ὁ
1035 925 1287 994 νυμφίος,
1316 923 1432 977 ἀλλ’
1457 926 1490 995 ἡ
1521 924 1641 994 χεὶρ
1669 924 1770 976 αὐ-

154 1008 262 1063 τοῦ
306 1011 470 1080 μόγις
515 1009 825 1084 ἐχώρησεν.
859 1014 1001 1067 ὥστε
1046 1014 1111 1068 δι’
1157 1014 1328 1083 αὐτῆς
1377 1015 1470 1067 ἐπὶ
1515 1015 1578 1067 τὸ
1622 1014 1772 1078 ἐντὸς

155 1099 447 1167 γενέσθαι,
489 1103 586 1154 καὶ
611 1103 852 1173 ἅψασθαι
883 1104 984 1175 τῆς
1015 1104 1392 1176 ἐπιθυμούσης
1417 1105 1508 1158 τὸν
1538 1106 1769 1174 νυμφίον

159 1193 326 1258 ἰδεῖν,
355 1187 400 1260 ᾧ
430 1194 684 1248 τοσοῦτον
713 1196 972 1268 ὲκέρδανε
1005 1197 1194 1268 μόνον,
1221 1198 1343 1250 ὅσον
1369 1197 1592 1266 γνῶναι,
1624 1199 1706 1250 ὅτι
1733 1199 1765 1266 ἡ

152 1285 294 1355 χεὶρ
323 1287 511 1358 ἐκείνη
548 1288 642 1342 τοῦ
673 1289 1011 1360 ποθουμένου
1047 1291 1216 1346 ἐστίν.
1249 1287 1350 1344 Οἴα
1383 1291 1440 1344 δὲ
1475 1293 1605 1362 ἡμῖν
1637 1292 1768 1344 ὑπο-

151 1376 447 1431 δείκνυται
479 1378 756 1450 δόγματα,
794 1381 882 1436 διὰ
913 1383 1012 1452 τῆς
1041 1385 1099 1434 ἐν
1128 1385 1240 1446 τοῖς
1273 1383 1583 1453 εἰρημένοις
1619 1382 1767 1451 φιλο-

155 1469 368 1538 σοφίας
393 1470 664 1542 μάθοιμεν
701 1472 789 1536 ἂν,
821 1474 871 1526 εί
913 1475 1110 1546 μικρὸν
1134 1475 1212 1545 τῷ
1241 1474 1384 1546 λόγῳ
1417 1475 1768 1546 προσδιατρί-

151 1561 384 1632 ψωμεν.
436 1562 500 1616 Ἦ
533 1562 850 1636 ἀνθρωπίνη
885 1565 1032 1638 ψυχὴ
1066 1566 1160 1620 δύο
1192 1567 1406 1636 φύσεων
1437 1561 1570 1619 οὖσα
1606 1565 1767 1636 μεθό-

155 1667 306 1722 ριος,
336 1645 414 1706 ὧν
443 1653 476 1722 ἠ
510 1651 610 1722 μὲν
645 1653 934 1725 ἀσώματός
966 1658 1082 1709 ἐστι
1111 1657 1206 1710 καὶ
1238 1657 1402 1728 νοερὰ
1425 1659 1520 1712 καὶ
1554 1661 1766 1730 ἀκήρα·

151 1757 256 1806 τος
280 1759 295 1770 ·
319 1743 358 1812 ὴ
387 1741 444 1794 δὲ
477 1743 639 1814 ἑτέρα
675 1744 993 1816 σωματικὴ,
1027 1747 1121 1798 καὶ
1152 1747 1380 1818 ὑλώδης,
1413 1748 1509 1800 καὶ
1551 1728 1765 1818 ἄλογος.
1800 1728 1839 1784 Β

167 1833 436 1888 Ἐπειδὰν
456 1834 512 1888 δὲ
530 1835 762 1906 τάχιστα
785 1837 884 1908 τῆς
905 1838 1042 1908 πρὸς
1066 1838 1156 1892 τὸν
1184 1841 1362 1910 παχύν
1383 1859 1442 1894 τε
1469 1842 1564 1894 καὶ
1588 1842 1772 1915 γεώδη

155 1923 284 1994 βίον
340 1927 580 1996 σχέσεως
627 1928 1052 2000 ἐκκαθαρθεῖσα,
1107 1932 1174 1985 δι’
1234 1933 1434 2003 ἀρετῆς
1489 1933 1766 2006 ἀναϐλέψῃ

153 2015 305 2085 πρὸς
329 2016 394 2069 τὸ
415 2019 674 2087 συγγενὲς
697 2019 792 2072 καὶ
813 2020 1108 2084 θειότατον,
1137 2023 1198 2076 ού
1228 2023 1459 2080 παύεται
1488 2024 1769 2096 διερευνω-

156 2105 304 2178 μένη
329 2108 424 2161 καὶ⁴
447 2109 795 2178 ἀναζητοῦσα
817 2111 916 2182 τὴν
945 2112 1052 2166 τῶν
1075 2113 1244 2168 ὅντων
1271 2113 1442 2187 ἀρχήν
1467 2133 1480 2146 ·
1507 2117 1590 2180 τίς
1615 2119 1648 2189 ή
1671 2117 1764 2171 τοῦ

154 2197 398 2262 κάλλους
425 2200 536 2255 τῶν
563 2201 732 2256 ὄντων
776 2203 960 2276 πηγὴ,
995 2204 1158 2258 πόθεν
1189 2205 1400 2276 βρύειή
1432 2207 1681 2280 δύναμις,
1713 2209 1766 2263 τί

151 2288 220 2342 τὸ
255 2290 512 2360 ’κη-γάζαν
559 2293 660 2363 τὴν
708 2293 1120 2364 ἐμφαινομένην
1165 2297 1264 2366 τῆς
1315 2297 1502 2362 οὐσίας
1551 2299 1764 2368 σοφίαν.

153 2381 386 2447 Πάντας
413 2384 470 2438 δὲ
493 2384 790 2457 λογισμοὺς
815 2390 910 2444 καὶ
937 2393 1118 2446 πᾶσαν
1147 2391 1446 2462 ἐρευνητὴν
1478 2392 1766 2462 νοημάτων

151 2474 396 2546 δύναμιν
428 2477 742 2533 διακινοῦσα
784 2483 880 2535 καὶ
913 2483 1394 2556 περιεργαζομένη
1435 2485 1766 2538 καταλαϐεῖν

151 2565 218 2618 τὸ
265 2567 632 2639 ζητούμενον,
687 2571 811 2643 ὅρον
846 2577 1081 2628 ποιεῖται
1127 2577 1226 2646 τῆς
1274 2575 1632 2646 καταλήψεως
1666 2575 1764 2630 τοῦ

151 2655 300 2710 Θεοῦ
336 2658 438 2727 τὴν
469 2659 752 2731 ἐνέργειαν
787 2661 955 2732 μόνην
987 2663 1087 2737 τὴν
1138 2665 1301 2736 μέχρι
1345 2665 1502 2734 ήμῶν
1538 2667 1762 2722 κατιοῦ-

155 2763 284 2813 σαν,
309 2743 380 2818 ἦς
403 2748 494 2802 διά
517 2751 618 2820 τῆς
646 2752 792 2822 ζωῆς
819 2756 985 2825 ἡμεῖς
1012 2756 1406 2826 αἰσθανόμεθα.
1437 2758 1548 2811 Καὶ
1572 2759 1762 2831 ὥσπερ

151 2838 220 2892 τὸ
248 2839 332 2910 τῷ
357 2839 512 2894 ὕδατι
548 2843 1024 2916 συναναδιδόμενον
1057 2848 1120 2898 ὲκ
1159 2847 1260 2916 τῆς
1287 2847 1388 2918 γῆς
1418 2847 1637 2918 πνεῦμα
1665 2850 1762 2920 οὑχ

154 2931 381 2986 [σταται
415 2935 544 3004 περὶ
579 2935 671 2988 τὸν
702 2937 956 3008 πυθμένα
984 2939 1080 3009 τῆς
1113 2939 1332 3010 λίμνης,
1368 2939 1506 2992 ἀλλά
1545 2941 1762 3012 πομφό-

151 3020 258 3090 λυξ
287 3025 580 3095 γενόμενον
611 3028 700 3079 ἐπὶ
735 3027 796 3082 τὺ
821 3029 933 3083 ἄνω
965 3030 1099 3102 πρὸς
1128 3031 1188 3084 τὸ
1231 3032 1496 3100 συγγενὲς
1529 3032 1762 3103 ἀνατρέ-

151 3131 270 3184 χει,
315 3116 410 3168 καὶ
454 3117 584 3170 ὅταν
617 3119 799 3191 διέλθῃ
851 3120 948 3190 τὴν
980 3121 1074 3174 τοῦ
1117 3121 1308 3185 ὕδατος
1340 3122 1516 3194 ἄκραν
1562 3123 1760 3192 ἐπιφά-

152 3224 334 3274 νειαν,
365 3210 460 3262 καὶ
481 3213 794 3284 καταμιχθῇ
826 3215 964 3285 πρὸς
987 3215 1078 3268 τὸν
1107 3215 1266 3286 ἀέρα,
1299 3215 1422 3268 τότε
1449 3216 1547 3286 τῆς
1573 3216 1665 3268 ἐπὶ
1688 3215 1758 3270 τά

153 3299 276 3352 ἄνω
303 3301 570 3371 κινήσεως
599 3303 810 3357 ἵσταται
833 3321 846 3333 '
881 3307 1120 3360 τοιοῦτόν
1159 3325 1212 3360 τι
1261 3309 1458 3377 πάσχει
1493 3309 1587 3362 καὶ
1624 3310 1656 3379 ἡ
1689 3311 1757 3362 τὰ

155 3391 285 3445 θεῖα
327 3392 728 3465 διερευνωμένη
766 3397 910 3466 ψυχή
934 3413 946 3426 ·
999 3398 1220 3452 ἐπειδὰν
1263 3400 1328 3452 ὲκ
1365 3400 1473 3452 τῶν
1511 3401 1756 3456 κάτωθεν

157 3479 302 3550 πρὸς
320 3480 420 3550 τὴν
445 3480 554 3533 τῶν
576 3483 986 3555 ὑπερκειμένων
1009 3488 1210 3555 γνῶσιν
1241 3489 1439 3560 ἑαυτὴν
1464 3491 1722 3560 ἀνατείνῃ
1740 3531 1754 3554 ,

151 3569 232 3625 τὰ
254 3573 354 3642 τῆς
375 3574 653 3644 ἐνεργείας
677 3577 842 3630 αὑτοῦ
868 3578 1125 3649 θαύματα
1145 3581 1548 3646 καταλαϐοῦσα,
1573 3601 1640 3636 πε
1649 3602 1762 3656 ραι-

155 3661 308 3731 τέρω
335 3663 616 3734 προελθεῖν
641 3665 730 3720 διὰ
750 3667 852 3736 τῆς
873 3668 1404 3744 πολυπραγμοσύνης
1425 3674 1486 3726 ού
1508 3671 1755 3728 δύναταιο

155 3753 298 3808 ἀλλὰ
326 3753 599 3826 θαυμάζει
622 3758 718 3810 καὶ
752 3757 966 3814 σέϐεται
997 3761 1090 3816 τὸν
1119 3763 1538 3837 ὃτιέστιιξμόνον
1572 3765 1638 3818 δι’
1681 3763 1756 3820 ὧν

156 3847 376 3916 ἐνεργεῖ
407 3849 831 3920 γινωσκόμενον.
880 3852 1012 3925 Ὁρᾷ
1037 3853 1100 3908 τὸ
1129 3855 1378 3924 οὐράνιον
1409 3856 1623 3922 κάλλος,
1655 3859 1756 3922 τὰς

153 3937 272 3992 τῶν
306 3941 610 4012 φωστήρων
637 3943 837 4011 αὑγάς,
875 3945 974 4016 τὴν
1018 3947 1198 4014 ὀξεῖαν
1228 3949 1322 4001 τοῦ
1356 3949 1521 4004 πόλου
1555 3952 1753 4005 κυκλο-

157 4030 378 4101 φορίαν,
435 4032 532 4104 τὴν
584 4033 846 4090 εὔτακτόν
890 4055 950 4090 τε
1007 4039 1102 4092 καὶ
1152 4041 1472 4112 ἐναρμόνιον
1529 4044 1586 4096 ἐν
1641 4047 1754 4107 τοῖς

157 4125 383 4196 ἄστροις
427 4128 767 4199 περιφορὰν,
797 4131 888 4183 τὸν
935 4133 1206 4185 ἐνιαύσιον
1250 4133 1449 4188 κύκλον
1489 4135 1752 4208 τέσσαρσι

157 4219 374 4288 καιροῖς
409 4219 488 4282 είς
519 4221 712 4274 ἑαυτὸν
742 4222 1181 4294 ἀναστρέφοντα·
1217 4225 1320 4297 τὴν
1351 4226 1456 4298 γῆν
1487 4228 1754 4284 συνδιατι-

159 4309 396 4380 θεμένην
421 4310 498 4382 τῷ
522 4314 852 4384 περιέχοντι,
876 4315 970 4368 καὶ
991 4319 1055 4387 τῇ
1082 4315 1314 4388 διαφορᾷ
1335 4319 1434 4388 τῆς
1453 4319 1561 4375 τῶν
1585 4322 1754 4392 ὑπερ-

1877 465 1964 520 nis
1991 481 2004 517 :
2041 471 2232 532 aperta
2263 460 2367 514 fuit
2398 465 2507 512 tota
2537 457 2735 511 animae
2770 463 2921 524 porta
2945 493 2958 516 ,
2989 461 3048 506 ut
3075 451 3466 521 ingrederetur

1875 555 1992 610 Rex
2027 553 2233 626 gloriae.
2277 551 2382 606 Sed
2416 559 2612 621 patens
2641 555 2815 618 porta:
2854 544 3086 598 latitudo
3120 552 3344 598 ostensa
3379 551 3463 594 est

1877 663 2106 718 parvum
2137 645 2413 718 quoddam
2447 651 2501 698 et
2533 649 2826 712 angustum
2861 654 2925 692 ac
2969 637 3136 692 breve
3181 635 3427 689 foramen
3448 671 3466 696 ,

1874 756 1974 810 per
2003 739 2150 810 quod
2183 753 2292 792 non
2326 736 2444 806 ipse
2479 749 2718 804 sponsus
2743 773 2759 796 ,
2809 731 2912 786 sed
2963 729 3087 798 ejus
3135 741 3331 781 manus
3375 725 3468 780 vix

1873 832 2009 886 adeo
2040 829 2351 902 processit,
2385 835 2442 882 ιιι
2479 841 2574 896 per
2605 826 2788 895 ipsum
2836 825 3086 894 ingressa
3133 823 3238 884 sit,
3283 828 3337 878 et
3378 819 3464 874 vi-

1873 922 2037 976 dendi
2073 923 2262 992 sponsi
2301 919 2548 989 tetigerit
2581 915 2918 972 desiderium
2943 956 2959 980 ,
2991 931 3100 985 quo
3131 915 3222 967 vix
3253 920 3467 968 tantum

1875 1015 2018 1070 lucri
2051 1013 2184 1068 fecit
2209 1053 2224 1076 ,
2260 1021 2320 1067 ut
2351 1016 2711 1082 cognosceret
2742 1007 2890 1078 quod
2919 1007 3011 1061 illa
3047 1007 3119 1062 sit
3146 1021 3343 1061 manus
3373 1003 3468 1058 dc-

1873 1106 2122 1162 siderati.
2175 1103 2503 1174 Cujusmodi
2538 1111 2722 1156 autem
2755 1100 2919 1154 nobis
2954 1101 3326 1154 ostenduntur
3365 1097 3466 1152 d0-

1872 1206 2052 1267 gmata
2072 1240 2088 1264 ,
2117 1196 2476 1252 didicerimus
2501 1208 2598 1264 per
2621 1208 2742 1248 eam
2771 1207 2892 1262 qua:
2921 1199 3005 1246 est
3031 1191 3084 1244 in
3115 1189 3200 1244 his
3231 1189 3467 1258 philoso-

1872 1290 2085 1358 phiam,
2124 1289 2170 1344 si
2202 1289 2256 1342 in
2285 1297 2548 1342 contextu
2586 1286 2882 1341 verborum
2915 1299 3109 1354 parum
3157 1282 3314 1336 fuero
3364 1283 3466 1334 im-

1870 1389 2140 1436 moratus.
2195 1380 2389 1434 Anima
2439 1381 2683 1434 humana
2729 1385 2814 1432 est
2854 1377 2910 1430 in
2956 1376 3194 1431 conﬁnio
3227 1375 3464 1428 duarum

1870 1483 2229 1538 naturarum,
2273 1489 2508 1542 quarum
2539 1473 2710 1525 altera
2749 1469 2970 1540 quidem
3025 1477 3110 1522 est
3145 1468 3466 1536 incorporea

1868 1573 1923 1620 el.
1956 1565 2288 1636 intelligens,
2324 1573 2378 1618 et
2411 1563 2468 1618 in
2503 1577 2672 1634 quam
2712 1576 2824 1616 non
2861 1559 3010 1614 cadit
3047 1560 3304 1614 interitus
3333 1577 3348 1624 ;
3383 1559 3464 1611 al-

1870 1668 1986 1715 tera
2013 1674 2149 1714 vero
2183 1673 2448 1727 corporea
2471 1699 2485 1723 ,
2518 1665 2572 1712 et
2607 1653 2910 1710 matcrialis
2932 1695 2944 1718 ,
2983 1665 3036 1707 et
3067 1669 3126 1707 ex
3140 1668 3264 1722 pers
3296 1651 3466 1704 ratio-

1871 1755 1978 1808 nis.
2009 1751 2146 1806 Cum
2179 1751 2418 1821 primum
2452 1755 2636 1803 autem
2670 1754 2900 1818 purgata
2933 1747 3001 1798 ab
3031 1759 3094 1800 ea
3122 1761 3246 1814 qua:
3277 1753 3362 1798 est
3396 1741 3464 1796 ad

1871 1859 2118 1900 crassam
2163 1851 2218 1898 et
2257 1851 2534 1896 terrenam
2567 1841 2738 1893 vitam
2787 1837 3108 1893 habitudine
3133 1877 3148 1900 ,
3189 1835 3467 1905 aspexerit

1869 1952 1966 2006 per
1995 1937 2254 1992 virtutem
2283 1934 2352 1988 ad
2385 1934 2440 1988 id
2477 1932 2624 2003 quod
2659 1939 2743 1986 est
2775 1938 3071 2001 cognatum
3105 1938 3161 1984 et
3185 1929 3456 1991 divinum,

1874 2044 1986 2084 non
2031 2035 2216 2084 cessat
2257 2027 2598 2096 perscrutari
2642 2031 2696 2079 ct
2739 2023 3024 2092 inquirere
3075 2037 3304 2079 eorum.
3340 2037 3462 2090 qum

1869 2127 2027 2180 sunt,
2059 2116 2394 2188 principium
2422 2134 2436 2170 :
2468 2113 2744 2184 quodnam
2787 2113 2860 2168 sit
2891 2113 3111 2167 initium
3139 2112 3460 2182 pulchritu-

1868 2208 2016 2263 dinis
2065 2222 2287 2271 rerum,
2337 2205 2614 2261 undenam
2662 2211 2884 2260 emanet
2933 2205 3018 2258 vis
3073 2219 3138 2258 ac
3185 2202 3458 2266 facultas,

1867 2299 1998 2370 quid
2031 2299 2103 2354 sit
2137 2315 2168 2352 a
2203 2313 2312 2366 quo
2345 2297 2628 2353 derivetur
2667 2295 2942 2366 sapientia
2990 2310 3114 2366 qua:
3144 2294 3202 2349 in
3239 2295 3308 2349 iis
3337 2311 3458 2366 qua:

1868 2397 1996 2446 sunt
2025 2389 2291 2455 cernitur,
2322 2397 2376 2445 et
2400 2403 2522 2458 qum
2557 2396 2737 2442 movet
2779 2403 2975 2442 omnes
3005 2385 3420 2456 disputationes
3440 2426 3454 2449 ,

1867 2498 2196 2552 omnemque
2229 2483 2339 2536 vim
2377 2479 2796 2552 perscrutandi,
2846 2494 3081 2550 quaeque
3125 2479 3344 2534 curiose
3376 2479 3458 2532 la-

1867 2575 2024 2630 borat
2059 2573 2111 2627 in
2144 2574 2669 2643 comprehcmlcmlo
2703 2587 2769 2628 eo
2800 2570 2946 2641 quod
2979 2571 3269 2641 quaeritur,
3305 2580 3358 2625 et
3402 2571 3458 2624 in

1867 2663 2119 2719 faciendo
2146 2666 2440 2720 terminum
2473 2663 2565 2719 Dei
2594 2662 3106 2733 comprehensionis
3135 2663 3309 2724 solam
3334 2677 3460 2732 ope-

1864 2758 2134 2812 rationem
2175 2773 2297 2826 qum
2332 2756 2400 2811 ad
2441 2772 2544 2811 nos
2580 2771 2756 2828 usque
2790 2755 3122 2810 descendit:
3159 2771 3256 2825 per
3295 2755 3458 2824 cujus

1864 2849 2031 2903 vitam
2063 2863 2164 2904 nos
2212 2850 2485 2904 sentimus
2516 2867 2528 2903 :
2565 2862 2619 2904 et
2644 2850 2921 2918 quomodo
2946 2847 3176 2916 spiritus
3209 2847 3302 2916 qui
3330 2863 3456 2902 cum

1864 2957 2005 3012 aqua
2053 2944 2217 2998 simul
2259 2943 2529 3000 emittitur
2559 2958 2626 2998 ex
2655 2951 2804 2997 terra
2826 2985 2840 3008 ,
2875 2956 2986 2996 non
3024 2948 3208 2996 manet
3235 2942 3290 2995 in
3323 2955 3453 3010 pro-

1861 3031 2032 3092 fundo
2061 3037 2218 3092 lacus
2238 3075 2253 3102 ,
2281 3037 2376 3092 sed
2403 3036 2552 3089 bulla
2581 3035 2761 3089 factus
2783 3050 3007 3089 sursum
3036 3034 3285 3090 excurrit
3310 3033 3378 3088 ad
3403 3033 3456 3086 id

1861 3128 2010 3194 quod
2043 3135 2128 3181 est
2153 3127 2260 3182 sibi
2285 3126 2620 3196 cognatione
2655 3126 3014 3194 conjunctum
3047 3143 3060 3178 :
3089 3135 3142 3180 et
3173 3138 3296 3178 cum
3331 3138 3457 3192 per-

1865 3218 2070 3272 vaserit
2097 3234 2274 3288 usque
2301 3218 2368 3272 ad
2403 3232 2674 3272 summam
2708 3232 2863 3286 aquae
2893 3215 3241 3285 superticiem
3263 3255 3278 3279 ,
3313 3214 3455 3268 aeri-

1865 3325 1972 3379 que
2005 3310 2167 3364 mista
2193 3309 2389 3373 fuerit,
2417 3318 2547 3364 tunc
2575 3307 2777 3362 desinit
2809 3323 3031 3362 sursum
3063 3305 3270 3360 moveri
3303 3323 3316 3359 :
3348 3304 3457 3358 tale

1863 3397 2084 3466 quidem
2115 3398 2280 3450 etiam
2314 3396 2574 3452 usuvenit
2603 3396 2800 3450 animus
2827 3396 3017 3450 divina
3045 3395 3414 3466 perscrutanti
3437 3435 3452 3460 ,

1862 3496 2152 3558 postquam
2183 3504 2212 3541 ιι
2244 3488 2410 3544 rebus
2459 3487 2814 3542 inferioribus
2858 3504 2919 3544 se
2963 3487 3212 3542 extendit
3241 3485 3310 3540 ad
3358 3502 3454 3542 ευ·-

1862 3596 2158 3651 pernarum
2203 3595 2390 3633 rerum
2435 3581 2843 3652 cognitionem,
2891 3589 3081 3651 utpote
3161 3595 3285 3650 quae
3326 3595 3451 3634 cum

1861 3667 2338 3738 comprehenderit
2367 3670 2639 3724 miracula
2669 3671 2792 3740 ejus
2818 3671 3153 3742 operationis
3172 3713 3187 3738 ,
3219 3671 3453 3726 ulterius

1859 3763 2078 3816 curiose
2107 3762 2406 3816 scrutando
2439 3762 2646 3816 desinit
2681 3762 2972 3834 progredi,
3009 3763 3106 3818 sed
3139 3762 3320 3832 ipsum
3355 3761 3454 3816 ad—

1859 3854 2094 3906 miratur
2122 3860 2177 3908 et
2203 3853 2634 3922 contemplatur,
2672 3854 2767 3923 qui
2805 3869 2903 3923 per
2937 3868 3001 3908 ea
3029 3867 3154 3923 qua:
3181 3863 3448 3923 operatur

1859 3961 1983 4006 esse
2011 3946 2388 4016 cognoscitur.
2428 3945 2588 4002 Videt
2615 3946 2899 4001 caelestem
2937 3944 3448 4016 pulchritudinem,

1859 4037 2212 4092 luminarium
2237 4037 2589 4108 splendorem
2612 4079 2626 4106 ,
2652 4039 2889 4094 celerem
2921 4038 3032 4107 poli
3058 4037 3451 4092 circumactio-

1857 4143 2008 4193 nem,
2037 4129 2348 4184 ordinatam
2381 4137 2435 4184 et
2466 4145 2845 4196 numerosam,
2871 4135 3148 4184 astrorum
3183 4127 3449 4192 ambitus,

1855 4221 1952 4292 qui
1980 4222 2168 4278 orbem
2204 4237 2450 4276 annuum
2485 4229 2726 4292 quatuor
2761 4221 3105 4292 temporibus
3135 4220 3190 4274 in
3221 4236 3282 4274 se
3313 4235 3450 4274 con-

1853 4323 2076 4370 vertunt
2107 4331 2119 4367 :
2150 4323 2358 4370 terram
2388 4330 2510 4384 qua:
2543 4315 2712 4370 siuml
2746 4312 2980 4368 adicitur
3017 4327 3142 4366 cum
3189 4326 3256 4367 eo
3295 4312 3446 4382 quod

159 4404 432 4474 κειμένων
459 4407 726 4477 κινήσεως
761 4409 862 4472 τὰς
899 4409 1034 4472 ἰδίας
1077 4409 1358 4479 ἐνεργείας
1395 4411 1748 4476 συνεξαλλάσ-

1863 4408 2060 4472 ambit,
2093 4416 2301 4462 etcum
2337 4407 2650 4462 diﬂ‘erentia
2700 4415 2885 4462 motus
2947 4419 3319 4476 supernorum
3373 4403 3448 4459 si-

161 4513 382 4563 σουσαν,
414 4498 513 4562 τάς
545 4517 606 4552 τε
645 4499 942 4564 πολυειδεῖς
981 4501 1040 4554 ὲν
1072 4504 1185 4566 τοῖς
1215 4501 1375 4568 ζώοις
1402 4504 1612 4573 φύσεις,
1645 4505 1755 4558 τῶν

155 4608 222 4643 τε
265 4591 385 4643 καθ’
433 4590 641 4645 ὑδάτων
684 4593 1084 4662 διαιτωμένων,
1123 4595 1216 4648 καὶ
1266 4595 1374 4649 τῶν
1424 4597 1523 4668 τὴν
1568 4597 1754 4668 ἀέριον

157 4681 539 4752 ἀπολαχόντων
571 4683 766 4753 φορὰν,
797 4685 892 4738 καὶ
919 4679 1003 4748 οἷς
1038 4689 1292 4758 χερσαῖος
1320 4689 1348 4740 ὁ
1379 4686 1492 4758 βίος
1515 4705 1528 4717 ·
1565 4689 1663 4751 τάς
1692 4706 1752 4742 τε

157 4772 506 4836 παντοδαπὰς
559 4773 670 4826 τῶν
716 4775 898 4843 φυτῶν
965 4775 1142 4842 ἰδέας,
1201 4779 1296 4831 καὶ
1343 4778 1444 4842 τὰς
1499 4779 1751 4845 ποικίλας

157 4865 316 4928 πόας,
355 4865 622 4936 ποιότητι,
672 4869 766 4920 καὶ
797 4867 1045 4938 δυνάμει,
1082 4871 1178 4923 καὶ
1220 4873 1457 4942 σχήματι
1502 4870 1747 4942 ἀλλήλων

155 4957 546 5028 διαφερούσας,
601 4960 696 5012 καὶ
739 4961 839 5022 τὰς
883 4960 993 5014 τῶν
1040 4961 1266 5032 καρπῶν
1313 4980 1372 5016 τε
1419 4963 1512 5016 καὶ
1555 4962 1746 5035 χυμῶν

161 5052 447 5122 ἰδιότητας,
479 5054 572 5106 καὶ
607 5054 674 5106 τὰ
709 5054 864 5119 ἄλλα,
895 5054 960 5108 δι’
998 5049 1074 5109 ὧν
1105 5057 1140 5126 ή
1176 5055 1428 5127 ἐνέργεια
1462 5056 1556 5109 τοῦ
1608 5054 1744 5110 Θεοῦ

155 5140 534 5207 διαδείκνυται,
585 5142 858 5213 βλέπουσα
900 5146 934 5214 ἡ
987 5145 1156 5218 ψυχὴ,
1197 5146 1285 5200 διὰ
1330 5147 1425 5202 τοῦ
1468 5147 1746 5217 θαύματος

157 5232 266 5286 τῶν
293 5235 635 5305 φαινομένων
657 5235 1040 5306 ἀναλογίζεται
1069 5240 1135 5309 τῇ
1163 5237 1368 5310 διανοίᾳ
1396 5240 1488 5293 τὸν
1517 5239 1606 5294 διὰ
1633 5241 1742 5294 τῶν

158 5325 332 5395 ἔργων
360 5325 651 5397 νοούμενον
683 5328 766 5386 ὅτι
792 5329 970 5383 ἐστιν.
997 5331 1158 5393 Ἴσως
1184 5330 1241 5384 δὲ
1277 5329 1420 5383 κατά
1442 5330 1534 5384 τὸν
1573 5331 1744 5386 αίῶνα

157 5417 247 5470 τὸν
275 5417 556 5488 μέλλοντα,
581 5420 712 5474 ὅταν
739 5423 988 5494 παρέλθῃ
1034 5423 1141 5475 πᾶν
1179 5424 1240 5476 τὸ
1273 5423 1572 5493 ὁρώμενον,
1603 5425 1745 5478 κατὰ

157 5511 254 5582 τὴν
283 5509 374 5564 τοῦ
407 5512 616 5584 Κυρίου
649 5514 854 5585 φωνὴν,
885 5514 943 5576 ὃς
975 5531 1139 5583 φησιν
1161 5531 1176 5546 ’
1213 5515 1276 5568 '0
1305 5515 1566 5584 οὐρανὸς
1588 5516 1744 5582 καὶὴ

160 5600 234 5672 τῆ
262 5605 741 5671 παρελεύσονται
761 5621 776 5636 ·
804 5607 878 5660 τὰ
899 5606 964 5659 δὲ
985 5606 1228 5677 ῥήματά
1242 5626 1363 5678 μου
1385 5610 1458 5662 οὐ
1485 5607 1573 5678 μὴ
1608 5625 1746 5677 παρ-

162 5695 528 5764 ελεύσονται,
557 5697 650 5750 καὶ
680 5699 760 5762 είς
791 5699 1006 5771 ἐκείνην
1054 5701 1400 5773 μετέλθωμεν
1444 5701 1540 5773 τὴν
1575 5703 1744 5775 ζωὴν,

239 5803 285 5839 μ
308 5805 498 5864 Matth.
521 5823 666 5874 xxiv.
698 5809 789 5874 55-

1859 4499 2050 4554 derum
2099 4500 2262 4554 simul
2317 4500 2482 4554 etiam
2534 4505 2712 4552 mutat
2751 4497 3136 4568 operationcs;
3172 4506 3226 4552 et
3262 4497 3446 4551 multi-

1857 4592 2028 4661 plices
2055 4602 2284 4646 naturas
2315 4593 2675 4646 animantium
2695 4632 2708 4656 ,
2741 4599 2796 4644 et
2821 4605 3012 4645 eorum
3046 4605 3168 4656 qua:
3197 4589 3252 4642 in
3285 4590 3445 4658 aquis

1856 4683 2061 4754 degunt
2081 4725 2095 4746 ,
2133 4691 2187 4738 et
2228 4685 2432 4754 quibus
2467 4693 2650 4739 motus
2679 4685 2848 4740 cessit
2873 4685 2930 4738 in
2964 4697 3123 4746 aere,
3151 4691 3205 4737 ct
3234 4671 3358 4752 q‘uae
3387 4683 3442 4735 in

1855 4778 2020 4832 terris
2047 4777 2213 4830 vitam
2243 4787 2442 4846 agunt:
2499 4785 2555 4831 ct
2599 4778 2784 4830 omnia
2833 4777 3146 4846 plantarum
3201 4791 3443 4846 genera,

1855 4879 1909 4924 et
1951 4869 2150 4926 herbas
2193 4869 2412 4932 varias,
2442 4869 2710 4940 qualitate
2734 4879 2788 4924 et
2815 4872 3022 4923 virtute
3094 4876 3148 4924 ct
3193 4870 3363 4937 tignra
3411 4883 3442 4920 a

1857 4979 1917 5018 se
1961 4963 2192 5016 invicem
2238 4961 2554 5018 differentes
2580 5003 2594 5028 ,
2639 4960 3033 5030 fructuumque
3075 4969 3129 5015 et
3181 4975 3442 5028 saporum

1860 5054 2263 5123 proprietates,
2298 5061 2352 5108 et
2391 5067 2514 5122 quae
2556 5068 2654 5122 per
2701 5067 2764 5106 ea
2810 5068 2933 5122 quae
2979 5061 3338 5121 operantura
3383 5066 3442 5106 se

1857 5148 2092 5201 invicem
2139 5147 2402 5200 distincta
2449 5143 2841 5210 ostenduntur,
2889 5143 3168 5212 aspiciens
3219 5143 3439 5206 anima,

1849 5257 1945 5310 per
1973 5239 2300 5294 miraculum
2338 5253 2527 5293 eorum
2559 5253 2684 5307 quae
2723 5245 3009 5306 apparent,
3043 5247 3223 5288 mente
3257 5245 3443 5288 versat

1849 5344 1902 5390 et
1929 5333 2244 5389 considerat
2281 5347 2405 5386 eum
2462 5331 2556 5400 qui
2591 5346 2656 5385 ex
2695 5329 2980 5400 operibus.
3031 5329 3172 5396 quod
3219 5329 3310 5388 sit,
3357 5329 3440 5382 in-

1851 5427 2140 5496 telligitur.
2188 5422 2353 5477 Forte
2407 5429 2587 5476 autem
2637 5423 2694 5474 in
2743 5421 2928 5475 futuro
2972 5422 3175 5473 saeculo
3218 5421 3441 5488 quamlo

1851 5515 2117 5588 quidquid
2143 5514 2360 5568 videtur
2397 5511 2726 5583 prazterierit
2755 5512 3149 5566 convenienter
3183 5509 3300 5562 vmi
3333 5509 3439 5561 Do-

1856 5611 1988 5664 mini
2028 5629 2040 5664 :
2072 5607 2276 5663 Catum
2309 5615 2358 5660 et
2385 5614 2532 5658 terra
2559 5605 2865 5659 transibunt
2893 5619 2910 5656 :
2937 5603 3090 5658 verba
3118 5614 3290 5657 autem
3320 5620 3437 5657 mea

1859 5718 1961 5756 non
2003 5696 2302 5753 transibunt
2325 5693 2371 5728 “
2402 5713 2414 5750 :
2447 5701 2500 5750 ct
2529 5694 2598 5749 ad
2629 5695 2776 5749 illam
2820 5696 2988 5750 vitam
3021 5693 3428 5752 transierimus.
