3850 6224
409 320 539 379 1011

1731 331 1789 391 S.
1821 328 2145 391 GREGORII
2184 329 2478 388 NYSSENI

3538 335 3703 392 ιοιεεε

411 455 535 508 qum
567 448 621 496 et
644 442 823 499 visum
850 452 1096 515 superat,
1127 451 1183 525 et
1206 444 1457 501 auditum
1478 454 1535 502 et
1562 448 1990 518 cogitationem:

2165 449 2306 520 ὑπὲρ
2351 449 2630 521 ὀφθαλμόν
2671 449 2732 504 τέ
2774 449 3013 504 ἐστικαὶ
3051 448 3219 523 ἀκοήν
3261 450 3353 505 καὶ
3394 447 3642 505 διάνοιαν
3672 465 3698 480 ⁸

412 542 544 587 tunc
572 548 683 587 non
712 534 949 604 amplius
977 550 1047 590 ex
1077 545 1234 607 parte
1267 553 1367 608 per
1399 540 1777 609 operationem
1804 554 1997 595 eorum

411 639 536 693 quae
585 633 898 679 cernuntur
942 626 1071 680 boni
1111 635 1371 682 naturam
1420 643 1782 700 agnoscemus
1804 628 1886 694 “,
1940 637 2001 683 ut

412 729 563 769 nunc
605 715 683 779 tlt,
723 730 825 771 nec
854 728 920 771 ex
965 732 1156 773 eorum
1190 735 1311 789 quae
1342 728 1623 790 apparent,
1657 721 1996 790 Operatione,

413 806 754 878 intelligetur
794 808 849 863 id
892 807 1040 879 quod
1084 811 1459 881 supereminet
1492 829 1506 867 ;
1535 812 1629 867 sed
1678 812 1839 866 aliter
1882 825 2001 866 om-

413 897 548 953 nino
598 900 1102 970 comprehendetur
1150 901 1443 959 ineﬂ'abilis
1496 919 1669 975 genus
1705 905 2001 960 beatitudi-

414 988 523 1051 nis,
555 996 609 1043 et
634 990 740 1043 alia
774 991 899 1059 ejus
930 989 1177 1046 fruendae
1209 993 1372 1057 ratio,
1406 992 1568 1062 cujus
1598 1010 1706 1048 non
1739 1002 1825 1050 est
1850 1009 2000 1049 nunc

412 1095 477 1133 ea
506 1088 705 1135 natura
729 1090 788 1136 ut
812 1082 1076 1137 ascendat
1102 1082 1158 1136 in
1191 1098 1288 1139 cor
1322 1084 1583 1140 hominis.
1615 1085 1777 1140 Nunc
1815 1095 1999 1141 tamen

416 1176 687 1244 tantisper
738 1175 936 1230 anima:
973 1183 1179 1231 nostrae
1210 1176 1424 1246 positus
1466 1184 1551 1233 est
1591 1177 1681 1233 hic
1732 1177 2002 1234 terminus

416 1267 754 1338 cognitionis
783 1268 955 1333 illius,
985 1268 1080 1340 qui
1106 1267 1400 1326 ineﬂ‘abilis
1433 1277 1541 1334 est,
1572 1270 1694 1340 ejus
1724 1271 1998 1341 operatio,

416 1373 539 1429 qua:
568 1358 624 1412 in
648 1358 814 1414 rebus
842 1360 1047 1415 creatis
1076 1366 1323 1431 apparet,
1347 1375 1512 1430 quam
1544 1360 1756 1431 tropice
1781 1375 2001 1414 manum

418 1449 525 1504 dici
577 1451 971 1507 intelleximus.
1023 1448 1139 1506 Hoc
1168 1467 1299 1523 ergo
1344 1452 1504 1508 nobis
1530 1451 1729 1523 dogma
1760 1452 2005 1521 philoso-

416 1540 580 1614 phice
631 1553 719 1599 est
763 1544 1028 1600 traditum
1078 1560 1176 1617 per
1215 1545 1333 1600 haec
1384 1544 1572 1601 divina
1616 1546 1858 1615 eloquia,
1909 1560 2006 1616 per

418 1650 543 1705 qua:
592 1651 731 1706 pura
787 1638 991 1702 anima,
1039 1644 1094 1693 et
1140 1651 1250 1692 non
1298 1637 1536 1706 amplius
1583 1637 1896 1707 ingrediens
1948 1635 2006 1691 in

420 1727 537 1781 vita
569 1734 789 1781 terrena
818 1732 872 1781 et
900 1728 1194 1792 materiali,
1230 1743 1299 1783 ne
1332 1742 1432 1783 sua
1463 1726 1717 1797 inquinet
1746 1725 2003 1796 vestigia,

2099 544 2219 597 τότε
2249 543 2432 596 οὐκέτι
2471 543 2537 596 ἐκ
2568 542 2766 614 μέρους
2797 542 2884 596 διά
2914 543 3024 597 τῶν
3056 544 3233 614 ἔργων
3263 544 3699 614 ἐπιγνωσόμεθα

2098 633 2198 700 τὴν
2232 632 2327 686 τοῦ
2356 632 2558 702 ἀγαθοῦ
2586 633 2768 702 φύσιν,
2796 633 2986 707 ὥσπερ
3023 636 3117 688 καὶ
3144 635 3240 689 νῦν
3262 654 3277 667 °
3306 636 3427 689 οὐδὲ
3460 635 3552 688 διά
3585 635 3699 703 τῆς

2098 723 2208 778 τῶν
2236 725 2577 795 φαινομένων
2599 727 2881 797 ἐνεργείας
2906 727 2968 780 τὸ
2999 727 3393 795 ὑπερκείμενον
3423 726 3701 796 νοηθήσε-

2099 830 2225 867 ται·
2269 814 2383 868 ἀλλ’
2418 812 2623 887 ἑτέρως
2669 798 3147 888 καταληφθήσεται
3192 817 3410 879 πάντως
3445 816 3508 867 τὸ
3549 810 3703 876 εἶδος

2099 906 2202 976 τῆς
2240 907 2518 978 ἀφράστου
2564 909 2984 980 μακαριότητος,
3024 910 3119 963 καὶ
3153 908 3309 972 ἄλλος
3346 910 3550 979 τρόπος
3590 910 3705 977 τῆς

2101 995 2480 1062 ἀπολαύσεως,
2501 998 2560 1062 ὃς
2588 999 2682 1053 νῦν
2703 999 2793 1051 ἐπὶ
2815 999 3043 1070 καρδίαν
3061 998 3348 1071 ἀνθρώπου
3369 998 3707 1053 ἀναϐαίνειν

2106 1084 2267 1155 φύσιν
2306 1085 2405 1139 οὐκ
2448 1086 2582 1157 ἔχει.
2613 1087 2762 1151 Τέως
2800 1087 2858 1140 δέ
2892 1087 2987 1141 νῦν
3021 1089 3146 1160 ὅρος
3172 1091 3237 1160 τῇ
3265 1087 3413 1159 ψυχῇ
3592 1086 3707 1143 τοῦ

2104 1177 2385 1247 ἀφράστου
2424 1176 2679 1246 γνώσεώς
2725 1180 2875 1231 ἐστιν
2909 1180 2943 1250 ἡ
2977 1179 3347 1250 ἐμφαινομένη
3386 1176 3513 1243 τοτε
3536 1173 3708 1233 «αὔειν

2103 1267 2389 1338 ἐνέργεια,
2437 1270 2504 1340 ἢν
2549 1272 2708 1340 χεῖρα
2748 1268 3006 1337 λέγεσθαι
3050 1269 3329 1342 τροπικῶς
3361 1269 3705 1340 ἐνσήααμενε

2104 1359 2276 1413 Τοῦτο
2304 1361 2483 1414 τοίνυν
2512 1362 2643 1432 ἡμῖν
2669 1361 2728 1414 τὸ
2752 1361 2927 1432 δόγμα
2948 1362 3035 1415 διά
3055 1361 3175 1416 τῶν
3193 1362 3353 1417 θείων
3374 1360 3590 1416 τούτων
3610 1361 3711 1415 λοι

2104 1450 2238 1520 γίων
2269 1451 2718 1523 πεφιλοσόφηται,
2739 1453 2805 1506 δι’
2836 1447 2911 1507 ὧν
2932 1455 2966 1523 ἡ
3000 1453 3220 1524 καθαρὰ
3250 1453 3417 1524 ψυχὴ,
3441 1452 3542 1507 καὶ
3568 1452 3711 1506 οὒκ-

2106 1542 2189 1596 έτι
2224 1543 2319 1596 τοῦ
2357 1545 2550 1614 γηϊνου
2599 1561 2657 1596 τε
2717 1544 2814 1598 καὶ
2866 1544 3063 1598 ὑλικοῦ·
3100 1544 3216 1614 βίου
3258 1543 3706 1607 ἐπιδατεύωω,

2107 1634 2195 1689 ἵνα
2227 1635 2302 1705 μὴ
2341 1634 2545 1705 μολύνῃ
2585 1636 2783 1706 ἑαυτῆς
2810 1635 2872 1689 τὸ
2914 1635 3059 1707 ῐχνος
3095 1637 3209 1700 τοῖς
3244 1636 3399 1690 κάτω
3422 1634 3707 1706 hepta“.

2112 1726 2272 1797 μένη,
2306 1727 2723 1797 προσδοκήκασα
2745 1727 2907 1780 αὐτὸν
2930 1725 3291 1793 ὑποδέξασθαι
3312 1725 3406 1780 τὸν
3431 1725 3704 1797 νυμφίον,

422 1818 480 1874 in
515 1819 680 1874 rebus
725 1819 991 1876 insistens
1030 1818 1408 1886 inferioribus,
1444 1829 1773 1890 exspectans
1802 1818 1917 1874 fore
1948 1827 2007 1872 ut

2130 1786 2324 1870 ἱλον’ἐν
2459 1786 2594 1887 οῖκῷ
2632 1816 2923 1886 γενόμενον
2942 1833 2956 1846 ’
2987 1786 3240 1885 ἠγάπησε
3281 1816 3441 1886 μόνον
3464 1786 3611 1879 τὲως

420 1920 597 1965 totum
628 1912 905 1981 exciperet
933 1926 1197 1982 sponsum
1234 1911 1456 1965 domum
1492 1912 1842 1980 ingressum:
1870 1925 2009 1979 prae-

421 1999 572 2056 clare
617 2016 801 2055 secum
856 2000 942 2071 agi
989 2002 1341 2066 existimavit,
1391 2003 1438 2057 si
1492 2003 1667 2057 solum
1710 2017 1809 2071 per
1850 2000 2007 2055 fene-

424 2100 595 2147 stram
650 2107 872 2146 manum
923 2094 1255 2162 aspexisset,
1310 2110 1410 2162 per
1466 2108 1631 2164 quam
1686 2093 2011 2162 intelligitur

422 2186 605 2240 virtus
645 2185 768 2254 ejus
802 2198 1058 2254 operans.
1092 2183 1366 2239 Patruelis
1409 2200 1575 2248 meus,
1624 2183 1826 2254 inquit,
1865 2182 2010 2236 misit

425 2290 645 2328 manum
688 2291 846 2329 suam
896 2288 989 2344 per
1039 2274 1301 2344 foramen.
1356 2274 1476 2329 Non
1519 2274 1664 2330 enim
1702 2282 1883 2343 potest
1927 2273 2010 2328 vis

427 2364 669 2420 humana
716 2365 773 2420 in
825 2361 889 2421 se
933 2366 1180 2436 recipere
1227 2375 1479 2421 naturam
1534 2365 1803 2421 inﬁnitam
1837 2373 1893 2420 et
1924 2364 2013 2419 in-

427 2458 1004 2529 comprehensibilem.
1074 2458 1267 2513 Venter
1330 2470 1505 2514 autem
1568 2475 1751 2522 meus,
1796 2458 2008 2528 inquit,

427 2560 719 2603 commotus
770 2557 849 2602 est
885 2548 940 2601 in
973 2549 1166 2618 ipsum.
1196 2547 1403 2604 Nomen
1449 2550 1582 2603 illud
1623 2549 2012 2603 commotionis

429 2640 702 2710 signiﬁcat
736 2641 1030 2711 q‘uemdam
1066 2650 1348 2712 stuporem
1384 2650 1439 2696 et
1483 2642 1912 2697 admirationem
1941 2642 2013 2698 ob

428 2730 753 2786 miraculum
785 2730 931 2801 quod
970 2733 1241 2801 apparuit.
1283 2730 1551 2787 Universa
1581 2735 1727 2787 enim
1760 2733 1882 2803 ejus
1914 2748 2014 2788 eo-

428 2820 639 2890 gitandi
690 2830 747 2875 et
803 2821 1148 2891 intelligendi
1198 2821 1433 2878 facultas
1487 2831 1761 2877 commota
1805 2831 1890 2878 est
1945 2823 2014 2877 ad

431 2912 757 2967 miraculum
796 2927 987 2967 eorum
1022 2926 1145 2983 quae
1178 2928 1277 2982 per
1311 2928 1534 2967 manum
1564 2913 1804 2967 divinam
1835 2928 2014 2982 agun-

430 3012 563 3057 tur:
600 3018 834 3075 quorum
872 3006 1242 3060 consideratio
1284 3005 1580 3059 humanam
1614 3019 1880 3073 superans
1914 3020 2012 3058 na-

2107 1908 2215 1978 ὀπῇ
2263 1907 2362 1977 τὴν
2418 1910 2576 1979 χεῖρα
2633 1907 2967 1975 θεάσασθαι,
3018 1909 3087 1961 δι’
3134 1904 3204 1980 ἦς
3252 1905 3622 1978 ἑρμηνεύεται
3662 1906 3707 1976 ἡ

2110 1999 2433 2070 ἐνεργητικὴ
2470 2000 2635 2052 αὐτοῦ
2670 1999 2915 2069 δύναμις.
2958 1998 3305 2068 ’Δδελφιδός
3329 2015 3475 2068 μου.
3502 1998 3707 2068 φησιν,

2109 2092 2435 2147 ἀπέστειλε
2463 2092 2577 2159 τὴν
2601 2091 2767 2161 χεῖρα
2792 2094 2978 2146 αὑτοῦ
3012 2090 3112 2144 διὰ
3138 2090 3251 2158 τῆς
3270 2087 3451 2158 ὀπῆς.
3478 2088 3558 2142 οὐ
3587 2087 3721 2159 γὰρ

2111 2186 2279 2255 χωρεῖ
2331 2186 2363 2253 ἡ
2422 2181 2734 2252 ἀνθρωπίνη
2799 2181 3028 2252 δύναμις
3069 2179 3168 2251 τὴν
3205 2179 3457 2250 ἀόριστόν
3501 2178 3713 2232 τεκαὶ

2111 2274 2483 2345 ἀπερίληπτον
2513 2272 2673 2341 φύσιν
2706 2274 2764 2325 ἐν
2787 2274 2950 2342 ἐαυτῇ
2983 2269 3257 2336 δέξασθαι.
3293 2269 3369 2325 Ἦ
3396 2266 3468 2322 δὲ
3494 2267 3717 2322 κοιλία

2104 2384 2248 2438 μου,
2289 2367 2484 2438 φησὶν,
2538 2364 2790 2433 ἐθροήθη
2839 2365 2933 2417 ἐπ’
2979 2363 3204 2421 αὐτόν,
3245 2358 3551 2431 Ἐκπληξίν
3578 2374 3711 2411 τινα

2112 2460 2207 2514 καὶ
2237 2459 2485 2529 ξενισμὸν
2518 2458 2773 2529 σημαίνει
2792 2458 2885 2509 ἐπὶ
2905 2454 2983 2525 τῷ
3004 2455 3226 2523 φανέντι
3242 2452 3484 2523 θαύματι
3514 2442 3709 2521 τὸτῆς

2113 2553 2389 2624 θροήσεως
2444 2552 2632 2621 ὄνομα.
2695 2551 2852 2603 Πᾶσα
2912 2547 3023 2618 γὰρ
3081 2546 3251 2616 αὐτῆς
3296 2546 3331 2616 ἡ
3378 2543 3709 2614 Brem-md;

2112 2643 2336 2712 δύναμις
2368 2643 2691 2714 συνεκινήθη
2719 2643 2855 2712 πρὸς
2883 2640 2944 2694 τὸ
2972 2639 3159 2709 θαῦμα
3181 2638 3298 2692 τῶν
3311 2636 3402 2691 διὰ
3424 2636 3529 2707 τῆς
3544 2634 3714 2699 θείως

2113 2737 2291 2808 χειρὸς
2322 2736 2725 2807 ἐνεργουμένων
2743 2751 2756 2764 ·
2794 2728 2869 2788 ὧν
2902 2736 2936 2805 ή
2966 2731 3294 2802 κατανόησις
3323 2727 3710 2801 ὑπερκειμένη

2112 2828 2174 2881 τὸ
2198 2828 2581 2899 ἀκατάληπτόν
2598 2843 2657 2879 τε
2683 2826 2776 2880 καὶ
2798 2824 3081 2895 ἁχώρητον
3104 2823 3203 2893 τῆς
3222 2819 3319 2875 τοῦ
3347 2818 3714 2892 ἐνεργοῦντος

2115 2919 2330 2989 φύσεως
2370 2918 2436 2972 δι’
2466 2919 2664 2988 ἑαυτῆς
2703 2915 3017 2988 ἐρμηνεύει.
3058 2914 3218 2968 Πᾶσα
3248 2911 3359 2984 γὰρ
3394 2912 3432 2983 ἡ
3461 2908 3579 2965 τῶν
3617 2911 3713 2963 ὕνε-

2114 3029 2221 3065 των
2250 3012 2426 3074 κτίσις
2448 3011 2550 3079 τῆς
2575 3010 2756 3080 χειρὸς
2785 3008 3000 3079 ἐκείνης
3031 3007 3131 3076 τῆς
3163 3004 3253 3058 διά
3275 3004 3378 3074 τῆς
3396 3001 3543 3072 ὀπῆς
3570 3001 3719 3072 ἡμῖν

432 3103 633 3157 turam,
676 3110 773 3167 per
814 3113 874 3152 se
917 3097 1318 3167 interpretatur
1355 3097 1754 3168 comprehendi
1794 3106 1851 3152 et
1893 3097 2013 3168 capi

2130 3104 2523 3174 φανερωθείσης
2566 3103 2725 3173 ἔργον
2759 3103 2925 3163 ἐστὶν,
2975 3099 3052 3163 ὠς
3094 3098 3124 3151 ὁ
3171 3097 3427 3167 Ἰωάννης
3616 3089 3717 3145 λέ-

432 3202 542 3241 non
585 3203 747 3256 posse
781 3197 1034 3242 naturam
1071 3189 1193 3255 ejus
1237 3189 1332 3258 qui
1374 3196 1655 3258 operatur.
1701 3186 1839 3242 Nam
1891 3188 2018 3242 uni-

434 3291 595 3333 versa
630 3293 843 3344 eorum,
878 3292 999 3349 qua:
1035 3286 1188 3343 sunt,
1216 3287 1494 3344 creatura,
1529 3287 1614 3334 est
1642 3294 1783 3349 opus
1825 3295 2022 3335 manus

436 3368 586 3424 illius
625 3385 747 3439 quae
782 3371 1038 3439 apparuit
1075 3386 1171 3440 per
1215 3369 1485 3433 foramen,
1531 3379 1592 3424 ut
1638 3368 1878 3425 Joannes
1911 3372 2025 3424 cla—

436 3469 552 3515 mat
586 3460 639 3514 in
668 3459 986 3530 Evangelio,
1019 3470 1074 3517 et
1106 3462 1369 3532 propheta
1399 3462 1476 3515 illi
1508 3461 1859 3531 suﬂ'ragatur.
1887 3461 2024 3518 Nam

437 3554 529 3607 ille
570 3553 790 3623 quidem
832 3550 1008 3608 dicit:
1045 3553 1241 3609 Omnia
1286 3570 1379 3624 per
1415 3555 1590 3623 ipsum
1620 3554 1767 3623 facta
1809 3564 1931 3608 sunt
1955 3555 2023 3608 ".

438 3646 714 3716 Propheta
766 3657 949 3700 autem
1003 3647 1255 3701 nominat
1299 3661 1524 3701 manum
1570 3645 1892 3701 eﬂicientem
1941 3662 2028 3701 eo-

440 3751 562 3790 rum
597 3751 719 3806 qua:
759 3743 912 3800 sunt,
942 3737 1225 3803 virtutem,
1257 3736 1485 3793 dicens:
1516 3730 1714 3791 Manus
1758 3753 1876 3792 mea
1904 3737 2028 3807 fecit

440 3826 552 3881 haec
585 3830 766 3882 omnia
784 3828 853 3882 ⁸⁸.
908 3825 965 3882 Si
998 3843 1131 3897 ergo
1158 3842 1324 3899 opera
1375 3829 1530 3883 illius
1570 3829 1929 3899 operationis,
1976 3838 2031 3884 et

443 3920 549 3975 alia
581 3920 788 3986 omnia,
831 3931 885 3976 et
913 3921 1193 3976 caelestem
1242 3920 1737 3990 pulchritudinem,
1782 3921 2028 3976 nondum

443 4009 863 4079 comprehendit
895 4009 1181 4079 inquirens
1215 4009 1455 4064 hominis
1490 4009 1873 4081 intelligentia,
1898 4010 2031 4083 quid

444 4101 517 4156 sit
544 4101 707 4156 homo
740 4101 1046 4158 secundum
1082 4101 1401 4162 essentiam.
1439 4101 1522 4157 vel
1556 4101 1660 4164 sol,
1704 4103 1790 4155 vel
1824 4102 2032 4172 aliquid

445 4207 511 4246 ex
548 4191 618 4246 iis
650 4208 773 4262 quae
805 4192 862 4247 in
898 4192 1180 4248 creatione
1207 4199 1475 4262 apparent
1505 4192 1788 4247 miraculis
1822 4210 1835 4247 :
1870 4209 1934 4247 ea
1967 4195 2035 4250 de

448 4298 621 4339 causa
650 4292 1029 4339 commovetur
1060 4299 1216 4339 mens
1245 4285 1507 4347 humana,
1545 4290 1600 4338 et
1635 4283 1875 4338 divinam
1906 4300 2035 4355 ope-

447 4376 718 4431 rationem
764 4377 1019 4431 miratur.
1064 4375 1198 4429 Nam
1247 4376 1292 4431 si
1341 4378 1806 4446 comprehendere
1844 4381 2036 4449 nequit

2121 3213 2254 3263 γων,
2295 3196 2388 3248 καὶ
2416 3198 2444 3247 ὁ
2479 3195 2777 3267 ίπροφήτης
2805 3193 2882 3263 τῷ
2920 3189 3236 3260 Εὐαγγελίῳ
3270 3185 3715 3257 συμφθέγγεται.

2136 3286 2195 3342 '0
2235 3289 2332 3357 μὲν
2362 3289 2468 3358 γάρ
2508 3303 2696 3355 φησιν·
2729 3288 2814 3338 ὅτι
2849 3283 3054 3338 Πάντα
3097 3280 3172 3335 δι’
3209 3277 3399 3335 αὑτοῦ
3442 3274 3713 3346 eth-errr

2124 3381 2153 3432 ὀ
2200 3380 2256 3433 δὲ
2295 3381 2577 3448 προφήτης
2619 3378 2775 3446 χεῖρα
2822 3372 3077 3443 ὀνομάζει
3114 3371 3215 3441 τὴν
3266 3367 3558 3437 ποιητικὴν
3598 3362 3725 3417 tu?"

2123 3468 2290 3523 ὄντων
2316 3469 2572 3538 δύναμιν,
2611 3464 2781 3519 εἰπών
2798 3483 2812 3495 ’
2859 3465 2921 3519 Ἡ
2946 3463 3074 3533 χείρ
3095 3479 3217 3531 μου
3240 3458 3495 3524 ἐποίησε
3519 3454 3721 3510 ταῦτα

2127 3560 2341 3615 πάντα.
2374 3559 2438 3612 Et
2466 3556 2560 3613 οὖν
2586 3558 2656 3611 τὰ
2688 3557 2790 3627 τῆς
2821 3555 3100 3627 ἐνεργείας
3127 3552 3345 3623 ἐκείνης
3366 3549 3527 3621 ἔργα,
3548 3546 3623 3602 τά
3650 3560 3729 3635 τε

2125 3655 2263 3710 ἄλλα
2284 3655 2481 3717 πάντα,
2504 3654 2600 3707 καὶ
2628 3651 2695 3704 τὰ
2721 3650 2947 3723 οὐράνια
2969 3647 3163 3719 κάλλη,
3192 3643 3347 3699 οὔπω
3364 3643 3424 3697 δέ
3451 3638 3724 3707 κατείλη-

2129 3764 2227 3817 φεν
2273 3747 2306 3815 ἡ
2349 3744 2614 3816 ζητητικὴ
2650 3741 2744 3795 τοῦ
2788 3738 3072 3812 ἀνθρώπου
3110 3735 3341 3796 διάνοια,
3377 3729 3434 3786 τί
3468 3728 3597 3786 κατ’
3622 3727 3730 3782 οὐ-

2132 3838 2252 3891 σίαν
2281 3839 2308 3889 ὁ
2348 3832 2632 3906 ἄνθρωπός
2673 3835 2822 3886 ἐστιν
2845 3873 2860 3897 ,
2917 3830 2950 3902 ἢ
2987 3832 3016 3883 ό
3052 3828 3237 3900 ἥλιος,
3270 3824 3311 3896 ἧ
3348 3822 3478 3877 ἄλλο
3510 3818 3726 3874 τιτῶν

2132 3927 2474 3998 φαινομένων
2518 3927 2574 3978 ἐν
2622 3927 2689 3995 τῇ
2728 3921 2906 3977 κτίσει
2952 3918 3283 3990 θαυμάτων·
3317 3911 3510 3983 τούτου
3554 3909 3728 3982 χάριν

2133 4019 2370 4092 θροεῖται
2401 4017 2535 4088 πρὸς
2571 4017 2669 4087 τὴν
2705 4014 2854 4068 θείαν
2895 4012 3176 4081 ἐνέργειαν
3204 4010 3238 4078 ή
3269 4002 3507 4097 καρδίαν
3540 4002 3629 4097 ὃτι
3669 3999 3727 4053 εξ

2131 4090 2308 4166 ταῦτα
2346 4108 2669 4164 καταλαϐεῖν
2706 4106 2769 4160 οὐ
2797 4107 2993 4177 χωρεῖ.
3027 4101 3145 4165 πῶς
3171 4101 3281 4168 τὴν
3309 4090 3726 4177 eiusng

2133 4201 2337 4256 τούτων
2368 4198 2733 4269 καταλήψεται
2781 4195 2976 4264 φύσινς
3012 4192 3166 4264 Τάχα
3196 4191 3255 4246 δέ
3290 4207 3389 4253 τις
3407 4187 3505 4243 καὶ
3540 4184 3724 4248 ἃλις

2139 4291 2455 4365 μεταλαϐὼν
2498 4290 2565 4344 τὰ
2607 4290 2717 4343 τῶν
2752 4287 3056 4359 εἰρημένων
3103 4284 3438 4356 αἰνίγματα,
3480 4279 3589 4334 οὐκ
3616 4274 3726 4345 ᾧ

2135 4383 2229 4438 τοῦ
2259 4385 2465 4447 εἰκότος
2499 4382 2760 4453 προσάξει
2796 4381 2896 4451 τὴν
2925 4378 3180 4450 θεωρίαν.

448 4469 574 4529 ista,
611 4466 1077 4537 quemadmodum
1122 4466 1549 4535 comprehendet
1583 4482 1726 4530 eam,
1767 4486 1890 4539 quae
1939 4483 2024 4528 est
2090 4475 2200 4531 illis
2269 4476 2541 4544 superior,
2584 4468 2887 4527 naturam?
2933 4470 3096 4524 Forte
3145 4474 3329 4523 autem
3360 4466 3529 4521 etiam
3578 4460 3726 4519 aliis

451 4564 726 4633 quispiam
757 4562 813 4616 in
850 4562 1015 4616 aliam
1043 4562 1374 4616 sententiam
1419 4562 1662 4632 acceptis
1701 4578 1890 4619 eorum
1955 4586 2076 4639 quae
2115 4570 2261 4625 dicta
2303 4579 2432 4626 sunt
2494 4567 3029 4638 aenigmatibustnon
3058 4564 3128 4618 ab
3156 4576 3223 4617 eo
3245 4558 3393 4631 quod
3418 4555 3731 4614 esth—

452 4657 600 4720 mile,
629 4663 895 4709 remotam
925 4653 1090 4707 faciet
1127 4654 1646 4723 contemplationem
1678 4656 1779 4726 (a).

522 4747 776 4802 Arbitror
803 4747 949 4801 enim
982 4760 1076 4814 per
1104 4760 1322 4814 sponsa:
1349 4744 1572 4799 domum
1599 4746 1827 4820 intelligi
1861 4759 2017 4807 totan

2210 4748 2378 4823 Οἶμαι
2408 4750 2517 4820 γὰρ
2547 4746 2694 4804 οἶκον
2732 4748 2970 4804 νοεῖσθαι
3001 4747 3101 4817 τῆς
3136 4744 3361 4815 νύμφης
3402 4742 3587 4795 πᾶσαν

451 4842 619 4895 vitam
647 4840 969 4898 humanam,
996 4837 1136 4889 hanc
1158 4852 1288 4889 vero
1321 4852 1545 4890 manum
1568 4839 1921 4896 conditricem
1954 4858 2041 4899 re-

453 4946 575 4986 rum
604 4928 849 4983 omnium
881 4926 1039 4997 quasi
1078 4925 1519 4995 peregrinatione
1553 4935 1806 4997 suscepta
1842 4930 1897 4983 in
1942 4930 2039 4983 ho—

455 5024 663 5079 minum
693 5021 860 5072 vitam
890 5018 1088 5072 exilem
1124 5032 1188 5069 ac
1228 5017 1435 5071 nullius
1470 5019 1756 5083 momenti,
1799 5020 2036 5089 seipsam

457 5114 608 5168 velut
645 5111 854 5165 arctius
904 5109 1272 5169 contraxisse,
1305 5096 1493 5177 'idque
1536 5110 1591 5161 in
1628 5125 1694 5163 eo
1741 5112 1887 5180 quod
1943 5126 2042 5180 per

458 5205 643 5260 omnia
673 5208 881 5254 naturae
906 5208 1109 5253 nostra:
1147 5199 1421 5268 particeps
1448 5201 1620 5264 ﬁeret,
1650 5211 1877 5271 excepto
1910 5218 2040 5272 pec-

460 5305 605 5350 cato.
653 5296 838 5362 Itaque
876 5301 1236 5362 posteaquam
1291 5291 1358 5344 ad
1393 5306 1494 5345 nos
1544 5294 1862 5359 accesserit,
1910 5309 2042 5349 con-

465 5388 856 5442 sternationem
896 5383 1191 5454 quamdam
1221 5390 1276 5436 et
1308 5383 1729 5439 admirationem
1763 5387 1843 5440 rei
1884 5400 2041 5441 novae

515 5571 607 5623 ἰ⁸1
644 5571 772 5624 Cor.
797 5585 918 5630 xm,
953 5570 1039 5623 12.
1109 5568 1153 5600 ⁴⁷
1185 5563 1382 5621 Joann.
1417 5579 1456 5631 l,
1481 5567 1533 5620 '5.
1594 5564 1640 5597 ”
1667 5563 1772 5621 lsa.
1812 5582 1957 5634 LXVI,
1984 5567 2038 5621 2.

2140 4844 2487 4916 ἀνθρωπίνην
2517 4842 2662 4913 ζωήν
2680 4858 2694 4872 ·
2726 4839 2931 4909 ταύτην
2957 4839 3014 4892 δὲ
3049 4837 3146 4908 τὴν
3183 4837 3343 4905 χεῖρα
3370 4832 3471 4902 τὴν
3497 4831 3608 4884 τῶν
3645 4829 3727 4883 5v-

2138 4952 2247 4989 των
2283 4932 2590 5003 ποιητικὴν,
2628 4932 3007 5002 ἐνδημήσασαν
3039 4927 3178 4999 πρὸς
3214 4925 3278 4978 τὸ
3316 4922 3494 4995 βραχύ
3531 4938 3597 4974 τε
3638 4921 3734 4974 καὶ

2141 5024 2413 5080 οὐτιδανὸν
2440 5023 2536 5077 τοῦ
2565 5022 2906 5094 ἀνθρωπίνου
2942 5020 3055 5091 βίου
3085 5016 3283 5086 ἐαυτὴν
3314 5013 3617 5073 συστεῖλαι,
3644 5010 3734 5063 διὰ

2140 5115 2236 5170 τοῦ
2270 5118 2559 5186 μετασχεῖν
2593 5115 2694 5184 τῆς
2733 5112 2949 5183 φύσεως
2985 5109 3144 5180 ἡμῶν
3182 5104 3325 5161 κατά
3353 5103 3570 5164 πάντα.
3610 5100 3731 5154 καθ’

2145 5205 2457 5277 ὁμοιότητα,
2488 5205 2657 5275 χωρὶς
2687 5203 2985 5274 ἁμαρτίας.
3040 5199 3128 5252 Ἐν
3162 5198 3292 5268 ἡμῖν
3330 5194 3388 5247 δὲ
3429 5190 3734 5261 γενομένην

2146 5297 2368 5369 θρόησιν
2401 5297 2696 5367 ἐμποιῆσαι
2734 5295 2830 5348 καὶ
2856 5291 3107 5361 ξενισμὸν
3139 5291 3261 5352 ταῖς
3296 5286 3518 5357 ψυχαῖς,
3554 5280 3679 5345 πῶς
3704 5278 3734 5330 ὁ

2149 5390 2278 5453 Θεὸς
2297 5390 2356 5443 ἐν
2378 5389 2540 5460 σαρκὶ
2563 5386 2931 5459 φανεροῦται;
2958 5382 3083 5449 Πῶς
3122 5387 3152 5440 ό
3169 5379 3560 5451 Λόγοςγίνεται
3572 5379 3732 5451 σᾶρξς

539 5687 618 5752 (α)
676 5684 955 5742 Hactenus
1002 5683 1245 5741 excurrit
1286 5679 1505 5736 l‘lcrveti
1558 5682 1835 5752 exemplar
1874 5698 2038 5754 :qua:
2077 5694 2206 5737 vero
2248 5688 2578 5751 scquuntur,
2621 5684 2751 5733 sunt
2804 5690 2872 5731 ex
2941 5671 3304 5727 translatione
3351 5666 3512 5722 Joan.
3590 5663 3737 5719 ιω-

486 5761 730 5817 wenciaii
741 5802 755 5819 .
