3850 6224
160 325 300 380 1015

1225 324 1292 379 ΙΝ
1322 323 1623 380 CANTICA
1655 320 1922 380 CANTIC.
1963 319 2246 376 HOMILIA
2277 318 2392 374 XII.

3285 319 3422 378 1014

155 443 284 508 Ιιῶς
339 444 396 496 ἐν
433 441 700 514 παρθενίᾳ.
752 442 946 507 τόκοςς
994 441 1118 505 Πῶς
1169 442 1248 513 τῷ
1293 443 1474 496 σκότει
1517 443 1580 496 τὸ
1626 441 1741 511 φῶς

1871 455 1901 494 n
1941 438 2138 493 animis
2164 438 2455 500 excitasse,
2496 434 2590 505 qui
2641 433 2735 488 ﬁat
2766 439 2824 486 ut
2853 429 2997 486 Deus
3030 429 3086 482 in
3109 440 3278 482 carne
3309 443 3423 481 ma-

153 535 581 606 καταμίγνυται,
614 536 708 590 καὶ
742 535 820 606 τῷ
851 535 1066 606 θανάτῳ
1105 536 1138 606 ἡ
1170 535 1282 606 ζωὴ
1319 536 1743 605 κατακιρνᾶται;

155 629 286 691 Πῶς
313 629 540 698 χωρεῖὴ
573 629 800 700 βραχεῖα
836 625 930 678 τοῦ
971 627 1087 692 βίου
1133 626 1407 698 τρυμαλιὰ
1448 626 1546 697 τὴν
1591 642 1748 695 περι-

155 719 389 790 εκτικὴν
423 719 640 773 πάντων
665 719 773 772 τῶν
805 719 972 772 ὄντων
1002 721 1158 790 χεῖρα
1194 719 1250 771 ἐν
1273 719 1438 790 ἑαυτῇ
1469 716 1744 782 δέξασθαι,

155 807 192 883 ᾗ
225 815 337 876 πᾶς
370 815 398 866 ό
426 811 650 884 οὐρανὸς
683 814 1048 882 ἐκμετρεῖται,
1091 811 1184 864 καὶ
1215 813 1246 879 ἠ
1287 811 1356 881 γῆ
1385 812 1538 864 πᾶσα
1567 810 1748 862 καὶτὸ

157 905 307 976 ὕδωρ
339 904 484 959 ἅπαν
520 905 939 974 ἐμπεριέχεταις
977 903 1135 964 Εἰκὸς
1167 902 1347 954 τοίνυν
1385 900 1484 972 τὴν
1518 899 1613 953 τοῦ
1645 901 1750 952 Εύ-

156 995 420 1064 αγγελίου
453 996 611 1066 χάριν
647 993 734 1048 διά
769 991 862 1046 τοῦ
893 994 992 1062 τῆς
1028 993 1209 1063 χειρὸς
1247 990 1569 1062 αἰνίγματος
1615 1007 1750 1061 προ-

158 1087 414 1159 φητικῶς
454 1089 585 1158 ἡμῖν
615 1087 718 1140 ὑπὸ
747 1089 845 1155 τῆς
869 1084 1086 1154 νύμφης
1116 1083 1590 1154 διασημαίνεσθαι.
1617 1083 1749 1136 Ὅτε

157 1182 274 1251 γὰρ
316 1179 410 1233 ἐπὶ
461 1180 562 1249 τῆς
602 1178 706 1248 γῆς
741 1177 896 1246 ὤφθη
918 1217 932 1240 ,
967 1177 1060 1230 καὶ
1098 1178 1208 1239 τοῖς
1242 1175 1549 1246 ἀνθρώποις
1585 1193 1750 1228 συνα-

159 1271 444 1343 νεστράφη
479 1272 508 1324 ὁ
558 1270 783 1342 Κύριος,
829 1269 890 1322 τὸ
927 1268 1167 1340 καθαρόν
1219 1286 1279 1320 τε
1324 1269 1419 1320 καὶ
1460 1267 1626 1322 eam
1655 1267 1750 1320 τοῦ

159 1363 404 1434 νυμφίου
435 1361 646 1425 κάλλος,
680 1363 773 1413 καὶ
792 1360 891 1432 τὴν
922 1360 1014 1413 τοῦ
1048 1362 1221 1428 Λόγου
1255 1360 1503 1430 θεότητα.
1528 1363 1621 1414 καὶ
1652 1361 1751 1432 τὴν

159 1457 260 1511 τοῦ
285 1453 540 1527 ἀληθινοῦ
564 1455 738 1522 φωτὸς
761 1452 1082 1523 λαμπηδόνα
1100 1452 1187 1505 διὰ
1212 1453 1312 1522 τῆς
1331 1451 1440 1505 τῶν
1463 1452 1752 1522 ἐνεργειῶν

159 1551 352 1622 χειρὸς
401 1549 798 1620 ἐγνωρίσαμεν.
848 1549 1022 1618 Χεῖρα
1063 1545 1174 1616 γὰρ
1223 1541 1450 1614 νοοῦμεν
1495 1542 1594 1614 τὴν
1645 1541 1753 1596 τῶν

159 1643 464 1713 θαυμάτων
521 1639 958 1711 κατεργαστικὴν
1015 1637 1181 1690 αὑτοῦ
1250 1635 1515 1706 δύναμιν,
1574 1635 1640 1688 δι’
1686 1631 1755 1707 ἧς

157 1731 558 1797 ἐζωοποιοῦντο
610 1731 662 1783 οἱ
711 1729 919 1800 νεκροὶ,
964 1729 1058 1782 καὶ
1090 1727 1196 1779 τῶν
1245 1725 1458 1794 τυφλῶν
1504 1727 1560 1779 αἱ
1602 1725 1753 1794 ὄψεις

1845 531 2050 586 nil'esto
2096 527 2512 598 conspiciatur?
2551 526 2644 596 qui
2677 523 2912 578 Verbum
2959 520 3092 574 illud
3137 519 3230 572 ﬁat
3260 519 3426 573 caro?

1847 623 1938 691 qui
1971 628 2161 691 partus
2192 621 2248 674 in
2278 619 2647 688 virginitatem
2679 616 2988 688 (virginitas
3037 613 3092 666 in
3143 608 3424 678 matrem),

1846 715 2044 770 cadere
2091 712 2302 784 possit?
2352 711 2444 781 qui
2500 727 2624 763 cum
2667 707 2910 762 tenebris
2960 707 3054 758 lux
3105 704 3424 762 misceatur,

1847 822 1972 860 cum
2026 815 2201 860 morte
2253 803 2365 856 vita
2421 800 2798 870 temperetur?
2842 798 2936 868 qui
2987 795 3245 866 pusillum
3303 792 3428 844 vita:

1849 899 2097 954 foramen
2145 898 2320 966 possit
2373 895 2745 949 continentem
2790 892 3107 945 universum
3163 888 3268 941 hoc
3319 902 3429 938 ma-

1851 1005 1978 1044 num
2028 1003 2258 1058 capere.
2305 1001 2426 1056 qua:
2471 987 2670 1050 etplum
2725 997 2888 1036 omne
2935 981 3178 1042 metitur,
3225 986 3426 1031 terram

1850 1097 2064 1138 omnem
2125 1092 2179 1134 et
2235 1093 2454 1134 omnem
2507 1091 2703 1145 aquam
2761 1071 3186 1144 complectitur?
3249 1069 3430 1135 Quare

1851 1183 2282 1232 consentaneum
2340 1177 2424 1226 est
2479 1166 2756 1238 Evangelii
2800 1167 3032 1236 gratiam
3083 1178 3178 1232 per
3236 1173 3432 1213 manus

1851 1268 2082 1337 aanigma
2133 1265 2290 1319 nobis
2339 1277 2370 1316 a
2399 1275 2602 1332 sponsa
2654 1259 2810 1330 quasi
2857 1257 3194 1310 vaticinante
3225 1249 3432 1322 signiﬁ-

1852 1360 1989 1414 cari.
2021 1357 2140 1424 Quo
2190 1358 2336 1411 enim
2371 1363 2618 1424 tempore
2662 1358 2993 1421 conspectus
3026 1348 3082 1402 in
3133 1357 3276 1402 terra
3329 1344 3434 1396 Do-

1853 1453 2060 1524 minus,
2101 1459 2156 1506 et
2203 1451 2346 1504 inter
2393 1448 2644 1504 homines
2692 1453 2948 1502 versatus
2977 1451 3062 1497 est
3095 1461 3110 1496 :
3141 1454 3330 1512 puram
3378 1445 3434 1492 et

1855 1553 2132 1614 expertem
2163 1541 2406 1596 materiae
2451 1539 2913 1610 pulchritudinem
2944 1533 3158 1604 sponsi,
3193 1532 3434 1598 itemque

1854 1633 2018 1690 Verbi
2050 1633 2417 1695 divinitatem,
2447 1639 2502 1685 et
2529 1630 2642 1684 veri
2692 1627 2917 1682 luminis
2963 1622 3308 1693 splendorem
3340 1634 3435 1688 per

1856 1743 2078 1782 manum
2103 1727 2251 1780 illam
2289 1723 2634 1779 eﬂectionum
2669 1721 3010 1792 agnovimus.
3047 1714 3265 1768 Manum
3290 1713 3436 1768 enim

157 1822 621 1886 ἁποκαθίσταντο,
671 1821 768 1874 καὶ
813 1820 874 1873 τὸ
924 1821 1022 1888 τῆς
1073 1819 1279 1890 λέπρας
1328 1817 1498 1882 πάθος
1551 1819 1754 1887 ἐφυγα-

1871 1818 2216 1889 .ntclligimus
2247 1817 2506 1870 virtutem
2558 1815 2678 1883 ejus
2723 1811 3114 1866 miraculorum
3154 1802 3439 1875 perfectri-

155 1911 377 1976 δεύετο,
405 1912 498 1966 καὶ
521 1913 630 1965 πᾶν
654 1907 790 1974 εἶδος
813 1911 1032 1964 ἀνιάτου
1061 1911 1154 1963 καὶ
1175 1909 1418 1980 χαλεπῆς
1442 1909 1754 1982 ἀρρωστίας

157 2003 448 2074 ἀπεχώρει
478 2003 588 2056 τῶν
637 2004 904 2072 σωμάτων
945 2000 1033 2054 διὰ
1077 2000 1515 2072 προστάγματος.
1552 2001 1753 2070 Προτε-

161 2099 360 2172 θείσης
390 2099 448 2152 δέ
479 2102 612 2171 ἡμῖν
648 2099 748 2169 τῆς
771 2099 964 2169 διπλῆς
993 2097 1196 2169 ταύτης
1223 2097 1318 2150 ἐπὶ
1351 2099 1415 2167 τῇ
1445 2096 1590 2166 χειρὶ
1625 2094 1759 2148 θεω-

161 2189 318 2261 ρίας,
352 2181 428 2244 ὧν
462 2191 495 2260 ἡ
539 2189 637 2259 μὲν
681 2187 992 2241 ὑποτίθεται
1023 2187 1124 2258 τὴν
1157 2186 1306 2240 θείαν
1347 2185 1507 2255 φύσιν
1548 2185 1758 2238 ἀκατά-

159 2279 378 2351 ληπτον
419 2275 584 2333 οὖσαν
625 2278 908 2341 παντελῶς
952 2279 1047 2332 καὶ
1090 2277 1430 2342 ἀνείκαστον,
1462 2277 1549 2329 διὰ
1592 2277 1761 2348 μόνης

157 2373 270 2442 τῆς
305 2371 586 2442 ἐνεργείας
634 2369 1033 2440 γινώσκεσθαιο
1080 2373 1114 2440 ή
1149 2369 1206 2423 δὲ
1253 2369 1352 2440 τὴν
1397 2368 1762 2439 εὐαγγελικὴν

159 2467 334 2538 χάριν
367 2463 875 2536 προαναφωνεῑσθαι
904 2463 1050 2531 λέγει
1071 2463 1160 2516 διὰ
1194 2463 1300 2515 τῶν
1324 2463 1498 2530 λόγων
1527 2462 1632 2514 ὑπὸ
1661 2461 1762 2530 τῆς

161 2553 392 2623 νύμφης
415 2593 431 2619 ,
463 2553 558 2606 ἐπὶ
594 2551 673 2623 τῷ
709 2554 951 2624 ἀκροατῇ
984 2551 1324 2622 ποιησόμεθα
1359 2552 1459 2623 τὴν
1491 2567 1764 2623 προσφυε-

165 2644 377 2716 στέραν
421 2661 482 2696 τε
523 2645 616 2697 καὶ
658 2643 860 2714 μᾶλλον
898 2645 1010 2706 τοῖς
1061 2643 1442 2713 ὑποκειμένοις
1496 2641 1765 2713 ἁρμόζου-

165 2752 274 2788 σαν
304 2735 412 2806 πρὸ
441 2734 635 2807 ἐτέρας
659 2734 999 2802 ἐκλέξασθαι.
1031 2735 1178 2807 Πλὴν
1208 2737 1400 2808 ὅτιπερ
1433 2737 1498 2790 ἂν
1531 2736 1760 2807 νομισθῇ

165 2827 656 2897 ψυχωφελέστερον
683 2825 820 2880 εἶναι
842 2844 855 2856 ·
893 2829 1102 2896 γένοιτο
1135 2829 1202 2881 ἂν
1241 2829 1371 2898 ἡμῖν
1405 2829 1471 2881 δι’
1501 2829 1761 2898 ἐκατέρου

165 2916 286 2968 τῶν
325 2916 630 2986 εἰρημένων
673 2916 953 2987 αὐτάρκης
985 2919 1018 2988 ἡ
1055 2918 1191 2988 πρὸς
1223 2917 1284 2970 τὸ
1320 2917 1522 2985 ἀγαθὸν
1550 2917 1763 2988 ὁδηγία.

183 3011 286 3062 Ἐκ
316 3008 416 3080 μὲν
442 3009 552 3078 γὰρ
589 3007 924 3078 τοῦ,γνῶναι
943 3049 960 3075 ,
989 3011 1070 3064 ὅτι
1102 3008 1196 3062 τοῦ
1236 3008 1370 3062 Θεοῦ
1406 3009 1467 3061 τὸ
1505 3008 1762 3078 γνωστὸν,

167 3101 322 3156 κατὰ
354 3102 451 3172 τὴν
484 3101 696 3154 Παύλου
731 3102 938 3170 φωνὴν,
979 3103 1089 3155 ἀπὸ
1125 3101 1228 3172 τῆς
1259 3101 1353 3154 τοῦ
1393 3101 1597 3172 κόσμου
1647 3101 1766 3154 κτί-

1857 1929 1996 1977 cem,
2025 1926 2134 1982 qua
2183 1910 2414 1964 mortuis
2458 1907 2568 1961 vita
2615 1904 2944 1968 donabatur,
2976 1898 3122 1954 oculi
3166 1909 3472 1960 (κεροτυπο-

1858 2005 2292 2060 restituebantur
2319 2001 2376 2054 in
2416 1999 2714 2066 integrum,
2751 1997 2914 2066 leprae
2947 1993 3174 2047 morbus
3209 1987 3437 2057 fugaba—

1861 2109 1970 2159 tur,
2002 2111 2164 2152 omne
2208 2109 2382 2164 genus
2415 2088 2741 2146 incurabilis
2772 2103 2838 2140 ac
2882 2084 3064 2156 gravis
3097 2078 3439 2152 aegritudinis

1861 2190 2032 2246 solius
2066 2185 2278 2256 imperii
2314 2186 2367 2239 vi
2399 2182 2723 2252 corporibus
2773 2176 3092 2232 excedebat.
3135 2173 3313 2240 Atque
3337 2169 3440 2222 hac

1861 2281 2068 2351 duplici
2120 2294 2316 2334 manus
2355 2273 2806 2344 interpretatione
2849 2270 2906 2323 in
2950 2267 3192 2321 medium
3235 2277 3438 2334 propoo

1863 2375 1990 2434 sita,
2023 2386 2257 2442 quarum
2287 2370 2460 2423 altera
2495 2366 2688 2420 statuit
2715 2371 2969 2417 naturam
3007 2357 3248 2410 divinam
3281 2368 3441 2423 pror--

1865 2481 1962 2522 sus
1991 2459 2626 2532 incomprehensibilem,
2658 2466 2711 2510 et
2743 2453 2894 2507 nulla
2918 2465 3042 2505 cum
3075 2463 3134 2502 re
3163 2458 3444 2514 compara-

1863 2558 2050 2622 bilem,
2098 2571 2164 2610 ex
2208 2552 2496 2608 aﬂ‘ectione
2549 2548 2664 2604 sola
2710 2541 3020 2614 cognosci:
3057 2541 3229 2593 altera
3271 2537 3441 2590 Evan-

1863 2651 1990 2722 gelii
2033 2649 2262 2717 gratiam
2294 2661 2392 2716 per
2437 2644 2552 2697 haec
2593 2639 2758 2694 verba
2807 2638 2964 2708 longe
2996 2643 3122 2689 ante
3159 2631 3378 2704 praedici
3412 2646 3443 2683 a

1867 2755 2069 2810 sponsa
2097 2737 2264 2791 tradit
2295 2755 2308 2789 :
2340 2733 2605 2788 auditoris
2632 2729 2842 2800 judicio
2857 2726 3445 2796 permittemus,utram

1863 2832 2032 2886 veluti
2091 2829 2262 2898 magis
2324 2825 2734 2880 convenientem
2793 2829 2848 2876 et
2913 2825 3092 2886 aptam
3165 2815 3446 2885 proposito

1868 2921 1993 2976 loco
2043 2919 2301 2990 praeferre
2335 2915 2491 2970 alteri
2523 2913 2670 2968 velit.
2717 2908 3002 2964 Utrumvis
3032 2914 3214 2960 tamen
3247 2902 3448 2958 animis

1868 3013 2060 3069 utitius
2081 3012 2450 3068 existimatum
2485 3005 2671 3067 fuerit,
2700 3003 2894 3058 saltem
2935 2999 3198 3052 alterutro
3239 2995 3306 3048 ad
3351 2996 3449 3047 bo-

1869 3121 2003 3161 num
2060 3100 2345 3158 commode
2407 3113 2572 3152 manu
2631 3094 2788 3164 quasi
2851 3091 3142 3145 ducamur.
3211 3083 3347 3140 Nam
3402 3081 3448 3138 si

171 3209 322 3255 σεως
366 3191 652 3261 νοούμενον
687 3191 1008 3262 καθορᾶται,
1047 3188 1147 3259 τῆς
1192 3191 1320 3262 περὶ
1351 3188 1460 3244 τῶν
1491 3191 1764 3261 ἀκαταλή-

1871 3197 2396 3254 animadvertemus,
2436 3190 2569 3245 illud
2604 3187 2749 3258 quod
2798 3185 2928 3240 sciri
2987 3181 3052 3235 de
3097 3179 3207 3233 Deo
3245 3184 3448 3247 potest,

171 3300 335 3338 πτων
371 3283 904 3353 πολυπραγμοσύνης
956 3283 1286 3352 φεισόμεθα·
1332 3282 1408 3347 ὡς
1453 3282 1520 3335 ἂν
1570 3283 1644 3353 μὴ
1680 3283 1766 3336 διὰ

171 3375 276 3429 τοῦ
312 3375 748 3444 φυσιολογεῖσθαι
774 3374 872 3446 τὴν
909 3373 1196 3443 άνέφικτόν
1234 3391 1294 3427 τε
1326 3375 1421 3429 καὶ
1450 3373 1768 3444 άνεκφώνη--

171 3485 272 3520 τον
305 3467 490 3536 φύσιν,
522 3465 654 3538 ὓλην
686 3466 839 3520 λάϐοι
871 3465 1010 3519 κατά
1044 3465 1145 3535 τῆς
1185 3465 1442 3536 ἀληθείας
1469 3467 1503 3536 ἡ
1536 3466 1766 3537 αἵρεσις.

173 3561 247 3614 Εἰ
269 3559 330 3611 δὲ
356 3559 494 3630 πρὸς
518 3560 581 3614 τδ
593 3557 922 3628 Εὑαγγέλιον
955 3557 1148 3628 βλέπον
1173 3559 1233 3612 τὸ
1275 3559 1504 3630 αἴνιγμα
1534 3560 1632 3630 τῆς
1654 3576 1761 3629 χει-

179 3653 281 3724 pb;
312 3650 674 3722 ὑποθώμεθα”
702 3653 798 3705 καὶ
832 3651 974 3704 οὕτω
1001 3651 1320 3724 βεϐαιοτέρα
1361 3654 1492 3722 ἡμῖν
1529 3653 1638 3704 τῶν
1669 3669 1772 3723 μυ-

181 3744 390 3797 στικῶν
416 3743 699 3813 δογμάτων
735 3745 768 3814 ὴ
802 3743 980 3804 πίστις
1011 3745 1322 3814 γενήσεται,
1357 3741 1444 3796 διὰ
1484 3745 1582 3814 τῆς
1607 3760 1777 3815 προα-

179 3836 552 3906 ναφωνήσεως
587 3835 696 3887 τῶν
729 3835 1015 3904 δογμάτων
1043 3833 1420 3905 προσλαϐοῦσα
1451 3835 1510 3886 τὸ
1540 3833 1778 3904 ἀναμφί-

181 3928 366 3990 6ολον,
403 3927 461 3980 ἐν
493 3923 713 3998 Χριστῷ
754 3927 951 3998 Ἰησοῦ,
982 3919 1026 3994 ᾧ
1057 3929 1091 3998 ἡ
1129 3925 1256 3993 δόξα
1294 3927 1373 3990 είς
1401 3927 1528 3989 τοὺς
1552 3925 1774 3990 αἰῶνας.

195 4016 378 4086 Ἀμήν
387 4057 400 4071 .

1872 3285 2332 3359 quemadmodum
2365 3281 2569 3335 Paulus
2597 3277 2842 3347 loquitur
2862 3274 2929 3338 δ’,
2961 3287 3055 3339 per
3083 3266 3272 3322 mundi
3298 3279 3455 3320 creao

1871 3355 2078 3436 tionem
2138 3377 2475 3431 intellectum
2536 3369 2802 3441 perspici,
2857 3364 3233 3419 curiositatem
3297 3355 3455 3412 inda-

1873 3469 2036 3542 gandi
2076 3484 2167 3523 res
2203 3459 2787 3533 incomprehensibiles
2819 3455 3132 3526 l‘ngiemus;
3177 3463 3245 3503 ne
3287 3447 3334 3501 si
3364 3460 3452 3501 ra-

1876 3539 2024 3616 tione
2058 3559 2294 3614 naturali
2325 3561 2626 3608 tractemus
2659 3558 2910 3604 naturam
2957 3545 3128 3607 illam,
3159 3553 3324 3610 quam
3373 3539 3457 3595 vel

1876 3649 2118 3720 assequi,
2161 3647 2246 3702 vel
2272 3645 2428 3700 effari
2470 3641 2784 3711 nequimus,
2817 3635 3072 3690 materies
3101 3629 3298 3686 haeresi
3326 3641 3457 3680 con-

1877 3751 1961 3796 tra
2020 3717 2312 3794 veritatem
2365 3733 2760 3804 suppeditetur.
2816 3727 2912 3780 Sin
2973 3725 3037 3778 ad
3107 3717 3459 3789 Evangelium

1878 3841 2129 3904 spectare
2169 3831 2274 3884 hoc
2319 3828 2386 3882 de
2417 3841 2583 3880 manu
2629 3823 2858 3890 aenigma
2913 3824 3218 3873 statuemus
3248 3831 3262 3868 :
3292 3811 3459 3866 etiam

1877 3929 1982 3981 hoc
2037 3924 2201 3978 modo
2265 3920 2472 3974 ﬁrmior
2529 3917 2690 3971 nobis
2745 3925 3072 3967 arcanorum
3143 3907 3458 3974 dogmatum

1882 4017 2014 4072 ﬁdes
2057 4015 2182 4077 erit,
2226 4012 2452 4065 tollente
2491 4005 2886 4062 dubitationem
2935 4013 3152 4055 omnem
3203 4011 3270 4052 eo
3317 3993 3458 4064 ipso,

182 4107 342 4175 quod
403 4106 520 4162 haec
589 4108 761 4162 multo
838 4119 964 4164 ante
1003 4111 1388 4179 praedicantur,
1431 4108 1593 4179 idque
1627 4109 1683 4164 in
1751 4109 1970 4167 Christo
2003 4106 2133 4164 Jesu
2173 4105 2402 4160 Domino
2435 4110 2645 4157 nostro.
2695 4096 2795 4152 Cui
2843 4097 2916 4152 sit
2951 4093 3124 4165 gloria
3178 4099 3234 4146 et
3283 4088 3460 4156 impc-

183 4203 337 4258 rium
367 4195 588 4258 Saeculis
617 4203 870 4263 inﬁnitis.
911 4207 1104 4260 Amen.

790 4303 1035 4356 ΟΜΙΛΙΑ
1077 4302 1174 4356 lB'.

271 4399 570 4466 Ἀνέστην
595 4397 708 4468 ἐγὼ
735 4396 970 4460 ἀνοῖξαι
989 4393 1068 4459 τῷ
1097 4392 1396 4462 ἀδελφιδῷ
1414 4409 1555 4462 μου.
1577 4391 1779 4460 Χεῒρές

178 4505 311 4562 μου
355 4490 622 4553 ἐσταξαν
651 4489 948 4557 σμύρναν,
1002 4484 1291 4538 δάκτυλοι
1331 4501 1453 4553 μου
1502 4484 1780 4552 σμύρναν

185 4581 422 4650 πλήρη.
493 4580 616 4632 Ἐπὶ
681 4579 849 4647 χεῖρα
903 4577 1007 4630 τοῦ
1058 4576 1338 4642 κλείθρου
1400 4573 1614 4642 ῆνοιξα
1665 4574 1780 4642 ἐγὼ

183 4675 274 4742 τῷ
335 4671 638 4742 ἀδελφιδῷ
691 4688 835 4739 μου.
896 4666 1235 4736 Ἀδελφιδός
1273 4684 1393 4735 μου
1435 4663 1777 4736 παρῆλθεν.

187 4769 234 4837 ἡ
283 4765 458 4834 ψυχή
488 4781 608 4832 μου
653 4759 912 4828 ἐξῆλθεν
947 4761 1017 4812 ἐν
1045 4761 1204 4827 λόγῳ
1242 4757 1452 4811 αὐτοῦ.
1494 4757 1786 4825 Ἐζήτησα

189 4855 406 4923 αὑτὸν,
444 4855 543 4910 καὶ
585 4857 697 4922 οὐχ
733 4849 916 4920 εὗρον
971 4853 1177 4905 αὐτόν’
1267 4847 1539 4903 ἐκάλεσα
1579 4850 1786 4914 αὐτὸν,

193 4952 300 5004 καὶ
329 4951 442 5018 οὐχ
478 4947 798 5014 ὑπήκουσέ
830 4965 972 5016 μου.
1010 4942 1288 5012 Εὕροσάν
1315 4959 1392 5010 με
1431 4945 1486 4995 οἱ
1521 4941 1788 5010 φύλακες

193 5045 252 5097 οἱ
295 5039 666 5104 κυκλοῦντες
693 5038 763 5090 ἐν
791 5037 866 5104 τῇ
896 5035 1087 5088 πόλει·
1129 5031 1438 5096 ἑπάταξάν
1473 5049 1571 5099 με,
1591 5032 1792 5098 ἐτραυ-

191 5132 466 5204 μάτισάν
509 5150 620 5202 με,
649 5128 803 5201 ἦραν
853 5129 919 5181 τὸ
959 5127 1268 5196 θέριστρον
1291 5125 1390 5177 ἀπ’
1419 5123 1566 5192 ἐμοῦ
1588 5127 1641 5176 οὶ
1676 5122 1788 5191 ερύ-

197 5231 393 5291 λακες
425 5224 544 5278 τῶν
566 5222 832 5293 τειχέων.

282 5322 350 5376 Οἱ
397 5317 496 5388 τὴν
533 5316 842 5368 διαπόντιον
892 5309 1203 5381 ἀποδημίαν
1241 5308 1362 5360 κατ’
1396 5305 1585 5358 ἐλπίδα
1624 5301 1788 5356 πλού-

199 5429 299 5464 του)
357 5410 699 5477 στελλόμενοι
719 5449 734 5473 ,
765 5409 892 5461 ὅταν
929 5405 1032 5476 ἤδη
1066 5403 1165 5474 τὴν
1205 5401 1406 5454 ὁλκάδα
1449 5397 1544 5451 τοῦ
1573 5396 1787 5467 λιμένος

204 5499 647 5564 άποσαλεύσωσι,
681 5498 775 5552 καὶ¹
805 5498 942 5568 πρὸς
968 5495 1030 5548 τὸ
1058 5492 1294 5560 πέλαγος
1329 5489 1535 5562 στρέφῃ
1561 5487 1648 5541 διά
1679 5487 1788 5540 τῶν

205 5589 485 5662 πηδαλίων
513 5589 612 5660 τὴν
652 5590 876 5666 πρῶραν
905 5591 934 5642 ὀ
957 5585 1066 5646 τῶν
1086 5586 1285 5640 οἰάκων
1315 5581 1786 5654 ὑπερκαθήμενος,

269 5767 320 5799 δ’
348 5765 504 5822 Rom.
539 5781 576 5833 ι,
605 5767 682 5820 l9.

2439 4285 2728 4343 HOMILIA
2780 4283 2898 4336 XII.

1957 4391 2088 4446 CAP.
2126 4403 2161 4440 ν
2183 4426 2199 4452 ,
2228 4402 2284 4440 v.
2313 4384 2366 4438 5.
2427 4379 2649 4435 Surrexi
2692 4374 2953 4446 equidem,
3003 4381 3059 4424 ut
3094 4369 3332 4438 aperiam
3369 4382 3463 4420 co-

1887 4491 2047 4554 gnato
2091 4495 2224 4532 meo.
2259 4474 2456 4528 Manus
2496 4487 2625 4524 mea:
2663 4468 2941 4523 stillarum
2971 4461 3263 4532 myrrham,
3310 4454 3462 4528 digiti

1889 4549 1990 4628 mei
2031 4568 2308 4641 myrrham
2356 4565 2584 4618 uberem.
2629 4561 2682 4614 6.
2723 4557 2991 4612 Adhibitis
3031 4552 3274 4606 manibus
3323 4549 3465 4603 clau-

1888 4677 1999 4721 stro
2030 4662 2212 4732 aperui
2237 4657 2476 4730 equidem
2503 4663 2722 4725 cognato
2750 4667 2882 4704 meo.
2913 4647 3184 4702 Praeteriit
3209 4651 3464 4714 cognatus

1883 4773 2050 4812 meus.
2099 4753 2294 4806 Anima
2339 4765 2458 4802 mea
2503 4761 2716 4814 egressa
2766 4751 2844 4796 est
2893 4741 2960 4792 ad
2995 4753 3286 4793 sermonem
3327 4733 3462 4803 ejus.

1885 4847 2117 4916 Quwsivi
2144 4859 2283 4906 eum,
2315 4850 2363 4894 et
2391 4857 2494 4894 non
2519 4837 2690 4892 inveni
2713 4851 2832 4888 eum
2861 4851 2880 4888 :
2919 4830 3096 4886 vocavi
3121 4845 3260 4890 eum,
3289 4837 3337 4879 et
3363 4842 3468 4879 non

1885 4915 2056 4992 audiit
2090 4951 2190 4988 me.
2221 4934 2278 4987 7.
2316 4929 2664 4999 O/fenderunt
2705 4943 2784 4978 me
2827 4921 3093 4982 custodes,
3127 4920 3217 4989 qui
3243 4919 3298 4970 in
3341 4915 3468 4970 urbe

1887 5031 2234 5084 circumeunt.
2309 5021 2689 5074 Percusserunt
2743 5031 2842 5080 me,
2911 5013 3316 5068 vulneraverunt
3365 5024 3464 5071 me,

1894 5120 2222 5175 abstulerunt
2247 5114 2452 5184 peplum
2475 5129 2507 5163 a
2531 5126 2608 5164 me
2641 5106 2884 5161 custodes
2915 5119 3214 5158 murorum.

1964 5299 2066 5367 Qui
2093 5305 2248 5352 trans
2276 5307 2426 5348 mare
2453 5286 2948 5360 peregrinationem
2979 5297 3144 5352 opum
3193 5280 3471 5350 paranda-

1893 5408 2014 5447 rum
2063 5404 2160 5460 spe
2205 5382 2534 5454 suscipiunt,
2589 5393 2714 5433 cum
2758 5375 2872 5446 jam
2905 5374 3086 5428 navim
3137 5387 3166 5426 e
3215 5378 3377 5440 portu
3415 5369 3468 5422 in

1895 5485 2060 5536 altum
2121 5475 2444 5548 provehunt,
2501 5477 2554 5524 et
2613 5469 2667 5522 in
2725 5482 2876 5520 mare
2939 5479 3042 5536 per
3092 5461 3469 5530 gubernacula

1897 5585 2112 5648 proram
2159 5564 2430 5622 convertit
2465 5561 2534 5628 is,
2571 5559 2665 5630 qui
2698 5557 2768 5612 ad
2821 5556 3032 5611 clavum
3061 5551 3235 5615 sedet,
3261 5575 3264 5578 ~
3287 5553 3472 5601 votum
