3850 6224
397 311 534 373 ΜΙΒ
1661 319 1718 376 S.
1749 316 2079 378 GREGOBII
2111 318 2401 377 NYSSENI
3542 322 3703 378 {010

392 437 626 500 iaciunt,
677 436 835 507 quasi
880 437 1158 509 quoddam
1208 442 1537 512 prommium
1586 445 1906 516 navigation

2177 441 2253 513 [ὴν
2288 436 2565 496 ποιοῦνται
2594 440 2697 512 τῆς
2720 440 3000 507 ναυτιλίας
3027 441 3335 515 προοίμιον,
3369 441 3510 497 Θεὸν
3538 443 3697 512 γίνε-

393 546 459 585 ac
496 537 693 601 petunt
725 531 801 585 uti
848 529 994 587 Deus
1034 531 1171 604 ipsis
1200 534 1314 590 dux
1352 537 1425 592 sit
1462 535 1531 591 ad
1571 538 1913 608 navigatione

2179 554 2215 589 tt
2244 531 2600 606 καθηγεμονά
2621 550 2752 604 φασι
2771 534 2874 601 τῆς
2895 535 3154 600 εὐπλοίας
3174 535 3518 606 αἰτούμενα.
3541 536 3621 588 Τὸ
3637 535 3699 590 ea

396 622 619 677 felicem
641 637 704 678 ac
739 639 1081 696 prosperam.
1114 627 1379 698 Adeoque
1413 632 1527 685 voti
1560 636 1732 687 totius
1768 648 1916 688 snmr

2178 626 2387 699 ράλαιόν
2422 629 2569 683 ἐστιν
2603 628 2788 692 αὐτοῖς
2817 629 2917 700 τῆς
2942 628 3109 700 εὐχῆς
3136 629 3360 700 πνεῦμα
3401 632 3698 700 προσηνές

394 723 498 779 est,
532 722 594 769 ut
635 726 834 773 ventus
866 719 1002 775 levis
1048 727 1104 775 et
1157 721 1388 777 idoneus
1419 724 1753 793 navigationi
1806 726 1860 779 in
1895 743 1914 778 ι

2183 722 2275 775 καὶ
2307 721 2542 791 πλόϊμον
2578 722 2842 792 ἐμπεσεῖν
2872 720 2951 793 τῷ
2986 722 3140 794 ἱστίῳ
3172 721 3309 793 πρὸς
3338 722 3434 775 τὸν
3481 721 3703 774 σκοπὴν

398 806 508 858 Ιιιιη
557 804 764 861 incidat
805 807 873 863 ad
901 823 1027 864 eum
1066 810 1454 881 gubernatoris
1503 829 1753 884 scopum,
1791 817 1884 889 qui

2180 812 2184 859 ὦ
2225 812 2559 884 κυϐερνήτου
2591 811 2733 865 κατά
2763 811 3017 884 πρύμναν
3047 813 3332 886 ἱσταμένου
3359 831 3374 845 ·
3403 805 3466 866 οὗ
3512 829 3700 868 κατα-

397 897 562 968 puppi
616 900 892 956 consistit.
952 900 1003 957 ls
1055 911 1238 959 autem
1287 917 1486 962 ventus
1533 907 1582 962 si
1632 923 1700 963 ex
1740 909 1917 979 ipsoru

2184 905 2304 968 ιίως
2358 905 2541 968 αὐτοῖς
2590 905 2968 972 ἐπιπνέοντος,
3010 905 3169 976 ἡδεῖα
3211 906 3312 978 μὲν
3346 907 3384 978 ἡ
3433 905 3704 961 θάλασσα.

399 998 529 1043 voto
569 991 651 1047 eis
692 994 919 1063 aspiret,
955 1004 1013 1050 et
1060 1012 1212 1051 mare
1233 996 1540 1068 jucundum
1577 1001 1635 1055 lit
1686 1001 1843 1073 ipsis,
1886 1003 1919 1057 il

2185 1013 2301 1050 εται
2328 1036 2341 1057 ,
2386 999 2497 1059 τοῖς
2527 998 2814 1068 ἠρεμαίοις
2857 998 3066 1069 κύμασι
3096 999 3391 1070 γλαφυρῶς
3418 998 3703 1071 Impia—

400 1082 583 1137 ctibus
626 1083 857 1153 placidis
905 1101 1029 1142 sese
1075 1087 1271 1143 leniter
1302 1091 1545 1161 erigens.
1585 1108 1765 1164 neque
1803 1096 1920 1166 pela

2184 1104 2264 1139 ισα
2291 1105 2303 1117 ·
2334 1087 2516 1141 ἄλυπα
2540 1089 2596 1141 δὲ
2620 1088 2714 1141 τοῦ
2742 1088 3015 1158 πελάγους
3039 1089 3110 1144 τὰ
3128 1091 3308 1163 πλάτη
3335 1090 3405 1145 δι’
3432 1090 3704 1154 εὐκολία-ς

400 1171 707 1240 amplitudo
746 1173 1048 1245 quidquam
1097 1177 1256 1233 an'ert
1290 1180 1580 1245 molestia,
1615 1199 1739 1238 cum
1790 1200 1915 1256 mag

2185 1195 2194 1239 ;
2239 1178 2365 1249 νηὸς
2429 1179 2827 1249 ὲφιπταμένης,
2879 1179 2977 1232 καὶ
3025 1174 3527 1253 ἀπολισθαινούσης
3577 1182 3705 1244 τοίς

402 1257 666 1318 facilitate
698 1265 856 1320 navis
890 1266 942 1320 in
980 1265 1117 1338 ipsis
1152 1270 1315 1326 undis
1359 1273 1519 1341 quasi
1553 1274 1718 1338 volet,
1768 1284 1823 1331 et
1858 1292 1922 1348 np

2186 1284 2279 1320 ισι·
2311 1267 2417 1336 πρὸ
2456 1267 2748 1338 ὀφθαλμῶν
2780 1268 2837 1321 δὲ
2877 1269 2906 1321 ό
2936 1267 3168 1332 πλοῦτος
3192 1269 3221 1322 ὁ
3251 1267 3341 1323 διὰ
3382 1267 3489 1336 τῆς
3518 1266 3706 1339 ἐμπο-

401 1354 579 1409 oculis
624 1355 1024 1425 obversantur,
1077 1377 1218 1431 quas
1261 1379 1328 1419 ex
1376 1377 1688 1422 mercatura
1743 1385 1921 1439 sperat

2186 1377 2221 1424 ης
2250 1361 2422 1430 αὐτῆς
2448 1361 2793 1432 ἐλπιζόμενος
2820 1360 2943 1432 ἤδη,
2966 1361 3067 1432 τῆς
3089 1358 3345 1424 εὐπλοίας
3369 1358 3706 1433 ἔγνωμένης

398 1444 513 1515 jam
586 1447 707 1519 ipsa
786 1451 1159 1523 navigationis
1215 1458 1626 1528 prosperitate,
1695 1471 1918 1532 antequ:

2182 1470 2191 1503 ι
2226 1451 2332 1522 πρὸ
2364 1452 2465 1518 τῆς
2510 1454 2725 1518 πείρας.
2760 1452 2931 1524 Δῆλον
2977 1452 3194 1516 πάντως
3221 1448 3341 1506 ἐστὶ
3366 1453 3483 1515 τοῖς
3512 1452 3702 1523 εὔμα-

404 1540 712 1611 periculum
765 1541 972 1599 factum
1024 1547 1140 1612 sit,
1197 1564 1448 1620 magnam
1520 1566 1706 1608 rerum
1778 1555 1924 1625 copia

2181 1543 2373 1614 r'cépot;
2404 1542 2512 1597 τῶν
2545 1544 2832 1615 ἀκροατῶν
2860 1545 2921 1598 τὸ
2947 1543 3029 1616 τῷ
3057 1543 3245 1615 σκοπῷ
3273 1542 3371 1598 τοῦ
3396 1543 3701 1619 προσεβίω

403 1629 717 1701 pollicente.
809 1632 931 1701 Quo
1041 1644 1225 1692 autem
1299 1641 1604 1710 respiciens
1685 1643 1791 1699 hoc
1871 1653 1923 1699 ut

2184 1637 2481 1707 οκείμενον.
2528 1638 2686 1706 Μέγα
2736 1637 3026 1709 πρόκειται
3054 1635 3133 1707 τῷ
3180 1635 3329 1708 λόγῳ
3355 1634 3421 1689 τὸ
3449 1634 3704 1705 πέλαγος

403 1723 653 1789 exordio,
712 1727 1020 1797 intelligere
1080 1729 1366 1788 auditores
1405 1734 1669 1802 arbitror,
1723 1748 1923 1809 quotqu

2182 1745 2201 1791 ;
2244 1728 2353 1781 τῶν
2405 1727 2566 1781 θείων
2608 1728 2786 1800 ῥητῶν
2835 1727 3092 1799 θεωρίας.
3156 1723 3415 1791 Πολὺςᾶ
3453 1726 3554 1780 διὰ
3596 1726 3702 1796 τῆς

404 1828 507 1885 pro
553 1792 944 1889 perspicuitate
985 1822 1187 1893 ingenii
1234 1825 1318 1880 sui
1349 1824 1484 1897 quid
1517 1792 1924 1899 propositum}

2178 1821 2378 1885 υτιλίας
2406 1792 2619 1892 ταύτης
2639 1792 2674 1874 ὁ.
2699 1821 2799 1891 τῆς
2821 1792 3078 1890 γνώσεως
3113 1818 3343 1883 πλοῦτος
3369 1792 3698 1884 ἐλπίζετε·

406 1907 495 1965 bis
534 1908 628 1973 sit,
662 1910 873 1967 vident.
908 1912 1122 1969 Etenim
1173 1917 1370 1987 ingens
1416 1932 1569 1975 mare
1601 1922 1926 1977 considerat‘

2184 1912 2231 1966 δὲ
2274 1912 2517 1983 ἔμψυχος
2567 1910 2705 1983 αὕτη
2734 1911 2866 1976 ναῦς
2932 1911 3269 1983 Ἐκκλησία,
3311 1910 3375 1964 ὲν
3411 1907 3585 1963 παντὶ
3616 1907 3704 1979 τῷ

405 2003 495 2057 nis
524 2000 838 2058 divinorum
875 2007 1164 2061 verborum
1201 2009 1360 2065 nobis
1392 2013 1734 2083 propositum
1771 2024 1896 2081 est;

2188 2024 2221 2078 ρ
2272 2004 2599 2076 πληρώματι
2643 2004 2780 2077 πρὸς
2818 2005 2910 2059 τὸν
2959 2002 3190 2058 πλοῦτον
3240 2002 3341 2074 τῆς
3375 2000 3708 2073 ἐξηγήσεως

406 2095 603 2164 ampla:
633 2095 736 2151 hac
765 2111 831 2152 ex
865 2099 1216 2167 navigatione
1256 2103 1587 2174 cognitionis
1614 2120 1747 2175 opes
1775 2123 1926 2178 spera

2188 2100 2291 2152 Ξπει
2345 2100 2639 2171 μετέωρος.
2701 2098 2839 2152 Ἀλλ’
2888 2098 2950 2153 οὐ
2998 2098 3270 2170 πρότερον
3310 2097 3549 2171 ἅπτεται
3584 2091 3708 2146 τῶν

405 2190 498 2238 tur
528 2203 542 2239 :
572 2196 626 2240 et
660 2187 899 2243 animata
938 2188 1097 2245 navis
1135 2190 1272 2255 haec,
1299 2191 1563 2246 nimirum
1612 2191 1856 2249 Ecclesia
1892 2212 1924 2250 n

2189 2205 2303 2243 κων
2345 2192 2373 2242 ὁ
2402 2190 2747 2262 κυϐερνήτης
2776 2189 2934 2260 λόγος
2958 2231 2973 2255 ,
3003 2190 3135 2261 πρὶν
3159 2189 3226 2242 ἐκ
3256 2183 3441 2241 atoth
3464 2184 3709 2256 γίνηται

406 2280 545 2333 atra.
580 2281 698 2330 toto
734 2274 855 2343 ejus
883 2276 1122 2333 collecto
1158 2292 1412 2348 corpore,
1443 2283 1600 2349 quasi
1637 2296 1897 2353 provecta

2186 2282 2196 2334 ἰ
2230 2282 2598 2355 πληρώματος
2625 2282 2727 2354 τῆς
2758 2281 2886 2353 νηὸς
2919 2284 2954 2354 ἡ
2983 2280 3139 2352 εὐχὴ,
3166 2279 3244 2343 ὡς
3280 2272 3614 2331 trum
3638 2292 3706 2330 τε

405 2365 602 2431 altum,
637 2363 707 2420 ad
756 2367 1129 2424 enarrationis
1182 2380 1388 2427 nostrae
1437 2373 1609 2427 veluti
1654 2376 1921 2433 divitiasi

2188 2378 2233 2429 ἰν
2260 2376 2357 2446 τὴν
2399 2375 2494 2429 τοῦ
2542 2375 2699 2445 ἁγίου
2730 2374 3049 2446 Πνεύματος
3069 2371 3338 2444 δύναμιν.
3378 2368 3477 2425 κὰ
3508 2369 3708 2424 ἀνακι-

406 2462 557 2510 tenta
596 2466 703 2512 est.
741 2455 942 2513 Verum
978 2461 1157 2516 oratio
1193 2472 1405 2529 nostra,
1439 2481 1563 2535 qua:
1611 2470 1926 2538 gubernatm

2188 2490 2264 2525 rat
2310 2472 2418 2526 τῶν
2449 2474 2737 2543 νοημάτων
2760 2474 2831 2527 τὰ
2875 2471 3118 2543 κύματα,
3151 2469 3248 2527 καὶ
3287 2468 3363 2523 δι’
3396 2458 3586 2523 αὐτῶν
3614 2463 3708 2518 εὑ-

406 2544 584 2601 olﬁcio
616 2544 885 2619 iungitur,
916 2565 1026 2606 non
1056 2552 1210 2622 prius
1238 2555 1456 2609 clavum
1488 2556 1545 2610 in
1576 2572 1773 2614 manus
1804 2576 1923 2615 sum

2190 2564 2369 2619 ›οὖντα
2400 2568 2736 2636 προαγαγεῖν
2773 2566 2839 2619 δι’
2873 2565 3087 2629 εὐθείας
3108 2562 3204 2618 τὸν
3227 2562 3388 2632 λόγον
3410 2575 3427 2591 ·
3452 2556 3531 2614 Ν
3556 2554 3710 2611 οὕτω

406 2651 575 2706 quam
617 2641 878 2695 universe
930 2649 1105 2696 totum
1148 2643 1306 2699 navis
1350 2644 1516 2715 hujus
1556 2660 1759 2717 corpus
1808 2657 1926 2704 votu

2187 2658 2349 2727 ιιάγιοι
2370 2658 2459 2712 διὰ
2486 2660 2585 2730 τῆς
2613 2659 2847 2732 θεωρίας
2869 2661 3176 2731 γενόμενοι,
3204 2657 3300 2712 τὸν
3318 2657 3420 2728 τῆς
3442 2651 3707 2726 τνῶσεως

408 2727 520 2785 Deo
554 2728 740 2794 faciat,
774 2739 835 2786 ut
865 2732 913 2787 is
945 2735 1153 2804 aspiret
1183 2736 1347 2791 nobis
1401 2738 1549 2792 sacri
1580 2738 1820 2809 Spiritus
1860 2743 1928 2796 vi:

2188 2749 2331 2805 ιῦτον
2368 2727 2893 2823 ἐμπορευσώμεθα,
2929 2727 3088 2822 εἴπερ
3119 2748 3262 2804 ἔλθοι
3284 2727 3504 2803 διάῗτῶν
3522 2744 3708 2817 εὐχῶν

406 2822 917 2893 ωικίιειιίοηυωψιε
963 2824 1164 2883 ﬂuctus
1212 2838 1447 2895 moveat,
1494 2844 1559 2885 ac
1600 2846 1701 2901 per
1728 2832 1830 2890 bos
1870 2849 1926 2890 or

2194 2843 2260 2897 ὧν
2288 2844 2351 2899 τὸ
2383 2844 2611 2919 Πνεῦμα
2649 2822 2714 2900 τδ
2750 2845 2908 2915 ἅγιον
2934 2846 3030 2900 ἐπὶ
3054 2846 3147 2901 τὸν
3170 2844 3354 2915 λόγον,
3385 2843 3481 2897 καὶ
3519 2840 3714 2912 πλήσῃ

409 2914 613 2969 tionem
654 2926 899 2971 nostram
946 2920 1104 2989 quasi
1155 2934 1416 2991 prospera
1464 2923 1817 2995 navigatione
1860 2943 2001 2999 qua-
2104 2914 2166 2988 τδ
2193 2936 2383 2991 ἱστίον.
2533 2914 2546 2919 ”
2718 2935 2726 2943 ’

409 3008 533 3062 dam
602 3018 846 3065 utentem
919 3024 1064 3067 recta
1123 3013 1360 3070 deducat
1405 3034 1419 3071 :
1477 3024 1537 3070 ut
1578 3017 1683 3073 hoc
1749 3019 1913 3076 modo
1958 3024 2014 3079 in
2060 3027 2231 3083 altum
2284 3044 2384 3100 per
2444 3031 2962 3101 contemplationem
3028 3028 3313 3101 provecti,
3371 3024 3711 3098 cognitionis

408 3121 543 3174 opes
577 3107 745 3161 veluti
778 3123 992 3164 merces
1031 3109 1299 3180 quasdam
1328 3127 1740 3183 comparemus.
1790 3117 1837 3172 si
1913 3118 2058 3178 forte
2133 3141 2230 3198 per
2256 3136 2469 3185 vestras
2498 3145 2692 3200 preces
2721 3140 2780 3185 ut
2808 3129 3045 3185 orationi
3068 3138 3273 3186 nostra
3301 3127 3469 3185 ﬂatus
3496 3125 3597 3184 ille
3620 3140 3711 3183 διο

408 3214 507 3255 cer
535 3199 813 3257 secundus
844 3204 937 3268 sit,
971 3213 1025 3259 et
1056 3206 1175 3259 vela
1206 3205 1454 3276 impleat,
1490 3210 1831 3280 impetretur.

483 3294 614 3350 Esto
647 3305 828 3352 autem
857 3299 1129 3356 orationis
1162 3300 1374 3357 initium
1407 3307 1526 3375 ipsa
1561 3310 1931 3379 prol‘cctorum
1968 3329 1997 3366 a

2196 3317 2364 3390 Ἀρχὴ
2401 3317 2461 3370 δὲ
2515 3314 2759 3385 γενέσθω
2809 3313 2906 3367 τοῦ
2961 3312 3122 3381 λόγου
3168 3309 3281 3365 τῶν
3330 3306 3712 3364 θεοπνεύστων

414 3386 624 3457 Spiritu
657 3387 847 3444 divino
882 3391 1178 3447 verborum
1216 3401 1694 3466 commemoratio,
1728 3418 1851 3473 qua:
1885 3417 1934 3473 qr

2418 3410 2452 3480 ἡ
2488 3408 2702 3479 μνήμη,
2741 3407 2834 3459 ἐπὶ
2861 3406 3061 3470 λέξεως
3085 3404 3281 3473 ἔχουσα
3307 3402 3505 3465 οὕτως’
3549 3400 3712 3455 Ἀνέ-

414 3478 538 3534 dem
571 3495 802 3550 prorsus
839 3482 953 3539 ha’c
992 3492 1144 3541 sunt:
1181 3483 1408 3541 Sui-rexi
1457 3492 1719 3561 equidem,
1748 3503 1806 3546 ut
1838 3511 1934 3562 ape

2198 3478 2268 3565 ην
2295 3494 2413 3567 ἐγὼ
2441 3478 2696 3559 ἀνοῖξαι
2741 3492 2821 3560 τῷ
2845 3491 3148 3563 ἀδελφιδῷ
3169 3510 3312 3563 μου·
3349 3491 3558 3561 Χεῖρές
3588 3508 3718 3562 μου

416 3586 526 3625 rem
562 3583 786 3643 cognato
830 3591 963 3629 men.
1009 3573 1205 3631 Manus
1239 3594 1368 3634 mea:
1400 3581 1677 3638 stillarum
1711 3586 1936 3655 myrrha;

2197 3587 2383 3653 ταξαν
2444 3588 2755 3657 σμύρναν,
2810 3588 2865 3640 οι
2922 3584 3218 3639 δάκτυλοί
3260 3602 3382 3653 μου
3433 3585 3717 3652 σμύρναν

417 3663 573 3735 digiti
607 3666 709 3720 mei
740 3672 1016 3737 myrrham
1045 3671 1278 3723 uberem.
1320 3669 1441 3727 Non
1470 3689 1635 3743 posse
1678 3685 1859 3732 autem
1902 3695 1931 3731 a

2204 3678 2337 3749 ήρη.
2380 3678 2506 3732 Ὀτι
2539 3679 2639 3748 μὲν
2677 3677 2779 3730 οὐκ
2807 3676 2957 3731 ἔστιν
2993 3678 3051 3730 ὲν
3078 3676 3212 3746 ἡμῖν
3235 3674 3414 3738 άλλως
3458 3672 3717 3742 γενέσθαι

417 3760 632 3817 ratione
664 3760 802 3827 ﬁeri,
823 3769 881 3816 ut
917 3761 1100 3817 vivum
1132 3761 1372 3819 Verbum
1409 3767 1476 3821 sit
1512 3768 1567 3823 in
1602 3769 1786 3834 nobis,
1808 3787 1937 3841 pnru

2194 3788 2203 3820 ι
2243 3769 2421 3835 ζῶντα
2454 3770 2650 3838 Λόγον,
2681 3767 2772 3820 τὸν
2800 3765 3041 3838 καθαρὸν
3081 3764 3226 3833 λέγω
3269 3765 3366 3817 καὶ
3393 3764 3714 3834 ἀσήμαντον

421 3851 672 3922 inquam,
707 3852 801 3908 ille
829 3860 884 3908 et
919 3852 1281 3925 incorporeus
1310 3873 1571 3926 sponsus,
1623 3862 1717 3931 qui
1753 3878 1851 3933 per
1906 3865 1941 3917 ir

2194 3862 2365 3931 ιφίον,
2408 3858 2499 3913 τὸν
2523 3859 2591 3913 δι’
2616 3858 2927 3930 ἀφθαρσίας
2969 3858 3062 3911 καὶ
3088 3856 3377 3927 ἁγιότητος
3408 3855 3589 3925 ἑαυτῴ
3613 3855 3714 3922 τὴν

421 3942 815 3999 mortalitatem
848 3960 911 4001 ac
948 3948 1298 4004 sanctitatem
1335 3951 1441 4006 sibi
1494 3954 1733 4007 animam
1766 3956 1941 4025 copul:

2194 3954 2291 4024 χὴν
2329 3951 2723 4017 συνοικίζοντα,
2753 3954 2802 4004 εἰ
2837 3951 2912 4023 μή
2961 3967 3048 4013 τις
3074 3948 3166 4003 διὰ
3204 3945 3298 4002 τοῦ
3327 3947 3603 4015 νεκρῶσαι
3639 3948 3714 4002 τὰ

421 4034 530 4091 nisi
564 4038 691 4107 quis
726 4038 975 4094 necando
1005 4040 1249 4095 membra
1280 4057 1381 4097 sua
1403 4053 1640 4110 terrena,
1673 4049 1859 4102 carnis
1889 4063 1941 4101 cr

2197 4047 2253 4114 tn
2277 4044 2347 4098 τὰ
2373 4045 2466 4097 ἐπὶ
2494 4043 2594 4114 τῆς
2614 4043 2717 4114 γῆς
2750 4041 3057 4111 περιέλοιτο
3080 4041 3143 4094 τὸ
3171 4040 3274 4110 τῆς
3301 4039 3506 4111 σαρκὸς
3533 4056 3717 4111 παρα-

425 4127 599 4181 tinam
630 4128 941 4196 sustulerit,
970 4137 1135 4200 atque
1163 4130 1239 4184 ita
1264 4129 1445 4187 Verbo
1461 4135 1664 4211 ostium
1710 4151 1944 4205 aperuer

2193 4151 2407 4205 τασμα,
2434 4136 2530 4188 καὶ
2569 4132 2743 4196 οὕτως
2782 4126 3079 4199 ἀνοίξοιτῷ
3097 4131 3255 4201 Λόγῳ
3280 4131 3380 4202 τὴν
3413 4128 3608 4201 θύραν,
3641 4128 3713 4183 δι’

427 4236 526 4290 per
558 4221 705 4290 quod
734 4221 788 4275 in
821 4222 1064 4276 animam
1119 4223 1489 4293 ingrediatur:
1515 4229 1571 4281 id
1614 4243 1745 4282 vero
1778 4229 1947 4283 manil

2216 4230 2295 4291 εἰς
2327 4227 2427 4297 τὴν
2457 4224 2634 4296 ψυχὴν
2663 4224 3014 4289 είσοικίζεται
3041 4239 3055 4251 ³
3085 4220 3243 4292 δῆλόν
3272 4223 3423 4276 ἐστιν
3464 4222 3525 4274 οὐ
3557 4221 3713 4293 μόνον

424 4323 571 4368 stum
596 4322 680 4369 est
713 4329 821 4368 non
859 4313 1021 4370 modo
1049 4332 1116 4371 ex
1170 4317 1374 4373 divinis
1413 4320 1658 4388 Apostoli
1717 4320 1944 4392 dogmat

2213 4320 2318 4373 τῶν
2349 4319 2507 4373 θείων
2539 4317 2632 4372 τοῦ
2674 4316 3001 4370 ’Δποστόλου
3021 4314 3334 4385 δογμάτων,
3364 4313 3486 4367 ἀλλ’
3513 4316 3580 4368 ἐκ
3607 4312 3712 4367 τῶν

424 4406 522 4461 sed
558 4406 722 4461 etiam
752 4422 817 4461 ex
863 4407 949 4470 iis,
979 4423 1102 4479 qua:
1140 4407 1226 4463 hic
1254 4425 1285 4463 a
1317 4426 1521 4480 sponsa
1556 4411 1837 4468 dicuntur.
1878 4412 1944 4467 Su

2188 4430 2213 4466 ν
2270 4411 2579 4483 εἰρημένων
2626 4409 2779 4481 παρά
2830 4409 2931 4479 τῆς
2971 4409 3212 4481 νύμφης.
3269 4407 3530 4479 Ἀνέστην
3580 4407 3708 4479 γὰρ,

425 4496 563 4563 rexi,
589 4496 690 4559 ait,
718 4503 779 4550 ut
803 4497 1071 4565 aperirem
1105 4507 1342 4569 cognato
1367 4515 1509 4563 meo,
1538 4500 1701 4571 idque
1730 4502 1945 4557 eilicieu

2188 4506 2304 4576 bo'iv,
2334 4504 2544 4569 ἀνοῖξαι
2595 4502 2674 4575 τῷ
2717 4502 2987 4574 ἀδελφιδῷ
3019 4519 3158 4574 μου·
3204 4500 3295 4555 διά
3338 4499 3435 4555 τοῦ
3485 4501 3708 4573 ποιῆσαι

424 4603 489 4643 ex
527 4588 782 4643 manibus
845 4588 980 4645 meis
1047 4594 1283 4661 myrrhae
1347 4592 1550 4658 fontes,
1598 4609 1628 4647 e
1666 4595 1868 4664 quibus
1913 4594 1944 4648 h

2191 4616 2214 4663 ἶ
2266 4598 2458 4669 χεῖράς
2502 4615 2603 4669 μου
2652 4598 2753 4670 τῆς
2799 4596 3047 4667 σμύρνης
3095 4594 3313 4665 πηγὰς.
3362 4594 3461 4664 ἀφ’
3503 4594 3711 4647 ἑαυτῶν

425 4693 611 4732 aroma
643 4679 898 4750 proﬂuat,
931 4692 985 4735 et
1004 4677 1339 4736 declaranda
1367 4682 1570 4754 digitos
1603 4700 1752 4738 meos
1788 4686 1945 4757 myrrl

2190 4691 2352 4751 ούσας
2370 4688 2430 4743 τὸ
2452 4691 2673 4761 ἀρωμα,
2704 4689 2798 4743 καὶ
2822 4689 3096 4761 πλήρωμα
3115 4688 3225 4740 τῶν
3245 4686 3527 4741 δακτύλων
3545 4689 3710 4756 δεῖξαι

422 4786 548 4827 esse
578 4773 837 4843 repletos.
875 4771 1010 4826 Nam
1044 4772 1131 4828 his
1166 4775 1349 4830 verbis
1380 4778 1599 4829 modum
1632 4776 1861 4843 indicat,
1898 4795 1942 4848 q‘

2188 4801 2220 4851 ν
2252 4782 2516 4855 σμύρναν.
2573 4782 2676 4834 Τὸν
2723 4781 2832 4853 γὰρ
2878 4782 3079 4852 τρόπον
3112 4781 3179 4833 δι’
3214 4773 3274 4834 οὗ
3320 4780 3599 4847 ἀνοίγεται
3633 4801 3708 4851 ἰω

424 4864 705 4933 aperiatur
731 4863 932 4918 ostium
964 4880 1192 4934 sponso:
1230 4863 1458 4921 Surrexi
1507 4878 1797 4938 propterea
1862 4887 1944 4939 qui

2188 4873 2341 4946 μφίῳ
2367 4878 2400 4946 ἡ
2442 4873 2601 4945 θύρα,
2631 4874 2764 4945 φησὶ
2786 4873 2876 4926 διὰ
2900 4872 3007 4926 τῶν
3041 4871 3350 4944 εἰρημένων
3370 4888 3382 4901 ⁸
3423 4872 3508 4925 ὅτι
3533 4871 3626 4925 Διά
3650 4872 3708 4923 τὸ

425 4958 640 5027 sepulta
665 4972 790 5011 cum
822 4973 888 5012 eo
910 4956 1107 5013 fuerim
1147 4975 1241 5028 per
1276 4959 1613 5030 baptismum
1659 4963 1712 5016 in
1749 4972 1945 5018 morte:

2191 4967 2458 5036 νταφῆναι
2494 4964 2643 5035 αὐτῷ
2681 4964 2772 5017 διὰ
2794 4962 2886 5017 τοῦ
2919 4963 3231 5034 βαπτισμοῦ
3255 4964 3336 5026 είς
3358 4963 3455 5016 τὸν
3485 4961 3708 5016 θάνατον

422 5048 543 5103 Non
592 5049 739 5104 enim
794 5051 1129 5105 resurrectio
1166 5050 1467 5121 quidquam
1515 5054 1854 5108 cllicacitatis
1914 5057 1942 5109 h

2186 5057 2377 5128 έστην.
2407 5056 2485 5110 Οὐ
2507 5055 2615 5128 γὰρ
2642 5054 2708 5109 ἂν
2725 5056 3027 5127 ἐνήργησεν
3052 5056 3086 5125 ἡ
3120 5054 3440 5116 ἀνάστασξ,
3471 5052 3548 5124 μὴ
3578 5072 3706 5125 προ-

424 5144 661 5211 buisset,
703 5144 812 5198 nisi
870 5144 1223 5198 tnortilicatio
1266 5146 1577 5200 voluntaria
1615 5150 1944 5217 ριέεριλδδὶεει

2189 5147 2587 5218 ,θηγησαμένης
2615 5146 2714 5219 τῆς
2738 5147 2987 5199 ἑκουσίου
3017 5147 3363 5217 νεκρότητος.
3415 5144 3709 5199 Ἑνδείκνυ-

427 5235 740 5292 Volnntarii
792 5243 977 5291 autem
1032 5236 1301 5292 iudicium
1331 5246 1415 5294 est
1472 5241 1817 5295 stillicidium
1878 5243 1947 5295 illi

2195 5260 2210 5294 ι
2231 5240 2288 5294 δὲ
2311 5242 2373 5294 τὸ
2394 5241 2639 5294 ἑκούσιον
2666 5240 2700 5310 ἡ
2733 5242 2797 5293 ὲκ
2824 5239 2933 5292 τῶν
2954 5239 3155 5310 χειρῶν
3172 5237 3343 5307 αὐτῆς
3363 5237 3709 5308 ἀπορρέουσα

423 5332 663 5403 myrrha:
708 5331 933 5387 ﬂuentis
976 5346 1045 5386 ex
1074 5331 1249 5401 ipsius
1306 5334 1584 5397 manibus,
1637 5343 1691 5389 et
1721 5336 1868 5403 quod
1910 5336 1941 5388 li

2192 5354 2218 5400 ς
2248 5336 2494 5408 σμύρνης
2535 5332 2773 5403 σταγὼν,
2801 5332 2897 5387 καὶ
2927 5332 2989 5385 τὸ
3012 5330 3409 5404 πεπληρῶσθαι
3430 5333 3561 5395 τοὺς
3587 5333 3710 5386 δακ-

425 5434 671 5479 aromate
700 5424 856 5493 digiti
896 5422 1019 5491 ejus
1055 5424 1338 5478 abundare
1374 5424 1652 5480 dicantur.
1699 5425 1817 5481 Non
1867 5428 1945 5481 eni

2187 5429 2310 5491 λους
2328 5427 2499 5498 αὐτῆς
2523 5425 2619 5479 τοῦ
2647 5423 2942 5498 ἀρώματος
2969 5424 3181 5479 τούτου.
3208 5425 3283 5478 Οὐ
3314 5424 3424 5493 γὰρ
3447 5422 3707 5495 ἑτέρωθεν

426 5518 650 5571 aliunde
681 5516 962 5586 myrrham
995 5516 1051 5569 in
1083 5531 1308 5570 manum
1365 5517 1542 5586 ipsius
1594 5520 1670 5573 ait
1701 5522 1946 5590 pervenit

2187 5520 2441 5589 γενέσθαι
2473 5522 2539 5590 τῇ
2584 5519 2728 5590 χειρὶ
2755 5516 2904 5587 λέγει
2943 5518 3044 5590 τὴν
3084 5517 3350 5589 σμύρναν.
3396 5515 3473 5571 Ἧ
3504 5516 3616 5591 γάρ
3642 5517 3706 5571 ἂν

424 5603 562 5659 Nam
592 5607 637 5659 si
689 5621 781 5660 res
828 5605 901 5658 ita
945 5620 1005 5660 se
1054 5605 1303 5670 haberet,
1342 5609 1771 5663 existimandum
1831 5627 1944 5665 esse

2184 5613 2386 5683 ομίσθη
2423 5612 2512 5666 διὰ
2552 5611 2776 5678 τούτου,
2820 5611 3209 5682 περιστατικὸν
3246 5611 3387 5681 αὐτῇ
3422 5611 3515 5663 καὶ
3549 5609 3704 5665 ἀκού·

425 5698 648 5752 aliunde
681 5706 888 5760 ortum,
921 5705 976 5752 et
1015 5697 1238 5767 quidem
1276 5698 1394 5768 ipsa
1425 5702 1591 5755 invita
1626 5702 1674 5758 ei
1704 5702 1945 5758 accidissi

2182 5725 2233 5760 ον
2263 5706 2539 5776 συμϐῆναι
2565 5705 2628 5759 τὸ
2663 5705 2753 5759 διά
2778 5705 2878 5777 τῆς
2901 5704 3523 5777 σμύρνηςδηλούμενον.
3567 5700 3702 5757 Ἀλλ’

432 5795 574 5862 quod
615 5807 710 5861 per
755 5792 1032 5863 mvrrltam
1092 5791 1456 5860 signiﬁcatur.
1502 5795 1770 5853 Nimirum
1809 5815 1952 5854 mam

2189 5798 2285 5867 τάς
2309 5816 2442 5870 φησι
2483 5798 2581 5864 τὰς
2612 5802 2797 5870 χεῖρας
2832 5797 2851 5869 (
2875 5795 3129 5868 σημαίνει
3158 5795 3214 5849 δὲ
3248 5795 3340 5851 διὰ
3374 5795 3487 5850 τῶν
3512 5794 3705 5867 χειρῶν
