3850 6224
229 218 382 276 4017

1283 235 1353 291 IN
1377 199 1678 298 CANTICA
1706 243 1972 300 omne.
2002 247 2282 307 llOMlLlA
2321 254 2434 312 xu.

3366 267 3502 326 1018

226 339 338 447 ⁸τὰς
371 340 726 447 ἐνεργητικάς
747 341 847 414 τῆς
865 344 1040 418 ψυχῆς
1065 350 1324 425 κινήσεις)
1349 356 1440 424 ἀφ’
1467 357 1675 412 ἑαυτῶν
1699 360 1820 413 στά-

1927 360 2071 430 ipsas
2112 365 2288 436 inquit
2321 368 2339 439 (
2359 376 2412 424 et
2443 385 2710 429 manuum
2764 376 3130 447 appellatione
3169 388 3353 436 motus
3381 386 3502 438 ani-

230 431 330 497 ξαι
361 432 461 504 τὴν
495 431 764 506 σμύρναν,
803 438 903 508 τὴν
942 440 1154 495 οἴκοθεν
1188 445 1251 497 ἐκ
1295 449 1670 521 προαιρέσεως
1711 453 1820 506 τῶν

233 523 568 592 σωματικῶν
589 526 882 597 γινομένην
905 528 1284 602 νέκρωσιν·διὰ
1305 539 1494 592 τούτου
1539 539 1820 611 σημαίνων

227 614 337 684 τὴν
369 616 426 667 ἐν
456 617 592 668 πᾶσι
623 621 736 681 τοῖς
760 619 1059 685 δακτύλοις
1089 629 1551 703 πεπληρωμένην.
1580 633 1742 702 Λέγει
1765 635 1822 690 δὲ

227 708 306 761 τὰ
335 709 458 762 καθ’
478 710 708 765 ’ἑκαστον
743 713 855 783 εῐδη
884 714 952 768 τὰ
973 717 1314 789 διηρημένως
1342 722 1412 774 δι’
1440 724 1642 795 ἀρετῆς
1666 742 1824 778 σπου-

225 797 508 869 δαζόμενα
527 840 542 868 ,
576 800 654 872 τῷ
689 803 799 855 τῶν
829 803 1110 860 δακτύλων
1140 809 1510 882 διερμηνεύων
1553 815 1778 886 ὀνόματι
1805 857 1820 882 ,

228 889 313 954 ὡς
345 887 483 944 εἶναι
518 893 692 947 πάντα
728 895 820 948 τὸν
861 897 987 952 νοῦν
1029 900 1141 953 τῶν
1190 902 1497 974 λεγομένων
1543 907 1784 962 τοιοῦτον
1806 925 1818 938 ·

228 978 321 1031 ὅτι
355 980 586 1034 Ἔλαϐον
621 983 849 1055 δύναμιν
893 987 1242 1054 ἀναστάσεως
1275 993 1364 1046 διὰ
1407 995 1501 1048 τοῦ
1552 998 1823 1070 νεκρῶσαι

226 1072 306 1124 τὰ
338 1073 473 1144 μέλη
511 1074 614 1143 μοῠ
658 1077 727 1129 τά
753 1079 844 1130 ἐπὶ
874 1080 989 1149 τῆςς
1010 1081 1133 1152 γῆς,
1180 1085 1439 1151 ἑκουσίως
1469 1105 1562 1158 μοι
1585 1090 1686 1159 τῆς
1715 1090 1824 1145 τῶν

231 1162 421 1231 μελῶν
475 1165 583 1218 τῶν
623 1168 880 1222 τοιούτων
919 1172 1318 1247 ἐνηργηθείσης
1356 1177 1715 1250 νεκρὼσεως,
1761 1183 1822 1236 ού

229 1259 372 1329 παρ’
404 1259 562 1312 ἄλλου
589 1263 709 1325 ταῖς
735 1263 921 1334 χερσὶν
950 1264 1257 1338 ἐντεθείσης
1283 1269 1380 1339 τῆς
1410 1270 1676 1342 σμύρνης,
1709 1273 1824 1326 ἀλλ’

230 1349 304 1400 ἐκ
337 1350 434 1420 τῆς
466 1352 605 1422 ἐμῆς
631 1353 1003 1425 προαιρέσεως
1035 1358 1434 1430 ἀποῤῥεούσης’
1468 1360 1544 1426 ὡς
1566 1365 1660 1416 καὶ
1689 1366 1824 1417 πᾶσι

227 1440 352 1501 τοῖς
397 1439 516 1492 κατ’
573 1442 774 1514 ἀρετὴν
823 1443 1273 1516 ἐπιτηδεύμασιν,
1337 1447 1481 1517 ἅπερ
1528 1449 1826 1515 δακτύλους

229 1529 553 1601 ὠνόμασεν,
582 1534 843 1605 ἀνελλιπῆ
875 1535 975 1607 τὴν
1010 1539 1265 1610 τοιαύτην
1291 1541 1521 1611 ὁρᾶσθαι
1559 1544 1822 1599 διάθεσιν.

235 1622 403 1674 Ἐστι
437 1624 544 1694 γὰρ
573 1626 664 1678 ἐπὶ
700 1626 809 1680 τῶν
844 1627 943 1698 τὴν
977 1629 1177 1701 ἀρετὴν
1217 1633 1514 1701 μετιόντων
1564 1635 1712 1699 ἰδεῖν,
1744 1637 1826 1690 ἑνὶ

1925 454 2019 514 mi,
2052 454 2146 524 qui
2191 459 2468 514 actionum
2499 461 2784 521 effectores
2813 477 2962 532 sunt,
2996 466 3258 542 denotat)
3287 487 3356 526 ex
3379 487 3501 528 sese

1925 544 2164 601 stillasse
2196 551 2497 619 myrrham,
2531 570 2642 624 quo
2672 557 2987 627 significare
3027 561 3202 616 voluit
3251 578 3318 618 ex
3349 573 3502 618 certo

1925 636 2092 690 animi
2120 638 2335 708 judicio
2366 643 2677 701 institutam
2720 664 3112 718 corporearum
3150 653 3499 709 all‘ectionum

1924 753 2375 821 exstinctionem,
2427 777 2591 830 quam
2656 766 2916 821 omnibus
2978 768 3032 820 in
3079 768 3266 838 digitis
3327 768 3502 825 fuisse

1928 844 2150 900 uberem
2205 851 2284 903 ait
2335 869 2348 904 :
2395 852 2694 922 digitorum
2757 858 3128 926 appellatione
3185 861 3502 932 intelligens

1927 937 2171 1006 singulas
2200 957 2390 996 eorum
2427 947 2664 1014 species,
2695 965 2817 1018 quae
2851 951 2904 1004 in
2959 953 3110 1006 cultu
3164 953 3384 1008 virtutis
3415 953 3500 1007 dio

1925 1041 2082 1082 verse
2121 1045 2149 1082 a
2181 1032 2338 1087 nobis
2371 1033 2756 1092 instituuntur.
2791 1042 2872 1093 Ita
2913 1049 2974 1095 ut
3031 1041 3225 1095 horum
3256 1044 3501 1097 omnium

1926 1135 2050 1189 quae
2085 1121 2348 1179 dicuntur
2377 1126 2484 1193 hic,
2516 1143 2714 1186 sensus
2748 1133 2967 1202 quidem
3010 1143 3082 1191 sit
3138 1135 3454 1205 hujusmodi
3485 1154 3500 1190 :

1925 1230 2126 1301 Accepi
2150 1233 2262 1287 vim
2287 1239 2711 1295 resurrectionis
2737 1257 2804 1296 ex
2830 1257 2913 1309 eo,
2939 1248 3081 1313 quod
3115 1246 3353 1300 membra
3384 1259 3504 1300 mea

1929 1333 2149 1380 terrena
2180 1337 2397 1384 mortua
2447 1331 2802 1401 reddiderim,
2841 1351 3074 1407 eamque
3128 1339 3504 1393 membrorum

1927 1417 2410 1474 mortificationem
2446 1430 2642 1491 sponte
2696 1440 2820 1480 mea
2876 1427 3231 1491 instituet-im,
3293 1445 3403 1483 non
3435 1430 3507 1484 ab

1927 1505 2036 1560 alio
2082 1509 2302 1578 myrrha
2338 1512 2471 1566 mihi
2514 1515 2568 1567 in
2616 1531 2814 1572 manus
2870 1517 2995 1573 data
3034 1538 3047 1575 :
3085 1520 3178 1574 sed
3234 1520 3508 1576 deﬂuente

1927 1598 2018 1651 illa
2050 1611 2202 1655 certo
2255 1605 2419 1657 animi
2451 1606 2556 1659 mei
2597 1608 2866 1663 arbitratu
2898 1628 2910 1664 :
2947 1612 3018 1664 ita
3049 1621 3107 1665 ut
3137 1612 3187 1665 in
3248 1614 3506 1668 omnibus

234 1713 342 1782 μὲν
373 1714 567 1774 αὐτούς
596 1735 702 1770 τινι
731 1719 1031 1784 τεθνεῶτας
1059 1722 1242 1788 πάθει,
1271 1725 1330 1776 ὲν
1359 1725 1566 1796 ἑτέροις
1598 1728 1654 1780 δὲ
1689 1729 1824 1794 ζῶν-

1928 1691 2065 1746 meis
2097 1693 2284 1747 virtuti
2324 1699 2712 1754 consentaneis
2767 1705 3076 1788 conatibus,
3132 1719 3273 1772 quos
3304 1704 3507 1775 digitos

227 1820 337 1867 τας
358 1822 373 1834 ·
403 1805 653 1878 καθάπερ
673 1807 887 1880 ὁρῶμέν
916 1828 1088 1875 τινας,
1125 1812 1456 1885 νεκροῦντας
1492 1817 1588 1886 μὲν
1613 1819 1825 1883 ἑαυτοῖς

228 1894 296 1947 τὸ
325 1895 645 1958 ἀκόλαστον,
683 1897 750 1952 ἂν
793 1899 935 1954 οὕτω
969 1902 1141 1974 τύχοι,
1176 1906 1477 1976 τρέφοντας
1503 1908 1560 1961 δὲ
1599 1909 1665 1962 δι’
1705 1914 1824 1965 ἐπι-

234 1986 460 2056 μελείας
487 1989 576 2040 τὸν
613 1989 801 2058 τύφον,
837 1991 870 2065 ἢ
916 1993 1102 2064 ἕτερόν
1129 2011 1182 2047 τι
1216 1997 1387 2060 πάθος
1420 1998 1482 2051 τὸ
1510 2000 1610 2071 τὴν
1643 2000 1824 2072 ψυχὴν

229 2077 665 2149 λυμαινόμενον·
703 2075 811 2134 οἷον
855 2082 916 2136 τὸ
958 2083 1381 2156 φιλοχρήματον,
1421 2087 1453 2158 ἢ
1485 2088 1545 2141 τὸ
1587 2089 1822 2159 ὀργίλον,

230 2167 270 2238 ἢ
293 2167 356 2220 τὸ
384 2169 745 2242 φιλόχρηστον
775 2173 870 2225 καὶ
906 2173 1200 2242 φιλόδοξον,
1231 2175 1263 2246 ἧ
1298 2176 1425 2229 ἄλλο
1463 2179 1730 2234 τοιοῦτον·
1761 2172 1823 2233 οὗ

232 2260 430 2323 κακῶς
475 2264 531 2314 ἐν
571 2265 638 2334 τῇ
682 2263 828 2336 ψυχῇ
871 2264 1106 2330 ζῶντος,
1150 2268 1252 2320 οὐκ
1283 2267 1399 2320 ἐστι
1436 2269 1666 2342 πλήρεις
1695 2273 1824 2336 τοὺς

230 2349 537 2417 δακτύλους
570 2351 834 2420 ἐπιδεῖξαι
856 2357 956 2426 τῆς
984 2355 1249 2427 σμύρνης.
1275 2357 1348 2411 Οὐ
1373 2357 1478 2429 γὰρ
1499 2359 1586 2413 διὰ
1608 2363 1824 2416 πάντων

233 2440 493 2509 φαίνεται
527 2443 977 2514 ἐπιτηδευμάτων
1028 2446 1060 2516 ἡ
1105 2445 1200 2499 τοῦ
1243 2447 1414 2500 κακοῦ
1460 2449 1726 2522 νέκρωσίς
1763 2469 1824 2506 τε

232 2533 333 2586 καὶ
359 2534 732 2606 ἀλλοτρίωσις.
762 2537 986 2591 Πάντων
1018 2538 1076 2590 δὲ
1100 2537 1494 2610 πληρωθέντων
1517 2542 1626 2596 τῶν
1655 2545 1827 2597 τοιού·-

231 2641 349 2677 των
374 2625 653 2680 δακτύλων
682 2628 781 2699 τῆς
804 2619 1093 2700 νοηθείσης
1123 2629 1395 2700 σμύρνης,
1426 2634 1519 2686 καὶ
1540 2634 1825 2688 ἀνίσταται

235 2716 272 2785 ὴ
289 2713 458 2786 ψυχὴ,
495 2719 588 2770 καὶ
611 2719 818 2786 ἀνοίγει
843 2719 919 2789 τῷ
941 2721 1157 2792 νυμφίῳ
1179 2723 1276 2794 τὴν
1299 2726 1518 2780 εἴσοδον.
1543 2727 1639 2779 Διὰ
1667 2727 1826 2780 τοῦτο

233 2806 384 2876 τάχα
427 2809 524 2861 καὶ
571 2810 600 2861 6
647 2810 822 2880 μέγας
874 2811 1084 2876 Παῦλος
1123 2815 1302 2879 καλῶς
1345 2819 1542 2888 νοήσας
1591 2818 1689 2890 τὴν
1728 2818 1823 2872 τοῦ

237 2897 515 2950 Δεσπότου
545 2901 748 2971 φωνὴν,
771 2902 806 2971 ἦ
831 2919 1015 2973 φησιν,
1036 2905 1118 2957 ὃτι
1149 2908 1270 2961 Οὐκ
1289 2908 1420 2962 ἔστι
1440 2906 1664 2977 φυῆναι
1687 2909 1826 2964 στά-

239 3005 394 3090 Ξυῖ,
429 2990 538 3043 ἐὰν
561 2990 658 3090 ’μὴ
705 2993 1078 3090 προοῖὲιλυθῇ
1117 2995 1210 3090 τῷ⁸
1235 2997 1468 3090 ἀανάτῳ
1496 3003 1534 3090 ,ὁ
1576 3002 1820 3090 κόκκος.
1851 3035 1892 3090 c

238 3077 411 3132 Τοῦτο
435 3080 698 3150 κηρύσσει
726 3085 790 3153 τῇ
845 3082 1139 3156 Ἐκκλησία
1164 3085 1224 3138 τὸ
1255 3086 1433 3156 δόγμα
1451 3129 1464 3152 ,
1487 3089 1568 3142 ὅτι
1599 3089 1703 3160 χρὴ
1737 3090 1826 3145 θά-

236 3184 400 3220 νατον
436 3169 536 3239 τῆς
566 3168 711 3241 ζωῆς
744 3172 1161 3244 καθηγήσασθαι
1184 3215 1198 3240 ,
1235 3176 1310 3240 ὡς
1341 3179 1441 3231 οὐκ
1481 3178 1826 3250 ἐνδεχόμενον

240 3259 420 3323 ἄλλως
465 3262 523 3314 ἐν
568 3261 843 3334 ἀνθρώπῳ
879 3266 982 3334 τὴν
1028 3264 1174 3338 ζωὴν
1219 3269 1505 3336 γενέσθαι,
1539 3273 1588 3323 εἰ
1631 3273 1706 3341 μὴ
1737 3271 1826 3325 διὰ

237 3349 472 3403 θανάτου
500 3349 654 3404 λάὁοι
693 3353 794 3423 τὴν
837 3355 1090 3424 πάροδον.
1118 3358 1322 3429 Διπλῆς
1354 3360 1464 3430 γὰρ
1501 3363 1559 3414 ἐν
1585 3363 1715 3432 ἡμῖν
1737 3361 1828 3414 οὓ-

237 3457 343 3512 σης
375 3441 472 3511 τῆς
499 3442 740 3509 φύσεως,
770 3444 867 3514 τῆς
906 3447 1006 3515 μὲν
1041 3447 1246 3518 λεπτῆς
1286 3467 1344 3502 τε
1373 3453 1466 3504 καὶ
1507 3455 1700 3522 νοερᾶς
1731 3454 1826 3506 καὶ

235 3532 450 3602 κούφης
474 3549 488 3562 '
521 3533 621 3603 τῆς
659 3533 716 3588 δὲ
764 3538 996 3606 παχείας
1045 3541 1136 3592 καὶ
1173 3541 1365 3613 ὑλικῆς
1413 3543 1508 3596 καὶ
1557 3543 1782 3615 βαρείας
1806 3561 1821 3576 ·

235 3620 452 3690 ἀνάγκη
480 3623 628 3674 πᾶσα
648 3621 960 3693 ἀσύμϐατον
987 3626 1124 3696 πρὸς
1149 3627 1246 3697 τὴν
1278 3629 1472 3699 ἑτέραν
1498 3633 1556 3686 ἐν
1579 3632 1826 3706 ἑκατέρᾳ

235 3711 445 3764 τούτων
475 3711 575 3782 τὴν
613 3714 790 3784 ὁρμὴν
826 3710 962 3768 εἶναι
1001 3718 1092 3770 καὶ
1125 3718 1448 3782 ιδιὰζουσαν.
1481 3721 1556 3773 Τὸ
1590 3723 1688 3792 μὲν
1717 3725 1827 3796 γὰρ

235 3804 426 3874 νοερόν
455 3823 514 3858 τε
559 3805 656 3858 καὶ
681 3805 884 3875 κοῦφον
924 3810 1130 3862 οἰκείαν
1165 3810 1280 3882 ἔχει
1332 3811 1430 3882 τὴν
1461 3814 1555 3867 ἐπὶ
1597 3816 1668 3868 τὰ
1711 3815 1826 3870 ἀνω

237 3896 414 3965 φοράν
439 3914 453 3926 ·
483 3897 546 3950 τὸ
580 3898 636 3951 δὲ
674 3897 813 3970 βαρὺ
859 3900 955 3954 καὶ
991 3901 1190 3965 ὑλῶδες
1215 3944 1230 3969 ,
1261 3903 1348 3956 ἀεὶ
1374 3905 1535 3976 πρὸς
1565 3904 1628 3959 τὸ
1677 3908 1828 3962 κάτω

239 3987 401 4058 ῥέπει
451 3989 545 4042 καὶ
594 3990 844 4060 φέρεται.
899 3991 990 4056 Ἐξ
1031 3994 1276 4047 ἐναντίου
1320 3995 1504 4049 τοίνυν
1535 3999 1827 4072 γινομένης

236 4079 424 4141 αὐτοῖς
451 4080 693 4148 φυσικῶς
731 4081 834 4151 τῆς
861 4084 1128 4154 κινήσεως
1151 4126 1164 4148 ,
1191 4085 1292 4139 οὐκ
1325 4086 1472 4140 ἔστιν
1497 4090 1827 4162 εὺώωθῆναι

234 4170 301 4223 τὸ
336 4170 541 4246 ἕτερον,
568 4172 641 4244 μὴ
670 4174 1030 4244 ἀτονήσαντος
1065 4176 1158 4229 τοῦ
1197 4177 1359 4231 ἄλλου
1387 4180 1522 4250 πρὸς
1546 4181 1647 4252 τὴν
1685 4183 1827 4236 κατὰ

236 4265 405 4335 φύσιν
436 4267 608 4338 φοράν
627 4285 640 4299 ·
674 4267 812 4338 μέση
843 4266 898 4321 δὲ
930 4269 1132 4340 ἀμφοῖν
1177 4271 1391 4324 ἑστῶσα
1419 4274 1452 4344 ἠ
1487 4274 1828 4339 αὐτεξούσιος

1928 1785 2167 1846 vocavit,
2210 1785 2323 1840 haec
2351 1789 2518 1842 animi
2568 1789 2786 1846 affectio
2831 1785 3069 1864 copiose
3105 1796 3502 1865 conspiciatur.

1930 1873 2140 1928 Etenim
2175 1876 2360 1932 videre
2387 1889 2472 1934 est
2500 1896 2596 1936 eos
2630 1883 2723 1953 qui
2782 1899 2890 1938 non
2947 1886 3187 1956 perfecte
3245 1888 3504 1944 virtutem

1926 1966 2138 2032 colunt,
2178 1984 2289 2024 uno
2333 1971 2551 2039 quidem
2613 1975 2736 2030 illos
2775 1978 2944 2032 animi
3005 1981 3196 2034 morbo
3254 1989 3506 2035 mortuos

1925 2072 2070 2125 esse,
2111 2060 2206 2114 sed
2237 2060 2291 2114 in
2323 2065 2540 2119 caneris
2569 2066 2790 2122 vivere:
2846 2070 3310 2138 quemadmodum
3357 2071 3508 2126 vide-

1927 2164 2050 2204 mus
2081 2153 2376 2209 nonnullos
2444 2155 2946 2228 intemperantiam,
2981 2163 3132 2216 verbi
3189 2163 3386 2232 gratia,
3449 2162 3506 2218 in

1926 2246 2128 2315 seipsis
2157 2246 2316 2318 quasi
2353 2259 2530 2303 morte
2567 2252 2822 2315 multare,
2856 2253 2951 2307 sed
2978 2270 3176 2324 magno
3202 2254 3386 2310 studio
3413 2270 3508 2310 su-

1927 2339 2172 2408 perbiam
2225 2340 2393 2403 alere.
2442 2343 2526 2397 vel
2579 2344 2730 2398 aliud
2764 2346 3038 2415 quoddam
3089 2347 3281 2400 vitium
3323 2345 3508 2400 animo

1927 2433 2342 2500 perniciosum:
2384 2435 2536 2490 verbi
2567 2437 2764 2505 gratia,
2793 2438 3154 2506 cupiditatem
3194 2454 3384 2508 opum,
3419 2439 3504 2492 vel

1925 2525 2293 2589 iracundiam,
2321 2526 2404 2580 vel
2433 2528 2811 2592 ambitionem,
2843 2531 2929 2584 vel
2965 2529 3095 2599 quid
3143 2529 3290 2584 aliud
3319 2528 3509 2598 eiusce

1925 2619 2164 2686 generis.
2200 2619 2346 2688 quod
2399 2619 2528 2674 dum
2578 2621 2758 2675 adhuc
2811 2622 2955 2676 male
3007 2621 3142 2675 vivit
3171 2622 3224 2675 in
3282 2621 3506 2682 animo,

1928 2710 2041 2764 fieri
2074 2726 2183 2764 non
2219 2719 2401 2781 potest
2433 2719 2492 2767 ut
2526 2713 2649 2782 quis
2681 2712 2883 2782 digitos
2915 2728 3046 2768 suos
3082 2713 3303 2783 myrrha
3331 2711 3510 2768 refer-

1927 2814 2013 2858 tos
2045 2804 2321 2859 ostendat.
2350 2802 2469 2858 Non
2497 2805 2644 2858 enim
2681 2805 2862 2860 elucet
2901 2806 2957 2860 in
2993 2807 3251 2860 omnibus
3311 2804 3508 2860 studiis

1925 2904 1980 2950 et
2027 2897 2338 2951 actionibus
2391 2896 2691 2952 exstinctio
2717 2897 2867 2962 mali,
2927 2906 2980 2952 et
3025 2898 3272 2967 quaedam
3320 2899 3391 2953 ab
3441 2912 3509 2953 eo

1927 2989 2076 3043 velut
2106 2989 2459 3044 abalienatio.
2493 2990 2564 3044 At
2591 3006 2716 3045 cum
2777 2991 2932 3062 digiti
2964 3006 3157 3046 omnes
3189 2991 3506 3060 huiusmodi

1927 3082 2170 3150 myrrha,
2201 3098 2323 3151 quae
2350 3081 2440 3136 hic
2472 3083 2818 3153 intelligitur,
2843 3083 3035 3152 repleti
3063 3091 3214 3147 sunt,
3240 3091 3356 3137 tum
3378 3099 3510 3138 vero

1926 3179 1980 3227 et
2009 3173 2187 3243 surgit
2216 3176 2420 3238 anima,
2452 3185 2507 3229 et
2541 3174 2748 3228 aditum
2797 3190 3005 3246 sponso
3046 3174 3330 3244 patefacit.
3366 3173 3508 3228 Pro-

1926 3271 2112 3333 pterea
2146 3263 2332 3319 forsan
2375 3273 2429 3320 et
2457 3281 2688 3336 magnus
2722 3267 2814 3320 ille
2849 3265 3053 3320 Paulus
3087 3273 3237 3319 recte
3288 3265 3508 3320 intelle-

1927 3365 2016 3411 cta
2057 3355 2273 3410 Domini
2305 3372 2442 3412 voce
2468 3358 2563 3418 ait,
2599 3357 2715 3412 fieri
2755 3374 2864 3412 non
2905 3373 3069 3428 posse
3098 3366 3158 3411 ut
3184 3358 3334 3426 spica
3375 3372 3510 3426 pro-

1926 3448 2130 3512 veniat,
2168 3449 2273 3502 nisi
2309 3449 2463 3518 prius
2501 3457 2677 3503 morte
2705 3465 2938 3519 granum
2978 3449 3334 3503 dissolvatur.
3371 3447 3511 3513 Qui.

1926 3541 2030 3596 bus
2072 3543 2127 3595 in
2185 3541 2367 3596 verbis
2424 3541 2566 3596 hanc
2619 3540 2882 3595 Ecclesiae
2935 3541 3243 3594 doctrinam
3305 3538 3508 3602 tradit,

1927 3643 2183 3702 oportere
2220 3634 2482 3687 nimirum
2540 3641 2667 3688 ante
2699 3635 2868 3686 vitam
2902 3633 3207 3702 praecedere
3250 3639 3514 3696 mortem,

1928 3725 2072 3796 quod
2107 3727 2405 3794 ceteroqui
2440 3725 2554 3779 fieri
2590 3733 2845 3795 nequeat,
2879 3733 2940 3778 ut
2970 3727 3077 3777 vita
3132 3725 3202 3778 sit
3237 3723 3290 3784 in
3333 3722 3515 3776 homi~

1927 3832 2017 3882 ne,
2038 3817 2144 3871 nisi
2182 3831 2279 3886 per
2307 3825 2538 3869 mortem
2571 3813 3134 3884 ingrediatur”.Nam
3154 3830 3279 3868 cum
3307 3820 3513 3869 natura

1928 3909 1999 3964 sit
2025 3908 2225 3978 duplex
2259 3909 2312 3962 in
2347 3909 2528 3972 nobis,
2573 3909 2745 3962 altera
2795 3909 3034 3968 subtilis,
3082 3907 3420 3977 intelligendi
3454 3905 3514 3961 vi

1929 4002 2181 4072 praedita,
2215 4001 2394 4068 levis;
2432 4003 2604 4054 altera
2639 4015 2851 4063 crassa,
2887 4009 3063 4056 terrea
3113 3999 3339 4054 materie
3371 4013 3506 4052 con—

1928 4103 2106 4157 stans,
2141 4091 2361 4162 gravis;
2393 4091 2618 4146 omnino
2651 4105 2878 4146 necesse
2906 4091 3068 4145 est'in
3104 4091 3299 4143 harum
3353 4097 3508 4142 utra-

1927 4199 2035 4253 que
2066 4184 2327 4254 impetum
2359 4183 2690 4252 peculiarem
2727 4189 2782 4236 et
2815 4182 3199 4236 abhorrentem
3233 4182 3301 4234 ab
3333 4180 3511 4234 altera

1927 4291 2070 4330 esse.
2098 4274 2233 4329 Nam
2263 4274 2409 4344 quod
2437 4274 2810 4344 intelligentiae
2831 4274 2936 4327 vim
2963 4273 3123 4326 habet
3155 4287 3220 4324 ac
3251 4272 3367 4325 leve
3398 4279 3511 4335 est,

235 4359 398 4430 ἡμῶν
409 4358 634 4428 δύναμίς
649 4373 708 4410 τε
726 4359 821 4412 καὶ
848 4363 1185 4433 προαίρεσις,
1207 4362 1272 4416 δι’
1293 4364 1490 4435 ἑαυτῆς
1501 4367 1824 4436 ἐμποιεῖκαὶ

1934 4367 2285 4438 peculiariter
2315 4368 2386 4421 ita
2411 4374 2789 4434 comparatum
2821 4375 3003 4428 est,ut
3033 4379 3254 4418 sursum
3289 4361 3511 4421 tendat-,-

233 4451 392 4504 τόνον
423 4447 500 4522 τῷ
529 4451 789 4522 κάμνοντι
816 4453 912 4505 καὶ
938 4452 1154 4507 ἀτονίαν
1167 4454 1245 4526 τῷ
1270 4459 1632 4530 κατισχύοντι.
1675 4461 1762 4514 Ἐν
1789 4453 1833 4528 ᾧ

231 4541 350 4613 γὰρ
378 4541 602 4612 γένηται
629 4540 810 4615 μέρει,
842 4541 1018 4612 τούτῳ
1041 4544 1224 4598 δίδωσι
1267 4555 1406 4602 κατὰ
1436 4548 1532 4602 τοῦ
1572 4547 1731 4603 ἄλλου
1761 4549 1833 4604 τὰ

231 4639 552 4710 νικητήρια.
586 4636 773 4702 Οὕτως
794 4640 852 4691 ἐν
890 4636 966 4708 τῷ
991 4640 1308 4713 Εὑαγγελίῳ
1342 4643 1645 4696 ἐπαινεῖται
1667 4644 1768 4713 μὲν
1790 4643 1820 4697 6

233 4729 433 4794 πιστὸς
450 4731 544 4783 καὶ
571 4729 834 4801 φρόνιμος
860 4732 1175 4803 οἰκονόμος’
1201 4727 1355 4796 οὗτος
1383 4729 1491 4806 γάρ
1512 4737 1649 4800 ἐστι,
1685 4736 1830 4792 κατά

233 4838 303 4890 γε
328 4820 419 4873 τὸν
442 4822 572 4891 ἐμδν
604 4819 782 4889 λόγον,
813 4822 847 4892 ἡ
873 4821 1054 4884 καλῶς
1077 4821 1187 4875 τῶν
1213 4825 1271 4875 ὲν
1302 4825 1432 4895 ἡμῖν
1457 4826 1826 4881 ὲπιστατοῦσα

234 4915 580 4987 προαίρεσις.
623 4915 958 4969 Ἐπαινεῖται
986 4915 1094 4987 γὰρ
1118 4915 1201 4968 ὅτι
1231 4916 1424 4986 τρέφει
1455 4917 1556 4986 τὴν
1593 4918 1832 4971 οἰκετίαν

231 5007 333 5062 τοῦ
367 5007 653 5067 δεσπότου,
692 5005 784 5060 διὰ
812 5007 914 5077 τῆς
954 5007 1063 5060 τῶν
1102 5008 1360 5062 ἐναντίων
1394 5007 1711 5079 νεκρὼσεως
1739 5023 1754 5039 '
1789 5012 1823 5081 ἡ

233 5097 349 5170 γὰρ
375 5097 600 5152 ἐκείνων
621 5097 818 5170 φθορὰ,
842 5099 1016 5170 τροφή
1037 5115 1098 5152 τε
1122 5100 1216 5153 καὶ
1239 5100 1420 5164 εὐεξία
1444 5101 1554 5155 τῶν
1585 5099 1833 5172 κρειττό-

235 5206 346 5240 νων
381 5187 518 5241 ἐστί.
560 5189 966 5260 Κατηγορείται
1005 5189 1061 5244 δὲ
1085 5192 1114 5244 6
1152 5191 1321 5254 κακὸς
1349 5192 1535 5256 δοῦλος
1577 5194 1783 5258 ἐκεῖνος
1807 5235 1823 5260 ,

235 5279 266 5330 ὁ
298 5277 387 5332 διὰ
419 5278 515 5332 τοῦ
542 5282 655 5343 τοῖς
684 5279 943 5350 μεθύουσι
987 5285 1243 5348 συνεῖναι,
1281 5282 1515 5355 πληγαῖς
1546 5287 1824 5358 αἰκιζόμε-

237 5386 332 5433 νος
354 5370 454 5440 τὴν
487 5370 584 5424 τοῦ
622 5371 757 5424 Θεοῦ
779 5371 1039 5428 οἰκετίαν.
1069 5373 1259 5444 Πληγὴ
1282 5374 1390 5447 γάρ
1416 5377 1565 5430 ἐστιν
1595 5379 1668 5442 ὡς
1694 5379 1819 5449 ἀλη-

235 5457 346 5522 Θῶς
372 5461 512 5514 κατά
536 5460 645 5515 τῶν
683 5462 912 5534 ἀρετῶν,
943 5465 1097 5536 ἠτῆς
1126 5467 1325 5531 κακίας
1357 5469 1452 5539 εύη
1465 5469 1647 5542 μερέα.
1677 5471 1822 5526 05x-

300 5661 386 5716 ⁸³1
409 5665 532 5718 (lor.
567 5681 656 5729 ις,
684 5671 750 5720 42
779 5683 899 5736 sqq.

1929 4454 2076 4524 quod
2117 4469 2247 4509 vero
2287 4469 2454 4524 grave
2490 4461 2596 4517 est,
2646 4452 2823 4523 deque
2861 4453 3087 4507 materie
3143 4466 3333 4507 crassa
3367 4466 3506 4506 con-v

1929 4555 2061 4613 stat,
2107 4561 2322 4615 semper
2378 4545 2636 4600 deorsum
2670 4547 2843 4615 vergit
2883 4560 2949 4598 ac
2996 4551 3267 4598 movetur.
3327 4543 3515 4609 Quare

1927 4653 2052 4692 cum
2083 4654 2113 4692 a
2161 4647 2359 4692 natura
2405 4639 2485 4692 sic
2520 4646 2835 4706 comparata
2891 4637 3024 4699 sint,
3057 4642 3119 4688 ut
3146 4645 3328 4688 motus
3373 4648 3503 4688 con-

1927 4733 2130 4786 trarios
2160 4731 2432 4784 habeant:
2469 4729 2586 4784 fieri
2618 4729 2806 4798 nequit
2839 4737 2897 4781 ut
2925 4736 3073 4782 recte
3119 4727 3318 4781 habeat
3364 4726 3504 4779 alte~

1929 4839 2074 4889 rum,
2109 4821 2218 4877 nisi
2246 4821 2472 4876 alterius
2504 4821 2773 4875 naturalis
2802 4830 2986 4874 motus
3017 4819 3290 4888 langueat.
3338 4816 3509 4871 Stans

1929 4923 2111 4970 autem
2146 4913 2328 4968 medio
2367 4912 2512 4966 inter
2556 4922 2788 4981 utraque
2847 4912 2970 4965 loco
3010 4910 3244 4964 facultas
3296 4909 3389 4963 illa
3450 4909 3506 4962 in

1928 5007 2092 5062 nobis
2133 5005 2326 5071 libera,
2357 5012 2414 5058 et
2443 5003 2611 5058 animi
2646 5002 2864 5067 electio,
2923 5010 3033 5054 tam
3067 5001 3382 5054 firmitatem
3442 5013 3509 5052 ao

1931 5099 2100 5154 robur
2138 5095 2439 5166 languenti,
2483 5111 2646 5165 quam
2703 5093 3115 5164 przevalescenti
3170 5092 3509 5147 debilitatem

1932 5193 2092 5247 indit.
2124 5189 2260 5244 Nam
2314 5189 2494 5245 cuicui
2549 5185 2766 5241 tandem
2820 5187 2962 5256 parti
2999 5200 3121 5240 sese
3170 5184 3507 5254 adjumteritI

1933 5285 2009 5338 illi
2043 5283 2304 5336 adversus
2367 5280 2594 5332 alteram
2647 5278 2936 5330 victoriam
2991 5275 3244 5345 largitur.
3299 5274 3391 5327 Sic
3451 5273 3508 5328 in

1933 5374 2226 5446 Evangelio
2259 5373 2514 5427 laudatur
2544 5369 2718 5422 fidelis
2749 5384 2813 5423 ac
2844 5368 3087 5437 prudens
3116 5367 3206 5420 ille
3237 5366 3312 5420 rei
3348 5365 3508 5419 fami-

1931 5466 2086 5522 liaris
2120 5463 2557 5528 administrator,
2586 5460 2677 5532 qui
2711 5458 2932 5533 quidem
2970 5466 3054 5516 est
3098 5457 3209 5530 (ut
3261 5457 3517 5531 equidrm
