3850 6224
391 313 524 366 fill!)

1587 317 1645 373 S.
1689 317 2014 375 CREGOBII
2055 315 2352 374 NYSSENI

3515 315 3676 370 1020

383 433 608 505 statuo)
637 435 802 489 animi
835 437 1005 491 nostri
1040 438 1266 503 electio,
1300 456 1421 510 quze
1463 444 1720 510 praeclare
1753 445 1806 497 in
1853 460 1957 498 no-

2081 442 2148 495 fw
2192 440 2372 503 καλῶς
2409 440 2522 511 ἔχει
2577 440 2669 495 τὸν
2716 441 3051 513 προφητικὸν
3080 440 3433 512 ζηλώσαντας
3474 439 3668 508 λόγον,

383 527 469 583 bis
507 543 634 582 cum
697 529 928 597 imperio
964 537 1182 597 praeest.
1250 529 1528 586 Laudatur
1565 534 1712 587 enim
1737 574 1753 599 ,
1813 535 1960 604 quod

386 620 501 673 heri
532 620 620 674 sui
654 619 914 673 familiam
949 623 1079 686 alat,
1124 621 1288 692 idque
1313 625 1560 678 necando
1591 625 1956 681 adversantia.

384 707 517 761 Nam
551 710 766 763 illorum
819 710 1074 765 interitus
1124 711 1442 764 alimentum
1483 719 1586 774 est,
1648 720 1702 764 et
1751 712 1961 767 sanitas

385 802 697 856 meliorum.
724 801 929 856 Contra
955 804 1294 872 vituperatur
1323 805 1552 874 ignavus
1571 805 1660 858 ille
1681 820 1872 859 servus
1893 805 1959 867 ⁸¹,

383 896 475 961 qui
508 904 791 964 propterea
826 895 974 964 quod
1006 911 1130 949 cum
1175 899 1490 951 temulentis
1522 907 1791 960 versetur,
1837 914 1956 951 ver-

386 987 611 1041 beribus
664 987 760 1040 Dei
822 987 1088 1042 familiam
1143 990 1540 1044 contumeliose
1605 989 1788 1044 allicit.
1827 989 1964 1042 Nam

384 1093 512 1132 vere
537 1080 710 1132 virtus
736 1081 981 1150 vapulat,
1028 1096 1154 1135 cum
1191 1083 1322 1134 vitia
1362 1081 1575 1136 ﬂorent.
1623 1082 1966 1151 Quapropter

386 1177 533 1220 recte
557 1169 754 1223 facturi
787 1185 1003 1233 sumus,
1028 1171 1072 1224 si
1099 1172 1322 1226 verbum
1349 1171 1480 1224 illud
1505 1163 1660 1222 Vatis
1679 1172 1872 1224 imitati
1892 1173 1962 1236 ",

386 1261 715 1312 inatutiuam
767 1261 927 1315 nobis
971 1263 1161 1315 horam
1206 1265 1604 1316 constituemus
1651 1264 1718 1318 ad
1758 1264 1966 1317 interli-

387 1349 642 1404 ciendum
677 1368 868 1406 omnes
899 1362 1213 1422 peccatores
1239 1363 1416 1416 terraz,
1463 1362 1516 1408 ct
1555 1355 1620 1408 ad
1662 1355 1958 1409 tollendum

385 1458 416 1494 e
455 1443 678 1497 civitate
715 1445 805 1498 Dei
841 1445 858 1514 (
887 1462 1007 1514 quae
1057 1447 1254 1500 civitas
1289 1447 1471 1498 anima
1500 1447 1623 1511 est)
1654 1461 1843 1501 omnes
1877 1462 1961 1499 ra-

387 1532 778 1589 tiocinationes
809 1534 1159 1604 designantes
1209 1538 1576 1605 iniquitatem,
1612 1553 1844 1606 quarum
1879 1537 1968 1591 in-

2067 533 2283 603 πρωῖαν
2324 534 2538 597 ἑαυτοῖς
2583 535 2777 596 ποιεῖν,
2823 534 2911 587 διὰ
2947 531 3043 586 τοῦ
3089 534 3406 586 ἀποκτεῖναι
3444 534 3670 594 πάντας

2065 619 2192 683 τοὺς
2235 620 2591 691 ἁμαρτωλοὺς
2622 621 2723 689 τῆς
2752 621 2874 692 γῆς,
2902 620 2994 674 τοῦ
3035 621 3412 691 ἐξολοθρεῦσαι
3447 622 3513 672 ἐκ
3553 619 3668 671 πό-

2066 712 2201 775 λεως
2231 712 2432 784 Κυρίου
2465 711 2639 785 (ψυχὴ
2680 714 2736 766 δὲ
2775 715 2806 784 ἡ
2842 713 3033 783 πόλις)
3071 714 3281 776 πάντας
3309 713 3436 774 τοὺς
3468 713 3668 779 λογισ-

2072 806 2209 875 μοὺς
2255 807 2382 868 τοὺς
2426 805 2826 875 ἐργαζομένους
2856 807 2955 876 τὴν
2996 807 3258 876 ἀνομίαν,
3306 799 3382 858 ὧν
3433 804 3668 872 ὃλεθρος

2069 896 2182 967 ζωὴ
2212 897 2420 964 γίνεται
2449 896 2556 949 τῶν
2580 897 2904 967 ἀμεινόνων.
2931 896 3117 961 οὕτως
3137 895 3228 951 οῦν
3254 899 3341 950 διὰ
3368 897 3463 949 τοῦ
3492 895 3666 948 θανά-

2063 1005 2159 1041 του
2203 987 2408 1058 ζῶμεν,
2437 988 2563 1041 ὅταν
2592 988 2699 1040 τῶν
2724 989 2781 1042 ἐν
2803 990 2955 1059 ἡμῖν.
2985 987 3165 1052 καθώς
3191 1006 3352 1058 φησιν
3375 991 3402 1040 ὀ
3428 988 3664 1057 Προφή-

2073 1097 2193 1151 της,
2224 1080 2314 1133 τὸν
2347 1081 2446 1152 μὲν
2468 1080 2783 1152 ἀποκτείνῃ,
2824 1080 2917 1134 τὸν
2939 1080 2994 1133 δὲ
3025 1080 3338 1151 ζωοποιήσει
3370 1083 3398 1132 6
3422 1080 3594 1147 Λόγος
3626 1080 3665 1131 ό

2063 1175 2260 1228 εἰπών’
2306 1175 2447 1245 Ἐγὼ
2483 1176 2811 1240 ἀποκτενῶ,
2848 1177 2946 1230 καὶ
2985 1174 3344 1240 ζωοποιήσω.
3390 1177 3482 1237 Ὠς
3504 1174 3601 1226 καὶ
3625 1174 3664 1226 ὁ

2065 1263 2276 1326 Παῦλος
2313 1264 2600 1319 ἀποθανὼν
2634 1265 2751 1335 ἔζη,
2787 1267 2881 1318 καὶ
2909 1264 3148 1318 ἀσθενῶν
3170 1265 3403 1332 ἐνίσχυε,
3438 1263 3538 1315 καὶ
3574 1262 3665 1313 δε-

2065 1356 2119 1408 δε
2131 1356 2288 1423 μένος
2308 1357 2526 1427 ἐνήργει
2553 1358 2642 1410 τὸν
2663 1357 2882 1428 δρόμον,
2909 1358 3002 1413 καὶ
3035 1356 3326 1427 πτωχεύων
3347 1353 3658 1418 ὲπλούτιζε,

2067 1447 2159 1499 καὶ
2187 1449 2360 1500 πάντα
2383 1451 2631 1518 κατεῖχεν
2655 1448 2792 1518 ἔχων
2812 1449 2983 1514 οὐδὲν,
3011 1449 3239 1502 πάντοτε
3262 1450 3359 1519 τὴν
3386 1449 3665 1518 νέκρωσιν

2077 1541 2171 1593 τοῦ
2211 1541 2384 1610 Ἰησοῦ
2416 1543 2473 1593 ἐν
2493 1541 2571 1612 τῷ
2604 1541 2814 1612 σώματι
2840 1541 3171 1613 περιφέρων.

387 1627 584 1680 ιμιείιιιε
635 1627 920 1680 meliorum
971 1628 1078 1679 vita
1123 1635 1226 1680 est.
1287 1629 1472 1696 Itaque
1515 1629 1616 1681 hoc
1675 1628 1836 1681 modo
1870 1643 1964 1697 per
2004 1639 2234 1686 mortem
2269 1632 2526 1696 vivimus,
2555 1649 2679 1688 cum
2708 1649 2771 1688 ea
2799 1649 2919 1703 qua:
2963 1642 3092 1688 sunt
3149 1633 3202 1686 in
3235 1631 3395 1686 nobis
3437 1622 3664 1694 (quem—

388 1717 682 1771 admodum
713 1715 980 1785 Propheta
1010 1716 1290 1789 loquitur)
1336 1718 1528 1785 partim
1563 1717 1765 1770 occidit
1822 1714 2097 1785 Verbum,
2133 1720 2334 1788 partim
2405 1721 2659 1784 vivificat,
2711 1721 2853 1776 sicut
2900 1721 3018 1790 ipse
3090 1720 3305 1789 inquit:

3388 1719 3500 1789 Ego
3577 1720 3664 1773 ἕη-

394 1809 651 1876 ter/icium
685 1818 732 1862 et
768 1809 1041 1877 viviﬁcabo
1069 1810 1135 1861 ⁸³.
1198 1809 1318 1874 Quo
1359 1819 1514 1879 pacto
1549 1809 1748 1864 Paulus
1803 1811 1967 1864 etiam
2009 1822 2259 1868 mortuus
2295 1814 2528 1880 vivebat,
2568 1815 2877 1870 imbecillus
2906 1815 3052 1869 vires
3118 1813 3370 1876 habebat,
3433 1814 3662 1865 vinctus

391 1916 615 1954 cursum
652 1901 983 1970 perficiebat,
1017 1911 1336 1970 paupertate
1375 1918 1599 1971 pressus
1629 1903 1782 1956 dives
1811 1912 1948 1969 erat,
1987 1903 2124 1958 nihil
2154 1922 2279 1958 cum
2309 1907 2552 1974 haberet,
2585 1908 2821 1962 habebat
2880 1907 3082 1970 omnia,
3147 1921 3359 1974 semper
3421 1904 3666 1958 mortifi-

389 1993 661 2047 cationem
702 1992 830 2047 Jesu
871 1996 925 2047 in
970 2009 1202 2062 corpore
1255 2011 1356 2047 suo
1385 1996 1869 2065 circumgestabat,
1902 2005 1957 2050 et
1993 2010 2210 2067 semper
2236 1999 2402 2052 vitam
2427 1999 2549 2068 ejus
2576 2000 2629 2052 in
2662 2015 2720 2053 se
2747 1999 3085 2054 declarabat.

465 2086 758 2140 Enimvero
812 2087 878 2140 ad
927 2087 1020 2151 id,
1071 2088 1216 2157 quod
1249 2091 1590 2159 propositum
1641 2091 1799 2144 nobis
1856 2098 1972 2154 est,
2008 2098 2049 2151 Β

395 2191 738 2232 revertantur
765 2198 777 2232 :
813 2180 1072 2234 nimirum
1105 2182 1340 2234 animam
1373 2197 1467 2249 per
1492 2191 1720 2235 mortem
1746 2197 1776 2236 e
1802 2189 1976 2236 morte

393 2286 700 2340 resurgere.
741 2269 874 2324 Nam
917 2271 962 2326 si
1004 2287 1113 2326 non
1175 2273 1461 2337 moriatur,
1511 2288 1726 2342 semper
1783 2283 1964 2328 manet

394 2370 634 2426 mortua,
676 2377 851 2431 neque
886 2363 1012 2416 vitae
1043 2377 1215 2432 capax
1250 2371 1355 2418 est.
1387 2365 1454 2416 At
1492 2364 1777 2418 moriendo
1807 2364 1974 2417 vitam

395 2453 780 2522 consequitur,
845 2454 996 2506 omni
1075 2455 1412 2510 mortalitate
1476 2455 1745 2524 deposita.
1798 2456 1977 2524 Atque

396 2543 512 2598 haec
543 2543 703 2599 nobis
730 2544 980 2598 doctrina
1017 2559 1084 2598 ex
1129 2544 1277 2598 dicto
1333 2546 1420 2599 hic
1456 2547 1740 2615 proposito
1775 2547 1976 2600 contir-

396 2645 605 2700 niatur,
633 2652 758 2690 cum
789 2639 870 2692 sic
901 2638 1159 2708 loquatur
1185 2653 1386 2708 sponsa
1413 2653 1427 2691 :
1463 2638 1684 2693 Surrexi
1713 2638 1975 2708 equidem,

393 2737 452 2782 ut
483 2731 740 2798 aperirem
794 2740 1014 2800 cognato
1061 2747 1193 2787 meo.
1255 2729 1455 2784 Manus
1512 2747 1640 2784 mea:
1699 2731 1973 2785 stillarum

393 2822 690 2890 myrrham,
753 2813 909 2890 digiti
962 2825 1064 2876 mei
1098 2823 1325 2893 myrrha:
1363 2824 1526 2892 pleni.
1563 2821 1630 2876 Et
1697 2824 1974 2894 myrrham

395 2915 592 2968 mortis
625 2929 746 2968 esse
778 2915 1104 2985 symbolum,
1136 2930 1295 2969 nemo
1321 2898 1583 2969 dubitarit
1611 2931 1825 2978 eorum,
1869 2915 1965 2985 qui

395 3008 571 3061 sacris
607 3005 660 3060 in
700 3005 926 3061 Litteris
977 3007 1176 3060 versati
1204 3015 1352 3061 sunt.
1393 3007 1498 3072 Qui
1553 3022 1682 3076 ergo
1714 3023 1863 3061 mors
1905 3022 1972 3062 ex

393 3109 570 3154 morte
594 3115 694 3153 nos
717 3099 968 3162 suscitat,
1000 3099 1067 3154 de
1104 3115 1169 3153 eo
1198 3100 1477 3168 requirere
1519 3100 1786 3168 quosdam
1851 3114 1978 3153 ora-

399 3192 604 3247 tionem
635 3192 1051 3246 luculcntiorem
1098 3192 1355 3244 arbitror.
1411 3191 1596 3256 Itaque
1626 3206 1727 3246 nos
1791 3190 1844 3244 id
1881 3208 1977 3245 ex-

402 3299 694 3354 ponemus,
732 3291 892 3351 prout
923 3297 952 3334 a
990 3281 1148 3334 nobis
1184 3282 1430 3350 prastari
1487 3283 1702 3347 poterit,
1760 3282 1978 3336 ordine-

393 3394 500 3442 que
532 3377 584 3428 in
626 3375 730 3428 hac
764 3373 1093 3428 tractatione
1128 3373 1560 3442 progrediemur.
1625 3375 1820 3427 Omnia
1857 3391 1976 3444 quae

396 3473 540 3525 Deus
566 3465 898 3527 condiderit,
935 3465 1092 3520 valde
1140 3465 1400 3534 prmclara
1445 3481 1568 3518 esse
1589 3464 1666 3525 ⁸⁸,
1689 3465 1978 3520 Commen-

398 3561 571 3612 tarius
598 3558 664 3611 de
701 3564 825 3610 ortu
861 3555 1049 3610 mundi
1092 3564 1348 3610 testatur.
1416 3555 1491 3608 Ex
1530 3556 1742 3625 reliquo
1792 3569 1974 3612 autem

396 3666 579 3704 terum
637 3649 794 3703 valde
857 3649 1242 3716 praaclararum
1301 3662 1534 3700 numero
1585 3647 1750 3700 etiam
1816 3649 1978 3702 homo

395 3747 536 3802 erat,
567 3739 649 3792 vel
681 3739 863 3808 potius
888 3737 935 3790 is
963 3736 1122 3805 longe
1151 3751 1317 3804 supra
1340 3743 1536 3790 caetera
1566 3736 1980 3805 pulchritudine

395 3838 624 3886 ornatus
653 3836 788 3884 erat.
827 3827 966 3893 Quid
1002 3827 1147 3880 enim
1187 3826 1334 3880 aliud
1369 3842 1492 3882 esse
1525 3836 1633 3880 tatu
1667 3829 1953 3897 pulchrum

399 3923 595 3995 possit,
631 3938 792 3992 quam
835 3921 1096 3975 estnulla
1138 3919 1354 3973 foedatae
1388 3919 1510 3975 labe
1557 3921 1981 3990 pulchritudinis

399 4011 744 4068 similitudo?
775 4009 894 4064 Jam
951 4011 995 4065 si
1043 4009 1226 4063 omnia
1283 4009 1434 4064 fuere
1488 4013 1747 4080 prmclara
1784 4013 1978 4078 valde,

399 4117 563 4176 atque
597 4106 739 4159 inter
770 4111 969 4156 cmtera
1002 4102 1207 4164 omnia,
1241 4101 1323 4154 vel
1353 4102 1536 4171 potius
1575 4119 1738 4170 supra
1797 4103 1979 4156 omnia

400 4200 606 4253 homo:
640 4198 784 4250 haud
823 4195 987 4250 dubie
1019 4209 1169 4248 mors
1198 4195 1255 4248 in
1293 4194 1516 4248 homine
1553 4211 1661 4248 non
1691 4204 1827 4249 erat.
1871 4194 1980 4250 Nec

397 4294 545 4348 enim
586 4291 908 4362 praaclarum
945 4287 1203 4356 quiddam
1237 4286 1434 4340 fuisset
1468 4288 1649 4349 homo,
1685 4287 1729 4340 si
1767 4287 1979 4340 tristem

399 4382 552 4436 illum
606 4381 802 4433 mortis
877 4378 1256 4432 characterem
1317 4377 1617 4431 habuisset.
1687 4375 1980 4431 Enimvero

401 4489 526 4527 cum
559 4483 777 4526 aeternae
811 4471 932 4522 vita:
975 4469 1332 4522 simulacrum
1380 4475 1434 4521 et
1463 4466 1764 4520 similitudo
1811 4476 1979 4532 esset,

403 4580 590 4620 revera
622 4565 846 4633 pulcher
876 4568 1014 4626 erat,
1048 4576 1111 4614 ac
1143 4560 1300 4613 valde
1348 4559 1568 4628 quidem
1613 4560 1861 4629 pulcher,
1898 4561 1982 4614 hi-

403 4657 501 4710 lari
538 4656 660 4710 vitae
700 4654 1018 4708 charactere
1051 4654 1461 4707 cohonestatus.
1497 4652 1638 4718 Quin
1670 4664 1723 4707 et
1759 4655 1981 4722 paradi-

2161 2092 2297 2146 Ἀλλ’
2329 2093 2421 2146 ἐπὶ
2452 2094 2510 2146 τὸ
2534 2093 2790 2164 προτεθὲν
2819 2089 3202 2158 ἐπανέλθωμεν
3221 2105 3234 2117 ·
3270 2089 3348 2140 ὅτι
3375 2085 3464 2138 διὰ
3490 2083 3667 2138 θανά-

2076 2201 2168 2237 του
2213 2187 2246 2254 ή
2287 2184 2433 2256 ψυχὴ
2481 2187 2546 2238 ἐκ
2599 2183 2692 2237 τοῦ
2724 2183 2951 2237 θανάτου
2985 2181 3282 2234 ἀνίσταται.
3333 2178 3418 2240 Ὠς
3448 2174 3517 2229 ἀν
3550 2175 3668 2244 γὰρ

2079 2279 2154 2347 μὴ
2191 2276 2438 2349 ἀποθάνῃ
2460 2317 2475 2341 ,
2511 2276 2681 2349 νεκρά
2709 2276 2798 2329 διὰ
2829 2274 3028 2336 παντὸς
3057 2273 3224 2342 μένει,
3257 2271 3351 2324 καὶ
3379 2269 3474 2339 τῆς
3508 2267 3667 2338 ζωῆς

2076 2368 2470 2439 ἀπαράδεκτος.
2511 2368 2605 2420 Ἐκ
2630 2367 2685 2420 δὲ
2709 2366 2802 2419 τοῦ
2832 2365 3144 2426 ἀποθανεῖν,
3179 2364 3235 2415 ἐν
3273 2360 3385 2430 ζωῇ
3411 2359 3666 2427 γίνεται,

2076 2463 2256 2514 πᾶσαν
2285 2461 2592 2532 ἀποθεμένη
2627 2459 2947 2529 νεκρότητα.
2976 2456 3086 2509 Καὶ
3118 2455 3277 2508 τοῦτο
3307 2455 3435 2524 ἡμῖν
3465 2453 3535 2504 ἐκ
3561 2468 3662 2504 του

2076 2551 2436 2623 προκειμένου
2481 2549 2642 2621 ῥητοῦ
2681 2547 2989 2619 βεϐαιοῦται
3034 2547 3095 2598 τὸ
3124 2545 3331 2615 δόγμα,
3374 2541 3553 2604 οὕτως
3585 2543 3672 2593 εἱ-

2076 2644 2284 2713 πούσης
2310 2643 2411 2713 τῆς
2442 2643 2657 2714 νύμφης
2681 2659 2694 2674 ·
2725 2643 2805 2695 ὅτι
2854 2640 3136 2707 Ἀνέστην
3173 2635 3286 2706 ἐγὼ
3321 2635 3559 2698 ἀνοῖξαι
3581 2629 3672 2698 to")

2075 2734 2376 2804 ἀδελφιδῷ
2398 2753 2536 2804 μου.
2575 2737 2644 2788 Αἱ
2678 2731 2872 2803 χεῖρές
2892 2749 3012 2799 μου
3051 2729 3318 2792 ἐσταξαν
3352 2727 3666 2796 σμύρναν,

2077 2831 2129 2880 οἱ
2187 2827 2476 2880 δάκτυλοί
2516 2843 2635 2895 μου
2688 2825 2960 2892 σμύρνης
3000 2820 3270 2888 πλήρεις.
3309 2819 3556 2872 Θανάτου
3607 2816 3671 2872 δὲ

2079 2920 2343 2990 σύμϐολον
2377 2915 2516 2972 εἷναι
2547 2917 2646 2987 τὴν
2687 2915 2932 2987 σμύρναν
2965 2915 3066 2968 οὑκ
3111 2915 3176 2967 ἄν
3207 2929 3291 2976 τις
3327 2907 3675 2980 ἀμφιϐάλλοι

2081 3011 2189 3064 τῶν
2218 3013 2338 3073 ταῖς
2367 3007 2538 3071 θείαις
2566 3006 2919 3078 ὡμιληκότων
2944 3005 3208 3076 Γραφαῖς.
3236 3001 3357 3064 Πῶς
3382 2995 3476 3053 οὖν
3509 3001 3541 3052 ὁ
3570 2998 3673 3052 Oti.

2076 3120 2233 3166 νατος
2265 3102 2330 3154 ἐκ
2357 3101 2450 3153 τοῦ
2492 3099 2719 3152 θανάτου
2753 3098 2901 3168 ἡμᾶς
2928 3095 3226 3165 ἀνίστησιν,
3266 3092 3548 3160 ἐπιζητεῖν
3588 3086 3670 3145 οἷο

2080 3195 2177 3265 μαί
2205 3211 2357 3255 τινας
2387 3193 2478 3245 τὸν
2508 3192 2636 3260 περὶ
2666 3190 2858 3243 τούτου
2894 3188 3051 3256 λόγον
3081 3184 3467 3258 εὐκρινηθῆναι
3497 3182 3674 3251 σαφέ-

2079 3302 2288 3356 στερον.
2343 3284 2609 3354 Ἐροῦμεν
2639 3281 2817 3334 τοίνυν
2861 3280 3010 3342 ὅπως
3044 3278 3110 3331 ἂν
3152 3275 3261 3330 οἷόν
3305 3293 3364 3328 τε
3396 3271 3465 3349 ᾗ,
3510 3273 3673 3340 τάξιν

2076 3375 2197 3428 τινὰ
2245 3374 2310 3427 δι’
2358 3371 2676 3434 ἀκολουθίας
2721 3368 3000 3431 ἐπιθέντες
3023 3366 3103 3438 τῷ
3142 3367 3305 3436 λόγῳ.
3345 3366 3532 3419 Πάντα
3563 3366 3673 3418 ὅσα

2079 3467 2333 3534 ἐποίησεν
2367 3467 2395 3517 6
2427 3463 2558 3526 Θεὸς
2587 3461 2729 3517 καλὰ
2758 3461 2879 3514 λίαν
2912 3457 3052 3512 εἶναι
3081 3459 3111 3510 ὁ
3140 3457 3238 3526 τῆς
3274 3455 3676 3526 κοσμογενείας

2068 3557 2234 3624 ,λόγος
2268 3555 2621 3625 μαρτύρεται.
2681 3552 2779 3605 Ἐκ
2805 3551 2863 3604 δέ
2908 3550 3016 3603 τῶν
3047 3549 3166 3602 λίαν
3195 3547 3374 3601 καλῶν
3418 3543 3485 3618 ἦν
3514 3549 3614 3600 καὶ
3641 3547 3678 3599 ὁ

2078 3645 2383 3714 ἄνθρωπος’
2421 3642 2619 3714 μᾶλλον
2646 3642 2704 3695 δὲ
2732 3641 2916 3694 πλεῖον
2958 3639 3064 3693 τῶν
3102 3637 3281 3693 καλῶν
3312 3637 3678 3707 κεκοσμημέ-

2078 3756 2167 3801 νος
2191 3737 2269 3806 τῷ
2288 3736 2494 3790 κάλλει.
2523 3736 2588 3788 Τί
2614 3735 2721 3806 γὰρ
2749 3734 2813 3788 ἂν
2836 3734 3022 3803 ἕτερον
3048 3731 3221 3793 οὕτως
3253 3731 3338 3800 εἴη
3370 3730 3560 3795 καλὸν,
3595 3729 3678 3794 ὡς

2079 3831 2140 3883 τὸ
2160 3828 2252 3882 τοῦ
2285 3828 2561 3900 ἀκηράτου
2591 3826 2818 3889 κάλλους
2839 3825 3125 3897 ὁμοίωμας
3155 3826 3216 3876 Εἰ
3238 3823 3295 3876 δὲ
3319 3823 3496 3876 πάντα
3526 3822 3679 3876 καλὰ

2079 3921 2219 3983 λίαν,
2253 3920 2311 3972 ἐν
2350 3919 2407 3971 δὲ
2441 3921 2554 3982 τοῖς
2583 3920 2737 3983 πᾶσι,
2772 3917 2806 3988 ἢ
2846 3917 2941 3970 καὶ
2969 3917 3074 3987 πρὸ
3105 3915 3360 3968 ἁπάντων
3388 3915 3418 3966 ὁ
3453 3913 3678 3985 ἀνθρω-

2081 4029 2180 4074 πος
2217 4007 2307 4080 ἦν,
2350 4011 2452 4063 οῦκ
2481 4005 2550 4081 ἦν
2578 4009 2795 4072 πάντως
2826 4011 2884 4061 ἐν
2912 4007 2992 4077 τῷ
3022 4006 3294 4076 ἀνθρώπῳ
3341 4009 3368 4059 ὁ
3413 4005 3673 4067 θάνατος.

2080 4103 2154 4155 Οὐ
2200 4102 2309 4172 γὰρ
2353 4101 2419 4156 ἂν
2453 4100 2616 4156 καλόν
2641 4119 2691 4154 τι
2729 4103 2757 4153 6
2795 4100 3078 4172 ἄνθρωπος
3110 4095 3198 4170 ἦν’
3231 4097 3390 4168 εἴπερ
3429 4093 3578 4168 εἶχεν
3613 4098 3679 4152 ἐν

2081 4192 2257 4263 ἐαυτῷ
2277 4193 2375 4263 τῆς
2399 4190 2492 4244 τοῦ
2520 4191 2749 4244 θανάτου
2778 4189 3084 4260 κατηφείας
3104 4188 3196 4241 τὸν
3223 4187 3549 4257 σκυθρωπὸν
3574 4204 3678 4256 χα-

2085 4285 2355 4356 ρακτῆρα.
2392 4282 2554 4336 Ἀλλὰ
2577 4284 2677 4353 τῆς
2709 4282 2882 4335 ἀϊδίου
2909 4279 3054 4351 ζωῆς
3079 4279 3446 4349 ἀπεικόνισμα
3473 4278 3551 4330 ὣν
3575 4279 3674 4333 καὶ

2080 4377 2350 4447 ὁμοίωμα,
2403 4375 2566 4438 καλὸς
2611 4371 2680 4445 ἦν
2721 4374 2796 4436 ὡς
2836 4372 3052 4442 ἀληθῶς
3083 4373 3176 4424 καὶ
3205 4371 3324 4424 λίαν
3361 4371 3564 4434 καλὸς,
3595 4369 3676 4441 τῷ

2083 4465 2294 4537 φαιδρῷ
2337 4466 2436 4536 τῆς
2481 4464 2627 4535 ζωῆς
2665 4464 2974 4536 χαρακτῆρι
3016 4462 3513 4533 καλλωπιζόμενος.
3563 4457 3679 4514 Ἷιν

2080 4557 2137 4611 δέ
2169 4558 2262 4610 καὶ
2301 4557 2449 4628 αὐτῷ
2477 4556 2571 4609 καὶ
2605 4557 2632 4608 6
2663 4555 2804 4619 θεῖος
2839 4553 3187 4624 παράδεισος,
3223 4552 3309 4605 διὰ
3338 4553 3436 4622 τῆς
3466 4554 3676 4623 εὐκαρ-

2083 4652 2212 4715 πίας
2237 4651 2345 4703 τῶν
2370 4649 2601 4722 δένδρων
2626 4648 2804 4719 βρύων
2827 4647 2992 4718 ζωὴν,
3021 4645 3117 4700 καὶ
3143 4647 3174 4718 ἡ
3199 4645 3291 4698 τοῦ
3322 4645 3460 4698 Θεοῦ
3484 4645 3677 4717 ἐντολὴ

402 4765 500 4805 sus
537 4749 625 4802 ille
656 4747 875 4800 divinus
905 4745 952 4798 ei
988 4760 1082 4813 per
1121 4745 1378 4799 arborum
1441 4743 1776 4798 feracitatem
1815 4747 1974 4800 vitam

2085 4744 2230 4812 ζωῆς
2278 4738 2346 4812 ἦν
2389 4741 2582 4812 νόμος,
2623 4741 2685 4793 τὸ
2735 4740 2810 4810 μὴ
2853 4737 3144 4792 ἀποθανεῖν
3195 4737 3676 4808 παραγγέλλουσα.

402 4838 736 4911 proferebat,
776 4845 831 4891 et
867 4836 1180 4889 mandatum
1214 4835 1305 4890 Dei
1361 4836 1484 4888 vita:
1533 4836 1618 4890 lex
1675 4844 1814 4902 erat,
1862 4852 1983 4906 qua:

402 4949 512 4986 non
541 4930 864 4983 moriturum
905 4927 1175 4980 hominem
1213 4927 1591 4995 pollicebatur.
1624 4926 1760 4982 Cum
1797 4939 1977 4982 autem

400 5021 629 5076 essetin
684 5020 864 5073 medio
897 5017 1135 5086 paradisi
1187 5018 1389 5087 lignum
1463 5018 1619 5082 illud,
1657 5019 1801 5088 quod
1859 5021 1980 5074 vita:

403 5115 550 5166 ferax
587 5117 706 5165 erat
732 5129 745 5163 :
791 5109 1056 5178 quidquid
1086 5108 1304 5164 tandem
1335 5111 1402 5164 de
1428 5126 1493 5165 eo
1523 5111 1874 5165 statuendum
1906 5115 1978 5166 sit

403 5207 571 5271 ligno,
606 5202 766 5272 cujus
813 5202 1027 5255 fructus
1083 5202 1299 5256 exsistit
1349 5203 1476 5255 vita.
1545 5203 1733 5258 Itidem
1768 5203 1975 5272 lignum

402 5297 700 5357 letiferum,
733 5310 893 5363 cuius
930 5303 1145 5349 tructus
1204 5296 1368 5349 simul
1405 5304 1460 5350 et
1495 5298 1672 5349 bonus
1705 5305 1760 5350 et
1801 5295 1980 5349 malus

404 5389 573 5441 fuisse
618 5388 1022 5457 pronuntiatur,
1061 5386 1238 5441 medio
1297 5387 1351 5440 in
1401 5387 1657 5456 paradiso
1719 5394 1858 5442 erat.
1911 5387 1980 5441 At

403 5477 548 5530 enim
581 5478 696 5532 fieri
735 5480 944 5547 nequit.
982 5485 1040 5531 ut
1067 5477 1122 5531 in
1156 5479 1276 5531 loco
1310 5479 1546 5532 maxime
1600 5478 1781 5532 medio
1820 5478 1981 5548 lignis

403 5572 620 5630 duobus
649 5572 888 5640 spatium
917 5569 1103 5625 fuerit.
1143 5568 1279 5624 Nam
1316 5576 1498 5625 utrum
1525 5570 1744 5625 tandem
1776 5585 1976 5625 conce-

2093 4833 2282 4892 Ὄντος
2310 4829 2367 4883 δέ
2393 4828 2532 4882 κατὰ
2563 4828 2623 4881 τὸ
2649 4827 2812 4898 μέσον
2836 4829 2934 4896 τῆς
2961 4825 3055 4880 τοῦ
3079 4827 3411 4898 παραδείσου
3449 4827 3678 4894 φυτείας

2087 4921 2180 4976 τοῦ
2198 4923 2292 4994 τὴν
2328 4921 2471 4993 ζωὴν
2501 4920 2756 4992 βρνῦοντος
2788 4918 2966 4984 ξύλου,
3008 4919 3106 4974 ὅτι
3130 4916 3260 4971 ποτὲ
3291 4917 3394 4987 χρὴ
3432 4918 3494 4969 τὸ
3519 4917 3678 4982 ξύλον

2087 5019 2224 5070 νοεῖν
2252 5017 2444 5079 έκεῖνο,
2476 5009 2536 5068 οῦ
2563 5013 2592 5066 ὁ
2621 5011 2833 5084 καρπὸς
2869 5011 3006 5081 ζωή·
3037 5010 3131 5063 καὶ
3161 5009 3255 5062 τοῦ
3291 5009 3677 5079 θανατηῷρου

2083 5110 2139 5162 δὲ
2175 5107 2350 5172 ξύλου,
2383 5101 2443 5161 οὗ
2475 5105 2638 5160 καλὸν
2670 5104 2787 5176 ἅμα
2834 5103 2927 5157 καλ⁵
2967 5103 3137 5156 κακὸν
3168 5098 3307 5154 εἶναι
3340 5101 3431 5152 τὸν
3463 5103 3679 5171 καρπὸν

2084 5201 2472 5270 ἀποφαίνεται,
2521 5200 2617 5252 καὶ
2665 5196 2829 5252 αὐτοῦ
2879 5196 3020 5251 κατά
3057 5195 3121 5250 τὸ
3171 5196 3332 5268 μέσον
3375 5194 3528 5257 ὄντος
3584 5196 3678 5248 τοῦ

2085 5292 2432 5362 παραδείσουο
2461 5291 2725 5344 ἀδυνάτου
2755 5290 2813 5343 δὲ
2837 5290 2988 5352 ὄντος
3017 5289 3078 5342 ἐν
3117 5287 3196 5359 τῷ
3221 5287 3536 5358 μεσαιτάτῳ
3564 5288 3680 5348 τοῖς

2084 5384 2260 5450 ξύλοις
2306 5383 2488 5454 χώραν
2522 5382 2794 5451 γενέσθαι·
2842 5381 3102 5451 ὁπότερον
3137 5380 3247 5450 γὰρ
3290 5378 3356 5430 ἂν
3383 5376 3568 5447 δῶμεν
3622 5378 3681 5440 ἐξ

2082 5476 2406 5546 ἀμφοτέρων
2437 5475 2654 5546 ἐπέχειν
2685 5474 2748 5526 τὸ
2795 5473 2979 5544 μέσον,
3020 5471 3164 5527 κατά
3211 5472 3389 5540 πᾶσαν
3426 5470 3678 5539 ἀνάγκην

2081 5569 2141 5623 τὸ
2171 5568 2357 5640 ἓτερον
2386 5569 2486 5640 τῆς
2517 5567 2612 5622 τοῦ
2657 5566 2826 5640 μέσου
2859 5567 3045 5640 χώρας
3073 5565 3291 5630 πάντως
3335 5563 3673 5634 ἐξείργεται.

481 5744 524 5774 ⁵⁸
561 5744 751 5798 Matth.
781 5760 928 5811 utr,
955 5748 1043 5802 49.
1100 5746 1143 5778 δ’
1179 5746 1320 5802 l’sal.
1353 5763 1402 5813 ιλ,
1433 5748 1484 5802 8.
1551 5748 1592 5781 ⁵³
1628 5749 1780 5803 Deut.
1813 5765 1974 5813 xxx”,

2085 5788 2095 5799 .
2153 5748 2196 5779 δι
2229 5745 2365 5802 Gen.
2401 5763 2438 5813 t,
2465 5747 2556 5802 51.
