3850 6224
151 315 298 374 1011

1190 321 1256 376 IN
1295 321 1600 378 CANTICA
1642 320 1917 380 CANTlC.
1955 324 2237 382 IIOMILIA
2278 325 2390 380 ΧΠ.

3313 312 3452 370 ιοεε

153 445 309 514 Πρὸς
339 445 450 515 γὰρ
485 443 548 496 16
587 442 862 514 περιέχον,
901 445 932 515 ἡ
981 444 1220 517 ἁκριὸὴς
1253 445 1348 498 τοῦ
1397 445 1562 514 μέσου
1602 445 1752 509 θέσις
1783 461 1824 510 Α

1905 463 2052 503 iuius
2103 448 2343 504 medium
2379 444 2712 506 obtinuisse,
2744 439 2982 496 alterum
3054 437 3370 494 necessario
3397 437 3463 490 dc

153 535 648 605 καταλαμϐάνεται
673 575 688 598 ,
722 537 850 588 ὅταν
901 535 1052 599 ἱστὰς
1087 535 1463 605 ἁπανταχόθεν
1497 539 1612 600 τοῖς
1640 537 1760 589 δια-

159 629 268 695 στή
280 645 446 696 μασιν
473 628 651 697 ἀπέχῃ
682 626 775 679 τοῦ
819 627 1074 696 πέρατος.
1123 628 1371 681 Ἐπειδὰν
1401 627 1580 680 τοίνυν
1610 627 1668 680 ἓν
1694 629 1760 682 δι’

156 718 458 791 ἀκριϐείας
543 720 638 772 τοῦ
677 719 874 772 κύκλου
898 721 960 772 τὸ
988 721 1172 790 μέσον,
1202 721 1301 772 οὑκ
1323 718 1387 772 ἂν
1413 719 1624 787 γένοιτο
1658 735 1764 790 μη-

158 810 308 880 χανὴ
341 810 436 862 τοῦ
477 810 644 862 αὑτοῦ
693 811 947 880 μένοντος
976 810 1176 864 κύκλου
1198 851 1214 873 ,
1247 809 1340 864 δύο
1384 809 1587 879 κέντρα
1621 809 1766 862 κατὰ

157 899 230 952 τὸ
262 900 428 970 μέσον
453 899 637 971 χώραν
665 901 869 972 εὑρεῖν.
895 903 957 954 Εἰ
986 901 1094 973 γὰρ
1123 901 1308 972 ἕτερον
1341 900 1613 972 παραθείη
1640 900 1766 952 κέν-

161 1009 300 1060 ’τρον
335 992 414 1062 τῷ
439 991 762 1061 προλαϐόντι
793 993 930 1063 πρὸς
957 993 1118 1046 τοῦτο
1141 1035 1153 1058 ,
1185 993 1303 1046 κατ’
1335 993 1582 1060 ἀνάγκην
1627 1009 1768 1062 συμ-

168 1082 570 1153 μετατεθέντος
607 1084 700 1136 τοῦ
736 1084 938 1136 κύκλου
987 1083 1091 1146 ἔξω
1139 1083 1234 1136 τοῦ
1275 1083 1443 1154 μέσου
1474 1083 1535 1135 τὸ
1574 1082 1767 1152 πρότε-

166 1194 280 1246 ρον-
326 1177 532 1244 γίνεται
585 1177 686 1244 τῆς
731 1175 823 1228 τοῦ
873 1176 1074 1230 κύκλου
1108 1176 1370 1247 περιοχῆς
1416 1175 1494 1246 τῷ
1535 1175 1772 1246 δευτέρῳ

167 1269 390 1340 κέντρῳ
411 1268 868 1340 περιγραφείσης.
913 1269 1074 1322 Ἀλλὰ
1107 1269 1213 1338 μὴν
1241 1271 1298 1322 ὲν
1323 1267 1402 1339 τῷ
1429 1268 1578 1338 μέσῳ
1607 1267 1772 1336 φησὶν

167 1357 318 1414 εἶναι
351 1360 446 1413 τοῦ
489 1361 821 1431 παραδείσου
869 1360 962 1414 καὶ
1000 1361 1160 1414 τοῦτο
1237 1361 1334 1413 καὶ
1381 1358 1560 1412 τοῦτο·
1597 1359 1774 1412 καίτοι

169 1452 439 1516 ἐναντίως
469 1452 604 1524 πρὸς
646 1452 849 1521 ἄλληλα
881 1452 1020 1506 κατὰ
1059 1452 1156 1523 τὴν
1196 1451 1426 1522 δύναμιν
1463 1439 1685 1520 ἔχοντα,
1712 1450 1774 1503 τό

169 1563 240 1598 τε
272 1543 537 1610 ζωοποιὺν
561 1545 704 1613 λέγω
729 1545 904 1610 ξύλον,
933 1545 1026 1598 καὶ
1051 1541 1111 1598 οὗ
1139 1546 1166 1597 ὁ
1193 1544 1419 1605 θάνατος
1445 1538 1513 1614 ἦν
1541 1541 1774 1612 καρπὸς,

171 1640 325 1710 ὅπερ
351 1640 625 1709 ἁμαρτίαν
659 1638 942 1708 ὠνόμασεν
969 1640 998 1692 6
1031 1638 1262 1704 Παῦλος,
1291 1637 1481 1690 εἰπών’
1507 1637 1589 1690 ὅτι
1621 1635 1777 1706 Καρ-

173 1732 300 1799 :16;-
339 1733 629 1801 ἁμαρτίας
652 1735 684 1785 ὁ
717 1730 994 1797 θάνατος.

255 2009 470 2078 Νοῆσαι
517 2007 628 2078 ἄρα
664 2011 933 2080 προσήκει
961 2007 1048 2060 διὰ
1091 2009 1188 2076 τῆς
1219 2006 1328 2060 τῶν
1355 2005 1656 2078 εἰρημένων
1691 2023 1782 2074 φι-

178 2099 446 2171 λοσοφίας
481 2099 638 2152 τοῦτο
666 2100 728 2152 τὸ
751 2099 926 2170 δόγμα
947 2141 962 2164 ,
1003 2101 1084 2152 ὅτι
1117 2099 1218 2169 τῆς
1253 2101 1350 2169 μὲν
1382 2098 1474 2152 τοῦ
1505 2097 1638 2151 Θεοῦ
1684 2115 1784 2166 φυ-

181 2195 342 2258 τείας
365 2195 426 2246 τὸ
463 2193 784 2264 μεσαίτατον
812 2194 960 2244 ἐστιν
993 2194 1026 2262 ἡ
1061 2190 1200 2262 ζωή·
1225 2195 1252 2245 6
1293 2191 1350 2244 δὲ
1376 2191 1605 2253 θάνατός
1636 2193 1784 2242 ἐστιν

183 2287 497 2354 ἀφύτευτος
525 2286 619 2338 καὶ
646 2282 904 2356 ἄρριζος,
943 2284 1079 2336 ἰδίαν
1105 2281 1343 2353 οὐδαμοῦ
1391 2283 1573 2352 χώραν
1615 2279 1784 2350 ἔχων.

185 2382 256 2448 τῇ
293 2378 352 2430 δὲ
381 2379 632 2450 στερήσει
675 2377 776 2446 τῆς
813 2375 959 2445 ζωῆς
997 2373 1384 2444 ὲμφυτεύεται,
1416 2375 1544 2426 ὅταν
1567 2372 1786 2444 ἁργήσῃ

187 2472 306 2532 τοῖς
340 2469 572 2538 ζὼσινὴ
617 2467 878 2539 μετουσία
909 2465 1004 2520 τοῦ
1054 2466 1384 2536 κρείττονος.
1437 2464 1654 2534 Ἐπειδὴ
1697 2459 1791 2517 οὖν

187 2561 254 2613 ἐν
289 2559 369 2630 τῷ
417 2559 568 2628 μέσῳ
603 2559 714 2612 τῶν
757 2559 916 2612 θείων
965 2557 1150 2626 φυτῶν
1182 2558 1330 2609 ἐστιν
1373 2557 1408 2626 ὴ
1456 2553 1603 2628 ζωὴ,
1637 2557 1704 2626 τῇ
1735 2554 1792 2607 δὲ

189 2648 516 2703 ἁποπτώσει
545 2648 718 2720 ταύτῃ
747 2647 1102 2717 ὲνυφίσταται
1137 2648 1172 2717 ἡ
1207 2646 1302 2699 τοῦ
1342 2645 1574 2699 θανάτου
1607 2643 1790 2714 φύσις·

193 2744 290 2798 διὰ
317 2741 478 2796 τοῦτο
501 2742 673 2796 καὶτὸ
696 2741 1068 2812 θανατηφόρον
1093 2740 1268 2806 ξύλον,
1297 2741 1326 2794 6
1347 2738 1408 2793 16
1434 2739 1611 2810 δόγμα
1636 2737 1796 2792 τοῦτο

195 2834 265 2887 δι’
307 2835 648 2904 αἰνιγμάτων
681 2834 1051 2904 φιλοσοφήσας
1094 2835 1152 2886 ὲν
1197 2831 1276 2903 τῷ
1318 2833 1468 2902 μέσῳ
1515 2827 1654 2885 εἶναι
1699 2829 1795 2884 τοῦ

198 2927 538 2997 παραδείσου
570 2926 740 2994 λέγει,
798 2919 860 2979 οὗ
902 2925 995 2978 τὸν
1041 2924 1252 2996 καρπὸν
1298 2920 1448 2976 εἶπεν
1491 2922 1798 2993 σύμμικτον

199 3020 350 3089 ἔχειν
371 3019 438 3071 ὲκ
465 3018 574 3070 τῶν
595 3017 854 3070 ἐναντίων
876 3017 974 3088 τὴν
1008 3015 1255 3086 δύναμιν.
1291 3015 1364 3068 Τὸ
1404 3015 1513 3086 γὰρ
1544 3015 1674 3068 αὐτὸ
1704 3031 1803 3068 κα-

201 3113 296 3164 λόν
338 3127 399 3164 τε
449 3105 590 3164 εἶναι
636 3112 728 3164 καὶ
775 3110 943 3164 κακὸν
981 3109 1274 3179 διωρίσατο
1297 3148 1311 3172 ,
1349 3108 1448 3176 τῆς
1487 3107 1799 3178 ἁμαρτίας,

201 3198 384 3271 οἶμαι,
409 3200 499 3252 διὰ
526 3198 718 3253 τούτου
746 3199 846 3270 τὴν
876 3199 1037 3267 φύσιν
1066 3199 1533 3268 ὑπαινιττόμενος.
1581 3197 1803 3268 Ἐπειδὴ
1829 3165 1872 3222 C

203 3295 429 3346 πάντων
465 3293 575 3345 τῶν
605 3293 696 3346 διὰ
723 3291 925 3354 κακίας
957 3291 1362 3362 ἐνεργουμένων
1401 3290 1561 3360 ἡδονή
1592 3307 1676 3352 τις
1709 3306 1807 3341 κα-

203 3389 462 3458 θηγεῖται
514 3387 768 3452 πάντως,
812 3387 908 3438 καὶ
953 3385 1054 3437 οὐκ
1103 3384 1248 3436 ἐστιν
1300 3384 1480 3454 εὑρεῖν
1534 3381 1808 3452 ἁμαρτίαν

205 3482 408 3552 ἡδονῆς
453 3479 862 3549 διεζευγμένην,
893 3477 995 3530 ὅσα
1036 3493 1094 3528 τε
1121 3475 1210 3528 διὰ
1251 3474 1448 3545 θυμοῦ,
1483 3475 1578 3527 καὶ
1609 3475 1707 3526 ὅσα
1742 3473 1807 3525 δι’

207 3574 514 3644 ἐπιθυμίας
557 3573 768 3640 γίνεται
809 3569 991 3639 πάθη·
1025 3567 1218 3622 τούτου
1260 3567 1420 3637 χάριν
1465 3568 1560 3618 καὶ
1591 3565 1754 3626 καλὸς
1783 3566 1812 3616 6

209 3667 429 3738 καρπὸς
458 3663 784 3736 ὀνομάζεται
813 3663 952 3716 κατὰ
981 3661 1078 3730 τὴν
1102 3659 1497 3730 ὴμαρτημένην
1521 3658 1615 3711 τοῦ
1645 3655 1810 3710 καλοῦ

212 3763 418 3830 κρίσιν,
445 3761 558 3821 τοῖς
598 3758 658 3810 τὸ
689 3755 852 3808 καλὸν
897 3757 954 3807 ἐν
993 3755 1152 3824 ἡδονῇ
1194 3749 1502 3820 τιθεμένοις
1527 3790 1542 3812 ,
1571 3749 1814 3810 τοιοῦτος

211 3851 410 3904 δοκῶν·
441 3848 676 3918 πονηρδς
711 3847 768 3898 δὲ
807 3846 944 3917 μετὰ
968 3844 1142 3898 ταῦτα
1173 3845 1238 3914 τῇ
1267 3844 1438 3914 πικρᾷ
1466 3843 1529 3912 τῇ
1558 3838 1814 3912 βρώσεως

213 3943 474 3996 ἀναδύσει
505 3941 843 4010 εὑρίσκεται,
893 3937 1035 3990 κατὰ
1077 3933 1176 4006 τὴν
1227 3931 1565 4005 προοιμιώδη
1609 3932 1813 4001 φωνὴν,

214 4037 252 4106 ἦ
285 4052 439 4106 φησι,
476 4033 598 4103 μέλι
627 4031 733 4084 τῶν
783 4029 1006 4101 χειλέων
1046 4029 1148 4096 τῆς
1173 4027 1372 4090 κακίας
1402 4025 1752 4089 ἀποστάζειν,
1781 4026 1816 4094 ἣ

217 4127 362 4198 πρδς
390 4124 582 4196 καιρὸν
616 4124 712 4193 μὲν
748 4121 986 4174 λιπαίνει
1020 4122 1112 4174 τὸν
1145 4121 1404 4190 φάρυγγα
1424 4158 1439 4182 ,
1477 4118 1614 4188 μετὰ
1645 4117 1818 4170 ταῦτα

217 4218 281 4273 δὲ
311 4219 634 4288 πικρότερον
681 4215 843 4286 χολῆς
885 4216 996 4274 τοῖς
1028 4213 1213 4274 κακῶς
1256 4211 1638 4280 γλυκανθεῖσιν
1669 4207 1816 4279 εὑρί-

221 4327 436 4364 σκεται.
479 4308 699 4378 Ἐπειδὴ
722 4307 898 4359 τοίνυν
925 4305 1166 4367 ἀποστὰς
1185 4305 1279 4374 τῆς
1299 4303 1406 4355 τῶν
1429 4299 1648 4369 ἀγαθῶν
1683 4315 1823 4368 παγ-

223 4403 468 4474 καρπίας
513 4405 540 4454 6
589 4401 905 4471 ἅνθρωπος,
955 4398 1048 4450 τοῦ
1089 4396 1416 4469 φθοροποιοῦ
1469 4393 1685 4466 καρποῦ
1733 4392 1824 4445 διὰ

1869 541 2060 595 eodem
2093 541 2212 594 loco
2243 538 2576 594 excluditur.
2609 535 2822 590 Etenim
2855 533 2921 587 de
2941 547 3026 591 ea,
3059 543 3182 599 quae
3212 541 3326 581 rem
3401 521 3468 573 Π·-

1871 647 2034 700 quam
2083 631 2354 692 ambiunt,
2400 634 2694 680 accuratus
2751 622 2914 677 medii
2950 621 3090 675 situs
3127 619 3217 671 ille
3251 612 3458 668 intelli—

1871 726 2040 794 gitur,
2067 737 2191 776 cum
2223 719 2526 789 aequalibus
2557 719 2625 770 ab
2651 715 2800 770 omni
2825 721 2978 783 parte
3017 707 3324 764 intervallis
3387 702 3460 756 ab

1874 823 2122 871 extremo
2148 814 2320 867 abest.
2351 811 2534 876 Quare
2564 809 2610 864 si
2651 823 2818 862 unum
2855 807 2908 858 in
2963 802 3174 857 circulo
3219 796 3460 852 medium

1875 918 2136 961 accurate
2195 913 2490 966 statuatur,
2555 901 2670 954 ﬁeri
2707 899 2858 953 nulla
2917 898 3132 950 ratione
3165 897 3364 961 potest,
3403 893 3462 938 ut

1875 1001 2066 1056 eodem
2101 1007 2360 1053 manente
2395 995 2628 1058 circulo,
2661 1001 2848 1048 centra
2888 989 2998 1043 duo
3036 988 3215 1040 locmn
3257 984 3312 1036 in
3349 994 3464 1032 me-

1877 1093 1968 1146 dio
2000 1092 2296 1162 reperiant.
2343 1087 2480 1142 Nam
2515 1088 2562 1141 si
2629 1091 2826 1153 praeter
2867 1081 2920 1135 id
2979 1085 3252 1138 centrum,
3316 1069 3462 1142 quod

1881 1181 2050 1236 semel
2089 1187 2355 1234 statutum
2385 1185 2494 1240 est,
2543 1173 2692 1228 aliud
2747 1177 3044 1230 statuatur,
3103 1178 3332 1220 necesse
3378 1167 3466 1213 est

1880 1287 2006 1327 cum
2053 1286 2118 1328 eo
2153 1270 2426 1325 circulum
2479 1267 2645 1322 etiam
2704 1263 2872 1318 alium
2927 1260 3119 1320 statui,
3171 1263 3338 1324 atque
3389 1254 3464 1304 ita

1881 1365 2036 1435 prius
2082 1363 2218 1416 illud
2277 1371 2528 1417 centrum
2579 1374 2611 1413 e
2653 1355 2833 1410 medio
2865 1351 3195 1413 excluditur,
3261 1344 3465 1397 ambitu

1882 1455 2076 1510 circuli
2110 1463 2360 1508 centrum
2400 1450 2533 1504 illud
2566 1449 2800 1502 alterum
2833 1440 3346 1498 cireumscribente.
3395 1437 3468 1487 At

1883 1547 2028 1602 enim
2061 1546 2238 1600 medio
2271 1545 2322 1597 in
2357 1541 2616 1612 paradiso
2643 1547 2753 1592 tam
2786 1538 2890 1590 hoc
2919 1549 3082 1604 quam
3128 1531 3262 1584 illud
3296 1528 3470 1582 fuisse

1885 1639 2109 1700 dicitur,
2141 1649 2456 1706 quanquam
2486 1640 2634 1687 esset
2659 1632 2714 1685 in
2748 1637 2987 1696 utroque
3017 1625 3098 1677 vis
3149 1622 3309 1691 plane
3340 1633 3474 1674 con-

1889 1732 2080 1792 traria,
2119 1729 2174 1782 in
2205 1727 2373 1797 ligno,
2423 1727 2670 1794 inquam,
2707 1722 2944 1780 vivilico,
2981 1730 3036 1772 et
3089 1716 3262 1768 altero
3311 1709 3474 1778 cujus

1805 1819 1848 1874 B
1878 1820 2096 1875 fructus
2125 1835 2274 1875 mors
2305 1825 2446 1882 erat,
2483 1815 2628 1885 quod
2663 1819 2951 1884 peccatum
2996 1805 3291 1877 appellavit
3331 1801 3476 1856 Pau-

1882 1911 1992 1976 lus,
2024 1927 2148 1965 cum
2182 1911 2260 1964 ait
2290 1928 2304 1964 :
2345 1905 2578 1960 Fructus
2613 1904 2815 1973 peccati
2842 1917 2982 1955 mors
3004 1900 3076 1956 ⁵⁸.

1954 2001 2072 2057 Hoc
2121 2003 2291 2072 igitur
2347 1995 2896 2054 animadvertendum
2949 1999 3040 2046 est
3092 2005 3156 2042 ex
3212 1987 3316 2040 hac
3363 1991 3480 2038 tota

1885 2095 2378 2158 commentatione,
2408 2092 2574 2145 vitam
2629 2089 2684 2142 in
2719 2084 3062 2157 plantatione
3093 2080 3189 2134 Dei
3242 2077 3363 2132 loco
3407 2074 3482 2129 si-

1887 2200 1996 2244 tam
2033 2188 2204 2242 fuis~e
2243 2186 2480 2239 maxime
2542 2181 2765 2236 medio:
2806 2186 3040 2231 mortem
3078 2185 3207 2227 vero
3256 2168 3484 2223 minime

1887 2284 2189 2352 plantatam
2223 2278 2416 2342 fuisse,
2451 2289 2630 2345 neque
2670 2270 2890 2326 radices
2935 2268 3138 2338 egisse,
3172 2275 3355 2331 neque
3406 2259 3486 2312 lo-

1890 2388 2018 2428 cum
2056 2385 2289 2442 usquam
2323 2366 2655 2438 peculiarem
2698 2360 2983 2418 habuisse.
3017 2355 3112 2410 sed
3159 2367 3258 2422 per
3303 2349 3488 2418 priva-

1893 2469 2099 2521 tionem
2159 2463 2284 2517 vita:
2337 2457 2579 2521 conseri,
2637 2469 2763 2508 cum
2800 2452 2913 2506 vita
2942 2446 3158 2520 praediti
3191 2443 3488 2514 participes

1893 2573 2018 2613 esse
2047 2555 2176 2610 boni
2202 2552 2483 2608 desinunt.
2508 2546 2880 2614 Quamobrem
2905 2555 3030 2596 cum
3062 2537 3244 2592 medio
3273 2534 3490 2590 divinas

1895 2650 2041 2704 inter
2073 2647 2290 2716 plantas
2325 2644 2447 2696 loco
2480 2641 2596 2694 vita
2633 2637 2727 2699 sit,
2769 2635 2838 2689 de
2869 2632 3030 2702 cujus
3075 2629 3236 2683 ruina
3294 2622 3491 2679 mortis

1897 2747 2100 2794 natura
2123 2735 2379 2794 exsistit:
2419 2731 2630 2787 idcirco
2665 2728 2713 2783 is
2744 2725 2839 2796 qui
2873 2723 3180 2779 doctrinam
3225 2718 3366 2771 hanc
3398 2729 3493 2784 per

1897 2831 2146 2902 quaedam
2199 2827 2349 2882 velut
2404 2825 2694 2892 aenigmata
2754 2815 3006 2879 tradidit,
3061 2815 3226 2867 etiam
3286 2809 3492 2878 lignum

1899 2901 2034 2978 illud
2075 2918 2348 2974 letiferum
2396 2931 2521 2971 esse
2555 2916 2610 2969 in
2645 2912 2830 2968 medio
2895 2905 3136 2979 paradisi
3175 2903 3276 2963 ait,
3333 2901 3496 2969 cujus

1901 3015 2143 3071 fructum
2173 3010 2372 3065 habere
2401 3009 2511 3063 vim
2537 3004 2834 3078 quamdam
2854 3017 2922 3057 ex
2945 2997 3245 3055 contrariis
3277 2997 3497 3048 mistam

1904 3111 2320 3161 commemorat.
2345 3098 2480 3154 Nam
2519 3099 2662 3153 idem
2699 3104 2756 3152 et
2782 3097 2982 3150 bonum
3038 3099 3092 3145 et
3129 3089 3330 3143 malum
3375 3101 3500 3141 esse

1908 3194 2130 3256 deﬁnit,
2187 3189 2398 3260 peccati
2450 3189 2560 3260 (ut
2628 3181 2884 3256 equidem
2950 3177 3185 3249 opinor)
3243 3183 3498 3229 naturam

1910 3291 2143 3344 obscure
2175 3282 2334 3336 nobis
2372 3279 2714 3336 describens.
2736 3273 2875 3329 Nam
2907 3273 3036 3343 quia
3063 3269 3316 3337 voluptas
3347 3279 3498 3334 quae-

1909 3382 2034 3436 dam
2069 3381 2125 3434 in
2158 3376 2438 3439 omnibus,
2485 3387 2608 3442 qua:
2665 3365 2916 3437 improbe
2945 3367 3232 3434 geruntur,
3269 3355 3500 3410 omnino

1911 3473 2196 3545 praecedit,
2232 3483 2412 3538 neque
2445 3463 2674 3535 reperiri
2725 3465 3012 3529 peccatum
3052 3453 3223 3505 ullum
3261 3454 3502 3517 potesta

1912 3570 2196 3635 voluptate
2252 3562 2590 3628 sejunctum,
2656 3555 2770 3609 sive
2801 3549 2930 3620 quid
2983 3562 3080 3616 per
3141 3539 3503 3597 iracundiam,

1915 3665 2029 3715 sive
2050 3631 2155 3726 per
2189 3653 2471 3708 libidinem
2503 3649 2857 3716 designetur:
2891 3656 2954 3694 ea
2983 3639 3050 3692 de
3085 3649 3253 3688 causa
3290 3631 3504 3684 fructus

1918 3754 2005 3804 hic
2038 3725 2205 3803 etiam
2237 3743 2464 3813 pulcher
2504 3737 2835 3809 appellatur,
2867 3731 3069 3802 quippe
3092 3727 3185 3797 qui
3211 3725 3510 3792 depravata

1913 3841 2123 3912 judicio
2165 3839 2288 3892 talis
2327 3848 2452 3889 esse
2501 3831 2756 3884 videatur
2809 3826 2900 3886 iis,
2935 3821 3028 3891 qui
3063 3820 3266 3872 bonum
3309 3815 3363 3867 iu
3411 3825 3512 3863 vo-

1917 3901 2125 3997 luptate
2161 3932 2392 3996 ponunt,
2439 3920 2533 3975 sed
2595 3915 2794 3973 deinde
2845 3913 3024 3966 malus
3055 3925 3122 3962 ex
3178 3921 3363 3961 amara
3398 3901 3511 3956 cibi-

1920 4021 2226 4091 digcstione
2259 4014 2555 4085 reperitur,
2600 4006 2904 4064 secundum
2948 4000 3080 4058 illud
3123 3997 3246 4052 libri
3278 3995 3514 4049 Prover-

1919 4089 2134 4170 biorum
2170 4110 2419 4169 verbum,
2457 4121 2568 4176 quo
2600 4102 2804 4158 dicitur
2831 4098 2938 4152 mel
2977 4095 3046 4150 de
3077 4093 3242 4148 labiis
3289 4089 3518 4142 malitia:

1921 4203 2284 4266 distillare",
2351 4214 2476 4270 quae
2540 4195 2762 4266 quidem
2828 4191 2896 4245 ad
2955 4198 3173 4257 tempus
3236 4185 3514 4236 lmmectet

1923 4308 2131 4370 guttur,
2170 4294 2266 4350 sed
2303 4293 2567 4358 deinceps
2603 4287 2728 4340 felle
2779 4281 3020 4338 amarior
3064 4277 3374 4333 inveniatur
3421 4271 3512 4332 iis,

1923 4391 2018 4462 qui
2071 4389 2213 4442 male
2279 4383 2628 4440 dulcedinem
2693 4377 2841 4431 illam
2905 4369 3270 4442 perceperint.
3331 4365 3515 4432 Itaque

227 4456 230 4457 ⁷
271 4456 274 4457 ⁷
305 4456 318 4474 Ι
450 4456 465 4465 '
694 4456 704 4471 I
853 4456 868 4462 '
895 4456 903 4460 '
1102 4456 1113 4466 I
1197 4456 1208 4469 ι
1549 4456 1559 4466 ι

223 4499 328 4568 τῆς
361 4493 648 4566 παρακοῆς
678 4491 981 4564 ἐνεπλήσθη
1006 4509 1018 4521 ο
1049 4489 1218 4562 ὄνομα
1247 4489 1304 4542 δὲ
1339 4487 1432 4541 τοῦ
1465 4485 1676 4558 καρποῦ
1703 4485 1824 4537 τού-

1929 4489 2220 4550 postquam
2263 4475 2426 4529 homo
2465 4486 2493 4524 a
2545 4467 2709 4523 fertili
2770 4463 2950 4517 pinnis
3001 4457 3216 4528 generis
3245 4456 3516 4510 bonorum

2572 4563 2590 4568 ..
2807 4557 2818 4568 .
2870 4565 2878 4568 Α
2954 4553 2987 4568 .,
3073 4567 3078 4568 ί
3129 4549 3380 4568 ,κῃ-ι,-
3423 4559 3516 4568 η-

221 4603 322 4641 του
372 4589 405 4656 ἡ
460 4585 812 4647 θανατοπσιὸς
872 4581 1147 4653 ἁμαρτία·
1199 4581 1360 4642 εὐθὺς
1414 4576 1691 4648 ὲνεκρώθη
1747 4575 1826 4646 τῷ

226 4681 500 4752 κρείττονι
547 4677 678 4750 βίῳ,
725 4676 824 4746 τὴν
868 4675 1059 4742 ἄλογον
1107 4673 1202 4727 καὶ
1249 4671 1494 4742 κτηνώδη
1533 4669 1678 4742 ζωὴν
1726 4669 1826 4740 τῆς

229 4774 514 4843 θειοτέρας
547 4769 1036 4840 ἀνταλλαξάμενος.
1079 4767 1188 4820 Καὶ
1227 4763 1658 4834 καταμιχθέντος
1682 4762 1830 4826 ama

227 4859 328 4912 106
376 4859 609 4912 θανάτου
640 4859 708 4928 τῇ
761 4856 958 4926 φύσει,
993 4854 1334 4925 συνδιεξῆλθε
1358 4857 1477 4914 ταῖς
1507 4852 1612 4907 τῶν
1649 4869 1830 4905 τικτο-

235 4953 420 5026 μένων
455 4951 724 5021 διαδοχαῖς
760 4951 793 5019 ή
825 4949 1106 5019 νεκρότης.
1139 4948 1300 5001 Ὅθεν
1333 4945 1524 5017 νεκρὸς
1551 4949 1698 5017 ἡμᾶς
1724 4945 1831 4998 διε-

231 5045 427 5108 δέξατο
462 5041 603 5112 βίος,
640 5040 810 5110 αὐτῆς
835 5041 1035 5110 τρόπον
1060 5038 1183 5091 τινὰ
1208 5039 1306 5108 τῆς
1332 5037 1476 5108 ζωῆς
1513 5038 1543 5106 ἡ
1553 5035 1669 5106 μῶν
1695 5035 1833 5088 ἀπο-

233 5135 528 5206 θανούσης.
573 5133 765 5204 Νεκρὰ
815 5132 923 5203 γὰρ
957 5130 1218 5201 ἄντικρύς
1253 5132 1400 5182 ἐστιν
1431 5129 1588 5200 ήμῶν
1627 5130 1660 5199 ἡ
1695 5126 1829 5197 ζωὴ,

233 5230 339 5298 τῆς
377 5227 678 5288 ἀθανασίας
711 5223 1073 5294 ἐστερημένη.
1111 5222 1212 5274 Διὰ
1241 5220 1401 5274 τοῦτο
1427 5222 1547 5282 ταῖς
1583 5219 1676 5271 δύο
1703 5217 1835 5271 ταύ-

235 5339 361 5384 τα.ς
395 5319 560 5384 ζωαῖς
593 5315 862 5387 μεσιτεύει
892 5319 920 5368 ὁ
947 5318 1004 5367 ὲν
1042 5315 1191 5385 μέσῳ
1219 5313 1328 5366 τῶν
1354 5311 1448 5366 δύο
1486 5311 1642 5375 ζωῶν
1670 5328 1834 5380 γινω-

239 5413 528 5483 σκόμενος*
560 5411 648 5462 ἵνα
677 5411 744 5480 τῇ
777 5407 1055 5476 ἀναιρέσει
1085 5408 1185 5477 τῆς
1214 5405 1476 5477 χείρονος,
1502 5402 1577 5474 δῷ
1600 5405 1667 5475 τῇ
1703 5405 1836 5472 ἀκη-

242 5501 392 5573 ράτῳ
435 5503 502 5554 τὰ
529 5502 842 5571 νικητήρια.
889 5501 1102 5568 Ὥσπερ
1127 5498 1307 5550 τοίνυν
1343 5495 1422 5566 τῷ
1451 5494 1743 5549 ἀποθανεῖν
1767 5495 1836 5564 τῇ

241 5597 472 5668 ἀληθινῇ
511 5595 624 5665 ζωῇ
670 5597 698 5646 6
726 5593 1008 5666 ἄνθρωπος
1034 5595 1110 5654 εἰς
1138 5591 1228 5644 τὸν
1262 5589 1456 5660 νεκρὸν
1485 5587 1674 5641 τοῦτον
1705 5603 1835 5653 μετ-

315 5779 362 5812 ⁸³
393 5779 549 5835 licus.
586 5795 658 5844 vl,
685 5779 774 5833 25.
833 5779 880 5810 ³⁸
901 5777 1060 5834 Prov.
1091 5792 1144 5843 v,
1171 5775 1226 5830 5.

1929 4549 2087 4642 copia
2118 4568 2395 4629 discessit,
2449 4578 2514 4617 ac
2569 4563 2754 4614 l'ructu
2806 4553 3090 4610 interitutn
3124 4549 3384 4602 aﬂ'erettle
3423 4559 3519 4615 per

1931 4659 2359 4720 inobedientiam
2409 4661 2687 4710 saturatus
2745 4655 2828 4704 est
2883 4645 3014 4718 (cui
3063 4641 3267 4697 fructui
3319 4652 3518 4692 nomen

1931 4768 2015 4814 est
2047 4762 2332 4826 peccatum
2371 4746 2706 4818 letiferum),
2743 4741 2924 4798 statim
2965 4739 3030 4793 ad
3083 4733 3520 4808 praestantiorem

1933 4825 2096 4905 vitam
2134 4845 2280 4918 quod
2339 4843 2556 4903 attinet,
2619 4845 2794 4892 morte
2840 4834 3101 4887 multatus
3141 4837 3247 4891 est,
3279 4825 3515 4879 rationis

1933 4949 2158 5012 experte
2190 4953 2253 4990 ac
2285 4937 2446 4990 bruta
2490 4947 2614 4986 cum
2663 4927 2938 4982 diviniore
2995 4924 3106 4976 vita
3167 4925 3514 4974 commutata.

1929 5033 1997 5088 Et
2021 5034 2146 5102 quia
2174 5029 2341 5084 semel
2367 5024 2746 5081 immiscuerat
2777 5034 2838 5074 se
2865 5031 3014 5070 mors
3041 5023 3253 5068 naturae
3282 5019 3522 5074 nostrae,

1932 5139 2040 5178 una
2076 5136 2200 5175 cmn
2229 5119 2363 5188 ipsis
2393 5129 2584 5170 eorum
2616 5111 2710 5182 qui
2735 5107 3171 5180 procreabantur
3201 5100 3522 5156 successio-

1933 5217 2096 5270 nilius
2153 5209 2460 5266 mortalitas
2517 5203 2846 5276 penetravit.
2896 5199 3019 5264 Quo
3055 5196 3259 5250 factum
3299 5200 3360 5246 ut
3414 5191 3528 5244 vita

1935 5325 2039 5365 nos
2064 5305 2344 5374 exciperet
2375 5309 2617 5360 mortua,
2663 5297 2781 5366 ipsa
2809 5287 3218 5364 quodammodo
3265 5286 3378 5339 vita
3429 5299 3529 5336 no-

1938 5414 2052 5461 stra
2087 5405 2265 5453 morte
2295 5399 2598 5465 perempta.
2639 5387 2774 5441 Nam
2811 5383 2960 5438 haud
2999 5380 3168 5434 dubie
3199 5377 3308 5429 vita
3340 5384 3528 5428 nostra

1940 5505 2158 5550 mortua
2188 5462 2454 5554 estw—cum
2483 5481 2899 5540 immortalitate
2948 5473 3185 5542 spoliata
3217 5471 3307 5522 sit.
3345 5462 3533 5554 Itaqne

1937 5588 2082 5642 inter
2115 5585 2282 5639 hasce
2313 5581 2456 5637 duas
2481 5576 2622 5632 vitas
2657 5571 2837 5629 medio
2877 5566 3034 5639 quasi
3073 5561 3225 5634 degit
3257 5559 3406 5625 loco,
3436 5547 3537 5616 Qui
