3850 6224
392 290 530 350 1023

1667 302 1724 358 S.
1757 303 2084 360 GREGORII
2108 304 2405 362 NYSSENI

3525 299 3687 358 1024

388 411 536 465 inter
564 409 705 469 duas
733 411 872 469 vitas
899 417 1251 486 cognoscitur
1271 457 1286 481 ,
1318 426 1381 473 ut
1416 430 1696 490 perempta
1759 422 1967 493 pejore,

2093 426 2240 481 Ξπεσε
2289 427 2405 498 βίον
2423 443 2437 457 ·
2468 425 2642 489 οὑτως
2673 424 2800 477 ὅταν
2816 421 3063 491 ἀποθάνῃ
3085 424 3150 492 τῇ
3173 421 3345 491 νεκρᾷ
3367 418 3544 492 ταύτῃ
3566 418 3686 474 καὶ

390 504 646 563 interitus
682 505 900 576 experti
922 506 1212 561 victoriam
1240 508 1466 564 tribuat.
1496 508 1969 575 Quemadmodum

390 595 559 666 igitur
587 596 751 653 homo
782 596 913 652 dum
943 613 1082 654 vera:
1116 599 1243 654 vitae
1299 602 1551 667 moritur,
1606 602 1662 656 in
1695 612 1973 683 mortuam

390 685 532 740 hanc
564 688 732 741 vitam
760 688 992 743 incidit:
1021 689 1097 744 ita
1128 705 1254 744 cum
1282 690 1410 747 huic
1435 701 1664 749 mortua:
1689 695 1970 767 brutteque

387 777 514 833 vita:
537 780 794 842 moritur,
837 782 1080 837 vicissim
1108 792 1373 838 aeternum
1422 786 1625 840 viventi
1654 788 1778 843 vita:
1806 792 1970 845 resti-

390 869 586 923 tuitur.
614 870 735 935 Quo
772 871 855 937 ﬁt,
892 884 949 927 ut
979 882 1134 929 extra
1177 890 1395 931 omnem
1435 877 1836 935 dubitationem
1874 896 1970 950 po-

389 960 554 1013 situm
598 961 693 1027 sit,
728 978 840 1018 non
879 979 1042 1033 posse
1068 980 1171 1021 nos
1196 966 1410 1021 beatam
1443 968 1591 1021 illam
1620 969 1784 1025 vitam
1831 986 1967 1026 con-

386 1052 567 1122 sequi,
598 1053 706 1109 nisi
735 1065 960 1124 peccato
985 1058 1309 1115 moriamur.
1350 1057 1425 1113 Ea
1460 1059 1528 1116 de
1577 1076 1746 1118 causa
1798 1062 1970 1117 tradi-

386 1153 502 1198 tum
532 1156 726 1217 argute
745 1156 859 1213 est,
885 1148 1080 1204 eodem
1127 1151 1251 1205 loco
1297 1151 1351 1206 in
1381 1152 1560 1208 medio
1610 1154 1866 1224 paradiso
1903 1156 1970 1210 li-

386 1253 555 1307 gnum
584 1247 881 1309 utrumque
907 1256 1073 1298 esse:
1103 1243 1251 1313 quod
1289 1244 1523 1300 alterum
1558 1245 1634 1302 ibi
1682 1262 1714 1302 a
1770 1255 1969 1304 natura

387 1330 480 1393 sit,
533 1331 764 1387 alterum
797 1334 866 1389 ad
908 1332 963 1389 id
990 1335 1137 1405 quod
1176 1337 1330 1405 prius
1364 1338 1604 1403 exsistit,
1638 1353 1734 1408 per
1787 1340 1972 1410 priva-

388 1423 591 1478 tionem
621 1425 867 1482 accedat.
900 1425 1038 1482 Nam
1072 1443 1139 1485 ex
1164 1429 1359 1484 eodem
1391 1430 1444 1484 in
1493 1431 1636 1486 idem
1669 1448 1765 1503 per
1823 1434 1966 1487 frui-

386 1513 591 1570 tionem
643 1522 700 1570 et
742 1516 1143 1587 privationem,
1210 1518 1267 1573 ιιι
1323 1522 1680 1575 commutatio
1731 1522 1857 1578 vita:
1903 1539 1969 1579 ac

388 1606 582 1660 mortis
629 1624 644 1661 :
682 1622 807 1661 cum
864 1609 957 1677 qui
1001 1619 1252 1665 mortuus
1302 1618 1387 1666 est
1419 1610 1585 1677 bono,
1611 1613 1742 1667 vivit
1782 1614 1965 1670 malo:

382 1704 442 1752 et
463 1697 555 1767 qui
591 1706 843 1753 mortuus
870 1708 955 1754 est
988 1701 1045 1755 in
1075 1700 1404 1768 vitiositate,
1433 1702 1501 1757 ad
1534 1702 1792 1759 virtutem
1824 1706 1970 1759 revi-

387 1788 566 1844 viscit.
629 1788 976 1862 Quapropter
1034 1792 1262 1857 pulchre
1302 1808 1506 1864 sponsa
1574 1809 1769 1849 manus
1840 1811 1971 1853 suas

387 1880 606 1951 myrrha
634 1880 824 1951 plenas
851 1883 1107 1945 ostendit,
1140 1898 1265 1938 cum
1300 1885 1446 1939 vitiis
1474 1886 1731 1941 omnibus
1757 1895 1971 1942 mortua

386 1978 619 2041 surgat,
679 1979 738 2026 ut
793 1970 973 2027 Verbo
1043 1973 1252 2029 aditum
1308 1975 1362 2029 in
1428 1990 1488 2032 se
1542 1975 1851 2047 patefaciat.
1904 1977 1971 2032 Et

387 2058 625 2116 Verbum
680 2063 828 2132 quod
879 2063 1222 2130 intromittit,
1275 2067 1394 2137 ipsa
1443 2068 1558 2121 vita
1588 2076 1695 2124 est.
1739 2067 1971 2123 Tantam

384 2167 517 2207 vero
549 2153 614 2208 ad
645 2155 1035 2209 sublimitatem
1069 2156 1123 2211 in
1171 2156 1263 2219 iis,
1293 2173 1416 2227 quae
1469 2158 1968 2225 conslderavimus,

382 2249 573 2298 evecta
600 2243 802 2308 anima,
834 2259 954 2313 qua:
982 2244 1051 2298 ad
1086 2243 1255 2299 Deum
1285 2253 1497 2316 spectat
1537 2265 1552 2302 :
1586 2248 1827 2302 nondum
1883 2259 1969 2303 ta-

2075 517 2338 588 κτηνώδει
2375 514 2489 587 ζωῇ
2511 557 2528 582 ,
2575 515 2711 586 πρὸς
2738 513 2837 584 τὴν
2868 513 2954 566 ἀεὶ
2981 512 3162 575 ζῶσαν
3190 510 3680 581 ἀντιμεθίσταται.

2084 604 2171 669 Ὠς
2200 604 2569 676 ἁναμφίόολον
2597 599 2756 668 εἶναι,
2791 602 2872 655 ὅτι
2896 602 2997 654 οὐκ
3025 599 3174 653 ἐστιν
3211 602 3269 653 ἐν
3305 603 3371 672 τῇ
3414 600 3685 671 μακαρίᾳ

2069 695 2321 764 γενέσθαι
2357 694 2492 766 ζωῇ,
2528 694 2602 764 μὴ
2635 691 2829 763 νεκρὸν
2854 692 2919 761 τῇ
2962 689 3207 760 ἁμαρτίᾳ
3238 688 3556 757 γενόμενον.
3590 681 3685 739 υῦ

2069 788 2230 858 χάριν
2265 789 2323 841 ἐν
2349 785 2427 857 τῷ
2454 785 2603 855 αὑτῷ
2628 782 2770 838 κατὰ
2789 781 2849 835 τὸ
2877 780 3039 852 μέσον
3063 779 3323 850 ἑκάτερον
3348 778 3457 831 τῶν
3493 777 3683 844 ξύλων

2068 875 2206 931 εἶναι
2242 875 2349 931 ὑπὸ
2373 876 2465 931 τοῦ
2497 875 2655 940 λόγου
2685 872 3155 942 πεφιλοσόφηται⁵
3187 870 3264 933 ὼς
3290 869 3386 922 τοῦ
3418 870 3520 939 μὲν
3552 870 3687 921 ἐκεῖ

2069 968 2229 1039 φύσει
2253 968 2425 1031 ὄντος,
2451 966 2545 1021 τοῦ
2571 966 2629 1021 δέ
2663 963 3043 1035 ἐπιγινομένου
3070 963 3147 1033 τῷ
3188 962 3303 1016 ὄντι
3347 960 3437 1014 διὰ
3464 960 3680 1030 στερή-

2071 1077 2226 1123 σεως.
2277 1061 2372 1113 Ἐκ
2403 1058 2514 1130 γὰρ
2550 1053 2642 1112 τοῦ
2683 1056 2850 1115 αὑτοῦ
2891 1056 2985 1110 ἐπὶ⁴
3008 1057 3070 1109 τὸ
3094 1053 3225 1109 αὐτὸ
3251 1053 3341 1107 διὰ
3373 1052 3682 1125 μετουσίας

2070 1151 2165 1204 κα)⁵
2198 1149 2542 1220 στερήσεως,
2576 1149 2610 1219 ὴ
2656 1146 3114 1216 ἅντιμετάστασις
3150 1143 3360 1212 γίνεται
3388 1143 3486 1195 καὶ
3520 1141 3681 1211 ζωῆς

2069 1240 2164 1294 καὶ
2212 1239 2466 1293 θανάτου.
2515 1236 2738 1309 Ἐπειδὴ
2781 1237 2812 1290 ὁ
2860 1235 3155 1307 νεκρωθεὶς
3197 1234 3277 1304 τῷ
3320 1231 3553 1302 ἀγαθῷ.
3598 1231 3677 1303 ξῇ

2068 1332 2148 1404 τῷ
2175 1331 2354 1403 κακῷ,
2378 1334 2475 1385 καὶ
2510 1332 2539 1384 ὁ
2567 1330 2759 1401 νεκρὸς
2788 1330 2846 1382 ἐν
2877 1328 3048 1399 κακίᾳ
3083 1326 3375 1396 γενόμενος
3403 1324 3546 1396 πρὸς
3573 1323 3679 1391 τὴν

2069 1423 2269 1496 ἀρετὴν
2295 1422 2617 1477 ἀνεϐίωσεν.
2646 1420 2853 1476 Οὐκοῦν
2880 1419 3061 1484 καλῶς
3084 1419 3319 1473 δείκνυσι
3351 1419 3418 1488 τῇ
3449 1421 3682 1489 σμύρνῃ

2070 1516 2294 1587 πλήρεις
2314 1513 2414 1578 τὰς
2444 1514 2647 1583 ἑαυτῆς
2674 1516 2861 1584 χεῖρας
2894 1514 2928 1584 ἡ
2954 1511 3165 1581 νύμφη,
3190 1508 3279 1563 διὰ
3299 1511 3398 1579 τῆς
3429 1509 3488 1559 ἐν
3519 1508 3679 1577 πάσῃ

2070 1611 2236 1682 κακίᾳ
2287 1609 2613 1679 νεκρότητος
2653 1605 2987 1676 ἀνισταμένη
3014 1644 3029 1669 ,
3064 1604 3203 1676 πρὸς
3241 1601 3303 1656 τὸ
3338 1600 3558 1668 ἀνοῖξαι
3593 1597 3681 1668 τῷ

2069 1703 2226 1773 Λόγῳ
2247 1703 2345 1772 τὴν
2375 1704 2453 1764 είς
2489 1701 2687 1772 ἑαυτὴν
2710 1698 2934 1753 εἴσοδον.
2975 1696 3100 1767 Ζωὴ
3127 1695 3185 1748 δέ
3215 1696 3244 1748 ὁ
3271 1693 3444 1761 Λόγος
3468 1691 3535 1745 ὃν
3559 1691 3681 1745 εἰσ-

2005 1784 2045 1839 Β
2071 1793 2356 1856 οικίζεται.
2418 1792 2561 1863 Πρὸς
2601 1790 2854 1843 τοσοῦτον
2898 1787 2955 1841 δὲ
2991 1784 3222 1859 μέγεθος
3246 1781 3559 1855 ἐπαρθεῖσα
3585 1778 3683 1833 διὰ

2078 1885 2184 1940 τῶν
2211 1884 2592 1956 θεωρηθέντων
2617 1884 2748 1953 ἡμῖν
2780 1883 2812 1950 ἡ
2840 1880 2974 1952 πρὸς
2997 1878 3088 1932 τὸν
3112 1876 3247 1930 Θεδν
3276 1874 3469 1947 ὁρῶσα
3496 1871 3677 1943 ψυχή·

2076 1976 2262 2041 οὔπω,
2305 1975 2487 2039 καθώς
2535 1992 2702 2046 φησιν
2738 1975 2769 2027 ὁ
2799 1973 3032 2036 Παῦλος,
3067 1970 3240 2035 οὕτως
3280 1968 3459 2038 ἔγνω,
3484 1965 3681 2029 καθὼς

2076 2069 2155 2121 δεῖ
2176 2068 2399 2136 γνῶναι,
2430 2067 2550 2120 οὐδὲ
2578 2065 2854 2135 λογίζεται
2876 2064 2995 2118 καθ’
3026 2062 3225 2135 ἑαυτὴν
3253 2057 3681 2132 κατειληφέναι’

2075 2160 2189 2215 ἀλλ’
2214 2159 2291 2213 ἔτι
2321 2158 2457 2232 πρὸς
2486 2158 2547 2211 τὸ
2569 2157 2963 2228 ὑπερκείμενον
2984 2156 3188 2228 τρέχει,
3213 2155 3327 2217 τοῖς
3355 2147 3683 2223 ἔμπροσθεν

2075 2248 2274 2321 ἐαυτὴν
2307 2248 2717 2303 ἐπεκτείνουσα.

389 2351 535 2400 men,
568 2335 646 2390 uti
675 2333 882 2391 Paulus
921 2337 1185 2407 loquitur,
1216 2338 1294 2393 ita
1327 2339 1604 2408 cognovit,
1645 2339 2103 2410 quemadmodum
2141 2349 2378 2412 oportet,
2411 2356 2591 2412 neque
2631 2356 2691 2395 se
2735 2335 3217 2408 comprehendisse
3251 2333 3560 2390 arbitratur
3584 2330 3633 2365 ⁸⁷
3656 2348 3678 2387 :

387 2428 481 2483 sed
511 2428 689 2484 adhuc
716 2429 785 2484 ad
841 2431 1126 2501 superiora
1160 2432 1356 2496 currit,
1384 2434 1641 2491 enitendo
1669 2434 1739 2491 ad
1764 2452 1849 2500 ea,
1880 2453 2003 2507 qua:
2026 2445 2154 2494 ante
2190 2454 2249 2493 se
2283 2438 2466 2493 habet.

461 2518 581 2575 Hoc
603 2521 747 2576 enim
778 2529 840 2576 ut
863 2522 931 2577 de
959 2524 1077 2593 ipsa
1111 2531 1441 2588 statuamus.
1472 2528 1765 2584 verborum
1812 2531 1971 2586 dein-

386 2625 516 2680 ceps
554 2612 901 2681 sequentium
953 2613 1124 2669 series
1171 2626 1377 2671 monet.
1428 2616 1716 2683 Adhibilis,
1767 2621 1968 2691 inquit,

392 2702 638 2758 manibus
668 2703 926 2767 claustro,
964 2708 1146 2774 aperui
1172 2710 1411 2778 equidem
1443 2722 1667 2781 δορυαιο
1697 2730 1832 2769 meo.
1866 2713 1973 2773 Ad-

386 2792 470 2847 dit
510 2795 701 2858 etiam,
758 2792 1024 2848 Prwleriit
1076 2809 1331 2868 cognatus
1384 2817 1563 2866 meus,
1621 2805 1803 2858 animo
1856 2822 1973 2861 mea

387 2899 600 2952 egressa
630 2894 709 2938 est
749 2883 818 2937 ad
868 2901 1164 2941 sermonem
1200 2889 1337 2959 ejus.
1371 2891 1585 2957 Quibus
1632 2910 1733 2950 nos
1785 2896 1967 2962 docet,

388 2990 559 3029 unum
604 2991 729 3031 esse
770 2976 993 3031 modum
1041 2980 1380 3050 percipiendi
1436 2992 1763 3053 potestatem
1819 2987 1967 3043 illam

386 3066 738 3123 excedentem
790 3083 1009 3125 omnem
1050 3081 1308 3137 mentem,
1341 3074 1603 3129 nimirum
1647 3092 1756 3132 non
1786 3079 1971 3136 subsi-
1999 3111 2041 3169 ο

388 3170 533 3217 stere
558 3159 613 3214 iu
643 3160 711 3215 iis
743 3175 864 3230 qua:
888 3164 1202 3232 perceperis
1228 3182 1240 3219 :
1279 3164 1375 3221 sed
1410 3167 1593 3236 potius
1624 3185 1970 3241 nequaquam

389 3251 681 3325 quiescere
706 3266 923 3321 semper
968 3254 1333 3323 inquirentem
1381 3258 1587 3328 aliquid
1615 3262 1851 3332 amplius
1882 3278 1969 3328 eo,

387 3338 536 3410 quod
580 3340 749 3395 semel
794 3346 1302 3412 comprehenderis.
1332 3344 1545 3402 Etenim
1594 3365 1717 3419 quae
1750 3354 1971 3420 myrrha

388 3435 547 3510 plena
583 3433 727 3488 facta
755 3442 865 3500 est,
901 3436 1270 3507 omnibusque
1297 3439 1421 3494 vita:
1441 3443 1639 3499 studiis
1662 3444 1804 3514 (quae
1838 3446 1974 3516 ﬁgu-

390 3531 510 3582 rate
536 3521 739 3595 digitos
776 3526 956 3596 vocat)
990 3528 1378 3584 mortiﬁcatum
1420 3530 1476 3585 in
1507 3547 1567 3586 se
1597 3534 1798 3588 malum
1831 3536 1973 3599 indi-

390 3620 501 3679 cat,
533 3621 898 3683 spontaneum
929 3615 1152 3671 virtutis
1180 3618 1393 3672 cultum
1426 3633 1491 3675 ea
1524 3619 1642 3689 ipsa
1667 3638 1725 3678 re
1750 3622 1977 3684 demon-

390 3711 553 3769 strat,
577 3702 726 3775 quod
750 3720 816 3759 ex
846 3721 907 3761 se
935 3722 1135 3764 manus
1162 3707 1337 3777 ipsius
1360 3711 1640 3782 myrrham
1670 3713 1971 3770 distillant:

391 3795 512 3856 han:
538 3796 708 3867 igitur
735 3798 982 3869 attigisse
1015 3814 1214 3856 manus
1243 3815 1373 3857 suas
1398 3802 1700 3859 claustrum
1733 3807 1831 3871 ait,
1872 3808 1977 3863 hoc

390 3894 497 3954 est,
527 3904 692 3959 opera
723 3904 821 3945 sua
857 3904 1024 3961 prope
1054 3893 1361 3949 accessisse
1395 3893 1463 3948 ad
1495 3905 1788 3967 angustum
1821 3899 1973 3954 illum

393 3985 449 4032 et
487 3979 737 4034 strictum
768 3979 1015 4036 aditum:
1067 3980 1226 4050 cujus
1258 3983 1467 4039 clavem
1507 3983 1750 4042 Verbum
1797 3987 1976 4056 ipsum

396 4069 564 4125 tradit
614 4070 719 4133 eis,
771 4071 865 4141 qui
914 4069 1078 4127 Petro
1132 4073 1343 4130 similes
1390 4087 1539 4132 sunt.
1572 4077 1761 4147 Aperit
1797 4091 1977 4135 autem

396 4161 499 4217 sibi
530 4161 682 4232 regni
708 4163 909 4217 ostium
936 4177 1032 4232 per
1054 4162 1170 4218 haec
1190 4164 1321 4229 duo,
1357 4164 1616 4221 nimirum
1639 4182 1734 4236 per
1758 4182 1974 4233 manus,

394 4268 518 4324 quae
554 4267 782 4323 Oper-um
822 4252 1274 4323 signiﬁcationem
1320 4255 1544 4320 habent,
1594 4265 1650 4313 et
1697 4273 1794 4329 per
1821 4260 1977 4315 clau-

397 4350 570 4399 strum
605 4341 746 4397 ﬁdei.
783 4340 919 4395 Nam
952 4356 1048 4411 per
1080 4342 1195 4399 haec
1223 4343 1354 4408 duo,
1385 4361 1484 4415 per
1511 4345 1692 4413 Iidem,
1729 4348 1974 4420 inquam,

2160 2530 2225 2586 Ἡ
2263 2529 2374 2601 γὰρ
2405 2528 2698 2585 ἀκολουθία
2728 2526 2839 2580 τῶν
2867 2524 3067 2595 ἐφεξῆς
3105 2524 3280 2593 λόγων
3316 2521 3495 2575 ταῦτα
3528 2521 3682 2573 νοεῖν

2077 2624 2207 2695 περὶ
2236 2623 2406 2694 αὑτῆς
2431 2620 2765 2676 ὑποτίθεται·
2808 2618 2941 2673 Ἐπί
2987 2617 3194 2687 χεῖρας
3235 2614 3343 2668 τοῦ
3384 2613 3682 2681 κλείθρου

2076 2713 2293 2783 ἤνοιξα
2324 2712 2439 2781 ἐγὼ
2466 2710 2548 2777 τῷ
2579 2708 2884 2780 ἀδελφιδῷ
2922 2725 3065 2778 μου.
3113 2705 3224 2759 Καὶ
3254 2705 3560 2774 ἐπήγαγεν,
3589 2704 3681 2757 ὅτι

2091 2805 2439 2874 Ἀδελφιδός
2468 2821 2589 2874 μου
2621 2802 2959 2870 παρῆλθεν
2990 2800 3028 2867 ἡ
3060 2796 3230 2868 ψυχή
3264 2813 3385 2866 μου
3407 2792 3683 2863 ἐξῆλθεν

2077 2896 2149 2951 ἐν
2177 2898 2338 2966 λόγῳ
2361 2894 2567 2950 αὑτοῦ.
2598 2894 2851 2948 Διδάσκει
2882 2891 2992 2962 γὰρ
3020 2890 3107 2943 διὰ
3139 2887 3343 2941 τούτων
3376 2887 3559 2958 ἡμᾶς,
3590 2884 3681 2938 ὅτι

2074 2989 2169 3044 ἐπὶ
2211 2989 2310 3057 τῆς
2346 2987 2528 3042 πάντα
2559 2985 2685 3039 νοῦν
2723 2982 3102 3054 ὑπερεχούσης
3130 2977 3416 3049 δυνάμεως
3452 2971 3539 3042 εἷς
3571 2995 3680 3030 κα-

2075 3078 2358 3149 ταλήψεώς
2404 3080 2522 3131 ἐστι
2550 3077 2785 3151 τρόπος,
2815 3075 2879 3129 τὸ
2916 3072 3189 3145 μηδέποτε
3221 3070 3415 3141 στῆναι
3446 3071 3586 3141 περὶ
3612 3069 3680 3122 τὺ

2073 3171 2531 3242 κατειλημμένον·
2572 3168 2712 3223 ἀλλὰ
2746 3168 2837 3221 τὸν
2890 3167 2979 3220 ἀεὶ
3022 3162 3295 3233 ζητοῦντα
3338 3161 3421 3233 τῷ
3460 3161 3680 3215 πλείονι

2071 3262 2166 3316 τοῦ
2211 3260 2664 3330 καταλειφθέντος
2721 3259 2796 3331 μὴ
2840 3256 3118 3312 ἵστασθαι.
3163 3256 3231 3308 Ἦ
3283 3254 3397 3325 γὰρ
3450 3253 3681 3325 πλήρης

2072 3353 2337 3424 γενομένη
2370 3353 2471 3422 τῆς
2502 3351 2771 3422 σμύρνης,
2807 3349 2941 3402 πᾶσι
2972 3349 3085 3410 τοῖς
3106 3344 3201 3398 τοῦ
3236 3344 3351 3414 βίου
3382 3341 3679 3413 ἐπιτηδεύ-

2076 3462 2240 3516 μασιν
2265 3444 2443 3514 (ἆπερ
2468 3441 2770 3505 δακτύλους
2792 3438 3073 3512 τροπικῶς
3097 3434 3392 3506 ὀνομάζει)
3414 3434 3518 3504 τὴν
3537 3432 3684 3504 πρὸς

2072 3533 2133 3587 τὸ
2175 3534 2342 3588 κακὸν
2374 3533 2810 3605 ἐπισημαίνουσα
2854 3530 3143 3600 νέκρωσινσ
3179 3528 3277 3581 καὶ
3309 3527 3371 3581 τὸ
3419 3525 3684 3579 ἑκούσιον

2072 3628 2171 3697 τῆς
2214 3625 2414 3696 ἀρετῆς
2457 3625 2545 3678 διὰ
2589 3623 2651 3678 τὸ
2688 3622 2901 3676 οἴκοθεν
2952 3619 3260 3686 ἁποστάξαι
3297 3617 3408 3673 τῶν
3467 3616 3685 3688 χειρῶν

2073 3719 2173 3791 τὴν
2214 3718 2457 3789 σμύρναν
2490 3714 2864 3786 ἐνδειξαμένη,
2900 3712 3142 3783 ἅψασθαί
3177 3727 3310 3782 φησι
3348 3710 3452 3773 τὰς
3478 3711 3684 3780 χεῖρας

2076 3811 2273 3882 ἐαυτῆς
2303 3808 2396 3863 τοῦ
2423 3808 2696 3880 κλείθρου,
2722 3806 2991 3869 τουτέστι,
3021 3804 3092 3857 τὰ
3115 3804 3253 3875 ἔργα
3287 3803 3493 3874 ἑαυτῆς
3518 3800 3683 3870 ἐγγέ-

2078 3920 2169 3957 σαι
2200 3902 2353 3969 λέγει
2386 3902 2456 3970 τῇ
2489 3901 2648 3970 στενῇ
2680 3914 2740 3951 τε
2769 3898 2863 3951 καὶ
2890 3896 3229 3967 τεθλιμμένη
3256 3894 3474 3966 εἰσόδῳ,
3504 3890 3578 3967 ἦς
3614 3893 3685 3948 τὸ

2077 3995 2324 4065 κλεῖθρον
2351 3991 2648 4061 ἐγχειρίζει
2674 3991 2789 4054 τοῖς
2809 3988 2953 4043 κατὰ
2979 3989 3185 4058 Πέτρον
3209 3988 3239 4040 ὁ
3260 3986 3456 4054 Λόγος.
3501 3986 3686 4039 ’Δνοί-

2077 4103 2164 4155 γει
2191 4085 2369 4138 τοίνυν
2401 4081 2468 4135 δι’
2499 4080 2775 4152 ἑκατέρων
2810 4080 2978 4153 ἐαυτῇ
3006 4081 3107 4153 τῆς
3139 4077 3423 4150 βασιλείας
3450 4077 3555 4147 τὴν
3581 4076 3684 4131 θύ-

2080 4195 2200 4249 ραν,
2249 4176 2338 4230 διά
2381 4192 2442 4229 τε
2474 4173 2580 4228 τῶν
2614 4172 2835 4245 χειρῶν,
2874 4174 2942 4227 δι’
2983 4166 3057 4227 ὧν
3101 4172 3169 4226 τὰ
3222 4171 3361 4244 ἔργα
3389 4170 3679 4241 δηλοῦται·

2078 4268 2174 4323 καὶ
2198 4268 2288 4321 διὰ
2310 4266 2403 4320 τοῦ
2428 4265 2680 4339 κλείθρου
2706 4265 2805 4335 τῆς
2824 4265 3086 4329 πίστεως.
3111 4266 3189 4317 Δι’
3214 4262 3546 4334 ἀμφοτέρων
3564 4263 3694 4336 γὰρ.

2077 4361 2306 4425 τούτων,
2352 4358 2530 4430 ἔργων
2562 4374 2624 4411 τε
2670 4356 2768 4410 καὶ⁸
2804 4356 3042 4419 πίστεως
3083 4354 3264 4423 λέγω,
3311 4355 3347 4425 ἡ
3378 4353 3533 4417 κλεὶς
3577 4355 3683 4423 τῆς

394 4444 450 4490 et
471 4448 658 4504 opera,
715 4433 887 4488 clavis
943 4435 1093 4505 regni
1147 4436 1308 4492 nobis
1358 4452 1390 4492 a
1424 4452 1679 4495 sermone
1730 4451 1973 4512 paratur.

2093 4451 2362 4523 βασιλείας
2406 4453 2464 4503 ἐν
2510 4451 2645 4520 ἡμῖν
2687 4447 2794 4501 ὑπὸ
2822 4445 2920 4499 τοῦ
2964 4446 3123 4515 λόγου
3176 4443 3678 4507 κατασκευάζεται.

394 4523 532 4579 Cum
570 4538 702 4593 ergo
741 4533 991 4592 speraret
1023 4522 1091 4577 ad
1126 4526 1435 4596 exemplum
1469 4525 1635 4583 Mosis
1660 4528 1854 4584 faciem
1884 4530 1978 4585 de-

395 4615 624 4673 siderati
661 4615 742 4671 sic
778 4615 1237 4671 manil’estandam
1270 4618 1398 4681 sibi,
1431 4625 1492 4673 ut
1524 4634 1644 4674 eam
1678 4637 1981 4692 agnoscere

396 4716 625 4781 posset:
682 4718 798 4761 tum
849 4723 981 4761 vero
1024 4709 1428 4778 perceptionem
1465 4711 1585 4778 ejus
1619 4714 1879 4782 praeteriit
1934 4714 1983 4771 is

396 4801 488 4872 qui
513 4799 884 4871 quaerebatur.
916 4800 1163 4855 Aitenim
1190 4820 1203 4855 :
1227 4800 1493 4856 Praeteriit
1513 4813 1780 4874 cognatus
1805 4822 1979 4873 meus,

396 4908 507 4950 non
537 4892 629 4949 ille
657 4891 877 4963 quidem
923 4891 1117 4945 relicta
1150 4892 1475 4961 desertaque
1507 4906 1770 4963 sequente
1799 4900 1979 4968 ipsum

396 4987 603 5048 anima,
658 4982 754 5039 sed
794 4983 862 5038 ad
897 4983 1140 5053 seipsum
1190 4991 1440 5039 attracta.
1484 4986 1677 5041 Anima
1714 5006 1860 5054 mea.
1896 4993 1983 5047 in-

396 5078 554 5147 quit,
600 5092 811 5146 egressa
860 5084 937 5129 est
979 5074 1049 5128 ad
1086 5092 1374 5130 sermonem
1415 5077 1550 5146 ejus.
1591 5078 1636 5133 0
1670 5078 1882 5137 felicem
1919 5084 1983 5138 il-

397 5168 505 5222 lam
538 5166 933 5237 egressionem,
968 5181 1132 5237 quam
1157 5167 1436 5235 egreditur
1460 5170 1642 5225 anima
1671 5187 1981 5229 sermonem

399 5260 624 5316 secuta!
684 5257 949 5314 Dominus
1014 5260 1289 5315 custodiet
1350 5261 1659 5332 ingressum
1714 5273 1868 5321 tuum
1927 5276 1983 5323 et

398 5352 768 5422 egressionem
793 5358 968 5418 tuam,
1010 5353 1190 5423 inquit
1216 5350 1566 5423 Propheta”.
1604 5355 1868 5413 Nimirum
1897 5375 1983 5416 re-

401 5459 529 5498 vera
570 5443 686 5499 haec
732 5442 823 5497 illa
861 5452 971 5508 est,
1019 5459 1142 5514 qua:
1192 5445 1372 5514 dignis
1422 5461 1451 5499 a
1498 5446 1608 5501 Deo
1648 5450 1977 5519 custoditur,

404 5532 648 5605 egressio
675 5533 879 5604 pariter
909 5540 963 5589 et
997 5534 1288 5606 ingressio.
1339 5534 1474 5590 Nam
1506 5540 1752 5609 egressio
1789 5556 1858 5596 ex
1887 5558 1977 5611 eo,

457 5708 505 5749 ¹¹
544 5711 780 5789 Philipp.
805 5729 885 5782 ιιι,
918 5715 1003 5771 15.
1065 5716 1112 5749 ⁸⁸
1140 5715 1287 5772 Psal.
1316 5731 1444 5783 cxx,
1465 5717 1520 5772 8.

2084 4545 2215 4598 Ὅτε
2248 4541 2428 4596 τοίνυν
2457 4540 2656 4613 ἤλπισε
2682 4537 2827 4593 κατὰ
2861 4537 2953 4591 τὸν
2984 4535 3228 4591 Μωῦσέα
3257 4536 3520 4604 γνωστῶς
3572 4536 3679 4606 ἐμ-

2083 4634 2412 4707 φανισθῆναι
2450 4635 2617 4705 ἐαυτῇ
2660 4631 2755 4685 τοῦ
2792 4630 3060 4702 βασιλέως
3100 4629 3163 4685 τδ
3196 4629 3521 4702 πρόσωπονο
3552 4628 3681 4681 τότε

2082 4726 2331 4799 παρῆλθε
2374 4727 2472 4798 τὴν
2507 4723 2814 4795 κατάληψιν
2845 4723 3016 4794 αὐτῆς
3054 4724 3084 4776 ό
3126 4720 3480 4792 ποθούμενος.
3532 4718 3680 4789 Φησὶ

2083 4819 2213 4891 γάρ·
2263 4820 2345 4873 ὅτι
2402 4815 2708 4886 Ἀδελφιδός
2758 4832 2860 4886 μου
2909 4813 3209 4886 παρῆλθεν·
3261 4813 3323 4867 οὑ
3355 4809 3679 4866 καταλιπὼν

2084 4912 2183 4982 τὴν
2218 4909 2491 4981 ἑπομένην
2519 4907 2670 4978 αὐτῷ
2709 4904 2908 4978 ψυχὴν,
2944 4905 3083 4959 ἀλλὰ
3124 4904 3263 4983 πρὸς
3298 4903 3490 4958 ἑαυτὸν
3516 4901 3680 4973 ἐφελ-

2086 5004 2335 5073 κόμενος.
2370 5000 2438 5056 Ἦ
2460 4998 2634 5069 ψυχὴ
2657 4999 2764 5070 γάρ
2779 5016 2899 5069 μου
2918 4996 3437 5065 ἐξῆλθεν-ἐπιλόγῳ
3461 4993 3673 5050 αὐτοῦ.

2089 5094 2154 5146 Ὢ
2185 5092 2463 5164 μακαρίας
2495 5092 2676 5158 ἐξόδου
2714 5092 2930 5162 ἐκείνης
2954 5091 3022 5161 ἦν
3056 5089 3336 5162 ἐξέρχεται
3371 5091 3407 5160 ἡ
3426 5088 3506 5161 τῷ
3532 5089 3680 5161 λόγῳ

2094 5183 2337 5255 ἑπομένη
2368 5184 2544 5255 ψυχήί
2582 5183 2789 5255 Κύριος
2820 5182 3046 5252 φυλάξει
3088 5181 3189 5253 τὴν
3233 5180 3411 5246 ἔξοδόν
3449 5195 3543 5232 σου
3581 5181 3680 5234 καὶ

2087 5273 2187 5344 τὴν
2223 5273 2428 5328 εἴσοδόν
2472 5291 2590 5339 σου,
2624 5274 2791 5345 φησιν
2819 5274 2847 5326 ὁ
2876 5272 3192 5343 Προφήτης.
3224 5269 3374 5339 Αὕτη
3418 5269 3570 5322 ἐστὶν
3604 5269 3681 5336 ὡς

2088 5365 2306 5438 ἀληθῶς
2347 5367 2382 5438 ἡ
2416 5367 2524 5420 ὑπὸ
2568 5366 2661 5420 τοῦ
2709 5364 2846 5419 Θεοῦ
2891 5362 3274 5435 φυλασσομένη
3317 5363 3433 5426 τοῖς
3470 5361 3678 5427 ἀξίοις,

2085 5455 2264 5521 ἐξοδός
2289 5472 2349 5508 τε
2381 5453 2475 5509 καὶ
2507 5455 2730 5519 εἴσοδος.
2762 5453 2873 5508 Καὶ
2896 5454 3005 5525 γὰρ
3035 5453 3069 5524 ἡ
3096 5451 3205 5505 ἀπὸ
3224 5449 3320 5504 τοῦ
3345 5452 3404 5502 ἐν
3507 5453 3680 5522 ἐσμεν

2087 5545 2284 5613 ἔξοδος,
2315 5543 2425 5599 τῶν
2475 5543 2889 5617 ὑπερκειμένων
2934 5541 3159 5615 ἀγαθῶν
3186 5541 3394 5605 εἴσοδος
3436 5540 3674 5611 γίνεται.
