3850 6224
251 289 407 346 109.5

1293 278 1362 332 IN
1401 275 1700 332 CANTICA
1743 275 2018 333 CANTIC.
2063 274 2345 332 l‘IOMILIA
2383 275 2501 331 XII.

3399 269 3540 327 ιοεο

253 410 482 480 Ταύτην
507 401 602 462 οὖν
651 405 874 478 ἐξῆλθεν
909 408 944 477 ή
985 403 1134 475 ψυχὴ
1174 400 1272 474 τὴν
1303 402 1500 467 ἔξοδον,
1549 400 1731 471 ὁδηγῷ
1759 419 1850 454 κε-

1958 405 2008 458 in
2043 419 2154 473 quo
2187 418 2398 467 sumus,
2435 400 2706 473 ingressio
2735 408 2818 456 est
2841 400 2907 454 ad
2935 400 3075 453 bona
3106 411 3271 468 supra
3309 411 3412 452 nos
3443 409 3516 466 po

247 501 512 574 χρημένη
529 500 607 570 τῷ
635 500 795 570 Λόγῳ
822 497 900 568 τῷ
940 496 1272 558 εἰπόντι,ὃτι
1305 493 1450 574 Ἐγώ
1475 496 1590 564 εἰμι
1607 493 1644 559 ἡ
1679 494 1848 562 θύρα,

249 573 362 646 καὶ
396 593 434 658 ἠ
463 591 624 658 ὁδὸς,
661 593 777 664 καὶ,
807 592 888 646 ὅτι
918 589 1000 642 Δι’
1027 587 1174 657 ἐμοῦ
1205 585 1313 640 ἐάν
1340 573 1429 651 τις
1457 583 1851 652 είσέλθῃ,καὶ

247 686 674 738 εἰσελεύσεται
707 684 806 738 καί
833 681 1242 746 ἐξελεύσεται,
1265 677 1521 730 οὐδέποτε
1553 675 1648 728 τοῦ
1684 675 1850 728 είσιέ-

249 791 348 828 ναι
377 775 578 847 λήγων,
606 775 730 829 οὕτε
748 773 841 828 τοῦ
867 773 1068 838 ἐξιέναι
1088 771 1416 840 παυόμενος·
1454 765 1590 820 ἀλλὰ
1616 765 1849 820 παύεται

249 867 348 920 διὰ
374 867 656 938 προκοπῆς
683 868 764 930 εἰς
789 865 859 918 τά
885 865 1256 935 ὑπερκείμενα
1281 861 1486 925 είσιὼν,
1513 858 1607 911 καὶ
1633 858 1719 910 ἀεὶ
1742 858 1848 911 τῶν

253 959 714 1030 κατειλημμένων
763 957 868 1022 ἔξω
905 957 1206 1026 γινόμενος.
1250 952 1406 1007 Οὕτω
1443 949 1688 1021 παρῆλθε
1727 950 1848 1002 τότε

254 1052 357 1104 καὶ
386 1050 474 1103 τὸν
503 1049 742 1104 Μωῦσέα
767 1051 826 1102 τὸ
857 1047 1190 1119 ποθούμενον
1213 1049 1389 1100 ἐκεῖνο
1429 1044 1721 1114 πρόσωπον
1753 1042 1846 1094 τοῦ

254 1145 504 1214 Κυρίου·
555 1145 651 1196 καὶ
699 1141 872 1204 οὕτως
921 1144 954 1211 ἡ
985 1141 1134 1210 ψυχὴ
1166 1139 1258 1192 τοῦ
1290 1136 1582 1208 νομοθέτου
1627 1135 1714 1188 ἀεὶ
1743 1135 1848 1198 ἔξω

254 1237 474 1304 ἐγίνετο
500 1235 592 1288 106
617 1236 674 1288 ἐν
699 1227 743 1302 ᾧ
773 1229 863 1304 ἧν,
894 1231 1136 1302 ἑπομένη
1177 1232 1418 1302 προϊόντι
1446 1228 1526 1300 τῷ
1559 1228 1736 1297 Λόγῳ.

1957 497 2086 551 sita.
2116 495 2268 550 Hanc
2298 496 2463 565 igitur
2511 493 2880 564 egressionem
2929 506 3150 562 egressa
3195 499 3280 546 est
3333 491 3540 553 anima,

1956 588 2140 643 Verbo
2179 603 2280 643 usa
2323 587 2486 648 duce,
2529 587 2674 658 quod
2707 586 2883 640 dixit:
2925 585 3035 655 Ego
3080 601 3196 638 sum
3228 593 3278 638 et
3311 584 3437 645 via,
3489 590 3541 634 et

1955 683 2182 745 ostium;
2216 682 2262 734 si
2290 681 2408 752 quis
2440 697 2532 751 per
2561 697 2639 734 me
2668 680 3016 750 ingrediatur,
3049 680 3095 732 is
3131 687 3180 732 et
3213 677 3542 748 ingredietur

1953 783 2003 828 et
2033 775 2332 843 egredietur
2351 774 2428 826 ⁸⁹ι
2485 773 2560 826 ita
2609 780 2669 826 ut
2713 787 2995 842 nunquam
3041 786 3143 825 nec
3193 769 3541 840 ingrediundi

1951 879 2052 918 nec
2093 863 2414 934 egrediundi
2443 863 2602 918 finem
2659 862 2856 916 faciat:
2893 861 2989 916 sed
3021 861 3236 916 desinat
3259 861 3348 914 ubi
3374 859 3540 930 proli-

1948 957 2144 1010 ciendo
2171 956 2456 1025 superiora
2483 965 2567 1010 est
2595 955 2903 1024 ingressus;
2937 965 2991 1008 et
3021 968 3236 1023 semper
3267 959 3424 1006 extra
3447 953 3538 1006 illa

1946 1055 2221 1110 versetur,
2259 1062 2380 1114 quae
2423 1044 2630 1100 fuerint
2665 1061 2694 1098 a
2744 1061 2802 1100 se
2832 1045 3250 1115 comprehensa.
3283 1043 3376 1098 Sic
3404 1043 3540 1096 olim

1949 1137 2152 1192 Mosem
2187 1153 2405 1208 quoque
2437 1138 2604 1192 facies
2649 1137 2740 1191 illa
2780 1138 2992 1190 Domini
3025 1138 3338 1192 desiderata
3399 1152 3544 1205 pra:-

1957 1231 2104 1285 teriit
2133 1248 2144 1283 :
2189 1231 2271 1286 sic
2299 1229 2546 1299 ejusdem
2578 1230 2912 1299 legislatoris
2935 1229 3115 1282 anima
3145 1244 3363 1297 semper
3388 1237 3543 1282 extra

1957 1323 2010 1377 id
2051 1323 2521 1392 progrediebatur,
2575 1323 2630 1376 in
2662 1337 2772 1393 quo
2811 1329 2952 1386 erat,
2991 1321 3271 1392 sequendo
3300 1319 3541 1376 Verbum

1953 1401 2285 1470 praecedens.

327 1532 426 1595 Τίς
455 1529 562 1603 γὰρ
592 1529 694 1585 οὐκ
717 1526 825 1584 οἶδε
851 1529 949 1595 τὰς
980 1530 1272 1593 ἀναϐάσεις
1311 1529 1545 1594 ἐκείνας,
1575 1527 1642 1592 ἀς
1675 1527 1844 1599 ἀνέϐη

2023 1527 2161 1596 Quis
2193 1527 2340 1584 enim
2373 1527 2590 1598 ignorat
2623 1525 2828 1596 gradus
2873 1526 3016 1591 illos,
3051 1542 3190 1597 quos
3220 1527 3542 1602 conscendit

251 1623 284 1674 ὁ
313 1624 578 1693 Μωῦσῆς,
617 1624 646 1675 ὁ
701 1623 789 1676 ἀεὶ
839 1623 1012 1694 μέγας
1059 1622 1378 1692 γινόμενος,
1437 1621 1532 1676 καὶ
1577 1621 1847 1692 μηδέποτε

255 1717 548 1784 ἱστάμενος
577 1716 677 1786 τῆς
703 1715 795 1767 ἐπὶ
825 1713 886 1767 τὺ
917 1713 1100 1785 μεῖζον
1123 1715 1406 1784 αὐξήσεως
1431 1731 1444 1780 ;
1477 1713 1699 1785 Ηὺξήθη
1728 1719 1848 1768 κατ’

253 1807 466 1878 ἀρχὰς,
501 1809 590 1860 ὅτε
631 1807 728 1877 τῆς
755 1807 865 1860 τῶν
903 1807 1214 1876 Αἰγυπτίων
1258 1805 1532 1876 βασιλείας
1586 1807 1848 1877 ὑψηλότε-

258 1917 356 1970 ρον
389 1899 479 1951 τὸν
517 1898 822 1969 ὀνειδισμὸν
860 1897 955 1951 τοῦ
1003 1897 1240 1969 Χριστοῦ
1289 1900 1615 1970 ἐποιήσατο·
1648 1899 1849 1969 μᾶλλον

254 1989 514 2058 ἑλόμενος
574 1988 1068 2058 συγκακουχείσθαι
1111 1987 1188 2059 τῷ
1246 1988 1360 2058 λαῷ
1411 1988 1506 2040 τοῦ
1567 1987 1704 2041 Θεοῦ
1730 2029 1743 2046 .
1804 1989 1838 2061 ἢ

253 2081 588 2152 πρόσκαιρον
611 2080 753 2151 ἔχειν
777 2081 1054 2152 ἁμαρτίας
1080 2079 1399 2134 ἀπόλαυσιν.
1421 2080 1644 2152 Ηὺξήθη
1688 2081 1850 2135 πάλιν

251 2174 348 2226 ὅτε
406 2171 842 2236 καταπονοῦντος
898 2172 990 2226 τὸν
1050 2171 1299 2241 Ἑϐραῖον
1349 2170 1443 2224 τοῦ
1504 2173 1805 2240 Αἰγυπτίου
1832 2213 1846 2236 ,

257 2257 486 2318 θανατοῖ
499 2261 592 2315 τδν
625 2261 944 2332 ἀλλόφυλον,
975 2263 1116 2334 ὑπὲρ
1149 2263 1245 2316 τοῦ
1279 2261 1615 2333 Ἰσραηλίτου
1646 2265 1847 2332 ἀγωνι-

254 2354 682 2426 ζόμενος.Νοεϊς
707 2354 764 2408 δὲ
783 2354 1001 2419 πάντως
1021 2357 1078 2408 ὲν
1103 2353 1308 2419 τούτοις
1332 2355 1423 2406 τὸν
1443 2355 1543 2424 τῆς
1567 2353 1850 2425 αὐξήσεως

251 2448 480 2519 τρόπον,
513 2445 830 2518 μεταϐαλὼν
886 2447 984 2518 τὴν
1023 2447 1262 2518 ἱστορίαν
1291 2449 1372 2510 εἰς
1407 2448 1678 2518 τροπικὴν
1709 2447 1847 2500 θεω-

255 2539 406 2610 ρίαν.
437 2540 606 2593 Πάλιν
633 2538 827 2594 ἑαυτοῦ
862 2537 1064 2611 μείζων
1096 2539 1330 2608 ἐγένετο,
1351 2541 1718 2611 ἀπεριήχητον
1749 2541 1851 2612 τὴν

255 2630 406 2701 ζωὴν
455 2631 760 2702 φυλάττων,
783 2631 872 2685 διὰ
901 2632 1000 2701 τῆς
1025 2634 1085 2684 ἐν
1111 2635 1176 2703 τῇ
1211 2634 1405 2703 ἐρήμῳ
1437 2632 1756 2702 φιλοσοφίας
1790 2634 1850 2686 ἐν

253 2723 438 2794 χρόνῳ
469 2723 668 2794 πολλῷ.
697 2719 833 2778 Εἶτα
857 2723 936 2794 τῷ
971 2725 1103 2796 πυρὶ
1130 2725 1210 2795 τῷ
1240 2726 1334 2777 ἐπὶ
1354 2723 1454 2795 τῆς
1491 2723 1655 2794 βάτου
1684 2725 1851 2794 φωτί-

255 2815 435 2880 ζεται.
458 2815 662 2886 Γυμνοῖ
685 2816 822 2887 πρὸς
853 2815 1062 2879 τούτοις
1083 2817 1180 2886 τῆς
1207 2819 1410 2888 νεκρᾶς
1436 2817 1730 2888 περιϐολῆς
1751 2817 1851 2880 τὰς

1953 1621 2158 1688 Moses,
2192 1622 2286 1692 qui
2314 1635 2530 1692 semper
2565 1619 2740 1688 maj‘or
2779 1617 3130 1683 reddebatur,
3171 1626 3226 1674 et
3261 1635 3540 1688 nunquam

1954 1713 2280 1784 proficiuudi
2311 1714 2548 1783 amplius
2573 1713 2735 1766 finem
2761 1711 3036 1766 faciebat?
3065 1709 3239 1780 Major
3264 1711 3440 1764 factus
3461 1719 3544 1764 est

1953 1806 2134 1870 initio,
2183 1822 2308 1861 cum
2339 1805 2724 1877 Egyptiorum
2776 1819 2947 1874 regno
2995 1803 3290 1858 sublimius
3343 1818 3546 1872 oppro-

1952 1900 2133 1954 brium
2167 1897 2372 1953 Christi
2427 1899 2692 1953 duceret:
2747 1913 2811 1950 ac
2841 1897 2934 1950 Dei
2971 1912 3096 1950 cum
3145 1897 3346 1966 popqu
3381 1895 3544 1964 aliiigi

1951 1992 2158 2054 mallet,
2205 2006 2371 2061 quam
2406 1991 2796 2059 temporariam
2843 1989 3053 2060 peccati
3091 1985 3410 2040 fruitionem
3446 1987 3546 2038 ba-

1954 2085 2101 2139 bere.
2141 2081 2380 2136 Rursum
2414 2081 2593 2150 major
2630 2079 2812 2149 factus
2836 2088 2941 2144 est,
2971 2094 3096 2134 cum
3124 2077 3386 2149 Egyptio
3435 2075 3544 2130 lle—

1951 2177 2155 2232 braeum
2187 2174 2478 2245 affligente,
2523 2174 2800 2228 hominem
2831 2173 3071 2226 alienum
3119 2187 3152 2225 a
3193 2172 3415 2225 natione
3447 2185 3546 2225 sua

1953 2282 2130 2324 morte
2155 2270 2372 2331 multat,
2402 2267 2764 2322 lsraeliticum
2791 2281 3166 2336 propugnans.
3191 2264 3257 2317 Et
3286 2264 3546 2335 intelligis

1949 2360 2176 2416 omnino
2206 2360 2527 2415 incrementi
2557 2359 2778 2414 modum
2805 2361 2860 2412 in
2891 2359 2999 2420 his,
3027 2357 3374 2414 considerata
3412 2355 3546 2424 figit-

1949 2463 2070 2508 rate
2100 2452 2352 2508 historia.
2391 2451 2633 2506 Rursum
2671 2451 2848 2520 major
2880 2451 3063 2520 seipso
3097 2449 3173 2512 fit,
3217 2464 3342 2502 cum
3383 2447 3548 2516 longo

1951 2552 2194 2613 tempore
2239 2560 2336 2614 per
2384 2545 2905 2598 commentationem
2953 2543 3006 2595 in
3041 2540 3340 2598 solitudine
3372 2539 3540 2594 vitam

1953 2637 2268 2692 hominibus
2319 2639 2556 2706 ignotam
2607 2647 2817 2706 ageret.
2863 2635 3072 2690 Deinde
3121 2635 3190 2689 ab
3242 2634 3389 2704 igne,
3445 2632 3544 2702 qui

1953 2739 2072 2785 erat
2101 2730 2156 2784 in
2181 2729 2342 2790 rubo,
2375 2731 2705 2784 illustratur.
2739 2727 3054 2782 Secundum
3093 2726 3196 2780 hoc
3233 2733 3433 2794 pra-ter
3459 2724 3549 2778 lu-

1945 2823 2036 2878 cis
2087 2822 2273 2878 radios
2323 2823 2502 2876 oculis
2555 2829 2849 2891 perceptus
2884 2820 3047 2874 etiam
3103 2818 3324 2873 auditus
3375 2816 3549 2886 ipsius

256 2907 454 2961 ἑαυτοῦ
483 2905 673 2978 βάσεις
697 2923 711 2936 ·
734 2907 1015 2960 ἀναλίσκει
1041 2909 1106 2978 τῇ
1143 2907 1324 2978 ῥάϐδῳ
1360 2909 1486 2972 τοὺς
1517 2907 1850 2976 Αἰγυπτίους

1958 2917 2168 2986 fulgore
2213 2918 2449 2987 quodam
2492 2915 2864 2986 perfunditur.
2917 2912 2999 2967 Ad
3051 2913 3166 2967 haec
3215 2911 3382 2982 pedes
3416 2925 3549 2966 suos

255 2999 557 3071 δράκοντας
581 3015 595 3029 ·
635 2999 932 3070 ἐξαιρεῖται
962 2999 1062 3069 τῆς
1099 2999 1412 3067 τυραννίδος
1439 2999 1534 3052 106
1557 2999 1759 3071 Φαραὼ
1785 2998 1846 3051 τὸ

257 3091 532 3162 ὁμόφυλον
551 3091 853 3162 ’ὁδηγεῖ-’ται
881 3091 970 3144 διὰ
989 3091 1220 3162 νεφέλης
1237 3108 1251 3122 ·
1282 3091 1480 3162 διαιρεῖ
1501 3091 1562 3144 τὸ
1591 3091 1843 3160 πέλαγος·

258 3183 591 3255 ὑποϐρύχιον
619 3187 767 3236 ποιεῖ
797 3184 895 3254 τήν
927 3185 1218 3255 τυραννίδα
1237 3199 1250 3211 ·
1277 3183 1558 3251 γλυκαίνει
1577 3182 1676 3254 τὴν
1705 3182 1852 3255 Μαρ-

263 3275 400 3348 ράν·
435 3276 642 3330 πιαίνει
669 3275 768 3347 τὴν
823 3276 1032 3345 πέτραν
1055 3293 1068 3307 ·
1095 3277 1420 3346 ἐμφορεῖται
1466 3275 1568 3345 τῆς
1609 3273 1718 3328 τῶν
1747 3277 1850 3344 ἀγ-

259 3367 440 3436 γέλων
481 3367 686 3438 τροφῆς
705 3385 718 3398 ·
744 3368 854 3421 τῶν
881 3368 1198 3437 σαλπίγγων
1229 3367 1417 3421 ἀκούει
1442 3386 1456 3400 υ
1493 3369 1586 3422 1:06
1615 3368 1851 3439 καιομέ-

263 3473 356 3511 νου
385 3457 548 3529 ὅρους
587 3458 904 3529 κατατολμᾷ
923 3476 934 3486 ·
963 3459 1062 3528 τῆς
1097 3459 1410 3530 ἀκρωρείας
1447 3459 1678 3512 ἅπτεται
1708 3477 1721 3492 ο
1753 3461 1853 3531 τὴν

262 3549 500 3619 νεφέλην
543 3549 877 3620 ὑπέρχεται·
915 3549 1068 3613 ἐντὸς
1099 3549 1194 3602 τοῦ
1226 3550 1428 3619 γνόφου
1470 3551 1680 3619 γίνεται
1715 3553 1774 3604 ἐν
1809 3544 1854 3619 ᾧ

255 3633 332 3710 ἦν
357 3640 558 3704 ὁΘεόςο
575 3640 676 3711 τὴν
697 3639 958 3712 διαθήκην
981 3641 1223 3710 δέχεται·
1240 3641 1393 3713 ἥλιος
1413 3641 1620 3710 γίνεται
1649 3643 1856 3710 ἀπροσ-

263 3731 535 3794 πέλαστος
595 3735 710 3796 τοῖς
762 3731 1246 3803 προσεγγίζουσιν,
1311 3733 1400 3786 τοῦ
1453 3733 1746 3805 προσώπου
1795 3733 1856 3788 τὸ

265 3822 387 3891 φῶς
411 3823 842 3894 ἀπαστράπτων.
864 3824 972 3877 Καὶ
1002 3823 1118 3886 πῶς
1153 3823 1335 3888 πάσας
1362 3825 1656 3889 ἀναϐάσεις
1689 3823 1855 3879 αὑτοῦ

267 3913 336 3966 ἄν
365 3929 451 3977 τις
483 3915 575 3967 καὶ
597 3914 697 3977 τάς
724 3913 1044 3983 θεοφανείας
1059 3914 1262 3980 ἐξέλθοι
1291 3916 1540 3980 ποικίλας
1574 3916 1652 3988 τῷ
1679 3916 1856 3988 λόγῳ;

281 4005 421 4058 Ἀλλ’
435 4007 584 4076 ὅμως
603 4008 632 4058 ὁ
649 4005 926 4071 τοσοῦτος,
950 4008 978 4059 ὁ
1006 4007 1264 4070 τοιοῦτος,
1283 4008 1313 4060 ό
1332 4009 1390 4060 ἐν
1405 4007 1682 4071 τοσούτοις
1709 4009 1861 4076 γενό-

272 4115 456 4169 μενος,
501 4099 596 4152 καὶ
630 4099 720 4152 διὰ
759 4100 1014 4153 τοσοῦτον
1041 4101 1179 4171 πρὸς
1213 4101 1306 4154 τὸν
1331 4101 1462 4154 Θεὸν
1493 4101 1748 4170 ὑψωθεὶς,
1778 4100 1858 4155 ἐτι

1953 3005 2290 3061 cadaveroso
2331 3011 2646 3075 tegumento
2684 3003 2966 3069 denudat;
3029 3002 3229 3056 bacqu
3268 3001 3540 3055 dracones

1955 3099 2245 3170 [Egyptios
2275 3097 2550 3163 absumit;
2599 3098 2876 3151 nationem
2913 3111 3069 3151 suam
3121 3094 3428 3149 Pharaonis
3459 3103 3546 3164 ty-

1955 3190 2186 3246 rannide
2241 3190 2474 3255 liberat;
2535 3205 2632 3259 per
2679 3187 2880 3242 nubem
2935 3201 3160 3242 suorum
3192 3185 3391 3240 ductor
3439 3195 3548 3250 est;

1957 3284 2150 3338 dividit
2179 3299 2360 3351 mare;
2397 3283 2742 3352 tyrannidem
2787 3279 3083 3350 demergit;
3127 3278 3394 3331 Mart-ham
3425 3277 3552 3330 dul-

1957 3389 2074 3429 cem
2107 3373 2324 3438 reddit;
2367 3389 2558 3429 sasum
2589 3373 2786 3436 mollit;
2833 3372 3148 3438 angelorum
3180 3369 3304 3422 cibo
3336 3374 3554 3422 satura-

1959 3471 2079 3530 tur;
2113 3465 2266 3517 audit
2299 3465 2495 3527 tubas;
2529 3463 2792 3516 audacter
2830 3467 3069 3514 montem
3099 3458 3379 3513 ardentem
3419 3473 3554 3512 con-

1959 3556 2209 3623 scendit;
2249 3557 2301 3609 in
2337 3555 2599 3609 verticem
2635 3554 2924 3624 pervenit;
2957 3551 3162 3605 nubem
3193 3549 3382 3616 subit;
3419 3550 3555 3602 cali—

1957 3648 2139 3719 ginem
2175 3648 2368 3709 intrat,
2400 3647 2454 3700 in
2499 3661 2607 3716 qua
2644 3645 2785 3700 Deus
2809 3653 2958 3708 erat;
3005 3642 3188 3697 foedus
3222 3641 3452 3711 accipit;
3497 3636 3556 3690 ﬁt

1961 3739 2065 3802 sol,
2111 3739 2242 3793 dum
2291 3738 2506 3808 fulgens
2557 3753 2588 3792 e
2619 3737 2772 3790 vultu
2813 3737 2994 3790 lumen
3028 3734 3248 3798 emittit,
3301 3733 3369 3787 ad
3404 3731 3552 3802 quod

1961 3832 2223 3886 accedere
2271 3831 2500 3899 propius
2549 3843 2710 3882 nemo
2741 3836 2948 3898 posset.
2977 3825 3043 3880 Et
3069 3826 3164 3896 qui
3199 3824 3423 3879 tandem
3454 3825 3556 3877 ali-

1961 3923 2085 3992 quis
2112 3937 2303 3976 omnes
2339 3921 2516 3989 ipsius
2564 3935 2834 3975 ascensus
2885 3919 3182 3987 variasque
3215 3915 3310 3971 Dei
3351 3915 3558 3986 patefa-

1961 4015 2171 4068 ctiones
2223 4011 2404 4065 verbis
2457 4010 2787 4064 enmneret?
2835 4008 3203 4063 Nihilominus
3237 4008 3324 4061 vir
3367 4015 3556 4060 tantus

1963 4121 2027 4160 ac
2053 4105 2198 4168 talis,
2240 4102 2334 4172 qui
2361 4103 2526 4155 tantis
2557 4101 3092 4164 rebusinterfuerat,
3133 4107 3188 4155 et
3217 4115 3393 4170 usque
3419 4099 3559 4152 adeo

269 4189 564 4260 ἀπλήστως
595 4189 708 4260 ἔχει
736 4189 835 4261 τῆς
867 4189 1162 4260 ἐπιθυμίας
1207 4191 1300 4244 τοῦ
1343 4191 1614 4255 πλείονος,
1637 4192 1731 4244 καὶ
1763 4191 1851 4245 τοῦ

1964 4195 2018 4248 in
2071 4193 2306 4248 sublime
2366 4191 2434 4246 ad
2491 4191 2658 4244 Deum
2708 4197 3112 4261 penetraverat,
3165 4189 3558 4244 insatiabiliter

271 4279 416 4332 κατά
447 4279 738 4350 πρόσωπον
771 4279 898 4332 ίδεῖν
929 4280 1022 4334 τὸν
1051 4280 1184 4334 Θεὸν
1245 4281 1432 4352 ἱκέτης
1463 4283 1692 4352 γίνεται.
1717 4283 1851 4337 Καί-

1972 4287 2241 4356 ampliora
2274 4285 2642 4354 concupiscit,
2675 4299 2737 4337 ac
2767 4283 3092 4354 suppliciter
3117 4283 3272 4353 petit,
3298 4291 3356 4336 ut
3385 4281 3556 4336 Deum

269 4386 355 4422 τοι
389 4373 837 4442 μαρτυρήσαντος
879 4371 980 4442 ήδη
1034 4371 1127 4426 τοῦ
1160 4373 1341 4443 λόγου,
1366 4375 1466 4446 τῆς
1513 4375 1657 4428 κατὰ
1682 4376 1851 4446 πρόσ-

1961 4380 2105 4434 facic
2139 4379 2316 4449 possit
2353 4379 2572 4432 intui-ri.
2613 4376 2777 4446 Alqui
2824 4376 2936 4443 jam
2986 4383 3113 4428 ante
3141 4381 3343 4428 testata
3373 4372 3556 4428 fuerat

269 4479 421 4514 ωπον
451 4462 618 4515 αὑτοῦ
650 4462 867 4534 ὁμιλίας
893 4461 1179 4534 ἠξιῶσθαι.
1213 4465 1350 4518 Ἀλλ’
1373 4467 1522 4536 ὅμως
1541 4465 1665 4519 οὔτε
1692 4467 1752 4519 τὸ
1783 4465 1851 4530 ὡς

1961 4471 2268 4540 Scriptura,
2318 4469 2516 4522 factam
2567 4469 2616 4523 ei
2659 4470 2828 4522 fuisse
2861 4468 3074 4536 copiam
3109 4465 3557 4520 conversationis

271 4555 416 4625 φίλῳ
467 4555 953 4626 προσδιαλέγεσθαι
984 4573 999 4588 ⁸
1025 4557 1159 4612 οὔτε
1199 4561 1231 4628 ή
1268 4560 1441 4630 στόμα
1489 4559 1631 4614 κατά
1687 4560 1851 4630 στόμα

1959 4578 2084 4617 cum
2125 4562 2232 4617 Deo
2260 4561 2326 4616 de
2359 4562 2496 4615 facie
2531 4560 2598 4614 ad
2629 4558 2844 4614 faciem.
2881 4557 3248 4612 Nihilominus
3289 4573 3467 4627 neque
3499 4556 3556 4612 id

271 4647 534 4718 γινομένη
570 4647 718 4718 αὑτῷ
755 4648 892 4718 πρὸς
937 4647 1068 4700 Θεὸν
1101 4650 1308 4719 ὁμιλία.
1362 4651 1460 4720 τῆς
1506 4651 1618 4703 τῶν
1657 4652 1862 4704 ἀνωτέ-

277 4755 388 4810 ρων
417 4738 580 4791 αὑτὸν
615 4737 912 4808 ἐπιθυμίας
933 4739 1166 4809 ἵστησιν.
1198 4741 1438 4815 Ἀλλ’,Εί
1457 4741 1688 4813 εὕρηκα,
1707 4743 1860 4812 φησι,

274 4831 438 4903 χάριν
459 4830 689 4884 ἐνώπιόν
725 4848 840 4893 σου,
875 4830 1176 4900 ἐμφάνισόν
1210 4849 1302 4903 μοι
1337 4832 1564 4886 σεαυτὸν
1587 4833 1866 4902 γνωστῶς.

274 4925 388 4979 Καὶ
419 4926 448 4976 ὀ
475 4922 574 4996 τὴν
605 4921 922 4993 αίτηθεῖσαν
949 4923 1106 4994 χάριν
1139 4923 1331 4976 δώσειν
1373 4924 1866 4996 ἐπαγγειλάμενος,

275 5018 306 5070 ό
327 5014 520 5079 εἰπὼν,
560 5015 792 5084 Ἔγνω-ν
813 5015 888 5067 σὲ
916 5013 1076 5082 παρὰ
1099 5015 1353 5080 πάντας,
1397 5016 1736 5088 παρέρχεται
1774 5016 1873 5070 αὑ-

277 5107 368 5158 τὸν
392 5105 487 5158 ἐπὶ
516 5103 612 5158 106
659 5104 804 5158 θείου
828 5104 1016 5158 ’τόπου
1047 5107 1104 5158 ἐν
1136 5109 1204 5176 τῇ
1229 5107 1422 5178 ’πέτρᾳ
1444 5107 1551 5160 ὑπὸ
1578 5108 1680 5178 τῆς
1719 5108 1872 5170 θείας

279 5194 464 5264 χειρὸς
499 5192 906 5266 σκεπᾱζὸμενον
947 5213 962 5225 ο
1012 5195 1154 5249 ὥστε
1203 5198 1361 5266 μόγις
1411 5199 1538 5252 ίδεῖν
1593 5200 1734 5271 μετὰ
1775 5203 1874 5271 τὴν

280 5286 516 5357 πάροδον
543 5286 708 5340 αὑτοῦ
741 5286 809 5340 τά
833 5285 1074 5348 ὀπίσθια,
1101 5288 1398 5355 Διδάσκων,
1429 5287 1604 5361 οἶμαι,
1629 5292 1720 5346 διὰ
1747 5293 1874 5346 τού-

279 5396 390 5431 των
425 5381 454 5433 ὁ
489 5379 670 5448 λόγος,
719 5380 802 5433 ὅτι
853 5382 882 5434 ὁ
915 5381 1042 5434 ἰδεῖν
1073 5381 1165 5435 τὸν
1197 5383 1328 5435 Θεδν
1372 5383 1676 5454 ἐπιθυμῶν,
1706 5385 1764 5438 ἐν
1791 5385 1871 5457 τῷ

283 5470 370 5522 ἀεὶ
400 5469 550 5541 αὑτῷ
597 5470 914 5525 ἀκολουθεῖν
967 5475 1070 5544 ὁρᾷ
1113 5474 1174 5526 τὸ
1205 5473 1566 5545 ποθούμενον,
1587 5476 1682 5529 καὶ
1709 5479 1741 5548 ἡ
1771 5477 1866 5530 τοῦ

283 5561 578 5632 προσώπου
606 5563 772 5618 αὑτοῦ
808 5563 1009 5636 θεωρία
1040 5566 1187 5618 ἐστὶν
1215 5569 1248 5637 ἡ
1282 5565 1560 5632 ἄπαυστος
1597 5569 1736 5640 πρὸς
1769 5569 1866 5623 αὑ-

328 5737 374 5770 ⁶³
407 5737 604 5795 Joann.
627 5757 680 5804 ιι,
707 5741 759 5796 9.
823 5741 866 5773 ⁶⁰
893 5741 1063 5797 Exod.
1095 5758 1291 5810 χχχιιι,
1332 5745 1413 5798 l7.

1961 4651 2107 4720 quod
2163 4651 2572 4720 colloqueretur
2624 4665 2746 4703 cum
2801 4647 2910 4702 Deo
2967 4646 3126 4716 quasi
3182 4648 3390 4702 amicus
3419 4663 3543 4702 cum

1965 4745 2142 4798 amico
2167 4783 2182 4808 ,
2236 4759 2412 4812 neque
2446 4742 2590 4811 quod
2621 4740 2963 4794 familiariter
2993 4753 3117 4792 cum
3154 4754 3220 4792 eo
3258 4754 3556 4792 conversa-

1965 4844 2142 4899 retur,
2199 4834 2450 4889 inhibere
2485 4833 2844 4902 cupiditatem
2879 4833 2999 4899 ejus
3046 4837 3277 4900 pmerat,
3327 4837 3386 4882 ut
3423 4829 3562 4884 ulte-

1968 4928 2114 4982 riora
2146 4941 2252 4980 non
2281 4935 2584 4995 expeteret.
2635 4924 2692 4976 Si
2725 4925 2980 4993 gratiam,
3015 4923 3212 4990 inquit,
3251 4921 3432 4974 inveni
3466 4936 3562 4977 co-

1969 5035 2087 5074 ram
2125 5027 2198 5084 tc,
2236 5017 2533 5088 patefacito
2563 5017 2698 5070 mihi
2745 5018 2980 5086 teipsum
3020 5016 3116 5078 ita,
3167 5023 3225 5068 nt
3265 5029 3564 5084 agnoscere

1973 5119 2030 5166 te
2071 5111 2300 5180 possim.
2331 5107 2398 5162 Et
2435 5109 2482 5164 is
2513 5109 2608 5178 qui
2633 5109 2864 5175 gratiam
2893 5107 3037 5160 hanc
3064 5107 3167 5176 ipsi
3202 5105 3475 5160 facturum
3505 5123 3566 5162 se

1975 5203 2288 5273 pollicetur,
2319 5203 2400 5257 uti
2456 5211 2678 5272 rogatus
2714 5209 2832 5254 erat
2883 5199 3044 5270 (cum
3077 5198 3296 5268 quidem
3333 5199 3561 5256 diceret.

1979 5295 2116 5349 Novi
2147 5306 2194 5349 te
2223 5311 2388 5364 supra
2411 5309 2590 5346 omnes
2615 5292 2714 5360 ‘°),
2739 5292 2978 5361 praeterit
3003 5307 3126 5345 eum
3151 5290 3204 5343 in
3231 5289 3421 5344 divino
3449 5291 3570 5344 loco

1977 5387 2029 5440 in
2060 5397 2233 5456 petra,
2265 5403 2426 5440 manu
2456 5385 2642 5438 divina
2664 5391 2866 5439 lectum
2896 5401 2910 5437 :
2944 5383 3018 5436 ita
3047 5391 3104 5436 ut
3129 5383 3214 5438 vix
3245 5389 3367 5452 post
3387 5391 3569 5436 trans-

1975 5484 2110 5538 itum
2167 5485 2472 5552 posteriora
2527 5481 2623 5537 Dei
2674 5479 3042 5548 conspiceret.
3109 5479 3325 5545 Quibus
3361 5478 3565 5534 Verbis.

1974 5585 2032 5630 ιιι
2074 5576 2329 5646 equidem
2382 5577 2642 5639 arbitror,
2700 5574 2999 5640 docemur,
3073 5593 3199 5632 eum
3241 5575 3334 5646 qui
3383 5573 3566 5629 τίθει-ιι
