3850 6224
390 312 530 368 1027
1592 310 1650 367 S.
1694 305 2023 365 GREGORII
2059 307 2349 366 NYSSENI
3550 306 3707 364 {0‘28

388 433 558 489 Deum
590 433 799 506 cupiat,
834 433 1093 492 desiderii
1140 440 1449 505 compotem
1477 431 1595 488 fieri
1642 444 1861 500 semper
1891 445 1908 484 s

2204 430 2430 500 πορεία,
2473 431 2661 503 πρόσω
2688 429 2778 485 διὰ
2806 430 2869 486 τὸ
2892 431 3120 486 κατόπιν
3151 429 3382 484 ἔπεσθαι
3414 429 3706 502 τῷΛόγῳ

386 528 629 598 quendo,
661 536 716 584 et
741 527 941 583 divinas
971 527 1129 583 faciei
1164 526 1559 596 contemplatio
1589 532 1673 579 est
1705 522 1787 577 ad.
1808 526 1906 580 Det

2189 524 2522 596 ορθουμὲνη.
2553 524 2733 605 ,Οὕτω
2770 527 2949 579 τοίνυν
2994 525 3088 579 καὶ
3142 524 3239 578 νῦν
3283 526 3317 594 ἠ
3350 523 3549 594 ψυχὴ,
3609 523 3709 576 ὅτε

387 640 669 694 nunquam
711 625 1018 695 interrupta
1071 623 1406 694 progressio,
1442 637 1566 692 qua:
1611 629 1726 674 tum
1757 622 1907 675 demu

2191 633 2283 687 στη
2316 616 2404 670 διὰ
2435 617 2529 670 τοῦ
2557 616 2916 681 θανάτου,ὃτε
2955 618 3243 689 ἐπληρώθη
3275 618 3374 687 τῆς
3400 617 3711 687 σμύρνης,

390 716 551 771 nobis
579 716 840 787 praeclare
890 715 1158 780 succedit,
1207 730 1331 769 cum
1368 712 1609 768 Verbum
1644 728 1675 767 a
1713 722 1910 783 tergos

2192 711 2509 781 προσήγαγε
2536 709 2614 781 τῷ
2629 709 2864 782 κλείθρῳ
2888 709 2979 764 διὰ
3002 711 3109 763 τῶν
3133 710 3310 780 ἔργων
3339 710 3446 771 τὰς
3469 712 3712 778 χεῖρας.

386 809 630 878 quimur.
668 808 762 864 Sic
786 809 955 879 igitur
992 823 1140 863 nunc
1171 809 1335 864 etiam
1387 817 1743 877 posteaquam
1793 806 1906 861 anir

2205 803 2581 856 ἐσοικίσασθαι
2611 802 2703 856 τὸν
2747 802 3081 873 ποθούμενον
3107 802 3305 872 ἤλπισε
3326 815 3341 828 ·
3365 800 3501 852 τότε
3528 799 3561 849 ὁ
3602 799 3715 866 μὲν

388 915 487 969 per
523 908 753 955 mortem
791 900 1054 965 surrexit,
1106 909 1463 968 posteaquam
1501 897 1722 969 myrrha
1773 898 1908 967 reple

2193 895 2441 966 κέρχεται,
2464 897 2496 967 ἡ
2518 896 2575 949 δὲ
2596 895 2896 967 ἐξέρχεται,
2915 895 3102 948 οὐκέτι
3133 894 3368 964 μένουσα
3387 893 3453 943 ὲν
3481 884 3577 952 οἷς
3609 884 3713 958 ἦν’

385 994 492 1052 est,
526 996 881 1058 posteaquam
916 1003 1012 1058 per
1035 1003 1199 1057 opera
1228 1002 1425 1040 manus
1447 985 1690 1040 admovit
1716 986 1905 1040 clausti

2197 987 2341 1041 ιτοῦ
2377 987 2554 1057 Λόγου
2590 988 2683 1041 ἐπὶ
2728 988 2796 1042 τὰ
2845 987 3033 1059 πρόσω
3083 983 3515 1058 προηγουμένου
3570 984 3717 1050 ἐφαο

385 1096 554 1150 seque
610 1080 1053 1133 intromissuram
1113 1079 1485 1133 desideratum
1538 1078 1804 1147 speravit,
1864 1087 1979 1133 tum
2081 1080 2346 1153 πτομένη.

383 1178 602 1232 demum
648 1176 738 1230 ille
777 1174 997 1245 quidem
1045 1174 1305 1242 praeterit,
1375 1174 1490 1228 haec
1539 1188 1670 1228 vero
1741 1173 2040 1244 egreditur,
2084 1192 2193 1232 nou
2247 1176 2482 1248 amplius
2532 1191 2763 1233 manens
2802 1176 2858 1230 in
2908 1174 3000 1243 iis,
3047 1175 3104 1229 in
3136 1173 3339 1243 quibus
3376 1180 3534 1234 erat,
3597 1169 3709 1223 sed

388 1268 623 1323 Verbum
656 1275 907 1338 tangens.
934 1267 1076 1335 quod
1113 1268 1178 1321 ad
1213 1267 1476 1322 ulteriora
1516 1266 1687 1321 ducit.
2728 1248 2743 1256 ⁵

455 1362 588 1427 Qua:
626 1369 805 1414 autem
838 1369 1149 1429 sequuntur
1176 1359 1363 1424 verba,
1418 1359 1595 1429 magis
1645 1358 1809 1413 etiam
1841 1374 1975 1413 con-

2190 1360 2224 1412 D
2251 1358 2309 1412 δὲ
2339 1358 2539 1430 ἐφεξῆς
2562 1359 2720 1428 λόγος
2762 1358 2962 1431 μᾶλλον
2987 1360 3119 1429 ἡμῖν
3161 1355 3372 1427 βεὸαιοί
3413 1354 3530 1423 τὴν
3564 1371 3710 1423 προ-

384 1452 605 1508 tirmant
637 1451 1039 1507 consideratam
1074 1466 1103 1504 a
1126 1452 1284 1506 nobis
1315 1450 1581 1505 hactenus
1608 1453 1904 1505 sententiar

2186 1451 2454 1523 ιρηθεῖσαν
2485 1451 2743 1515 διάνοιαν,
2783 1452 2865 1504 ὅτι
2898 1453 2997 1505 οὐκ
3027 1453 3085 1504 ἐν
3131 1448 3208 1519 τῷ
3248 1445 3706 1517 καταλαμϐάνε-

382 1561 493 1599 non
520 1545 783 1615 cognosci
822 1554 1036 1599 naturae
1063 1544 1264 1599 divinae
1295 1543 1733 1615 magnitudinem
1767 1546 1821 1599 in
1850 1561 1902 1616 pe

2182 1562 2207 1596 ,ι
2240 1544 2300 1597 τὸ
2349 1543 2579 1616 μέγεθος
2612 1545 2712 1616 τῆς
2743 1542 2894 1608 θείας
2921 1543 3244 1614 γνωρίζεται
3277 1539 3535 1609 φύσεως,
3576 1539 3702 1591 ἀλλ’

383 1639 657 1707 cipiendo,
696 1639 790 1692 sed
850 1640 903 1691 in
937 1653 1004 1691 eo
1041 1636 1187 1707 quod
1247 1652 1465 1691 omnem
1518 1638 1903 1707 imaginatione

2180 1633 2255 1705 τῷ
2289 1633 2543 1706 παριέναι
2579 1636 2760 1688 πᾶσαν
2796 1633 3209 1705 καταληπτικὴν
3235 1630 3563 1699 φαντασίαν
3597 1630 3700 1683 καὶ

382 1746 448 1786 ac
477 1732 609 1793 vim,
638 1747 743 1800 qua
773 1731 903 1801 quid
951 1729 1455 1801 comprehenditur,
1498 1738 1807 1800 praetereat.
1837 1730 1902 1785 Na

2177 1744 2325 1795 αμιν.
2366 1725 2430 1778 Ἠ
2461 1724 2568 1795 γὰρ
2595 1725 2808 1779 ἐκϐᾶσα
2840 1725 2942 1795 ήδη
2975 1725 3074 1794 τὴν
3103 1723 3266 1793 φύσιν
3289 1721 3465 1792 ψυχὴ,
3503 1722 3592 1785 ὼς
3629 1722 3697 1774 ἂν

381 1837 506 1888 quae
549 1828 700 1874 extra
737 1829 991 1875 naturam
1046 1835 1202 1876 suam
1238 1834 1460 1891 egressa
1506 1820 1617 1888 jam
1648 1824 1831 1876 anima
1863 1838 1901 1877 e:

2176 1818 2268 1871 isv‘.
2312 1816 2420 1872 τῶν
2451 1816 2698 1889 συνήθων
2742 1817 2881 1889 πρὸς
2907 1816 3004 1887 τὴν
3032 1816 3232 1885 γνῶσιν
3273 1813 3385 1867 τῶν
3419 1815 3696 1884 ἀοράτων

382 1929 452 1968 ne
488 1912 557 1967 ab
606 1912 713 1965 ulla
771 1927 829 1967 re
873 1921 1136 1967 consueta
1188 1911 1522 1981 impediatur
1568 1912 1624 1967 in
1659 1914 1901 1983 cognitio

2171 1913 2342 1968 λύοι-το
2366 1932 2380 1945 ·
2404 1911 2527 1968 οὔτε
2549 1911 2791 1984 ζητοῦσα
2812 1910 2873 1964 τὸ
2895 1909 2970 1981 μὴ
3005 1908 3394 1980 εὑρισκόμενον
3422 1907 3691 1972 ἵσταται,

382 2020 567 2059 rerum
619 2003 722 2059 sub
766 2007 960 2059 oculos
1009 2018 1117 2057 non
1167 2002 1478 2058 cadentium
1520 2021 1534 2058 :
1579 2020 1758 2075 neque
1792 2006 1902 2077 inqu

2174 2022 2194 2057 ε
2231 2003 2473 2058 καλοῦσα
2503 2004 2566 2057 τὸ
2615 2001 2998 2074 άνεκφὼνητον
3045 2002 3299 2057 παύεται.
3330 2001 3480 2072 Φησὶ
3531 2002 3655 2074 γάρ
3678 2016 3694 2030 ·

382 2097 539 2151 retuli
566 2096 690 2159 hoc,
726 2093 872 2166 quod
909 2110 1017 2149 non
1045 2095 1377 2161 inveniebat,
1418 2098 1580 2150 linem
1611 2096 1760 2165 facit,
1793 2114 1898 2169 neq

2209 2095 2503 2163 Ἐζήτησα
2538 2097 2746 2159 αὑτὸν,
2783 2094 2879 2147 καὶ
2913 2095 3028 2163 οὐχ
3072 2089 3256 2161 εὗρον
3288 2093 3512 2147 αὐτόν.
3562 2092 3698 2156 Πῶς

382 2202 582 2242 vocare
606 2185 831 2252 desinit,
864 2186 1010 2256 quod
1039 2186 1333 2256 caeteroqui
1363 2187 1598 2243 neminis
1627 2188 1809 2245 efferri
1837 2207 1902 2245 vo

2171 2205 2183 2239 ›
2208 2187 2274 2241 ἂν
2302 2186 2575 2258 εὑρεθείη⁹
2599 2186 2627 2240 ὃ
2655 2185 2850 2257 μηνύει
2882 2184 2990 2239 τῶν
3024 2184 3452 2255 γινωσκομένων
3490 2184 3691 2245 οὐδένς

384 2288 586 2350 potest.
638 2276 731 2333 Sic
766 2278 914 2333 enim
944 2278 1062 2332 ait:
1100 2277 1335 2344 Quintilii
1371 2295 1515 2341 eum,
1549 2289 1598 2335 et
1644 2298 1751 2337 non
1796 2283 1904 2336 inve

2168 2300 2178 2336 :
2217 2277 2377 2346 εἶδος,
2407 2280 2470 2332 οὐ
2503 2277 2720 2351 χρῶμα,
2749 2277 2811 2331 οὐ
2840 2276 3179 2349 περιγραφὴ,
3204 2275 3265 2329 οὐ
3296 2275 3581 2347 ποσότης,
3620 2279 3688 2328 οὗ

378 2388 519 2426 cum.
555 2370 691 2424 Nam
738 2385 849 2440 quo
893 2379 1054 2440 pacto
1091 2370 1327 2425 inveniri
1376 2379 1583 2441 posset.
1618 2372 1766 2442 quod
1807 2374 1898 2428 nul

2176 2388 2254 2436 ος,
2289 2371 2350 2424 οὐ
2383 2371 2590 2443 σχῆμα,
2621 2370 2681 2424 οὺ
2729 2369 3062 2441 στοχασμὸς,
3097 2368 3197 2422 οὒκ
3227 2368 3509 2438 εἰκασμὸς
3532 2410 3553 2431 ,
3587 2370 3696 2421 οὐκ

382 2481 472 2519 res
504 2464 664 2519 nobis
705 2463 938 2533 cognitae
976 2460 1271 2517 ostendere
1314 2463 1589 2532 possunt?
1626 2479 1735 2517 non
1770 2462 1902 2518 form

2170 2464 2353 2533 ,λογίαο
2391 2463 2528 2518 ἀλλὰ
2559 2463 2740 2534 πάσης
2770 2461 3182 2533 καταληωικῆς
3220 2461 3417 2531 ἐφόδου
3467 2461 3690 2528 ἐξώτε-

380 2573 489 2611 non
521 2557 695 2617 color,
738 2570 848 2608 non
892 2553 1355 2624 circumscriptio,
1391 2570 1500 2609 non
1530 2555 1831 2625 quantitas,
1860 2573 1900 2610 nl

2197 2534 2288 2611 άεὶ
2324 2556 2734 2629 εὑρισκόμενον.
2768 2553 3029 2625 ἐκφεύγει
3062 2555 3278 2616 πάντως
3297 2553 3402 2624 τὴν
3432 2553 3556 2608 τῶν
3584 2553 3689 2623 ζη-

379 2646 554 2709 locus,
590 2661 697 2700 non
725 2644 922 2715 ﬁgura,
957 2658 1067 2698 non
1091 2644 1437 2714 conjectura,
1467 2661 1576 2701 non
1617 2647 1899 2703 assimilati

2170 2645 2510 2718 ντωνλαϐήν*
2543 2647 2632 2701 διὰ
2656 2646 2817 2700 τοῦτό
2848 2663 3038 2718 φησιν,
3073 2646 3244 2699 Αὑτὸν
3283 2645 3571 2717 ἐζήτησα,
3600 2646 3690 2700 διὰ

378 2754 489 2792 non
515 2737 816 2809 proportio,
850 2734 945 2791 sed
975 2735 1122 2806 quod
1155 2750 1372 2806 semper
1394 2743 1550 2790 extra
1578 2753 1797 2791 omnem
1844 2754 1898 2810 pe

2168 2738 2520 2813 ρεὺρητικῶν
2564 2739 2666 2810 τῆς
2714 2737 2895 2809 ψυχῆς
2938 2736 3243 2808 δυνάμεων,
3292 2738 3351 2791 ἐν
3387 2737 3688 2808 λογισμοῖς

379 2827 651 2897 ceptionis
694 2827 839 2881 viam
888 2827 1151 2898 positum,
1194 2827 1741 2898 comprehensionem
1777 2843 1899 2898 perv

2166 2874 2167 2881 η
2200 2835 2441 2905 νοήμασι
2483 2848 2496 2863 ·
2531 2833 2627 2886 καὶ
2659 2833 2879 2895 πάντως
2911 2827 3176 2903 ὲξὼτερος
3228 2825 3300 2901 ἦν
3319 2870 3335 2893 ,
3366 2829 3465 2884 τὸν
3504 2847 3686 2902 προσο

379 2918 699 2989 stigantium
738 2916 901 2988 plane
944 2915 1105 2986 fugit.
1139 2914 1460 2987 Propterea,
1491 2916 1690 2987 inquit,
1737 2919 1899 2988 quaesi

2164 2926 2336 2995 ἰσμὸν
2381 2924 2484 2995 τῆς
2513 2924 2751 2987 διανοίας
2799 2922 3212 2992 διαδιδράσκων.
3267 2922 3326 2974 '0
3356 2921 3421 2975 δὲ
3469 2921 3684 2985 παντὸς

377 3025 503 3065 eum
544 3024 642 3080 per
691 3007 862 3063 animi
911 3006 1205 3063 facultates
1239 3023 1355 3072 eas,
1407 3023 1529 3078 quae
1571 3009 1884 3065 inveniendi

2157 3017 2439 3089 υριστικοῦ
2459 3018 2805 3089 χαρακτῆρος
2834 3015 3099 3087 ὲξώτερος
3123 3014 3212 3068 ἀεὶ
3248 3014 3677 3085 εὑρισκόμενος,

378 3103 617 3174 praedita:
657 3108 808 3162 sunt,
852 3116 948 3171 per
979 3100 1433 3156 ratiocinationes
1479 3108 1534 3156 et
1566 3101 1898 3172 cogitatione

2155 3127 2191 3172 ις
2211 3110 2277 3163 ἂν
2296 3110 2384 3163 διά
2405 3127 2550 3173 τινος
2575 3109 2940 3179 όνομαστικῆς
2963 3106 3241 3178 σημασίας
3267 3106 3675 3178 περιληφθείη;

379 3206 434 3249 at
461 3204 615 3248 extra
658 3194 774 3248 haac
806 3192 989 3247 omnia
1021 3194 1234 3263 positus
1259 3201 1399 3254 erat,
1452 3208 1738 3250 accessum
1773 3211 1894 3250 men

2157 3199 2277 3253 ὑτου
2305 3200 2463 3271 χάριν
2491 3199 2698 3254 ἐπινοεῖ
2720 3198 2819 3270 μὲν
2844 3197 3105 3252 παντοίαν
3133 3196 3417 3267 ὀνομάτων
3443 3196 3677 3266 δύναμιν

379 3287 689 3357 propiorem
744 3283 1033 3354 effugiens.
1088 3282 1192 3348 Qui
1247 3299 1380 3339 vero
1428 3299 1649 3354 semper
1696 3285 1899 3356 reperit

2153 3292 2277 3364 ’τὴν
2313 3291 2407 3346 τοῦ
2438 3291 2719 3362 άφράστου
2753 3289 2963 3359 ἀγαθοῦ
3014 3288 3311 3360 σημασίαν,
3348 3290 3593 3358 ἡττᾶται
3618 3288 3673 3340 δὲ

377 3378 526 3433 οηιηί
561 3388 688 3431 nota
721 3391 930 3437 carere,
961 3374 1029 3430 de
1057 3390 1165 3445 qua
1195 3376 1371 3446 possit
1399 3376 1649 3446 agnosci,
1678 3393 1788 3447 quo
1812 3393 1897 3447 pat

2153 3402 2230 3439 ,aa.
2254 3384 2528 3456 φραστικὴ
2542 3384 2702 3451 λόγου
2724 3383 2975 3454 δύναμις,
2993 3382 3088 3435 καὶ
3114 3382 3214 3452 τῆς
3238 3381 3509 3451 ἀληθείας
3526 3381 3673 3435 ἐλάτ-

377 3477 544 3540 queat
571 3470 617 3523 is
653 3483 748 3539 per
785 3462 1176 3522 iudicationem
1208 3466 1451 3536 aliquam
1481 3483 1676 3522 vocum
1721 3471 1897 3540 percit

2152 3493 2181 3528 ν
2235 3475 2536 3546 ἐλέγχεται.
2591 3476 2685 3533 Διό
2737 3489 2903 3543 φησιν
2939 3486 2954 3501 ⁶
3001 3471 3146 3540 Ἐγὼ
3196 3470 3297 3541 μὲν
3330 3470 3569 3524 ἐκάλουν
3595 3470 3671 3533 ὡς

379 3559 535 3614 Hanc
557 3559 627 3612 ob
649 3574 875 3614 causam
893 3560 1168 3629 excogitat
1194 3558 1416 3629 quidem
1438 3559 1548 3614 vim
1579 3561 1899 3616 vocabulort

2149 3566 2366 3638 ινάμην,
2398 3565 2688 3618 ἑπινοοῦσα
2737 3563 2922 3633 φωνὰς
2966 3562 3305 3626 ὲνδεικτικάς
3342 3563 3448 3632 τῆς
3488 3561 3669 3633 ἀφρά-

379 3653 560 3707 omnis
589 3653 826 3721 generis,
880 3650 946 3704 ad
982 3650 1406 3722 explicationem
1440 3650 1568 3706 boni
1609 3652 1733 3721 ejus
1782 3652 1899 3707 inell

2150 3672 2199 3708 au
2261 3654 2665 3726 μακαριότητος
2689 3669 2702 3683 ·
2729 3654 2758 3706 ὀ
2784 3652 2841 3706 δὲ
2891 3652 3157 3724 κρείττων
3188 3648 3255 3724 ἦν
3285 3652 3389 3723 τῆς
3415 3651 3527 3704 τῶν
3556 3669 3670 3723 ση-

380 3744 532 3807 bilis,
567 3743 663 3799 sed
693 3743 838 3798 enim
880 3742 1061 3798 omnis
1088 3742 1172 3798 vis
1201 3742 1494 3807 orationis,
1522 3758 1630 3813 qua
1655 3744 1787 3814 quid
1821 3743 1900 3799 em

2147 3746 2419 3818 ιινομένων
2471 3744 2750 3812 ἐνδείξεως
2786 3785 2798 3798 .
2839 3736 2965 3798 Οἴον
3016 3743 3083 3816 δὴ
3128 3745 3275 3797 ποιεῖ
3305 3744 3401 3797 καὶ
3429 3746 3459 3797 ό
3492 3743 3667 3814 μέγας

379 3845 493 3901 tur,
528 3836 756 3891 inferior
786 3842 892 3903 est,
924 3845 980 3891 et
1012 3835 1237 3890 minime
1266 3836 1560 3891 veritatem
1595 3851 1815 3907 requare
1845 3851 1899 3891 cc

2144 3839 2257 3904 διδ,
2288 3837 2557 3900 πολλάκις
2579 3836 2798 3908 μυρίοις
2821 3836 3046 3906 ὀνόμασι
3077 3835 3138 3889 τὸ
3160 3838 3315 3893 Θεῖον
3337 3834 3544 3895 καλῶν,
3570 3836 3664 3888 καὶ

379 3927 636 3983 vincitur.
698 3924 910 3981 Idcirco
965 3927 1069 3982 ait:
1127 3925 1332 3983 Vocavi
1395 3927 1616 3998 quidem
1668 3929 1899 3999 (quanti

2143 3929 2341 3985 τᾶσθαι
2366 3930 2468 4001 τῆς
2517 3928 2779 4001 ἀληθείας
2810 3928 3109 3999 ὁμολογῶν.
3139 3928 3212 3980 Σὺ
3249 3926 3377 3996 γὰρ,
3412 3929 3597 3998 φησὶν,
3630 3929 3662 3980 ὁ

379 4018 564 4092 potui)
591 4019 956 4090 excogitando
987 4033 1152 4076 voces
1181 4021 1387 4091 quibus
1411 4019 1705 4076 inelfabilis
1727 4021 1819 4074 illa
1843 4019 1899 4075 be

2140 4023 2223 4088 ὸς,
2279 4022 2642 4092 οἰκτείρμων,
2673 4021 2769 4075 καὶ
2826 4020 3097 4092 ἐλεήμων,
3148 4019 3533 4091 μακρόθυμος,
3567 4022 3660 4073 καὶ

380 4112 556 4168 titudo
598 4119 1162 4179 commonstraretur;
1209 4119 1264 4165 at
1291 4111 1383 4166 ille
1412 4111 1594 4181 major
1636 4123 1775 4177 erat,
1806 4127 1900 4181 qu:

2134 4116 2377 4180 μλυέλεος,
2410 4114 2503 4168 καὶ
2545 4114 2820 4186 ἀληθινὸς,
2865 4115 2960 4168 καὶ¹
3008 4115 3183 4184 ἰσχὺς.
3217 4114 3311 4167 κα)⁵
3347 4114 3654 4184 στερέωμα,

380 4207 477 4278 qui
524 4223 622 4278 per
654 4206 754 4262 has
786 4203 1217 4275 signiﬁcationes
1270 4201 1502 4257 indicari
1554 4211 1762 4272 posset.
1818 4201 1900 4256 Fat

2132 4207 2386 4278 ιταφυγὴ,
2417 4207 2513 4261 καὶ
2539 4205 2792 4278 δύναμις,
2820 4208 2915 4261 καὶ
2945 4206 3159 4278 βοηθὸς.
3177 4206 3270 4259 καὶ
3289 4205 3652 4276 ἀντιλήπτωρ,

382 4301 487 4354 hoc
519 4313 892 4369 saepenumero
926 4295 1092 4351 etiam
1119 4310 1352 4364 magnus
1380 4294 1472 4349 ille
1503 4292 1696 4356 David,
1734 4293 1902 4349 infinil

2133 4301 2166 4354 ιὶ
2223 4300 2393 4371 κέρας
2449 4299 2744 4371 σωτηρίας.
2790 4299 2886 4353 καὶ
2916 4299 2986 4353 τὰ
3034 4297 3273 4353 τοιαῦτα,
3328 4298 3439 4352 Καὶ
3503 4300 3653 4353 πάλιν

378 4391 697 4447 nominibus
733 4388 941 4444 Numen
974 4388 1219 4443 divinum
1265 4387 1624 4456 compellans,
1656 4403 1722 4443 ae
1751 4388 1898 4441 nihih

2133 4366 2323 4460 ιολογεῗ
2351 4391 2434 4445 ὅτι
2457 4366 2630 4460 ὄνομα
2669 4388 2836 4442 αὑτοῦ
2868 4389 2928 4444 ἐν
2965 4388 3114 4461 πάσῃ
3138 4392 3206 4460 τῇ
3235 4392 3307 4462 γῇ
3341 4390 3463 4459 οὐχὶ
3501 4391 3653 4456 γινώ-

382 4487 566 4541 minus
614 4485 897 4540 veritatem
940 4498 1001 4537 se
1045 4497 1154 4535 non
1199 4480 1419 4550 assequi
1452 4480 1671 4535 fatetur.
1732 4479 1837 4546 Tu,
1879 4482 1893 4535 i

2128 4498 2297 4544 ιεται,
2350 4478 2489 4533 ἀλλὰ
2535 4477 2896 4549 θαυμάζεται.
2945 4478 3041 4543 Ὠς
3112 4479 3460 4546 θαυμαστὸν
3514 4480 3648 4551 γὰρ,

379 4579 522 4650 quit,
571 4577 716 4633 Deus
750 4591 833 4640 es,
881 4574 1195 4635 miserator,
1233 4573 1602 4645 longanimus,
1646 4574 1830 4630 multa:
1866 4590 1899 4628 ιι

2130 4571 2227 4641 qui,
2272 4568 2340 4624 τὸ
2373 4567 2563 4639 ὄνομά
2591 4582 2710 4622 σου
2746 4567 2817 4621 ὲν
2854 4565 3021 4637 πάσῃ
3049 4567 3126 4637 τῇ
3164 4566 3267 4638 τῇ]
3289 4568 3478 4633 Οὕτως
3525 4573 3650 4641 φησὶ

381 4671 717 4734 sericordiae,
765 4684 930 4724 verax
953 4668 1021 4732 ⁶¹,
1072 4673 1131 4720 tu
1162 4666 1352 4724 robur.
1395 4666 1826 4730 firmamentum,
1879 4682 1901 4720 r

2128 4663 2168 4716 ιὶ
2203 4662 2341 4734 πρὸς
2375 4661 2467 4715 τὸν
2494 4660 2697 4715 Μανωὲ
2751 4663 2780 4715 ὁ
2806 4659 3055 4731 περὶτοῦ
3097 4661 3289 4724 παιδὸς
3324 4658 3489 4715 αὐτοῦ
3524 4680 3648 4734 χρη-

384 4763 625 4823 fugiunt,
659 4760 764 4823 vis,
816 4757 1057 4826 adjutor,
1093 4755 1412 4825 opitulator,
1460 4772 1632 4811 cornu
1682 4758 1904 4813 salutis‘

2128 4752 2326 4817 κτίσας,
2367 4753 2457 4807 ὅτε
2488 4752 2750 4824 ἠρωτήθη
2785 4752 2915 4824 περὶ
2965 4750 3059 4806 τοῦ
3110 4752 3395 4823 ὀνόματος.
3420 4755 3648 4811 ὃτιΘαυ-

379 4856 596 4924 aliaque
635 4852 786 4905 talia.
828 4848 1070 4904 Rursum
1107 4846 1276 4902 David
1330 4846 1474 4901 idem
1532 4847 1734 4903 fatetur
1766 4864 1899 4903 noml

2124 4848 2280 4901 αστόν
2310 4849 2426 4901 ἐστι
2456 4845 2615 4901 τοῦτο
2653 4848 2749 4901 καὶ
2776 4850 3025 4918 κρεῖττον
3054 4846 3088 4917 ἢ
3119 4847 3261 4902 ὥστε
3295 4849 3401 4903 ὑπὸ
3427 4851 3526 4920 τῆς
3562 4852 3644 4905 ἁν-

376 4945 501 5014 ejus
553 4944 606 4997 in
653 4948 765 4995 tota
817 4946 963 4993 terra
1002 4944 1193 4991 notum
1238 4951 1348 4990 non
1400 4952 1545 5002 esse,
1603 4937 1700 4993 sed
1756 4947 1896 4994 tantt

2122 4939 2352 5010 mmiv'qc
2396 4940 2567 5010 ἀκοῆς
2608 4938 2945 5011 χωρηθῆναι.
2992 4938 3094 4992 Διὰ
3139 4938 3298 4993 τοῦτο
3331 4941 3426 4994 καὶ
3461 4942 3642 5015 ἡψυχὴ

378 5048 501 5087 esse
538 5032 592 5085 in
625 5026 1012 5084 admiratione.
1050 5024 1227 5091 Quam
1265 5024 1603 5092 admirabile,
1641 5028 1737 5091 ait,
1780 5046 1898 5082 nam

2125 5047 2163 5083 ιν
2186 5026 2362 5099 Λόγον
2396 5030 2555 5083 καλεῖ
2584 5031 2683 5102 μὲν
2721 5031 2799 5094 ὡς
2840 5029 3064 5085 δύναται
3085 5047 3099 5061 ο
3128 5030 3353 5085 δύναται
3377 5033 3433 5086 δὲ
3451 5034 3544 5105 οὐχ
3577 5036 3645 5100 ὡς

379 5133 524 5177 tuum
581 5132 659 5177 est
728 5134 820 5188 per
865 5118 1166 5171 universam
1216 5126 1413 5170 terram
1436 5118 1521 5173 “l
1563 5117 1654 5174 Sic
1699 5120 1863 5175 etiam

2124 5122 2350 5179 )ύλεται.
2407 5122 2667 5176 Βούλεται
2716 5122 2827 5194 γὰρ
2867 5123 3030 5177 πλέον
3063 5123 3097 5195 ἢ
3135 5124 3358 5178 δύναται
3388 5141 3403 5155 '
3435 5127 3495 5179 οὐ
3548 5129 3644 5200 μὴν

377 5213 606 5268 Manoen
666 5209 844 5279 inquit
883 5208 928 5263 is
958 5206 1054 5277 qui
1087 5206 1405 5261 vaticinium
1442 5207 1490 5262 ei
1523 5209 1590 5263 de
1618 5210 1728 5263 ﬁlio
1750 5211 1897 5265 edeb:

2123 5214 2195 5267 ὶδὲ
2226 5213 2481 5269 τοσοῦτον
2506 5214 2816 5287 θελήσεται,
2837 5215 2962 5270 ὅσον
2982 5216 3156 5270 ἐκεῖνό
3211 5219 3379 5276 ἐστιν,
3402 5217 3513 5271 ἀλλ’
3533 5220 3643 5274 ὅσον

374 5321 498 5360 cum
528 5305 896 5372 interrogatus
917 5299 985 5355 de
1008 5299 1253 5360 nomine,
1286 5301 1614 5368 respondet:
1656 5300 1714 5355 Id
1745 5303 1894 5371 quidt

2124 5302 2407 5375 ιυληθῆναι
2434 5305 2468 5375 ἡ
2505 5305 2825 5377 προαίρεσις
2871 5305 3117 5361 δύναται.
3153 5307 3306 5361 Ἐπεὶ
3354 5303 3448 5362 οὖν
3474 5310 3644 5379 ἀνέφι-

373 5404 460 5452 est
488 5394 808 5450 admirabile
841 5391 1000 5449 mihi.
1036 5406 1102 5445 ac
1141 5393 1428 5448 sublimius
1457 5407 1625 5462 quam
1656 5395 1816 5462 cujus
1845 5410 1893 5449 es

2124 5395 2202 5459 τός
2230 5397 2377 5451 ἐστιν
2410 5397 2439 5450 ὀ
2467 5397 2802 5468 καλούμενος
2839 5402 2905 5471 τῇ
2940 5398 3035 5452 τοῦ
3071 5399 3366 5464 καλοῦντος
3393 5403 3644 5473 όρμῇ,διὰ

373 5503 545 5558 capax
576 5485 727 5541 auris
759 5485 999 5539 humana
1043 5487 1218 5556 possit
1238 5484 1306 5538 “.
1348 5483 1646 5554 Propterea
1679 5484 1768 5539 hic
1800 5486 1893 5540 eti:

2122 5486 2230 5541 >ῦτό
2264 5504 2462 5560 φησιν·
2496 5489 2789 5545 Ἐκάλεσα
2810 5492 3020 5558 αὐτὸν,
3051 5490 3151 5545 καὶ
3183 5494 3296 5561 οὐχ
3342 5493 3642 5563 ὑπήκουσέ

374 5578 556 5632 anima
600 5585 761 5632 vocat
791 5575 1033 5632 Verbum
1082 5586 1346 5646 quantum
1395 5583 1600 5646 potest,
1656 5591 1757 5631 nec
1788 5585 1969 5647 potest
2070 5596 2211 5649 μου.

376 5675 588 5725 tantum
622 5676 885 5739 quantum
909 5668 1056 5724 vult:
1090 5669 1291 5740 quippe
1313 5685 1433 5739 quae
1459 5670 1581 5739 plus
1608 5670 1755 5732 velit,
1791 5685 1953 5739 quam
1994 5672 2194 5743 possit,
2221 5671 2332 5726 imo
2355 5688 2423 5727 ne
2453 5680 2664 5727 tantum
2687 5675 2908 5745 quidem
2935 5677 3075 5735 velle
3133 5686 3333 5750 potest,
3394 5693 3639 5755 quantum

439 5759 486 5793 “
512 5758 661 5815 P.al.
699 5775 731 5817 c
761 5779 797 5828 I,
829 5762 863 5817 8
897 5777 1020 5832 sqq.
1132 5762 1176 5794 ⁶¹
1206 5760 1312 5818 Psa
1404 5779 1533 5831 ml,
1561 5764 1596 5817 ἓ
1623 5778 1742 5834 ~qq.
1782 5764 1826 5796 “
1849 5763 1956 5822 Psa

1404 5779 1533 5831 xvn,
1561 5764 1596 5817 it
1623 5778 1742 5834 ειμι.
1782 5763 1999 5822 “Psal.
2033 5781 2154 5833 vm,
2192 5764 2245 5819 1.
2333 5764 2712 5837 “Judic.xin,
2756 5767 2843 5823 18.
