3850 6224
217 272 372 329 i029

1314 274 1380 328 ΙΝ
1415 272 1712 329 (IANTICA
1755 267 2026 326 CANTIC.
2073 269 2354 326 HOMILIA
2403 271 2517 328 .\'ll.

217 387 364 442 illud
385 393 490 454 est,
513 387 610 442 sed
634 393 900 460 quantum
929 396 1046 444 toto
1070 389 1235 444 animi
1255 389 1437 444 studio
1459 388 1592 442 velle
1645 393 1845 456 potest.

3373 275 3394 326 l
3407 273 3510 328 030

1922 383 2112 454 Itaque
2138 401 2263 440 cum
2293 387 2340 442 is
2375 387 2470 458 qui
2510 396 2684 452 vocat,
2740 388 2962 458 assequi
2995 392 3177 450 studio
3206 407 3308 449 suo
3336 407 3508 448 voca-

213 486 345 534 tum
377 495 486 534 non
517 481 723 551 possit,
758 481 965 537 idcirco
993 482 1218 548 dicitur,
1247 481 1435 536 Vocavi
1457 498 1598 544 eum,
1633 491 1678 535 et
1711 495 1815 534 non
1855 476 2024 530 audiit
2058 495 2151 532 me.

299 572 446 625 Ὅσα
484 571 542 626 δὲ
569 576 685 636 τοῖς
715 573 1026 645 εἰρημένοις
1061 576 1094 643 ἡ
1126 573 1314 645 νύμφη
1344 573 1687 645 προστίθησι,
1722 569 1824 624 κᾶν

2003 568 2135 634 Quae
2169 577 2348 624 autem
2386 586 2552 640 porro
2583 571 2669 627 his
2697 571 2886 642 adjicit
2916 587 3120 642 sponsa
3140 615 3152 638 ,
3193 586 3510 642 quanquam

215 665 693 738 σκυθρωποτέραν
726 667 867 722 κατὰ
904 667 966 720 τὸ
1005 667 1295 738 πρόχειρον
1317 666 1414 738 ἔχῃ
1444 667 1544 737 τὴν
1568 665 1817 732 ἔνδειξιν·

215 755 343 810 ἀλλ’
377 757 502 828 ἐμοὶ⁵
532 756 686 810 δοκεῖ
721 757 860 828 πρὸς
903 757 994 809 τὸν
1028 757 1190 811 αὑτὸν
1227 757 1694 828 σκοπὸν.βλέπειν,
1726 757 1822 810 καὶ

216 851 330 921 τῆς
374 851 485 904 τῶν
527 849 878 922 ὑψηλοτέρων
911 848 1230 913 ἀναϐάσεως
1269 849 1662 920 ἔχεσθαι.Φησ“ι
1689 847 1818 920 γὰρ,

219 945 513 1014 Εὕροσάν
539 961 616 1014 με
645 946 698 998 ol
731 945 1004 1012 φύλακες
1041 946 1096 996 οἱ
1122 943 1494 1009 κυκλοῦντες
1517 943 1587 995 ἐν
1613 941 1691 1012 τῇ
1721 942 1823 994 πό-

215 1041 344 1092 λει.
407 1034 749 1100 Ἐπάταξὰν
785 1051 884 1104 με,
934 1033 1378 1104 ἐτραυμάτισάν
1412 1052 1520 1104 με,
1561 1031 1714 1104 ἦραν
1753 1034 1820 1087 τὸ

219 1129 544 1199 θέριστρον
561 1129 662 1183 ἀπ’
673 1128 821 1198 ἐμοῦ
846 1131 900 1180 οἱ
927 1129 1198 1196 φύλακες
1216 1127 1334 1182 τῶν
1358 1127 1620 1198 τειχέων.
1638 1127 1821 1181 Ταῦτα

218 1220 339 1292 γὰρ
360 1221 490 1285 ἴσως
507 1220 647 1284 δόξει
663 1209 807 1273 τισὶν
827 1219 1158 1290 ὀδυρομένης
1183 1220 1404 1290 μᾶλλον,
1431 1222 1535 1292 ἦπε
1544 1239 1574 1293 ρ
1596 1221 1822 1292 εὐφραι-

215 1313 458 1385 νομένης
477 1308 706 1366 εἶναιτά
736 1314 980 1384 ῥήματα,
1019 1312 1079 1364 τὸ
1112 1312 1476 1377 Ἐπάταξαν,
1505 1314 1599 1366 καὶ
1614 1315 1820 1382 ἐτραυ-

211 1405 517 1475 μάτισαν,
549 1405 642 1458 καὶ
673 1403 832 1472 ἦραν
867 1402 930 1456 τὸ
967 1402 1280 1472 θέριστρον
1306 1421 1320 1435 ·
1361 1404 1437 1475 τῷ
1470 1405 1526 1458 δὲ
1577 1404 1820 1475 ἀκριϐῶς

221 1495 627 1568 ἑπεσκεμμένῳ
655 1497 754 1566 τὴν
779 1494 888 1548 τῶν
915 1493 1222 1565 λεγομένων
1252 1495 1512 1560 διάνοιαν,
1545 1497 1822 1568 μεγαλαυ-

219 1588 502 1658 χουμένης
533 1589 624 1641 ἐπὶ
649 1589 762 1650 τοῖς
801 1585 1108 1650 καλλίστοις
1143 1589 1281 1641 εἰσὶν
1318 1591 1373 1641 ai
1407 1588 1601 1657 φωναί.
1634 1588 1821 1651 υῦτως

221 1679 272 1734 δ’
298 1680 368 1735 ἂν
395 1680 604 1748 γένοιτο
653 1682 784 1752 ἡμῖν
815 1682 1126 1750 καταφανὲς
1157 1681 1219 1734 τὸ
1262 1680 1576 1753 λεγόμενον·
1615 1682 1822 1753 Μικρὸν

224 1775 340 1846 πρὸ
377 1773 580 1827 τούτων
613 1774 670 1826 ὲν
702 1777 815 1838 τοῖς
843 1775 1094 1836 κατόπιν,
1127 1773 1454 1844 καθαρεύειν
1486 1773 1656 1846 αὐτὴν
1684 1792 1822 1827 παν-

1924 659 2105 729 primo
2139 662 2284 714 velut
2323 661 2528 716 intuitu
2562 663 2856 718 tristiorem
2893 664 3186 734 quamdam
3223 665 3511 718 indicatio-

1922 767 2048 804 nem
2100 751 2377 820 habeant,
2431 770 2551 808 mea
2601 765 2784 810 tamen
2827 756 3098 810 sententia
3143 755 3392 810 eumdem
3441 757 3506 810 ad

1923 856 2152 912 scopum
2186 851 2467 912 spectare,
2499 851 2552 898 et
2584 843 2788 899 habere
2815 844 3274 914 signiﬁcationem
3313 859 3510 899 ascen-

1923 949 2020 990 sus
2078 935 2145 987 ad
2194 935 2514 990 sublimiora
2556 936 2830 992 videntur.
2873 938 2964 990 Ait
3011 938 3156 992 enim
3205 955 3219 992 :
3261 937 3506 1006 0ﬂ'ende--

1921 1033 2046 1077 runt
2076 1040 2157 1078 me
2190 1024 2432 1078 custodes
2466 1025 2556 1094 qui
2590 1025 2650 1077 in
2689 1025 2815 1079 urbe
2848 1027 3192 1082 circumeunt.
3223 1025 3506 1082 Percussa-

1921 1125 2045 1168 runt
2077 1133 2192 1181 me,
2227 1117 2636 1170 vulneraverunt
2683 1133 2762 1170 me
2787 1157 2801 1180 ,
2847 1117 3180 1170 abstulerunt
3223 1119 3435 1186 peplum
3477 1137 3509 1170 a

1922 1225 2004 1261 me
2053 1208 2300 1262 custodes
2353 1225 2650 1263 murorum.
2702 1207 3050 1264 Videbuntnr
3105 1212 3219 1264 haec
3275 1210 3512 1266 fortasse

1922 1301 2211 1354 nonnullis
2261 1316 2387 1356 esse
2437 1303 2675 1370 lugentis
2723 1302 2908 1372 potius
2955 1305 3156 1367 verba,
3192 1320 3355 1373 quam
3391 1303 3512 1374 ejus

1921 1409 2044 1462 quae
2093 1393 2215 1446 heta
2272 1393 2385 1460 sit;
2431 1395 2736 1463 praesertim
2785 1395 2914 1458 illa,
2967 1410 3345 1463 percusserunt
3393 1413 3508 1458 me,

1922 1483 2329 1538 vulneraverunt
2379 1502 2492 1548 me,
2556 1484 2896 1538 abstulerunt
2946 1487 3176 1555 peplum.
3211 1487 3410 1541 Verum
3463 1490 3510 1540 si

1922 1577 2046 1645 quis
2097 1586 2356 1630 accurate
2401 1579 2715 1631 consideret
2762 1593 2989 1642 eorum,
3049 1595 3170 1648 quae
3226 1579 3508 1640 dicuntur,

1923 1681 2168 1728 mentem
2200 1690 2213 1726 :
2257 1673 2440 1742 potius
2473 1681 2602 1726 sunt
2631 1689 2797 1728 voces
2827 1674 3065 1743 gloriose
3089 1673 3357 1742 jactantis
3392 1689 3514 1728 sese

1922 1766 1994 1822 ob
2025 1782 2114 1820 res
2149 1766 2578 1836 pulcherrimas.
2616 1764 2671 1819 ld
2711 1775 2894 1819 autem
2935 1767 3039 1819 hoc
3075 1765 3314 1834 quodam
3349 1766 3512 1819 modo

221 1868 322 1929 τὸς
351 1865 815 1936 προκαλύμματος
845 1867 872 1918 ὁ
905 1865 1063 1933 λόγος
1100 1863 1458 1936 μαρτύρεται,
1490 1865 1547 1918 ὲν
1573 1857 1617 1933 ᾧ
1654 1881 1818 1935 φησιν

1927 1860 2277 1928 perspicuum
2331 1858 2494 1914 nobis
2546 1859 2672 1912 erit.
2725 1857 2898 1912 Paulo
2956 1866 3084 1912 ante
3137 1856 3511 1912 testimonium

223 1958 294 2010 ἐκ
346 1956 641 2028 προσώπου
689 1957 789 2026 τῆς
838 1956 1082 2028 νύμφης,
1131 1958 1214 2010 ὅτι
1268 1956 1680 2026 Ἑξεδυσάμην
1711 1957 1820 2011 τὸν

225 2050 453 2119 χιτῶνά
477 2069 619 2120 μου,
667 2049 796 2117 πῶς
850 2050 1183 2120 ἐνδύσομαι
1216 2051 1448 2114 αεὺτόν;
1483 2050 1744 2103 Ἐνταῦθα
1765 2047 1828 2104 δὲ

225 2139 398 2192 πάλιν
437 2139 758 2212 ἀφῃρῆσθαι
811 2140 959 2209 λέγει
1018 2141 1190 2210 αὑτῆς
1228 2140 1289 2192 τὸ
1336 2140 1637 2212 θέριστρον.
1671 2142 1826 2213 Περι-

227 2231 450 2286 ϐόλαιον
483 2233 538 2285 δὲ
562 2233 830 2304 νυμφικόν
863 2235 980 2286 ἐστι
1005 2232 1067 2286 τὸ
1102 2232 1408 2303 θέριστρον,
1447 2233 1824 2301 συγκαλύπτον

229 2325 379 2395 μετά
405 2325 506 2395 τῆς
527 2324 770 2394 κεφαλῆς
805 2325 898 2379 καὶ
935 2323 996 2377 τὸ
1026 2323 1338 2395 πρόσωπον,
1363 2323 1545 2389 καθὼς
1577 2325 1672 2380 καὶ
1698 2326 1826 2398 περὶ

223 2419 332 2488 τῆς
362 2417 658 2482 Ῥεϐέκκας
704 2415 850 2486 λέγει
880 2418 913 2486 ἡ
959 2417 1192 2486 ἱστορία.
1225 2416 1351 2480 Πῶς
1388 2411 1482 2470 οὖν
1521 2418 1555 2487 ή
1606 2433 1827 2487 γυμνω-

225 2508 390 2562 θεῖσα
440 2508 641 2572 παντὸς
687 2508 1120 2578 περιϐλήματος,
1161 2507 1241 2560 ἔτι
1287 2507 1348 2562 τὸ
1377 2507 1659 2581 θέριστρον
1687 2509 1822 2579 ἔχει,

225 2597 370 2668 ὅπερ
400 2597 496 2651 νῦν
525 2597 694 2669 αὐτῆς
741 2598 1105 2670 ἀφαιροῦνται
1152 2601 1203 2652 οί
1239 2599 1513 2668 φύλακες;
1543 2601 1621 2656 ’Ἡ
1669 2601 1826 2671 δῆλον

225 2686 322 2740 διὰ
367 2686 476 2740 τῶν
533 2687 841 2758 εἰρημένων
884 2688 1066 2753 ἐστὶν,
1094 2689 1218 2742 ὅσον
1263 2689 1360 2743 ἀπ’
1403 2691 1610 2744 ἐκείνου
1663 2691 1826 2746 πάλιν

228 2779 327 2832 ἐπὶ
374 2777 438 2832 τὺ
491 2777 823 2850 ὑψηλότερον
876 2779 966 2832 διὰ
1013 2781 1300 2852 προκοπῆς
1352 2782 1720 2852 ἀνελήλυθεν;
1760 2783 1826 2836 Ἦ

229 2871 344 2942 γὰρ
394 2871 818 2942 ἀπεκδυσαμένη
865 2871 958 2923 τὸν
1009 2871 1238 2924 παλαιὸν
1289 2872 1530 2943 χιτῶνα,
1571 2871 1669 2926 καὶ¹
1722 2874 1828 2928 πά-

231 2978 338 3031 σης
388 2957 684 3033 περιϐολῆς
737 2960 1158 3032 καθαρεύσασα,
1188 2963 1442 3016 τοσοῦτον
1502 2965 1701 3034 ἑαυτῆς
1749 2963 1830 3032 γί-

229 3069 385 3107 νεται
443 3053 841 3124 καθαρωτέρα,
886 3053 965 3116 ὡς
1013 3053 1299 3126 συγκρίσει
1347 3055 1446 3124 τῆς
1493 3055 1618 3126 ἄρτι
1673 3072 1828 3124 γενο-

239 3145 416 3218 μένης
465 3145 601 3216 αὑτῇ
655 3144 1058 3216 καθαρότητος,
1105 3145 1180 3217 μὴ
1216 3144 1392 3199 δοκεῖν
1429 3146 1827 3201 ἁπεκδεδῦσθαι

1927 1966 2150 2021 sponsa:
2205 1951 2544 2021 perhibetur,
2610 1950 2756 2020 quod
2812 1951 3074 2004 immunis
3130 1949 3204 2004 sit
3248 1950 3315 2002 ab
3363 1951 3514 2002 omni

1923 2044 2196 2098 velamine
2220 2085 2232 2104 ,
2266 2060 2392 2098 cum
2439 2045 2494 2098 in
2527 2045 2646 2114 ejus
2679 2059 2916 2114 persona
2947 2044 3154 2097 dicitur
3185 2062 3197 2097 :
3248 2041 3390 2096 Exui
3433 2054 3516 2096 tu-

1924 2136 2097 2190 nicam
2129 2151 2298 2188 meam
2319 2176 2334 2196 ,
2372 2137 2635 2204 quomodo
2663 2137 2882 2189 induam
2920 2135 3120 2190 illam?
3154 2133 3253 2188 Hic
3289 2150 3513 2189 rursum

1925 2228 2004 2280 ait
2031 2228 2147 2298 ipsa
2172 2228 2485 2297 ademptum
2511 2229 2614 2284 sibi
2638 2243 2762 2282 esse
2790 2229 3007 2298 peplum
3031 2268 3045 2292 ,
3068 2229 3181 2282 sive
3203 2227 3510 2297 θέριστρον.

1927 2318 2050 2383 0υο
2081 2320 2353 2374 vocabulo
2404 2321 2628 2390 pallium
2664 2323 2923 2391 sponsale
2958 2321 3326 2392 signiﬁcatur,
3364 2322 3514 2392 quod

1924 2427 2035 2466 una
2071 2428 2195 2466 cum
2232 2414 2413 2482 capite
2454 2413 2647 2466 faciem
2697 2428 2922 2482 quoque
2957 2415 3216 2478 obvelat,
3249 2415 3517 2484 quemad-

1925 2506 2149 2560 modum
2175 2514 2260 2560 est
2290 2506 2343 2559 in
2379 2507 2607 2561 hismria
2637 2506 2706 2560 de
2735 2505 2986 2561 Rebecca
3019 2509 3084 2562 ⁸⁵.
3120 2507 3222 2574 Qui
3253 2525 3384 2580 ergo
3410 2525 3515 2563 nu-

1926 2601 2053 2650 data
2097 2596 2444 2650 vestimentis
2491 2595 2781 2660 omnibus,
2831 2598 3048 2666 peplum
3104 2599 3283 2653 adhuc
3323 2600 3514 2667 habet,

1927 2703 2087 2757 quem
2113 2688 2162 2742 ei
2188 2703 2337 2742 nunc
2365 2687 2622 2742 custodes
2648 2687 2890 2744 civitatis
2921 2690 3213 2744 adimunt?
3240 2690 3515 2744 Numnam

1929 2779 2070 2834 forte
2098 2781 2165 2834 de
2205 2781 2387 2836 verbis
2435 2780 2588 2835 hisce
2632 2785 2990 2852 perspicitur,
3023 2791 3294 2854 quantum
3341 2785 3411 2838 ab
3449 2799 3516 2839 eo

1930 2876 2177 2938 tempore
2229 2885 2451 2924 rursum
2491 2871 2546 2926 in
2583 2875 2818 2928 sublime.
2851 2875 3128 2944 pergendo
3169 2874 3513 2942 perfecerit?

1927 2955 2062 3010 Nam
2096 2973 2158 3013 ea
2203 2975 2326 3029 qua;
2352 2959 2466 3027 jam
2503 2969 2633 3016 ante
2667 2963 2914 3015 tunicam
2962 2971 3200 3016 veterem
3250 2969 3515 3024 exuerat,

1927 3058 1982 3104 et
2010 3051 2078 3104 ab
2121 3052 2272 3104 omni
2305 3052 2472 3121 pallio
2503 3052 2766 3107 immunis
2809 3061 2965 3118 erat,
3012 3069 3187 3124 usque
3236 3053 3373 3108 adeo
3428 3069 3517 3108 se-

1930 3143 2049 3214 ipsa
2079 3145 2138 3198 lit
2166 3145 2378 3215 purior,
2409 3152 2468 3199 ut
2501 3144 2567 3199 ad
2601 3147 2791 3216 priora
2823 3155 3140 3216 comparata
3173 3147 3277 3200 hac
3309 3147 3518 3200 recenti

235 3237 304 3294 τὸ
360 3237 705 3308 περιϐόλαιον
741 3254 756 3268 ·
800 3235 912 3291 ἀλλ’
968 3237 1146 3307 εὑρεῖν
1193 3254 1246 3289 τι
1304 3236 1465 3291 πάλιν
1525 3237 1666 3308 μετά
1727 3239 1825 3310 τὴν

1933 3237 2208 3306 puritate,
2254 3253 2364 3290 non
2410 3237 2634 3293 exuisse
2665 3239 2900 3292 antehac
2945 3239 3170 3308 pallium
3223 3239 3516 3304 videatur;

237 3329 527 3402 γύμνωσιν
581 3328 800 3400 ἐκείνην
861 3331 990 3400 περὶ
1035 3329 1202 3400 αὐτὴν
1239 3329 1268 3382 ὃ
1303 3329 1592 3400 ἀποθῆται.
1641 3331 1826 3397 Οὕτως

240 3425 278 3494 ἡ
341 3420 480 3493 πρὸς
537 3418 600 3472 τὸ
653 3419 808 3473 Θεῖον
867 3419 1082 3484 ἄνοδος,
1126 3419 1221 3470 τοῦ
1280 3417 1368 3472 ἀεὶ
1437 3416 1825 3490 εὑρισκομένου

237 3532 296 3568 τι
323 3513 452 3584 mp‘t
489 3512 658 3581 αὐτὴν
708 3509 852 3581 παχύ
873 3523 982 3577 περ
1010 3509 1328 3564 ἐνδείκνυσι.
1364 3511 1463 3564 Διά
1515 3509 1672 3564 τοῦτο
1727 3511 1828 3582 τῆς

240 3606 342 3661 νῦν
398 3605 768 3676 καθαρότητος
823 3605 891 3674 τῇ
937 3603 1222 3675 συγκρίσει
1269 3605 1302 3674 ή
1358 3605 1825 3676 προγεγραμμένη

235 3697 339 3754 τοῦ
383 3697 610 3769 χιτῶνος
670 3695 878 3749 ἐκείνου
914 3693 1214 3766 γύμνωσις,
1236 3693 1312 3756 ὡς
1359 3695 1624 3766 κάλυμμα
1667 3697 1828 3750 πάλιν

237 3791 612 3862 περιαιρεῖται
649 3787 802 3859 παρά
826 3785 933 3840 τῶν
964 3785 1326 3856 εὑρισκόντων
1357 3787 1548 3856 αὐτήν.
1585 3781 1744 3841 Οὗτοι
1771 3788 1826 3840 δέ

235 3884 382 3934 εἰσιν
415 3883 462 3934 oi
513 3877 749 3949 φύλακες
787 3879 836 3930 οἱ
881 3875 1207 3939 κυκλοῦντες
1238 3876 1336 3946 τὴν
1370 3877 1522 3930 πόλιν
1545 3895 1557 3907 ·
1595 3878 1740 3948 ψυχὴ
1771 3879 1826 3930 δὲ

233 3975 270 4044 ἡ
297 3973 453 4036 πόλις
482 3988 496 4002 ·
526 3967 595 4044 ἧς
616 3971 704 4024 διὰ
731 3969 826 4022 τοῦ
860 3968 1093 4032 πατάξαι
1145 3968 1240 4020 καὶ
1277 3969 1642 4038 τραυματίσαι
1675 3987 1828 4040 περι-

233 4062 450 4124 ελόντες
476 4061 538 4114 τὸ
573 4061 877 4131 θέριστρον,
901 4052 976 4110 ὧν
1009 4058 1166 4128 ἔργον
1199 4058 1315 4110 ἐστὶ
1343 4057 1404 4110 τὸ
1436 4057 1726 4126 φυλάσσειν
1759 4059 1828 4113 τὰ

232 4150 394 4220 τείχη
430 4149 529 4220 τῆς
579 4149 807 4211 πόλεως.
841 4148 965 4200 ’Ότι
1021 4146 1118 4215 μὲν
1151 4141 1243 4199 οὖν
1283 4147 1485 4216 ἀγαθόν
1516 4148 1566 4200 τί
1614 4150 1760 4202 ἐστιν
1793 4153 1825 4221 ή

233 4239 334 4293 τοῦ
365 4239 652 4312 θερίστρου
688 4239 1050 4309 περιαίρεσις,
1083 4237 1224 4290 ὥστε
1251 4239 1534 4312 ἐλεύθερον
1557 4241 1649 4294 τοῦ
1691 4261 1824 4314 προ-

233 4333 599 4402 καλύμματος
647 4331 738 4384 τὸν
768 4331 1070 4400 ὀφθαλμὸν,
1099 4331 1556 4402 ἀπαραποδίστως
1588 4335 1824 4386 ὲνατενί-

237 4427 358 4490 ζειν
405 4423 484 4495 τῷ
512 4425 834 4496 ποθουμένῳ
877 4423 1084 4490 κάλλει,
1128 4423 1226 4476 οὐκ
1271 4425 1336 4480 ἀν
1381 4443 1463 4490 τις
1496 4428 1825 4497 ἀμφιϐάλλοι

235 4519 379 4588 πρὸς
398 4516 488 4571 τὸν
520 4516 838 4570 Ἀπόστολον
866 4516 1098 4586 βλέπων,
1124 4517 1180 4581 ὃς
1203 4519 1270 4589 τῇ
1299 4519 1526 4590 δυνάμει
1552 4519 1644 4573 τοῦ
1673 4521 1827 4574 πνεύ-

1929 3329 2026 3382 sed
2058 3343 2256 3383 rursus
2287 3329 2571 3383 invenisse
2603 3337 2726 3399 post
2759 3330 3116 3384 nudationem
3153 3330 3300 3386 illam
3325 3371 3338 3393 ,
3368 3331 3516 3400 quod

1930 3415 2192 3486 deponat.
2234 3415 2326 3471 Sic
2355 3431 2621 3471 ascensus
2681 3419 2746 3472 ad
2789 3419 3190 3474 sublimitatem
3239 3419 3387 3472 illam
3435 3418 3520 3472 di-

1929 3507 2110 3560 vinam
2145 3522 2362 3577 semper
2393 3508 2602 3578 aliquid
2649 3511 2898 3564 ostendit
2931 3513 3006 3564 rei
3045 3526 3254 3565 crassae
3279 3552 3292 3573 ,
3321 3519 3520 3581 praeter

1931 3599 1985 3655 id
2025 3601 2171 3670 quod
2207 3601 2405 3669 quovis
2434 3608 2684 3671 tempore
2715 3602 3168 3673 deprehenditur.
3201 3604 3406 3659 Idcirco
3441 3615 3519 3658 tu-

1929 3695 2067 3749 nicae
2099 3694 2248 3748 illius
2279 3694 2480 3762 prioris
2510 3695 2786 3764 ademptio
2807 3735 2822 3760 ,
2861 3698 3060 3750 collata
3095 3713 3220 3751 cum
3261 3700 3515 3768 praesenti

1930 3786 2202 3857 puritate,
2245 3801 2464 3840 rursum
2493 3795 2548 3841 et
2579 3788 2698 3858 ipsa
2732 3789 2894 3858 quasi
2930 3790 3205 3859 quoddam
3240 3791 3518 3843 velamen-

1932 3887 2047 3933 tum
2083 3881 2294 3934 lollitur
2328 3879 2398 3934 ab
2432 3879 2576 3943 illis,
2613 3883 2706 3950 qui
2743 3897 2862 3935 eam
2897 3882 3207 3951 reperiunt.
3242 3883 3382 3936 Sunt
3420 3901 3518 3936 au-

1933 3980 2039 4027 tem
2077 3973 2112 4026 ii
2143 3973 2440 4034 custodes.
2482 3973 2536 4027 in
2588 3975 2723 4028 urbe
2776 3976 3238 4046 circumeuntes(
3278 3985 3333 4030 et
3385 3978 3516 4032 urbs

1931 4066 2045 4119 haec
2077 4067 2260 4118 anima
2291 4067 2545 4137 est),qui
2583 4067 2928 4120 verberando
2953 4083 3015 4120 ac
3044 4068 3384 4122 vulnerando
3419 4085 3516 4140 pe-

1929 4159 2077 4228 plum
2117 4158 2401 4224 adimuut,
2447 4169 2500 4213 et
2549 4161 2750 4228 quibus
2796 4159 2898 4213 hoc
2950 4159 3138 4213 datum
3176 4161 3421 4232 negotii,
3459 4169 3517 4214 nt

1929 4250 2169 4305 civitatis
2198 4267 2386 4302 muros
2413 4251 2750 4305 custodiant.
2790 4251 3078 4304 Enimvero
3107 4251 3514 4320 ademptionem

1929 4343 2070 4413 pepli
2121 4343 2327 4396 bonum
2375 4343 2636 4412 quiddam
2673 4361 2828 4405 esse,
2863 4355 2922 4397 ut
2955 4345 3150 4397 oculus
3183 4343 3452 4398 liberatus
3485 4359 3516 4397 a

1929 4435 2202 4489 velamine
2233 4435 2677 4504 pulchritudinem
2707 4436 3075 4490 desideratam
3111 4435 3320 4505 absque
3348 4436 3518 4505 impc—

1929 4525 2173 4580 dimento
2206 4509 2505 4590 intueatur,
2538 4544 2696 4579 nemo
2721 4527 3030 4590 dubitabit,
3062 4527 3154 4595 qui
3183 4525 3248 4579 ad
3275 4527 3516 4594 Aposto-

242 4623 416 4678 ματος
465 4607 564 4677 τὴν
613 4605 708 4658 τοῦ
748 4606 1102 4676 καλύμματος
1147 4607 1487 4680 περιαίρεσιν
1541 4611 1825 4681 ἀνατίθησι

1934 4617 2042 4669 Ιιιιιι
2077 4617 2356 4686 respiciet.
2400 4615 2449 4672 Is
2478 4619 2622 4670 enim
2657 4617 2724 4670 ad
2760 4618 2866 4670 vim
2897 4619 3130 4686 spiritus
3165 4617 3327 4671 refert
3367 4619 3518 4672 vela-

236 4700 417 4768 λέγων
447 4715 461 4729 ·
498 4700 683 4751 ’Ὅταν
719 4698 787 4750 δὲ
828 4699 1161 4767 ἐπιστρέψῃ
1208 4699 1360 4767 πρὸς
1403 4703 1640 4770 Κύριον,
1677 4721 1828 4773 περι-

239 4789 490 4859 αιρεῖται
538 4789 605 4841 τὸ
656 4788 970 4858 κάνῖυδιινιιιι⁸
1004 4792 1036 4842 ὁ
1088 4789 1156 4843 δὲ
1202 4793 1452 4859 Κύριος,
1481 4795 1548 4847 τὸ
1590 4795 1828 4864 πνεῦμά

237 4885 432 4936 ἐστιν.
464 4883 586 4934 Ὅτι
623 4881 679 4934 δὲ
724 4883 785 4934 τὸ
819 4882 912 4934 τοῦ
946 4881 1154 4950 ἀγαθοῦ
1199 4888 1705 4954 παρασκευαστικὸν
1735 4890 1827 4942 καὶ

239 4971 376 5025 αὐτὸ
416 4973 631 5034 πάντως
671 4971 820 5024 ἐστὶν
858 4971 1090 5039 ἀγαθὸν,
1127 4973 1225 5026 οὐκ
1275 4974 1341 5028 ἄν
1379 4993 1462 5038 τις
1495 4978 1824 5048 ἀμφιϐάλλοι

237 5063 352 5116 τῶν
398 5063 774 5132 ἐπισταμένων
833 5061 968 5134 api};
1021 5063 1079 5115 τὸ
1131 5063 1424 5120 ἀκόλουθον
1477 5066 1712 5137 βλέπειν.
1763 5069 1825 5121 Εἰ

237 5153 424 5207 τοίνυν
461 5153 661 5220 ἀγαθὸν
699 5153 732 5223 ἡ
767 5151 860 5205 τοῦ
905 5153 1263 5224 καλύμματος
1306 5157 1660 5227 περιαίρεσις,
1683 5161 1824 5228 ἀγα-

239 5246 334 5299 θὸν
371 5245 438 5298 ἂν
478 5243 556 5315 εἴη
590 5246 805 5309 πάντως
835 5247 986 5317 καὶὴ
1023 5247 1226 5318 πληγὴ,
1267 5249 1360 5302 καὶ
1392 5249 1452 5302 τὺ
1487 5251 1728 5323 τραῦμα,
1757 5255 1824 5306 δι’

237 5333 314 5391 ὧν
369 5337 731 5408 κατορθοῦται
782 5339 816 5410 ἡ
867 5339 1230 5411 περιαίρεσις.
1271 5341 1412 5394 Ἀλλ’
1444 5345 1630 5416 ἐπειδὴ
1681 5347 1822 5400 κατὰ

235 5427 336 5498 τὴν
360 5431 650 5502 πρόχειρον
677 5430 1079 5501 ἐννοιαν,ἀηδία
1103 5450 1186 5498 τις
1221 5435 1545 5504 ἐμφαίνεται
1581 5439 1695 5501 τοῖς
1726 5441 1825 5512 ῥή-

241 5538 377 5592 μασι
419 5521 659 5586 τούτοις·
685 5521 906 5594 ἄλγημα
936 5523 1046 5595 γὰρ
1085 5525 1418 5580 ἐνδείκνυται
1455 5529 1488 5599 ή
1525 5530 1676 5602 φωνὴ
1703 5529 1819 5592 τοῦ.

302 5705 494 5762 “Gen.
553 5700 813 5768 xiiv,65.
927 5703 972 5735 ⁸⁸
997 5703 1038 5757 ll
1077 5703 1202 5758 Cor.
1241 5722 1292 5772 v,
1327 5705 1407 5766 l6.

1931 4709 2096 4762 minis
2125 4709 2530 4778 ademptionem
2557 4749 2571 4769 .
2615 4727 2738 4763 cum
2781 4714 2893 4765 ait:
2929 4709 3030 4763 Ubi
3070 4727 3188 4764 vero
3229 4726 3513 4763 conrersns

1930 4800 2088 4868 fuerit
2125 4801 2192 4852 ad
2225 4799 2538 4864 Dominum,
2576 4804 2782 4856 tollitur
2817 4803 3092 4857 velamen:
3126 4803 3388 4856 Dominus
3418 4819 3518 4854 rm-

1931 4902 2031 4947 tem
2071 4895 2294 4961 spiritus
2325 4894 2416 4946 ille
2443 4904 2520 4947 est
2556 4896 2621 4946 ‘5.
2673 4893 2862 4964 Neque
2890 4913 3020 4950 vero
3049 4895 3293 4948 dubitari
3332 4905 3515 4964 polest

1931 4987 1999 5040 ab
2029 4985 2096 5039 iis
2119 5025 2132 5048 ,
2163 4987 2257 5056 qui
2295 5003 2476 5040 rerum
2511 4987 2706 5040 seriem
2739 4995 2793 5042 et
2822 4989 3274 5056 consequentiam
3309 4989 3514 5042 intueri

1931 5085 2172 5138 norunt,
2211 5077 2374 5131 etiam
2413 5077 2462 5130 id
2509 5077 2653 5147 quod
2689 5077 2757 5130 ad
2807 5077 3010 5132 bonum
3059 5087 3328 5147 prmparat
3392 5094 3515 5131 om-

1933 5169 2064 5222 nino
2115 5169 2318 5222 bonum
2377 5185 2524 5224 esse.
2575 5168 2760 5236 Quare
2813 5169 2860 5224 si
2891 5171 3183 5224 velaminis
3234 5171 3516 5240 ademptio

1931 5259 2134 5313 bonum
2164 5259 2426 5330 quiddam
2462 5268 2579 5322 est,
2629 5261 2856 5314 oumino
2885 5261 3050 5314 etiam
3097 5271 3209 5314 tum
3257 5261 3516 5315 verbera-

1931 5352 2176 5414 tionem,
2221 5359 2334 5406 tum
2379 5354 2577 5408 vulnus
2623 5354 2678 5406 in
2727 5353 2886 5408 bonis
2913 5368 3179 5421 ponemus
3203 5392 3218 5415 ,
3244 5351 3392 5421 quod
3419 5365 3515 5417 per

1930 5457 1995 5498 ea
2039 5447 2132 5498 tiat
2175 5446 2473 5516 ademptio.
2521 5445 2629 5501 Sed
2672 5447 2801 5516 quia
2852 5461 3020 5500 sensu
3067 5447 3305 5514 primum
3355 5445 3517 5500 obvio

1931 5535 2164 5593 insuave
2215 5539 2479 5609 quiddam
2535 5540 2602 5594 de
2672 5538 2854 5594 verbis
2908 5537 2994 5594 his
3053 5537 3231 5595 elucet
3266 5537 3516 5607 (etenim
