3850 6224
407 316 539 372 1051
1663 320 1722 376 S.
1764 318 1927 374 GREf

2211 319 2427 374 {SSENI
3583 324 3731 375 ιοπξ

405 457 515 497 vox
546 441 637 496 illa
659 483 673 506 ,
705 454 1104 510 percusserunt,
1126 461 1190 501 ae
1226 446 1570 500 vulneraruut
1605 462 1714 508 me.
1748 445 1925 499 dolenl

2209 443 2459 508 ιάταξάν
2470 458 2568 513 με·
2586 443 2680 498 καὶ
2699 443 2816 509 τοῦ,
2835 444 3416 514 Ἐτραυμάτισάνμε,
3437 447 3647 509 καλῶς
3670 451 3729 500 in

406 531 648 604 proferri
673 532 894 590 videtur
916 540 957 603 ),
996 544 1144 590 recte
1182 535 1384 591 facturi
1417 550 1612 590 sumus
1635 579 1650 603 ,
1683 535 1730 591 si
1765 535 1926 606 prinu

2209 554 2223 588 ι
2253 537 2589 606 κατανοῆσαι
2621 538 2837 610 πρῶτον
2868 539 2970 609 τῆς
2997 539 3160 608 ἁγίας
3192 539 3418 611 Γραφῆς
3467 541 3584 609 τὴν
3619 541 3729 592 τῶν

406 620 724 692 hujnsmodi
756 623 1050 678 verborum
1084 624 1140 679 in
1168 625 1346 681 sacris
1374 625 1600 681 Litteris
1629 642 1790 680 usum
1818 627 1926 680 obsl

2206 628 2364 682 >ύτων
2413 631 2674 700 ῥημάτων
2721 630 2917 701 χρῆσιν
2939 671 2953 696 ,
2984 633 3140 684 εἵπου
3175 631 3311 704 πρὸς
3342 631 3404 684 τὸ
3453 635 3726 702 κρεῖττον

404 714 759 781 vaverimus,
793 731 926 770 num
971 717 1115 772 forte
1163 717 1280 772 haec
1320 717 1389 772 de
1435 733 1496 773 re
1543 719 1688 772 bona
1736 734 1924 788 usurp:

2213 718 2289 771 ὧν
2328 718 2426 790 τὴν
2471 723 2691 792 μνήμην
2723 722 3020 793 πεποίηται
3054 741 3066 752 ·
3091 719 3190 775 εἷθ’
3217 723 3394 787 οὕτως
3425 723 3731 794 θεωρῆσαι

405 805 777 875 reperiantur,
814 816 978 880 atque
1009 809 1084 864 ita
1127 809 1329 866 deinde
1371 812 1484 866 vim
1534 827 1728 867 eorum
1765 828 1886 883 qua!
1919 834 1925 864 ι

1702 828 1728 865 [ι
1765 828 1886 883 qua!
1919 813 2004 868 di-
2105 809 2217 862 τῶν
2251 812 2484 866 ἐνταῦθα
2515 813 2823 885 λεγομένων
2842 815 2941 886 τὴν
2973 815 3222 885 δύναμιν.

406 908 609 953 cuntur
646 898 753 965 hic,
791 901 1356 959 consideraverimus.

479 990 602 1057 Quo
633 1000 800 1061 pacto
850 995 1131 1064 sapientia
1157 995 1224 1050 de
1268 1006 1446 1051 morte
1481 995 1706 1066 juvenis
1759 997 1999 1051 animam

2205 993 2301 1058 Ιῶς
2334 994 2520 1064 ῥύεται
2554 997 2586 1066 ή
2632 995 2791 1066 σοφία
2819 995 2920 1068 τὴν
2961 996 3053 1051 τοῦ
3082 997 3200 1052 νέου
3232 999 3415 1070 ψυχὴν
3447 1000 3574 1053 ἀπὸ
3627 999 3725 1054 θα-

408 1081 638 1147 liberet,
670 1084 802 1154 quid
826 1085 1137 1140 faciendum
1170 1088 1462 1154 consulat,
1491 1096 1550 1142 ut
1577 1103 1645 1141 ne
1675 1096 1851 1143 morte
1875 1103 1928 1158 pe

2207 1105 2265 1140 ου
2292 1088 2389 1153 ;τι
2422 1088 2779 1158 συμϐουλεύει
2801 1093 2995 1153 ποιεῖν,
3025 1091 3110 1143 ἵνα
3131 1092 3204 1162 μὴ
3230 1091 3491 1164 ἀποθάνῃ
3517 1095 3549 1145 6
3582 1093 3725 1154 νέος,

404 1185 494 1227 eat
524 1173 784 1244 juvenis,
835 1193 901 1232 ex
952 1179 1190 1248 ipsamet
1241 1179 1554 1234 audiamus.
1595 1180 1655 1234 Si
1700 1181 1882 1252 virga,
1919 1181 1924 1236 i

2203 1182 2276 1250 ’ῆς
2304 1181 2626 1251 ἀκούσωμεν
2654 1182 2752 1252 τῆς
2781 1183 2992 1250 σοφίας.
3037 1184 3171 1238 Ἐὰν
3197 1183 3486 1251 natiian
3521 1187 3723 1237 αὑτὸν

405 1266 561 1336 quit,
596 1272 921 1337 percusseris
967 1288 1126 1336 eum,
1180 1291 1286 1328 non
1340 1274 1598 1328 morietur
1631 1274 1699 1327 ⁸⁷.
1750 1274 1888 1332 Nam

2195 1273 2316 1339 ῖδφ,
2343 1274 2529 1345 φησιν,
2565 1277 2638 1329 οὐ
2675 1275 3106 1344 μὴ’ἁποθάνῃ.
3132 1278 3204 1330 Σὺ
3243 1278 3342 1346 μὲν
3371 1277 3491 1347 γὰρ
3521 1279 3715 1350 ῥάϐδῳ

405 1359 630 1428 quidem
681 1364 836 1433 virga
887 1379 1012 1418 eum
1067 1364 1279 1430 caedes,
1342 1382 1533 1420 verum
1586 1368 1824 1420 animam
1880 1367 1925 1437 ej

2195 1365 2365 1429 τάξεις
2385 1366 2569 1429 αὑτὸν,
2592 1366 2690 1437 τὴν
2705 1366 2761 1420 δὲ
2780 1366 2958 1438 ψυχὴν
2981 1367 3144 1421 αὑτοῦ
3165 1368 3303 1439 ῥύσῃ
3330 1371 3397 1421 ὲκ
3431 1369 3715 1422 θανάτου.

406 1452 570 1504 morti
603 1452 826 1524 eripies.
859 1454 1043 1520 Quare
1072 1456 1290 1510 videtur
1317 1473 1424 1512 vox
1485 1459 1854 1530 percutiendi,
1887 1459 1920 1513 li

2211 1475 2292 1511 ικε
2315 1458 2496 1512 τοίνυν
2525 1459 2822 1514 ἀθανασίαν
2842 1461 3162 1533 ἑρμηνεύειν
3189 1464 3220 1534 ἡ
3251 1462 3343 1516 τοῦ
3387 1464 3724 1527 Ἔπάταξαν

405 1543 530 1598 loco
562 1552 757 1600 notare
785 1546 1283 1610 immortalitatem,
1326 1564 1452 1605 cum
1489 1551 1746 1609 dicatur:
1786 1551 1847 1609 Si
1881 1569 1925 1622 p4

2201 1569 2282 1614 ις,
2317 1549 2498 1616 καθὼς
2527 1554 2555 1606 6
2587 1550 2742 1621 λόγος
2768 1554 2936 1622 φησίν
2962 1569 2976 1584 ·
3012 1555 3095 1607 ὅτι
3135 1554 3276 1608 Ἐὰν
3313 1557 3613 1624 παῖὰξῃς
3651 1556 3721 1624 τῇ

404 1638 631 1690 cusseris
659 1654 779 1692 eum
810 1641 993 1710 virga,
1029 1659 1134 1694 non
1173 1644 1452 1700 morietur.
1493 1645 1626 1701 Item
1673 1647 1820 1716 quod
1866 1664 1924 1702 su

2201 1643 2317 1706 ῗδῳ,
2355 1644 2428 1697 οὐ
2458 1643 2544 1712 μὴ
2581 1643 2876 1713 ἀποθάνῃ,
2909 1645 3003 1698 καὶ
3049 1646 3131 1699 ὅτι
3185 1647 3281 1699 οὑκ
3317 1646 3470 1700 ἐστιν
3534 1649 3721 1711 ἄλλως

399 1730 646 1799 jiciutur,
680 1733 842 1788 aliter
875 1736 1117 1790 animam
1147 1736 1272 1806 ejus
1306 1739 1373 1793 de
1419 1748 1598 1795 morte
1631 1741 1857 1795 liberari
1886 1758 1919 1796 n

2199 1732 2369 1802 ῖθῆναι
2406 1733 2503 1805 τὴν
2546 1734 2725 1805 ψυχὴν
2756 1736 2819 1788 ὲκ
2864 1736 2958 1789 τοῦ
2991 1736 3243 1800 θανάτου,
3272 1739 3366 1790 ἐὰν
3407 1739 3488 1807 μὴ
3527 1739 3719 1792 πατὰ-

403 1838 590 1892 posse,
625 1841 790 1895 quam
824 1827 872 1881 si
908 1828 1063 1899 virga
1095 1831 1360 1887 caedatur.
1387 1833 1576 1904 Itaque
1601 1834 1668 1888 de
1695 1834 1780 1890 his
1811 1836 1923 1890 verl

2229 1826 2295 1893 τῇ
2329 1824 2510 1895 ῥάϐδῳ
2541 1842 2555 1856 ο
2590 1825 2756 1878 καλὸν
2802 1827 2911 1898 ἄρα
2947 1827 3009 1881 τὸ
3039 1827 3419 1898 παταχθῆναι,
3454 1829 3557 1882 διὰ
3601 1831 3720 1882 τῶν

402 1915 839 1981 demonstratur,
872 1920 1077 1974 bonum
1117 1939 1244 1979 esse
1277 1923 1457 1990 caedi;
1499 1941 1625 1980 cum
1668 1941 1857 1982 revera
1893 1927 1922 1982 b

2200 1916 2404 1986 ςμὲνων
2442 1919 2575 1988 ἡμῖν
2624 1919 3021 1974 ἀποδέδεικται.
3057 1920 3201 1974 Διὸτι
3227 1920 3391 1974 καλόν
3423 1922 3588 1974 ἐστιν
3636 1921 3720 1985 ὠς

403 2022 535 2061 num
569 2008 673 2072 sit,
711 2011 952 2064 animam
1007 2029 1036 2066 a
1083 2024 1260 2070 morte
1303 2017 1550 2072 liberari.
1603 2017 1695 2073 Sic
1738 2027 1792 2074 et
1824 2017 1923 2074 Deu

2199 2008 2317 2078 |063.;
2354 2009 2414 2062 τὸ
2463 2011 2528 2062 ἐκ
2575 2010 2808 2064 θανάτου
2856 2011 2954 2083 τὴν
2990 2012 3168 2083 ψυχὴν
3213 2014 3501 2084 ῥυσθῆναι.
3541 2014 3719 2067 Οὕτω

405 2115 569 2166 agere
603 2109 758 2158 vates
789 2105 902 2166 ait,
939 2106 1250 2162 occidendo
1280 2109 1687 2178 viviﬁcantem,
1715 2118 1769 2165 et
1799 2127 1925 2182 perc

2197 2105 2272 2154 εἶν
2303 2103 2396 2155 καὶ
2428 2103 2518 2156 τὸν
2544 2102 2677 2156 Θεὸν
2709 2106 2738 2157 6
2781 2105 3064 2176 προφήτης
3095 2106 3278 2176 φησὶν,
3309 2107 3399 2160 διὰ
3429 2107 3535 2161 τοῦ
3566 2109 3717 2161 ἀπο-

410 2191 600 2246 tiendo
632 2204 942 2249 sanantem.
981 2195 1094 2266 Ego
1116 2239 1130 2261 ,
1170 2199 1386 2270 inquit,
1418 2202 1737 2272 interﬁciant
1780 2213 1830 2258 et
1865 2204 1930 2258 vi:

2200 2194 2326 2247 ίνειν
2355 2193 2742 2258 ζωοποιοῦντα.
2780 2196 2874 2248 καὶ
2897 2196 2984 2249 διὰ
3014 2196 3108 2248 τοῦ
3127 2198 3424 2251 πατάσσειν
3442 2197 3714 2268 ἰώμενον.

404 2283 609 2351 [icabo;
651 2288 982 2353 percutiant,
1012 2298 1062 2342 et
1095 2307 1310 2344 rursum
1346 2293 1455 2359 ipse
1501 2292 1706 2348 sanabo
1740 2294 1808 2349 ".
1854 2293 1924 2349 Pr

2189 2287 2252 2339 ηιὼ
2299 2286 2408 2357 γὰρ
2432 2327 2446 2350 ,
2479 2288 2666 2357 φησὶν,
2695 2286 3007 2341 ἀποκτενῶ
3031 2327 3044 2351 ,
3093 2288 3190 2341 καὶ
3249 2287 3357 2356 ζῇν
3406 2289 3664 2356 ποιήσω
3695 2308 3709 2320 ·

402 2384 592 2443 pterea
619 2390 854 2446 magnus
891 2379 1059 2433 etiam
1098 2379 1266 2436 David
1305 2382 1398 2438 ille
1438 2399 1548 2439 non
1605 2386 1847 2448 vulnus.
1896 2401 1921 2441 s

2195 2378 2358 2443 τάξω,
2394 2377 2556 2447 κάγὼ
2598 2377 2858 2447 ἰάσομαι.
2891 2378 2990 2432 Διὰ
3020 2379 3176 2432 τοῦτο
3214 2381 3308 2432 καὶ
3328 2382 3358 2433 6
3387 2380 3574 2449 μέγας
3596 2384 3715 2434 Δα-

399 2466 839 2523 Consolationem
863 2471 998 2524 oriri
1028 2471 1096 2527 de
1127 2473 1444 2542 hujusmodi
1477 2476 1630 2546 virga
1663 2477 1840 2544 dixit,
1863 2493 1919 2532 cu

2224 2471 2346 2542 οὐχὶ
2395 2470 2611 2540 πληγὴν
2667 2465 2842 2532 εἶπεν,
2903 2471 3039 2524 ἀλλὰ
3088 2471 3435 2543 παράκλησιν
3488 2472 3561 2524 ὲκ
3606 2471 3716 2540 τῆς

399 2558 507 2612 ait:
546 2557 709 2631 Virga
738 2571 829 2615 tua
857 2573 907 2616 et
943 2563 1164 2620 bacut'us
1199 2578 1322 2621 tuus
1344 2608 1359 2632 ,
1403 2569 1521 2640 ipsa
1551 2571 1831 2625 consolata
1862 2588 1919 2625 su

2192 2558 2353 2630 ιύτης
2391 2559 2634 2628 γίνεσθαι
2667 2559 2895 2630 ῥάϐδου,
2928 2559 3138 2628 λέγων’
3184 2561 3247 2615 Ἡ
3280 2559 3514 2626 ῥάϐδος
3559 2560 3712 2624 σοῦ,

400 2669 482 2706 me
521 2653 586 2706 ".
643 2651 710 2706 Et
751 2655 970 2723 quidem
1014 2671 1112 2724 per
1155 2657 1270 2712 haec
1313 2675 1561 2713 mensam
1598 2661 1703 2716 sibi
1743 2663 1920 2716 divina

2227 2646 2264 2712 ἡ
2292 2647 2595 2716 βακτηρία
2641 2647 2781 2711 σοῦ,
2805 2642 2984 2703 αὗταί
2999 2665 3078 2718 με
3107 2649 3540 2717 παρεκάλεσαν
3573 2667 3588 2680 ν
3626 2649 3712 2704 δι’

401 2745 585 2810 parari
615 2744 815 2803 tradit.
847 2747 1090 2815 itemque
1118 2749 1223 2802 alia
1252 2766 1597 2820 quascunque
1626 2753 1875 2820 psalmus
1901 2755 1914 2806 i

2194 2739 2404 2807 γίνεται
2442 2741 2538 2794 καὶ
2584 2739 2734 2803 θείας
2774 2739 3054 2812 τραπέζης
3093 2739 3402 2810 έτοιμασία,
3445 2741 3545 2793 καὶ
3599 2740 3711 2794 ὅσα

401 2836 706 2890 secundum
761 2837 874 2892 lucc
925 2851 1216 2896 recenset:
1274 2843 1422 2898 verbi
1469 2845 1676 2913 gratia,
1718 2845 1897 2900 oleum

2192 2829 2234 2883 τά
2257 2831 2318 2882 τὸ
2351 2830 2640 2884 ἀκόλουθον
2669 2833 2913 2902 περιέχει
2951 2834 2985 2904 ἡ
3030 2832 3342 2903 ψαλμῳδία·
3376 2833 3470 2885 καὶ
3513 2833 3579 2885 τὸ
3611 2833 3712 2889 ἐπὶ

400 2930 614 2999 capite,
653 2946 865 2984 merum
901 2931 955 2986 in
990 2935 1226 3002 poculo,
1276 2937 1421 3005 quod
1461 2937 1785 2990 ebrietatem
1836 2938 1920 2990 illa

2215 2921 2457 2994 κεφαλῆς
2486 2922 2682 2988 ἔλαιον,
2729 2925 2824 2977 καὶ
2862 2927 2892 2978 6
2921 2923 3014 2977 τοῦ
3067 2925 3328 2994 ποτηρίου
3373 2925 3646 2994 ἄκρατος,
3679 2927 3710 2980 6

399 3023 643 3079 sobriam
674 3023 903 3089 elliciat,
938 3026 1320 3082 misericordia
1367 3029 1596 3100 pulchre
1644 3030 1824 3093 ipsum
1863 3047 1919 3100 pr

2186 3031 2190 3054 ι
2218 3013 2476 3082 νηφάλιον
2503 3013 2676 3086 μέθην
2709 3016 3094 3086 ἐργαζόμενος,
3128 3017 3221 3068 καὶ
3253 3017 3283 3068 6
3313 3016 3500 3079 καλῶς
3536 3017 3706 3070 αὑτὸν

400 3130 643 3186 sequens
677 3125 732 3170 et
761 3115 925 3186 longa
959 3117 1014 3171 in
1048 3118 1212 3172 domo
1251 3117 1342 3173 Dei
1377 3135 1553 3174 mora.
1592 3119 1750 3186 Quod
1787 3123 1833 3176 si
1873 3122 1920 3176 li:

2188 3104 2454 3158 ταδιώκων
2515 3105 2686 3170 ἕλεος,
2718 3109 2812 3160 καὶ
2856 3109 2889 3179 ἡ
2938 3109 2998 3160 ἐν
3023 3106 3103 3178 τῷ
3130 3108 3263 3178 οἴκῳ
3303 3107 3399 3160 τοῦ
3425 3107 3570 3161 Θεοῦ
3601 3127 3708 3177 μα·-

398 3205 580 3262 dulcis
625 3207 717 3261 illa
767 3210 1078 3263 verberatio
1126 3210 1482 3280 suppeditat,
1517 3212 1918 3282 quemadmodn

2190 3197 2408 3260 ιϐίωσις.
2451 3198 2513 3250 Et
2562 3194 2656 3252 οὖν
2687 3198 2862 3254 ταῦτα
2904 3199 3133 3270 παρέχει
3172 3199 3461 3270 ήγλυκεῖα
3513 3199 3710 3270 ἐκείνη

397 3307 453 3355 et
483 3298 910 3355 Proverbiornm
965 3303 1124 3366 liber,
1174 3314 1227 3357 et
1277 3303 1551 3374 Propheta
1605 3306 1693 3360 hic
1740 3305 1914 3362 docen

2188 3293 2277 3362 ἶγή
2305 3308 2320 3323 °
2371 3293 2512 3346 κατά
2558 3309 2618 3344 τε
2663 3291 2762 3362 τὴν
2809 3291 3154 3363 παροιμιώδη
3192 3291 3572 3353 διδασκαλίαν,
3611 3294 3708 3344 καὶ

401 3392 660 3445 nimirum
714 3394 865 3460 virga
919 3394 1052 3448 credi
1105 3395 1308 3449 bonum
1356 3403 1476 3457 est,
1529 3413 1652 3465 qum
1704 3406 1921 3450 tantorn

2190 3384 2234 3434 ῖὰ
2269 3382 2366 3453 τὴν
2407 3383 2500 3435 τοῦ
2549 3381 2830 3454 Προφήτου
2875 3385 3091 3453 φωνήνο
3117 3383 3320 3451 ἀγαθὸν
3355 3383 3464 3452 ἄρα
3496 3384 3621 3435 ἐστὶ
3645 3385 3710 3436 τὸ

401 3482 671 3536 bonorum
727 3481 1073 3538 fertilitatem
1108 3494 1164 3540 et
1201 3486 1418 3554 copiam
1454 3487 1757 3542 contineat.
1798 3488 1920 3542 Eni:

2191 3473 2439 3543 ταχθῆναι
2463 3477 2528 3544 τῇ
2575 3475 2776 3545 ῥάϐδῳ,
2808 3477 2900 3544 ἀφ’
2923 3471 2986 3530 οὗ
3012 3478 3127 3528 ἐστι
3151 3474 3258 3527 τῶν
3283 3476 3548 3529 τοιούτων
3574 3476 3711 3544 ἀγα.

399 3585 533 3625 vero
562 3578 711 3626 recte
753 3571 1054 3627 fecerimus
1083 3615 1098 3638 ,
1135 3575 1182 3628 si
1229 3576 1396 3629 etiam
1430 3575 1481 3629 id
1527 3577 1671 3646 quod
1717 3586 1845 3632 ante
1877 3579 1919 3631 h:

2191 3584 2204 3617 ι
2232 3564 2476 3632 εὑθηνία.
2517 3565 2734 3618 Μᾶλλον
2764 3565 2820 3617 δὲ
2845 3565 2906 3618 τὸ
2943 3565 3182 3636 παρεθὲν
3209 3565 3313 3636 πρὸ
3334 3565 3444 3618 τῶν
3470 3566 3711 3636 είρημέ-

401 3665 567 3720 verba
596 3665 862 3720 omissum
894 3680 924 3718 a
961 3667 1124 3721 nobis
1153 3676 1239 3721 est
1261 3708 1276 3730 ,
1314 3667 1680 3738 inquiramus.
1719 3669 1920 3725 Praeter

2189 3675 2200 3706 ι
2217 3655 2580 3726 ἐξετάσωμεν.
2595 3657 2845 3728 Παρῆλθε
2864 3661 2930 3729 τῇ
2947 3657 3134 3729 νύμφῃ
3155 3659 3183 3709 6
3202 3657 3391 3721 Λόγος,
3408 3658 3709 3726 ἀνέφικτος

402 3771 666 3826 sponsam
695 3754 934 3810 Verbum
966 3759 1080 3820 sic,
1110 3765 1169 3811 ut
1204 3759 1297 3812 illa
1330 3767 1619 3828 tantopere
1663 3760 1913 3815 desidera

2183 3749 2316 3820 λαϐῇ
2339 3750 2438 3819 τῆς
2457 3747 2727 3821 ποθούσης
2749 3749 3059 3820 γενόμενος·
3077 3747 3322 3820 παρῆλθε
3344 3748 3402 3801 δὲ
3431 3749 3529 3818 οὑχ
3549 3749 3703 3803 ὥστε

403 3845 620 3915 ipsum,
665 3861 775 3899 non
831 3853 1016 3901 tamen
1078 3848 1469 3918 preliendendo
1519 3857 1822 3904 consecuta
1873 3851 1919 3904 si

2178 3859 2189 3893 ι
2230 3841 2550 3895 καταλιπεῖν
2599 3843 2666 3914 ῆν
2715 3843 3084 3914 παρέδραμεν,
3131 3843 3244 3894 ἀλλ’
3296 3841 3437 3894 ὥστε
3487 3842 3698 3912 μᾶλλον

405 3937 667 4006 praeteriit
707 3946 928 4001 autem,
967 3955 1074 3992 non
1117 3948 1176 3992 ut
1219 3939 1438 3995 deserat
1489 3943 1859 4010 praeteritam,
1894 3958 1925 3996 si

2188 3932 2265 4004 τὴν
2298 3933 2437 4005 πρὸς
2481 3933 2672 3986 ἑαυτὸν
2713 3933 3140 3987 ἐπισπάσασθαι.
3166 3933 3305 4002 Φησὶ
3331 3935 3472 4004 γάρ’
3501 3935 3588 3986 ὅτι
3630 3935 3708 3989 Ἡ

406 4038 466 4082 ιιι
511 4029 686 4098 magis
718 4045 835 4084 eain
868 4028 936 4082 ad
970 4046 1093 4085 sese
1121 4032 1383 4084 attrahat.
1423 4030 1516 4085 Sic
1559 4031 1706 4085 enim
1755 4031 1926 4101 ipsam

2184 4025 2268 4094 χή
2317 4044 2438 4096 μου
2483 4025 2746 4094 ἐξῆλθεν
2799 4027 2868 4080 ἐν
2911 4030 3073 4098 λόγῳ
3126 4027 3332 4081 αὑτοῦ.
3381 4027 3704 4099 Ἐξέρχεται

405 4120 475 4173 ait
508 4137 521 4172 :
553 4120 745 4172 Anima
778 4136 894 4173 mea
927 4136 1136 4190 egressa
1167 4130 1244 4175 est
1275 4120 1344 4172 ad
1379 4137 1671 4174 sermonem
1700 4120 1836 4189 ejus.
1873 4119 1925 4173 Ρι

2181 4134 2275 4169 νυν
2303 4117 2412 4170 ἀπὸ
2443 4115 2537 4169 τοῦ
2565 4119 2623 4172 ὲν
2647 4109 2692 4185 ᾦ
2716 4112 2785 4186 ἦν
2817 4118 2850 4187 ή
2875 4117 3043 4187 ψυχὴ,
3082 4117 3175 4170 καὶ
3223 4115 3395 4178 οὕτως
3429 4117 3560 4168 ἁπὺ⁹
3586 4117 3701 4169 τῶν

407 4225 556 4264 nium
591 4210 758 4281 igitur
796 4211 891 4264 illo
923 4211 990 4264 de
1027 4213 1148 4265 loco
1188 4211 1473 4279 egreditur
1511 4215 1734 4274 anima,
1785 4211 1840 4265 in
1882 4226 1927 4280 (ιι

2176 4208 2482 4263 λασσόντων
2527 4209 2623 4280 τῆν
2672 4211 2828 4263 πόλιν
2871 4209 3525 4280 εὑρίσκεταιοεῆροσαν
3563 4210 3696 4280 γὰρ,

400 4311 560 4358 erat:
597 4314 762 4372 atque
795 4303 870 4356 ita
917 4302 1198 4357 invenitur
1229 4303 1297 4357 ab
1331 4304 1398 4358 iis
1435 4305 1529 4372 qui
1577 4304 1768 4357 urbem
1805 4311 1920 4358 cusl

2101 4301 2252 4372 φησὶ,
2279 4304 2360 4372 μὲ
2387 4303 2442 4355 oi
2469 4301 2758 4371 φύλακες,
2793 4303 2847 4356 οἱ
2873 4300 3244 4366 κυκλοῦντες
3273 4301 3390 4367 τὴν
3415 4301 3621 4355 πόλιν.

403 4396 583 4449 diunt.
613 4393 734 4448 Haec
761 4395 908 4448 enim
941 4397 1106 4448 verba
1140 4405 1450 4464 sequuntur
1477 4413 1491 4448 :
1527 4394 1876 4463 Offenderunt
1913 4411 1994 4450 me

401 4486 644 4541 custodes
667 4527 681 4549 ,
709 4487 800 4557 qui
835 4489 887 4540 in
915 4487 1041 4539 urbe
1072 4487 1419 4539 circumeunt.
2028 4489 2072 4545 ι)

488 4567 640 4630 Quod
672 4568 860 4633 siergo
878 4565 959 4618 vel
989 4563 1185 4617 inferni
1212 4566 1454 4633 pericula
1475 4580 1594 4620 eam
1625 4565 1992 4633 invenissent,

2175 4574 2225 4627 Ei
2256 4574 2354 4644 μὲν
2382 4569 2474 4624 οὖν
2505 4573 2554 4626 oi
2589 4574 2822 4628 κίνδυνοι
2855 4574 2982 4645 ᾅδου
3010 4566 3169 4646 εὗρον
3201 4576 3394 4649 αὐτὴν,
3426 4577 3458 4646 ἢ
3491 4577 3695 4647 λῃστὰς

417 4659 501 4709 vel
535 4657 600 4708 ab
630 4656 936 4708 latronibus
962 4655 1239 4707 inventam
1267 4653 1495 4718 diceret,
1526 4654 1709 4724 gravis
1743 4654 1937 4724 profect

2175 4666 2262 4738 τὴν
2312 4665 2568 4736 εὑρέσθαι
2606 4665 2788 4735 λέγει’
2824 4667 3060 4738 χαλεπὸν
3101 4664 3169 4739 ῆν
3207 4669 3266 4721 τὺ
3308 4669 3569 4723 τοιούτων
3595 4671 3695 4723 αὑ-

414 4762 582 4802 casns
608 4747 654 4799 is
685 4743 847 4799 foret.
873 4743 1016 4798 Nam
1041 4745 1130 4812 fur
1152 4761 1255 4798 non
1280 4745 1437 4808 venit,
1471 4745 1576 4798 uisi
1600 4753 1658 4798 ut
1681 4745 1910 4814 furetur,

2168 4773 2192 4809 ν
2223 4754 2444 4827 εὕρημα
2471 4755 2743 4824 γενέσθαι.
2776 4756 2838 4808 '0
2863 4755 2974 4825 γὰρ
2995 4755 3261 4824 κλέπτης
3278 4758 3390 4810 οὐκ
3428 4757 3688 4826 ἔρχεται,

414 4844 625 4901 mactet,
646 4845 697 4890 et
712 4835 895 4906 perdat
916 4835 984 4888 '-'°.
1014 4836 1080 4889 At
1100 4836 1145 4889 si
1163 4835 1421 4889 custodes
1439 4850 1559 4888 eam
1579 4835 1880 4900 inveniunt,
1896 4853 1926 4904 (ι

2170 4846 2246 4915 μὴ
2280 4848 2383 4901 ἵνα
2410 4846 2637 4915 κλέψῃ,
2675 4847 2775 4900 καὶ
2798 4849 2979 4916 θύσῃ,
3000 4849 3098 4902 καὶ
3123 4848 3426 4916 ἀπολέσῃ.
3464 4851 3526 4902 Εἰ
3548 4850 3605 4902 δὲ
3640 4853 3690 4904 oi

414 4932 470 4987 in
499 4931 634 4984 urbe
655 4930 1020 4990 circumeunt,
1054 4928 1279 4980 omnino
1325 4928 1485 4980 talem
1518 4928 1587 4980 ob
1619 4927 1931 4981 inventione

2171 4939 2334 5002 λακες
2369 4938 2537 5010 αὑτὴν
2568 4939 2911 5009 εὑρίσκουσιν
2944 4941 2995 4991 oi
3033 4939 3361 5004 κυκλοῦντες
3397 4943 3458 4994 ἐν
3491 4945 3559 5012 τῇ
3597 4943 3689 4995 πό-

413 5026 572 5080 beata
591 5021 876 5092 praedicari
893 5017 1213 5074 debet.Nam
1227 5018 1364 5088 quia
1379 5017 1604 5072 custode
1623 5026 1872 5087 repertus
1883 5033 1933 5072 es

2149 5049 2188 5095 t,
2226 5031 2538 5102 μακαριστὴ
2573 5030 2790 5093 πάντως
2817 5031 2935 5084 ἐπὶ
2964 5031 3063 5101 τῆς
3090 5031 3345 5101 τοιαύτης
3383 5033 3664 5104 εὑρήσεως

415 5132 443 5170 a
475 5115 778 5169 latronibus
795 5111 1024 5166 subduci
1041 5109 1225 5165 furtim
1253 5110 1705 5178 nequit.Quinam
1733 5111 1935 5180 igituril

2179 5123 2285 5196 γὰρ
2321 5123 2429 5176 ὑπὸ
2463 5123 2560 5176 τοῦ
2603 5123 2843 5193 φύλακος
2877 5123 3143 5195 εὑρεθεὶς,
3177 5125 3283 5176 ὑπὸ
3315 5125 3532 5195 λῃστῶν
3561 5127 3687 5178 κλα-

412 5205 673 5260 cnstodes
694 5201 1094 5272 snnt?qninam
1125 5201 1238 5261 alii,
1289 5215 1452 5270 quam
1483 5199 1715 5254 ministri
1733 5201 1875 5268 ejus.
1895 5216 1926 5269 q

2167 5233 2250 5270 ναι
2282 5215 2343 5268 οὑ
2377 5215 2621 5270 δύναται.
2654 5216 2811 5280 Τίνες
2847 5213 2941 5271 οὖν
2967 5219 3106 5270 εἰσιν
3143 5218 3192 5270 οἱ
3219 5216 3501 5286 φύλακεςς
3532 5219 3687 5282 Τίνες

414 5297 656 5349 custodit
704 5294 958 5350 lsraelem
995 5293 1088 5344 “1'
1117 5291 1208 5360 qui
1239 5290 1557 5344 excubando
1582 5305 1802 5344 manum
1832 5305 1929 5344 sua

2165 5307 2320 5378 λοι,ἢ
2361 5307 2578 5372 πάντως
2629 5308 2680 5360 οἱ
2730 5308 3024 5378 ὑπηρέται,
3075 5309 3124 5360 οἱ
3177 5307 3553 5375 φυλάσσοντες
3597 5309 3685 5360 τὸν

413 5388 694 5440 dexteram
725 5386 896 5456 tegit;
929 5385 1015 5439 cui
1042 5379 1220 5437 animi!
1249 5383 1432 5436 omnia
1454 5382 1596 5435 malo
1629 5381 1933 5435 custodient

2162 5398 2355 5469 ιραήλς
2406 5397 2516 5452 Τοῦ
2569 5398 2658 5452 διὰ
2703 5398 2806 5469 τῆς
2860 5398 3106 5469 φυλακῆς
3147 5398 3244 5468 τὴν
3287 5397 3470 5461 δεξιὰν
3527 5401 3682 5468 χεῖρα

415 5477 621 5530 credita
648 5477 770 5530 est?
799 5478 890 5545 qui
921 5477 1204 5544 ingressus
1232 5481 1285 5528 et
1301 5472 1633 5542 egressionis
1650 5480 1733 5526 est
1755 5469 1988 5526 custos?
2090 5491 2416 5555 σκέποντος;
2474 5489 2580 5542 Τοῦ
2627 5490 2736 5543 ἀπὸ
2783 5491 2983 5554 παντὸς
3038 5490 3206 5545 κακοῦ
3245 5491 3345 5560 τὴν
3373 5490 3554 5560 ψυχὴν
3581 5510 3678 5557 φυ.

417 5570 464 5624 is
507 5571 763 5623 nimirum
792 5577 876 5624 est
924 5568 1074 5622 urbis
1125 5567 1215 5621 ille
1260 5575 1446 5622 custos
1475 5566 1542 5620 de
1584 5581 1694 5635 quo
1738 5565 1937 5619 dicitur

2159 5598 2313 5635 oaew
2342 5582 2815 5652 πεπιστευμένου;
2850 5583 2946 5649 ⁸ος
2980 5584 3075 5636 καὶ
3116 5584 3322 5636 εἰσόδου
3373 5584 3469 5636 καὶ
3507 5579 3679 5644 tam

481 5766 703 5820 ςτιδι-υγ,
753 5782 905 5824 χχιιι,
939 5764 1016 5816 l5.
1133 5762 1174 5791 ⁸⁸
1213 5760 1367 5813 Πειιι.
1410 5760 1692 5825 xxxuﬁﬂ.
1772 5765 1813 5793 ⁸ο
1851 5762 1997 5820 l‘sal.

1941 5765 1997 5820 Il.
2035 5781 2174 5835 ιλιι,
2216 5766 2270 5820 4.
2387 5766 2430 5797 ⁷ο
2473 5763 2669 5820 Joatm.
2712 5783 2766 5831 κ,
2796 5767 2879 5822 10.
2994 5766 3035 5798 ⁷³
3068 5764 3193 5820 Psal
3244 5782 3371 5831 cu,
3412 5764 3461 5820 4.
