3850 6224
60 311 224 367 1053
1185 300 1254 357 IN
1290 297 1593 358 CANTICA
1618 297 1697 358 CA

1795 294 1891 353 'lC.
1931 292 2216 351 ιιοιιιιιΑ
2252 291 2374 347 XII.
3199 286 3334 344 1054

60 425 290 495 φύλαξ’
330 421 538 485 ὶκείνός
578 420 726 474 δστιν
761 419 792 473 6
839 417 1012 488 φύλαξ
1045 416 1144 487 τῆς
1179 415 1409 478 πόλεως,
1453 413 1577 483 περὶ
1607 401 1668 465 οὕ

1795 406 1901 462 Visi
1935 405 2189 461 Dominus
2218 405 2483 459 civitatem
2506 399 2794 463 custodiat,
2831 398 3036 469 frustra
3065 400 3244 470 uigilat
3268 403 3336 467 is,

61 488 281 590 <i’1id’W"
335 517 418 572 ὅτι
462 515 600 569 Ἐὰν
643 511 733 584 μὴ
778 512 994 580 Κύριος
1028 507 1272 580 φυλάξῃ
1325 508 1540 570 πόλιν,
1585 506 1673 568 εἰς

1795 497 1862 561 yui
1889 495 2122 550 custodit
2151 496 2218 549 τ’.
2273 491 2638 560 Quamobrem
2698 489 2926 558 spiritus
2963 488 3044 544 illi
3071 490 3344 547 ministra.

59 583 285 682 μάτην
313 611 705 681 ήτρύπνησεν
745 609 778 661 ό
825 603 1183 675 φυλάσσων.
1219 602 1300 655 Τὰ
1350 600 1526 654 τοίνυν
1566 597 1675 651 λει-

1795 603 1942 651 ores,
1976 587 2072 656 qui
2123 585 2190 641 ad
2233 585 2599 640 ministerium
2635 583 2926 637 mittuntur
2969 592 3194 652 propter
3221 598 3340 648 eos.

63 673 684 775 :rougirtxbvirvsbpa'ra,
715 698 782 752 τὰ
815 673 894 761 είς
936 694 1212 751 διακονίαν
1239 691 1674 762 ἀποστελλόμενα

1795 681 1868 750 lui
1921 679 2117 736 salutis
2151 678 2395 734 heredes
2441 674 2613 730 futuri
2645 680 2775 731 sunt
2803 673 2880 739 ⁷⁸,
2936 689 3033 746 per
3089 675 3345 733 custodes

65 795 172 849 διὰ
211 795 338 857 τοὺς
370 793 660 869 μέλλοντας
692 789 1046 862 κληρονομεῖν
1085 786 1376 858 σωτηρίαν,
1408 786 1676 841 ἐνδείκνυ-

67 903 177 939 ται
207 884 300 939 διὰ
337 885 446 938 τῶν
475 882 731 952 φυλάκων
782 883 812 934 ὁ
856 881 1014 951 λόγος
1063 880 1170 934 τῶν
1207 878 1545 933 κυκλούντων
1577 877 1676 950 τὴν

69 975 267 1029 πόλιν.
301 973 467 1045 Ψυχὴ
497 973 573 1038 δὲ,
616 972 799 1036 καθὼς
834 971 1050 1044 εἴρηται
1086 970 1110 1022 6
1142 968 1323 1038 λόγος,
1350 969 1466 1022 ἐστὶ
1494 967 1555 1021 τὸ
1581 966 1674 1021 τοῦ

69 1066 225 1120 Θεοῦ
252 1068 586 1136 οἰκητήριον.
620 1063 780 1135 Παρὰ
815 1062 1021 1117 τούτων
1052 1056 1145 1116 οῦν
1182 1059 1399 1131 εὑρέθη,
1427 1057 1674 1130 φησὶν,’ή

69 1157 258 1229 ψυχὴ,
288 1158 364 1221 ὡς
396 1156 594 1228 εὑρέθη
636 1158 766 1209 ποτὲ
811 1155 963 1227 παρὰ
997 1153 1092 1209 τοῦ
1126 1153 1291 1209 καλοῦ
1337 1153 1590 1224 ποιμένος
1616 1151 1678 1204 τὸ

73 1251 386 1322 πρόϐατον,
412 1251 496 1320 ἐφ’
523 1244 585 1304 οὕ
613 1251 784 1302 πᾶσαι
827 1249 936 1302 τῶν
977 1247 1187 1318 ἀγελῶν
1217 1249 1275 1301 αἱ
1305 1248 1512 1318 χορεῖαι
1543 1244 1679 1316 πρὸς

74 1342 435 1414 εὐφροσύνην
482 1341 941 1412 συνεκινήθησαν,
987 1339 1127 1394 κατὰ
1170 1339 1269 1410 τὴν
1327 1337 1421 1392 τοῦ
1473 1337 1679 1407 Κυρίου

78 1434 306 1504 φωνήν.
348 1433 534 1496 Οὕτως
589 1431 794 1503 εὑρέθη
834 1431 965 1483 ποτὲ
999 1433 1092 1483 καὶ
1123 1431 1157 1501 ἡ
1195 1429 1412 1500 δραχμὴ
1451 1427 1556 1482 ὕπὸ
1585 1426 1680 1478 τοῦ

76 1525 316 1594 λύχνου,
350 1516 502 1595 ὲφ’ᾖ
558 1523 801 1594 χαίρουσι
839 1523 1038 1586 πάντες
1084 1523 1134 1575 οί
1185 1519 1329 1591 φίλοι
1361 1537 1420 1572 τε
1476 1519 1572 1572 καὶ
1630 1517 1680 1570 0i

79 1615 363 1684 γείτονες.
395 1615 646 1668 Τοιοῦτον
681 1614 893 1686 εὕρεμα
921 1614 1014 1667 καὶ¹
1055 1615 1083 1666 6
1117 1613 1281 1666 Δαὸὶδ
1312 1613 1339 1664 6
1367 1610 1550 1674 δοῦλος
1585 1608 1682 1662 τοῦ

81 1706 310 1777 Κυρίου
351 1705 581 1775 γίνεται,
626 1705 808 1770 καθὼς
854 1707 946 1758 καὶ
993 1706 1026 1776 ἡ
1075 1703 1360 1776 ψαλμῳδία
1418 1703 1582 1772 φησὶν
1619 1703 1684 1754 ἐκ

82 1797 396 1866 προσώπου
439 1796 533 1850 τοῦ
567 1796 701 1850 Θεοῦ
722 1814 735 1827 ·
769 1798 849 1851 ὅτι
888 1784 1086 1866 Εὗρον
1114 1795 1292 1851 Δαϐίδ
1327 1794 1431 1848 τὸν
1460 1793 1686 1848 δοῦλόν

76 1906 237 1958 μου,
270 1889 341 1941 ἐν
361 1888 544 1952 ἐλαίῳ
563 1889 710 1956 ἁγίῳ
729 1907 845 1958 μου
880 1889 1095 1958 ἕχρισα
1129 1888 1333 1943 αὐτόν.
1374 1889 1470 1949 “ti;
1501 1883 1686 1957 ἐπειδὴ

85 1980 292 2051 κτῆμα
312 1978 406 2033 τοῦ
447 1979 694 2050 εὑρόντος
726 1980 960 2047 ἐγένετο,
993 1979 1313 2048 ἀκούσωμεν
1347 1978 1472 2032 οἴων
1509 1975 1688 2042 ἀξιοῦ-

84 2088 222 2128 ται·
271 2072 331 2127 Ἠ
371 2073 500 2141 χείρ
522 2089 664 2142 μου,
713 2072 896 2142 φησιν,
946 2071 1461 2140 συναντιλήψεται
1505 2067 1684 2134 αὐτῷ,

87 2165 200 2218 καὶ
241 2166 277 2218 ό
300 2163 571 2232 βραχίων
594 2163 714 2233 μοῦ
749 2164 1104 2231 κατισχύσει
1143 2163 1358 2217 αὐτόν·
1395 2160 1496 2214 καί
1543 2179 1690 2230 συγ-

89 2259 276 2324 κόψω
303 2256 420 2309 ἀπὸ
445 2254 768 2325 προσώπου
789 2255 976 2308 αὐτοῦ
1011 2253 1156 2322 τοὺς
1182 2254 1435 2322 ἐχθροὺς
1476 2254 1686 2321 αὑτοῦ,

92 2349 206 2403 καὶ
263 2346 408 2413 τοὺς
437 2345 772 2416 μισοῦντας
801 2346 988 2400 αὐτὸν
1013 2345 1418 2415 τροπώσομαισ
1454 2347 1546 2399 καὶ
1590 2347 1690 2400 ὅσα

89 2438 239 2492 ἄλλα
287 2439 316 2491 6
364 2437 463 2507 τῆς
522 2437 770 2505 εὐλογίας
822 2437 1068 2508 περιέχει
1122 2436 1440 2506 κατάλογος.
1482 2435 1689 2489 Οὐκοῦν

91 2528 271 2581 καλόν
305 2529 450 2581 ἐστιν
477 2528 762 2599 εὑρεθῆναι
808 2529 911 2581 ὑπὸ
955 2529 1064 2581 τῶν
1099 2527 1441 2583 κυκλούντων
1471 2527 1568 2599 τὴν
1593 2528 1692 2582 πό-

91 2619 188 2672 λιν
234 2618 336 2687 τὴν
378 2617 553 2688 ψυχὴν
605 2618 870 2686 ἀγγέλων.
907 2617 1062 2671 Οὕτω
1113 2619 1222 2691 γάρ
1254 2622 1393 2673 νοεῖν
1443 2621 1472 2672 ὁ
1520 2621 1692 2688 μέγας

94 2709 272 2763 Δαϐὶδ
319 2708 626 2764 ὑποτίθεται
679 2709 884 2778 λέγων·
941 2711 1311 2781 Παρεμόιιλεῐ
1358 2715 1390 2764 ό
1438 2711 1692 2780 ἄγγελος

96 2802 332 2870 Κυρίου
358 2802 560 2865 κύκλῳ
588 2801 707 2854 τῶν
736 2803 1122 2872 φοϐουμένων
1151 2804 1356 2864 αὑτὸν.
1389 2804 1486 2856 καὶ
1511 2805 1693 2872 ῥύσε-

92 2910 201 2946 ται
228 2892 470 2958 αὐτούς.
505 2892 711 2945 Οὐκοῦν
749 2895 781 2964 ἡ
815 2895 1060 2959 εἰποῦσα,
1086 2895 1168 2947 ὄτι
1211 2897 1272 2948 0i
1313 2896 1582 2964 φύλακές
1617 2912 1694 2964 με

92 2980 438 3047 επάταξαν,
476 2981 792 3052 προσθήκην
835 2983 958 3037 τινὰ
1009 2985 1332 3054 γεγενῆσθαι
1377 2985 1546 3056 αὐτῆς
1593 2985 1694 3055 τῆς

94 3071 200 3123 ἐπὶ
244 3069 307 3123 τὸ
354 3069 465 3122 ἄνω
504 3070 786 3142 προκοπῆς
844 3075 1201 3143 ἐκαυχήσατο.
1255 3073 1318 3126 Ei
1373 3073 1430 3128 δὲ
1481 3074 1574 3127 καὶ
1634 3075 1690 3126 ὲν
1719 3103 1765 3165 c

93 3163 382 3234 τραύματι
410 3161 736 3232 γεγενῆσθαι
773 3162 939 3230 λέγει,
969 3165 1069 3236 τὴν
1115 3167 1172 3218 ὲν
1212 3164 1363 3235 βάθει
1398 3165 1694 3237 γενομένην

95 3255 248 3324 αὐτῇ
290 3253 377 3306 διὰ
402 3254 503 3322 τῆς
532 3251 681 3315 Θείας
721 3252 916 3326 ῥάϐδου
954 3255 1122 3309 τύπον
1157 3257 1233 3327 τῷ
1257 3257 1400 3329 λόγῳ
1429 3260 1698 3331 παρίστη-

101 3363 208 3398 σιν.
251 3346 325 3398 Ob
361 3345 470 3415 γὰρ
497 3344 811 3399 ἐπιπόλαιον
838 3345 939 3416 τῆς
973 3351 1346 3421 πνευματικῆς
1378 3351 1571 3422 ῥάϐδου
1601 3354 1699 3425 τὴν

97 3438 393 3508 ἐνέργειαν
425 3437 510 3506 ἐφ’
539 3437 739 3507 ἑαυτῆς
783 3437 1014 3507 δέχεται,
1058 3440 1132 3502 ὡς
1184 3441 1259 3512 μὴ
1297 3444 1698 3513 ἐπιγνωσθῆναι

93 3541 198 3583 τὸν
231 3529 398 3581 τόπον
443 3529 502 3581 ὲν
537 3521 582 3596 ᾧ
629 3531 726 3600 τὴν
768 3531 963 3600 ῥάϐδον
1008 3532 1254 3597 ἐδέξατοο
1296 3534 1408 3587 ἁλλ’
1432 3536 1698 3606 ἐπίσημος

94 3621 196 3677 διὰ
229 3619 326 3674 τοῦ
356 3621 667 3691 τραύματος
697 3622 968 3681 δείκνυται
997 3625 1028 3694 ἡ
1062 3623 1262 3695 πληγὴ,
1365 3629 1699 3697 ὲγκαυχᾶται

96 3719 134 3786 ἡ
174 3714 388 3784 νύμφη.
433 3712 508 3768 Τδ
557 3714 613 3767 δὲ
667 3715 956 3786 λεγόμενον
997 3715 1237 3770 τοιοῦτόν
1265 3719 1438 3772 ἐστιν·
1474 3721 1540 3772 Ἢ
1581 3719 1700 3772 θεία

103 3806 315 3878 ῥάϐδος
343 3805 550 3877 ἐκείνη,
593 3806 686 3860 καὶ
725 3809 759 3878 ή
807 3807 1191 3880 παρακλητικὴ
1236 3809 1526 3881 βακτηρία,
1554 3812 1586 3881 ή
1613 3811 1698 3867 διὰ

98 3897 207 3951 τοῦ
239 3897 540 3951 πατάσσειν
566 3897 864 3966 ἐνεργοῦσα
889 3898 986 3970 τὴν
1008 3899 1171 3966 ἴασιν,
1190 3900 1251 3953 τὸ
1270 3901 1492 3972 Πνεῦμά
1521 3904 1695 3955 ἐστιν’

99 3980 171 4042 οὗ
205 3986 418 4058 καρπὸς
445 3987 516 4040 τά
555 4003 614 4040 τε
642 3987 774 4043 ἄλλα
811 3987 920 4042 τῶν
960 3989 1176 4058 ἀγαθῶν
1203 3991 1302 4044 ὅσα
1332 3990 1538 4057 Παῦλος
1575 3991 1700 4062 ἠρί-

103 4080 317 4150 θμησε,
355 4080 448 4133 καὶ
485 4081 622 4150 μετὰ
663 4081 770 4134 τῶν
813 4080 988 4134 ἄλλων
1018 4083 1050 4153 ή
1103 4082 1447 4151 παιδαγωγὸς
1481 4085 1580 4155 τῆς
1619 4086 1702 4136 ὲν-

103 4169 312 4241 αρέτου
341 4169 616 4232 πολιτείας
661 4169 974 4238 ἐγκράτεια.
1021 4168 1176 4222 Οὕτω
1220 4168 1329 4240 γὰρ
1364 4168 1458 4223 καὶ
1492 4167 1701 4231 Παῦλος

102 4266 135 4316 6
178 4260 293 4314 τῶν
339 4259 596 4314 τοιούτων
634 4260 857 4330 πληγῶν
900 4260 1221 4331 στιγματίας
1268 4263 1378 4324 τοῖς
1423 4259 1701 4332 τραύμασι

103 4352 327 4414 τούτοις
355 4351 788 4422 ἐπαγαλλόμενος
813 4349 996 4420 ἔλεγεν
1014 4370 1029 4384 ·
1054 4353 1135 4406 ὅτι
1169 4351 1249 4406 Τὰ
1279 4352 1569 4422 στίγματα
1595 4351 1701 4405 τοῦ

1774 772 1831 828 in
1879 772 1967 828 bis
2031 769 2215 826 verbis
2273 769 2640 834 denotantur,
2684 766 2780 838 qui
2847 765 2905 821 in
2956 764 3180 822 civitate
3237 769 3347 824 cir-

1779 864 1993 920 cumire
2031 862 2310 917 dicuntur.
2343 859 2552 917 Civitas
2602 867 2784 915 autem
2831 859 2946 926 illa,
2991 858 3349 930 quemadmo—
3433 868 3440 877 '

1776 957 1905 1013 dum
1932 956 2318 1020 indicavimus,
2349 955 2529 1009 anima
2561 961 2667 1018 est,
2693 953 3031 1008 domicilium
3074 953 3208 1009 illud
3230 952 3347 1009 Dei.

1775 1048 1860 1103 Ab
1889 1047 1974 1102 his
2004 1046 2168 1117 igitur
2230 1046 2449 1100 inventa
2482 1053 2566 1101 est
2592 1045 2795 1109 anima,
2832 1044 2974 1101 sicut
2996 1045 3290 1115 aliquando
3316 1061 3349 1100 a

1778 1147 1997 1209 pastore
2032 1137 2178 1191 bono
2205 1143 2425 1205 reperta
2454 1135 2547 1189 illa
2570 1135 2691 1189 ovis
2720 1141 2825 1199 est,
2873 1135 2943 1188 ob
2964 1149 3133 1204 quam
3154 1134 3349 1190 inven-

1779 1237 1890 1283 tam
1912 1243 2103 1300 greges
2128 1227 2372 1282 universi
2407 1227 2757 1298 tripudiando
2782 1227 2852 1281 ad
2879 1227 3118 1281 laetitiam
3150 1227 3351 1298 pariter

1781 1321 2038 1375 commoti
2084 1328 2236 1384 sunt,
2283 1319 2741 1389 quemadmodum
2791 1319 2908 1388 ipse
2960 1318 3220 1373 Dominus
3253 1320 3351 1373 ait.

1783 1411 1876 1467 Sic
1892 1427 1988 1482 per
2006 1411 2284 1466 lucernam
2315 1410 2610 1481 aliquando
2639 1419 2694 1463 et
2717 1410 2980 1465 drachma
3008 1418 3221 1477 reperta
3244 1419 3351 1474 est,

1783 1504 1854 1560 0b
1868 1518 2030 1574 quam
2051 1505 2304 1559 laetantur
2327 1503 2488 1558 amici
2507 1517 2572 1557 ac
2593 1501 2964 1556 viciniomnes
2985 1501 3050 1554 ".
3083 1499 3173 1556 Sic
3188 1501 3353 1556 etiam

1784 1613 1978 1653 servus
2038 1597 2129 1653 ille
2186 1597 2279 1652 Dei
2327 1596 2494 1652 David
2558 1596 2846 1665 reperitur,
2901 1594 3356 1664 quemadmodum

1786 1690 2031 1759 psalmus
2083 1689 2136 1743 in
2176 1703 2412 1759 persona
2435 1687 2529 1744 Dei
2570 1688 2851 1758 loquitur:
2885 1685 3066 1740 Inveni
3107 1685 3357 1740 Doridem

1787 1802 1990 1840 seruum
2017 1803 2208 1854 meum,
2233 1788 2346 1841 oleo
2373 1803 2485 1841 meo
2509 1803 2663 1842 sacro
2685 1788 2871 1841 inunxi
2892 1804 3009 1841 eum
3042 1787 3108 1839 ⁷⁵.
3135 1784 3361 1842 Postea-

1787 1892 1951 1948 quam
1983 1892 2112 1933 vero
2143 1878 2190 1934 is
2230 1877 2512 1948 possessio
2575 1877 2724 1934 illius
2755 1894 2880 1935 esse
2905 1879 3070 1948 cmpit
3098 1878 3191 1949 qui
3235 1894 3360 1934 eum

1789 1979 2087 2040 repererat,
2123 1971 2412 2026 audiamus
2446 1971 2632 2041 qualia
2670 1978 3045 2041 consequatur
3087 1985 3101 2028 :
3140 1970 3358 2036 Manus,

1789 2061 1989 2132 inquit,
2045 2078 2160 2115 mea
2191 2064 2319 2131 ['eret
2359 2062 2460 2130 ipsi
2501 2070 2737 2130 opem,et
2770 2061 3045 2115 brachium
3076 2077 3248 2116 meum
3273 2077 3362 2114 ro-

1790 2153 1889 2207 bur
1917 2154 2075 2208 addet
2102 2155 2170 2208 ei.
2207 2153 2357 2208 Nihil
2379 2155 2433 2208 in
2454 2172 2513 2210 eo
2537 2155 2778 2224 proﬁciet
2806 2153 3000 2218 hostis,
3023 2164 3072 2208 et
3093 2154 3239 2222 ﬁlius
3261 2156 3362 2208 ini-

1789 2248 2010 2316 quitatis
2063 2263 2166 2300 non
2224 2245 2454 2314 amplius
2514 2246 2702 2318 afﬂiget
2758 2246 2955 2312 ipsum.
3016 2245 3361 2299 Adversarius

1789 2339 1903 2408 ejus
1947 2356 1979 2392 a
2018 2339 2154 2407 facie
2203 2338 2368 2404 ipsius
2421 2338 2720 2400 concidam,
2759 2347 2810 2390 et
2841 2346 3138 2390 convertam
3171 2338 3226 2391 in
3275 2336 3363 2406 fit-

1790 2448 1912 2502 gam
1951 2431 2074 2484 illos
2132 2430 2220 2500 qui
2272 2429 2393 2482 odio
2433 2430 2603 2498 ipsum
2642 2429 3104 2498 persequuntur".
3153 2425 3364 2494 Quibus

1793 2517 1931 2571 adde
1980 2525 2177 2570 caetera
2225 2533 2564 2587 quaecunque
2608 2517 2746 2572 bene
2779 2517 3055 2586 precantis
3087 2517 3178 2572 ille
3209 2525 3365 2571 cata.

1794 2608 1950 2678 logus
2006 2609 2270 2662 continet.
2306 2608 2674 2674 Quamobrem
2706 2607 2908 2662 bonum
2953 2616 3036 2662 est
3066 2607 3267 2662 oﬂ'endi
3297 2607 3366 2663 ab

1794 2696 2022 2766 angelis,
2057 2696 2151 2766 qui
2173 2697 2477 2761 civitatem,
2497 2697 2736 2750 animam
2767 2695 2979 2751 scilicet
3001 2698 3363 2752 circumeunt.

1796 2790 1887 2843 Sic
1911 2790 2115 2844 sentire
2149 2804 2250 2845 nos
2283 2804 2510 2860 magnus
2541 2789 2632 2842 ille
2660 2787 2830 2844 David
2859 2789 3035 2859 jubet,
3095 2805 3217 2844 cum
3246 2789 3324 2843 ait
3350 2807 3363 2845 :

1795 2881 2279 2936 Castrametabitur
2338 2879 2556 2949 angelus
2607 2879 2821 2934 Domini
2878 2882 3102 2950 undique
3166 2881 3370 2937 circum

1797 2974 2036 3029 timentes
2075 2989 2218 3038 eum,
2250 2980 2301 3027 et
2333 2971 2578 3026 liberabit
2599 2971 2723 3028 illos
2752 2973 2820 3026 '”.
2851 2971 2984 3038 Quae
3014 2974 3180 3044 igitur
3205 2973 3282 3028 ait
3308 2988 3370 3028 so

1795 3068 2130 3123 verberatam
2152 3081 2181 3120 a
2207 3066 2528 3121 custodibus
2545 3105 2558 3130 ,
2583 3065 2849 3134 gloriatur
2883 3082 2942 3122 se
2972 3067 3024 3121 in
3044 3066 3286 3136 profectu
3301 3068 3370 3125 ad

1798 3160 1992 3214 altiora
2064 3158 2317 3214 nonnihil
2379 3158 2713 3213 accessionis
2773 3168 3150 3214 consecutam.
3215 3157 3373 3226 Quod

1798 3260 1979 3308 autem
2009 3253 2350 3308 vulneratam
2396 3265 2458 3306 se
2482 3265 2702 3320 quoque
2724 3259 3117 3305 commemorat
3142 3289 3158 3315 ,
3191 3251 3248 3306 in
3305 3267 3374 3309 eo

1799 3346 2038 3401 declarat
2078 3345 2246 3398 ictum
2309 3344 2507 3400 divinae
2571 3345 2738 3414 virga:
2797 3343 2862 3397 ad
2890 3343 2997 3398 ima
3033 3351 3370 3413 penetrasse.

1798 3438 1916 3492 Non
1951 3439 2097 3492 enim
2136 3446 2378 3492 extrema
2426 3438 2574 3492 velut
2604 3437 2660 3490 in
2711 3436 3000 3505 superﬁcie
3027 3437 3190 3507 virgae
3226 3438 3377 3494 illius

1800 3529 2106 3599 spiritualis
2133 3529 2505 3584 emcacitatem
2533 3530 2797 3598 percepit,
2829 3535 2886 3580 ut
2914 3529 3055 3582 ictus
3085 3529 3373 3599 vestigium

1800 3620 2020 3691 agnosci
2050 3620 2256 3673 nullum
2272 3619 2463 3688 possit,
2496 3617 2590 3672 sed
2621 3617 2777 3688 plaga
2817 3617 2933 3671 hasc
2963 3617 3034 3671 0b
3063 3619 3261 3673 vulnus
3290 3619 3368 3672 in.

1801 3711 1973 3782 signis
2012 3709 2370 3780 conspicitur,
2423 3716 2648 3778 propter
2679 3723 2842 3778 quam
2877 3708 3049 3777 ipsam
3083 3724 3141 3763 se
3175 3723 3377 3778 sponsa

1797 3800 1989 3869 jactat.
2018 3800 2114 3854 Est
2142 3807 2322 3852 autem
2379 3798 2695 3869 hujusmodi
2745 3800 2992 3870 quaedam
3050 3801 3102 3854 in
3135 3801 3220 3856 his
3250 3816 3378 3857 sen-

1802 3891 1968 3945 tentia
1988 3888 2178 3960 :Virga
2231 3890 2322 3946 illa
2353 3889 2559 3954 divina,
2609 3898 2664 3946 et
2695 3891 2922 3947 baculus
2949 3891 3378 3958 consolatorios,

1801 3983 1896 4052 qui
1949 3997 2043 4052 per
2103 3982 2281 4052 ipsam
2335 3983 2772 4038 verberationem
2831 3982 3128 4039 efﬁcaciter
3192 3994 3375 4048 sanat,

1804 4070 2041 4141 Spiritus
2064 4077 2150 4126 est
2175 4090 2191 4125 :
2221 4070 2378 4140 cujus
2433 4069 2644 4128 fructus
2673 4086 2796 4127 cum
2830 4073 2935 4127 alia
2971 4073 3217 4143 quaedam
3249 4082 3379 4131 sunt

1803 4162 1964 4226 bona,
1995 4177 2334 4232 quaecunque
2388 4161 2592 4219 Paulus
2618 4165 3084 4227 commemoravit,
3139 4172 3253 4220 tum
3288 4167 3376 4222 in-

1802 4259 1888 4307 ter
1940 4253 2056 4308 haec
2105 4253 2226 4324 ipsa
2268 4254 2648 4325 temperantia,
2709 4255 2970 4325 magistra
3014 4256 3139 4310 vitae
3189 4257 3378 4316 virtuti

1803 4355 2207 4401 consentaneae.
2269 4344 2360 4399 Sic
2409 4344 2554 4399 enim
2602 4343 2804 4400 Paulus
2861 4345 2998 4416 ipse,
3063 4345 3377 4418 huiusmodi

106 4445 380 4514 Χριστοῦ
433 4445 502 4498 ὲν
562 4443 642 4510 τῷ
681 4443 909 4515 σώματι
949 4463 1070 4515 μου
1121 4443 1428 4513 περιφέρω.
1474 4444 1697 4506 Δεικνὺς

1801 4437 1972 4506 plagis
2003 4443 2226 4491 notatus
2280 4435 2531 4499 verbero,
2583 4435 2871 4492 exsultans
2896 4436 2968 4491 ob
2996 4435 3112 4491 haec
3152 4438 3375 4494 vulnera

102 4540 214 4607 τὴν
245 4538 306 4589 ἐν
335 4535 494 4590 παντὶ
527 4536 681 4608 κακῷ
711 4535 1012 4601 ἀσθένειαν,
1045 4536 1114 4591 δι’
1139 4530 1207 4607 ἦς
1233 4538 1266 4608 ἡ
1296 4535 1438 4592 κατὰ
1467 4533 1700 4608 Χριστὸν

102 4627 343 4696 δύναμις
363 4627 420 4678 ἐν
439 4626 604 4697 ἀρετῇ
627 4625 946 4680 τελειοῦται.
968 4624 1146 4682 Καλὸν
1165 4619 1257 4678 οὖν
1278 4625 1373 4680 καὶ
1395 4623 1456 4678 τὸ
1479 4623 1700 4694 τραῦμα

103 4720 203 4772 διὰ
247 4718 356 4770 τῶν
399 4718 702 4790 εἰρημένων
738 4719 867 4788 ἡμῖν
898 4715 1260 4790 ἀναπέφηνεν,
1299 4715 1367 4771 δι’
1393 4708 1455 4769 οῦ
1479 4715 1699 4785 γέγονεν

105 4810 256 4878 αὐτῇ
302 4807 396 4862 τοῦ
441 4807 722 4879 θερίοτρου
759 4811 794 4880 ἡ
835 4807 1191 4879 περιαίρεσις.
1229 4806 1390 4860 Ὥστε
1429 4807 1700 4860 ἀνακαλυ-

108 4899 318 4969 φθῆναι
354 4899 490 4967 αὐτῇ
526 4895 588 4950 τὸ
614 4893 714 4968 τῆς
759 4895 937 4968 ψυχῆς
983 4895 1198 4961 κάλλος,
1239 4895 1436 4968 μηκέτι
1484 4895 1699 4949 ἐπισκο-

105 4991 336 5055 τοῦντος
363 4989 457 5044 τοῦ
491 4989 683 5062 ἐπισλή
691 5007 876 5060 ματος.

202 5255 344 5310 Ἀλλ’
396 5254 824 5325 ὲπαναλάσωμεν
879 5255 1040 5309 πάλιν
1088 5254 1699 5327 ἀνακεφαλαιωσάμενοι

109 5348 216 5417 τὴν
244 5345 354 5398 τῶν
377 5345 680 5417 εἰρημένων
702 5345 958 5400 διάνοιαν.
993 5345 1058 5398 Ἡ
1088 5345 1222 5416 πρὸς
1247 5347 1337 5404 τὸν
1359 5345 1490 5399 Θεὸν
1518 5345 1700 5418 ὁρῶσα

111 5437 289 5508 ψυχὴ,
324 5437 418 5490 καί
454 5437 548 5490 τὸν
591 5437 791 5505 ἀγαθὸν
829 5439 1033 5492 ἐκεῖνον
1082 5438 1244 5491 πόθον
1283 5437 1377 5491 τοῦ
1425 5437 1702 5510 ἀφθάρτου

112 5530 349 5591 κάλλους
375 5527 849 5600 ἀναλαμϐάνουσα,
883 5530 970 5582 ἀεὶ
996 5529 1122 5583 νέαν
1154 5529 1250 5602 τὴν
1288 5531 1423 5603 πρὸς
1448 5531 1509 5583 τὸ
1537 5532 1702 5601 ὑπερρ

1808 4528 2030 4598 inquit:
2093 4527 2362 4597 Stigmata
2427 4525 2628 4583 Christi
2656 4544 2768 4584 meo
2790 4529 2847 4582 in
2898 4543 3111 4597 corpore
3154 4530 3378 4585 circum-

1804 4620 1916 4689 fero
1937 4619 2000 4673 ⁷⁸.
2044 4619 2256 4686 Quibus
2281 4618 2463 4673 verbis
2487 4617 2732 4674 indicare
2755 4618 2928 4674 voluit
2953 4619 3378 4678 imbecillitatem

1803 4713 1862 4767 in
1897 4711 2044 4766 omni
2079 4712 2224 4766 malo
2284 4725 2464 4773 suam,
2499 4726 2597 4781 per
2622 4725 2786 4780 quam
2812 4710 3017 4766 Christi
3043 4711 3128 4767 vis
3186 4713 3243 4768 in
3267 4714 3378 4770 vir-

1801 4810 1919 4858 tute
1947 4799 2308 4873 perlicitur".
2358 4798 2620 4855 Videmus
2647 4799 2812 4868 igitur
2838 4815 2906 4856 ex
2946 4800 3056 4856 illis
3085 4817 3208 4874 quae
3237 4802 3380 4860 disi-

1803 4912 1948 4960 mus,
1984 4895 2146 4951 etiam
2192 4892 2514 4965 praeclarum
2545 4892 2649 4946 hoc
2683 4891 2881 4948 vulnus
2920 4907 3067 4958 esse,
3107 4908 3205 4963 per
3231 4894 3377 4965 quod

1803 5005 2019 5060 sponsae
2077 4989 2263 5060 aeplus
2317 4987 2604 5058 ademptus
2660 4987 2770 5044 sit:
2811 4987 2886 5041 ita
2919 4995 2979 5042 ut
3028 4987 3140 5057 jam
3185 4991 3382 5046 anima

1800 5081 2148 5152 pulchritudo
2208 5081 2279 5135 sit
2305 5080 2564 5144 revelata,
2626 5093 2735 5134 non
2791 5079 3025 5148 amplius
3071 5078 3384 5136 oii‘undento

1801 5172 1879 5228 illi
1913 5171 2199 5242 caliginem
2218 5171 2442 5224 amictu.

1875 5263 2180 5320 Enimvero
2259 5271 2575 5332 repetamus
2619 5259 2736 5314 haec
2774 5273 3021 5325 rursum,
3064 5260 3377 5314 summatim

1805 5368 1996 5408 eorum
2032 5369 2152 5424 quae
2199 5352 2348 5408 dicta
2379 5358 2510 5408 sunt
2567 5350 2797 5406 collecta
2844 5348 3138 5404 sententia.
3183 5349 3382 5404 Anima

1806 5441 1901 5496 illa
1942 5457 2065 5512 quae
2093 5441 2261 5498 Deum
2302 5441 2582 5506 intuetur,
2629 5446 2683 5493 et
2715 5438 2881 5493 semel
2919 5437 3378 5510 pulchritudinem

1806 5529 2050 5586 interitui
2091 5531 2226 5586 nulli
2263 5530 2565 5612 subjectam
2598 5526 2913 5583 desiderare
2946 5527 3134 5596 C(Bpil,
3167 5543 3380 5599 semper

191 5645 238 5674 τ’
272 5643 617 5706 Psal.crxw,
647 5641 697 5696 Ι.
763 5641 808 5672 ⁷³
832 5639 994 5696 Hebr.
1020 5657 1057 5703 ι,
1094 5642 1180 5696 li.
1240 5644 1285 5677 "
1308 5644 1439 5702 an.
1467 5662 1555 5705 xv.
1597 5645 1648 5699 9.

1795 5644 1923 5702 Psal.
1953 5661 2214 5711 Lxxxvnt,
2240 5646 2332 5702 2i.
2394 5647 2439 5678 ⁷⁸
2465 5645 2596 5700 ibid.
2616 5644 2706 5708 ξιξ,
2736 5639 2827 5695 24.
2862 5640 2906 5672 ’⁷
2933 5638 3077 5696 Psal.
3104 5654 3292 5706 χχχιιι,
3322 5647 3370 5702 κ.

116 5715 167 5746 rs
204 5714 383 5767 (ηιηι,
421 5728 492 5773 γε,
542 5713 621 5765 l7.
704 5712 749 5742 τυ
776 5710 966 5780 ller.
995 5728 1098 5774 xu,
1125 5714 1176 5768 9.

453 5800 722 5863 Ριτιιοι.
771 5803 886 5863 (in.
935 5803 986 5861 Χ
1004 5801 1154 5861 ων.

3015 5802 3088 5860 33
