1925 3112
223 127 292 156 1055

862 126 891 154 S.
912 126 1079 155 GREGORII
1095 126 1243 156 NYSSENl

1801 126 1874 156 1055

222 186 326 214 recenti
343 185 464 221 quadam
490 192 575 221 supra
594 192 646 214 nos
666 185 747 221 positi
770 185 836 214 boni
861 186 1011 221 cupiditate

1071 188 1189 224 ιείμενον
1206 187 1354 223 ἐπιθυμίαν
1373 187 1447 223 ἔχει,
1468 187 1597 215 οὐδέποτε
1623 188 1698 224 κόρῳ
1714 187 1767 215 ὼν
1783 187 1874 214 πόθον

221 230 401 263 accenditur,
417 230 493 257 nulla
514 230 641 258 satietate
664 230 832 259 desiderium
855 231 907 258 hoc
929 231 1012 260 hebe-

222 280 309 304 tante.
325 275 475 312 Propterea
496 282 605 311 semper
621 275 655 303 ad
670 276 809 304 anteriora
829 276 1012 311 contendens,

221 329 366 358 nunquam
375 322 478 350 desinit
493 322 557 350 inde
573 322 696 356 prodire,
713 322 759 349 ubi
771 327 824 356 est,
841 328 869 351 et
891 324 924 351 ad
944 324 1013 351 inte-

222 368 298 396 riora
315 371 471 404 penettare,
491 368 538 396 ubi
561 369 679 396 necdum
705 367 768 396 fuit.
802 368 902 396 Eadem
934 369 1012 405 quid-

223 416 289 450 quid
306 415 405 450 quovis
420 415 445 442 ei
462 419 585 450 tempore
608 414 799 442 admirandum
827 423 859 442 ac
883 423 1011 451 magnum

223 461 350 492 oﬂ‘erlur,
365 460 483 488 inferius
501 461 626 487 ulteriori
643 468 704 488 esse
721 461 817 488 statuit
836 471 841 488 :
868 466 1011 496 propterea

225 507 297 541 quod
322 506 466 542 pulchrius
478 506 592 533 omnino
612 510 653 533 est
677 507 753 541 prius
777 511 921 541 percepto,
938 508 1010 542 quod

224 560 333 587 semper
347 552 497 598 invenitur.
513 551 752 585 Quemadmodum
774 557 801 579 et
819 552 920 580 Paulus
945 561 1013 588 quo-

223 598 510 630 tidiemoriebatur“,
523 606 556 626 ex
572 606 626 633 quo
636 606 745 633 semper
759 598 792 625 ad
810 606 908 625 novam
920 607 1013 634 quam-

224 646 286 673 dam
301 645 382 672 vitam
410 645 604 677 contendebat,
631 650 758 672 mortuus
782 646 844 673 vitae
858 647 1012 681 prateritre,

224 700 256 719 ac
274 699 370 718 eorum
388 699 449 726 quae
474 691 530 726 jam
559 691 715 718 confecerat
737 691 911 719 obliviscens.
947 691 1012 718 Eam

224 738 260 764 ob
278 744 389 764 causam
405 740 432 763 et
447 744 560 771 sponsa,
582 744 642 770 qua:
655 736 689 763 ad
704 744 836 771 sponsum
853 744 936 763 cursu
951 744 1014 763 con-

223 782 320 815 tendit,
337 782 457 817 quietem
477 790 492 808 a
509 781 634 817 profectu
651 782 684 808 ad
697 782 801 816 majora
822 782 924 809 nullam
940 783 1014 808 inve-

225 830 274 856 nit.
286 828 376 855 Efficit
389 836 421 855 ex
434 836 481 856 ore
504 836 555 856 suo
580 828 724 863 paradisos
741 829 874 855 malorum
899 830 1014 863 punico-

225 883 297 907 rum,
312 875 359 910 qui
385 876 517 903 aromatis
532 875 627 902 fluam.
657 875 753 902 Cibum
776 879 853 909 parat
872 879 1014 901 creatura-
1030 864 1050 890 Β

224 930 285 949 rum
308 921 442 953 Domino,
467 921 525 949 suis
549 929 609 948 eum
629 921 763 948 fructibus
777 920 925 955 excipiens.
946 919 1014 945 lior—

225 971 268 995 tos
290 967 318 994 in
343 967 454 994 modum
478 966 593 993 fontium
620 975 654 993 ex
679 974 740 994 sese
762 966 884 993 distillat.
907 964 950 991 Fit
966 973 1014 996 pu-

225 1020 285 1041 teus
308 1021 385 1048 aqua.-
402 1013 479 1040 vivze.
505 1011 573 1039 Tota
597 1012 711 1047 pulchra
736 1016 763 1039 et
793 1010 1014 1045 reprehensionis

225 1067 322 1094 expers
339 1059 426 1094 ipsius
443 1057 524 1085 Verbi
542 1058 699 1085 testimonio
712 1057 878 1085 declaratur.
894 1056 1013 1083 Rursum

226 1107 310 1133 altius
327 1106 370 1132 bis
385 1109 490 1136 evecta,
510 1104 630 1131 Verbum
644 1104 865 1139 magniﬁcentius
881 1102 1014 1130 accedens

226 1151 430 1183 animadvertit,
452 1150 531 1184 cujus
553 1154 626 1177 esset
641 1154 725 1184 caput
749 1157 810 1177 rore
835 1149 957 1184 plenum,
988 1151 1015 1175 et

225 1197 347 1225 cincinni
365 1201 456 1232 guttas
482 1201 633 1223 nocturnas
655 1197 839 1223 continerent.
857 1195 951 1222 Abluit
969 1203 1016 1229 pe-

225 1245 284 1276 des,
310 1244 430 1271 tunicam
446 1244 535 1274 exuit.
551 1243 690 1278 myrrham
711 1251 725 1270 e
740 1242 868 1269 manibus
891 1241 1014 1268 distillat.

226 1293 358 1320 Admovet
375 1292 497 1319 claustro
514 1297 622 1321 manus,
641 1289 745 1315 aditum
771 1287 919 1323 patefacit,
940 1295 1014 1321 qua:-

226 1340 262 1367 rit
297 1346 359 1366 eum
395 1338 441 1373 qui
465 1344 519 1364 non
549 1335 811 1370 comprehenditur,
848 1338 927 1361 vocat
953 1342 1015 1361 eum

225 1392 307 1420 quem
327 1383 438 1418 assequi
463 1390 517 1410 nou
536 1389 693 1417 possumus,
712 1380 859 1407 offenditur
881 1388 896 1407 a
921 1385 1015 1407 custo-

226 1431 318 1459 dibus.
349 1429 460 1465 Virgam
491 1429 680 1456 vcrberantem
707 1432 804 1462 sponte
833 1436 884 1455 sua
907 1428 1014 1462 recipit.

225 1478 350 1505 imitatur
375 1483 471 1504 saxum
494 1475 562 1502 illud
586 1475 620 1502 de
638 1474 782 1512 qroates
800 1474 837 1500 ait
854 1482 859 1499 :
879 1473 1016 1500 Percussit

226 1532 333 1556 saxum,
345 1528 369 1550 et
387 1530 462 1557 aqua:
473 1522 660 1556 pro/luxerunt
674 1520 707 1546 ⁸¹.
730 1520 824 1546 Viden'
839 1524 968 1554 quantam
981 1519 1013 1545 ad

227 1569 422 1598 sublimitatem
443 1575 543 1602 sponsa
562 1566 736 1601 pervenerit?
748 1565 813 1592 Eam
832 1566 962 1593 nimirum
980 1566 1015 1592 ob

231 1621 339 1642 :ausam
360 1620 502 1648 percussa,
530 1612 604 1638 velut
627 1619 641 1637 a
662 1610 736 1638 Mose
760 1619 842 1646 rupes
868 1611 912 1638 illa
934 1611 1016 1638 ferie-

227 1662 320 1693 batur,
339 1664 367 1686 ut
391 1659 423 1686 ad
448 1657 659 1686 similitudinem
683 1657 758 1683 illius
775 1661 801 1683 et
817 1658 876 1692 ipsa
895 1656 1016 1684 Verbum

228 1706 274 1734 Dei
295 1705 329 1733 de
348 1705 462 1732 vulnere
485 1704 581 1731 imbris
597 1703 683 1731 instar
705 1702 833 1735 effusum,
852 1710 902 1738 pro
922 1704 1017 1730 sitien-

229 1752 301 1779 tinus
321 1751 400 1786 quasi
425 1750 570 1785 quamdam
599 1749 794 1784 scaturiginem
818 1750 932 1776 emittat.
966 1748 1015 1777 Se-

227 1797 347 1825 cundum
376 1796 432 1823 haec
458 1795 578 1823 ostendit
601 1794 765 1821 denudatum
785 1794 862 1822 faciei
887 1800 1016 1822 venusta—

227 1848 293 1875 tem,
314 1847 491 1878 posteaquam
521 1841 545 1868 ei
570 1841 678 1876 peplum
695 1841 822 1869 custodes
845 1841 1015 1868 ademerunt.

228 1888 292 1916 Haec
303 1893 377 1920 sunt,
399 1895 459 1922 quae
473 1887 506 1915 de
522 1887 574 1914 hoc
589 1887 650 1914 loco
663 1887 765 1922 percipi
785 1894 799 1912 a
817 1887 896 1914 nobis
917 1892 1014 1921 potue-

227 1939 300 1962 runt.
316 1933 423 1962 Nemini
439 1937 529 1960 autem
544 1932 737 1964 invidehimus,
754 1932 776 1959 si
792 1933 825 1959 ab
844 1940 876 1960 eo
893 1933 939 1968 qui
954 1933 1017 1960 abs-

228 1980 337 2008 condita
366 1979 495 2015 mysteria
533 1979 661 2009 revelat,
687 1979 944 2013 contemplationem
969 1979 1018 2005 ho-

231 2034 292 2054 rum
320 2026 418 2061 majori
442 2033 503 2053 cuin
530 2025 683 2051 animorum
708 2025 824 2052 utilitate
843 2025 1017 2059 conjunctatn

229 2076 424 2106 consequetur.
447 2070 585 2099 Fortassis
601 2071 682 2097 etiam
697 2070 797 2098 dixerit
810 2071 920 2105 aliquis,
940 2070 1017 2098 Isaiae

228 2118 300 2145 vatis
319 2118 451 2145 visionem
470 2117 548 2144 aliine
570 2117 635 2152 quid
662 2117 763 2144 habere
778 2126 840 2143 cum
858 2118 949 2144 verbis
975 2117 1018 2144 hic

229 2165 309 2192 nobis
326 2164 487 2199 Propositis.
504 2162 579 2190 lllam
598 2163 661 2190 dico
677 2163 808 2190 visionem
826 2171 887 2190 cum
909 2167 1018 2189 mortuo

1062 234 1245 270 ἀμϐλύνουσι.
1280 234 1330 261 Διὰ
1358 233 1437 261 τοῦτο
1469 234 1585 262 πάντοτε
1618 236 1675 266 τοῖς
1702 233 1873 269 ἔμπροσθεν

1062 281 1274 317 ἐπεκτεινομένη
1289 281 1319 307 οὐ
1334 280 1462 312 παύεται,
1478 280 1527 307 καὶ⁹
1549 280 1605 308 ἀπὺ
1627 280 1674 307 τοῦ
1695 281 1726 307 ἐν
1745 276 1770 314 ᾧ
1795 280 1874 305 ἐστιν

1062 326 1172 359 ἐξιοῦσα
1191 327 1238 354 καὶ
1262 326 1331 362 πρὸς
1351 327 1399 353 τὸν
1424 325 1560 362 ἐνδότερον
1583 325 1759 361 είσδυομένη,
1792 325 1827 351 ἐν

1062 372 1140 400 οὔπω
1153 373 1274 407 ἐγένετο·
1293 372 1341 399 καὶ
1363 373 1394 399 τὸ
1416 372 1532 399 πάντοτε
1556 371 1713 407 θαυμαστὸν
1727 371 1805 406 αὐτῇ
1825 370 1875 396 καὶ

1065 420 1135 455 μέγα
1156 419 1326 454 φαινόμενον,
1343 417 1496 452 κατώτερον
1520 417 1667 453 ποιουμένη
1687 417 1736 444 τοῦ
1751 416 1873 451 ἑφεξῆς,

1064 466 1107 493 διὰ
1122 466 1152 492 τὸ
1168 465 1409 500 περικαλλέα-τερον
1425 465 1533 495 πάντως
1553 462 1621 490 εἶναι
1643 462 1692 490 τοῦ
1712 470 1874 498 προκατει-

1063 512 1201 546 λημμένου
1221 511 1250 537 τὸ
1266 511 1309 537 ἀεὶ
1323 510 1525 544 εὑρισκόμενον.
1544 509 1643 540 Καθὼς
1656 508 1704 536 καὶ
1723 509 1740 534 ὀ
1755 507 1874 538 Παῦλος

1064 557 1124 583 καθ’
1141 557 1247 592 ἡμέραν
1265 556 1445 590 ἀπέθνησκεν,
1462 555 1556 590 ἐπειδὴ
1575 554 1691 581 πάντοτε
1708 554 1781 590 πρὸς
1810 562 1874 581 και-

1064 605 1112 639 νὴν
1125 612 1185 629 τινα
1200 603 1292 637 μετείη
1310 601 1391 637 ζωὴν,
1407 601 1502 637 νεκρὸς
1517 601 1560 627 ἀεὶ
1571 600 1610 636 τῷ
1624 600 1809 636 παρῳχηωὸτι
1826 609 1874 634 γι-

1065 648 1185 683 νόμενος,
1202 648 1248 674 καὶ
1264 647 1350 683 λήθην
1366 647 1420 673 τῶν
1435 647 1672 682 προδιηνυσμένων
1687 645 1871 682 ποιούμενος.

1065 693 1113 719 Διὰ
1129 692 1207 719 τοῦτο
1224 693 1270 718 καὶ
1289 693 1305 727 ὴ
1325 691 1392 726 πρὸς
1412 691 1458 717 τὸν
1478 691 1594 726 νυμφίον
1605 691 1743 726 τρέχουσαι
1756 691 1870 726 νύμφη,

1066 739 1159 765 στάσιν
1173 738 1233 765 τινὰ
1247 739 1295 773 τῆς
1308 739 1354 764 ἐπὶ
1364 738 1394 763 τὸ
1408 736 1500 772 μεῖζον
1512 738 1653 772 προκοπῆς
1664 737 1715 772 οὐχ
1727 737 1869 772 εὑρίσκει.

1066 784 1249 819 Παραδείσους
1263 786 1334 810 ποιεῖ
1349 783 1418 819 ῥοῶν
1432 782 1475 809 διὰ
1489 783 1621 817 στόματος
1635 774 1775 818 ἀρώματα
1788 782 1870 818 ῥέον-

1066 839 1124 861 τας.
1140 830 1249 866 Τροφὴν
1263 831 1399 865 ὲτοιμάζει
1412 830 1450 865 τῷ
1462 829 1584 866 Δεσπότῃ
1601 829 1650 863 τῆς
1663 828 1796 861 κτίσεως,
1810 830 1870 859 τοῖς

1067 876 1141 907 ἰδίοις
1164 876 1245 903 αὑτὸν
1269 876 1427 911 δεξιουμένη
1448 876 1575 911 καρποῖς.
1597 875 1720 910 Πηγάζει
1746 875 1868 911 κήπους.

1064 922 1154 957 Φρέαρ
1168 922 1271 956 γίνεται
1293 921 1388 952 ὓδατος
1412 921 1512 953 ζῶντος
1526 940 1534 947 .
1552 920 1620 956 ὐλη
1637 919 1708 956 καλὴ
1721 920 1772 947 καὶ
1786 919 1871 955 ἄμω-

1066 977 1115 1003 μος
1129 969 1266 995 δείκνυται
1281 968 1351 994 κατὰ
1366 968 1415 1003 τὴν
1432 966 1584 1003 μαρτυρίαν
1597 966 1644 993 τοῦ
1655 966 1760 999 Λόγου.
1778 965 1872 993 Πάλιν

1065 1015 1135 1050 ὑπὲρ
1150 1015 1236 1041 ταῦτα
1253 1015 1396 1050 γενομένη,
1422 1013 1579 1041 αἰσθάνεται
1604 1011 1872 1049 μεγαλοπρεπέστε-

1067 1070 1128 1096 ρον,
1156 1061 1295 1097 προϊόντος
1317 1059 1364 1087 τοῦ
1379 1060 1466 1094 Λόγου
1479 1079 1486 1091 ,
1510 1059 1699 1094 πληρουμένου
1718 1057 1795 1085 κατὰ
1818 1057 1870 1093 τὴν

1065 1106 1185 1141 κεφαλὴν
1200 1107 1251 1141 τῆς
1265 1106 1371 1141 δρόσου,
1398 1106 1445 1133 καὶ
1468 1105 1520 1132 τῶν
1543 1106 1593 1140 τῆς
1606 1104 1705 1136 νυκτὸς
1724 1103 1868 1139 ψεκάδων,

1066 1151 1119 1177 τῶν
1141 1152 1170 1177 ἐν
1199 1153 1254 1182 τοῖς
1277 1150 1436 1187 βοστρύχοις
1459 1150 1617 1185 γινομένων.
1641 1149 1780 1176 Νίπτεται
1804 1149 1870 1179 τοὺς

1066 1197 1159 1229 πόδας,
1177 1197 1221 1224 τὸν
1237 1197 1336 1232 χιτῶνα
1351 1197 1486 1228 ἐκδύεται,
1501 1196 1623 1232 σμύρναν
1635 1195 1679 1222 διὰ
1692 1195 1751 1222 τῶν
1765 1194 1870 1230 χειρῶν

1067 1243 1224 1275 ἀποστάζει.
1244 1243 1380 1278 Προσάγει
1394 1242 1433 1276 τῷ
1447 1242 1566 1277 κλείθρῳ
1575 1241 1625 1273 τὰς
1639 1242 1748 1276 χεῖρας,
1763 1240 1870 1274 ἀνοίγει

1067 1288 1114 1323 τὴν
1130 1288 1242 1320 εἴσοδον,
1258 1288 1334 1322 ζητεῖ
1352 1287 1397 1314 τὸν
1419 1288 1457 1322 μὴ
1475 1286 1765 1322 καταλαμϐανόμενον,
1783 1285 1870 1320 φωνεί

1067 1336 1111 1362 τὸν
1127 1336 1281 1370 ἀνέφικτον.
1295 1335 1459 1370 Εὐρίσκεται
1476 1334 1529 1361 ὑπὸ
1549 1334 1602 1360 τῶν
1622 1333 1766 1368 φυλάκων.
1787 1333 1870 1368 Δέχε-

1068 1391 1111 1407 ται
1126 1382 1168 1416 ἐφ’
1195 1382 1293 1416 ἑαυτῆς
1312 1380 1361 1416 τὴν
1383 1381 1576 1407 πατάσσουσαν
1600 1379 1708 1416 ῥάϐδον.
1730 1379 1870 1415 Μιμεὶται

1067 1428 1116 1462 τὴν
1130 1427 1242 1463 πέτραν,
1262 1427 1326 1462 περὶ
1344 1424 1378 1462 ἦς
1389 1435 1472 1462 φησιν
1494 1427 1508 1453 ὁ
1527 1425 1693 1462 Προφήτης·
1712 1426 1757 1452 ὅτι
1779 1424 1871 1453 Ἐπά-

1068 1475 1139 1506 ruﬁs
1162 1473 1289 1508 πέτραν,
1316 1473 1365 1500 καί
1382 1474 1515 1507 ἓρῤυσαν
1530 1472 1632 1499 ὕδατα.
1654 1472 1737 1508 Ὁρᾷς
1751 1473 1795 1504 είς
1806 1471 1870 1498 ὅσον

1068 1520 1218 1555 ἀνέδραμεν
1235 1520 1301 1554 ὕψος
1317 1520 1334 1554 ἡ
1352 1519 1464 1554 votum;
1486 1518 1536 1545 Διὰ
1559 1518 1638 1545 τοῦτο
1656 1517 1871 1553 πατασσομὲνη,

1068 1566 1161 1601 ὥσπερ
1184 1567 1200 1601 ἡ
1226 1566 1376 1600 ἀκρότομος
1403 1565 1456 1591 ὑπὸ
1481 1565 1528 1591 τοῦ
1551 1565 1705 1596 Μωῦσέως·
1729 1565 1777 1592 ἴνα
1807 1564 1873 1591 καθ’

1067 1611 1212 1646 ὁμοιότητα
1229 1610 1345 1645 ἐκείνης,
1362 1610 1409 1636 καὶ
1425 1609 1494 1645 αὕτη
1508 1609 1621 1646 πηγάσῃ
1636 1610 1694 1641 τοῖς
1709 1608 1810 1644 διψῶσι
1826 1610 1873 1636 diu

1067 1659 1164 1692 Λόγον,
1179 1658 1211 1683 ὲκ
1224 1657 1274 1691 τῆς
1288 1657 1381 1692 πηγῆς
1396 1656 1616 1691 ἀνομϐρήσαντα.
1626 1653 1693 1683 Εἶτα
1703 1656 1751 1682 ἐπὶ
1761 1655 1873 1687 τούτοις

1068 1705 1166 1739 γυμνοῖ
1189 1704 1219 1730 τὸ
1242 1702 1339 1734 κάλλος
1369 1703 1420 1737 τῆς
1441 1702 1538 1737 ὅψεως.
1556 1702 1610 1728 τῶν
1628 1702 1758 1736 φυλάκων
1780 1701 1873 1735 αὐτῆς

1068 1748 1248 1783 περιελόντων
1272 1748 1301 1774 τὺ
1319 1747 1471 1783 θέριστρον.
1495 1746 1588 1773 Ταῦτά
1603 1747 1676 1772 ἐστιν
1695 1744 1714 1772 ἃ
1732 1745 1808 1772 κατὰ
1823 1745 1873 1772 τὸν

1067 1796 1149 1821 τόπον
1160 1795 1253 1821 τοῦτον
1271 1795 1352 1829 ἡμεῖς
1374 1793 1538 1821 καταλαϐεῖν
1561 1792 1744 1828 ἠδυνήθημεν.
1767 1791 1871 1823 “dvo:

1068 1843 1096 1869 δὲ
1112 1842 1208 1874 οὐδεὶς,
1231 1841 1357 1875 γενέσθαι
1381 1841 1434 1866 τινὶ
1458 1839 1533 1875 παρὰ
1555 1839 1601 1866 τοῦ
1625 1837 1872 1869 ἀτωκαλύπτσντος

1068 1889 1101 1914 τὰ
1117 1887 1294 1923 κεκρυμμένα
1311 1887 1449 1922 μυστήρια
1469 1884 1715 1920 ψυχωφελεστέραν
1729 1883 1782 1919 τὴν
1800 1882 1872 1910 θεω-

1070 1934 1130 1969 ρίαν
1155 1935 1184 1960 ὲν
1208 1935 1264 1965 τοῖς
1288 1932 1487 1968 προκειμένοις.
1506 1931 1585 1963 Ἴσως
1603 1930 1632 1957 δέ
1655 1939 1698 1962 τις
1716 1931 1802 1966 φήσει
1820 1929 1872 1957 καὶ

1068 1980 1115 2006 τοῦ
1136 1980 1245 2006 Ἡσαΐου
1260 1979 1308 2014 τὴν
1324 1978 1456 2005 ὀπτασίαν
1475 1977 1547 2013 ἔχειν
1568 1976 1629 2003 τινὰ
1650 1976 1720 2012 πρὸς
1740 1975 1779 2003 τὰ
1799 1984 1871 2012 προ-

1070 2026 1182 2060 κείμενα
1208 2025 1277 2061 ρητὰ
1295 2024 1445 2051 κοινωνίαν.
1468 2023 1591 2058 Ἐκείνην
1609 2022 1682 2057 λέγω
1704 2022 1757 2057 τὴν
1782 2022 1871 2048 ὀπτα-

1071 2072 1140 2104 σίαν,
1157 2072 1201 2097 ὅτε
1224 2070 1403 2101 ἀποθανόντος
1425 2069 1473 2096 τοῦ
1494 2069 1594 2104 λεπροῦ
1611 2068 1755 2103 βασιλέως,
1780 2069 1870 2104 ἑωρα-

1070 2118 1145 2144 κέναι
1164 2117 1230 2153 φησὶ
1246 2117 1291 2144 τὸν
1317 2117 1363 2143 ἐπὶ
1386 2116 1434 2143 τοῦ
1461 2115 1563 2151 ὑψηλοῦ
1587 2124 1618 2142 τε
1640 2115 1687 2142 καὶ
1707 2114 1869 2151 ἐπηρμένω

1071 2164 1165 2200 θρόνου
1182 2162 1398 2199 μεγαλοπρεπῶς
1412 2161 1633 2198 προκαθήμενον·
1654 2158 1685 2188 οὗ
1700 2161 1797 2196 σχῆμα
1816 2161 1869 2197 μὲν

229 2217 293 2245 rege
320 2210 394 2244 lepra
416 2209 529 2241 infecto,
550 2208 654 2236 vidisse
679 2209 717 2235 ait
744 2217 804 2236 sese
820 2210 965 2244 quemdam
990 2211 1015 2236 in

1071 2210 1118 2236 καὶ
1143 2209 1257 2244 μέγεθος
1277 2208 1324 2235 καὶ
1343 2206 1412 2238 εἶδος
1435 2207 1498 2234 ἰδεῖν
1520 2206 1570 2233 οὐκ
1591 2205 1739 2241 ἐχώρησεν.
1756 2203 1799 2232 Ἦ
1811 2206 1870 2242 γὰρ

229 2255 338 2283 sublimi
361 2260 387 2282 et
413 2255 517 2282 elevato
542 2254 611 2281 solio
634 2254 776 2289 magnifice
801 2254 826 2280 in
852 2254 939 2281 oculis
958 2262 1018 2281 om-

230 2300 305 2327 nium
334 2300 472 2326 sedentem
499 2310 505 2326 :
534 2299 613 2333 cujus
650 2303 677 2326 et
706 2299 816 2334 figurae,
848 2304 875 2326 et
905 2299 1018 2331 formae.

229 2351 258 2372 et
287 2346 483 2381 magnitudinis
511 2345 708 2381 perspicienda:
726 2354 812 2381 capax
844 2355 898 2373 non
925 2346 1017 2373 fuerit.

229 2391 349 2419 Omnino
367 2392 439 2418 enim
464 2392 522 2419 haec
537 2392 715 2426 prodidisset,
741 2392 763 2419 si
790 2392 899 2426 quidem
924 2391 1020 2419 fuisset

229 2444 324 2465 eorum
353 2444 449 2471 capax,
475 2438 546 2464 sicut
572 2437 600 2464 in
618 2437 725 2465 caeteris
747 2437 840 2470 etiam,
864 2445 924 2472 quze
951 2445 1017 2465 con-

230 2483 329 2517 Spexit,
348 2482 421 2514 fecit,
450 2482 515 2509 dum
533 2483 590 2510 alas
611 2487 763 2516 enumerat,
781 2487 808 2509 et
827 2487 927 2511 statum
944 2483 1019 2511 vola-

230 2535 342 2563 tumque
357 2534 564 2556 commemorat.
586 2528 687 2556 Saltem
704 2537 733 2556 se
752 2537 845 2556 vocem
870 2530 1017 2564 quamdam

229 2574 341 2602 audisse
355 2574 432 2606 dicit,
451 2578 674 2609 summotumque
688 2575 748 2601 loco
765 2574 850 2601 fuisse
867 2574 949 2601 limen
969 2584 1018 2602 su-

229 2621 320 2656 perius
346 2628 394 2655 per
420 2626 583 2648 concentum
609 2621 770 2656 hymnorum
802 2621 963 2655 Seraphin),
992 2626 1019 2649 et

230 2668 305 2695 fumo
319 2667 430 2694 domum
446 2667 619 2702 completam,
639 2667 811 2702 ignitumque
823 2668 969 2695 carbonem
985 2668 1019 2695 ab

231 2720 285 2740 uno
299 2721 333 2739 ex
353 2711 497 2748 Seraphim
512 2713 540 2740 in
553 2722 584 2741 os
599 2713 669 2740 vatis
689 2713 819 2747 injectum
840 2713 936 2745 fuisse,
965 2722 1019 2749 quo

229 2757 312 2786 facto.
330 2766 386 2786 non
407 2759 488 2786 modo
506 2759 588 2792 labia,
610 2760 656 2787 sed
683 2760 765 2786 etiam
784 2767 866 2786 aures
881 2760 967 2794 ipsius
985 2760 1018 2787 ad

285 2846 308 2861 ⁸⁸
325 2845 406 2873 lCor.
419 2854 464 2880 xv,
476 2845 521 2874 15.
557 2847 578 2863 ¹¹
595 2846 668 2874 Psal.
679 2854 781 2880 Lxxvu,
794 2847 841 2875 20.

1071 2256 1104 2282 ἂν
1127 2253 1186 2281 εἶπε
1207 2255 1325 2285 πάντως,
1347 2254 1427 2288 εἴπερ
1447 2251 1581 2288 ἐχώρησε,
1601 2251 1729 2287 καθάπερ
1749 2251 1799 2278 καὶ
1819 2252 1870 2278 ἐπὶ

1070 2301 1123 2327 τῶν
1140 2301 1226 2328 ἄλλων
1246 2297 1283 2326 ὧν
1304 2297 1374 2326 εἶδεν
1398 2299 1520 2334 ἐποίησε,
1537 2298 1675 2332 πτέρυγας
1697 2296 1869 2333 ἀριθμήσας,

1071 2346 1118 2373 καὶ
1135 2346 1228 2373 στάσιν
1243 2345 1289 2372 καὶ
1315 2345 1416 2380 πτῆσιν
1436 2344 1646 2380 διηγησάμενος.
1666 2343 1803 2379 (κυνῆςᾶ
1815 2344 1869 2378 μό-

1070 2402 1119 2429 νης
1133 2393 1279 2428 ἀκηκοέναι
1293 2392 1385 2428 φησιν,
1400 2393 1444 2419 ὅτε
1465 2391 1573 2427 ἐπήρθη
1590 2390 1621 2417 τὺ
1641 2389 1797 2426 ὑπέρθυρον
1813 2389 1870 2417 15τώ

1070 2440 1120 2475 τῆς
1141 2439 1195 2466 τῶν
1217 2439 1341 2475 Σεραφὶμ
1366 2438 1511 2474 ὑμνῳδίας,
1536 2438 1584 2464 καὶ
1604 2438 1619 2464 ὀ
1641 2433 1715 2469 οἶκος
1739 2436 1870 2473 ἐπλήσθη

1071 2485 1186 2517 καπνοῦ,
1200 2486 1246 2511 καὶ
1259 2485 1292 2511 δι’
1307 2485 1366 2516 ἑνὸς
1380 2484 1434 2510 τῶν
1453 2483 1580 2519 Σεραφὶμ
1595 2482 1731 2518 ἐπεϐλήθη
1747 2480 1790 2517 τῷ
1804 2483 1871 2510 στό-

1073 2540 1137 2567 ματι
1153 2531 1198 2557 τοῦ
1215 2531 1357 2566 Προφήτου
1372 2530 1504 2565 διάπυρος
1529 2528 1651 2564 ἄνθραξ·
1672 2524 1704 2554 οὗ
1719 2527 1868 2563 γενομένω

1072 2578 1101 2604 οὐ
1119 2577 1153 2604 τὰ
1169 2576 1244 2612 χείλη
1264 2576 1353 2610 μόνον,
1367 2575 1434 2602 ἀλλὰ
1460 2574 1507 2602 καὶ
1525 2576 1542 2610 ὴ
1566 2573 1634 2610 ἀκοὴ
1656 2573 1724 2609 πρὸς
1741 2573 1793 2609 τὴν
1818 2574 1869 2601 τοῦ

1073 2623 1151 2657 λόγου
1170 2622 1301 2657 ὑποδοχὴν
1315 2621 1500 2657 καθαρίζεται.
1521 2621 1564 2652 Ὠς
1576 2620 1631 2656 γὰρ
1645 2618 1763 2646 ἐνταῦθα
1779 2628 1870 2647 πατα-

1070 2669 1167 2704 χθῆναι
1188 2669 1273 2702 λέγει,
1286 2667 1342 2694 ’καὶ
1363 2660 1599 2702 τραυματισθῆναι
1615 2665 1689 2702 παρὰ
1708 2665 1763 2692 τῶν
1782 2666 1870 2701 φυλά-

1070 2724 1126 2741 κων
1145 2714 1277 2750 ήνύμφη,
1301 2714 1348 2740 καὶ
1368 2713 1439 2740 οὕτω
1463 2712 1641 2748 γυμνωθῆναι
1657 2711 1708 2746 τῆς
1729 2710 1779 2738 τοῦ
1791 2711 1868 2747 θερί-

1072 2769 1153 2796 στρου
1166 2760 1327 2796 περιϐολῆς·
1343 2759 1414 2786 οὕτω
1431 2759 1512 2786 κὰ.κεί
1527 2758 1587 2786 ἀντὶ
1602 2757 1651 2793 μὲν
1662 2755 1710 2784 τοῦ
1724 2755 1869 2793 θερίστρου
