3850 6224
27 351 168 407 1ίςότ
1112 346 1181 403 IN
1209 342 1510 406 CANTICA
1543 345 1625 401 CA

1754 344 1813 399 C.
1855 344 2138 401 HOMILIA
2175 346 2314 400 XIII.
3168 341 3306 399 1058

23 469 82 518 τὸ
113 464 440 538 ὑπέρθυρον
469 463 704 536 αἴρεται,
747 463 890 518 ὥστε
923 463 1316 534 ἀνεμπόδιστον
1363 463 1512 531 αὑτῳ
1539 476 1625 529 γε-

1754 460 2052 532 recipienda
2104 461 2268 516 verba
2326 468 2717 530 purgarentur.
2789 459 3061 516 Nimirum
3121 469 3182 515 ut
3227 459 3318 518 hic

23 559 214 612 νέσθαι
245 559 360 611 τῶν
389 560 448 613 ὲν
477 559 590 622 τοῖς
627 557 839 622 ἀδύτοις
866 558 966 630 τὴν
1005 557 1264 629 θεωρίαν·
1301 556 1421 610 ἀντὶ
1442 555 1498 609 δὲ
1525 553 1625 606 τῶν

1754 566 2060 619 percussam
2102 568 2161 608 se
2201 567 2407 623 sponsa
2459 550 2610 615 dicit,
2651 567 2716 608 ac
2769 552 3108 609 vulneratam
3154 565 3187 605 a
3221 564 3322 606 cu-

24 650 298 717 φυλάκων
324 648 394 702 τά
422 648 676 719 Σεραφὶμ
715 647 1075 720 ὀνομάζεται·
1123 647 1243 701 ἀντὶ¹
1281 647 1338 700 δὲ
1375 647 1475 717 τῆς
1505 643 1625 717 ρά6‹

1754 643 2015 709 stodibus,
2062 659 2242 714 eoque
2282 651 2445 714 pacto
2486 645 2748 698 nudatam
2781 644 2925 715 pepli
2955 644 3155 698 amictu
3190 658 3202 694 :
3237 642 3320 698 sic

23 739 136 803 δου,
175 739 208 790 ὁ
241 737 488 810 ἄνθραξ·
515 737 640 791 ἀντὶ
677 737 734 791 δὲ
757 740 856 809 τῆς
895 739 1131 808 πληγῆς,
1164 741 1195 809 ή
1239 736 1453 800 καῦσις.

1754 736 1817 790 ibi
1853 737 1993 806 pepli
2045 737 2264 808 quidem
2296 737 2417 792 loco
2470 737 2636 792 limen
2688 737 2943 808 superius
2984 735 3223 800 tollitur,
3260 741 3322 786 ut

35 830 420 901 contemplari
476 829 687 901 absque
744 829 1134 895 impedimento
1175 846 1298 902 quae
1343 830 1402 884 in
1454 827 1633 900 adytis
1669 837 1858 883 essent
1929 840 2162 899 posset;
2233 845 2335 900 pro
2373 829 2698 885 custodibus
2733 843 2885 897 vero,
2935 826 3222 898 Seraphim
3260 824 3324 880 ﬁt

38 925 293 991 mentio;
327 941 428 996 pro
455 926 630 998 virga,
659 927 956 996 carbonis;
983 942 1082 999 pro
1102 927 1346 994 verbere,
1373 925 1626 981 ustionis.

102 1019 309 1072 Κοινὺν
351 1019 408 1073 δὲ
442 1021 504 1074 τὸ
540 1022 716 1094 πέρας
754 1023 846 1076 ὲπί
868 1040 928 1075 τε
972 1022 1074 1093 τῆς
1122 1022 1360 1094 νύμφης,
1403 1022 1498 1075 καὶ
1540 1019 1625 1072 ἐπὶ

1813 1014 2081 1069 Craterum
2141 1017 2264 1072 linis
2322 1024 2377 1072 et
2446 1017 2500 1071 in
2555 1032 2768 1087 sponsa}
2824 1025 2878 1072 et
2930 1017 2986 1072 in
3041 1018 3324 1088 prophetae

26 1109 129 1178 τῆς
167 1111 273 1164 τοῦ
329 1113 606 1184 προφήτου
643 1113 843 1183 ψυχῆς,
896 1115 930 1184 ή
982 1113 1292 1185 καθαρότης
1341 1113 1507 1165 ἐστίν.
1544 1111 1625 1173 Ὠς

1754 1108 1925 1162 animo
1954 1107 2098 1164 idem
2127 1115 2233 1171 est,
2276 1109 2535 1163 nimirum
2581 1109 2810 1178 puritas.
2859 1110 3207 1180 Quapropter
3243 1109 3323 1164 uti

24 1201 120 1255 03v
169 1208 202 1256 ό
266 1207 554 1276 προφήτης
602 1205 690 1259 διὰ
731 1207 827 1259 τοῦ
875 1206 1143 1277 ἄνθρακος
1179 1207 1300 1276 οὐχὶ
1345 1203 1625 1273 ἀλγύνεται

1754 1211 1893 1257 vates
1925 1215 2021 1269 per
2050 1201 2346 1256 carbonem
2395 1209 2554 1256 ustus
2585 1201 2829 1256 dolorem
2878 1202 3088 1256 nullum
3132 1201 3322 1266 sentit,

29 1295 353 1365 καιόμενος,
381 1295 517 1350 ἀλλά
541 1297 822 1364 δοξάζεται
845 1297 1316 1370 λαμπρυνάμενος,
1341 1297 1512 1360 οὑτως
1538 1294 1625 1348 καὶ

1754 1293 1840 1348 sed
1863 1295 2184 1365 ampliorem
2212 1295 2773 1365 gloriamillustratus
2799 1296 3160 1365 consequitur
3190 1313 3204 1348 :
3240 1294 3323 1349 sic

27 1388 277 1441 ἐνταῦθα
302 1391 334 1458 ή
363 1388 569 1461 νύμφη,
599 1390 700 1443 οὑκ
733 1389 926 1459 ὀδύνην
968 1390 1034 1442 ἐκ
1073 1389 1172 1458 τῆς
1204 1388 1419 1459 πληγῆς
1457 1387 1625 1441 αἰτιᾶ-

1754 1389 1906 1443 etiam
1939 1388 2041 1443 hoc
2076 1389 2193 1444 loco
2223 1403 2426 1459 sponsa
2454 1403 2567 1443 non
2602 1391 2668 1444 de
2699 1389 2821 1442 ullo
2853 1403 2921 1442 ex
2948 1389 3175 1442 vulnere
3215 1387 3318 1442 do-

26 1498 140 1544 ται,
178 1480 305 1534 ἀλλ’
338 1481 699 1552 ὲπικαυχᾶται
743 1484 809 1553 τῇ
840 1482 937 1552 τῆς
980 1481 1293 1554 παρρησίας
1325 1481 1625 1554 προσθήκῃ,

1754 1488 1860 1538 lore
1900 1483 2168 1552 queritur,
2211 1482 2305 1538 sed
2353 1482 2614 1538 audacter
2659 1482 2824 1538 etiam
2868 1483 3150 1552 libereque
3194 1496 3327 1552 pro-

28 1575 92 1640 τῇ
157 1572 455 1644 ἀφαιρέσει
503 1573 598 1626 τοῦ
653 1573 1140 1644 προκαλύμματος,
1191 1573 1221 1626 ὃ
1280 1573 1562 1644 θέριστρον
1606 1573 1625 1626 ὲ

1754 1581 1867 1644 pter
1887 1573 2288 1645 ademptionem
2320 1573 2630 1638 velaminis,
2667 1573 2816 1642 quod
2850 1572 2941 1628 hic
2971 1574 3193 1644 peplum
3230 1589 3326 1643 ap-

25 1664 190 1733 λόγος
230 1665 536 1734 ὠνόμασεν.
571 1667 728 1719 Ἔστι
777 1665 834 1719 δὲ
886 1666 981 1718 καὶ
1029 1666 1192 1738 ἄλλην
1233 1666 1355 1718 τινὰ
1403 1665 1625 1719 διάνοιαι

1754 1665 2003 1734 pellatur,
2039 1680 2160 1720 sese
2195 1665 2386 1734 jactat.
2441 1663 2618 1717 Etiam
2657 1665 2797 1719 alius
2849 1663 3073 1734 quidam
3122 1677 3325 1719 sensus

29 1759 88 1808 ἐν
129 1757 254 1818 τοῖς
293 1755 673 1826 προκειμένοις
706 1757 908 1827 εὑρεῖν,
944 1756 1097 1808 οὐδὲν
1144 1756 1251 1809 τῶν
1295 1754 1640 1827 τεθεωρημέ-

27 1865 138 1899 νων
177 1847 522 1918 ἀπᾴδουσαν.
567 1847 634 1900 Ἦ
662 1847 770 1919 γὰρ
800 1847 1089 1912 ἐξελθοῦσα
1117 1848 1265 1920 ψυχὴ
1293 1850 1351 1902 έν
1379 1847 1457 1920 τῷ
1493 1848 1640 1920 λ’όγῳ

30 1939 228 2006 αὑτοῦ,
262 1939 374 1994 καὶ
393 1939 630 2011 ζητοῦσα
660 1941 758 2012 μὲν
788 1941 882 1996 τὸν
920 1942 1019 2012 οὐχ
1047 1941 1432 2014 εὑρισκόμενον
1453 1959 1468 1974 ·
1502 1945 1640 1997 ἀνα⁶

32 2031 291 2084 γαλοῢσα
320 2031 377 2084 δὲ
414 2031 505 2085 τὸν
532 2034 598 2103 τῇ
630 2033 874 2102 σημασία
895 2031 1004 2085 τῶν
1032 2034 1309 2104 ὀνομάτων
1333 2034 1638 2105 ἀνέφικτον,

27 2123 354 2176 διδάσκεται
404 2123 555 2194 παρά
600 2123 709 2176 τῶν
751 2123 1024 2192 φυλάκων,
1067 2125 1148 2177 ὅτι
1204 2125 1298 2177 τοῦ
1352 2126 1639 2195 ἀνεφίκτου

29 2216 159 2284 ἐρᾷ,
206 2213 305 2266 καὶ
343 2213 438 2266 τοῦ
475 2215 860 2284 ἀκαταλήπτου
918 2216 1151 2282 ἐφίεται.
1201 2218 1278 2268 Δι’
1320 2209 1396 2271 ὧν
1441 2218 1641 2288 τρόπον

29 2307 161 2358 τινὰ
194 2305 492 2375 πλήσσεται
522 2306 618 2359 καὶ
642 2306 1065 2376 τραυματίζεται
1102 2310 1168 2378 τῇ
1199 2307 1520 2381 ἁνελπιστίᾳ
1547 2309 1642 2362 τοῦ

32 2393 407 2462 ποθουμένου,
453 2394 616 2465 ἀτελῆ
663 2412 723 2448 τε
766 2395 861 2448 καὶ
902 2396 1308 2449 ἀναπόλαυστον
1345 2396 1439 2450 τοῦ
1481 2397 1641 2451 ἄλλου

28 2486 133 2555 τὴν
173 2485 476 2556 ἐπιθυμίαν
517 2485 805 2557 νομίσασα.
845 2486 1004 2540 Ἀλλά
1047 2492 1412 2560 περιαιρεῖται
1447 2489 1508 2544 τὸ
1545 2491 1644 2562 τῆς

30 2579 223 2649 λύπης
257 2579 562 2650 θέριστρον,
611 2579 698 2632 διὰ
744 2579 838 2633 τοῦ
888 2580 1080 2651 μαθεῖν
1116 2581 1196 2633 ὅτι
1237 2582 1298 2634 τὸ
1323 2583 1410 2634 ἀεὶ
1441 2583 1642 2653 προκό-

29 2688 200 2724 πτειν
251 2671 312 2724 ὲν
365 2669 443 2740 τῷ
486 2669 687 2741 ζητεῖν,
738 2672 828 2727 καὶ
879 2671 941 2724 τὸ
990 2672 1257 2742 μηδέποτε
1309 2673 1410 2742 τῆς
1455 2674 1644 2728 ἀνόδου

31 2762 342 2827 παύεσθαι,
369 2763 643 2816 τουτέστιν
680 2765 714 2834 ή
757 2763 962 2834 ἀληθὴς
1006 2764 1099 2817 τοῦ
1148 2765 1480 2836 ποθουμένου
1512 2766 1647 2818 ἀπό-

27 2853 260 2918 λαυσις,
293 2853 392 2924 τῆς
420 2853 649 2908 πάντοτε
681 2854 1062 2925 πληρουμένης
1102 2855 1419 2925 ἐπιθυμίας,
1453 2857 1644 2928 ἑτέραν

27 2945 347 3016 ἐπιθυμίαν
366 2946 462 2999 τοῦ
494 2946 888 3016 ὑπερκειμένου
918 2947 1212 3019 γεννώσης.
1249 2950 1337 3005 Ὠς
1367 2944 1459 3001 οὑν
1493 2967 1644 3018 περι-

24 3040 222 3094 είλετο
257 3039 360 3110 τῆς
399 3038 747 3102 ἀνελπιστίας
783 3040 845 3092 τὸ
891 3025 1193 3112 θέριστρον,
1226 3043 1319 3094 καὶ
1361 3042 1436 3094 ἴδε
1464 3042 1525 3094 τὸ
1553 3044 1644 3097 ἀν-
1672 3025 1714 3048 ν

25 3131 305 3186 ἐλπιστόν
332 3148 393 3184 τε
423 3131 518 3186 καὶ
547 3132 959 3202 ἀπερίγραπτον
982 3133 1075 3186 τοῦ
1109 3133 1476 3204 ἀγαπωμένου
1515 3135 1646 3189 κάλ--

23 3225 128 3288 λος
178 3225 240 3276 ὲν
284 3223 434 3295 πάσῃ
481 3225 548 3294 τῇ
600 3225 863 3296 ἀῖδιότητι
897 3223 1005 3278 τῶν
1034 3224 1245 3280 αἰώνων
1287 3228 1530 3297 κρεῖττον
1559 3228 1648 3281 ἀεὶ

23 3313 469 3388 εὑρισκόμενον·
502 3316 560 3368 ὲν
587 3315 926 3386 σφοδροτέρῳ
957 3317 1188 3371 τείνεται
1214 3317 1382 3388 πόθῳ,
1418 3320 1512 3372 καὶ
1540 3337 1648 3391 μη-

24 3411 159 3463 νύει
191 3407 270 3480 τῷ
302 3408 654 3480 ἀγαπωμένῳ
699 3409 788 3464 διά
817 3407 925 3461 τῶν
956 3410 1056 3478 τῆς
1094 3407 1444 3482 Ἰερουσαλὴμ
1481 3412 1645 3481 θυγαο

25 3503 226 3573 τέρων
272 3501 372 3570 τήν
418 3501 518 3570 τῆς
565 3501 792 3572 καρδίας
843 3500 1102 3567 διάθεσιν,
1150 3503 1231 3555 ὅτι
1280 3503 1344 3556 τὸ
1395 3503 1646 3558 ἐκλεκτὸν

29 3595 210 3664 βέλος
241 3591 337 3645 τοῦ
367 3590 502 3645 Θεοῦ
534 3593 591 3646 ὲν
620 3595 786 3663 ἑαυτῇ
820 3593 1110 3665 δεξαμένη,
1135 3593 1224 3648 διὰ
1248 3595 1346 3666 τῆς
1382 3599 1524 3650 κατὰ
1550 3597 1647 3669 τὴν

31 3689 239 3740 πίστιν
279 3685 462 3748 ἀκίδος
508 3685 761 3756 βέϐληται
807 3687 906 3756 τὴν
948 3687 1194 3757 καρδίαν,
1242 3688 1299 3738 ὲν
1334 3688 1412 3758 τῷ
1449 3690 1647 3762 καιρίῳ

28 3775 323 3847 δεξαμένη
367 3775 466 3846 τὴν
498 3776 597 3846 τῆς
629 3776 848 3844 ἀγάπης
889 3775 1120 3840 τοξείαν.
1158 3776 1290 3838 θεὸς
1331 3777 1388 3830 δέ
1427 3779 1571 3830 ἐστιν
1612 3781 1645 3850 ή

29 3869 268 3939 ἀγάπη,
315 3866 458 3920 κατά
498 3868 600 3938 τὴν
641 3866 887 3922 Ἰωάννου
937 3869 1146 3938 φωνήν·
1183 3861 1227 3935 ᾧ
1274 3869 1473 3940 πρέπει
1519 3871 1646 3938 δόξα

33 3961 144 4014 καὶ
180 3959 243 4011 τὺ
270 3958 471 4028 κράτος
495 3960 574 4022 είς
599 3959 726 4023 τοὺς
753 3958 953 4021 αἰῶνας
977 3958 1084 4011 τῶν
1116 3957 1344 4014 αἰώνων.
1389 3963 1580 4032 Ἀμήν.

31 4063 239 4109 autem
284 4052 507 4108 dilectio
560 4061 667 4121 est,
723 4053 1182 4124 quemadmodum
1228 4053 1468 4112 Joannes
1513 4057 1589 4112 ait
1611 4059 1681 4126 ⁸⁸,

32 4154 250 4202 Amen.

665 4240 912 4293 OMIAIA
941 4239 1041 4294 II".

119 4332 384 4398 Ὦρκισα
400 4326 588 4399 ὑμᾶς,
612 4327 932 4397 θυγατέρες
968 4329 1390 4400 Ἰερουσαλὴμ,
1423 4331 1492 4384 ἐν
1515 4333 1643 4400 ταῖς

33 4420 356 4490 δυνάμεσι
380 4459 396 4485 ,
431 4417 532 4473 καὶ
568 4419 640 4472 ἐν
672 4409 805 4484 ταῖς
841 4420 1127 4488 Ζσχύσεσι
1156 4418 1262 4472 τοῦ
1292 4420 1478 4488 ἀγροῦ
1498 4461 1513 4485 ,
1537 4422 1646 4476 ἐὰν

31 4515 269 4580 εὕρητε
296 4509 405 4562 τὸν
424 4508 751 4577 ἀδελφιδόν
777 4525 917 4577 μου,
938 4510 997 4562 τί
1021 4509 1420 4579 ἀπαγγείλητε
1449 4513 1644 4578 αὐτῷ;

32 4605 140 4657 ἔτι
177 4596 517 4668 τετρωμένη
578 4597 815 4666 ἀγάπης
865 4597 978 4666 ἐγώ
1015 4601 1149 4667 εἰμι.
1206 4599 1274 4652 Τί
1323 4599 1648 4670 ἀδελφιδός

30 4712 171 4750 σου
209 4691 334 4747 ἀπὸ
389 4689 752 4758 ἀδελφιδοῦ,
789 4684 836 4743 ὦ
883 4689 1043 4759 καλὴ
1085 4690 1154 4742 ἐν
1196 4690 1515 4760 γυναιξίν;
1559 4693 1649 4747 ὅτι

29 4789 250 4851 οὕτως
278 4782 542 4852 ὦρκισας
569 4781 769 4851 mide;
804 4780 1127 4851 ἀδελφιδός
1150 4799 1270 4852 μου
1305 4785 1523 4851 λευκὸς
1550 4786 1649 4840 καὶ

30 4876 842 4949 πιφρὸςβκλελοχισμένος
875 4875 995 4930 ἀπὸ
1042 4876 1366 4945 μυριάδων.
1403 4880 1647 4949 Κεφαλὴ

31 4969 249 5028 αὑτοῦ
284 4968 544 5039 χρυσίον
574 4967 773 5035 Κεφὰς
791 5007 806 5032 ,
836 4967 1174 5036 βόστρυχοι
1203 4969 1388 5024 αὐτοῦ
1416 4971 1648 5038 exarat,

31 5064 326 5135 μέλανες
351 5042 431 5125 die
458 5057 642 5126 κόραξ
666 5073 680 5088 ·
709 5057 1009 5126 ὀφθαλμοὶ
1041 5059 1226 5113 αὐτοῦ
1257 5061 1338 5126 ὡς
1382 5076 1651 5131 περιστε-

23 5154 153 5226 ραὶ
180 5151 288 5205 ἐπὶ
335 5149 699 5220 πληρώματα
741 5147 981 5202 ὑδάτων
1002 5190 1018 5214 ,
1061 5152 1423 5219 λελουμένοι
1452 5155 1521 5209 ἐν
1552 5156 1652 5224 γά-

30 5252 261 5306 λακτι,
294 5242 621 5311 καθήμεναι
652 5240 754 5294 ἐπὶ
787 5239 1151 5310 πληρώματα
1179 5244 1438 5300 ὑδάτων.

132 5343 203 5394 ⁸0
235 5337 329 5393 διὰ
355 5339 633 5403 Μωὺσέως
671 5339 769 5407 μὲν
807 5339 1177 5411 νομοθετήσας
1230 5343 1437 5400 τὰ,τοῦ
1487 5345 1652 5417 νόμου

37 5432 382 5504 μυστήρια·
420 5427 714 5500 πληρώσας
744 5427 802 5481 δὲ
853 5427 920 5482 δι’
957 5428 1153 5483 ἑαυτοῦ
1185 5430 1304 5484 ὅλον
1354 5432 1444 5485 τὸν
1488 5434 1652 5505 νόμον

35 5525 144 5579 καὶ
183 5523 318 5584 τοὺς
348 5521 636 5591 προφήτας
661 5560 676 5585 ,
705 5519 886 5584 καθὼς
916 5521 975 5573 ὲν
1009 5520 1088 5591 τῷ
1117 5522 1434 5595 Εὑαγγελίῳ
1465 5525 1646 5595 φησίν·

32 5618 130 5669 ὅτι
175 5613 309 5665 Οὐκ
336 5599 531 5679 ἦλθον
563 5610 898 5666 καταλῦσαι
930 5610 1039 5664 τὸν·
1069 5613 1278 5682 νόμον,
1312 5615 1473 5672 ἀλλὰ
1500 5621 1652 5687 πλη..

157 5792 214 5826 ε’
244 5790 268 5842 .I
317 5807 407 5845 an.
445 5807 517 5855 Iv,
544 5789 629 5843 16.
745 5789 791 5820 ⁸³
818 5787 1006 5844 Matth.
1045 5805 1095 5858 ν,
1129 5789 1211 5845 17.

1745 1772 1813 1813 ex
1856 1758 2042 1812 verbis
2092 1756 2242 1811 hisce
2291 1765 2469 1826 potest
2514 1755 2663 1819 elici,
2713 1755 2934 1810 minime
2983 1755 3054 1809 ab
3083 1755 3150 1811 iis
3203 1769 3326 1824 quae

1743 1848 2218 1904 consideravimus
2249 1849 2513 1904 hactenus
2543 1849 2868 1905 abhorrens.
2892 1847 3110 1904 Etenim
3133 1849 3318 1903 anima

1747 1951 1970 2008 egressa
2005 1937 2072 1990 ad
2119 1952 2429 1992 sermonem
2472 1937 2615 2008 ejus,
2647 1944 2702 1992 et
2737 1952 2991 2008 quaerens
3028 1937 3193 1992 illum
3226 1938 3323 2006 qui

1743 2045 1857 2085 non
1902 2030 2200 2101 reperitur,
2247 2045 2455 2085 vocans
2481 2045 2606 2085 eum
2659 2030 2754 2101 qui
2785 2031 2936 2086 nulla
2983 2031 3323 2086 indicatione

1742 2137 1939 2178 vocum
1997 2123 2391 2194 comprehendi
2426 2132 2630 2194 potest,
2661 2139 2692 2178 a
2727 2124 3046 2179 custodibus
3075 2125 3326 2185 docetur.

1745 2214 1991 2269 adamari
2044 2215 2113 2270 ab
2165 2229 2230 2269 ea
2289 2216 2436 2284 quod
2484 2231 2647 2269 nemo
2704 2215 2967 2287 consequi
3015 2216 3214 2286 possit,
3272 2226 3328 2272 et
3371 2257 3374 2260 .

1745 2306 1927 2377 expeti
1966 2307 2110 2377 quod
2145 2307 2248 2361 sub
2290 2308 2695 2377 perceptionem
2745 2323 2856 2362 non
2890 2308 3072 2372 cadat,
3104 2323 3215 2379 quo
3245 2308 3324 2373 ﬁt,

1747 2407 1807 2453 ut
1850 2399 1943 2455 illa
1986 2399 2226 2469 quodam
2267 2400 2429 2455 modo
2479 2410 2700 2472 pr0pter
2731 2401 3167 2472 desperationem
3201 2417 3330 2456 con-

1747 2491 2013 2561 sequendi
2047 2491 2194 2562 quod
2229 2491 2527 2560 desiderat,
2556 2493 2875 2548 verberetur
2915 2509 2980 2548 ac
3006 2494 3327 2549 vulneribus

1748 2581 2014 2635 alliciatur
2062 2601 2078 2636 :
2122 2582 2385 2636 arbitrata
2439 2582 2794 2653 cupiditatem
2852 2585 2994 2638 hanc
3058 2584 3166 2640 ﬁne
3227 2599 3329 2639 suo

1747 2673 2022 2736 excidere,
2057 2689 2237 2744 neque
2271 2689 2330 2729 se
2377 2675 2523 2729 bono
2560 2676 2653 2730 illo
2703 2676 2866 2746 potiri
2903 2692 3084 2746 posse.
3122 2675 3327 2732 Verum

1748 2763 2008 2817 adimitur
2050 2763 2142 2817 hic
2194 2763 2245 2818 ei
2283 2766 2541 2820 maeroris
2592 2767 2806 2836 peplus,
2847 2769 2974 2821 dum
3026 2767 3184 2822 discit
3235 2785 3332 2824 ve-

1748 2869 1866 2907 ram
1919 2854 2218 2909 desiderati
2265 2855 2580 2911 fruitionem
2625 2873 2770 2923 esse,
2831 2874 3047 2929 semper
3089 2860 3144 2913 in
3181 2874 3333 2929 quaa-

1758 2946 1933 2999 rendo
1999 2946 2306 3016 proﬁcere,
2369 2965 2545 3019 neque
2610 2949 2852 3021 unquam
2915 2953 2970 3006 in
3036 2968 3331 3022 progressu

1751 3054 1994 3102 cessare,
2027 3056 2244 3110 semper
2275 3056 2337 3095 ea
2372 3042 2693 3112 cupiditate,
2734 3045 2823 3098 cni
2867 3047 3062 3114 quovis
3089 3057 3333 3115 tempore

1751 3130 1973 3198 satisﬁt,
2015 3133 2177 3186 aliam
2228 3133 2580 3203 cupiditatem
2626 3136 3006 3192 sublimiorum
3054 3142 3330 3210 gignente.

1751 3223 2047 3294 Postquam
2110 3226 2214 3282 hoc
2269 3229 2435 3283 modo
2493 3229 2894 3298 desperationis
2956 3231 3174 3302 peplum
3227 3232 3334 3287 sibi

1755 3316 1976 3381 ademit,
2014 3316 2392 3389 inﬁnitamque
2420 3334 2484 3374 ac
2518 3319 2686 3374 nullis
2711 3319 3046 3389 descriptam
3081 3321 3334 3376 terminis

1758 3406 1942 3462 dilecti
1972 3419 2313 3465 venustatem
2351 3411 2506 3476 vidit,
2558 3427 2679 3482 qua:
2710 3427 2807 3482 per
2839 3427 3057 3467 omnem
3105 3414 3336 3469 saculo-

1753 3515 1875 3554 rum
1909 3502 2270 3558 aeternitatem
2315 3519 2529 3573 semper
2568 3504 2747 3573 major
2786 3519 2850 3559 ac
2876 3505 3052 3574 major
3083 3521 3207 3562 esse
3235 3505 3336 3562 de-

1751 3592 2126 3662 prehenditur,
2162 3595 2555 3649 vehementiori
2615 3594 2892 3650 desiderio
2934 3593 3330 3661 inﬂammatur,

1752 3685 2032 3756 animique
2067 3687 2152 3741 sui
2187 3685 2530 3742 all‘ectionem
2569 3704 2664 3759 per
2711 3689 2850 3746 ﬁlias
2901 3687 3206 3744 Jerusalem
3245 3689 3332 3742 di-

1754 3779 1896 3834 lecto
1925 3778 2221 3850 signiﬁcat,
2252 3780 2509 3835 nimirum
2545 3781 2691 3852 quod
2724 3782 2898 3837 electo
2925 3782 3020 3837 Dei
3053 3783 3158 3837 telo
3189 3781 3337 3836 intra

1754 3887 1814 3926 se
1847 3878 2068 3941 recepto
2099 3886 2197 3941 per
2226 3871 2347 3926 ﬁdei
2373 3873 2678 3942 cuspidem,
2723 3874 3011 3930 vulnerata
3043 3876 3212 3931 corde
3240 3876 3333 3940 sit,

1750 3963 2087 4033 jaculatione
2117 3965 2424 4021 dilectionis
2456 3965 2511 4020 in
2550 3967 2700 4022 letali
2741 3967 2864 4022 Ioco
2911 3976 3156 4040 accepta.
3195 3969 3336 4026 Deus

1744 4076 1906 4130 quem
1952 4064 2110 4119 decet
2153 4063 2326 4134 gloria
2368 4071 2424 4118 et
2466 4063 2755 4132 imperium
2799 4061 3032 4120 inﬁnitis
3094 4063 3333 4120 sarculis.

2301 4240 2590 4295 HOMILIA
2627 4239 2767 4294 XIII.

1815 4337 1948 4392 CAP.
1975 4352 2030 4402 v,
2056 4335 2162 4406 3'8.
2194 4333 2556 4404 Jurejurando
2595 4335 2824 4387 astrinxi
2865 4351 2974 4395 vos.
3003 4335 3134 4404 ﬁlia:
3175 4335 3334 4391 Jeru-

1747 4431 1937 4493 salem,
1972 4430 2027 4483 in
2048 4429 2392 4499 potestatibus
2425 4444 2486 4479 ac
2513 4427 2710 4480 viribus
2744 4429 2861 4497 agri
2893 4443 2912 4480 :
2955 4428 3002 4480 si
3035 4430 3338 4485 inveneritis

1747 4532 2027 4594 cognatum
2055 4537 2248 4589 meum,
2281 4520 2407 4590 quid
2463 4520 2834 4574 renuntiabitis
2868 4521 2958 4575 ei?
2981 4521 3119 4589 quod
3147 4539 3181 4575 a
3205 4523 3340 4578 dile-

1749 4617 1918 4669 ctione
1940 4614 2216 4667 vulnerata
2244 4613 2345 4666 sim
2371 4629 2480 4682 ego.
2506 4612 2560 4665 9.
2581 4611 2722 4676 Quid
2738 4611 2917 4680 di/fert
2939 4622 3192 4682 cognatus
3217 4623 3335 4667 tuus

1756 4715 2048 4776 acognato,
2081 4721 2111 4758 ο
2152 4706 2388 4773 formosa
2425 4706 2560 4756 inter
2599 4704 2888 4758 mulieres?
2911 4703 3050 4773 quid
3079 4717 3334 4776 cognatus

1753 4810 1873 4854 tuus
1898 4817 1932 4854 a
1954 4808 2177 4868 cognato
2197 4798 2397 4869 diﬂ'ert,
2411 4797 2549 4867 quod
2565 4797 2640 4851 ita
2652 4796 3009 4866 jurejurando
3030 4815 3125 4852 nos
3145 4801 3340 4853 astrin-

1752 4893 1938 4946 xeris?
1964 4892 2045 4946 IO.
2073 4890 2341 4960 Cognatas
2361 4905 2504 4942 meus
2525 4897 2601 4942 est
2621 4888 2879 4942 candidus
2901 4905 2964 4942 ac
2987 4889 3331 4954 rubicundus,

1753 4987 1949 5039 electus
1983 4998 2048 5039 ex
2069 4983 2244 5039 decem
2265 4981 2524 5035 millibus.
2548 4981 2638 5035 11.
2660 4979 2831 5049 Caput
2858 4981 2993 5049 ejus,
3028 4997 3220 5036 aurum
3238 4979 3336 5035 σε.

1752 5077 1892 5147 pltaz
1923 5092 1942 5128 :
1972 5075 2202 5128 cincinni
2238 5073 2352 5142 ejus
2379 5073 2580 5126 abietes
2609 5113 2623 5136 ,
2667 5073 2808 5142 nigri
2843 5083 3095 5144 tanquam
3125 5089 3333 5129 corvus.

1755 5167 1842 5220 1‘2.
1873 5165 2036 5221 Oculi
2077 5165 2193 5234 ejus
2220 5165 2360 5217 sicut
2403 5161 2680 5228 columbae,
2728 5162 2796 5214 ad
2831 5178 3092 5232 aquarum
3132 5164 3333 5234 copias,

1754 5257 1952 5311 abluta:
1978 5257 2134 5322 lacte,
2172 5255 2407 5310 sedentes
2431 5255 2592 5324 juxta
2625 5255 2807 5324 copias
2845 5270 3128 5322 aquarum.

1826 5347 1878 5401 Is
1924 5347 2019 5416 qui
2056 5361 2154 5416 per
2194 5346 2399 5401 Mosen:
2440 5345 2657 5414 quidem
2699 5346 2832 5415 legis
2873 5345 3024 5398 initia
3060 5344 3294 5399 sancivit
3319 5385 3335 5406 ,

1757 5454 1856 5509 per
1882 5453 1943 5494 se
1976 5455 2107 5493 vero
2129 5439 2375 5509 implevit
2404 5439 2716 5494 universam
2742 5441 2912 5508 legem
2938 5445 2992 5491 ct
3016 5438 3332 5507 prophetas.

1757 5531 2217 5602 quemadmodum
2249 5532 2324 5583 ait
2357 5532 2412 5585 in
2442 5531 2736 5599 Evangelio
2771 5550 2783 5585 :
2820 5529 2944 5584 Non
2981 5530 3095 5584 veni
3122 5529 3190 5582 ad
3223 5528 3337 5583 dis-

1759 5621 2062 5678 solvendam
2097 5622 2285 5692 legem,
2316 5622 2406 5679 sed
2433 5623 2751 5692 implendam
2773 5623 2819 5654 ⁸³
2854 5623 2981 5691 :qui
3015 5622 3092 5676 ira
3121 5621 3336 5676 subiata
