3850 6224
145 259 310 316 1041
1168 261 1233 315 ΙΝ
1262 261 1563 317 CANTICA
1610 261 1751 316 CAN

1858 301 1880 317 η.
1913 263 2195 318 HOMILIA
2228 263 2361 317 XIII.
3291 265 3430 322 10ίέ

135 377 192 427 ό
223 373 422 442 λόγος
443 372 532 436 τὸ,
563 373 694 437 Ναί,
725 375 852 426 ναί·
887 373 983 429 καί
1016 373 1106 437 τὸ,
1135 375 1238 440 Οὐ,
1269 377 1362 430 οὐ.
1398 377 1462 429 Et
1494 375 1672 431 τοίνυν
1701 378 1751 430 ἐν

1861 377 2038 433 solum
2069 392 2200 432 vero
2224 377 2547 432 conceditur
2572 375 2947 445 usurpandum
2975 374 3175 441 Etiam,
3199 386 3257 433 et
3289 378 3436 443 Non,

135 470 288 530 ’τοῖς
323 467 531 538 όρκίοις
562 467 797 536 νοήμασι
825 465 1093 520 κωλύεται
1129 465 1228 536 μὲν
1261 469 1292 520 6
1325 466 1511 539 θρόνος
1532 470 1626 523 τοῦ
1662 469 1751 540 βα-

1863 468 1920 522 in
1970 481 2203 537 quorum
2267 473 2501 536 utroque
2550 465 2752 518 veritas
2808 479 2872 518 ex
2908 479 3063 535 aequo
3117 480 3216 536 per
3251 464 3435 521 Etiam

143 557 370 620 σιλέως
398 558 922 628 παραλαμϐάνεσθαι
948 573 962 586 ⁸
1007 559 1274 614 κωλύεται
1307 561 1363 614 δὲ
1392 561 1486 614 καὶ
1523 563 1557 632 ή
1584 561 1751 627 πόλις¹

1861 559 2271 628 conspiciatur:
2308 555 2660 613 manifestum
2688 566 2773 613 est
2807 557 2897 612 hic
2931 572 3152 628 quoque
3181 557 3428 612 delatum

141 649 223 700 ἐν
273 642 400 719 ᾗτά
435 648 678 717 βασίλεια
698 665 711 679 ·
745 651 1011 703 κωλύεται
1046 651 1102 705 δὲ
1129 651 1391 716 ὡσαύτως
1423 653 1519 707 καὶ
1563 654 1596 724 ὴ
1628 653 1751 725 ἀλη-

1862 667 1894 705 a
1951 667 2156 723 sponsa
2197 651 2513 721 juvenculis
2559 651 2949 722 jusjurandum
3003 651 3058 704 in
3113 639 3434 706 alIirmando

147 738 295 809 θινὴ
329 739 540 810 κεφαλὴ
570 739 698 811 περὶ
744 740 842 810 τὴν
873 740 967 794 τοῦ
998 743 1164 812 ὅρκου
1213 743 1562 814 παράληψινο
1601 745 1751 815 μόνον

1862 745 2108 809 versari,
2156 742 2248 795 ubi
2307 741 2624 796 conﬁrmari
2682 757 2970 797 assensum
3025 741 3195 796 animi
3251 745 3430 797 nostri

147 828 218 882 δὲ
256 830 322 883 τὸ
353 831 482 895 Ναὶ,
513 833 608 885 καὶ
631 833 692 884 τὸ
715 834 812 895 Ού,
851 833 1266 905 συγκεχώρηται
1290 875 1305 899 ,
1336 836 1400 888 δι’
1432 836 1751 908 ἀμφοτέρων

1865 842 2098 903 oportet.
2140 832 2317 889 Verba
2360 843 2489 889 sunt
2531 833 2846 903 hujusmodi
2885 851 2899 888 :
2936 831 3299 902 Jurejurando
3344 852 3433 888 aa-

150 924 317 978 κατά
347 925 411 977 τὸ
445 925 559 978 ῐσον
586 927 687 994 τῆς
709 923 963 993 ἀληθείας
995 925 1051 978 ἐν
1088 924 1167 994 τῷ
1188 924 1292 978 Ναὶ
1339 925 1716 996 θεωρουμένης
1739 943 1751 956 ·

1865 926 2028 978 ινὶηωὶ
2056 942 2143 978 vos
2163 965 2178 988 ,
2215 925 2346 994 lilia:
2373 923 2676 978 Jerusalem
2695 963 2710 987 ,
2751 925 2809 978 iu
2837 926 3186 992 potestatibus
3218 942 3281 980 ac
3303 927 3433 980 ciri-

148 1016 334 1087 δῆλον
353 1018 420 1071 ἂν
445 1017 554 1088 εῐη,
585 1017 666 1070 ὅτι
697 1016 792 1070 καὶ
823 1016 916 1069 νῦν
945 1019 974 1070 6
1002 1020 1124 1081 ταῖς
1155 1018 1388 1072 νεάνισιν
1419 1018 1751 1088 ἐπαγόμενος

1865 1016 1959 1071 bus
1993 1018 2108 1087 agri
2139 1033 2156 1070 :
2193 1018 2240 1071 si
2283 1017 2583 1070 inveneritis
2615 1025 2890 1085 cognatum
2929 1033 3132 1083 meum,
3182 1016 3308 1088 quid
3348 1033 3433 1072 re-

144 1108 335 1179 ὅρκος
360 1109 512 1180 παρά
538 1111 637 1180 τῆς
660 1108 875 1179 νύμφης
898 1149 914 1174 ,
959 1111 1088 1182 περὶ
1120 1110 1218 1180 τὴν
1262 1109 1355 1164 τοῦ
1389 1110 1495 1163 Ναὶ
1520 1109 1751 1164 διάνοιαν

1861 1109 2176 1164 nuntiabitis
2207 1110 2295 1163 ei?
2319 1112 2454 1179 quod
2479 1125 2511 1162 a
2529 1107 2806 1162 dilectione
2824 1108 3096 1162 vulnerata
3125 1112 3223 1162 sint
3247 1127 3359 1180 ego.

149 1202 584 1274 ἁναγράφεται,
617 1203 751 1256 ὅπου
803 1201 909 1272 χρὴ
942 1203 1340 1274 ἐρηρεισμένην
1394 1205 1426 1275 ή
1438 1203 1552 1274 μῶν
1609 1203 1748 1257 εἶναι
1825 1203 1922 1274 τὴν
1945 1202 2045 1271 τῆς
2074 1202 2252 1272 ψυχῆς
2320 1200 2736 1270 συγκατάθεσιν.
2770 1201 2922 1271 Ἔχει
2943 1202 3000 1254 δὲ
3021 1205 3053 1272 ἡ
3075 1202 3218 1266 λέξις
3239 1202 3428 1263 οὕτως·

148 1297 430 1365 Ὠρκισα
461 1294 649 1365 ὑμᾶς,
685 1294 1005 1365 θυγατέρες
1042 1295 1431 1365 Ἰερουσαλὴμ
1459 1336 1474 1361 ,
1525 1296 1594 1349 ἐν
1624 1295 1755 1360 ταῖς
1792 1293 2085 1360 δυνάμεσι
2152 1294 2248 1347 καὶ
2319 1295 2607 1363 ὶσχύσεσι
2657 1293 2766 1350 τοῦ
2815 1294 3031 1363 ἁγροῦο
3085 1294 3193 1346 ἐὰν
3221 1293 3434 1362 εὕρητε

148 1388 282 1442 τόν
309 1387 637 1457 ἀδελφεῶν
677 1405 798 1457 μου
824 1427 840 1452 ,
895 1390 953 1442 τι
984 1389 1374 1459 ἀπαγγελεῖτε
1422 1389 1618 1454 aurci);
1666 1388 1757 1442 ὅτι
1793 1388 2124 1458 τετρωμένη
2152 1387 2393 1457 ἀγάπης
2420 1388 2552 1456 ἐγώ.

241 1481 435 1534 Ταῦτα
471 1481 529 1534 δὲ
554 1481 886 1553 τεθεώρηται
919 1484 1016 1554 μὲν
1045 1484 1148 1556 ἤδη
1176 1486 1264 1538 και
1297 1485 1356 1536 ἐν
1388 1487 1499 1549 τοῖς
1543 1484 1754 1553 φθάσα-

152 1591 262 1628 σιν
284 1613 301 1638 ,
331 1573 407 1638 ὼς
435 1575 469 1644 ή
499 1574 792 1629 ἀκολουθία
829 1574 938 1628 τῶν
967 1577 1252 1646 νοημάτων
1290 1573 1560 1630 ἐνέϐαλεν.
1592 1577 1758 1647 Εἰρή-

1935 1484 2112 1554 Atque
2134 1483 2249 1537 haec
2276 1483 2622 1538 considerata
2653 1490 2781 1538 sunt
2813 1497 2842 1535 a
2867 1482 3028 1536 nobis
3059 1483 3223 1535 etiam
3265 1496 3431 1550 supe-

1864 1572 2004 1635 rius,
2042 1580 2204 1642 prout
2249 1572 2648 1626 sententiarum
2686 1571 2857 1626 series
2891 1570 3050 1624 nobis
3084 1569 3426 1639 suggerebat.

153 1682 332 1718 σεται
361 1665 417 1719 δὲ
441 1667 534 1719 καὶ
562 1665 656 1720 νῦν
683 1665 770 1720 διὰ
797 1665 1044 1737 βραχέων
1071 1667 1139 1719 τὰ
1167 1668 1550 1739 εὑρισκόμενα.
1595 1668 1751 1736 Ἀμε-

1861 1665 2229 1720 Nihilominus
2257 1666 2421 1719 etiam
2467 1664 2630 1719 modo
2653 1705 2668 1730 ,
2708 1661 2856 1734 quod
2907 1661 3219 1717 invenimus
3241 1702 3254 1723 ,
3289 1661 3431 1714 indi-

151 1755 401 1809 τάθετόν
423 1773 480 1808 τι
515 1757 747 1827 πρᾶγμα
774 1757 864 1810 τὸν
892 1758 1053 1827 ὅρκον
1076 1753 1214 1810 εἷναί
1249 1774 1414 1826 φησιν
1439 1757 1468 1807 ὁ
1501 1757 1758 1811 Ἀπόστο-

153 1845 264 1910 λος
282 1887 299 1913 ,
346 1846 668 1917 βεϐαιοῦντα
701 1847 765 1901 δι’
795 1847 962 1901 αὐτοῦ
1011 1848 1109 1918 τὴν
1138 1848 1426 1919 ἀλήθειαν,
1456 1848 1551 1901 καὶ
1576 1847 1756 1918 πάσης

154 1938 340 1992 αὐτὸν
376 1939 684 2007 ἀντιλογίας
719 1939 893 2008 πέρας
920 1940 1160 2010 ὁρίζεται
1203 1940 1380 2005 είναι,
1403 1945 1486 2004 εἰς
1525 1944 1622 2010 τήν
1648 1939 1755 1993 τῶν

155 2031 537 2103 ἐγνωσμένων
559 2031 868 2103 βεϐαίωσιν.
905 2035 1130 2102 Ἐπάγει
1170 2036 1350 2089 τοίνυν
1376 2034 1467 2089 τὸν
1493 2035 1756 2108 ὀρκισμὺν

154 2125 296 2186 ταῖς
328 2123 616 2194 παρθένοις
641 2127 674 2194 ἡ
702 2123 762 2177 νύ
773 2141 910 2195 μφη.
937 2124 1078 2178 ὥστε
1102 2127 1457 2198 ἀπαράϐατον
1485 2125 1757 2196 φυλαχθῆ-

156 2231 264 2268 ναι
317 2215 504 2279 αὑταῖς
550 2217 614 2270 τὸ
659 2216 972 2286 λεγόμενον.
1029 2216 1167 2272 Ἀλλ’
1205 2219 1394 2288 ἐπειδὴ
1444 2219 1550 2280 πᾶς
1595 2218 1756 2288 ὅρκος

158 2306 318 2360 κα.τά
350 2305 445 2360 τοῦ
481 2307 725 2376 μείζονος
748 2308 990 2377 γίνεται,
1023 2309 1204 2374 καθώς
1237 2327 1401 2380 φησιν
1425 2311 1454 2363 6
1497 2308 1757 2363 Ἀπόστο-

157 2399 264 2461 λος
291 2413 305 2428 ·
340 2399 401 2451 οὐ
427 2397 537 2469 γὰρ
559 2399 624 2453 ἄν
655 2417 738 2464 τις
769 2401 932 2471 ὅρκον
971 2403 1253 2473 ποιήσαιτο
1283 2404 1479 2457 ἑαυτοῦ
1502 2403 1758 2474 ἀτιμότε-

161 2505 269 2558 ρον
294 2506 308 2518 ·
341 2491 610 2561 σκοπῆσαι
643 2495 907 2562 προσήκει
933 2494 984 2546 τί
1023 2497 1139 2558 ταῖς
1161 2495 1397 2550 νεάνισιν
1430 2497 1490 2548 ὲν
1513 2497 1590 2567 τῲ
1609 2497 1757 2565 ὅρκῳ

162 2577 328 2648 παρά
387 2579 486 2649 τῆς
538 2579 753 2651 νύμφης
826 2581 1011 2652 μεῖζον
1075 2584 1434 2652 προτείνεται.
1503 2586 1754 2652 "Optuma

159 2669 362 2738 ὑμᾶς,
391 2671 554 2742 φησὶν
577 2711 592 2732 ,
624 2667 672 2726 ὦ
707 2672 1026 2742 θυγατέρες
1063 2675 1453 2745 Ἰερουσαλὴμ
1475 2715 1491 2740 ,
1522 2676 1593 2729 ἐν
1628 2677 1757 2744 ταῖς

160 2759 472 2829 δυνάμεσι
502 2761 601 2815 καί
627 2764 912 2832 ἱσχύσεσι
939 2766 1046 2820 τοῦ
1074 2766 1278 2835 ἀγροῦ.
1316 2766 1382 2819 Τί
1406 2761 1502 2821 οὖν
1527 2766 1588 2820 τδ
1619 2767 1757 2838 ὑπὲρ

162 2853 326 2922 ἡμᾶς
368 2853 425 2904 ὲν
452 2853 660 2918 τούτοις
683 2855 862 2922 ὲστίν;
911 2856 1106 2928 Ἀγρὸν
1151 2857 1261 2928 γάρ
1293 2858 1384 2911 τὸν
1435 2861 1639 2929 κόσμον
1670 2859 1758 2912 διά

159 2942 274 3009 τῆς
299 2943 566 3012 τροπικῆς
594 2945 869 3014 σημασίας
902 2946 1136 3000 νοεῖσθαι
1162 2989 1177 3013 ,
1203 2949 1302 3002 οὐκ
1322 2949 1752 3020 ἀμφιϐάλλομεν,

161 3029 320 3084 οὕτω
369 3031 463 3086 τοῦ
512 3034 718 3104 Κυρίου
754 3036 848 3090 καὶ
882 3039 1247 3108 ὀνομάσαντος
1295 3017 1388 3094 τὸν
1418 3017 1648 3112 κόσμον
1668 3045 1760 3095 καὶ
1784 3017 1827 3074 C

164 3121 629 3191 ὲρμηνεύσαντος.
663 3125 730 3178 Αἱ
764 3123 943 3179 τοίνυν
961 3125 1151 3179 πολλαὶ
1171 3125 1427 3197 δυνάμεις
1452 3127 1544 3180 καλ⁸
1577 3127 1758 3198 ἰσχύες

164 3208 269 3261 τοῦ
298 3209 508 3277 κόσμου
531 3210 678 3274 τίνες
715 3213 853 3266 εἰσιν
890 3214 944 3265 αί
973 3212 1050 3284 τῷ
1092 3215 1243 3286 ὅρκῳ
1273 3216 1627 3286 προκείμεναι
1647 3257 1662 3282 ,
1691 3216 1759 3281 ἂς

164 3301 280 3371 χρὴ
319 3301 570 3370 μείζονας
595 3303 752 3374 ἡμῶν
779 3303 1119 3375 νομισθῆναι,
1152 3305 1240 3358 ἵνα
1273 3307 1429 3377 ἰσχὺν
1454 3305 1590 3378 λάϐῃ
1621 3307 1754 3378 πρὸς

167 3389 468 3459 βεϐαίωσιν
507 3395 609 3462 τῆς
644 3392 902 3462 ἀληθείας
929 3395 959 3446 6
998 3395 1158 3462 ὅρκος
1182 3396 1323 3449 κατά
1354 3396 1462 3450 τῶν
1498 3397 1757 3466 μειζόνων

165 3480 499 3552 γενόμενος
543 3483 750 3537 Οὐκοῦν
807 3484 1103 3552 ἀναγκαῖον
1160 3487 1226 3540 ἂν
1278 3488 1362 3557 είή
1418 3487 1756 3560 παραθέσθαι

169 3572 314 3642 πρὸς
337 3573 436 3642 τὴν
464 3575 763 3644 σαφήνειαν
792 3575 899 3628 τῶν
925 3577 1301 3647 προκειμένων
1330 3579 1520 3648 έτέραν
1547 3578 1756 3632 ἔκδοσιν

167 3665 577 3736 ἑρμηνευτικὴν
608 3668 716 3720 τῶν
746 3668 923 3739 ῥητῶν
949 3708 963 3731 ,
999 3669 1228 3739 ἔχουσαν
1269 3669 1437 3734 οὕτως
1460 3688 1472 3700 ·
1508 3671 1757 3739 Ὣρκισα

167 3755 679 3828 ὐμᾶς,θυγατέρες
703 3761 1117 3830 Ἰερουσαλὴμ,
1145 3763 1296 3816 κατὰ
1323 3763 1440 3816 τῶν
1450 3763 1757 3832 δορκάδων

170 3849 273 3906 καὶ
290 3851 438 3904 κατὰ
449 3849 568 3905 τῶν
590 3851 832 3921 ἐλάφων
845 3852 955 3907 τοῦ
969 3854 1175 3923 ἀγροῦ.
1193 3855 1563 3924 Διδασκὸμεθα
1579 3858 1756 3910 τοίνυν

167 3942 262 3995 διὰ
295 3943 402 3996 τῶν
431 3945 709 4015 ὀνομάτων
737 3947 940 4000 τούτων
965 3949 1022 4001 ὲν
1045 3948 1150 4000 τίνι
1185 3951 1330 4002 ἐστὶν
1359 3953 1391 4017 ή
1427 3950 1519 4002 τοῦ
1549 3951 1753 4022 κόσμου

169 4033 365 4089 τούτου
394 4036 579 4106 ίσχὺς,
603 4039 696 4092 καὶ
717 4041 774 4090 ὲν
803 4039 910 4092 τίνι
937 4042 969 4110 η
1007 4040 1262 4110 δύναμις,
1291 4042 1326 4095 ἃ.
1356 4042 1489 4112 πρὸς
1529 4043 1756 4112 βεϐαίω-

173 4143 262 4181 σιν
288 4128 387 4198 τῆς
413 4128 669 4197 ἀληθείας
693 4130 780 4184 διά
803 4131 900 4184 τοῦ
926 4133 1088 4202 ὅρκου
1120 4134 1624 4204 παραλαμϐάνεται.
1650 4135 1754 4188 Δύο

170 4215 294 4268 ἐστὶ
323 4216 392 4270 τὰ
428 4217 507 4287 τῷ
534 4217 651 4289 Θεῷ
679 4219 979 4272 οίκειοῦντα
1008 4221 1098 4273 τὸν
1127 4222 1433 4292 ἄνθρωπον.
1481 4224 1576 4277 Ἓν
1631 4225 1750 4295 μὲν,

168 4307 235 4360 τὸ
263 4307 502 4371 ἀπλανὲς
532 4310 630 4380 τῆς
663 4310 788 4381 περὶ
816 4311 877 4364 τὸ
907 4311 1074 4376 ὅντως
1115 4312 1178 4366 ὃν
1218 4313 1538 4384 ὑπολήψεως
1562 4356 1576 4380 ,
1609 4316 1749 4370 ὥστε

175 4397 253 4466 μὴ
305 4399 424 4461 ταῖς
457 4399 836 4469 ὴπατημέναις
870 4400 1143 4462 ὑπονοίαις
1189 4404 1268 4465 εἰς
1300 4403 1518 4468 ὲθνικάς
1547 4423 1606 4458 τε
1654 4409 1749 4460 καὶ

170 4489 455 4559 αίρετικάς
500 4492 627 4563 περὶ
672 4492 764 4544 τοῦ
805 4492 962 4548 Θείου
1019 4493 1174 4558 δόξας
1216 4496 1540 4567 ἐκφέρεσθαι
1567 4539 1579 4557 .
1613 4500 1749 4570 ὅπερ

171 4578 322 4632 ἐστὶν
346 4578 422 4643 ὼς
444 4578 658 4650 ἀληθῶς
682 4581 741 4633 τὸ
769 4583 900 4635 Ναί.
932 4583 1003 4634 Τὸ
1034 4583 1078 4635 δ’
1101 4585 1307 4656 ἕτερον,
1342 4589 1370 4640 ὁ
1404 4588 1638 4660 καθαρὸς
1664 4589 1751 4642 λο-

173 4669 404 4740 γισμὸς,
435 4672 465 4724 6
491 4673 669 4724 πᾶσαν
697 4671 920 4741 ἐμπαθῆ
949 4673 1188 4728 διάθεσιν
1225 4676 1326 4744 τῆς
1371 4678 1546 4749 ψυχῆς
1576 4679 1748 4750 ἐξορί-

174 4758 284 4820 ζων
304 4773 319 4789 ⁸
345 4757 482 4831 ὅπερ
508 4758 615 4811 οὐδ’
638 4759 745 4811 ἀπὸ
774 4759 868 4811 τού
897 4760 1010 4814 Ναὶ
1035 4761 1408 4832 ἠλλοτρίωται.
1433 4767 1542 4836 Τῆς
1573 4768 1748 4821 τοίνυν

170 4845 362 4917 διπλῆς
383 4847 586 4920 ταύτης
608 4849 716 4901 τῶν
744 4849 963 4918 ἀγαθῶν
993 4850 1159 4917 ἕξεως
1183 4892 1197 4916 ,
1228 4847 1301 4905 ὧν
1327 4855 1360 4925 η
1390 4855 1489 4922 μὲν
1523 4857 1657 4927 πρὸς
1685 4857 1749 4910 τὸ

172 4939 341 5000 ὅντως
365 4937 424 4990 ὃν
451 4939 774 4993 ἀναϐλέπειν
804 4943 983 4993 ποιεῖ’
1023 4943 1056 5012 ἡ
1081 4942 1138 4995 δὲ
1163 4945 1450 5012 φυγαδεύει
1488 4947 1558 4999 τά
1597 4949 1742 5020 πάθη

174 5029 243 5082 τά
267 5028 362 5098 τὴν
390 5029 564 5100 ψυχὴν
592 5031 961 5102 λυμαινόμενα
980 5050 994 5065 ·
1024 5036 1056 5104 ή
1089 5033 1197 5087 τῶν
1219 5036 1493 5106 δορκάδων
1523 5037 1614 5091 καὶ
1639 5041 1747 5094 τῶν

173 5119 384 5188 ἐλάφων
419 5122 605 5191 μνήμη
634 5162 648 5182 ,
690 5121 779 5174 διὰ
814 5122 1096 5192 συμϐόλων
1139 5125 1390 5194 γνωρίζει
1441 5126 1536 5197 τὴν
1588 5127 1746 5180 δύνα-

177 5227 287 5281 μιν.
312 5209 529 5263 Τούτων
560 5211 669 5282 γάρ
693 5213 726 5282 ἡ
767 5212 863 5282 μὲν
895 5213 1147 5276 ἀπλανῶς
1174 5217 1294 5286 ὁρᾷ,
1329 5218 1361 5286 ἡ
1389 5216 1444 5268 δὲ
1471 5217 1744 5290 βρωτικήν

171 5320 291 5355 τινα
310 5304 406 5356 καὶ
435 5303 773 5376 ἀναλωτικὴν
800 5305 906 5358 τῶν
940 5306 1142 5378 θηρίων
1166 5307 1394 5379 δύναμιν
1420 5309 1553 5380 ἔχει.
1577 5312 1746 5365 Τοῦτο

171 5394 348 5446 τοίνυν
380 5395 651 5464 προτείνει
676 5398 795 5460 ταῖς
830 5397 1120 5466 παρθένοις
1148 5399 1180 5468 ἡ
1216 5398 1400 5469 νύμφη
1429 5402 1490 5453 τὸ
1517 5403 1625 5456 Ναὶ
1644 5443 1658 5466 ,
1685 5403 1744 5456 τό

170 5501 230 5537 τι
259 5483 495 5548 εὐσεϐῶς
520 5485 629 5539 δεῖν
652 5490 787 5556 πρὸς
808 5489 868 5542 τὸ
893 5490 1044 5543 Θεῖον
1082 5491 1324 5561 βλέπειν,
1358 5494 1452 5547 καὶ
1488 5495 1744 5567 καθαρῶς

275 5663 321 5696 ⁸⁸
363 5663 523 5724 Hebr.
552 5683 630 5730 Vl,
660 5666 743 5725 I6.
815 5668 858 5699 ⁸⁷
881 5667 1077 5723 Matth.
1114 5683 1232 5734 χιιι,
1267 5670 1354 5724 58.

1859 1771 1988 1812 care
2020 1756 2257 1811 breviter
2278 1756 2429 1810 libet.
2460 1755 2550 1808 Ait
2576 1756 2873 1826 Apostolus
2901 1753 3289 1824 jusjurandum
3307 1768 3431 1807 esse

1857 1849 2116 1919 quiddam
2171 1846 2318 1917 quod
2364 1848 2559 1901 mutari
2613 1855 2882 1916 nequeat,
2917 1845 3181 1915 quodque
3219 1858 3315 1912 per
3371 1859 3432 1898 se

1859 1939 2139 1993 veritatem
2169 1939 2498 2004 conlirmet,
2542 1947 2596 1992 et
2630 1937 2811 1992 omnis
2853 1935 2986 1990 adeo
3033 1937 3430 1990 controversia:

1859 2031 1981 2087 ﬁnis
1999 2031 2090 2091 sit,
2119 2030 2184 2085 ad
2208 2029 2640 2086 conﬁrmandum
2665 2045 2727 2084 ea
2771 2044 2893 2098 quae
2909 2029 3330 2100 cognoverimus
3352 2028 3424 2079 “.

1857 2122 2224 2189 Quamobrem
2268 2135 2469 2192 sponsa
2519 2119 2907 2190 jusjurandum
2963 2120 3271 2190 virginibus
3325 2117 3420 2170 de-

1858 2214 1982 2278 fert,
2017 2223 2074 2267 ut
2102 2213 2365 2284 quidquid
2387 2212 2614 2267 dictura:
2637 2213 2767 2274 sint,
2795 2220 2970 2266 ratum
3003 2212 3159 2280 plene
3181 2218 3420 2265 servent.

1857 2306 1994 2373 Quia
2042 2321 2170 2360 vero
2228 2303 2594 2373 juramentum
2647 2313 2808 2358 omne
2853 2316 2950 2370 per
2997 2301 3172 2369 majus
3225 2297 3430 2368 aliquid

1857 2398 2166 2468 concipitur
2187 2436 2200 2459 ,
2231 2395 2688 2465 quemadmodum
2741 2397 2816 2450 ait
2850 2393 3148 2464 Apostolus
3180 2433 3195 2456 ,
3228 2391 3432 2461 quippe

1857 2490 2004 2561 quod
2063 2505 2224 2544 nemo
2274 2505 2369 2558 per
2415 2487 2469 2541 id
2509 2487 2653 2557 quod
2694 2504 2752 2543 se
2801 2488 2962 2541 vilius
3009 2486 3081 2541 sit
3137 2484 3422 2553 jusjuran-

1857 2581 1985 2634 dum
2047 2585 2295 2648 praestet:
2349 2576 2553 2630 idcirco
2599 2576 2757 2631 nobis
2809 2576 2914 2630 erit
2974 2573 3429 2630 considerandum

1857 2671 2114 2740 quidnam
2167 2671 2238 2724 sit
2282 2668 2414 2722 illud
2489 2667 2665 2735 majus
2719 2683 2813 2737 per
2852 2666 2997 2736 quod
3047 2664 3357 2734 juvenculis
3401 2680 3432 2717 a

1859 2779 2058 2834 sponsa
2090 2763 2458 2832 juramentum
2499 2759 2760 2813 defertur.
2799 2756 3190 2825 Jurejurando,
3221 2755 3424 2824 inquit,

1856 2856 2090 2911 astriuxi
2141 2872 2229 2908 vos
2257 2893 2273 2915 ,
2313 2853 2444 2923 filia:
2495 2851 2832 2911 Jerusalem,
2877 2852 2930 2902 in
2963 2847 3316 2917 potestatibus
3361 2865 3425 2902 ac

1861 2947 2063 3003 viribus
2107 2947 2242 3016 agri.
2282 2945 2421 3010 Quid
2473 2943 2529 2996 in
2561 2943 2648 2998 his
2689 2943 3025 3005 continetur,
3078 2939 3225 3008 quod
3264 2955 3433 3009 supra

1861 3055 1963 3094 nos
2000 3039 2239 3108 positum
2289 3032 2577 3089 sit?vNam
2637 3048 2734 3103 per
2786 3046 2976 3100 agrum
3035 3029 3435 3099 signiﬁcatione

1862 3132 2086 3201 ﬁgurata
2110 3127 2374 3182 mundum
2399 3124 2627 3194 intelligi
2662 3139 2769 3178 nou
2803 3125 3142 3186 dubitamus,
3174 3136 3299 3176 cum
3334 3121 3435 3175 hac

1864 3237 1999 3276 voce
2050 3219 2311 3274 Dominus
2363 3225 2417 3272 et
2469 3216 2703 3286 appellet
2732 3224 2785 3270 et
2824 3216 3220 3284 interpretetur
3270 3228 3433 3267 mun-

1859 3317 1989 3372 dum
2021 3316 2088 3366 ⁸⁷.
2123 3313 2382 3380 Quaenam
2426 3322 2555 3368 sunt
2606 3312 2772 3381 igitur
2821 3310 3004 3364 multa:
3051 3317 3348 3377 potestates
3381 3321 3436 3365 et

1859 3410 2006 3462 vires
2035 3406 2222 3460 mundi
2251 3405 2564 3475 juramento
2591 3403 2721 3455 lmic
2747 3402 3027 3465 adhibitae,
3062 3417 3203 3471 quas
3237 3402 3433 3458 existi-

1859 3511 2006 3551 mare
2045 3495 2341 3550 debeamus
2370 3493 2529 3547 nobis
2561 3492 2802 3557 majores
2841 3507 2995 3554 csse,
3033 3498 3093 3544 ut
3144 3492 3434 3560 jusjuran-

1858 3587 1984 3640 dum
2012 3603 2109 3656 per
2135 3586 2373 3654 majores
2419 3600 2580 3654 quam
2628 3600 2727 3637 nos
2766 3584 2940 3638 simus
2994 3592 3317 3652 conceptum
3365 3583 3434 3637 ad

1858 3676 2289 3731 continuandam
2329 3675 2619 3730 veritatem
2656 3674 2824 3727 robur
2853 3675 3130 3744 accipiat?
3161 3673 3430 3742 Equidem

1858 3763 2234 3818 necessarium
2294 3762 2530 3816 arbitror
2592 3769 2649 3814 ut
2705 3761 2772 3814 ad
2833 3762 3265 3816 declarationem
3328 3763 3432 3819 loci

1856 3855 2126 3925 propositi
2163 3855 2324 3908 aliam
2365 3856 2783 3910 conversionem
2813 3853 2928 3908 haec
2958 3853 3122 3909 verba
3163 3854 3433 3924 interpre-

1858 3956 2060 4000 tantem
2109 3959 2467 4014 apponamus,
2511 3960 2632 4014 qua:
2668 3944 2887 4012 quidem
2936 3953 3022 4000 est
3061 3945 3376 4015 hujusmodi
3410 3965 3424 4000 :

1853 4036 2216 4105 Jurejurando
2252 4036 2482 4089 astriuxi
2521 4053 2642 4099 vos,
2673 4035 2803 4104 ﬁlia:
2832 4034 3132 4090 Jerusalem
3158 4077 3174 4101 ,
3216 4054 3309 4106 per
3339 4055 3428 4092 ca-

1854 4145 2005 4198 preas
2047 4138 2096 4182 et
2124 4145 2214 4197 per
2242 4127 2488 4182 [tinnulos
2509 4130 2644 4198 agri.
2684 4128 2784 4182 Per
2808 4146 2929 4197 quae
2966 4130 3227 4184 vocabula
3264 4130 3430 4184 doce-

1857 4236 1981 4275 mur
2022 4221 2078 4274 in
2126 4237 2234 4291 quo
2269 4229 2385 4275 tum
2423 4222 2594 4276 robur
2624 4222 2812 4276 mundi
2850 4221 3036 4291 hujus,
3067 4233 3175 4275 tum
3203 4222 3286 4276 vis
3323 4223 3428 4278 sita

1857 4314 1932 4368 sit
1983 4331 1996 4367 :
2046 4328 2167 4382 qua:
2206 4313 2426 4383 quidem
2463 4311 2530 4366 ad
2575 4313 3046 4368 conﬁrmationem
3086 4313 3334 4370 veritatis
3368 4315 3428 4368 in

1851 4407 2165 4476 juramento
2197 4404 2547 4461 adhibentur.
2580 4403 2708 4458 Duae
2740 4415 2868 4459 sunt
2898 4405 3124 4458 omnino
3175 4419 3264 4460 res
3305 4421 3428 4474 qua:

1857 4500 2133 4554 hominem
2167 4513 2290 4554 cum
2320 4496 2430 4552 Deo
2467 4497 2828 4568 conjungunt.
2879 4496 3078 4551 Earum
3111 4497 3280 4551 altera
3318 4506 3423 4562 est,

1855 4587 2045 4656 Opinio
2079 4601 2191 4640 non
2220 4600 2411 4640 errans
2457 4585 2514 4639 in
2544 4600 2609 4640 eo
2643 4584 2792 4654 quod
2844 4600 3032 4640 revera
3066 4585 3319 4651 exsistit,
3351 4587 3424 4638 ita

1857 4683 1916 4726 ut
1949 4689 2044 4742 per
2085 4672 2448 4742 cogitationes
2495 4687 2758 4728 erroneas
2804 4674 2930 4744 quis
2968 4673 3036 4727 ad
3083 4673 3334 4729 ethnicas
3371 4683 3427 4730 et

1856 4763 2141 4818 haereticas
2175 4764 2242 4819 de
2283 4764 2374 4818 Dei
2411 4770 2610 4818 natura
2645 4765 2950 4818 sententias
2977 4781 3086 4818 non
3121 4765 3419 4820 exorbitet.

1854 4858 2033 4926 Atque
2067 4856 2172 4911 hoc
2202 4872 2393 4911 revera
2421 4866 2508 4910 est
2532 4855 2664 4910 illud
2691 4853 2893 4910 Etiam.
2925 4857 3109 4911 Altera
3139 4864 3225 4912 est
3257 4858 3426 4912 ratio-

1853 4947 2063 5002 cinatio
2089 4963 2223 5016 pura
2245 4989 2259 5013 ,
2298 4963 2419 5018 qua:
2447 4961 2662 5002 omnem
2695 4946 2948 5002 vitiosam
2983 4947 3149 5001 animi
3181 4945 3425 5001 alfectio-

1853 5054 1976 5094 nem
2016 5040 2163 5093 velut
2207 5039 2448 5093 eliminat
2485 5057 2497 5091 :
2533 5037 2678 5108 quod
2716 5038 2894 5107 ipsum
2933 5053 3152 5108 quoque
3203 5038 3271 5090 ab
3322 5038 3424 5091 hoc

1856 5128 2040 5183 Etiam
2086 5145 2195 5184 non
2247 5138 2332 5183 est
2376 5141 2710 5198 separatum.
2751 5128 2942 5200 Itaque
2974 5127 3214 5197 duplicis
3257 5127 3424 5196 hujus

1857 5222 2123 5275 bonorum
2174 5221 2393 5274 habitus
2445 5231 2716 5290 (quorum
2748 5221 2886 5274 alter
2923 5217 3054 5272 facit
3089 5227 3148 5272 ut
3181 5218 3234 5271 id
3274 5219 3422 5287 quod

1854 5331 1981 5368 vere
2008 5315 2221 5368 exsistit
2251 5313 2586 5376 intueamur,
2627 5312 2765 5366 alter
2810 5311 2979 5382 abigit
3009 5310 3175 5363 animi
3202 5310 3422 5364 morbos

1853 5415 1908 5460 et
1938 5407 2087 5470 vitia,
2129 5406 2328 5476 quibus
2357 5405 2448 5460 ille
2485 5403 2890 5474 corrumpitur)
2923 5404 3030 5455 vim
3064 5400 3221 5456 nobis
3264 5401 3420 5471 quasi

1853 5513 1948 5568 per
1969 5497 2214 5569 quaedam
2231 5497 2385 5569 signa
2398 5511 2720 5568 caprearum
2752 5503 2806 5552 et
2836 5493 3189 5549 hinnulorum
3215 5492 3421 5547 nientio
