3850 6224
479 266 609 324 1015
1716 260 1774 316 S.
1800 257 2073 315 GREGOR

2193 257 2462 316 iYSSENl
3627 252 3658 306 1
3674 251 3783 306 οη

475 382 742 437 declarat.
772 375 910 434 Nam
951 393 1016 433 ex
1043 375 1132 432 his
1162 376 1336 433 altera
1370 377 1491 434 sine
1524 391 1711 433 errore
1740 380 1942 441 cernit,
1975 377 2048 431 al-

2193 395 2208 429 θ
2228 376 2465 446 ἀπαθείᾳ
2485 372 2849 445 παρατρέχειν
2871 371 2962 425 τὸν
2990 370 3102 442 βίον
3121 386 3135 430 ὲ
3156 363 3233 424 ὧν
3254 367 3777 442 κατορθουμένων,

471 480 562 528 ter
587 473 694 526 vim
725 471 1046 525 comedendi
1077 479 1133 525 et
1162 470 1488 526 absumendi
1521 477 1818 525 venenatas
1841 469 2048 524 bestias

2193 467 2570 539 δάμετάθετον
2603 467 2834 536 πρᾶγμα
2866 468 2923 517 ὲν
2965 465 3094 534 ἡμῖν
3129 461 3441 532 βεϐαιοῦται
3509 461 3586 514 τὸ
3626 460 3776 514 Ναί.

475 563 656 615 habet.
697 560 810 614 Hoc
852 561 1014 631 igitur
1056 559 1238 614 Etiam
1283 574 1483 630 sponsa
1518 559 1820 630 virginibus
1856 574 2050 629 propo-

2193 554 2320 621 νῦτος
2349 559 2457 627 γάρ
2487 558 2633 609 ἐστιν
2664 557 2694 608 6
2738 555 2840 625 τὴν
2871 554 3125 625 ἀληθειαν
3150 553 3522 622 πιστούμενος
3555 553 3777 622 ὅρκος.

475 651 579 709 nit.
615 651 870 703 nimirum
916 651 1166 718 religiose
1192 649 1401 704 Numen
1433 649 1681 704 divinum
1726 648 2047 702 intuendum

2193 669 2210 700 ν
2238 649 2346 711 πᾶς
2376 647 2590 717 ὀμνύων
2619 648 2678 698 ἐν
2706 644 2856 714 αὐτῷ
2899 643 3240 709 ἐπαινεῖται,
3275 643 3464 706 καθὼς
3508 659 3715 712 φησιν
3759 645 3784 690 ἐ

487 755 646 803 csse,
681 753 744 793 ac
790 754 922 809 pure
952 741 1119 792 vitam
1161 740 1304 792 hanc
1341 742 1459 794 sine
1495 740 1644 795 vitiis
1673 741 1831 809 quasi
1870 748 2052 792 trans-

2193 742 2469 811 [ροφήτης.
2511 739 2748 810 Ἀληθῶς
2779 739 2888 809 γάρ
2942 738 2970 789 6
3018 740 3074 790 ἐν
3115 739 3226 800 τοῖς
3273 737 3366 789 δύο
3413 736 3663 798 τούτοις
3725 736 3789 785 τί,

453 831 805 886 currendam
841 850 852 884 :
891 847 1012 902 quae
1033 832 1077 887 si
1109 840 1457 901 praestentur,
1493 832 1771 886 stabilitur
1805 833 1857 884 in
1892 831 2050 884 nobis

2198 833 2398 900 σφαλές
2436 833 2493 885 ἐν
2527 831 2704 901 ἐαυτῷ
2744 829 3094 900 κατορθώσας
3117 867 3132 888 ,
3176 828 3231 880 ἕν
3258 845 3317 880 τε
3338 826 3415 897 τῷ
3459 827 3628 896 λόγῳ
3679 827 3791 890 τῆς

485 927 616 980 illud
652 926 829 980 Etiam
852 965 867 988 ,
903 927 1048 996 quod
1084 928 1284 981 mutari
1331 929 1539 996 nequit.
1579 927 1712 980 Nam
1756 937 1838 980 est
1866 927 2052 996 jusju-

2193 925 2429 988 τίστεως,
2458 926 2585 978 ὅταν
2628 921 2883 985 ἀπλανῶς
2927 922 3064 992 πρὸς
3105 920 3202 991 τὴν
3242 921 3504 990 ἀλήθειαν

481 1018 710 1072 randum
743 1018 897 1084 illud,
930 1019 1075 1088 quod
1101 1020 1314 1073 veritati
1357 1019 1512 1074 ﬁdem
1544 1021 1762 1082 astruit,
1797 1029 1851 1073 et
1881 1019 2049 1088 quod,

2197 1017 2252 1070 αἰ
2283 1017 2340 1068 ἐν
2364 1014 2443 1085 τῷ
2472 1015 2658 1085 τρόπῳ
2696 1013 2787 1082 τῆς
2823 1011 2966 1081 ζωῆς
2994 1051 3008 1073 ,
3038 1012 3167 1064 ὅταν
3203 1012 3404 1072 παντὸς
3456 1009 3797 1080 καθαρεὺῃ

479 1112 524 1162 si
561 1112 686 1181 quis
717 1113 771 1165 in
794 1126 860 1166 eo
896 1120 1137 1180 prastet,
1169 1111 1444 1174 laudatur,
1485 1113 1942 1182 quemadmodum
1975 1113 2052 1166 ait

2193 1108 2250 1162 οὗ
2281 1110 2345 1161 ἐκ
2371 1106 2634 1178 πονηρίας
2669 1105 3043 1176 μολύσματος·
3092 1097 3248 1165 οὗτος
3278 1102 3474 1172 ὀμνύει
3511 1102 3598 1172 τῷ
3653 1102 3794 1152 Κυ-

481 1202 768 1273 PrOpheta.
797 1199 938 1256 Vere
965 1203 1110 1256 enim
1151 1202 1198 1258 is
1238 1204 1332 1272 qui
1379 1204 1433 1257 in
1463 1204 1677 1258 duobus
1709 1204 1858 1258 hisce
1887 1204 2055 1258 certi-

2193 1205 2284 1274 iq),
2313 1201 2388 1273 μὴ
2419 1201 2686 1269 ἀναϐῆναι
2719 1199 2812 1251 ἐπὶ
2852 1197 3039 1266 κλίνης
3072 1197 3358 1268 στρωμνῆς
3384 1235 3398 1257 ,
3449 1195 3530 1266 μὴ
3561 1195 3794 1248 δοῦναι

483 1291 724 1345 tudinem
757 1293 860 1347 sibi
892 1302 1195 1364 comparat,
1227 1296 1483 1348 nimirum
1532 1296 1584 1348 in
1614 1297 1780 1352 verbo
1813 1296 1954 1358 ﬁdei,
1998 1304 2055 1349 ut

2200 1313 2330 1348 πνον
2374 1296 2486 1356 τοῖς
2521 1291 2817 1362 ὀφθαλμοῖς
2869 1288 3063 1353 αὐτοῦ,
3111 1288 3247 1358 μηδέ
3292 1288 3620 1357 νυσταγμδν
3656 1291 3795 1347 τοῖς

483 1385 602 1438 sine
623 1400 810 1440 errore
830 1387 1110 1440 veritatem
1137 1388 1391 1457 aspiciat,
1413 1398 1466 1442 et
1491 1388 1544 1442 in
1575 1391 1786 1443 ratione
1813 1389 2056 1451 vivendi,

2197 1387 2485 1458 λεφάροις,
2520 1384 2624 1446 ἓως
2662 1378 2724 1438 οὗ
2751 1382 2885 1453 εὕρῃ
2925 1382 2984 1432 ἐν
3010 1379 3192 1450 ἐαυτῷ
3212 1379 3374 1432 τόπον
3412 1381 3498 1449 τῷ
3534 1380 3786 1449 Κυρξῳ,

483 1477 529 1530 si
575 1477 644 1533 ab
675 1477 823 1532 omni
873 1480 1160 1544 pravitatis
1209 1481 1587 1550 inquinatione
1653 1496 1822 1550 purus
1869 1482 1962 1544 sit,
2012 1496 2058 1534 IS

2193 1481 2430 1549 κήνωμα
2463 1474 2540 1546 τῷ
2569 1477 2626 1528 ἐν
2652 1473 2800 1544 αὐτῷ
2829 1472 3066 1526 οἰκοῦντι
3111 1471 3419 1541 γενόμενος.
3471 1472 3541 1523 Εἰ
3568 1471 3788 1522 τοίνυν

481 1570 648 1639 igitur
679 1587 804 1626 vere
831 1571 982 1641 jurat
1009 1571 1236 1628 Domino
1257 1574 1332 1639 ⁸⁸,
1381 1589 1488 1628 non
1518 1591 1577 1629 se
1611 1590 1968 1629 ascensurum
2003 1575 2057 1628 in

2197 1571 2330 1642 σμέν
2365 1569 2458 1623 καὶ
2488 1569 2650 1638 ἡμεῖς
2678 1565 2776 1634 τῆς
2805 1566 2917 1619 άνω
2960 1562 3312 1635 Ἰερουσαλὴμ
3350 1562 3559 1624 τέκνα,
3591 1559 3787 1613 ἁκού-

487 1664 749 1718 lectnlum
783 1666 888 1720 sibi
927 1673 1158 1720 stratum
1184 1707 1198 1732 ,
1230 1682 1407 1735 neque
1439 1681 1690 1721 somnum
1721 1666 1897 1719 oculis
1939 1666 2054 1720 suis

2193 1678 2349 1732 ’ωμεν
2393 1660 2492 1728 τῆς
2524 1655 2840 1710 διδασκάλου
2881 1652 3128 1724 νύμφης,
3155 1652 3272 1715 πῶς
3313 1651 3463 1706 ἐστιν
3505 1651 3646 1704 ἰδεῖν
3681 1651 3788 1702 τὸν

483 1772 900 1824 concessurum,
927 1759 1010 1812 vel
1034 1758 1472 1813 dormitationem
1497 1759 1789 1828 palpebris,
1812 1759 1986 1813 donec
2006 1759 2058 1812 in

2193 1751 2494 1821 ;οθούμενον
2512 1789 2527 1803 .

482 1866 544 1909 σθ
582 1852 760 1906 locum
797 1850 1026 1906 Domino
1060 1854 1345 1922 repererit,
1378 1853 1553 1909 factus
1583 1854 1991 1908 tabernaculum
2015 1855 2136 1924 ejus
2174 1852 2228 1905 in
2258 1849 2377 1918 ipso
2406 1840 2726 1898 habitantis.
2762 1838 3131 1906 Quamobrem
3177 1837 3222 1891 si
3261 1851 3362 1890 nos
3395 1851 3630 1906 quoque
3679 1853 3796 1892 su—

483 1960 668 2018 perna:
725 1944 874 1998 illius
922 1941 1229 1999 Jerusalem
1277 1945 1372 1999 ﬁlii
1428 1962 1655 2014 sumus,
1705 1947 1995 2002 audiamus
2070 1955 2329 2016 sponsam
2390 1938 2740 2007 magisu'am.
2795 1935 2889 2003 qui
2930 1930 3270 1988 desideratus
3315 1931 3469 1983 cerni
3549 1934 3784 2000 possit.

555 2038 696 2104 Quid
732 2041 901 2111 igitur
939 2041 1157 2110 inquit?
1200 2042 1247 2097 si
1289 2041 1394 2096 hoc
1435 2042 1798 2112 jurejurando
1848 2053 2060 2098 nosmet

2234 2037 2300 2090 Τί
2327 2031 2420 2089 οὖν
2460 2050 2624 2105 φησιν
2649 2049 2664 2098 ;
2709 2032 2834 2085 Ἐὰν
2859 2031 3045 2102 ὅρκιον
3075 2031 3289 2094 ἑαυτοῖς
3314 2031 3474 2084 τοῦτο
3517 2033 3792 2100 ποιήσωο

484 2133 932 2197 astrinxerimus,
967 2132 1181 2189 futuros
1217 2150 1319 2189 nos
1343 2135 1396 2188 in
1427 2137 1791 2205 potestatibus
1835 2151 2061 2206 caprea-

2193 2149 2285 2198 Lev,
2312 2130 2373 2183 τὸ
2409 2129 2468 2180 ἐν
2496 2130 2616 2190 ταῖς
2640 2125 2934 2195 δυνάμεσιν
2960 2119 3102 2177 εἶναι
3139 2125 3246 2178 τῶν
3277 2122 3612 2196 διορατικῶν
3641 2123 3787 2193 δορ-

483 2239 609 2278 rum
641 2224 760 2279 acri
794 2226 1144 2296 prteditarum
1175 2228 1318 2291 visu,
1344 2239 1396 2282 et
1432 2228 1486 2281 in
1522 2229 1732 2282 viribus
1773 2244 2060 2283 cervorum

2193 2223 2341 2277 ;άδων
2365 2261 2379 2286 ,
2432 2219 2528 2272 καὶ
2565 2219 2623 2270 ἐν
2656 2218 2776 2276 ταῖς
2807 2214 3050 2285 ἱσχύσεσι
3086 2215 3195 2269 τῶν
3226 2214 3614 2282 άφανιστεκῶν
3671 2215 3786 2284 τῆς

484 2315 579 2384 qui
602 2315 804 2368 malum
836 2315 1094 2382 abolent;
1140 2322 1256 2369 tum
1301 2331 1429 2370 vero
1458 2317 1643 2370 licebit
1677 2330 1873 2385 purum
1909 2316 2058 2368 illum

2193 2315 2360 2378 ιακίας
2387 2313 2635 2382 ἐλάφων·
2684 2309 2798 2362 ἐστι
2835 2308 2926 2361 διὰ
2965 2308 3168 2361 τούτων
3212 2309 3339 2360 ἰδεῖν
3376 2307 3469 2360 τὸν
3519 2307 3787 2378 καθαρὸν

485 2419 746 2474 sponsum
777 2420 1026 2469 cernere,
1066 2405 1158 2475 qui
1183 2406 1532 2461 dilectionem
1574 2406 1878 2475 ejaculatur
1906 2424 1918 2460 :
1949 2415 2062 2459 tum

2197 2407 2418 2477 υμφξον,
2459 2405 2550 2457 τὸν
2589 2403 2688 2472 τῆς
2716 2400 2936 2471 ἀγάπης
2955 2401 3178 2470 τοξότην
3202 2441 3216 2462 ,
3251 2401 3344 2453 καὶ
3394 2401 3588 2452 εἰπεῖν
3631 2401 3784 2470 πρὸς

483 2497 670 2552 licebit
701 2498 896 2552 anima:
925 2498 1172 2567 cujusvis
1211 2498 1277 2553 ad
1327 2515 1450 2554 eum
1485 2499 1667 2554 dicere
1702 2516 1714 2553 :
1777 2499 2064 2552 Vulnerata

2193 2500 2326 2552 ιύτὸν
2357 2500 2455 2569 τὴν
2493 2495 2724 2550 ἑκάστου
2761 2494 2973 2566 ψυχὴν,
3004 2495 3086 2547 ὅτι
3133 2494 3468 2561 Τετρωμένη
3521 2493 3786 2562 ἀγάπης

484 2606 602 2644 sum
643 2607 678 2645 a
713 2591 1012 2645 dilectione.
1071 2591 1219 2645 Bona
1253 2607 1384 2647 vero
1437 2591 1746 2647 dilectionis
1785 2608 1906 2646 esse
1943 2593 2064 2645 vul-

2193 2591 2305 2660 ηἱμι.
2355 2591 2512 2644 Καλά
2544 2588 2602 2640 δέ
2654 2584 2789 2639 εἶναι
2818 2587 2918 2657 τῆς
2963 2586 3184 2656 ἀγάπης
3219 2590 3289 2638 τά
3333 2585 3639 2656 τραύματα
3675 2584 3783 2637 καὶ

484 2697 638 2750 nera,
677 2683 841 2737 etiam
874 2681 1293 2738 Proverbiorum
1339 2699 1370 2739 e
1415 2684 1554 2737 libro
1589 2685 1915 2744 didicimus,
1973 2683 2065 2753 qui

2193 2685 2320 2754 ταρὰ.
2345 2685 2444 2754 τῆς
2462 2681 2771 2752 Παροιμίας
2799 2678 3096 2749 ἐμάθομεν,
3127 2679 3161 2748 ἦ
3186 2694 3377 2747 φησιν·
3402 2677 3625 2744 Αἱρετὰ
3646 2677 3784 2745 μὲν

486 2776 562 2828 ait
607 2792 619 2827 :
659 2774 930 2844 Optabilia
983 2785 1105 2828 sunt
1171 2775 1330 2828 amici
1387 2773 1622 2842 vulnera,
1665 2775 1832 2828 hostis
1891 2784 2065 2828 autem

2193 2775 2276 2830 ὀῦ
2309 2776 2490 2845 φίλου
2523 2773 2598 2826 τὰ
2633 2772 2956 2840 τραύματα,
2985 2770 3140 2823 κακὰ
3169 2769 3238 2822 δὲ
3271 2769 3379 2837 τῆς
3403 2770 3633 2837 ἔχθρας
3669 2768 3776 2820 καὶ

484 2870 645 2923 etiam
684 2869 869 2922 oscula
898 2869 1042 2922 mala
1083 2878 1204 2921 sunt
1236 2869 1303 2922 θ’.
1352 2866 1616 2934 Quisnam
1666 2883 1796 2923 vero
1823 2867 1894 2923 sit
1937 2868 2068 2921 ami-

2193 2869 2240 2921 ’ὰ
2267 2865 2593 2936 φιλήματα.
2631 2865 2728 2928 Τίς
2777 2864 2833 2917 δὲ
2891 2863 3041 2934 φίλος
3066 2903 3082 2928 ,
3117 2857 3178 2916 οὗ
3211 2865 3281 2917 τὰ
3310 2864 3609 2934 τραύματα
3659 2865 3780 2916 τῶν

486 2977 587 3014 cus
630 2961 741 3025 ille,
775 2961 933 3029 cujus
983 2962 1208 3015 vulnera
1246 2961 1356 3015 sint
1385 2962 1590 3016 osculis
1637 2960 1928 3016 hostilibus
1971 2976 2067 3030 po-

486 3053 650 3118 tiora,
683 3053 1028 3122 perspicuum
1081 3053 1252 3108 cuivis
1287 3060 1370 3107 est
1414 3052 1608 3108 salutis
1659 3054 1916 3124 mysteria
1959 3069 2067 3107 non

487 3142 786 3212 ignoranti.
823 3141 1032 3196 Etenim
1059 3156 1222 3196 verus
1271 3157 1334 3196 ac
1372 3151 1558 3197 certus
1591 3144 1803 3197 amicus
1859 3150 1944 3198 est
1991 3143 2058 3204 is,

483 3230 578 3296 qui
614 3245 714 3284 nos
753 3230 916 3284 etiam
954 3230 1138 3286 hostes
1170 3230 1412 3286 redditos
1442 3232 1664 3301 diligere
1696 3246 1804 3285 non
1853 3232 2014 3285 desiit
2047 3249 2060 3285 :

2169 2960 2488 3032 φιλημάτων
2524 2957 2621 3012 τοῦ
2673 2956 2868 3027 ἐχθροῦ
2921 2957 3320 3027 προτιμότερα;
3370 2956 3552 3008 Παντὶ
3605 2955 3777 3024 δῆλόν

2169 3054 2285 3106 ἐστι
2309 3093 2326 3119 ,
2352 3051 2432 3122 τῷ
2479 3050 2555 3122 μὴ
2594 3049 2877 3119 ἀγνοοὸρντι
2912 3049 2979 3102 τά
3017 3048 3120 3118 τῆς
3153 3049 3427 3118 σωτηρίας
3458 3049 3775 3119 μυστήρια.

2168 3145 2325 3207 Φίλος
2367 3143 2466 3215 μὲν
2497 3145 2606 3214 γάρ
2640 3145 2788 3195 ἐστιν
2810 3141 3062 3212 ἀληθινός
3094 3157 3153 3194 τε
3185 3141 3278 3194 καὶ
3323 3140 3580 3210 βέϐαιος,
3611 3144 3640 3195 ὁ
3681 3143 3778 3193 καὶ

2171 3236 2401 3308 ἐχθροὺς
2430 3234 2757 3304 γενομένους
2801 3236 2948 3303 ἡμᾶς
2976 3231 3070 3286 τοῦ
3098 3233 3317 3302 ἀγαπᾷν
3348 3232 3426 3303 μή
3471 3233 3780 3304 παυσάμε-

489 3319 666 3374 hostis
694 3328 874 3373 autem
900 3319 1178 3382 immanis,
1205 3332 1258 3374 et
1286 3336 1410 3375 cum
1442 3336 1550 3391 quo
1589 3321 1735 3374 nulla
1765 3321 1899 3376 coiri
1935 3321 2070 3374 ami-

2193 3344 2293 3392 ρος⁹
2328 3327 2522 3399 ἐχθρὸς
2549 3326 2606 3380 δὲ
2653 3327 2881 3388 ἄπιστός
2931 3343 2990 3377 τε
3039 3325 3135 3377 καὶ
3185 3325 3495 3396 ἀνήμερος,
3531 3327 3564 3378 6
3601 3326 3778 3394 μηδὲν

489 3407 620 3458 citia
667 3413 862 3474 potest,
913 3407 1072 3460 nobis
1107 3408 1197 3462 ille
1241 3417 1348 3471 est,
1393 3409 1487 3478 qui
1534 3411 1682 3464 nulla
1725 3427 1784 3465 re
1833 3425 1862 3462 a
1911 3411 2069 3464 nobis

489 3502 655 3555 laesus
685 3498 846 3553 morti
885 3514 984 3553 nos
1017 3499 1270 3568 subjecit.
1306 3498 1516 3555 Vulnus
1548 3517 1671 3556 esse
1691 3502 1954 3572 putabant
1997 3503 2068 3555 illi

492 3595 731 3665 primum
785 3593 989 3646 conditi
1046 3595 1295 3648 homines
1341 3595 1690 3648 interdictum
1734 3596 1802 3649 de
1848 3595 2071 3648 vitando

492 3687 658 3749 malo,
680 3687 823 3756 quod
859 3685 952 3740 Dei
989 3686 1246 3741 mandato
1277 3687 1678 3742 continebatur.
1708 3686 1922 3741 Etenim
1956 3687 2072 3740 vul-

493 3777 832 3831 nerationem
865 3793 986 3832 esse
1032 3778 1422 3847 opinabantur,
1457 3778 1601 3846 abigi
1633 3793 1689 3831 se
1723 3793 1753 3831 a
1790 3793 1846 3831 re
1877 3777 2073 3846 jucun-

493 3867 598 3921 da:
631 3868 878 3923 osculum
911 3884 1062 3934 vero,
1093 3869 1524 3922 exhortationem
1569 3868 1635 3921 ad
1665 3868 1718 3921 id
1756 3869 1900 3937 quod
1927 3877 2074 3924 esset

493 3975 663 4014 suave
715 3971 1048 4030 aspectuque
1103 3961 1412 4031 pulchrum.
1465 3959 1666 4014 Verum
1736 3961 2072 4030 experientia

494 4048 893 4103 demonstravit
947 4051 1091 4120 quod
1147 4067 1210 4106 ea
1271 4067 1392 4120 quae
1449 4052 1896 4106 existimarentur
1949 4068 2072 4108 esse

495 4140 724 4195 vulnera
760 4141 1003 4210 profecta
1044 4142 1112 4196 ab
1134 4143 1331 4206 amico,
1363 4143 1521 4213 longe
1550 4151 1663 4196 tum
1692 4143 1931 4210 utiliora,
1957 4151 2072 4196 tum

497 4235 820 4288 o-tahiliora
861 4236 1066 4288 osculis
1102 4235 1274 4290 hostis
1314 4244 1520 4290 essent.
1562 4235 1701 4301 Quia
1737 4237 1902 4306 igitur
1939 4250 2066 4306 pro-

495 4325 648 4381 bavit
677 4325 1021 4380 dilectionem
1049 4341 1202 4381 suam
1235 4343 1265 4380 a
1303 4327 1462 4380 nobis
1487 4328 1796 4397 praeclarus
1823 4328 1911 4381 ille
1951 4343 2077 4396 pro-

497 4433 597 4474 cus
637 4421 943 4472 animarum
986 4427 1321 4484 nostrarum,
1355 4435 1462 4489 qua
1507 4419 1757 4474 Christus
1807 4420 2076 4475 adductus

496 4511 660 4564 etiam
714 4518 828 4563 tum
877 4527 1001 4565 cum
1052 4511 1229 4564 adhuc
1279 4517 1594 4580 peccatores
1641 4525 1928 4573 essemus,
1978 4526 2076 4580 pro

498 4601 661 4654 nobis
692 4609 942 4656 mortuus
973 4609 1092 4657 est:
1134 4601 1339 4656 idcirco
1366 4617 1565 4672 sponsa
1604 4602 1844 4657 vicissim
1889 4617 2075 4657 amore

499 4689 724 4743 incensa
768 4705 896 4760 erga
946 4691 1097 4744 illum
1161 4691 1253 4761 qui
1300 4691 1472 4761 ipsam
1529 4692 1809 4755 dilexerat,
1851 4691 2079 4746 demon-

501 4782 851 4850 stratjacens
885 4783 937 4835 in
967 4797 1026 4837 se
1064 4782 1376 4843 dilectionis
1410 4783 1576 4838 telum
1613 4785 1722 4838 imo
1755 4784 1809 4838 in
1835 4791 2074 4854 pectore,

500 4876 606 4926 hoc
644 4882 747 4937 est,
795 4875 1096 4929 divinitatis
1129 4876 1298 4944 ipsius
1328 4877 1897 4932 communicationem.
1943 4874 2078 4930 Nam

501 4967 647 5022 Deus
678 4980 761 5023 est
795 4969 1034 5028 dilectio.
1064 4971 1521 5040 quemadmodum
1552 4971 1805 5033 diximus,
1833 4987 1956 5041 quae
1984 4987 2082 5042 per

2170 3419 2502 3489 ἠδικηκότας
2530 3415 2831 3486 ὑπαγαγὼν
2852 3417 2930 3486 τῷ
2953 3416 3185 3486 θανάτῳ.
3216 3416 3450 3488 Τραῦμα
3472 3417 3595 3481 τοῖς
3621 3434 3779 3489 πρω-

2171 3512 2496 3574 τοπλάστοις
2538 3510 2713 3563 ἐδόκει
2758 3509 2912 3582 ήδιά
2948 3508 3050 3579 τῆς
3105 3508 3323 3579 ἐντολῆς
3348 3512 3629 3579 γενομένη
3677 3509 3775 3560 τοῦ

2174 3602 2344 3656 κακοῦ
2379 3601 2770 3670 ἀπαγόρευσις,
2819 3595 3055 3672 Τραῦμα
3103 3599 3213 3670 γάρ
3266 3599 3528 3670 ἐνομίσθη
3587 3603 3622 3670 ἡ
3679 3598 3776 3652 τοῦ

2172 3694 2327 3764 ἡδέος
2365 3691 2725 3764 ἀλλοτρίωσις
2751 3707 2767 3722 ⁸
2795 3691 3009 3761 φίλημα
3061 3691 3118 3743 δὲ
3168 3693 3201 3762 ἡ
3239 3691 3378 3762 πρὸς
3423 3691 3484 3743 τὸ
3526 3691 3638 3762 ἡδὺ
3682 3688 3778 3745 καὶ

2173 3785 2416 3854 ἐμφανὲς
2466 3785 2769 3854 προτροπή.
2817 3783 2957 3834 Ἀλλ’
3005 3781 3260 3853 ἔδειξενή
3313 3783 3516 3854 πεῖρα,
3564 3783 3654 3835 ὅτι
3709 3785 3778 3835 τά

2178 3873 2509 3942 νομιζόμενα
2534 3871 2630 3924 τοῦ
2671 3872 2826 3940 φίλου
2860 3871 3149 3942 τραύματα
3193 3872 3302 3925 τῶν
3350 3871 3683 3942 φιλημάτων
3710 3868 3778 3941 ἦν

2173 3964 2268 4017 τοῦ
2290 3962 2486 4034 ἐχθροῦ
2508 3962 2924 4036 λυσιτελέστερα
2955 3966 3048 4017 καὶ
3078 3963 3434 4036 αἱρετώτερα.
3485 3965 3647 4018 Ἐπεὶ
3677 3959 3776 4018 οὖν

2176 4057 2504 4127 συνέστησεν
2542 4055 2735 4109 ἑαυτοῦ
2767 4055 2865 4126 τὴν
2893 4057 3116 4128 ἀγάπην
3141 4059 3168 4110 6
3200 4057 3364 4120 καλὸς
3392 4057 3638 4128 ἐραστὴς
3662 4056 3774 4109 τῶν

2176 4149 2461 4220 ἡμετέρων
2504 4147 2692 4218 ψυχῶν
2715 4189 2728 4212 ,
2754 4149 2822 4202 δι’
2845 4142 2921 4203 ὧν
2946 4151 3039 4202 καὶ
3060 4151 3404 4220 ἁμαρτωλῶν
3443 4150 3605 4220 ἡμῶν
3633 4152 3774 4221 Χρι-

2178 4240 2300 4303 στὸς
2326 4241 2466 4310 ὑπὲρ
2489 4241 2646 4310 ἡμῶν
2686 4241 2923 4295 ἀπέθανε
2952 4257 2966 4272 ’
2997 4243 3084 4295 διὰ
3121 4241 3280 4295 τοῦτο
3301 4242 3704 4313 ἁντερασθεῖσα
3741 4246 3772 4312 ἡ

2176 4333 2361 4404 νύμφη
2383 4333 2476 4386 τοῦ
2501 4335 2886 4405 ἀγαπήσαντος
2908 4336 3176 4389 δείκνυσιν
3214 4337 3271 4388 ἐν
3303 4337 3469 4406 ἑαυτῇ
3511 4335 3774 4406 ἐγκεῖμε-

2177 4444 2269 4481 νον
2295 4426 2386 4480 διὰ
2421 4426 2617 4497 βάθους
2653 4428 2753 4498 τῆς
2796 4429 3016 4500 ἀγάπης
3065 4429 3124 4482 τὸ
3156 4429 3305 4498 βέλος
3329 4447 3342 4459 ·
3377 4428 3626 4481 τουτέστι
3672 4427 3775 4497 τὴν

2175 4521 2273 4591 τῆς
2305 4520 2556 4592 θεότητος
2597 4522 2762 4576 αὐτοῦ
2794 4521 3098 4577 κοινωνίαν.
3140 4521 3202 4573 Ἦ
3234 4521 3341 4590 γάρ
3382 4519 3571 4588 ἀγάπη
3618 4519 3774 4571 ἐστὶν

2179 4613 2206 4664 ὁ
2237 4611 2367 4675 Θεὸς
2392 4649 2407 4675 ,
2441 4610 2624 4674 καθὼς
2654 4611 2870 4684 εἴρηται
2895 4653 2909 4678 ,
2943 4615 2976 4684 ἡ
3011 4613 3098 4666 διὰ
3126 4612 3227 4681 τῆς
3269 4611 3409 4664 κατά
3451 4611 3551 4680 τὴν
3585 4611 3775 4662 πέστιν

2181 4702 2460 4774 ἀκίδος-τῇ
2489 4705 2687 4776 καρδίᾳ
2717 4706 3071 4776 ἐγγενομένη.
3118 4705 3181 4759 Εἰ
3224 4705 3281 4756 δὲ
3315 4704 3422 4776 χρὴ
3466 4704 3559 4757 καὶ
3599 4704 3775 4774 ὄνομα

2179 4791 2273 4843 τοῦ
2307 4791 2490 4860 βέλους
2515 4793 2706 4847 τούτου
2739 4797 2931 4860 εἰπεῖν,
2957 4793 3187 4865 εὕρομεν
3210 4795 3238 4846 ὂ
3265 4795 3415 4864 παρὰ
3437 4792 3530 4846 τοῦ
3552 4793 3774 4846 Παύλου

2185 4882 2462 4954 ἐμάθομεν
2489 4925 2504 4949 ,
2537 4885 2620 4938 ὅτι
2645 4885 2706 4937 τὸ
2731 4885 2884 4956 βέλος
2907 4884 3062 4938 τοῦτὸ
3094 4886 3212 4936 ἐστι
3243 4884 3425 4945 πίστις
3451 4883 3519 4935 δι’
3544 4883 3773 4952 ἀγάπης

2188 4976 2577 5047 ἐνεργουμένη.

504 5061 627 5115 ﬁdei
674 5066 959 5133 cuspidem
999 5065 1055 5120 in
1093 5081 1188 5120 cor
1234 5075 1503 5136 penetrat.
1564 5068 1720 5132 Quod
1755 5069 1800 5123 si
1837 5069 2001 5123 etiam
2045 5069 2139 5124 teli
2180 5069 2346 5140 hujus
2405 5088 2608 5126 nomen
2658 5072 3009 5127 indicandum
3053 5080 3175 5136 est,
3229 5071 3372 5142 quod
3412 5071 3706 5127 didicimus
3740 5088 3770 5124 a

503 5160 675 5215 Paulo
697 5159 743 5189 ’°
796 5159 1074 5221 dicemus,
1125 5157 1382 5211 nimirum
1436 5158 1539 5213 hoc
1589 5160 1753 5213 telum
1783 5175 1904 5214 esse
1940 5160 2096 5213 ﬁdem
2137 5177 2235 5231 per
2273 5161 2619 5218 dilectionem
2691 5164 2985 5220 efﬁcaciter
3023 5180 3082 5218 se
3110 5163 3506 5220 declarantem.

576 5253 870 5310 Enimvero
901 5255 1016 5308 haec
1045 5256 1118 5308 ita
1163 5269 1222 5308 se
1249 5254 1506 5315 habeant,
1566 5255 1643 5308 uti
1687 5256 1889 5325 cuique
1933 5255 2083 5310 vide-

504 5350 699 5405 bitur:
743 5364 890 5403 nunc
943 5348 1225 5402 videamus
1277 5356 1332 5399 et
1375 5347 1521 5399 illam
1580 5346 2082 5416 interrogationem,

507 5457 673 5510 quam
733 5441 975 5509 virgines
1027 5439 1298 5508 magistra:
1362 5453 1475 5492 sum
1534 5447 1889 5508 praponunt:
1942 5438 2081 5503 Quid

507 5533 682 5604 di/fert
735 5544 987 5605 cognatus
1021 5543 1142 5587 tuus
1196 5549 1229 5586 a
1288 5541 1530 5603 cognato,
1577 5549 1607 5586 ο
1654 5534 1889 5602 formosa
1950 5535 2085 5590 inter

616 5713 658 5741 ‘“
685 5712 1035 5780 Psal.cxxx1,
1059 5715 1111 5770 5.

2274 5257 2432 5311 Ἀλλά
2465 5257 2636 5311 ταῦτα
2673 5262 2770 5328 μὲν
2801 5258 2972 5329 ἐχέτω
3001 5260 3077 5322 ὼς
3107 5258 3258 5328 αὐτῷ
3283 5260 3430 5312 δοκεῖ
3449 5279 3463 5290 ·
3493 5260 3690 5330 ἴδωμεν
3714 5261 3771 5314 δὲ

2189 5349 2280 5402 καὶ
2307 5349 2403 5420 τὴν
2429 5350 2581 5422 παρά
2603 5350 2711 5403 τῶν
2755 5350 3039 5421 παρθένων
3069 5350 3470 5422 προσαχθεῖσαν
3503 5352 3768 5423 ἐρώτησιν

2185 5445 2251 5512 τῇ
2278 5441 2604 5512 διδασκάλῳ.
2645 5443 2704 5495 Τί
2731 5440 3053 5511 ἀδελφιδός
3085 5443 3327 5500 σουάπὸ
3344 5441 3692 5512 ἀδελφιδοῦ,
3728 5444 3767 5511 ὴ

2187 5535 2343 5606 καλὴ
2370 5535 2440 5589 ἐν
2463 5534 2779 5604 γυναιξίν;
2811 5535 2867 5590 τί
2887 5532 3209 5604 ἀδελφιδός
3235 5548 3354 5586 σου
3383 5532 3504 5586 ἀπὸ
3530 5532 3771 5603 deus».

1185 5715 1231 5748 ⁸⁸
1263 5713 1424 5769 Prov.
1455 5730 1626 5780 xxvii,
1651 5715 1702 5769 6.
1777 5715 1820 5747 9°
1844 5713 2018 5768 Galat.
2044 5729 2096 5772 ν.
2131 5711 2178 5766 6.
