3850 6224
107 351 135 404 1
150 353 264 406 045

1117 352 1188 406 ΙΝ
1222 351 1520 407 CANTICA
1549 351 1828 408 CANTIC.
1864 347 2151 405 HOMILIA
2185 344 2321 399 XIII.

3244 338 3382 392 1040

100 473 235 527 δοῦ
255 513 270 536 ,
302 472 391 525 ὅτι
430 471 620 537 οὕτως
651 469 916 538 ὦρκισας
945 470 1138 539 ἡμᾶςς
1179 471 1447 543 Τοιαύτην
1498 471 1556 525 δέ
1586 489 1747 533 rivo”

1847 468 2050 521 mlieres
2075 463 2244 534 ?quid
2276 469 2530 532 cognatus
2560 469 2680 511 tuus
2719 473 2752 510 a
2781 463 3000 526 cognato
3027 455 3226 524 diﬁ'ert;
3245 453 3383 525 quod

103 567 272 618 δοκεῖ
305 564 701 636 μοι’περιέχειν
734 565 767 632 ὴ
799 564 958 634 ῥῆσις
985 563 1243 629 διάνοιαν,
1273 563 1458 628 καθὼς
1489 566 1524 636 ἠ
1572 566 1704 618 ἀκο-

109 658 317 712 λουθία
343 657 452 710 τῶν
471 657 960 729 προεξητασμένων
983 656 1222 720 εἰκάζειν
1239 657 1473 710 δίδωσιν
1491 657 1708 728 Ἐπειδὴ

109 751 236 821 γὰρ
279 751 334 804 αἱ
380 749 639 821 παρθένοι
683 744 820 803 εἶδον
863 748 964 820 τὴν
994 748 1165 820 καλὴν
1193 749 1368 813 ἔξοδον
1404 747 1506 819 τῆς
1531 749 1710 821 ψυχῆς

113 844 386 914 νύμφης,
438 843 528 895 ὅτε
581 841 863 914 προσεφύη
913 841 992 913 τῷ
1031 843 1190 914 Λόγῳ
1219 845 1253 915 ἡ
1303 843 1575 908 εἰποῦσα,
1629 843 1712 896 ὅτι

129 936 439 1006 Ἐξῆλθεν
470 937 510 1003 ἡ
537 935 708 1006 ψυχή
729 953 846 1006 μου
882 935 954 989 ἐν
974 938 1134 1005 λόγῳ
1170 937 1378 990 αὐτοῦ.
1409 937 1518 990 Καὶ
1550 935 1714 1004 ἐγνω-

118 1045 256 1092 σαν,
283 1029 363 1081 ὅτι
398 1027 579 1099 ἐζήτει
610 1027 900 1091 ἐξελθοῦσα
929 1026 1021 1080 rbv
1051 1026 1139 1080 διὰ
1163 1027 1402 1097 σημείων
1434 1028 1530 1097 οὐχ
1560 1027 1710 1099 εὑρι-

121 1120 403 1190 σκόμενον
426 1159 441 1184 ,
491 1119 587 1172 καὶ
638 1119 824 1173 ὲκάλει
857 1119 1036 1190 βοῶσα
1079 1119 1172 1172 τὸν
1199 1120 1296 1189 οὐχ
1329 1119 1716 1173 ὑπακούσαντα

119 1215 248 1275 τοῖς
277 1213 505 1285 ὀνόμασι
525 1231 540 1244 ·
569 1213 658 1266 διὰ
679 1214 835 1267 τοῦτό
873 1231 1034 1282 φασι,
1066 1211 1190 1276 Πῶς
1217 1211 1530 1283 ἐπι-γνῶμεν
1555 1213 1717 1266 αὐτὸν

123 1308 304 1376 ἡμεῖς
330 1346 345 1370 ,
384 1307 476 1359 τὸν
511 1307 700 1379 μηδενὶ
747 1307 958 1378 σημείῳ
1006 1305 1348 1377 γνωριστικῷ
1398 1307 1720 1377 εὑρισκόμε-

122 1415 228 1450 νον
253 1439 269 1460 ,
306 1398 364 1461 ὃς
391 1397 512 1451 οὗτε
548 1399 810 1452 ὑπακούει
862 1397 1193 1469 καλούμενος
1214 1437 1228 1463 ,
1264 1396 1388 1452 οὔτε
1436 1401 1720 1468 κρατεῖται

127 1490 501 1561 ζητούμενος;
532 1491 758 1562 Περίελε
807 1490 984 1544 τοίνυν
1038 1490 1132 1543 καὶ
1171 1491 1237 1544 σὺ
1289 1488 1398 1551 τῶν
1428 1489 1722 1561 ὀφθαλμῶν

125 1582 250 1637 τῶν
292 1583 576 1654 ἡμετέρων
609 1582 678 1636 τὰ
721 1582 999 1652 θέριστρα,
1031 1583 1167 1652 ὅπερ
1213 1582 1474 1651 ἐποίησαν
1509 1584 1601 1636 ἐπὶ
1641 1583 1724 1635 σοὶ

127 1677 190 1728 οἱ
221 1675 326 1745 τῆς
351 1675 557 1738 πόλεως
579 1673 819 1743 φύλακες
845 1716 858 1739 ,
891 1675 978 1727 ἵνα
1006 1692 1092 1737 τις
1119 1674 1341 1745 γένηται
1369 1677 1498 1745 ἡμῖν
1535 1674 1726 1745 ὁδηγία

132 1764 282 1832 πρὸς
308 1764 370 1816 rb
405 1764 751 1834 ζητούμενον.
785 1764 919 1817 Είπὲ
944 1804 959 1828 ,
993 1764 1077 1828 τίς
1109 1766 1256 1817 ἐστιν
1283 1764 1562 1834 ἁδελφιδός
1607 1782 1724 1831 σου,

132 1853 267 1906 καθ’
297 1854 324 1906 ὅ
350 1856 497 1906 ἐστιν
525 1854 583 1907 ὲν
614 1853 692 1922 τῷ
735 1853 878 1923 λόγῳ
911 1853 1010 1924 τῆς
1041 1853 1275 1923 φύσεως.
1306 1854 1406 1918 Δὸς
1436 1857 1570 1925 ἡμῖν
1601 1855 1724 1924 ἔφο-

130 1945 232 1997 δον
283 1943 380 2013 τῆς
426 1942 774 2012 ἐπιγνώσεως
808 1942 974 1996 αὑτοῦ
1004 1983 1018 2008 ,
1048 1943 1137 1996 διὰ
1163 1944 1537 2016 γνωριστικῶν
1564 1963 1726 1999 τινων

134 2036 482 2106 τεκμηρίων,
509 2035 572 2088 σὺ
608 2034 701 2088 τοῦ
732 2034 899 2088 καλοῦ
932 2035 1302 2108 πληρωθεῖσα,
1337 2038 1431 2090 καὶ
1460 2037 1547 2091 διὰ
1569 2037 1728 2091 τοῦτο

140 2128 412 2197 γενομένη
454 2126 591 2196 καλὴ
624 2127 683 2179 ὲν
719 2126 953 2195 γυναιξί.
977 2123 1248 2196 Γνώρισον
1276 2128 1408 2197 ἡμῖν
1445 2127 1507 2180 rb
1537 2127 1728 2198 ζητού-

143 2236 337 2291 μενον,
373 2219 471 2272 καὶ
493 2217 700 2282 δίδαξον
729 2219 878 2288 ἡμᾶς
896 2255 911 2280 ,
937 2215 1005 2269 δι’
1041 2209 1117 2269 ὧν
1143 2216 1458 2288 εὑρίσκεται
1489 2217 1730 2289 σημείων

139 2316 176 2367 ὁ
197 2313 430 2384 ἀόρατος
455 2355 471 2378 ,
518 2312 594 2375 ὡς
629 2313 864 2383 μηνῦσαι
899 2309 1049 2381 αὐτῷ
1104 2313 1234 2382 περὶ
1264 2310 1360 2364 τοῦ
1413 2311 1597 2382 βέλους
1632 2313 1732 2382 τῆς

141 2403 404 2474 ἀγάπης,
438 2397 483 2472 ᾦ
539 2402 690 2474 μέσῳ
733 2402 1003 2469 τέτρωσαι
1055 2403 1156 2474 τὴν
1196 2403 1461 2472 καρδίαν,
1496 2403 1582 2456 διὰ
1633 2404 1732 2474 τῆς

141 2495 412 2564 γλυκείας
441 2494 634 2566 ὀδύνης
661 2495 752 2548 τὸν
795 2494 958 2548 πόθον
1009 2494 1338 2561 ἐπαύξουσα.
1372 2497 1632 2566 Κρεῖττον
1677 2497 1735 2550 δὲ

147 2587 218 2642 ἂν
263 2587 348 2656 εἴη
375 2628 390 2653 ,
423 2586 584 2640 πάλιν
611 2585 711 2657 τὴν
747 2584 915 2656 αὐτὴν
947 2585 1106 2656 ῥῆσιν
1140 2586 1499 2640 ἐπαναλαϐεῖν
1527 2588 1622 2640 ἐπὶ
1648 2587 1736 2639 λέ-

144 2680 294 2745 ξεως
314 2718 330 2742 ,
357 2679 431 2742 ὡς
460 2679 526 2732 ἂν
551 2677 852 2749 ὲφαρμόσοι
881 2679 916 2748 ἡ
951 2680 1062 2742 τοῖς
1101 2681 1285 2749 ῥητοῖς
1309 2679 1594 2731 ὲκτεθεῖσα
1619 2678 1738 2732 διά-

146 2788 295 2824 νοια.
339 2770 402 2823 Τί
441 2770 765 2839 ἀδελφιδός
792 2787 909 2824 σου
944 2771 1062 2824 ἀπὸ
1095 2769 1456 2839 ἀδελφιδοῦ,
1495 2771 1534 2836 ἡ
1576 2770 1735 2838 καλὴ

149 2863 226 2916 ἐν
270 2861 510 2928 γυναιξί
542 2878 561 2926 ;
603 2863 661 2914 τί
689 2861 1012 2932 ἀδελφιδός
1055 2880 1171 2917 σου
1212 2861 1331 2916 ἀπὸ
1385 2861 1733 2930 ἀδελφιδοῦ,

149 2953 247 3008 ὅτι
277 2954 466 3019 οὕτως
492 2952 754 3021 ὣρκισας
781 2952 940 3022 ἡμᾶς
965 2970 984 3019 ;
1036 2954 1384 3023 Ἀκούσωμεν
1423 2953 1602 3006 τοίνυν
1639 2953 1741 3023 τῆς

150 3045 405 3117 ἀκριϐῶς
439 3045 831 3117 περιελομένης
871 3047 932 3099 τὸ
982 3045 1297 3117 θέριστρον,
1338 3046 1433 3099 καὶ
1474 3047 1743 3100 ἀνακεκα-

1807 561 1885 614 ito
1903 555 2250 628 jurejurando
2314 570 2406 608 nos
2456 550 2816 604 astrinxeris?
2882 545 2959 600 Ea
3004 547 3170 601 verba
3215 546 3384 599 talem

1809 650 1943 705 mihi
2003 649 2286 702 continere
2342 659 2563 700 sensum
2602 641 2880 706 videntur,
2924 637 3387 708 quemadmodum

1810 761 1878 800 ex
1916 743 2035 815 ipsa
2062 754 2245 794 rerum
2272 737 2385 807 jam
2417 736 2802 806 inquisitarum
2843 732 2983 787 serie
3015 729 3294 800 conjicere
3321 730 3388 782 li-

1813 843 1899 890 cet
1929 856 1946 894 :
1976 833 2114 898 Quia
2145 830 2393 886 viderunt
2428 828 2666 896 virgines
2716 828 3029 897 praeclaram
3080 823 3230 877 illam
3267 822 3389 875 ani-

1813 941 1937 989 mae,
1973 939 2092 992 qua:
2139 935 2342 992 sponsa
2375 927 2478 984 est,
2523 919 2910 989 egressionem,
2955 932 3079 970 cum
3111 913 3290 970 Verbo
3331 929 3391 968 se

1816 1017 2155 1088 adiungeret,
2201 1016 2287 1069 his
2329 1013 2512 1068 verbis
2559 1026 2666 1066 usa!
2731 1029 2743 1064 :
2800 1010 3029 1080 Egressa
3085 1016 3162 1061 est
3211 1008 3390 1060 anima

1818 1127 1934 1164 mea
1976 1109 2044 1162 ad
2094 1119 2382 1161 sermonem
2447 1103 2605 1172 ejus;
2647 1102 2773 1171 quia
2827 1101 2954 1155 item
2999 1107 3391 1170 cognoverunt,

1819 1200 1964 1271 quod
2013 1213 2233 1270 egressa
2272 1196 2548 1267 quaesierit
2580 1194 2762 1260 illum,
2817 1193 2910 1262 qui
2950 1206 3044 1262 per
3092 1192 3247 1260 signa
3299 1204 3397 1243 ne-

1820 1296 1941 1364 quit
1985 1290 2252 1354 inveniri,
2320 1303 2384 1343 ac
2448 1285 2726 1341 vocaverit
2768 1299 2894 1338 eum
2965 1282 3058 1352 qui
3113 1280 3393 1335 nominum

1823 1384 2278 1458 appellationibus
2320 1397 2430 1436 non
2489 1379 2708 1435 adhibet
2757 1391 2994 1434 aurem:
3043 1373 3246 1429 idcirco
3285 1373 3396 1452 jam

1823 1485 2077 1549 quaerunt
2107 1477 2211 1530 hoc
2239 1471 2651 1545 quodammodo
2699 1487 2712 1524 ι
2771 1467 2872 1535 Qui
2899 1483 3000 1522 nos
3040 1480 3400 1538 agnoscemus

1825 1585 1948 1625 eum
2007 1568 2099 1638 qui
2152 1567 2302 1621 nullo
2341 1566 2497 1635 signo
2534 1561 2762 1632 reperiri
2819 1568 2998 1630 potest
3043 1557 3184 1611 unde
3235 1570 3402 1625 agno-

1828 1661 2049 1717 scatur?
2080 1661 2281 1730 quippe
2311 1673 2437 1712 cum
2464 1666 2690 1710 vocatus
2714 1668 2819 1708 non
2847 1651 3031 1706 audiat
3050 1689 3066 1714 ,
3119 1657 3173 1703 et
3199 1647 3399 1717 quaesi-

1829 1758 1917 1805 tus
1971 1765 2081 1804 non
2140 1743 2678 1818 comprehendatur?
2740 1742 2933 1797 Adime
2977 1741 3182 1794 nostris
3237 1737 3402 1792 etiam

1828 1843 2002 1899 oculis
2040 1841 2178 1907 vela,
2214 1839 2360 1910 quod
2407 1839 2503 1892 tibi
2553 1835 2811 1892 custodes
2851 1831 3089 1887 civitatis
3138 1831 3402 1892 fecerunt,

1827 1944 1888 1993 ut
1944 1934 2234 2006 quamdam
2299 1931 2458 2002 quasi
2513 1927 2992 1984 manuductionem
3039 1923 3106 1978 ad
3160 1922 3214 1977 id
3260 1920 3404 1992 quod

1827 2029 2122 2098 quaerimus
2149 2037 2576 2094 consequamur.
2630 2019 2830 2084 Dicito,
2878 2018 3000 2088 quis
3042 2015 3113 2070 sit
3141 2022 3408 2083 cognatus

1830 2128 1980 2186 tuus,
2017 2127 2287 2188 quatenus
2318 2129 2503 2170 rerum
2531 2113 2588 2167 in
2618 2119 2814 2167 natura
2847 2109 3080 2165 exsistit.
3115 2106 3410 2161 Commono

1831 2220 2004 2271 strato
2036 2210 2196 2266 nobis
2238 2209 2382 2263 viam
2419 2204 2751 2277 cognitionis
2783 2203 2903 2274 ejus
2949 2216 3045 2272 per
3092 2205 3409 2268 argumenta

1831 2305 2101 2378 quaedam,
2139 2302 2207 2357 de
2232 2300 2433 2371 quibus
2471 2298 2693 2369 agnosci
2727 2295 2921 2366 possit,
2970 2309 3004 2347 ο
3036 2301 3093 2345 ιιι
3128 2305 3267 2378 quae,
3288 2289 3411 2378 pul-

1833 2377 1967 2451 chra
2017 2393 2160 2448 facta
2193 2405 2252 2446 es
2279 2390 2420 2444 inter
2468 2385 2749 2450 mulieres,
2804 2389 3096 2454 propterea
3129 2377 3272 2449 quod
3321 2377 3414 2430 illo

1833 2485 1979 2540 bono
2007 2481 2210 2550 repleta
2255 2479 2353 2533 sis.
2407 2476 2652 2531 Indicato
2704 2473 2864 2528 nobis
2905 2470 3052 2542 quod
3091 2468 3409 2538 quaerimus.

1836 2576 2038 2630 Doceto
2066 2587 2168 2627 nos
2225 2585 2322 2641 per
2353 2585 2476 2640 qua:
2528 2569 2682 2637 signa
2738 2563 3044 2635 reperiatur
3090 2561 3138 2614 is
3175 2559 3267 2629 qui
3306 2573 3418 2611 non

1837 2665 2100 2727 cernitur,
2146 2669 2207 2716 ut
2255 2658 2624 2731 signiﬁcemus
2673 2654 2779 2724 ipsi
2822 2653 2890 2707 de
2938 2648 3246 2706 dilectionis
3289 2646 3418 2708 telo,

1839 2774 1947 2829 quo
1977 2771 2072 2828 per
2098 2753 2337 2810 medium
2380 2765 2477 2806 cor
2529 2749 2813 2804 vulnerata
2832 2760 2916 2808 es,
2953 2756 3159 2812 augens
3197 2737 3414 2793 deside-

1840 2852 1981 2904 rium
2022 2857 2173 2900 tuum
2209 2859 2306 2912 per
2353 2843 2501 2895 hunc
2545 2839 2808 2894 dolorem.
2857 2834 3046 2888 Fuerit
3087 2837 3267 2884 autem
3303 2844 3422 2882 me-

1842 2943 1952 2997 lius
1989 2952 2186 2994 rursus
2220 2936 2287 2990 de
2313 2934 2481 2988 verbo
2527 2930 2596 2985 ad
2633 2928 2858 2984 verbum
2893 2926 2996 2989 hoc
3032 2922 3239 2977 dictum
3266 2933 3422 2988 repe-

1841 3042 1977 3098 tere,
2005 3037 2065 3085 ut
2107 3027 2356 3098 exposita
2425 3023 2590 3078 modo
2620 3019 2892 3076 sententia
2926 3015 3108 3071 verbis
3155 3012 3292 3083 ipsis
3333 3025 3426 3062 ac-

152 3111 478 3206 λυμμένης,
615 3111 717 3206 τῆς
763 3111 941 3208 ψυχῆς
983 3111 1246 3208 ὀφθαλμῷ
1277 3137 1581 3208 βλεπούσης
1607 3139 1742 3209 πρὸς

1848 3121 2250 3180 commodetur.
2282 3116 2434 3185 Quid
2465 3114 2646 3184 diﬂ‘ert
2684 3119 2939 3182 cognatus
2971 3118 3090 3161 tuus
3121 3122 3154 3160 a
3181 3111 3424 3175 cognato,

153 3227 261 3298 τὴν
287 3227 545 3297 ἀλήθειαν
563 3244 578 3256 ·
607 3227 724 3292 πῶς
746 3228 1053 3298 ὑπογράφει
1087 3229 1279 3291 αὐταῖς
1306 3228 1366 3281 rb
1394 3227 1742 3300 ζητούμενον;

159 3317 286 3380 πῶς
313 3317 598 3390 ζωγραφεῖ
631 3317 712 3388 τῷ
749 3317 893 3390 λόγῳ
937 3319 1032 3371 τοῦ
1074 3317 1409 3389 ποθουμένου
1441 3319 1532 3372 τὸν
1571 3336 1747 3389 χαρα-

159 3412 387 3482 κτῆρα;
454 3409 574 3472 πῶς
631 3410 724 3463 ὑπ’
777 3409 897 3479 ὄψιν
968 3408 1090 3478 ἄγει
1142 3411 1262 3472 ταῖς
1317 3408 1608 3478 παρθένοις
1658 3409 1749 3462 rbv

160 3503 565 3573 ἁγνοούμενον;
601 3502 818 3572 Ἐπειδὴ
849 3502 958 3574 γὰρ
985 3499 1077 3554 τοῦ
1100 3499 1360 3570 Χριστοῦ,
1383 3501 1446 3552 rb
1473 3501 1570 3570 μὲν
1595 3501 1748 3554 ἄκτι-

166 3595 295 3648 στόν
323 3597 464 3659 ἐστι,
493 3593 556 3646 rb
591 3593 649 3646 δὲ
678 3591 894 3647 κτιστύν
917 3609 931 3624 ο
962 3592 1192 3662 λέγομεν
1236 3592 1293 3646 δὲ
1317 3591 1572 3646 ἄκτιστον
1603 3591 1745 3648 εἶναι

164 3683 337 3736 αὑτοῦ
357 3725 372 3748 ,
414 3683 476 3736 rb
507 3682 678 3736 ἀΐδιόν
705 3699 765 3735 τε
804 3681 894 3736 καὶ
945 3680 1271 3753 προαιώνιον
1295 3721 1309 3745 ,
1339 3680 1434 3735 καὶ
1475 3680 1754 3753 ποιητικὸν

166 3776 395 3830 πάντων
439 3775 550 3827 τῶν
595 3773 800 3837 ὄντων,
849 3773 1067 3827 κτιστὸν
1115 3772 1172 3824 δὲ
1209 3772 1269 3824 rb
1297 3771 1438 3825 κατὰ
1470 3771 1567 3843 τὴν
1613 3770 1755 3842 ὑπὲρ

167 3867 330 3938 ἡμῶν
364 3865 676 3936 οἰκονομίαν
711 3863 1149 3934 συσχηματισθὲν
1177 3862 1254 3933 τῷ
1288 3861 1498 3933 σώματι
1530 3865 1629 3933 τῆς
1660 3879 1758 3914 τα·-

170 3957 486 4020 πεινώσεως
530 3955 687 4028 ἡμῶν
713 3973 726 3986 ·
785 3957 983 4026 μᾶλλον
1034 3954 1090 4008 δὲ
1159 3953 1225 4006 δι’
1254 3953 1432 4007 αὐτῶν
1460 3951 1568 4004 τῶν
1598 3950 1758 4005 θείων

172 4050 438 4122 ῥημάτων
485 4049 584 4119 τὴν
635 4049 765 4116 περ)⁴
811 4047 1000 4100 τούτου
1034 4047 1270 4100 διάνοιαν
1315 4044 1522 4114 βέλτιον
1554 4043 1620 4097 ἂν
1671 4044 1759 4114 εἴη

173 4139 516 4210 παραθέσθαι
541 4138 617 4208 τῷ
661 4135 1124 4208 λόγῳ.”Ακτιστον
1156 4137 1386 4206 λέγομεν
1414 4135 1511 4187 τὸν
1535 4135 1593 4186 ἐν
1617 4135 1759 4205 ἀρχῇ

172 4233 306 4286 ὄντα
333 4232 529 4300 Λόγον,
559 4231 652 4284 τὸν
670 4230 738 4283 δι’
767 4222 828 4284 οὗ
852 4230 920 4282 τὰ
951 4230 1129 4283 πάντα
1159 4225 1376 4297 ἐγένετο
1393 4267 1407 4292 ,
1442 4228 1536 4280 καὶ
1563 4220 1625 4279 οὗ
1651 4244 1760 4297 χω-

179 4328 269 4398 ρὶς
312 4326 422 4379 τῶν
477 4325 776 4394 γεγονότων
810 4323 959 4376 ἐστὶν
1010 4321 1164 4378 οὐδέν
1193 4339 1207 4355 ·
1243 4321 1460 4376 κτιστὸν
1520 4320 1576 4373 δὲ
1603 4361 1620 4387 ,
1674 4319 1764 4373 τὸν

179 4419 364 4489 σάρκα
395 4417 684 4487 γενόμενον
708 4457 723 4482 ,
761 4416 854 4468 καὶ
887 4417 944 4469 ἐν
978 4417 1110 4487 ἡμῖν
1141 4413 1499 4484 σκηνώσαντα
1523 4453 1537 4477 ,
1578 4405 1638 4466 οὗ
1670 4412 1765 4465 καὶ

1851 3233 1881 3271 o
1921 3215 2157 3284 formosa
2182 3212 2316 3264 inter
2343 3205 2634 3260 mulieres?
2664 3203 2791 3270 quid
2831 3206 3084 3269 cognatus
3127 3207 3247 3249 tuus
3279 3211 3312 3246 a
3343 3209 3430 3246 co-

1850 3319 2009 3381 gnato
2048 3306 2266 3374 diﬂ'ert,
2309 3299 2447 3372 quod
2495 3299 2574 3351 ita
2614 3291 2970 3365 jurejurando
3015 3305 3112 3344 nos
3165 3286 3429 3340 astrinxe-

1851 3377 1973 3458 ris?
2029 3399 2168 3454 I~Iinc
2219 3397 2332 3467 jam
2389 3391 2677 3446 audiamus
2729 3401 2848 3442 eam
2894 3383 2982 3439 cui
3029 3381 3211 3436 velum
3271 3377 3431 3433 faciei

1857 3506 2089 3565 prorsus
2147 3488 2460 3556 ademptum
2491 3489 2596 3544 est,
2622 3491 2851 3550 quaeque
2871 3481 3060 3544 aperto
3085 3471 3251 3526 animi
3272 3470 3435 3551 ocqu

1854 3559 2138 3640 reritatem
2225 3579 2469 3632 intuetur
2504 3593 2517 3628 :
2559 3588 2668 3642 quo
2701 3576 2861 3640 pacto
2889 3563 3151 3620 describit
3177 3562 3258 3617 eis
3290 3559 3435 3631 quod

1856 3673 2218 3749 quaerebant?
2269 3673 2363 3739 qui
2409 3663 2656 3736 depingit
2712 3660 2779 3715 ad
2812 3658 2998 3713 vivum
3039 3655 3288 3710 oratione
3333 3668 3434 3709 sua

1859 3745 2088 3826 formam
2129 3760 2420 3818 desiderati
2448 3759 2471 3811 ?
2512 3757 2602 3826 qui
2629 3755 2736 3809 sub
2759 3758 3038 3820 aspectum
3058 3748 3247 3800 statuit
3271 3745 3439 3814 virgi-

1857 3859 2022 3913 nibus
2043 3869 2167 3911 eum
2195 3866 2356 3923 quem
2389 3845 2750 3920 ignorabant?
2797 3842 2936 3908 Quia
2969 3839 3114 3894 enim
3150 3838 3206 3891 in
3222 3837 3442 3892 Christo

1861 3947 2121 4022 quiddam
2149 3951 2392 4001 creatum
2430 3945 2535 4003 est,
2606 3935 2865 4008 quiddam
2891 3933 3190 3987 incrcatum
3230 3946 3245 3983 :
3275 3937 3328 3982 et
3360 3927 3446 3982 in-

1861 4051 2103 4099 creatum
2147 4049 2404 4090 vocamus
2445 4030 2579 4086 illud
2610 4030 2788 4099 ipsum
2859 4023 3003 4094 quod
3048 4028 3312 4076 aeternum
3338 4026 3443 4082 est.

1865 4151 1928 4190 ac
1954 4132 2174 4189 saeculis
2206 4129 2384 4199 prius,
2433 4132 2488 4178 et
2528 4137 2559 4176 a
2618 4135 2726 4191 quo
2759 4134 2847 4173 res
2885 4117 3158 4170 universae
3213 4109 3448 4166 condita:

1865 4235 1995 4284 sunt
2037 4243 2050 4278 :
2110 4227 2354 4277 creatum
2401 4229 2553 4277 vero,
2599 4210 2742 4282 quod
2790 4209 2861 4264 ob
2896 4214 3203 4276 susceptam
3273 4202 3449 4257 nostri

1865 4333 2035 4375 causa
2068 4308 2603 4371 administrationem
2628 4302 3030 4359 conformatum
3061 4305 3146 4353 est
3178 4297 3246 4351 ad
3305 4295 3454 4350 simi-

1865 4407 2152 4464 litudinem
2196 4399 2442 4470 corporis
2481 4391 2807 4451 humilitatis
2836 4395 3056 4444 nostrae.
3109 4384 3208 4440 Vel
3260 4384 3444 4456 potius

179 4479 560 4581 oapxwﬂigfvro';
613 4511 647 4578 ἡ
700 4479 1071 4579 ἐμφαινομένη
1112 4479 1247 4571 δόξα-
1287 4505 1470 4576 δηλοῖ,
1507 4505 1588 4557 ὅτι
1635 4503 1747 4556 Θεὸ‹

1876 4501 2039 4555 fuerit
2084 4505 2249 4564 atque
2280 4491 2474 4546 melius
2504 4501 2601 4558 per
2632 4485 2750 4554 ipsa
2789 4481 2953 4536 verba
3004 4479 3188 4533 divina
3227 4482 3450 4531 senten-

179 4600 506 4672 ἐφανερώθη
540 4602 598 4652 ὲν
651 4600 852 4671 σαρκὶ,
905 4599 1036 4662 Θεὸς
1061 4598 1280 4661 πάντως
1311 4598 1338 4650 ὁ
1368 4596 1660 4667 μονογενὴς
1683 4634 1698 4659 ,
1737 4597 1767 4648 ὁ

180 4695 243 4747 ἐν
272 4696 384 4751 τοῖς
412 4692 631 4753 κόλποις
660 4690 736 4745 ὢν
772 4689 864 4744 τοῦ
900 4690 1115 4762 Πατρὸς
1139 4730 1153 4754 ,
1193 4688 1364 4752 οὕτως
1399 4690 1643 4750 εἰπόντος
1671 4685 1765 4740 τοῦ

195 4782 472 4845 Ἰωάννου,
497 4782 578 4834 ὅτι
593 4779 988 4850 Ἐθεασάμεθα
1007 4779 1122 4848 τὴν
1140 4778 1328 4843 δόξαν
1343 4778 1550 4833 αὐτοῦ·
1575 4777 1667 4829 καί
1688 4793 1769 4829 τοι

182 4874 248 4927 rb
279 4874 601 4944 φαινόμενον
619 4872 905 4944 ἄνθρωπος
927 4867 1016 4942 ἦν,
1047 4869 1180 4923 ἀλλὰ
1203 4869 1261 4922 τὸ
1293 4869 1359 4922 δι’
1382 4868 1546 4922 αὐτοῦ
1568 4884 1768 4939 γνωρι-

187 4965 635 5036 ζόμενον,Δόξαν
668 4965 836 5035 φησιν
865 4964 947 5027 ὡς
955 4961 1321 5032 μονογενοῦς
1333 4964 1492 5030 παρὰ
1521 4959 1768 5026 Πατρός,

187 5058 395 5125 πλήρη
414 5056 652 5126 χάριτος
679 5057 777 5110 καὶ
803 5055 1106 5122 ἀληθείας.
1135 5052 1354 5126 Ἐπειδὴ
1381 5052 1560 5105 τοίνυν
1589 5051 1648 5102 rb
1674 5051 1773 5120 μὲν

187 5149 447 5202 ἄκτιστον
471 5147 657 5213 αὐτοῦ,
690 5147 784 5200 καὶ
810 5121 1155 5216 προαιώνιον,
1187 5144 1282 5197 καὶ
1309 5143 1502 5206 ἀΐδιον,
1531 5141 1774 5211 ἄληπτον

195 5242 296 5311 μὲν
340 5240 462 5293 καθ’
493 5241 614 5293 ὅλου
652 5240 804 5312 πάσῃ
847 5237 1006 5308 φύσει
1043 5237 1139 5292 καὶ
1177 5235 1559 5305 ἁνεκφώνητον
1583 5251 1596 5264 ·
1628 5233 1689 5287 rb
1718 5233 1776 5286 δὲ

189 5331 285 5386 διὰ
316 5319 516 5401 σαρκὸς
545 5333 676 5401 ἡμῖν
704 5329 1016 5401 φανερωθὲν
1041 5369 1056 5393 ,
1093 5327 1314 5381 δύναται
1347 5326 1529 5389 ποσῶς
1574 5326 1668 5378 καὶ
1717 5327 1776 5389 ἐς

192 5423 398 5494 γνῶσιν
424 5423 624 5475 ἐλθεῖν·
654 5423 846 5476 τούτου
895 5422 1052 5494 χάριν
1087 5420 1222 5491 πρὸς
1256 5419 1428 5473 ταῦτα
1453 5419 1538 5471 ἀεὶ
1569 5421 1602 5488 ἡ
1629 5418 1774 5471 διδά-

196 5515 396 5576 σκαλος
429 5514 645 5584 βλέπει,
680 5515 773 5566 καὶ
811 5515 938 5584 περὶ
982 5512 1190 5566 τούτων
1219 5513 1450 5565 ποιεῖται
1478 5510 1569 5563 τὸν
1599 5510 1774 5578 λόγον,

194 5609 300 5660 ὅσα
349 5605 570 5659 δύναται
615 5605 868 5675 γενέσθαι
907 5603 1132 5679 χωρητὰ
1159 5605 1271 5668 τοῖς
1315 5602 1592 5659 ἀκούουσι.
1624 5601 1778 5673 Λέγω

310 5791 356 5823 ⁸⁸
378 5786 536 5846 Joan.
569 5805 620 5858 ι,
651 5791 704 5846 3.

1874 4592 2006 4645 tiam
2066 4563 2262 4640 borum
2300 4579 2572 4648 subjicere
2605 4573 2760 4645 quasi
2790 4573 2983 4626 oculis.
3029 4570 3337 4624 Increatum
3366 4563 3454 4618 di-

1873 4684 2049 4738 cimus
2119 4675 2385 4736 Verbum,
2430 4668 2574 4742 quod
2621 4666 2778 4721 initio
2828 4676 3010 4718 rerum
3040 4658 3358 4719 exsistebat,
3403 4663 3458 4710 et

1879 4785 2093 4843 semper
2136 4774 2253 4829 erat
2311 4763 2456 4834 apud
2500 4759 2692 4826 Deum,
2747 4762 2802 4811 et
2851 4762 2967 4809 erat
3008 4752 3152 4807 Deus
3191 4748 3454 4810 Verbum,

1878 4880 1976 4937 per
1996 4842 2143 4932 quod
2172 4858 2327 4912 facta
2354 4861 2483 4910 sunt
2511 4851 2715 4912 omnia,
2738 4857 2792 4903 et
2822 4846 2940 4901 sine
2974 4858 3082 4913 quo
3099 4842 3235 4896 nihil
3263 4855 3453 4895 eorum

1881 4932 2087 5011 factum
2124 4958 2210 5006 est
2237 4963 2357 5019 qua:
2380 4946 2524 5000 facta
2550 4949 2679 4998 sunt
2707 4941 2774 4993 ⁸³.
2819 4937 3077 4993 Creatum
3093 4942 3275 4988 autem
3305 4932 3458 4986 illum

1881 5047 2136 5108 dicimus,
2201 5043 2291 5111 qui
2323 5052 2450 5093 caro
2483 5035 2659 5090 factus
2687 5041 2789 5096 est,
2820 5037 2874 5084 et
2902 5028 3007 5083 sibi
3047 5026 3460 5082 tabernaculum

1883 5140 1939 5195 in
1976 5137 2150 5197 nobis
2178 5131 2470 5194 exstruxit,
2504 5128 2562 5180 in
2589 5140 2699 5196 quo
2733 5123 2899 5178 etiam
2927 5121 3212 5174 incarnato
3239 5119 3463 5171 elucens

1892 5229 2068 5304 gloria
2099 5225 2306 5280 indicat
2333 5220 2477 5292 quod
2508 5220 2652 5273 Deus
2697 5212 3002 5285 patefactus
3034 5211 3124 5280 Lsit
3154 5210 3207 5263 in
3247 5223 3415 5262 carne
3447 5225 3463 5262 :

1885 5297 2132 5386 omnino,
2168 5320 2412 5388 inquam,
2452 5311 2597 5366 Deus
2651 5308 2884 5378 unigena
2928 5306 3038 5371 ille,
3078 5303 3172 5373 qui
3209 5297 3466 5355 Patrisin

1886 5418 2102 5474 sinibus
2161 5409 2398 5474 exsistit,
2459 5419 2585 5459 cum
2635 5403 2711 5456 ita
2766 5399 3008 5453 Joannes
3053 5391 3468 5451 dixerit:Con-

1887 5510 2154 5581 aperimus
2215 5503 2442 5575 gloriam
2465 5498 2579 5568 ejus
2611 5493 2784 5566 (atqui
2814 5493 2978 5546 homo
3015 5496 3135 5543 erat
3171 5484 3317 5556 quod
3348 5498 3468 5536 cer-

1897 5579 2152 5668 nebatur,
2187 5611 2377 5656 verum
2421 5593 2476 5651 id
2508 5588 2655 5657 quod
2681 5601 2776 5660 per
2804 5585 2958 5641 illum
3002 5579 3464 5654 coguosccbatur,
