3850 6224
207 328 350 387 1M9

1206 333 1274 391 ΙΝ
1304 335 1598 393 CANTICA
1623 333 1896 396 CANTIC.
1936 340 2224 404 HOMILIA
2264 348 2404 404 Xlll.

3341 356 3482 413 1050

207 463 358 500 νειαν
405 448 736 517 χειραγωγεῖ
781 445 883 511 τὰς
938 448 1258 522 παρθένους.
1307 453 1484 525 Ὅπερ
1521 453 1586 525 δὴ
1633 455 1726 508 καὶ
1763 455 1792 507 ὁ

1914 460 1990 514 .Ied
2021 477 2117 518 eas
2156 464 2224 518 ad
2257 464 2454 520 factam
2477 468 2532 522 in
2560 482 2727 523 carne
2749 467 3173 538 patefactionem
3209 469 3300 524 Dei
3321 475 3477 541 quasi

211 541 388 610 μέγας
433 540 682 612 Ἰωάννης
731 542 1029 609 πεποίηκεν
1058 585 1073 606 ,
1113 543 1142 597 ὃ
1195 545 1295 615 μὲν
1348 546 1447 600 ἀπ’
1485 547 1662 618 ἀρχῆς
1707 541 1796 618 ἦν,

211 631 497 702 σιωπήσας
522 648 537 663 ο
565 631 594 686 ὃ
623 633 679 686 δὲ
706 633 1034 703 ἑωράκαμεν
1069 637 1163 689 καὶ
1204 637 1522 708 ἀκηκόαμεν
1545 679 1560 702 ,
1616 639 1712 692 καὶ
1742 642 1798 693 αἱ

208 725 392 794 χεῖρες
422 724 580 794 ἡμῶν
623 725 982 794 ἐψηλάφησαν
1032 729 1162 799 περὶ
1207 730 1302 782 τοῦ
1341 730 1501 798 λόγου
1531 731 1632 801 τῆς
1669 731 1802 802 ἀλη-

212 815 366 878 Θείας
383 855 398 878 ,
425 815 586 869 τοῦτο
614 817 682 870 δι’
707 819 1025 888 ἐπιμελείας
1049 820 1476 892 διηγησάμενος.
1511 823 1680 894 Φησὶν
1707 820 1801 877 οὖν

209 907 353 978 πρὸς
375 907 546 972 αὐτὰς
592 910 626 979 ἡ
661 909 849 980 νύμφη
871 927 886 942 ο
932 911 1270 981 Ἁδελφιδός
1301 932 1422 983 μου
1447 917 1669 981 λευκὸς
1699 918 1799 970 καὶ

210 1001 444 1070 πυρῤὸς
463 1043 476 1062 ,
516 1001 1023 1072 ἐκλελοχισμένος
1057 1005 1172 1058 ἀπὸ
1195 1005 1519 1074 μυριάδων.
1552 1007 1800 1078 Κεφαλὴ

210 1087 404 1142 αὐτοῦ
432 1089 693 1157 χρυσίον
727 1090 961 1159 Κεφ-ἀς·
992 1093 1329 1164 βόστρυχοι
1359 1094 1546 1149 αὐτοῦ
1572 1097 1800 1162 ἐλάται,

204 1177 476 1248 μέλανες
522 1180 603 1246 ὡς
636 1181 822 1250 κόραξ
849 1198 862 1211 ·
901 1184 955 1236 oi
993 1184 1288 1253 ὀφθαλμοὶ
1319 1185 1509 1240 αὐτοῦ
1535 1187 1613 1253 ὡς
1642 1203 1805 1255 περι-

213 1271 425 1339 στεραὶ
473 1271 573 1325 ἐπὶ
623 1273 987 1344 πληρώματα
1018 1275 1254 1330 ὑδάτων
1276 1316 1292 1341 ,
1342 1279 1704 1348 λελουμέναι
1734 1280 1805 1333 ἐν

211 1361 491 1430 γάλακτι,
511 1364 839 1434 καθήμεναι
859 1367 958 1420 ἐπὶ
990 1367 1360 1437 πληρώματα
1387 1369 1641 1424 ὑδάτων.
1666 1373 1806 1424 Σια-

213 1455 395 1525 γόνες
442 1455 630 1525 αὐτοῦ
669 1458 752 1524 ὡς
798 1458 1007 1529 φιάλαι
1054 1461 1161 1516 τοῦ
1195 1461 1502 1531 ἀρώματος
1540 1465 1804 1532 φύουσαι

208 1548 538 1618 μυρεψικά.
578 1550 760 1616 Χείλη
786 1551 973 1606 αὑτοῦ
1001 1553 1176 1620 κρίνα
1208 1553 1500 1614 στάζοντα
1529 1557 1806 1623 σμύρναν

212 1641 420 1708 πλήρη
439 1652 466 1680 -⁶
491 1643 686 1712 χεῖρες
725 1643 911 1698 αὺτοῦ
944 1644 1245 1713 τορευταὶ,
1294 1646 1549 1716 χρυσαῖ,
1577 1651 1808 1714 πεπλη-

207 1725 469 1795 ρωμέναι
498 1730 772 1797 Θαρσεῖς·
805 1731 1006 1786 κοιλία
1023 1733 1212 1788 αὐτοῦ
1244 1735 1465 1799 πυξίον
1492 1736 1804 1805 ἐλεφάντι-

211 1835 331 1872 νον
355 1819 455 1873 ἐπῑ
481 1821 658 1876 λίθου
684 1825 1026 1892 σαπςρείρου
1050 1841 1064 1854 ·
1095 1824 1320 1893 κνῆμαι
1349 1828 1558 1892 αὑτοῦ,
1589 1829 1801 1883 στύλοι
1834 1823 1877 1878 Β

209 1909 591 1980 μαρμάρινα.
625 1916 1110 1984 τεθεμελιωμένοι
1141 1916 1238 1970 ἐπὶ
1272 1917 1493 1986 βάσεις
1525 1919 1760 1987 χρυσᾶς
1783 1935 1798 1951 ο

213 1998 380 2070 εἶδος
415 2004 602 2059 αὐτοῦ
645 2005 728 2072 ὡς
774 2007 1030 2074 Λίϐανος
1081 2009 1367 2076 ἐκλεκτὸς
1391 2051 1405 2073 ,
1455 2011 1536 2076 ὡς
1580 2011 1798 2080 κέδροι.

214 2093 460 2164 Φάρυτξ
499 2096 690 2150 αὐτοῦ
723 2099 1065 2170 τλυκασμοὶ
1087 2138 1102 2162 ,
1161 2101 1258 2155 καὶ
1299 2101 1444 2169 ὅλος
1478 2104 1759 2173 ἐπιθυμία
1782 2121 1798 2138 ·

213 2181 400 2254 οὗτος
432 2186 756 2258 άὸελφιδός
796 2208 916 2259 μου
939 2233 955 2258 ,
995 2191 1094 2246 καὶ
1141 2187 1320 2260 οὗτος
1357 2196 1626 2262 πλησίον
1658 2213 1800 2266 μου,

214 2277 539 2349 θυγατέρες
573 2281 992 2352 Ἰερουσαλήμ.
1032 2283 1216 2338 Ταῦτα
1248 2286 1424 2340 πάντα
1445 2288 1510 2341 δι’
1538 2281 1613 2342 ὧν
1646 2290 1678 2361 ἡ
1707 2289 1800 2343 τοῦ

214 2371 450 2436 κάλλους
471 2372 695 2442 γέγονεν
727 2373 1018 2446 ὑπογραφὴ
1048 2415 1063 2440 ,
1094 2376 1156 2429 οὐ
1186 2377 1295 2430 τῶν
1336 2379 1584 2450 ἀοράτων
1615 2397 1674 2434 τε
1708 2381 1804 2435 καὶ

213 2466 622 2536 ἀκαταλήπτων
666 2469 766 2539 τῆς
793 2468 1044 2540 θεότητός
1088 2471 1237 2524 ἐστιν
1269 2471 1574 2526 ἐνδεικτικά
1605 2490 1620 2505 ο
1668 2474 1804 2528 άλλά

213 2559 327 2610 τῶν
375 2560 498 2612 κατ’
542 2559 856 2630 οἰκονομίαν
908 2561 1371 2632 φανερωθέντων,
1427 2565 1517 2618 ὅτε
1557 2565 1650 2618 ἐπὶ
1705 2569 1804 2638 τῆς

215 2653 320 2721 γῆς
357 2649 514 2723 ὤφθη
540 2691 556 2716 ,
591 2652 683 2706 καὶ
733 2654 846 2718 τοῖς
882 2652 1193 2724 ἀνθρώποις
1225 2657 1638 2728 συνανεστράφη
1661 2699 1673 2722 ,
1704 2660 1804 2729 τὴν

216 2743 569 2814 ἀνθρωπίνην
602 2744 964 2816 ἐνδυσάμενος
987 2746 1170 2815 φύσιν,
1199 2747 1266 2800 δι’
1287 2739 1363 2801 ὧν
1391 2749 1531 2803 κατὰ
1558 2750 1650 2803 τὸν
1678 2751 1808 2806 ἀπο-

220 2835 468 2888 στολικὸν
496 2834 674 2903 λόγον,
711 2836 806 2888 καὶ
837 2835 910 2889 τὰ
939 2835 1146 2908 ἀόρατα
1193 2835 1358 2890 αὐτοῦ
1399 2839 1512 2902 τοῖς
1539 2840 1806 2908 ποιήμασι

216 2927 486 2998 νοούμενα
513 2926 838 2998 καθορᾶται,
869 2926 958 2980 διά
979 2929 1078 2998 τῆς
1106 2928 1197 2981 τοῦ
1233 2927 1688 2999 ἐκκλησιαστικοῦ
1715 2929 1808 2982 κό-

219 3035 363 3090 σμου
396 3021 742 3090 κατασκευῆς
781 3017 1181 3089 φανερούμενα.
1216 3019 1441 3090 Κόσμου
1481 3020 1589 3090 γὰρ
1631 3019 1806 3085 κτίσις

218 3114 371 3167 ἐστὶν
403 3113 438 3183 η
485 3113 584 3182 τῆς
625 3111 952 3184 Ἐκκλησίας
993 3112 1308 3183 κατασκευή
1335 3129 1348 3142 ·
1385 3114 1443 3164 ὲν
1535 3113 1678 3166 κατά
1709 3115 1807 3185 τὴν

219 3207 316 3260 τοῦ
348 3207 629 3277 προφήτου
663 3204 848 3275 φωνὴν
873 3203 970 3256 καὶ
1002 3205 1030 3257 ό
1057 3202 1290 3275 οὐρανὸς
1314 3204 1558 3267 κτίζεται
1581 3205 1767 3268 καινός

218 3301 358 3369 ὅπερ
398 3299 515 3352 ἐστὶ
564 3298 627 3352 τὺ
675 3297 964 3369 στερέωμα
995 3298 1094 3368 τῆς
1149 3297 1232 3360 εἰς
1261 3295 1500 3368 Χριστὸν
1552 3297 1809 3360 πίστεως,

219 3390 408 3454 καθὼς
437 3392 466 3445 ὁ
492 3388 701 3453 Παῦλός
731 3405 887 3460 φησι,
917 3389 1008 3442 καὶ
1031 3388 1102 3457 γῆ
1132 3388 1294 3458 καινὴ
1318 3387 1810 3451 κατασκευάζεται.

217 3486 255 3555 ἡ
288 3483 519 3537 πίνουσα
555 3481 649 3535 τὸν
683 3482 769 3534 ἐπ’
804 3479 974 3550 αὐτὴν
1006 3480 1304 3552 ἐρχόμενον
1353 3478 1506 3532 ὑετὸν
1528 3516 1544 3540 ,
1594 3479 1689 3532 καὶ
1721 3478 1815 3532 άν-

221 3575 445 3648 θρωπος
482 3573 782 3629 πλάσσεται
811 3570 970 3634 ἄλλος
991 3609 1006 3632 ,
1054 3572 1083 3622 ό
1119 3568 1207 3622 διὰ
1247 3568 1346 3639 τῆς
1376 3567 1584 3621 ἀνωθεν
1617 3568 1814 3638 γεννή‹

223 3683 366 3730 σεως
389 3663 874 3734 ἀνακαινιζὸμενος
912 3661 1032 3716 κατ’
1067 3660 1253 3717 εἰκόνα
1276 3659 1372 3713 τοῦ
1397 3659 1680 3722 κτίσαντος
1718 3659 1816 3711 αὐ-

221 3757 351 3811 τόν·
388 3755 485 3810 καὶ
515 3755 819 3825 φωστήρων
855 3751 1018 3821 φύσις
1062 3751 1225 3822 ἑτέρα
1271 3749 1483 3818 γίνεται
1507 3791 1522 3814 ,
1567 3751 1698 3821 περὶ
1741 3744 1816 3803 ὧν

223 3865 395 3921 φησιν
418 3888 435 3910 ,
461 3848 544 3902 ὅτι
588 3845 776 3915 Ὑμεῖς
823 3845 965 3899 ἐστε
993 3845 1058 3898 τὸ
1093 3842 1219 3913 φῶς
1256 3842 1362 3898 τοῦ
1396 3843 1630 3911 κόσμου
1655 3859 1668 3874 ·
1699 3842 1815 3904 καὶ,

235 3941 344 3997 Ἔν
366 3934 458 4006 οἷς
507 3938 798 4008 φαίνεσθε
848 3936 928 4000 ὡς
977 3933 1292 4004 φωστῆρες
1333 3933 1402 3986 ὲν
1445 3934 1684 4001 κόσμῳο
1725 3933 1819 3986 καὶ⁸

225 4032 461 4103 ἀστέρες
510 4029 731 4094 πολλοὶ,
765 4029 813 4084 οἱ
856 4029 914 4082 ἐν
951 4025 1028 4096 τῷ
1071 4023 1412 4095 στερεὼματι
1446 4025 1544 4094 τῆς
1583 4023 1819 4086 πίστεως

224 4123 633 4186 ἀνατέλλοντες.
663 4122 773 4176 Καὶ
806 4118 961 4174 οὔπω
992 4119 1152 4175 τοῦτο
1180 4116 1514 4187 θαυμαστὸν,
1549 4117 1596 4168 εἰ
1637 4115 1818 4185 πλήθη

225 4217 446 4288 ἄστρων
473 4215 653 4276 ἐστὶν,
705 4213 762 4266 ὲν
789 4211 868 4282 τῷ
917 4210 1089 4281 καινῴ
1127 4208 1307 4280 τούτῳ
1338 4207 1530 4277 κόσμῳ
1574 4206 1677 4261 ὑπὸ
1720 4204 1816 4258 τοῦ

225 4310 366 4365 Θεοῦ
400 4307 778 4380 ἀριθμούμενα
802 4305 897 4359 καὶ
930 4303 1310 4373 ὀνομαζόμενα
1330 4341 1344 4362 ,
1376 4293 1452 4356 ὧν
1483 4299 1553 4354 τὰ
1581 4299 1820 4370 ὀνόματα

221 4404 258 4459 ὁ
283 4398 511 4471 ποιητὴς
539 4397 649 4454 τῶν
675 4394 932 4450 τοιούτων
960 4393 1176 4464 ἄστρων
1198 4392 1256 4445 ὲν
1278 4392 1393 4453 τοῖς
1415 4389 1664 4460 οὐρανοῖς
1691 4388 1822 4440 ἁπο-

226 4492 543 4564 γεγράφθαι
568 4489 740 4558 λέγει.
771 4486 930 4542 Οὕτω
964 4486 1074 4555 γὰρ
1100 4484 1309 4564 ἥκουσα
1345 4480 1441 4536 τοῦ
1484 4477 1817 4552 δημιουργοῦ

1903 568 2068 607 manu
2114 556 2291 610 ducit.
2325 559 2470 613 Idem
2518 561 2682 614 etiam
2719 577 2952 631 magnus
2987 563 3078 616 ille
3107 560 3349 619 Joannes
3403 564 3483 617 ﬁ:-

1899 647 1976 701 cit
2001 648 2070 710 ⁹⁶,
2097 663 2222 702 eum
2254 666 2321 704 eo
2357 652 2501 721 quod
2528 653 2686 707 initio
2712 669 2891 706 rerum
2927 664 3044 708 erat
3095 655 3312 714 silentio
3344 671 3484 726 prat-

1901 743 2088 808 terito,
2117 745 2362 798 studiose
2390 755 2786 799 commemorat
2835 748 2966 800 illud
3017 749 3162 816 quod
3213 748 3479 811 vidimus.

1901 836 2048 905 quod
2101 837 2438 892 audivimus.
2500 847 2553 892 et
2607 848 2971 893 attrectarunt
3029 857 3223 896 manus
3279 851 3484 896 nostra:

1903 929 1971 982 de
2021 933 2190 985 verbo
2254 934 2399 986 vitaz.
2454 933 2994 1004 Responditligit-ur
3055 935 3162 989 illis
3227 951 3478 1005 sponsa:

1907 1021 2177 1092 Cognatus
2204 1041 2351 1078 meus
2377 1035 2454 1079 est
2480 1027 2738 1080 candidus
2777 1036 2828 1081 et
2881 1027 3232 1089 rubicundus,
3288 1028 3484 1081 electus

1904 1132 1971 1170 ea:
1992 1116 2168 1170 decem
2201 1117 2459 1171 millibus.
2486 1117 2659 1187 Caput
2681 1119 2818 1188 ejus.
2867 1136 3056 1172 aurum
3081 1119 3290 1188 Cepltaz
3327 1135 3346 1172 :
3372 1121 3489 1174 cin-

1905 1210 2045 1264 cinni
2075 1211 2188 1278 ejus
2221 1210 2440 1271 abietes.
2480 1212 2620 1281 nigri
2652 1221 2904 1282 tanquam
2939 1229 3145 1266 corrus.
3181 1213 3335 1268 Oculi
3370 1214 3486 1282 ejus

1906 1307 2042 1356 sicut
2077 1303 2354 1364 columbae,
2374 1303 2443 1356 ad
2481 1321 2740 1373 aquarum
2770 1305 2972 1371 capias.
2992 1305 3188 1358 abluta:
3213 1305 3369 1368 lacte,
3401 1322 3486 1359 se-

1906 1395 2087 1449 dentes
2101 1396 2260 1466 juxta
2287 1397 2466 1464 copias
2485 1413 2765 1466 aquarum.
2783 1397 3025 1450 Maxillw
3044 1398 3209 1465 ipsius
3233 1405 3487 1467 tanquam

1909 1489 2170 1540 aromatis
2211 1487 2429 1554 pltialw,
2477 1504 2596 1556 qua:
2650 1488 2926 1557 proferunt
2979 1496 3267 1556 unguenta.
3311 1486 3488 1542 Labra

1907 1579 2022 1648 ejus
2045 1591 2165 1634 sunt
2195 1579 2337 1642 lilia,
2366 1579 2692 1634 distillanlia
2735 1581 3007 1648 myrrham
3035 1579 3264 1634 uberem.
3294 1577 3489 1632 Manus

1908 1671 2058 1727 illius
2135 1673 2364 1735 tortiles.
2436 1689 2634 1737 aureae,
2722 1673 2890 1740 plenae
2974 1672 3218 1726 learsis.
3301 1669 3493 1725 Venter

1909 1765 2022 1834 ejus
2079 1763 2275 1818 tabella
2321 1765 2580 1827 eburnea.
2633 1766 2686 1818 in
2740 1766 2916 1834 lapide
2974 1765 3244 1833 sapphiro.
3318 1762 3492 1819 Crura

1907 1857 2056 1912 illius
2093 1858 2352 1913 columna:
2422 1876 2756 1924 marmoreas,
2813 1857 3054 1927 fundata:
3101 1873 3256 1926 super
3300 1873 3493 1910 aureas

1911 1953 2082 2008 bases.
2134 1952 2342 2019 Species
2376 1951 2565 2020 ipsius,
2593 1960 2651 2004 ut
2690 1952 2884 2006 electus
2911 1950 3171 2012 Libanus,
3214 1959 3271 2003 ut
3323 1949 3490 2001 cedri.

1910 2046 2108 2102 Guttur
2143 2047 2259 2116 ejus
2287 2045 2615 2109 dulcedines,
2647 2061 2708 2098 ac
2736 2044 2869 2098 nihil
2912 2045 3016 2096 nisi
3043 2043 3363 2097 desiderium
3392 2051 3493 2094 est.

1911 2141 2015 2195 llic
2041 2149 2118 2195 est
2161 2149 2416 2211 cognatus
2449 2156 2615 2200 meus,
2655 2147 2705 2192 et
2734 2138 2818 2190 hic
2855 2137 3133 2206 proximus
3163 2150 3331 2196 meus,
3367 2133 3495 2201 ﬁlim

1908 2231 2228 2288 Jerusalem.
2272 2230 2399 2287 Haec
2431 2232 2692 2286 nimirum
2727 2230 2932 2292 omnia,
2965 2242 3062 2297 per
3087 2242 3207 2296 qua-
3237 2231 3494 2279 venustas

1910 2327 2030 2397 ejus
2065 2326 2399 2397 depingitur,
2434 2341 2542 2378 non
2571 2339 2692 2391 qua:
2729 2322 2784 2375 in
2817 2320 3108 2374 divinitate
3138 2317 3289 2373 cerni
3321 2317 3496 2386 porci.

1913 2420 2081 2491 pique
2125 2424 2429 2489 nequeunt,
2465 2417 2713 2470 indicant
2752 2433 2764 2468 :
2802 2415 2895 2468 sed
2941 2412 3033 2465 illa
3076 2424 3195 2480 qua:
3255 2406 3494 2462 admini-

1911 2515 2197 2571 strationis
2237 2521 2484 2582 tempore
2531 2509 2801 2582 patefacta
2840 2515 3005 2567 sunt,
3066 2519 3190 2560 cuin
3241 2501 3295 2556 in
3348 2511 3497 2554 terra

1912 2615 2244 2679 conspectus
2275 2615 2380 2668 est,
2413 2615 2468 2660 et
2499 2607 2734 2659 hmnana
2765 2603 2990 2657 indutus
3023 2607 3216 2653 natura
3244 2610 3367 2651 cum
3399 2594 3498 2648 ho-

1913 2701 2158 2756 minibus
2191 2707 2444 2756 versatus
2469 2697 2594 2762 fuit,
2631 2712 2729 2768 per
2759 2711 2902 2765 qtae,
2935 2705 2994 2748 ut
3017 2689 3344 2763 apostolicis
3371 2701 3494 2741 ver-

1914 2797 1999 2853 bis
2028 2806 2268 2852 utamur.
2299 2795 2465 2848 etiam
2499 2791 2591 2846 illa
2621 2796 2927 2845 cernuntur
2975 2799 3098 2856 quae
3151 2783 3204 2836 in
3249 2782 3372 2852 ipso
3408 2777 3494 2831 vi-

1915 2893 2033 2949 deri
2080 2897 2383 2961 nequeunt,
2415 2887 2544 2943 dum
2587 2902 2653 2941 ex
2707 2883 2842 2954 ipsis
2897 2881 3055 2936 factis
3093 2877 3497 2946 intelliguntur,

1913 2989 2020 3042 hoc
2041 2993 2148 3049 est,
2180 2985 2309 3040 dum
2342 2998 2439 3054 per
2472 2978 2748 3050 opiﬁcium
2781 2975 2972 3030 mundi
3002 2967 3363 3028 ecclesiastici
3396 2981 3497 3036 pa-

1916 3079 2192 3138 teﬁunt".
2235 3077 2368 3130 Nam
2405 3073 2683 3145 opiﬁcium
2730 3069 2992 3124 Ecclesia:
3041 3064 3199 3136 quasi
3248 3062 3497 3134 quaedam

1789 3157 1880 3242 ξς,
1916 3171 2104 3228 mundi
2141 3169 2346 3225 creatio
2391 3174 2516 3230 est,
2573 3165 2629 3220 in
2685 3177 2793 3233 qua
2845 3159 3147 3216 secundum
3184 3157 3330 3211 illam
3369 3171 3500 3224 pro-

1913 3266 2089 3336 phetae
2118 3276 2330 3324 vocem,
2366 3266 2419 3314 et
2448 3257 2648 3312 omium
2677 3270 2878 3309 novum
2913 3248 3212 3312 creatur",
3247 3245 3394 3316 quod
3417 3251 3504 3298 est

1916 3357 2319 3409 ﬁrmamentum
2365 3349 2486 3404 ﬁdei
2531 3347 2588 3400 in
2632 3345 2941 3405 Christum,
2978 3350 3038 3394 ut
3082 3339 3285 3394 Paulus
3315 3337 3501 3406 loqui»

1917 3447 2091 3510 tur”,
2141 3453 2195 3500 et
2245 3454 2390 3498 terra
2427 3456 2565 3496 nova
2601 3446 2848 3510 paratur,
2895 3450 3018 3506 quae
3055 3433 3281 3487 imbrem
3334 3431 3389 3484 in
3442 3444 3502 3484 se

1919 3542 2159 3595 delatum
2208 3537 2402 3592 bibat:
2439 3542 2495 3589 et
2527 3533 2672 3588 alius
2723 3532 2886 3585 homo
2941 3528 3230 3586 formatur,
3281 3524 3371 3594 qui
3408 3539 3504 3593 per

1919 3631 2325 3704 generationem
2380 3641 2674 3698 supernam
2741 3629 3039 3678 renovatur
3088 3619 3153 3673 ad
3210 3617 3502 3686 imaginem

1918 3725 2202 3782 Creatoris
2240 3742 2253 3778 :
2291 3729 2345 3777 et
2389 3717 2743 3774 luminarium
2787 3725 2983 3770 natura
3019 3713 3074 3767 ﬁt
3114 3713 3240 3770 alia.
3276 3711 3342 3764 de
3379 3709 3506 3778 qui-

1917 3820 2020 3874 bus
2048 3816 2292 3871 dicitur:
2351 3812 2452 3868 Vos
2499 3811 2627 3865 estis
2676 3808 2860 3862 mundi
2907 3805 3142 3859 lumen‘.
3197 3803 3329 3857 ltem
3371 3820 3383 3855 :
3437 3800 3504 3854 In

1917 3910 2105 3982 quibus
2175 3907 2361 3962 lucetis
2435 3902 2708 3972 conspicui
2774 3910 3027 3964 tanquam
3096 3895 3389 3950 luminaria
3448 3895 3505 3946 in

1921 4002 2162 4058 mundo'
2200 4017 2212 4053 :
2256 4001 2424 4053 multa
2463 3998 2704 4066 denique
2744 3993 2947 4054 sidera,
2991 4006 3113 4060 quae
3159 3989 3212 4042 in
3249 3987 3368 4041 ﬁdei
3408 3986 3504 4038 ﬁr-

1923 4102 2198 4149 mamento
2232 4092 2586 4146 exoriuntur.
2632 4086 2820 4157 Neque
2855 4085 3058 4138 mirum
3099 4081 3268 4136 videri
3316 4079 3503 4138 debet.

1919 4204 2042 4246 esse
2089 4199 2340 4255 magnam
2389 4182 2630 4237 siderum
2681 4174 3112 4238 multitudinem,
3156 4188 3278 4243 qua:
3313 4173 3368 4225 in
3403 4172 3508 4226 hoc

1919 4280 2126 4336 mundo
2158 4294 2187 4332 a
2216 4276 2328 4330 Deo
2359 4281 2722 4329 numerantur
2755 4286 2818 4323 ac
2852 4267 3178 4322 nominatim
3222 4265 3506 4336 appellan-

1921 4383 2010 4428 tur
2046 4414 2062 4436 ,
2111 4385 2344 4442 quorum
2398 4368 2562 4422 etiam
2604 4362 2825 4419 nomina
2872 4361 2989 4432 ipse
3021 4359 3220 4429 Opiiex
3258 4359 3311 4413 in
3348 4358 3511 4414 uelis

1919 4462 2234 4534 consignari
2266 4461 2362 4514 ait.
2415 4458 2506 4512 Sic
2534 4456 2679 4512 enim
2713 4452 2878 4508 audio
2907 4453 3033 4506 novi
3067 4449 3272 4520 opiﬁcii
3311 4448 3509 4503 condi-

573 4540 806 4641 κτίσεως
877 4540 1015 4646 πρός
1042 4540 1179 4638 ’τοῦς
1215 4561 1376 4637 ἰδ’ίους
1403 4540 1568 4626 αὐτοῦ
1603 4540 1807 4640 φωστῆ-

1923 4566 2100 4612 torem
2133 4554 2198 4609 ad
2235 4550 2530 4606 luminaria
2563 4563 2663 4603 sua
2695 4546 2881 4601 dicere
2919 4563 2931 4598 :
2969 4541 3204 4597 Nomina
3244 4549 3416 4596 vestra
3452 4540 3508 4593 in

2010 4651 2040 4658 ..
2103 4649 2114 4658 .
2247 4647 2258 4658 α
2303 4655 2312 4658 -
2486 4641 2539 4658 ,ι
2610 4638 2680 4658 ιτ-
2706 4655 2715 4658 μ
2753 4639 2922 4658 --Ι--..-
2971 4636 3072 4658 1..Δ
3102 4649 3301 4658 ...ι---.κε
3341 4639 3418 4658 λιιι
3451 4633 3502 4658 ἶ.-

235 4695 339 4750 ρας
365 4675 636 4742 λέγοντος
656 4673 738 4725 ὅτι
763 4671 840 4724 Τὰ
858 4669 1126 4738 ὀνόματα
1135 4666 1300 4735 ὑμῶν
1321 4665 1713 4736 ἐγγέγραπται
1745 4663 1817 4716 ἐν

227 4769 358 4835 τοῖς
385 4764 687 4834 οὐρανοῖς.
705 4763 779 4818 Οὐ
800 4762 961 4816 τοῦτο
989 4759 1168 4814 τοίνυν
1184 4757 1344 4830 μόνον
1359 4760 1457 4829 τῆς
1476 4756 1670 4826 καινῆς
1699 4754 1818 4812 κτί-

230 4862 372 4926 σιὼς
391 4862 511 4918 ἔστι
551 4859 614 4915 τὸ
653 4855 974 4926 παράδοξον,
1005 4855 1090 4908 ὅτι
1114 4852 1330 4924 ἄστρων
1358 4849 1560 4921 πλῆθος
1589 4852 1648 4903 ὲν
1673 4850 1811 4922 αὐτῇ

228 4953 646 5027 δημιουργεῖται
685 4946 837 5018 παρά
859 4944 952 4998 τοῦ
988 4944 1163 5011 Λόγου
1186 4959 1200 4972 ⁸
1229 4941 1345 4996 ἀλλ’
1383 4942 1466 4994 ὅτι
1501 4941 1596 4994 καὶ
1632 4940 1818 4994 πολλοὶ

229 5041 373 5111 ἣλιοι
401 5038 680 5102 κτίζονται
701 5076 717 5101 ,
754 5037 874 5098 ταῖς
911 5033 1017 5087 τῶν
1043 5031 1265 5100 ἀγαθῶν
1292 5030 1469 5100 ἔργων
1501 5031 1684 5084 ἀκτῖσι
1719 5030 1819 5100 τὴν

229 5133 558 5202 οἰκουμένην
595 5129 948 5200 φωτίζοντεςο
983 5125 1156 5188 οὕτως
1182 5124 1427 5186 εἰπόντος
1458 5123 1553 5176 τοῦ
1591 5122 1816 5193 ποιητοῦ

230 5227 341 5280 τῶν
382 5224 639 5281 τοιούτων
672 5222 838 5293 ἡλίων
860 5237 873 5250 ·
907 5216 1208 5288 Acad-dra)
1250 5215 1317 5272 τὸ
1369 5214 1495 5285 φῶς
1519 5213 1688 5285 ὑμῶν
1713 5215 1817 5284 ἒμ-

231 5319 501 5384 προσθεν
543 5311 661 5368 τῶν
701 5309 1028 5389 ἀνθρώπων
1051 5324 1066 5338 ο
1121 5307 1214 5361 καὶ
1236 5345 1251 5366 ,
1317 5304 1454 5358 Τότε
1503 5306 1556 5357 οἱ
1595 5302 1816 5356 δίκαιοι

230 5407 594 5476 λάμψουσιν
634 5405 715 5470 ὡς
740 5406 773 5458 ὁ
800 5401 995 5470 ἣλιος.
1033 5401 1244 5469 Ὥσπερ
1276 5396 1456 5450 τοίνυν
1498 5397 1528 5450 ό
1571 5394 1706 5465 πρὸς
1729 5393 1820 5446 τὸν

231 5497 493 5568 αἰσθητὸν
540 5496 748 5552 ἀπιδὼν
781 5495 987 5565 κόσμον
1009 5533 1025 5557 ,
1055 5491 1150 5546 καὶ
1176 5492 1277 5561 τὴν
1308 5487 1713 5560 ἐμφαινομένην
1740 5484 1818 5554 τῷ

233 5589 421 5645 κάλλει
457 5587 570 5647 τῶν
607 5589 777 5642 ὄντων
807 5585 1000 5654 σοφίαν
1034 5582 1372 5653 κατανοήσας
1391 5619 1406 5645 ,
1441 5576 1819 5646 ἀναλογίζεται

1923 4651 2066 4705 caelis
2096 4647 2351 4714 inscripta
2377 4652 2499 4697 sunt
2519 4641 2561 4695 ³.
2609 4638 2720 4695 Nec
2750 4639 2926 4695 solum
2971 4636 3074 4690 hoc
3102 4649 3302 4692 novum
3338 4639 3423 4686 est
3451 4633 3510 4684 in

1922 4744 2017 4800 illo
2063 4756 2208 4797 novo
2242 4751 2423 4793 rerum
2465 4734 2714 4804 opiﬁcio.
2763 4730 2909 4799 quod
2958 4742 3213 4797 magnam
3264 4726 3511 4779 siderum

1921 4831 2324 4894 multitudinem
2355 4830 2408 4884 in
2442 4844 2508 4884 eo
2528 4825 2732 4882 condat
2753 4822 3019 4884 Verbum,
3046 4818 3142 4876 sed
3169 4818 3315 4887 quod
3341 4817 3509 4871 etiam

1923 4929 2072 4988 soles
2114 4924 2271 4981 multi
2319 4927 2598 4982 creentur,
2631 4918 2723 4988 qui
2767 4916 3037 4972 bonorum
3071 4928 3297 4983 operum
3339 4909 3508 4964 radiis

1926 5023 2119 5078 orbem
2155 5018 2454 5072 illustrem.
2492 5011 2586 5065 Sic
2615 5009 2761 5064 enim
2807 5008 2882 5060 ait
2915 5007 2983 5071 is,
3029 5004 3124 5074 qui
3166 5003 3310 5056 soles
3355 5001 3506 5070 ejus-

1927 5113 2076 5170 modi
2109 5109 2338 5167 condit:
2380 5103 2665 5175 Splendeat
2697 5102 2790 5154 lum
2831 5110 3005 5154 vestra
3054 5113 3236 5150 coram
3278 5095 3510 5149 hornini-

1925 5207 2020 5262 bus
2038 5205 2081 5258 ".
2115 5203 2260 5258 item
2307 5218 2320 5254 :
2365 5196 2664 5268 Fulgebunt
2698 5195 2752 5248 id
2786 5191 3032 5258 temporis
3073 5189 3214 5258 justi
3253 5198 3509 5254 tanquam

1925 5301 2009 5354 sol
2042 5296 2211 5366 ipse”.
2251 5289 2723 5360 Quemadmodqu
2773 5288 2938 5359 igitur
2989 5287 3036 5341 is
3097 5283 3193 5353 qui
3244 5281 3507 5336 sensilem

1931 5395 2079 5448 hunc
2106 5389 2380 5446 mundum
2415 5385 2650 5454 aspexit,
2690 5388 2745 5436 et
2773 5380 3050 5434 lucentem
3084 5376 3139 5432 in
3170 5375 3288 5444 ipsa
3320 5386 3508 5426 rerum

1927 5480 2336 5556 pulchritudine
2359 5475 2680 5548 sapientiam
2707 5467 3098 5529 consideravit.
3126 5463 3512 5520 ratiocinando

1929 5553 2165 5631 aestimat
2193 5587 2287 5642 per
2323 5583 2387 5628 ea
2435 5579 2559 5637 quas
2587 5563 2693 5619 sub
2723 5561 2916 5618 oculos
2946 5557 3149 5615 cadunt
3203 5553 3507 5626 pulchritu-

304 5745 353 5776 "
381 5742 578 5799 lJnan.
613 5761 651 5800 l.
688 5743 737 5797 Ι.
812 5743 857 5773 ’⁷
892 5741 1219 5797 Rom.t.9.0.
1297 5738 1471 5791 "lsa.
1519 5752 1645 5799 ην,
1701 5734 1783 5797 l7.

1925 5729 2201 5789 lTimoth.
2237 5745 2319 5796 ιιι,
2350 5725 2434 5782 15.
2513 5724 2524 5755 ¹
2554 5721 2748 5778 Matth.
2778 5719 2940 5788 v,N.
3007 5721 3028 5752 ‘
3059 5717 3293 5790 Philipp.
3325 5731 3383 5776 ιι,
3424 5707 3511 5767 ιδ.

242 5815 264 5845 ⁸
301 5810 436 5868 Luc.
472 5811 641 5874 x30.
720 5816 744 5844 ⁵
776 5810 965 5866 Matth.
1001 5827 1052 5876 v,
1088 5813 1170 5866 16.
1249 5813 1268 5844 ⁸
1296 5810 1481 5866 Matth.
1505 5828 1625 5868 xm.
