3850 6224
377 271 510 326 1051

1629 276 1686 333 S.
1728 274 2061 332 GREGORI!
2095 275 2383 334 N-YSSENI

3502 285 3656 340 1052

375 394 559 446 dinem
591 390 740 444 illam
784 391 1259 460 inaspectabilem,
1292 403 1348 448 et
1401 393 1608 450 fontem
1650 397 1952 466 sapientiai,

2091 395 2146 449 ιὰ
2186 397 2294 450 τῶν
2327 398 2618 469 ὁρωμένων
2643 399 2703 452 τὸ
2737 399 2964 471 ἀόρατον
2997 400 3185 462 κάλλος
3210 442 3224 464 ,
3260 400 3356 453 καὶ
3401 401 3506 471 τὴν
3541 418 3652 470 πη-

375 485 536 554 cujus
569 483 788 538 emuxio
824 499 1006 538 rerum
1036 491 1289 539 naturam
1325 486 1380 541 in
1422 503 1625 558 corpus
1658 489 1761 543 hoc
1792 489 1955 544 rede-

375 579 453 643 git
484 593 496 628 :
534 575 615 629 sic
643 576 737 644 qui
783 576 1048 630 mundum
1083 581 1231 632 hunc
1266 593 1467 633 novum
1498 581 1551 633 in
1587 579 1806 650 opificio
1844 582 1950 634 Ec-

375 669 557 721 clesiae
589 667 805 736 aspicit,
842 669 989 721 videt
1043 669 1097 722 in
1153 685 1220 723 eo
1253 670 1407 724 illum
1455 673 1548 740 qui
1599 672 1652 725 in
1700 673 1957 728 oumibus

375 769 457 813 est
492 759 700 821 omnia,
751 774 915 812 manu
953 760 1112 828 quasi
1145 760 1353 815 ducens
1388 763 1756 831 cognitionem
1794 781 1953 818 suam

378 851 442 904 :ld
479 851 529 903 id
581 851 742 919 cujus
771 867 1002 920 capaces
1032 867 1140 905 non
1173 869 1386 915 smnus,
1415 869 1511 922 per
1545 854 1634 907 illa
1663 871 1783 921 quae
1803 871 1957 908 com-

381 942 639 1006 prehendi
703 958 768 996 ac
827 943 1028 1012 percipi
1090 959 1119 996 a
1181 953 1374 997 natura
1443 953 1631 999 nostra
1692 957 1953 1016 possunt.

379 1033 748 1099 Quamobrem
800 1050 922 1088 cum
972 1035 1054 1088 hae
1105 1035 1347 1105 virgines
1405 1036 1546 1105 (qua:
1575 1046 1697 1091 sunt
1731 1040 1945 1108 animae)

380 1126 699 1195 petitionem
735 1126 873 1179 hanc
903 1142 1060 1180 suam
1098 1136 1407 1197 proponunt
1454 1129 1529 1182 illi
1589 1145 1708 1198 qua:
1747 1131 1858 1199 jam
1889 1131 1955 1185 ad

383 1219 770 1287 perfectionem
815 1234 982 1275 cursu
1023 1220 1418 1283 contenderat,
1462 1229 1520 1274 ut
1556 1238 1650 1290 per
1685 1223 1855 1291 ipsam
1896 1225 1960 1276 li-

385 1319 504 1364 reat
530 1311 610 1364 eis
646 1311 992 1366 innotescere
1023 1311 1389 1367 desideratum
1428 1330 1440 1364 :
1491 1330 1587 1382 per
1615 1331 1678 1369 ea
1714 1331 1836 1384 qua:
1863 1332 1960 1370 sa-

384 1402 514 1456 lutis
546 1411 750 1457 nostrae
779 1419 944 1457 causa
972 1403 1240 1474 patefacta
1285 1407 1443 1461 nobis
1481 1415 1629 1471 sunt,
1665 1410 1822 1478 quasi
1857 1409 1952 1463 de-

383 1497 551 1551 lineat
595 1499 674 1550 eis
728 1495 955 1560 indicia,
990 1497 1056 1551 de
1102 1498 1303 1565 quibus
1338 1514 1634 1568 agnoscere
1665 1503 1956 1569 quaesitum

384 1589 618 1658 possint.
651 1588 910 1656 Adeoque
938 1587 1004 1641 de
1032 1595 1143 1640 tota
1176 1587 1415 1642 Ecclesia
1450 1607 1559 1644 uno
1587 1592 1776 1661 sponsi
1829 1607 1958 1646 cor-

385 1695 520 1749 pore
550 1678 714 1740 facto,
751 1678 1081 1746 peculiarem
1115 1679 1402 1746 quemdam
1439 1697 1659 1734 sensum
1711 1682 1779 1736 de
1823 1698 1958 1752 quo-

2062 486 2165 558 γὴν
2195 491 2292 558 τῆς
2322 489 2541 556 σοφίας,
2575 485 2642 560 ἧς
2668 491 2703 560 ή
2741 490 3006 560 άπόῤῥοια
3047 490 3144 560 τὴν
3170 490 3277 542 τῶν
3309 489 3484 543 ὄντων
3520 509 3654 543 συνι

2064 581 2334 649 εστήσατο
2376 581 2568 650 φύσιν·
2597 581 2739 635 οὓτω
2768 582 2860 634 καὶ
2901 583 2928 635 ό
2957 582 3092 652 πρὸς
3122 582 3212 634 τὸν
3236 583 3422 636 καινὸν
3454 583 3655 636 τοῦτον

2064 664 2266 734 κόσμον
2296 665 2396 735 τῆς
2435 666 2577 720 κατὰ
2621 666 2719 737 τὴν
2763 666 3086 737 Ἐκκλησίαν
3134 667 3364 731 κτίσεως
3399 667 3650 737 βλέπων,

2062 756 2165 824 ὁρᾷ
2186 757 2244 807 ὲν
2270 756 2417 826 αύτῷ
2454 757 2545 810 τὸν
2573 758 2748 810 πάντα
2778 757 2835 808 ὲν
2872 759 3036 810 πᾶσιν
3070 756 3201 810 ὄντα
3215 756 3638 823 καὶγινὸμενον,

2063 847 2148 900 διά
2174 846 2280 899 τῶν
2306 849 2566 919 χωρητῶν
2597 866 2654 901 τε
2689 850 2782 901 καὶ
2818 848 3383 918 καταλαμϐανομένων
3406 849 3516 901 ὑπὸ
3543 852 3653 918 τῆς

2064 940 2300 1001 πίστεως
2333 941 2487 1010 ἡμῶν
2515 941 3015 1010 χειραγωγούμενος
3039 939 3138 1009 τὴν
3176 939 3379 1007 γνῶσιν
3410 939 3552 1009 πρὸς
3581 938 3654 989 τὸ

2064 1029 2365 1101 ἀχὼρητον.
2412 1025 2486 1084 υῦ
2516 1033 2672 1103 χάριν
2725 1031 2912 1101 ἐπειδὴ
2942 1031 3144 1100 ταύτην
3191 1031 3530 1101 προσάγουσι
3573 1032 3650 1100 τῇ

2065 1123 2202 1193 πρὸς
2249 1125 2310 1175 τὸ
2359 1123 2560 1177 τέλειον
2604 1123 2986 1195 ἀναδραμούσῃ
3017 1125 3160 1192 ψυχῇ
3192 1123 3288 1192 τὴν
3336 1124 3557 1192 σίτησιν
3585 1123 3651 1175 αἱ

2067 1214 2324 1286 παρθένοι
2351 1216 2520 1285 ψυχαὶ
2555 1216 2647 1268 τοῦ
2678 1214 3041 1286 γνωρισθῆναι
3081 1215 3270 1277 αὐταῖς
3318 1214 3411 1266 τὸν
3446 1213 3656 1266 ποθού-

2067 1324 2226 1375 μενον
2248 1325 2260 1338 ·
2292 1308 2378 1360 διὰ
2397 1310 2503 1360 τῶν
2528 1309 2619 1360 ἐπὶ
2643 1308 2885 1379 σωτηρίᾳ
2906 1307 3322 1378 φανερωθέντων
3353 1308 3490 1378 ἡμῖν
3519 1307 3658 1359 ὐπο-

2063 1400 2263 1467 γράφει
2311 1403 2432 1460 ταῖς
2478 1400 2766 1470 παρθένοις
2814 1399 2884 1451 τὰ
2915 1397 3008 1449 τοῦ
3059 1394 3388 1467 ζητουμένου
3442 1397 3656 1468 γνωρί-

2063 1507 2265 1560 σματα.
2316 1492 2426 1543 Καὶ
2475 1494 2654 1544 πᾶσαν
2688 1491 2786 1561 τὴν
2830 1488 3156 1558 Ἐκκλησίαν
3193 1489 3250 1540 ἓν
3331 1488 3497 1559 σῶμα
3557 1488 3658 1540 τοῦ

2061 1583 2290 1653 νυμφίου
2315 1585 2617 1653 ποιήσασα,
2664 1584 2793 1636 ἴδιόν
2832 1600 2884 1636 τι
2929 1581 3104 1651 νόημα
3168 1581 3235 1634 δι’
3259 1581 3495 1634 ἑκάστου
3540 1581 3656 1633 τῶν

2068 1673 2242 1743 μελῶν
2270 1676 2327 1726 ὲν
2359 1677 2424 1745 τῇ
2463 1675 2751 1746 ὑπογραφῇ
2790 1672 2881 1726 τοῦ
2909 1673 3137 1734 κάλλους
3183 1671 3549 1734 ἐνδείκνυται,
3580 1674 3654 1725 δι’

389 1747 518 1822 libet
549 1768 795 1822 membro
832 1768 885 1821 in
916 1768 1337 1836 pulchritudinis
1379 1769 1746 1840 descriptione
1778 1747 1964 1827 osten-

2086 1757 2143 1816 ὒν
2164 1763 2300 1817 ὅλων
2335 1765 2400 1816 ὲκ
2443 1765 2551 1816 τῶν
2605 1764 2744 1816 κατὰ
2788 1764 2950 1833 μέρος
2985 1763 3369 1832 θεωρουμένων
3394 1803 3409 1826 ,
3450 1764 3516 1815 τδ
3558 1766 3661 1818 τοῦ

389 1861 467 1912 dit
504 1877 516 1912 :
555 1859 756 1928 quibus
786 1859 1060 1912 universis
1088 1860 1403 1929 singulatim
1437 1863 1817 1926 consideratis,
1850 1866 1963 1920 cle-

389 1952 572 2022 gantia
605 1951 854 2021 corporis
887 1960 996 2003 tota
1036 1951 1416 2007 conformatur
1460 1963 1514 2009 et
1547 1955 1870 2010 absolvitur.

459 2042 687 2099 Orditur
735 2060 866 2097 vero
917 2043 1223 2099 doctrinam
1277 2046 1419 2102 hanc
1465 2063 1495 2101 a
1538 2050 1810 2120 principio
1859 2067 1965 2106 non

393 2134 582 2204 procul
630 2149 661 2186 a
713 2135 871 2188 nobis
918 2146 1146 2199 remoto,
1189 2151 1366 2206 neque
1411 2139 1617 2193 alieno.
1675 2139 1885 2194 Etenim
1934 2158 1963 2194 a

317 2235 324 2244 '
391 2241 621 2296 corpore
674 2227 866 2294 incipit
913 2227 1367 2290 instructionem,
1422 2230 1881 2298 quemadmodum
1918 2242 1972 2288 et

393 2315 681 2372 Matthaaus
709 2315 835 2371 fecit
855 2319 896 2370 ⁸.
935 2316 1070 2370 Nam
1105 2318 1152 2373 is
1180 2319 1249 2372 ab
1276 2319 1486 2373 Adamo
1515 2329 1569 2375 et
1599 2321 1798 2377 Davide
1821 2339 1972 2393 repe-

395 2411 494 2462 tito
529 2409 689 2479 longa
724 2410 866 2462 serie
900 2409 1086 2462 carnis
1125 2421 1422 2480 assumpta:
1456 2414 1738 2482 mysterio,
1774 2430 1972 2484 magno

395 2501 471 2552 Illi
501 2497 704 2554 Joanni
742 2500 795 2552 in
828 2502 912 2554 his
945 2501 1094 2553 velut
1123 2501 1408 2556 elementis
1441 2515 1492 2556 et
1523 2504 1808 2574 principiis
1841 2522 1974 2559 cou-

395 2591 606 2646 stitutis
643 2593 944 2645 reservavit
1009 2601 1066 2643 ut
1120 2591 1251 2645 illud
1305 2593 1657 2662 principium,
1709 2595 1854 2665 quod
1908 2598 1975 2652 ab

394 2691 602 2738 a2terno
633 2683 982 2750 intelligitur,
1013 2692 1066 2736 et
1098 2681 1338 2737 Verbum
1370 2684 1514 2753 quod
1552 2703 1656 2740 una
1706 2702 1830 2741 cum
1872 2689 1977 2743 boc

399 2775 670 2842 principio
719 2775 1067 2844 intelligitur,
1122 2774 1412 2844 Evangelio
1467 2792 1567 2830 suo
1615 2777 1974 2835 describeret.

399 2865 500 2919 Per
531 2865 632 2920 has
667 2865 834 2934 igitur
864 2866 1166 2920 sententias
1208 2882 1418 2937 sponsa
1459 2868 1784 2935 juvenculas
1833 2872 1981 2926 velut

400 2955 600 3020 initiat,
632 2969 758 3008 cum
793 2971 944 3009 mens
978 2964 1169 3008 nostra
1193 2972 1300 3009 non
1335 2957 1488 3026 prius
1511 2957 1579 3011 ad
1606 2959 1737 3011 illud
1770 2960 1980 3013 incom-

401 3047 768 3116 prehensibile
799 3062 864 3100 ac
895 3046 1170 3100 infinitum
1208 3049 1508 3116 perveniat,
1545 3064 1709 3118 quam
1739 3051 1791 3104 id
1831 3051 1979 3121 quod

401 3139 733 3206 patefactum
788 3146 893 3201 est,
941 3138 1046 3193 ﬁde
1083 3141 1500 3210 complectatur.
1555 3141 1620 3197 Et
1651 3143 1983 3213 patefactum

401 3230 556 3294 ilnud,
595 3229 781 3284 carnis
826 3239 911 3283 est
940 3238 1154 3285 natura.
1205 3232 1339 3285 Cum
1374 3234 1518 3288 enim
1556 3236 1630 3288 ait
1663 3253 1677 3288 :
1713 3236 1984 3306 Cognatas

404 3339 548 3376 meus
578 3332 653 3375 est
676 3321 936 3375 candidus
967 3331 1016 3374 et
1051 3322 1375 3378 rubicundus
1404 3343 1421 3378 :
1450 3342 1548 3394 per
1582 3327 1722 3382 hanc
1753 3329 1984 3384 duorum

403 3414 647 3467 colorum
690 3413 977 3466 misturam
1045 3429 1268 3469 carnem
1302 3417 1652 3486 peculiariter
1698 3421 1985 3477 describit.

409 3506 473 3559 Et
502 3505 634 3560 fecit
665 3507 770 3560 hoc
801 3507 962 3560 etiam
995 3508 1249 3577 superius
1275 3549 1289 3571 ,
1342 3509 1433 3563 ubi
1477 3526 1601 3565 eum
1643 3515 1847 3568 malum
1888 3532 1987 3584 ap-

406 3596 628 3666 pellavit
661 3615 676 3650 :
714 3596 874 3664 cujus
907 3596 1078 3650 forma
1110 3612 1178 3652 ex
1215 3606 1448 3669 utroque
1479 3602 1661 3656 colore
1689 3611 1988 3674 temperata

407 3688 783 3757 conspicitur;
839 3704 962 3741 nam
994 3689 1196 3743 malum
1229 3698 1282 3745 et
1313 3693 1607 3746 candidum
1641 3703 1760 3756 est,
1809 3706 1863 3749 et
1892 3713 1988 3749 ru-

412 3783 499 3836 bet
537 3795 550 3832 :
608 3780 906 3844 indicante,
959 3791 1019 3835 ut
1067 3783 1325 3848 arbitror,
1370 3788 1527 3854 quasi
1574 3802 1670 3856 per
1714 3789 1989 3857 quoddam

410 3871 716 3943 symbolum
775 3873 881 3927 hoc
948 3873 1066 3944 ipso
1116 3876 1318 3930 rubore
1370 3887 1625 3931 naturam
1682 3882 1987 3950 sanguinis.

409 3962 549 4028 Quia
586 3977 714 4017 vero
767 3978 876 4016 uno
925 3964 1089 4018 modo
1135 3967 1495 4021 constituitur
1545 3970 1801 4038 quaelibet
1837 3986 1989 4036 caro,

411 4052 668 4123 conjugio
698 4054 857 4123 quasi
894 4055 1038 4108 viam
1091 4064 1339 4111 struente
1385 4060 1567 4128 partui
1625 4077 1721 4130 per
1769 4077 1996 4132 genera-

412 4147 616 4198 tionem
651 4145 705 4198 in
737 4145 993 4200 omnibus
1044 4146 1188 4202 hanc
1224 4149 1388 4202 vitam
1435 4151 1890 4220 ingredientibus,
1926 4172 1995 4212 ne

412 4235 540 4305 quis
567 4236 751 4291 carnis
781 4245 904 4289 ortu
942 4237 996 4291 in
1027 4237 1130 4292 hoc
1161 4242 1422 4310 mysterio
1449 4243 1669 4310 pietatis
1703 4260 1992 4312 concesso,

421 4329 489 4382 ad
523 4338 736 4383 naturae
767 4346 932 4400 opera
981 4341 1033 4384 et
1082 4331 1400 4389 alfectiones
1432 4336 1726 4406 cogitando
1774 4340 1996 4396 delaba-

2071 1855 2321 1926 σώματος
2349 1857 2543 1921 κάλλος
2575 1855 3058 1925 συναπαρτίζεται.

2153 2041 2351 2110 Ἀρχὴν
2370 2039 2466 2096 οὖν
2497 2044 2730 2095 ποιεῖται
2754 2043 2852 2112 τῆς
2887 2043 3233 2104 διδασκαλίας
3273 2041 3372 2110 τὴν
3402 2039 3658 2109 προσεχῆ

2072 2134 2166 2186 καὶ
2197 2133 2402 2187 οἰκείαν
2421 2136 2574 2204 ἡμῖν.
2617 2135 2711 2186 Ἐκ
2743 2135 2852 2204 γὰρ
2883 2134 2977 2186 τοῦ
3012 2133 3260 2203 σώματος
3280 2133 3379 2202 τῆς
3405 2132 3662 2200 κατηχή-

2075 2241 2212 2288 σεως
2248 2224 2473 2294 άρχεται
2495 2242 2508 2255 ·
2539 2224 2726 2296 ὥσπερ
2748 2225 2813 2295 δὴ
2843 2227 2937 2278 καὶ
2973 2229 3000 2278 ό
3023 2226 3296 2287 Ματθαῖος
3328 2221 3658 2292 πεποίηκεν,

2073 2318 2138 2369 ὲκ
2163 2315 2258 2369 τοῦ
2295 2316 2546 2386 Ἀϐραάμ
2591 2329 2652 2369 τε
2696 2317 2796 2369 καὶ
2818 2315 2980 2369 Δαϐὶδ
3000 2315 3399 2384 γενεαλογῆσας
3427 2312 3491 2364 τὸ
3513 2313 3664 2366 κατὰ

2077 2409 2256 2480 σάρκα
2295 2411 2609 2480 μυστήριον,
2639 2409 2718 2480 τῷ
2759 2409 2980 2479 μεγάλῳ
3025 2408 3243 2477 Ἰωάννῃ
3291 2404 3665 2475 ἐταμιεύσατο

2076 2505 2188 2564 τοῖς
2221 2502 2323 2570 ἤδη
2345 2501 2434 2554 διὰ
2460 2501 2665 2554 τούτων
2694 2500 3084 2570 στοιχέιωθεῖσι
3111 2499 3207 2569 τὴν
3232 2497 3290 2563 ἐξ
3307 2495 3479 2550 ἀϊδίου
3502 2511 3662 2547 νοου-

2081 2593 2248 2663 μένην
2305 2592 2501 2663 ἁρχὴν,
2557 2592 2649 2645 καὶ
2703 2593 2794 2645 τὸν
2832 2593 2898 2662 τῇ
2936 2593 3079 2660 ἀρχῇ
3124 2587 3667 2658 συγκατανοούμενον

2079 2683 2252 2752 Λόγον
2269 2679 2750 2752 εύαγγεὸίσασθαι.
2767 2680 2870 2735 Διὰ
2890 2680 3094 2734 τούτων
3111 2681 3290 2733 τοίνυν
3313 2679 3422 2732 τῶν
3449 2680 3666 2748 νοημάο

2079 2789 2187 2824 των
2214 2773 2247 2843 ὴ
2283 2771 2468 2842 νύμφη
2504 2773 2854 2843 μυσταγωγεί
2891 2771 2988 2833 τὰς
3012 2770 3280 2841 νεάνιδας,
3308 2770 3393 2823 ὅτι
3435 2770 3501 2822 ού
3533 2767 3671 2837 πρὸ·

2080 2880 2240 2934 τερον
2273 2863 2367 2916 ἐπὶ
2413 2863 2476 2915 τὸ
2511 2863 2760 2934 ἄληπτόν
2792 2881 2852 2917 τε
2887 2865 2981 2918 καὶ
3009 2864 3260 2936 ἀόριστον
3301 2863 3672 2935 εὐαχθήσεται

2085 2951 2242 3023 ἡμῶν
2291 2953 2324 3021 ἠ
2379 2952 2606 3017 διάνοια,
2643 2955 2772 3024 πρὶν
2809 2953 2889 3024 τῷ
2918 2954 3134 3024 ὀφθέντι
3165 2954 3254 3006 διὰ
3295 2953 3397 3024 τῆς
3429 2954 3675 3012 πίστεως

2012 3075 2057 3135 C
2091 3042 2518 3114 περιδράξασθαι
2537 3059 2549 3072 ·
2579 3044 2639 3096 τὸ
2658 3045 2714 3097 δὲ
2737 3045 2900 3114 ὀφθὲν
2926 3048 2959 3115 ή
2981 3045 3081 3114 τῆς
3112 3043 3310 3115 σαρκός
3341 3045 3460 3095 ἐστι
3483 3043 3672 3111 φύσις.

2089 3135 2332 3188 Είποῢσα
2366 3135 2475 3206 γάρ
2499 3152 2512 3166 °
2553 3137 2635 3189 ὅτι
2661 3136 2995 3206 Ἄὸελεριδός
3020 3155 3139 3206 μου
3160 3135 3384 3200 λευκὸς
3403 3136 3503 3188 καὶ
3525 3137 3674 3202 arﬁ-

2086 3229 2192 3295 ρός
2221 3247 2234 3260 ·
2276 3228 2362 3281 διὰ
2403 3229 2502 3298 τῆς
2544 3228 2651 3281 τῶν
2676 3229 2771 3282 δύο
2795 3231 3099 3300 χρωμάτων
3135 3230 3338 3282 τούτων
3380 3228 3584 3298 μίξεως
3617 3227 3680 3278 τὸ

2090 3320 2188 3390 τῆς
2223 3319 2424 3390 σαρκὸς
2452 3320 2648 3390 ἰδίωμα
2680 3321 2989 3390 ὑπογράφει
3012 3319 3091 3390 τῷ
3119 3319 3463 3390 λόγῳ.Τοῦτο
3492 3318 3552 3370 δὲ
3579 3321 3675 3371 καὶ

2089 3411 2147 3462 ὲν
2171 3413 2280 3474 τοῖς
2309 3411 2617 3482 ἔμπροσθεν
2660 3413 2906 3484 εποίησε,
2935 3413 3102 3483 μῆλον
3127 3412 3288 3464 αὐτὸν
3315 3410 3644 3480 ὀνομάσασα

2091 3496 2150 3554 οὗ
2173 3501 2308 3572 πρὸς
2339 3502 2598 3573 ἑκάτερον
2630 3503 2738 3555 τῶν
2767 3503 3076 3574 χρωμάτων
3109 3501 3418 3571 σύγκρατον
3439 3499 3684 3572 καθορᾶ-

2090 3611 2180 3646 ται
2227 3593 2289 3646 τὸ
2317 3590 2475 3657 εἶδος.
2512 3595 2719 3649 Λευκόν
2748 3612 2808 3647 τε
2837 3596 2944 3667 γάρ
2974 3597 3088 3648 ἐστι
3123 3595 3182 3647 τὸ
3230 3593 3402 3666 μῆλον
3431 3593 3529 3645 καὶ
3550 3595 3684 3664 ἐρυ-

2093 3686 2370 3756 θραίνεται
2390 3703 2404 3718 ο
2430 3687 2527 3758 τὴν
2547 3687 2641 3740 τοῦ
2674 3682 3118 3757 α’ίματος,οἷμαι,
3143 3685 3305 3755 φύσιν
3332 3683 3687 3754 συμϐολικῶς

2095 3782 2495 3853 ἐνδεικνύμενος
2517 3782 2605 3836 διὰ
2629 3782 2723 3835 τοῦ
2740 3782 3104 3854 ἐρυθήματος.
3148 3780 3286 3834 Ἀλλ’
3313 3779 3501 3850 ἐπειδὴ
3532 3782 3688 3834 πᾶσα

2094 3872 2230 3942 σὰρξ
2295 3872 2376 3924 ἑνὶ
2428 3872 2615 3944 τρόπῳ
2659 3873 2998 3935 συνίσταται,
3055 3871 3234 3943 γάμου
3301 3870 3525 3933 πάντως
3570 3866 3688 3923 ὀδο-

2095 3964 2374 4028 ποιοῦντος
2408 3965 2498 4018 τὸν
2527 3965 2685 4019 τόκον
2713 3966 2826 4028 τοῖς
2869 3966 2949 4026 εἰς
2983 3964 3080 4034 τὴν
3111 3963 3255 4032 ζωὴν
3283 3961 3491 4031 ταύτην
3519 3977 3685 4030 περι-

2095 4056 2215 4110 οῦσι
2245 4057 2334 4110 διὰ
2351 4057 2639 4126 γενέσεως,
2674 4056 2751 4119 ὡς
2788 4056 2852 4109 ἂν
2884 4056 2958 4126 μή
2984 4073 3067 4118 τις
3090 4053 3291 4125 σαρκὸς
3316 4054 3530 4123 γένεσιν
3554 4054 3690 4126 περὶ

2095 4150 2156 4203 τὸ
2187 4152 2484 4221 μυστήριον
2503 4149 2600 4221 τῆς
2634 4148 2917 4212 εὐσεϐείας
2950 4147 3414 4220 παραδεξάμενος,
3454 4147 3598 4218 πρὸς
3619 4146 3690 4199 τά

2097 4243 2195 4311 τῆς
2218 4241 2432 4311 φύσεως
2448 4241 2587 4313 ἔργα
2633 4241 2730 4294 καὶ
2762 4241 2910 4312 πάθη
2941 4242 3038 4312 τὴν
3075 4240 3312 4294 διάνοιαν
3351 4239 3691 4310 κατολισθή-

2101 4351 2266 4398 σειεν,
2296 4335 2585 4404 ὁμοιογενῆ
2605 4335 2739 4386 πᾶσι
2765 4332 3025 4402 κάκείνης
3042 4332 3141 4402 τῆς
3174 4331 3375 4402 σαρκὸς
3395 4331 3493 4402 τὴν
3531 4331 3694 4398 γένε-

421 4431 532 4481 tur,
558 4420 926 4474 existimando
976 4423 1162 4476 carnis
1196 4423 1360 4492 hujus
1407 4433 1817 4495 generationem
1868 4447 1976 4500 per-

2106 4445 2188 4481 σιν
2221 4428 2481 4497 ἐννοήσας
2497 4443 2512 4457 ·
2537 4427 2730 4479 τούτου
2752 4425 2912 4497 χάριν
2932 4424 3024 4478 τὸν
3057 4426 3456 4496 κοινωνήσαντα
3478 4424 3694 4494 σαρκὸς

419 4509 544 4563 inde
588 4519 961 4580 comparatam
1009 4527 1154 4577 esse,
1206 4523 1267 4568 ut
1300 4514 1355 4569 in
1403 4517 1526 4573 aliis
1558 4521 1855 4589 omnibus;
1910 4524 1995 4578 id-

418 4602 567 4656 circo
589 4617 713 4656 eum
763 4603 855 4673 qui
883 4611 1084 4659 nostrae
1113 4619 1298 4660 carnis
1326 4617 1380 4661 et
1407 4610 1692 4678 sanguinis
1723 4614 1997 4684 particeps

421 4694 599 4748 factus
630 4701 742 4757 est,
774 4695 1070 4748 candidum
1104 4697 1322 4766 quidem
1351 4699 1504 4754 illum
1538 4716 1603 4755 ac
1633 4703 1997 4760 rubicundum

420 4801 541 4840 esse
575 4785 800 4850 fatetur,
835 4802 930 4855 per
954 4789 1093 4844 duos
1124 4791 1293 4846 hosce
1327 4793 1541 4848 colores
1578 4795 2000 4856 obscuriuscule

420 4880 669 4946 corporis
705 4885 958 4932 naturam
1006 4879 1280 4945 indicans,
1335 4899 1444 4937 non
1498 4894 1680 4942 tamen
1725 4891 2000 4947 consimili

425 4971 636 5023 ratione
668 4984 895 5038 prorsus
925 4969 1130 5025 editum
1167 4973 1221 5026 in
1255 4976 1429 5028 lucem
1473 4977 1573 5041 ait,
1607 4995 1711 5048 qua
1753 4996 2002 5036 commu-

431 5061 566 5113 niter
592 5062 842 5117 homines
869 5063 1191 5134 gignuntur.
1221 5064 1488 5121 Nimirum
1523 5071 1664 5125 inter
1690 5087 1882 5129 omnes
1905 5075 2004 5129 ho-

427 5153 635 5204 minum
674 5154 970 5222 myriades,
1018 5173 1084 5211 ex
1141 5173 1250 5227 quo
1301 5158 1376 5230 illi
1425 5174 1547 5215 esse
1595 5174 1902 5233 cmperunt,
1949 5174 2004 5222 et

426 5260 715 5314 quousque
751 5247 914 5300 veluti
965 5247 1181 5303 fluendo
1214 5260 1409 5305 natura
1451 5255 1862 5309 succedentium
1896 5256 1999 5310 sibi

429 5350 523 5402 per
551 5345 766 5405 partum
819 5339 1219 5409 progredietur,
1270 5344 1421 5399 solus
1454 5346 1542 5399 hic
1593 5362 1735 5403 nova
1767 5348 2003 5418 quadam

431 5433 619 5494 partus
653 5429 838 5496 specie
867 5430 920 5483 in
955 5431 1094 5487 hanc
1116 5433 1282 5488 vitam
1319 5436 1465 5491 venit
1503 5455 1516 5491 :
1544 5439 1634 5494 cui
1671 5439 1739 5494 ad
1767 5455 2001 5496 nascen-

430 5519 560 5576 dum
625 5529 823 5576 natura
891 5540 1000 5580 non
1066 5539 1356 5599 cooperata
1428 5539 1560 5594 est,
1629 5533 1725 5592 sed
1781 5537 1993 5593 serviit.

551 5700 746 5760 Matth.
779 5704 870 5771 1,2
895 5722 1020 5777 sqq.

2103 4522 2199 4576 καὶ
2230 4521 2461 4591 αἵματος
2489 4519 2679 4572 λευκὸν
2706 4518 2806 4590 μὲν
2823 4513 2962 4570 εῖναι
2992 4517 3086 4570 καὶ
3113 4515 3321 4588 πυρρὸν
3339 4513 3690 4584 ὡμολόγησε,

2106 4609 2194 4663 διὰ
2217 4609 2325 4662 τῶν
2348 4609 2440 4662 δύο
2461 4609 2768 4679 χρωμάτων
2789 4607 2887 4678 τὴν
2911 4605 3004 4660 τοῦ
3039 4605 3290 4677 σώματος
3318 4605 3476 4675 φύσιν
3507 4606 3695 4658 αἰνισ-

2107 4703 2326 4773 σομένη,
2359 4702 2418 4755 οὑ
2459 4701 2563 4772 μὴν
2619 4700 2973 4771 ὁμοιότροπον
3019 4699 3186 4752 αὑτοῦ
3235 4697 3332 4770 τὴν
3373 4696 3591 4768 λοχείαν
3615 4700 3696 4770 τῷ

2105 4794 2269 4864 κοινῷ
2321 4793 2466 4864 τόκῳ
2493 4792 2817 4862 γεγενῆσθαι
2860 4791 3030 4860 λέγει.
3069 4790 3207 4843 Ἀλλ’
3245 4793 3310 4844 ὲκ
3353 4790 3548 4844 πασῶν
3584 4793 3697 4847 τῶν

2111 4886 2386 4958 μυριάδων
2432 4886 2541 4939 τῶν
2587 4885 2678 4953 ἀφ’
2707 4879 2768 4938 οὗ
2801 4887 3089 4952 γεγόνασιν
3125 4883 3423 4952 ἄνθρωποι,
3468 4884 3570 4937 καὶ
3614 4888 3697 4949 εἰς

2109 4977 2138 5030 ὃ
2171 4975 2595 5049 προσελεύσεται
2619 4976 2814 5048 ῥέουσα
2837 4974 2924 5027 διὰ
2940 4973 3034 5027 τοῦ
3053 4975 3214 5028 τόκου
3241 4974 3348 5026 τῶν
3372 4977 3674 5046 ὲπιγινομέ

2108 5085 2213 5122 νων
2248 5071 2281 5137 ή
2307 5068 2485 5136 φύσις,
2507 5067 2664 5138 μόνος
2697 5061 2848 5129 οὗτός
2878 5068 2992 5118 ἐστι
3026 5065 3102 5136 τῷ
3137 5065 3308 5135 καινῷ
3337 5066 3439 5135 τῆς
3477 5065 3697 5136 λοχείας

2108 5159 2236 5213 εἴδει
2265 5159 2364 5230 τῆς
2395 5159 2541 5229 ζωῆς
2577 5157 2783 5228 ταύτης
2811 5156 3088 5226 ἁψάμενος
3108 5173 3122 5185 ·
3219 5157 3341 5226 οὐχὶ
3377 5158 3696 5229 συνήργησε

2109 5251 2247 5320 πρὸς
2267 5250 2325 5302 τὸ
2354 5248 2654 5319 γενέσθαιή
2680 5249 2859 5316 φύσις,
2883 5249 2996 5302 ἀλλ’
3019 5249 3350 5320 ὑπηρέτησε.
3386 5249 3487 5301 Διὰ
3509 5249 3694 5313 τοῦτο,

2109 5345 2292 5413 φησὶν,
2325 5344 2404 5396 ὅτι
2452 5343 2642 5405 λευκὸς
2666 5342 2760 5396 καὶ
2795 5343 2824 5394 ὁ
2866 5343 3074 5414 πυρρὸς
3097 5336 3271 5405 οὗτος,
3298 5344 3327 5394 ὁ
3355 5341 3442 5394 διὰ
3488 5343 3696 5414 σαρκὸς

2110 5439 2205 5491 καὶ
2233 5437 2464 5507 αἵματος
2487 5435 2832 5505 ἐπιδημήσας
2859 5433 2938 5504 τῷ
2973 5433 3092 5505 βίῳ,
3132 5435 3291 5505 μόνος
3321 5434 3472 5487 ἐστὶν
3493 5435 3560 5486 ὲκ
3592 5453 3693 5489 πα-

2113 5531 2223 5586 σῶν
2250 5529 2360 5585 τῶν
2388 5528 2663 5601 μυριάδων
2707 5527 2774 5581 ὲκ
2801 5526 2904 5598 τῆς
2945 5526 3275 5599 παρθενικῆς
3315 5525 3693 5599 καθαρότητος
