3850 6224
229 348 372 404 105-3

1223 349 1287 404 ΙΝ
1321 350 1624 408 CANTICA
1655 348 1926 406 CANTIC.
1967 349 2264 410 HOMILIA
2304 351 2443 407 XIII.

3383 357 3512 411 lC'ii

227 463 675 535 ὲκλελοχισμένος
699 482 713 494 ·
764 458 825 520 οὗ
880 467 1243 534 ἀσυνδύαστος
1303 472 1402 544 μὲν
1448 475 1482 545 ή
1533 475 1820 546 κυοφορία,

1933 473 2220 546 Propterea
2272 476 2452 546 inquit
2495 474 2790 529 candidum
2835 472 2984 528 hunc
3025 483 3078 529 et
3123 473 3511 543 rubicundum,

227 557 529 629 ἀμόλυντος
560 558 616 612 δὲ
712 558 914 631 λοχεία,
941 561 1207 628 ἀνώδυνος
1227 564 1284 618 δὲ
1315 568 1348 636 ή
1380 565 1508 630 ὠδίς
1528 583 1542 598 ο
1575 561 1636 621 οὗ
1663 565 1820 622 θάλα-

231 669 332 720 μος
357 649 503 722 ήτοῦ
536 651 794 720 Ὑψίστου
822 653 1070 726 δύναμις,
1087 653 1197 712 οἷόν
1221 676 1304 721 τις
1327 659 1526 728 νεφέλη
1553 660 1654 730 τὴν
1679 677 1819 730 παρ-

229 743 412 797 θενίαν
432 745 825 809 ἐπισκιάζουσα
841 764 854 778 ·
881 748 1087 819 πυρσὸς
1110 750 1168 802 δὲ
1190 751 1456 822 γαμήλιος
1484 753 1518 824 ἡ
1540 751 1632 806 τοῦ
1659 753 1817 821 ἁγίου

227 835 546 906 Πνεύματος
570 836 832 908 ἔλλαμψις
855 854 870 870 ·
907 839 1063 910 κλίνη
1090 842 1147 896 δὲ
1174 844 1208 913 ἡ
1238 844 1498 905 ἀπάθεια,
1517 845 1610 898 καὶ
1644 845 1820 914 γάμος

225 930 261 998 ή
293 928 588 998 ἀφθαρσία.
638 930 694 984 ’0
741 931 920 986 τοίνυν
968 935 1032 986 ἐκ
1071 934 1177 987 τῶν
1215 936 1472 990 τοιούτων
1502 937 1816 1006 γενόμενος,

227 1019 415 1082 καλῶς
445 1020 888 1091 ἐκλελοχισμένος
912 1023 976 1078 ὲκ
1009 1025 1200 1080 πασῶν
1236 1027 1344 1082 τῶν
1380 1029 1656 1100 μυριάδων
1687 1045 1822 1082 κατ-

227 1111 528 1181 ωνομάσθη
549 1127 562 1141 ·
593 1113 728 1184 ὅπερ
748 1114 808 1167 τὸ
829 1116 902 1185 μὴ
937 1119 1000 1170 ἐκ
1020 1118 1212 1188 λέχους
1249 1120 1413 1173 αὐτὸν
1449 1117 1588 1174 εἷναι
1619 1119 1822 1191 σημαί-

227 1219 332 1254 νει.
360 1201 562 1256 Τούτου
592 1204 700 1276 γάρ
744 1206 906 1275 μόνου
951 1210 1122 1280 χωρὶς
1178 1211 1394 1283 λοχείας
1435 1216 1467 1285 ἡ
1527 1215 1817 1286 γέννησις,

227 1291 422 1364 ὥσπερ
439 1293 530 1347 καὶ
553 1295 722 1365 χωρὶς
748 1297 929 1367 γάμου
959 1301 992 1368 ἡ
1021 1299 1296 1366 σύστασις.
1334 1303 1408 1357 Οὐ
1433 1304 1549 1378 γὰρ
1568 1309 1715 1362 ἔστιν
1729 1305 1822 1358 ἐπὶ

227 1387 333 1458 τῆς
357 1389 596 1459 ἀφθόρου
620 1408 680 1444 τε
710 1393 806 1445 καὶ
827 1393 1203 1465 ἀπειρογάμου
1221 1398 1424 1468 κυρίως
1447 1398 1510 1450 τὸ
1535 1397 1703 1468 ὄνομα
1722 1399 1822 1468 τῆς

229 1477 451 1548 λοχείας
483 1481 658 1535 εἰπεῖν
676 1495 691 1510 ·
723 1481 856 1536 διότι
877 1484 1173 1555 παρθενίας
1203 1503 1262 1540 τε
1284 1489 1379 1541 καὶ
1404 1487 1617 1558 λοχείας
1640 1488 1820 1558 ἀσύμ-

230 1567 378 1622 ϐατά
411 1571 528 1624 ἐστι
556 1571 685 1642 περὶ
719 1572 818 1640 τὴν
841 1572 1009 1644 αὐτὴν
1041 1574 1110 1626 τά
1155 1575 1414 1646 ὀνόματα.
1461 1576 1600 1630 Ἀλλ’
1633 1576 1821 1648 ὥσπερ

229 1661 363 1726 Υἱὸς
405 1662 560 1734 ἐδόθη
612 1667 744 1735 ἡμῖν
773 1666 902 1720 ἄνευ
938 1669 1181 1740 Πατρός·
1213 1669 1356 1724 οὕτω
1393 1672 1486 1724 καὶ
1517 1673 1576 1723 τὸ
1609 1672 1821 1724 παιδίον

228 1753 362 1807 ἄνευ
391 1754 606 1825 λοχείας
633 1758 980 1837 γεγέννηται.
1005 1763 1092 1826 Ὠς
1104 1762 1212 1834 γάρ
1225 1764 1479 1834 ούκέγνω
1495 1765 1526 1835 ή
1543 1763 1822 1833 Παρθένος

1923 567 2016 636 qui
2055 583 2152 637 per
2181 582 2402 622 carnem
2437 573 2490 621 et
2519 567 2842 636 sanguinem
2887 566 2942 621 in
2985 565 3088 620 hac
3121 566 3235 620 vita
3267 575 3513 621 versatus

1921 667 2026 724 est,
2063 660 2240 715 solum
2286 675 2351 715 ex
2404 659 2675 714 universis
2726 659 3012 712 hominum
3061 659 3405 728 myriadibus
3447 660 3514 713 de

1921 752 2163 822 puritate
2215 753 2459 822 virginea
2511 752 2748 807 electura
2799 767 2963 814 esse,
3018 750 3178 819 cujus
3227 751 3514 816 conceptio

1921 845 2156 898 duorum
2207 859 2236 896 a
2295 843 2688 912 conjunctione
2749 841 2996 912 profecta
3051 857 3160 895 non
3193 841 3286 907 sit,
3323 850 3512 910 partus

1923 936 2146 988 minime
2173 935 2513 1004 inquinatus,
2543 937 2823 1004 parturigo
2855 935 3062 988 doloris
3091 949 3326 1003 expers:
3351 933 3512 998 cujus

1923 1028 2222 1090 thalamus,
2259 1027 2530 1081 Altissimi
2566 1034 2810 1096 potestas
2863 1027 3019 1095 quasi
3062 1025 3306 1096 quaedam
3335 1025 3512 1080 nubes

1921 1118 2294 1188 virginitatem
2330 1120 2508 1188 ipsam
2541 1119 2887 1176 inumbrans,
2936 1120 3022 1172 fax
3058 1118 3318 1187 nuptialis
3387 1117 3513 1187 Spi—

1929 1209 2068 1264 ritus
2133 1212 2310 1266 sancti
2379 1210 2678 1280 splendor,
2751 1210 2930 1264 cubile
3001 1209 3262 1263 vitiorum
3313 1225 3510 1280 expers

1923 1303 2189 1363 conditio,
2243 1303 2447 1372 nuptiae
2477 1303 2688 1372 puritas
2756 1301 3096 1370 incorrupta.
3149 1301 3251 1366 Qui
3286 1316 3352 1356 ex
3386 1301 3511 1354 tali-

1923 1394 2027 1448 bus
2051 1402 2210 1449 ortus
2233 1405 2343 1459 est,
2380 1402 2527 1448 recte
2556 1393 2866 1462 appellatur
2893 1393 3104 1447 electos
3136 1407 3201 1446 ex
3238 1393 3510 1448 universis

1924 1486 2267 1557 myriadibus
2300 1502 2312 1536 :
2346 1501 2456 1555 quo
2487 1485 2707 1555 quidem
2741 1485 3103 1556 signiﬁcatur,
3143 1500 3251 1539 non
3283 1502 3350 1540 ex
3384 1501 3514 1540 con-

1918 1575 2088 1645 jugali
2158 1587 2280 1630 toro
2315 1577 2494 1645 ipsum
2531 1577 2789 1630 existere.
2837 1577 2974 1629 Nam
3021 1576 3185 1644 hujus
3216 1576 3386 1630 solius
3420 1591 3513 1646 ge-

1923 1669 2141 1721 neratio
2195 1668 2586 1736 parturiginem
2625 1683 2731 1720 non
2776 1668 3002 1731 habuit,
3051 1667 3510 1736 quemadmodum

1920 1766 1974 1812 et
2013 1760 2132 1812 siue
2161 1758 2416 1828 conjugio
2449 1757 2614 1826 erepit
2657 1758 2940 1812 exsistere.
2973 1756 3158 1826 Neque
3189 1757 3333 1809 enim
3365 1771 3498 1824 pro-

227 1849 381 1910 ὅπως
410 1852 466 1901 ἐν
495 1849 572 1919 τῷ
604 1847 817 1920 σώματι
843 1851 1014 1921 αὐτῆς
1035 1851 1096 1903 τὸ
1119 1851 1365 1923 θεοδόχον
1382 1854 1610 1925 συνέστη
1635 1855 1815 1924 σῶμα·

1933 1849 2044 1917 prie
2074 1851 2432 1918 parturigiuis
2461 1849 2786 1902 vocabulum
2821 1849 3074 1918 usurpari
3109 1849 3175 1902 ale
3212 1849 3302 1901 illa
3331 1849 3516 1902 incor-

228 1936 405 2001 οὕτως
418 1939 538 1992 οὐδὲ
559 1940 652 1992 τοῦ
679 1941 1068 2012 τόκου-ᾔσθετο,
1086 1945 1468 2016 μαρτυρούσης
1487 1946 1585 2016 τῆς
1599 1965 1782 2019 προφη
1796 1979 1817 1988 -

227 2026 386 2089 τείας
398 2027 534 2098 αὐτῇ
556 2028 618 2080 τὸ
643 2028 912 2083 ἀνώδυνον
934 2031 1034 2100 τῆς
1054 2032 1262 2095 ὠδῖνος.
1279 2035 1416 2106 Φησὶ
1435 2035 1544 2107 γάρ
1570 2036 1817 2102 Ἡσαΐας,

227 2119 382 2188 Πρὶν
419 2121 618 2175 ἐλθεῖν
653 2123 794 2188 τοὺς
829 2123 1058 2190 πόνους
1091 2125 1210 2177 τῶν
1259 2125 1510 2191 ὠδίνων,
1562 2128 1822 2198 ἐξέφυγε

229 2211 332 2264 καὶ
350 2211 558 2266 ἔτεκεν
581 2213 790 2282 ἄρσεν.
810 2215 910 2268 Διά
946 2215 1106 2269 τοῦτο
1133 2218 1578 2290 ἐκλελοχισμὲνος
1609 2222 1705 2274 καὶ
1731 2221 1820 2287 ξε-

231 2301 396 2365 νίζων
425 2302 545 2355 καθ’
581 2305 838 2376 ἑκάτερον
858 2305 957 2376 τήν
987 2307 1306 2362 ἀκολουθίαν
1333 2311 1428 2380 τῆς
1446 2310 1678 2380 φύσεως,
1697 2312 1820 2365 οὔτε

229 2393 538 2464 ἀρξάμενος
563 2395 622 2460 ἐξ
643 2397 859 2468 ἡδονῆς,
899 2397 1022 2452 ούτε
1058 2401 1336 2473 προελθὼν
1364 2403 1452 2456 διὰ
1502 2405 1684 2458 πόνου.
1711 2407 1821 2458 Καὶ

227 2484 393 2538 τούτο
443 2485 584 2540 κατά
640 2488 700 2540 τὸ
735 2489 1029 2543 ἀκόλουθον
1080 2493 1310 2560 γίνεται,
1349 2495 1441 2547 καὶ
1474 2496 1572 2548 οὐκ
1598 2494 1702 2560 ἔξω
1727 2496 1819 2550 τοῦ

227 2577 442 2642 εἰκότος
480 2579 646 2633 ἐστίν.
695 2581 916 2654 Ἐπειδὴ
979 2583 1154 2654 γάρὴ
1206 2585 1297 2638 τὸν
1338 2585 1564 2639 θάνατον
1611 2587 1698 2640 διά
1720 2588 1823 2658 τῆς

229 2668 512 2740 ἁμαρτίας
543 2672 912 2740 ἐπεισάγουσα
955 2679 1020 2745 τῇ
1057 2675 1241 2743 φύσει,
1281 2677 1340 2729 ἐν
1373 2676 1569 2740 λύπαις
1601 2680 1696 2732 xui
1731 2679 1824 2731 πό·

229 2777 344 2823 νοις
373 2761 580 2814 τίκτειν
614 2765 1001 2838 κατεδικάσθη,
1037 2768 1143 2820 ἔδει
1169 2768 1384 2832 πάντως
1418 2769 1516 2840 τὴν
1546 2770 1646 2840 τῆς
1677 2771 1822 2840 ζωῆς

233 2851 450 2923 μητέρα
502 2853 610 2906 ἀπὸ
647 2858 824 2926 χαρᾶς
849 2875 908 2909 τε
941 2857 1038 2926 τῆς
1073 2860 1370 2928 κυοφορίας
1401 2859 1691 2931 ἄρξασθαι,
1728 2867 1823 2920 καὶ

227 2941 322 2994 διὰ
349 2943 524 3012 χαρᾶς
547 2943 829 2998 τελειῶσαι
855 2945 948 2999 τὸν
975 2945 1152 3000 τόκον.
1181 2948 1358 3016 Χαῖρε
1379 2953 1509 3022 γὰρ,
1539 2954 1692 3022 φησι,
1723 2972 1822 3009 κε-

233 3035 627 3105 χαριτωμένη,
675 3037 812 3108 πρὸς
845 3039 1015 3112 αὐτὴν
1063 3038 1093 3090 ὁ
1141 3042 1502 3111 ἀρχάγγελος,
1547 3046 1823 3101 ἐκϐάλλων

230 3131 301 3198 τῇ
333 3131 486 3199 φωνῇ
519 3130 618 3199 τήν
647 3129 825 3201 λύπην
859 3131 957 3200 τὴν
998 3131 1057 3198 ἐξ
1088 3133 1262 3204 ἀρχῆς
1287 3135 1391 3188 ὑπὸ
1419 3137 1520 3204 τῆς
1547 3139 1822 3209 ἁμαρτίας

233 3220 723 3292 ἀποκληρωθεῖσαν
753 3221 832 3293 τῷ
862 3223 1027 3295 τόκῳ.
1061 3218 1230 3288 Οὗτος
1275 3228 1374 3296 μὲν
1412 3225 1504 3281 οὖν
1531 3231 1679 3284 ἐστιν
1700 3234 1728 3285 ὁ
1752 3231 1829 3302 τῷ
1855 3199 1898 3260 c

234 3311 408 3382 καινῷ
430 3330 492 3366 τε
517 3315 608 3366 καὶ
639 3315 894 3379 ἰδιάζοντι
922 3317 1024 3382 τῆς
1051 3319 1358 3389 γεννήσεως
1405 3321 1470 3374 ἐκ
1503 3323 1689 3375 πασῶν
1722 3324 1830 3378 τῶν

237 3403 516 3474 μυριάδων
547 3403 706 3473 μόνος
760 3404 1002 3468 τοιοῦτος
1028 3408 1340 3476 γενόμενος,
1367 3409 1396 3460 ὁ
1434 3409 1625 3474 λευκός
1651 3429 1711 3464 τε
1738 3413 1831 3464 καὶ

234 3495 447 3566 πυρρὸς
479 3494 564 3548 διὰ
587 3496 684 3566 τὴν
710 3497 888 3568 σάρκα
927 3501 1022 3552 καὶ
1051 3500 1110 3552 τὸ
1134 3495 1273 3570 αἷμα
1309 3501 1490 3565 καλῶς
1513 3502 1824 3574 ὠνομασμέ-

235 3605 352 3656 νος,
377 3587 474 3641 καὶ
537 3589 988 3660 ὲκλελοχισμένος
1039 3591 1148 3645 ἀπὸ
1221 3594 1528 3664 μυριάδων,
1584 3596 1671 3650 διὰ
1733 3599 1830 3670 τὴν

237 3677 520 3750 ἄφθαρτόν
544 3697 604 3732 τε
642 3682 736 3733 καὶ
756 3681 941 3751 ἀπαθῆ
970 3682 1065 3736 τοῦ
1089 3684 1248 3738 τόκου
1289 3686 1443 3758 παρά
1467 3687 1590 3752 τοὺς
1613 3688 1833 3754 λοιποὺς

241 3771 507 3840 ἰδιότητα.
561 3771 630 3823 Ἢ
686 3772 825 3842 τάχα
875 3775 970 3826 καὶ
994 3773 1084 3826 διὰ
1122 3773 1191 3826 τὰ
1211 3773 1376 3828 λοιπά
1395 3776 1494 3846 τῆς
1520 3778 1833 3848 γεννήσεως

238 3860 359 3932 εἴδη
387 3861 456 3914 τὰ
482 3862 568 3915 διὰ
599 3863 697 3932 τῆς
723 3863 938 3933 λοχείας
971 3864 1253 3934 γινόμενα,
1289 3865 1492 3937 ταύτην
1518 3868 1828 3938 ἐφήρμοσεν

239 3953 394 4024 αὐτῷ
442 3954 542 4024 τὴν
572 3956 756 4025 φωνὴν
789 3957 822 4025 ἡ
857 3955 1065 4026 νύμφη.
1097 3957 1212 4009 Οὐκ
1259 3958 1476 4026 ἀγνοεῖς
1523 3957 1580 4011 δὲ
1612 3959 1828 4024 πάντως

238 4049 432 4112 ὁσάκις
467 4047 729 4118 ἐγεννήθη
763 4051 791 4102 ὁ
837 4050 1017 4120 πάσης
1047 4052 1148 4120 τῆς
1204 4049 1435 4113 κτίσεως
1483 4051 1830 4122 πρωτότοκος

240 4140 302 4193 ἐν
331 4139 544 4202 πολλοῖς
573 4139 840 4209 ἀδελφοῖς,
856 4140 1197 4211 πρωτότοκος
1213 4141 1278 4194 ἐκ
1301 4142 1512 4212 νεκρῶν
1535 4157 1548 4170 °
1565 4142 1594 4194 ὁ
1614 4143 1830 4213 πρῶτος

240 4231 412 4296 λύσας
439 4233 536 4296 τὰς
553 4232 744 4296 ὠδῖνας
755 4231 848 4284 τοῦ
872 4232 1120 4296 θανάτου,
1143 4235 1238 4287 καὶ
1259 4234 1392 4286 πᾶσι
1421 4233 1510 4286 τὸν
1537 4233 1600 4286 ἐκ
1621 4234 1831 4304 νεκρῶν

241 4323 404 4374 τόκον
433 4321 758 4390 ὀδοποιήσας
783 4321 874 4374 διὰ
899 4321 998 4391 τῆς
1030 4321 1397 4381 ἀναστάσεως.
1443 4319 1530 4372 Ἐν
1559 4321 1694 4372 πᾶσι
1735 4319 1832 4389 μὲν

243 4413 358 4484 γάρ
377 4413 588 4476 τούτοις
615 4412 900 4482 ἐγεννήθη,
945 4412 1008 4464 οὐ
1045 4411 1152 4482 μὴν
1189 4410 1274 4464 διὰ
1313 4409 1526 4480 λοχείας
1560 4410 1834 4480 παρῆλθεν

246 4506 328 4568 εἰς
365 4499 729 4576 γέννησιν.”Η
744 4506 998 4577 τεγὰρέκ
1027 4503 1122 4556 τοῦ
1155 4501 1345 4566 ὕδατος
1371 4503 1585 4571 γένεσις
1631 4502 1692 4555 τὸ
1735 4503 1835 4574 τῆς

245 4595 463 4668 λοχείας
492 4597 662 4660 πάθος
687 4596 749 4648 ού
774 4594 1124 4666 παρεδέξατο,
1155 4596 1302 4666 καὶὴ
1327 4597 1391 4649 ἐκ
1411 4597 1620 4664 νεκρῶν
1643 4595 1838 4664 παλιγ-

245 4689 521 4758 γεννεσία,
551 4689 642 4742 καὶ
659 4691 692 4759 ἡ
711 4688 806 4759 τῆς
824 4688 973 4750 θείας
991 4686 1194 4758 ταύτης
1217 4687 1446 4751 κτίσεως
1471 4687 1836 4758 πρωτοτοκία,

245 4781 367 4834 ἀλλ’
388 4782 447 4834 ἐν
480 4783 614 4835 πᾶσι
639 4781 848 4844 τούτοις
881 4779 1172 4851 καθαρεύει
1209 4781 1308 4851 τῆς
1340 4779 1558 4850 λοχείας
1589 4781 1617 4832 ό
1651 4780 1829 4842 τόκος.

245 4874 348 4927 Διά
375 4873 534 4928 τοῦτό
573 4891 757 4944 φησιν,
800 4871 1344 4943 Ἐκλελοχισνμένος
1368 4871 1488 4927 ἀπὸ
1505 4869 1830 4942 μυριάδων.

1929 1950 2087 2008 rupta
2118 1949 2172 1994 et
2208 1940 2525 2010 conjugium
2571 1955 2680 1992 non
2721 1947 2945 2009 experta
2991 1949 3188 2008 potest,
3228 1949 3513 2010 propterea

1928 2033 2075 2102 quod
2107 2032 2397 2102 virginitas
2445 2039 2498 2086 et
2535 2031 2817 2101 parturigo
2861 2031 2915 2084 in
2957 2032 3147 2086 eadem
3183 2047 3516 2087 concurrere

1929 2135 2222 2194 nequeant.
2259 2124 2524 2178 Nimirum
2556 2123 2632 2176 uti
2685 2123 2846 2176 datus
2898 2124 3060 2178 nobis
3106 2126 3313 2192 absque
3355 2123 3516 2178 Patre

1927 2218 2120 2283 Filius,
2151 2219 2233 2273 sic
2265 2220 2428 2273 etiam
2465 2232 2599 2287 puer
2627 2217 2716 2271 hic
2745 2217 2953 2286 absque
2987 2217 3328 2285 parturigine
3355 2228 3516 2271 natus

1935 2321 2042 2366 est.
2087 2310 2262 2380 thue
2292 2307 2461 2380 Virgo
2517 2311 2636 2378 ipsa
2671 2323 2777 2361 non
2835 2309 3089 2377 cognovit
3134 2323 3241 2376 quo
3273 2315 3430 2375 pacto
3460 2308 3514 2360 in

1929 2417 2159 2471 corpore
2201 2403 2375 2472 ipsius
2426 2417 2626 2470 corpus
2675 2401 2806 2454 illud
2856 2400 3197 2454 divinitatem
3232 2400 3512 2468 recipiens

1927 2495 2247 2550 coaluerit:
2303 2495 2386 2548 sic
2441 2509 2510 2547 ne
2567 2501 2782 2563 partum
2830 2491 3050 2562 quidem
3109 2491 3300 2556 sensit,
3350 2491 3514 2545 etiam

1927 2587 2068 2642 lsaia
2135 2588 2402 2658 propheta
2451 2587 2519 2641 de
2565 2587 2655 2640 illa
2703 2591 2978 2648 testante,
3032 2584 3178 2653 quod
3227 2583 3513 2653 parturigo

1929 2680 2104 2748 ipsius
2139 2679 2348 2734 doloris
2388 2694 2586 2748 expers
2631 2677 2817 2742 fuerit,
2852 2691 2978 2730 cum
3020 2677 3096 2730 ait
3135 2693 3150 2730 :
3193 2675 3518 2744 Priusquam

1931 2769 2138 2824 labores
2169 2771 2560 2840 parturiginum
2599 2771 2884 2833 venissent,
2921 2767 3146 2822 liberata
3197 2784 3397 2820 marem
3433 2781 3520 2834 pe-

1928 2863 2121 2930 perit".
2167 2861 2377 2916 Idcirco
2417 2870 2470 2916 et
2498 2864 2706 2918 electus
2741 2861 2866 2926 fuit,
2895 2869 2949 2916 et
2977 2867 3212 2930 utraque
3237 2870 3390 2928 parte
3417 2873 3520 2912 na-

1931 2961 2066 3006 tura:
2091 2952 2340 3006 ordinem
2373 2952 2677 3006 innovavit.
2717 2949 2831 3005 Nec
2860 2949 3006 3004 enim
3036 2965 3066 3004 e
3099 2949 3379 3018 voluptate
3401 2961 3521 3002 cte-

1931 3044 2012 3115 pit
2040 3044 2329 3106 exsistere,
2367 3059 2547 3113 neque
2593 3059 2688 3113 per
2715 3041 2938 3097 dolores
2984 3043 3039 3094 in
3083 3040 3260 3094 lucem
3296 3039 3520 3109 prodiit.

1931 3135 2112 3204 Atque
2143 3133 2248 3186 hoc
2293 3133 2351 3186 ﬁt
2396 3133 2611 3188 ratione
2639 3134 2874 3204 quadam
2911 3139 3308 3197 consentanea,
3357 3130 3520 3184 mini-

1933 3241 2126 3295 meque
2152 3225 2450 3281 absurdum
2481 3233 2586 3281 est.
2629 3225 2764 3280 Cum
2796 3225 2943 3278 enim
2977 3225 3073 3278 illa
3136 3239 3256 3294 quae
3287 3231 3520 3277 mortem

1934 3317 1990 3371 in
2025 3326 2276 3370 naturam
2311 3331 2406 3386 per
2465 3325 2750 3386 peccatum
2799 3314 3517 3376 introduxit,condemnata

1933 3409 2006 3463 sit
2035 3416 2094 3461 ut
2130 3408 2182 3462 in
2217 3407 2502 3462 doloribus
2530 3407 2922 3476 laboribusque
2965 3405 3162 3476 pariat,
3233 3405 3523 3476 oportebat

1933 3502 2156 3553 omnino
2197 3505 2424 3553 matrem
2476 3499 2603 3554 vitae
2647 3508 2756 3552 tam
2807 3498 3218 3567 conceptionem
3271 3512 3301 3550 a
3333 3496 3522 3551 laetitia

1933 3591 2216 3652 inchoare,
2257 3606 2419 3660 quam
2457 3599 2671 3659 partum
2704 3589 2758 3644 in
2789 3590 2977 3644 laetitia
3025 3589 3304 3658 perﬁcere.
3346 3587 3520 3641 Nimi-

1935 3698 2055 3737 rum
2090 3685 2164 3736 ait
2191 3682 2256 3736 ad
2281 3697 2400 3736 eam
2428 3683 2684 3752 princeps
2715 3682 2806 3736 ille
2833 3681 3060 3749 angelus
3079 3701 3090 3734 :
3109 3679 3315 3745 Gaude,
3345 3681 3524 3747 gratia

1935 3777 2144 3845 plena”.
2190 3774 2309 3840 Qua
2343 3789 2478 3829 voce
2524 3774 2844 3828 maestitiam
2877 3774 3024 3828 illam
3062 3773 3254 3844 abigit,
3285 3788 3408 3843 qua'
3435 3787 3526 3826 rc-

1937 3883 2060 3922 rum
2109 3867 2267 3922 initio
2317 3875 2538 3937 propter
2586 3874 2869 3936 peccatum
2901 3865 3079 3934 partui
3130 3875 3215 3920 est
3243 3865 3520 3934 imposita.

1939 3960 2039 4016 Hic
2071 3961 2238 4031 igitur
2287 3960 2376 4014 ille
2417 3969 2502 4014 est
2541 3959 2636 4029 qui
2691 3974 2830 4012 nova
2867 3957 3104 4028 quadam
3150 3972 3214 4011 ac
3239 3956 3521 4025 peculiari

1940 4051 2308 4123 generationis
2341 4051 2558 4105 ratione
2586 4064 2650 4104 ex
2681 4049 3020 4120 myriadibus
3051 4048 3323 4104 universis
3369 4049 3522 4102 solus

1941 4145 2067 4198 talis
2105 4153 2266 4198 natus
2315 4149 2420 4206 est,
2461 4149 2516 4196 et
2563 4139 2832 4195 candidus
2876 4155 2940 4194 ac
2986 4137 3327 4193 rubicundus
3375 4147 3524 4193 recte

1942 4237 2243 4306 appellatus
2291 4243 2514 4305 prepter
2548 4249 2769 4288 carnem
2803 4241 2858 4288 et
2905 4231 3224 4302 sanguinem
3253 4271 3269 4296 ,
3313 4231 3521 4285 electus

1939 4345 2004 4384 ετ
2050 4328 2236 4382 decem
2288 4327 2555 4392 millibus,
2591 4335 2815 4396 propter
2859 4325 3237 4393 incorruptam
3273 4330 3328 4378 et
3361 4323 3522 4377 vitio-

1941 4437 2060 4475 rum
2109 4427 2385 4489 expertem
2441 4419 2828 4488 proprietatem
2885 4423 3114 4484 partus,
3166 4416 3440 4472 diversam
3490 4431 3521 4469 a

1942 4522 2097 4582 partu
2129 4513 2490 4582 reliquorum.
2533 4513 2629 4566 Vel
2661 4510 2910 4565 fortassis
2940 4510 3078 4563 hanc
3109 4509 3157 4564 ei
3199 4523 3386 4563 vocem
3426 4521 3524 4561 εει·

1946 4601 2314 4657 commodavit
2362 4614 2586 4669 sponsa,
2623 4607 2847 4669 propter
2882 4607 3109 4653 caeteras
3147 4595 3522 4668 generationis

1945 4691 2123 4762 ipsius
2151 4691 2383 4760 Species,
2415 4705 2538 4760 quae
2569 4697 2624 4743 et
2679 4691 2812 4760 ipsae
2849 4679 3346 4759 parturiginis’non
3395 4695 3523 4742 sunt

1940 4791 2214 4853 expertes.
2265 4779 2377 4836 Nec
2407 4782 2661 4851 ignorare
2696 4789 2880 4851 potes,
2935 4781 3150 4850 quoties
3184 4781 3256 4834 sit
3299 4779 3514 4850 genitus

1940 4875 1990 4930 is
2046 4877 2137 4944 qui
2172 4874 2342 4928 totius
2381 4874 2584 4943 opiﬁcii
2631 4873 2987 4944 primigenius
3021 4880 3126 4937 est,
3159 4871 3519 4940 primigenios

247 4968 392 5020 inter
421 4967 622 5021 multos
667 4965 892 5029 fratres,
965 4965 1322 5036 primigenius
1366 4979 1432 5018 ex
1506 4964 1763 5028 mortuis,
1807 4963 1903 5034 qui
1941 4967 2152 5035 primus
2185 4965 2380 5019 mortis
2411 4964 2774 5034 parturigines
2819 4963 3018 5026 solvit,
3075 4976 3138 5016 ac
3192 4975 3288 5030 per
3332 4974 3523 5014 resur-

249 5056 553 5109 rectionem
582 5041 735 5109 suam
759 5055 1036 5110 universis
1063 5054 1206 5107 viam
1239 5053 1306 5107 ad
1369 5061 1584 5123 partum
1652 5069 1716 5108 ex
1782 5057 2012 5110 mortuis
2079 5055 2312 5124 aperuit.
2348 5053 2481 5107 Nam
2518 5053 2570 5106 in
2603 5054 2688 5110 bis
2721 5053 2976 5108 omnibus
3010 5061 3173 5108 natus
3199 5063 3304 5117 est,
3337 5063 3517 5121 neque

250 5159 435 5202 tamen
473 5162 568 5216 per
595 5147 988 5216 parturiginem
1020 5145 1222 5202 editus.
1267 5145 1404 5200 Nam
1441 5145 1703 5200 nativitas
1741 5163 1837 5216 per
1911 5162 2108 5217 aquam
2178 5145 2534 5216 parturiginis
2553 5145 2796 5200 dolorem
2837 5161 2946 5199 non
2974 5145 3213 5206 admisit.
3249 5157 3351 5198 nec
3389 5144 3522 5198 item

249 5257 318 5295 ex
361 5238 1016 5306 mortuis-regeneratio,
1068 5253 1168 5292 nec
1209 5238 1380 5292 divini
1432 5239 1578 5293 illius
1608 5239 1813 5309 Opiﬁcii
1852 5241 2310 5310 primogenitum,
2367 5238 2462 5292 sed
2504 5238 2559 5290 in
2629 5239 2884 5294 omnibus
2941 5239 3091 5292 hisce
3175 5245 3366 5308 partus
3416 5251 3516 5290 ετ-

253 5349 380 5406 [ενε
403 5331 612 5386 doloris
643 5329 764 5383 fuit.
799 5329 922 5384 Haec
942 5345 1109 5385 causa
1139 5337 1243 5392 est,
1267 5331 1618 5400 quamobrem
1643 5333 1789 5388 dicat
1815 5349 1830 5388 ε
1873 5329 2086 5386 Electus
2111 5348 2176 5385 ea:
2201 5333 2375 5385 decem
2413 5331 2670 5386 millibus.

327 5419 454 5478 Οἷον
479 5422 537 5475 δὲ
565 5420 732 5474 αὑτοῦ
761 5421 821 5477 τὸ
838 5421 1032 5486 κάλλος
1049 5423 1108 5475 ἐν
1131 5425 1243 5486 τοῖς
1257 5423 1378 5477 καθ’
1398 5423 1626 5478 ἕκαστον
1652 5424 1838 5494 μέλεσι

255 5517 545 5586 διηγεῖται,
569 5512 759 5584 καιρὸς
773 5511 836 5566 δὲ
867 5513 933 5566 ἂν
957 5514 1040 5586 εἴη
1073 5513 1404 5586 κατανοῆσαι
1427 5515 1515 5570 διὰ
1543 5516 1652 5570 τῶν
1685 5517 1836 5588 είρη-

263 5607 463 5679 μένων.
514 5603 766 5678 Κεφαλὴρ
803 5603 1011 5670 αὑτοῦ,
1059 5605 1320 5674 χρυσίον
1383 5606 1604 5676 Κεφάζ.
1651 5605 1716 5660 Ἦ
1776 5606 1836 5659 δέ

335 5789 355 5822 τ
385 5787 492 5845 lsa.
522 5803 666 5856 LXVI,
693 5789 748 5844 7.
822 5791 843 5821 ⁸
874 5789 1008 5845 Luc.
1046 5809 1081 5854 ι,
1110 5789 1204 5842 “28.

2017 5425 2286 5479 Caeterum
2321 5433 2536 5493 tempus
2554 5423 2664 5492 jam
2691 5421 2852 5476 fuerit
2891 5429 2950 5474 ut
3003 5423 3168 5476 etiam
3199 5421 3516 5476 considere-

1943 5531 2066 5570 mus
2095 5531 2160 5570 ex
2187 5516 2460 5586 praelectis
2488 5513 2672 5570 verbis
2700 5514 2878 5583 qualis
2915 5513 3062 5569 illius
3107 5511 3376 5582 elegantia
3403 5513 3519 5567 sin-

1940 5609 2084 5680 gulis
2114 5607 2170 5663 in
2211 5608 2474 5664 membris
2533 5613 3009 5666 commemoretur.
3064 5604 3236 5676 Caput
3265 5605 3404 5674 ejus,
3429 5603 3522 5661 inr-
