1925 3112
177 159 246 186 1055

800 158 829 186 S.
849 156 1017 186 GllECOIlll
1035 156 1184 186 NYSSENI

1746 161 1823 190 £055

177 219 247 255 quit.
270 227 367 246 aurum
392 219 507 255 Cephea.
535 220 591 247 Vos
618 224 709 248 autem
727 220 772 247 illa
791 219 925 248 Hebraica
944 219 966 246 si

1042 219 1158 255 ἱεραῖκὴ
1172 219 1255 252 λέξις,
1268 220 1292 246 εί
1305 220 1373 256 πρὸς
1397 221 1447 256 τὴν
1462 219 1601 256 ἡμετέραν
1626 220 1822 257 μεταληφθεὶη

177 268 298 295 nostram
320 265 346 292 in
363 265 482 300 linguam
504 266 698 299 transferatur,
714 274 811 294 auruum
828 275 926 302 pttrum
942 272 969 295 et

177 311 310 338 intactum
331 312 478 347 signiﬁcat,
499 313 629 348 quodque
644 313 720 340 omni
740 313 856 341 mistura
882 317 968 341 taret.

177 357 266 391 Atque
285 356 356 384 hanc
372 365 466 385 vocem
482 366 536 386 non
553 367 716 387 conversam
741 359 807 386 mihi
826 358 970 394 reliquisse

177 407 322 438 propterea
336 404 473 436 videntur,
493 405 539 440 qui
556 405 613 432 haec
632 405 667 433 de
688 404 809 433 Hebraeis
823 404 917 432 Graeca
931 404 971 432 fe-

178 454 288 481 cerunt.
305 450 378 485 quod
395 458 448 478 non
464 452 617 486 reperirent
629 453 655 479 in
675 453 767 485 lingua
784 452 878 480 Greca
890 459 972 480 voca-

179 495 274 523 bultttn
312 498 397 523 ttllunt
432 506 486 532 quo
518 499 658 533 emphasis
693 498 820 525 llebraici
851 498 970 526 nominis

177 543 318 570 enuntiari
333 547 434 577 posset.
453 543 508 571 Nos
518 548 619 575 autem,
633 544 744 579 cognito
770 552 862 572 vocem
879 544 972 579 hujus-

181 589 254 615 ntodi
269 589 426 623 signiﬁcare
441 589 570 624 quiddam
585 591 692 617 sincere
714 599 822 625 purum.
845 591 972 625 quodque

181 634 284 659 nullam
301 634 419 661 sordida:
439 635 561 662 materiei
585 636 727 662 tnisturam
752 636 877 663 admittat
892 656 900 667 .
920 637 973 664 hoc

182 684 212 706 ιιι
228 680 345 707 dedit-to
361 681 501 715 proposito
518 685 682 713 statuamus,
701 682 872 715 adducimur,
893 683 973 709 nimi-

182 734 243 752 rum
264 727 390 761 corpnris
408 726 537 754 Ecclesia:
554 733 708 763 caputesse
722 729 872 756 Christum.
893 729 974 756 Chri-

183 776 255 799 stum
282 780 347 799 vero
372 781 444 799 nttuc
467 774 631 805 didiritnus,
656 783 711 801 non
738 775 788 802 hoc
817 783 915 803 nomen
939 775 974 802 ad

182 819 362 845 aeternitatem
384 818 496 847 deitatis
513 821 701 851 extendentes.
717 821 763 848 sed
782 822 814 848 ad
836 822 974 849 hominem

184 866 310 893 deitatem
329 866 354 892 iu
368 874 397 894 se
410 868 595 902 recipientem,
609 868 655 902 qui
678 873 843 902 conspectus
861 869 886 895 in
903 873 974 896 terra

1019 264 1122 300 φωνὴν,
1136 265 1168 291 τὺ
1180 265 1301 300 καθαρόν
1314 273 1344 292 τι
1355 266 1403 292 καὶ
1417 265 1572 297 ἀνόθευτον,
1589 266 1636 292 καὶ
1650 266 1745 301 πάσης
1755 267 1825 292 ἑπι-

1022 310 1115 346 μιξίας
1135 311 1280 347 ἁλλότερον
1308 311 1420 347 χρυσίον
1443 311 1487 339 διὰ
1509 311 1560 347 τῆς
1589 312 1683 347 φωνῆς
1709 311 1824 346 ταύτης

1019 357 1167 385 δείκνυται.
1202 358 1415 394 ’Δνερμήνευτον
1437 358 1466 385 δέ
1487 367 1533 394 μοι
1551 359 1640 385 δοκεῖν
1655 358 1824 385 καταλελοι-

1022 403 1101 430 πέναι
1113 403 1163 439 τὴν
1172 403 1219 431 τοῦ
1231 403 1328 439 Κεφὰζ
1338 404 1421 438 λέξιν,
1430 406 1454 431 οἱ
1465 404 1513 436 τὰς
1519 404 1612 439 φωνὰς
1618 404 1673 431 τῶν
1680 404 1826 440 Ἐϐραίων

1021 448 1250 484 ὲξελληνίσαντες,
1262 449 1307 476 διὰ
1316 449 1348 476 τὸ
1362 450 1399 486 μὴ
1418 450 1509 485 εὑρεῖν
1528 451 1557 476 ὲν
1571 452 1627 482 τοῖς
1647 450 1825 485 Ἑλληνικαῖς

1024 496 1126 531 ῥήμασι
1146 496 1280 531 μηδεμίαν
1289 497 1381 531 φωνὴν
1397 496 1592 532 ὲξαγγελτικὴν
1603 497 1653 531 τῆς
1667 497 1827 532 ἐμφάσεως

1022 542 1073 576 τῆς
1086 542 1307 577 ὲνθεωρουμένης
1317 543 1350 576 τῇ
1369 542 1489 577 Ἐϐραΐδι
1500 543 1587 578 φωνῇ.
1596 542 1692 577 Ἡμεῖς
1700 541 1730 568 δι
1739 540 1826 568 τοῦτο

1025 587 1166 622 μαθόντες,
1197 587 1238 613 ὅτι
1264 587 1294 613 τὸ
1320 587 1474 624 είλικρινῶς
1501 587 1630 622 καθαρὸν,
1653 587 1702 613 καὶ
1725 586 1826 622 πάσης

1024 633 1089 668 ὕλης
1105 634 1230 669 ρυπαρᾶς
1243 633 1343 669 ἀμιγές
1353 641 1383 659 τε
1401 633 1447 660 καὶ
1465 632 1654 668 ἀωράδεκτον
1671 633 1689 669 ἠ
1702 632 1825 667 τοιαύτη

1024 680 1096 713 λέξις
1109 681 1276 708 ἐνδείκνυται
1286 690 1293 697 ο
1307 681 1393 709 ταῦτα
1407 681 1471 716 περὶ
1482 681 1529 707 τοῦ
1544 680 1723 716 προκειμένου
1735 679 1826 716 ῥητοῦ

1025 728 1094 753 νοεῖν
1112 727 1273 762 ἐναγόμεθα,
1296 727 1337 753 ὃτι
1362 726 1467 762 κεφαλὴ
1478 725 1526 752 τοῦ
1548 726 1673 761 σώματος
1683 725 1736 761 τῆς
1758 724 1826 751 Ἐκ-

1026 773 1140 808 κλησίας
1155 774 1229 799 ἐστὶν
1243 775 1257 800 ὁ
1271 773 1398 809 Χριστός.
1414 773 1531 809 Χριστὸν
1547 772 1576 799 δὲ
1591 772 1639 799 νῦν
1651 771 1775 807 λέγομεν
1793 771 1826 797 οὗ

1026 819 1094 855 πρὸς
1109 819 1139 846 τὸ
1151 819 1235 846 ἀΐδιον
1255 819 1304 853 τῆς
1327 818 1453 854 θεότητος
1472 818 1681 853 ἀναπέμποντες
1695 817 1782 844 τοῦτο
1795 816 1828 843 τὸ

1026 867 1124 902 δνομα,
1143 866 1211 893 ἀλλὰ
1238 867 1306 902 πρὸς
1326 866 1372 892 τὸν
1396 865 1519 901 θεοδόχον
1540 864 1693 900 ἄνθρωπον,
1714 863 1764 890 τὸν
1778 862 1827 891 ἐπὶ

183 916 235 942 est.
258 916 285 938 et
305 919 367 937 cum
392 912 549 938 hominibus
575 917 711 944 versatus,
740 913 827 947 ipsius
850 913 976 939 videlicet

1042 915 1079 949 ’ἧς
1095 913 1220 947 ὀφθέντα,
1250 913 1365 944 καὶτοῖς
1382 911 1535 947 ἀνθρώποις
1549 909 1825 946 συναναστραφέντα,

184 956 352 990 virginitatis
372 965 493 991 germen.
512 958 539 985 in
558 966 614 992 quo
631 958 763 985 habitavit
778 959 869 986 omnis
891 959 977 993 pleni-

184 1003 254 1030 tudo
267 1004 378 1032 deitatis
396 1006 585 1039 corporaliter,
607 1006 680 1040 ipsas
702 1006 835 1040 primitias
854 1013 977 1032 commu-

186 1051 229 1078 uis
252 1059 359 1081 massae.
385 1059 533 1087 perquam
558 1051 675 1079 Verbum
702 1057 828 1079 naturam
854 1057 976 1079 nostram

187 1097 287 1126 induit.
303 1098 436 1125 redditam
460 1099 674 1131 immaculatam.
691 1103 717 1126 et
733 1099 767 1126 ab
788 1099 916 1126 omnibus
930 1099 978 1125 ad-

188 1142 355 1169 hmreutibus
377 1143 400 1169 ei
428 1143 590 1170 naturaliter
616 1144 690 1170 vitiis
716 1148 904 1178 cxpurgatatn.
933 1142 978 1170 Sic

186 1186 260 1213 enim
294 1188 425 1222 propheta
458 1189 491 1215 de
509 1189 567 1223 ipso
599 1188 721 1223 loquitur
740 1198 745 1215 :
766 1188 909 1216 Peccatum
927 1198 978 1216 non

188 1233 271 1268 fecit,
307 1242 389 1268 neque
416 1235 518 1261 inventa
555 1240 593 1261 est
624 1235 702 1262 dolus
731 1236 758 1262 in
788 1244 832 1262 ore
863 1236 977 1269 ipsius",

186 1280 357 1314 quitenlattu
372 1285 410 1306 est
431 1288 476 1314 per
496 1282 585 1308 omnia
607 1281 641 1308 ad
661 1281 863 1308 similitudinem
877 1287 980 1308 nalurw

188 1330 287 1352 unum
313 1325 410 1360 absque
441 1331 547 1360 peccato
565 1327 596 1353 ".
620 1327 749 1362 Corporis
780 1328 862 1362 igitur
887 1327 981 1354 Eccle-

189 1372 239 1398 sia:
262 1378 354 1407 caput,
377 1378 403 1399 et
427 1373 512 1399 totius
536 1378 641 1400 naturte
657 1374 795 1408 primitiae,
821 1382 916 1400 attrutn
939 1379 981 1400 est

190 1425 288 1452 purum
314 1422 341 1445 et
367 1419 485 1445 alienum
508 1420 542 1447 ab
567 1421 641 1447 omni
668 1421 825 1448 vitiositatis
856 1422 980 1447 tnistura.

189 1463 315 1491 Cincinni
331 1472 406 1496 vero.
425 1466 588 1493 tenebricosi
606 1466 753 1501 aliquando
773 1471 799 1493 et
820 1468 901 1502 nigri,
923 1475 983 1502 spe-

189 1508 288 1544 cieque
308 1517 356 1537 sua
373 1511 462 1538 corvis
477 1511 645 1543 consimiles.
662 1512 727 1542 illis.
743 1512 866 1546 inquam.
879 1513 981 1545 corvis,

1027 960 1073 986 τὸν
1088 959 1137 994 τῆς
1163 958 1312 994 παρθενίας
1338 959 1462 994 βλαστὸν,
1478 958 1508 984 ὲν
1524 955 1547 992 ᾦ
1561 957 1706 993 κατῴκησε
1722 957 1782 983 πᾶν
1794 956 1828 983 τὸ

1028 1006 1165 1040 πλήρωμα
1189 1005 1238 1040 τῆς
1268 1004 1394 1039 θεότητος
1414 1003 1594 1039 σωματικῶς,
1619 1002 1670 1038 τὴν
1694 1002 1827 1037 ἀπαρχὴν

1028 1051 1074 1078 τοῦ
1087 1051 1176 1078 κου.νοῦ
1187 1051 1357 1087 φυράματος,
1375 1050 1408 1077 δι’
1425 1048 1455 1078 οὗ
1465 1051 1480 1077 6
1493 1050 1579 1084 Λόγος
1586 1049 1634 1085 τὴν
1649 1048 1732 1083 φύσιν

1029 1097 1216 1133 περιεϐάλετο,
1229 1097 1346 1131 ποιήσας
1367 1096 1452 1131 αὐτὴν
1468 1095 1617 1130 ἀκήρατον,
1638 1093 1751 1121 πάντων
1770 1094 1828 1121 τῶν

1030 1143 1249 1178 συμπεφυκότων
1260 1144 1328 1178 αὐτῇ
1337 1142 1506 1178 παθημάτων
1515 1139 1829 1176 ὲκκαθαρθετσαν.οὗτω

1036 1191 1090 1225 γάρ
1099 1199 1164 1225 φησι
1173 1198 1205 1216 πε
1211 1190 1238 1225 ρ).
1252 1189 1334 1217 αὐτοῦ
1347 1190 1361 1216 ό
1376 1190 1529 1224 προφήτης,
1538 1188 1579 1214 ὅτι
1592 1187 1759 1222 Ἀμαρτίαν
1769 1187 1829 1214 οὐκ

1032 1236 1262 1269 ἐποίησεν-,οὑδὲ
1277 1235 1382 1270 εὑρέθη
1395 1235 1485 1268 δόλος
1493 1235 1527 1261 ἐν
1535 1233 1576 1267 τῷ
1584 1234 1711 1269 στόματι
1717 1233 1829 1264 αὐτοῦ,

1032 1282 1083 1309 τοῦ
1094 1281 1313 1316 πεπειραμένον
1331 1280 1407 1307 κατὰ
1421 1280 1519 1307 πάντα
1528 1281 1594 1308 καθ’
1602 1280 1765 1315 ὁμοιότητα
1773 1280 1830 1315 τῆς

1032 1330 1152 1363 μύσεως
1162 1328 1255 1363 ἡμῶν,
1269 1327 1358 1361 χωρίς
1376 1327 1530 1362 ἁμαρτίας.
1547 1327 1579 1353 Ἡ
1595 1327 1645 1362 μὲν
1656 1324 1704 1354 οὖν
1719 1327 1829 1362 κεφαλὴ

1033 1375 1078 1401 τοῦ
1101 1374 1225 1409 σώματος
1242 1374 1291 1408 τῆς
1311 1373 1484 1408 Ἐκκλησίας,
1505 1374 1521 1408 ή
1544 1372 1635 1407 πάσης
1655 1373 1707 1408 τῆς
1719 1372 1830 1408 φύσεως

1033 1421 1112 1456 ἡμῶν
1128 1420 1248 1456 ἀπαρχὴ.
1263 1420 1293 1445 τὸ
1303 1419 1422 1455 καθαρόν
1436 1428 1466 1445 τε
1479 1419 1526 1446 καὶ
1541 1419 1632 1454 πάσης
1647 1418 1750 1451 κακίας
1765 1418 1831 1454 ἀμι-

1034 1469 1081 1501 γές
1091 1476 1121 1493 τε
1132 1467 1179 1493 καὶ
1194 1466 1383 1500 ἁπαράδεκτον
1401 1465 1512 1500 χρυσίον
1528 1464 1602 1492 ἐστίν
1613 1473 1619 1479 ·
1636 1465 1662 1491 οῑ
1685 1464 1831 1500 βόστρυχοι

1034 1514 1062 1540 δὲ
1078 1514 1105 1540 οῖ
1121 1521 1187 1540 ποτε
1210 1511 1339 1546 ζοφώδεις
1364 1511 1411 1538 καὶ
1428 1511 1553 1547 μέλανες,
1569 1511 1617 1538 καὶ
1640 1512 1699 1543 τοῖς
1717 1511 1832 1547 κόραξιν

191 1556 238 1591 qui
249 1562 420 1591 occupantur
434 1558 460 1584 in
476 1557 538 1590 hoc.
558 1562 587 1585 ut
603 1559 698 1586 oculos
714 1560 864 1594 conligant,
886 1568 982 1594 quent-

1042 1558 1206 1593 δμοιούμενοι
1230 1557 1269 1592 τῷ
1298 1556 1374 1588 εῖδει,
1398 1556 1512 1587 ἐκείνοις
1534 1556 1608 1591 λέγω
1629 1557 1686 1588 τοῖς
1707 1555 1831 1592 κόραξιν,

190 1602 340 1629 admodum
357 1603 382 1629 in
400 1603 548 1631 Proverbio
560 1608 612 1635 est.
629 1612 661 1632 ac
678 1606 759 1639 pullis
782 1606 936 1640 aquilarum
956 1606 982 1632 in

1042 1602 1076 1636 λῖς
1088 1605 1168 1639 ἔργον
1194 1603 1263 1634 ἐστὶ,
1283 1602 1313 1629 τὸ
1326 1602 1389 1634 τοὺς
1409 1602 1567 1638 ὀςρθαλμοὺς
1588 1602 1746 1634 ἐκκόπτειν,
1760 1602 1831 1628 xui

193 1648 284 1675 cibum
301 1654 396 1684 parcnt
411 1650 483 1682 illos,
495 1651 521 1677 itt
543 1651 643 1686 quibus
659 1652 788 1678 cernendi
805 1661 906 1687 organa
925 1661 985 1678 tnu-

195 1694 313 1728 tilarint;
337 1695 364 1721 hi
388 1702 453 1730 ergo
480 1696 600 1722 cincinni
627 1697 729 1724 abietes
755 1697 830 1727 farti.
857 1698 984 1724 nimirmn

194 1741 328 1768 sublimes
342 1746 369 1768 et
384 1749 398 1768 a
422 1747 494 1769 terra
517 1743 543 1769 in
568 1744 668 1771 ιτωίιιιιι
695 1743 836 1770 tendentes
863 1744 985 1776 arbores,

195 1791 367 1814 venustatem
381 1789 474 1822 sponsi
490 1790 650 1817 accessione
661 1790 779 1824 quadam
795 1797 902 1826 augt-nt,
916 1791 987 1817 (livi-

196 1841 263 1859 num
278 1833 351 1861 illitis
363 1835 396 1861 ad
415 1839 497 1870 caput
514 1836 609 1870 aptati.
630 1836 722 1871 Neque
739 1844 803 1863 vero
819 1842 896 1871 potes
911 1838 988 1872 igno-

198 1886 260 1906 rare
282 1880 419 1914 quodnam
437 1881 471 1907 sit
485 1881 581 1907 horum
599 1882 790 1909 cincinnornm
805 1891 914 1914 munus,
926 1891 987 1910 cum

197 1925 325 1958 superius
351 1934 383 1952 ex
410 1927 477 1961 ipsis
501 1927 594 1961 sponsi
627 1929 718 1954 verbis
752 1928 777 1954 id
808 1929 987 1957 intellexeris.

199 1968 333 2002 Cincium}
358 1972 409 2004 ait.
423 1972 474 1998 mei
498 1972 588 2006 referti
610 1979 670 1999 sunt
701 1975 783 2008 gutlis
807 1983 892 2010 aqum.
918 1976 991 2008 Qua-

200 2020 312 2050 propter
335 2017 372 2043 illi
390 2023 453 2044 sunt
477 2022 580 2053 guttam
605 2024 730 2047 rorantes
754 2020 890 2053 cincinni,
912 2022 956 2055 qtti
976 2029 990 2048 a

200 2063 340 2098 prophetis
366 2064 451 2090 nubes
475 2065 664 2099 appellantur,
690 2073 704 2091 a
731 2067 831 2101 quibus
860 2068 992 2095 doctrina:

201 2109 289 2136 imber
307 2109 351 2136 ille
367 2110 464 2141 oritur.
481 2110 527 2144 qui
546 2118 608 2136 arva
629 2111 777 2138 inanimata
793 2113 862 2147 rigat
876 2113 909 2139 ad
925 2114 993 2149 agri-

201 2149 330 2182 cultiouis
355 2155 454 2182 divina:
476 2156 656 2184 fertilitatem.
692 2157 822 2192 Adeoque
852 2160 993 2193 apostolos

202 2200 245 2227 hic
262 2200 376 2235 ﬁgurate
401 2209 448 2236 per
472 2203 615 2229 cincinnos
638 2210 653 2229 a
670 2203 755 2231 verbo
778 2204 872 2231 divino
888 2205 992 2239 signiti-

1036 1650 1082 1676 τὸν
1098 1649 1270 1686 παροιμιώδη
1297 1648 1384 1682 λόγον,
1406 1648 1453 1674 καὶ
1466 1649 1522 1680 τοῖς
1536 1648 1655 1679 νεοσσοῖς
1675 1647 1731 1674 τῶν
1744 1647 1833 1674 ἀετῶν

1039 1696 1136 1732 βρῶμα
1148 1695 1212 1726 τοὺς
1225 1694 1404 1731 πηρωθέντας
1423 1694 1478 1720 τῶν
1489 1693 1625 1729 ὀρατικῶν
1643 1692 1832 1730 αἰσθητηρίων

1039 1740 1269 1776 παρασκευάζειν,
1285 1737 1358 1766 οὗτοι
1374 1739 1467 1766 ἐλάται
1485 1739 1516 1766 τὰ
1535 1738 1625 1774 ὑψηλά
1643 1746 1673 1764 τε
1686 1738 1736 1765 καὶ
1748 1738 1833 1774 οὐρα-

1038 1789 1146 1824 νομήκη
1157 1787 1252 1823 δένδρα
1271 1787 1420 1822 γινόμενοι,
1442 1786 1486 1812 διὰ
1499 1786 1531 1812 τὸ
1548 1785 1715 1821 ἀναδραμεῖν
1730 1785 1765 1812 ἐκ
1781 1785 1833 1820 γῆς

1039 1836 1086 1861 ἐπὶ
1099 1834 1128 1860 τὸ
1142 1834 1267 1867 οὐράνιον
1279 1833 1355 1868 ὕψος,
1368 1832 1512 1868 προσθήκη
1523 1831 1569 1859 τοῦ
1579 1831 1697 1864 κάλλους
1713 1830 1833 1866 γίνονται

1041 1880 1086 1907 τοῦ
1103 1880 1289 1915 νυμφίου,τῆς
1304 1879 1379 1911 θείας
1390 1878 1511 1914 κεφαλῆς
1522 1877 1605 1905 αὐτοῦ
1621 1877 1830 1914 ἐξαρτήσαντες.

1041 1927 1097 1953 Οὐκ
1110 1927 1203 1960 ἀγνοεῖ
1216 1925 1244 1952 δὲ
1265 1925 1374 1956 πάντως
1392 1933 1434 1957 τις
1452 1924 1478 1951 τί
1493 1924 1547 1950 τῶν
1563 1923 1720 1959 βοστρύχων
1731 1923 1835 1950 τούτων

1042 1975 1121 2009 ἔργον
1140 1972 1224 2003 ἐστὶν,
1237 1973 1266 1998 ὲν
1281 1973 1338 2003 τοῖς
1365 1972 1422 1999 ἄνω
1441 1970 1534 2006 μαθὼν
1549 1971 1614 2006 παρ’
1626 1970 1711 2005 αὐτῆς
1722 1969 1772 2005 τῆς
1786 1969 1834 1996 τοῦ

1041 2020 1158 2055 νυμφίου
1178 2018 1270 2053 φωνῆς
1281 2025 1288 2033 ·
1309 2018 1365 2049 ὅτι.
1387 2018 1418 2043 οι
1429 2016 1598 2051 ,ϐόστρυχοί
1609 2025 1669 2051 μου
1680 2014 1835 2048 63.19500"-

1042 2074 1103 2092 σαν
1115 2064 1256 2100 ψεκὰδων·
1269 2063 1388 2096 ὕδατος.
1409 2063 1530 2090 Ἑκείνου
1551 2060 1598 2089 οὖν
1619 2063 1688 2089 εἰσιν
1703 2062 1729 2088 οἱ
1749 2061 1835 2097 ψεκά-

1044 2111 1135 2143 ζοντες
1154 2110 1307 2145 βόστρυχοι.
1327 2107 1404 2144 παρὰ
1425 2108 1481 2134 τῶν
1492 2107 1639 2143 προφητῶν
1650 2108 1760 2142 νεφέλαι
1775 2107 1834 2134 ὀνο-

1046 2156 1202 2192 μαζόμενοι,
1211 2156 1256 2190 ἀφ’
1270 2152 1308 2182 ὦν
1319 2155 1424 2189 γίνεται
1440 2155 1490 2190 τῆς
1503 2153 1678 2186 διδασκαλίας
1691 2154 1706 2180 6
1720 2153 1835 2190 ὄμϐρος,

1044 2205 1058 2230 ὁ
1068 2203 1117 2235 τὰς
1125 2202 1245 2238 ἀψύχους
1263 2201 1385 2237 ἀρούρας
1408 2201 1525 2233 ποτίζων
1541 2201 1609 2237 πρὸς
1621 2200 1670 2236 τὴν
1684 2199 1837 2238 εὐκαρπίαν

201 2247 258 2273 cari
275 2247 412 2279 existimo,
435 2256 553 2282 quorum
573 2249 696 2276 nonnulli
721 2250 797 2284 prius
816 2251 850 2277 ob
868 2251 983 2278 institut:

1045 2250 1099 2277 τῶν
1111 2249 1158 2276 τοῦ
1173 2248 1240 2275 Θεοῦ
1254 2247 1407 2283 γεωργίων.
1430 2247 1606 2278 Ἀποστόλους
1613 2247 1641 2273 δὲ
1647 2243 1726 2282 οἶμαι
1739 2254 1835 2282 τροπι-

201 2293 263 2320 vita:
278 2300 334 2320 suae
353 2294 495 2328 caliginosi
511 2299 598 2326 erant.
621 2295 693 2322 verbi
717 2296 814 2330 gratia,
841 2297 920 2329 latro,
944 2306 993 2332 pu-

203 2339 328 2366 blicanus
349 2339 404 2373 ille.
420 2344 447 2367 et
464 2341 533 2367 alter
552 2346 721 2375 persecutor,
740 2346 767 2369 et
792 2343 815 2369 si
838 2343 901 2377 quis
926 2351 994 2378 pra:-

203 2393 277 2413 terea
301 2386 351 2413 fuit
374 2378 526 2414 consimilis
552 2388 641 2423 nigro.
666 2389 823 2420 carnimro,
849 2390 992 2417 oculorum

202 2433 359 2467 corruptori
383 2441 476 2460 corvo.
503 2433 555 2461 Per
576 2434 650 2460 hunc
671 2439 762 2462 autem
781 2435 904 2470 intelligo
921 2437 994 2471 prin-

203 2480 290 2514 cipem
307 2480 451 2514 potestatis
472 2480 689 2511 tenebrarum".
710 2481 941 2515 quemadmodum
959 2483 995 2510 lo-

203 2526 298 2559 quitur
312 2525 336 2552 is
351 2526 398 2560 qui
414 2533 447 2552 ex
474 2533 558 2553 corvo
573 2526 662 2553 lactus
676 2527 762 2559 abies.
780 2532 923 2562 propterea
936 2529 994 2555 ciu-

204 2571 303 2598 ciuttus
330 2571 414 2598 divini
439 2572 536 2606 capitis
558 2571 643 2598 audit.
676 2572 745 2599 Cum
772 2573 844 2600 enim
864 2574 942 2608 prius
968 2578 996 2601 et

206 2617 383 2652 blasphemus
401 2621 485 2647 esset.
501 2622 528 2644 et
550 2622 720 2651 persecutor,
734 2622 761 2645 et
776 2618 912 2646 violenter
927 2620 996 2654 inju-

206 2663 306 2696 rius",
324 2671 406 2697 quam
424 2663 531 2690 scilicet
546 2663 593 2690 diu
607 2671 706 2691 corvus
718 2668 787 2696 erat,
805 2665 837 2692 ad
855 2665 926 2692 hanc
940 2674 997 2701 gra-

207 2712 273 2735 tiam
295 2709 509 2737 transformatus
535 2714 592 2742 est.
619 2714 648 2737 ttt
674 2711 763 2738 factus
788 2711 947 2742 cincinnus.
971 2717 998 2740 et

209 2755 312 2783 t‘tnlcsti
333 2764 396 2784 rore
419 2756 558 2790 perfusus,
587 2757 715 2784 universo
739 2757 869 2785 Ecclesia:
888 2760 996 2794 corpori

209 2809 233 2827 η·
243 2808 372 2828 canorum
387 2801 622 2836 obseurorutnque
634 2803 828 2837 mysteriorum
842 2811 996 2831 sermonem

1046 2296 1101 2327 κῶς
1118 2296 1181 2326 τοὺς
1199 2294 1364 2331 βοστρύχους
1388 2294 1441 2320 ὑπὸ
1457 2292 1503 2320 τοῦ
1523 2292 1590 2319 Θεοῦ
1609 2292 1689 2327 λόγου
1707 2292 1837 2328 σημαίνει

1047 2341 1107 2367 σθαι
1123 2338 1160 2367 ὧν
1177 2348 1250 2371 τινες
1268 2337 1338 2375 ἦσαν
1351 2339 1484 2374 πρότερον
1499 2337 1628 2373 ζοφώδεις
1644 2339 1701 2370 τοῖς
1718 2336 1766 2364 τοῦ
1778 2337 1836 2373 βίου

1046 2387 1270 2423 ἐπιτηδεύμασιν,
1289 2387 1303 2413 ό
1318 2385 1430 2421 λῃστὴς,
1453 2386 1467 2412 6
1479 2383 1608 2420 τελώνης,
1623 2385 1638 2411 6
1650 2383 1779 2419 διώκτης,
1791 2385 1837 2411 καὶ

1047 2434 1126 2465 εἴτις
1140 2433 1219 2465 ἄλλος
1230 2431 1350 2463 τοιοῦτος
1365 2431 1436 2459 κατὰ
1449 2431 1496 2457 τὸν
1513 2430 1617 2467 μέλανά
1633 2438 1664 2457 τε
1678 2429 1727 2458 καὶ
1739 2437 1838 2466 σαρκο-

1048 2481 1127 2515 ϐὁρον
1140 2481 1194 2507 τῶν
1227 2478 1376 2515 ὀφθαλμῶν
1396 2478 1573 2513 ἀφανιστικὸν
1586 2477 1702 2513 κόρακα.
1717 2477 1797 2512 Λέγω
1810 2477 1837 2504 δὲ

1048 2527 1092 2553 τὸν
1107 2527 1224 2562 ἄρχοντα
1237 2526 1284 2552 τοῦ
1305 2525 1417 2556 σκότους
1433 2524 1483 2559 τῆς
1500 2523 1636 2557 ἐξουσίας,
1653 2521 1746 2555 καθώς
1758 2531 1838 2559 φησιν

1049 2574 1062 2599 ό
1090 2573 1143 2598 ἀπὸ
1169 2572 1286 2607 κόρακος
1301 2571 1384 2606 ὲλὰτη
1398 2571 1554 2606 γενόμενος,
1570 2569 1618 2596 καὶ
1638 2568 1683 2596 διὰ
1699 2567 1780 2596 τοῦτο
1797 2569 1840 2605 βό-

1052 2626 1166 2653 στρυχος
1180 2618 1230 2652 τῆς
1247 2616 1323 2648 θείας
1336 2616 1457 2652 κεφαλῆς
1469 2614 1651 2652 χρηματίσας.
1665 2615 1728 2642 Ὅτι
1743 2615 1840 2650 πρότε-

1054 2672 1098 2699 ρον
1110 2663 1146 2689 ὢν
1163 2663 1321 2698 βλάσφημος
1338 2661 1385 2688 καὶ
1394 2660 1512 2696 διώκτης
1527 2661 1575 2688 καὶ
1589 2659 1731 2696 ὑϐριστὴς,
1743 2659 1796 2691 ἓως
1807 2658 1840 2695 ἦν

1053 2708 1146 2744 κόραξ,
1162 2708 1229 2743 πρὸς
1239 2708 1287 2742 τὴν
1297 2708 1377 2743 χάριν
1390 2706 1492 2741 ταύτην
1501 2705 1718 2741 μετεσκευάσθη.
1731 2704 1841 2741 βόστρυ-

1053 2765 1097 2790 χος
1113 2755 1257 2789 γενόμενος
1270 2755 1302 2788 τῇ
1330 2753 1443 2789 οὐρανίᾳ
1463 2753 1552 2788 δρόσῳ
1566 2751 1720 2787 διάϐροχος,
1731 2751 1748 2778 6
1762 2753 1841 2778 παντὶ

1052 2802 1091 2837 τῷ
1107 2802 1211 2836 σώματι
1224 2800 1273 2834 τῆς
1281 2799 1443 2834 Ἐκκλησίας
1455 2799 1501 2826 τὸν
1510 2798 1566 2826 τῶν
1576 2798 1746 2834 ἀποκρύφων
1755 2806 1784 2825 τε
1798 2799 1841 2825 καὶ

246 2888 256 2905 ⁷
269 2890 323 2916 tstt.
342 2889 450 2922 Ltu,9;
472 2888 570 2918 lPetr.
589 2898 618 2924 ιι,
632 2889 677 2918 22.
710 2891 730 2907 ¹⁶
748 2891 830 2920 llebr.
844 2900 881 2927 tr,
904 2893 945 2921 l5.

1045 2894 1111 2929 pltcs
1135 2901 1168 2926 ιι,
1182 2893 1209 2921 2.
1263 2892 1284 2908 ι’
1299 2891 1310 2919 l
1325 2890 1446 2920 Timoth.
1464 2898 1485 2924 ι,
1499 2889 1542 2917 l3.
