3850 6224
205 336 348 395 ιοκτ

1194 329 1261 384 IN
1290 328 1592 386 CANTICA
1633 320 1903 381 CANTIC.
1950 321 2230 378 HOMILIA
2262 323 2403 379 XIII.

3326 324 3465 382 4058

204 449 499 506 σκοτεινῶν
563 451 878 523 μυστηρίων
927 451 1083 520 λόγον
1127 451 1494 521 ὲπιψεκάζων.
1556 447 1791 509 Τούτους

1911 446 2116 499 'oratim
2153 447 2470 502 instillaret.
2525 446 2633 501 llos
2684 445 2851 517 igitur
2899 444 3163 516 appellari
3198 458 3229 498 a
3261 459 3464 515 sponsa

205 543 310 611 μὲν
343 542 598 612 λέγεσθαι
634 543 785 614 παρά
823 544 922 612 τῆς
953 543 1169 613 νύμφης
1205 542 1528 614 βοστρύχους
1556 539 1789 609 ὑπενοή-

207 652 406 705 σαμεν,
436 636 486 690 οἳ
504 636 602 707 τῆς
631 635 846 707 χρυιι-ἦς¹
857 635 1098 706 κεφαλῆς
1119 633 1567 707 ἀπηρτημένοιού
1589 631 1791 702 μικρὰν

203 721 272 774 δι’
306 722 516 775 ἑαυτῶν
573 722 785 776 ποιοῦσι
845 722 1163 794 προσθήκην
1212 725 1314 792 τῆς
1359 721 1532 793 ὥρας,
1570 723 1636 792 τῇ
1696 719 1791 773 τοῦ

208 811 522 882 πνεύματος
549 811 695 884 αὔρᾳ
740 813 1206 884 περισοϐούμενοι.
1239 805 1398 866 Οὗτοι
1423 813 1677 881 στέφανοι
1707 810 1792 879 γί-

210 915 395 951 νονται
431 899 660 962 κάλλους
680 902 746 971 τῇ
782 901 1048 971 άκηράτῳ
1069 901 1302 972 κεφαλῇ,
1333 901 1663 972 κοσμοῦντες
1693 901 1792 952 αὐ-

209 991 312 1061 τὴν
340 990 420 1061 τῷ
462 991 575 1061 ἰδίῳ
603 991 940 1063 κυκλώματι.
973 993 1107 1063 Περὶ
1146 993 1350 1046 τούτων
1382 993 1491 1063 γάρ
1524 1009 1614 1062 μοι
1650 992 1795 1044 δοκεῖ

210 1080 394 1148 λέγειν
421 1085 456 1153 ἡ
482 1075 806 1154 προφητείὰ,
848 1083 931 1136 ὃτι
967 1085 1221 1151 Ἕθηκας
1249 1083 1349 1136 ἐπὶ
1378 1081 1495 1150 τὴν
1520 1080 1796 1150 κεφαλὴν

209 1173 400 1226 αὑτοῦ
466 1173 771 1242 στέφανον
820 1173 890 1227 ἐκ
917 1175 1092 1228 ,λίθου
1135 1175 1351 1245 τιμίου.
1389 1175 1551 1226 Ὥστε
1600 1172 1795 1234 αὐτοὺς

210 1265 279 1317 δι’
305 1265 583 1334 ἑκατέρων
629 1263 865 1320 νοεῖσθαι
895 1264 1006 1318 τῶν
1044 1266 1353 1336 νοημάτων,
1406 1265 1700 1336 εὐπρεπεῖς
1736 1280 1796 1315 τε

214 1357 566 1428 βοστρύχους,
597 1361 690 1412 καὶ
728 1359 908 1422 λίθους
937 1358 1172 1428 τιμίους,
1204 1359 1273 1411 δι’
1303 1356 1482 1411 αὐτῶν
1511 1355 1608 1428 τὴν
1635 1371 1800 1424 κεφα-

212 1450 314 1520 λὴν
339 1449 804 1514 καλλωπίζοντας.

298 1539 614 1592 Ἀκόλουθον
660 1540 705 1594 δ’
756 1539 823 1595 ἂν
867 1541 950 1610 εῐη
980 1539 1075 1592 καὶ
1108 1541 1178 1591 τά
1212 1537 1337 1608 περὶ
1369 1536 1475 1590 τῶν
1504 1536 1798 1606 ὀφθαλμῶν

213 1630 484 1699 εἰρημένα
505 1629 778 1700 θεωρῆσαι
811 1629 889 1700 τῷ
916 1629 1078 1700 λόγῳ.
1113 1630 1267 1682 Ἐστι
1294 1630 1352 1682 δὲ
1384 1630 1417 1698 ἡ
1446 1629 1589 1694 λέξις
1621 1627 1760 1698 αὐτη
1779 1643 1794 1658 ⁸

228 1720 554 1785 Ὀφθαλμοί
583 1717 770 1772 αὐτοῦ
793 1719 1132 1786 περιστεραί
1149 1718 1244 1770 ἐπὶ
1269 1717 1630 1786 πληρώματα
1651 1717 1798 1774 ὑδά-

215 1825 356 1873 των,
383 1807 744 1877 λελουμέναι
771 1809 842 1861 ἐν
871 1808 1140 1878 γάλακτι,
1171 1808 1496 1876 καθήμεναι
1523 1807 1619 1860 ἐπὶ
1645 1811 1796 1874 πλη-
1829 1788 1870 1845 Β

215 1899 454 1968 ρώματα
486 1899 737 1956 ὑδάτων.
794 1901 854 1953 Ἡ
888 1901 945 1953 δὲ
980 1899 1087 1953 τῶν
1127 1899 1430 1970 εἰρημένων
1467 1899 1673 1954 διάνοια
1701 1899 1799 1968 τῆς

221 1992 322 2062 μὲν
361 1991 721 2060 καταλήψεως
765 1991 919 2062 ἡμῶν
963 1993 1109 2044 ἐστιν
1147 1991 1469 2061 ὑψηλοτέρα.
1505 1991 1569 2043 ὐ
1597 1991 1705 2059 γὰρ
1733 1991 1799 2042 ἂν

220 2083 568 2152 ἐννοήσωμεν
599 2082 952 2153 περὶτούτων
985 2082 1203 2137 ἔλαττον
1245 2078 1384 2135 εἶναι
1417 2083 1514 2152 τῆς
1544 2081 1801 2152 ἀληθείας

218 2177 447 2247 οἰόμεθα
466 2194 477 2204 ’
501 2177 886 2246 σκοπουμένοις
906 2175 962 2228 δὲ
981 2176 1046 2229 δι’
1066 2173 1382 2245 ἐπιμελείας
1405 2176 1555 2244 ἡμῖν,
1578 2173 1801 2244 τοιαύτη

220 2288 306 2333 τις
332 2270 511 2336 ἔδοξεν
537 2265 702 2322 εἶναι’
732 2267 867 2338 Φησί
903 2285 1006 2319 που
1037 2267 1146 2321 τῶν
1184 2265 1378 2320 ἑαυτοῦ
1412 2266 1584 2332 λόγων
1611 2266 1640 2318 ὁ
1661 2265 1802 2330 θεῖος

233 2360 578 2423 ’Λπόστολος,
616 2359 690 2430 μὴ
747 2358 1006 2412 δύνασθαι
1051 2359 1230 2426 λέγειν
1279 2358 1372 2410 τὸν
1421 2356 1697 2429 ὀφθαλμὸν
1733 2359 1801 2428 τῇ

222 2453 390 2523 χειρὶ,
407 2452 624 2518 Χρείαν
643 2463 760 2504 σου
776 2449 888 2504 οὐκ
914 2448 1034 2518 ἔχω
1051 2464 1063 2477 ·
1079 2448 1256 2518 δόγμα
1279 2447 1366 2501 διά
1393 2447 1595 2500 τούτων
1625 2447 1804 2500 ποιού-

225 2560 410 2612 μενος,
439 2542 520 2594 ὅτι
562 2539 628 2594 δι’
666 2541 994 2612 ἀμφοτέρων
1043 2541 1306 2609 προσήκει
1349 2537 1426 2607 τῷ
1467 2537 1678 2607 σώματι
1707 2537 1806 2605 τῆς

236 2630 566 2702 Ἑκκλησίας
641 2629 902 2700 πράττειν
940 2629 1139 2692 καλῶς,
1188 2627 1281 2681 τοῦ
1342 2627 1648 2699 διορατικοῦ
1706 2627 1807 2696 τῆς

223 2722 484 2793 ἀληθείας
543 2720 990 2792 συγκεκραμένου
1017 2721 1151 2791 πρὸς
1187 2721 1249 2773 τὸ
1289 2719 1646 2791 δραστήριον·
1685 2718 1806 2772 οὐτε

225 2816 325 2884 τῆς
364 2812 597 2884 θεωρίας
644 2811 766 2865 καθ’
805 2809 1002 2881 ἑαυτὴν
1037 2811 1134 2881 τὴν
1179 2810 1354 2881 ψυχὴν
1393 2809 1722 2880 τελειούσης.
1760 2811 1808 2862 εἰ

230 2907 308 2976 μὴ
337 2906 430 2958 καὶ
459 2905 528 2956 τά
577 2902 711 2972 ἔργα
750 2904 922 2973 παρῇ,
981 2902 1050 2955 τὰ
1085 2901 1177 2953 τὸν
1223 2900 1411 2971 ἠθικὸν
1442 2900 1810 2972 κατορθοῦντα

229 2997 345 3066 βίον
365 3010 378 3024 ’
405 2993 528 3048 οὐτε
554 2995 652 3064 τῆς
683 2993 995 3064 πρακτικῆς
1035 2991 1352 3062 φιλοσοφίας
1390 2992 1636 3063 αὐτάρκη
1671 3010 1811 3064 παρ-

228 3085 493 3156 εχομένης
547 3085 645 3154 τὴν
678 3085 968 3153 ὠφέλειαν,
1001 3085 1075 3154 μὴ
1120 3084 1220 3154 τῆς
1248 3083 1504 3155 ἀληθινῆς
1532 3083 1810 3145 εὐσεϐείας
1836 3125 1880 3182 C

229 3178 339 3230 τῶν
359 3176 656 3248 γινομένων
715 3174 1150 3246 καθηγουμένης.
1213 3176 1275 3228 Εἰ
1322 3175 1499 3228 τοίνυν
1537 3176 1808 3244 ἀναγκαία

228 3271 340 3324 τῶν
364 3268 657 3340 ὀφθαλμῶν
686 3269 820 3340 πρὸς
853 3272 950 3330 τάς
972 3269 1158 3338 χεῖράς
1176 3269 1320 3320 ἐστιν
1345 3269 1377 3336 ἡ
1406 3269 1654 3336 συζυγία,
1671 3268 1812 3336 τάχα

232 3360 622 3432 προσαγόμεθα
653 3360 742 3413 διὰ
789 3359 899 3412 τῶν
946 3359 1272 3429 εἰρημένων,
1299 3359 1510 3431 πρῶτον
1558 3360 1655 3430 μὲν
1685 3362 1810 3423 τοὺς

232 3452 565 3522 ὀφθαλμοὺς.
597 3451 790 3513 οἵτινές
821 3451 948 3513 εἰσι,
1007 3449 1338 3519 κατανοῆσαι
1364 3470 1377 3480 ·
1409 3450 1596 3502 ἔπειτα
1633 3449 1690 3501 δὲ
1719 3451 1812 3502 καὶ

231 3545 325 3596 τὸν
349 3544 475 3614 περί
504 3541 681 3596 αὐτῶν
706 3541 926 3595 ἔπαινον
947 3544 1004 3594 ἐν
1025 3540 1226 3612 θεωρίᾳ
1248 3541 1430 3594 λαϐεῖν
1452 3558 1464 3570 ·
1494 3543 1582 3593 τὸν
1609 3540 1662 3594 δὲ
1685 3558 1750 3593 πε
1761 3543 1812 3610 pi.

231 3635 342 3686 τῶν
359 3632 556 3704 χειρῶν
584 3633 740 3700 λόγον
778 3631 858 3700 τῷ
883 3631 997 3702 ἰδίῳ
1011 3635 1412 3706 ταμιευσόμεθα
1424 3635 1594 3704 τόπῳ·
1613 3632 1813 3700 ὀφθαλ-

238 3729 354 3798 μῶν
389 3727 498 3797 γὰρ
557 3726 687 3779 ῐδιον
727 3727 791 3777 ὲκ
823 3723 1038 3793 φύσεως
1083 3722 1241 3793 ἔργον
1297 3723 1415 3775 ἐστὶ
1436 3723 1495 3776 τὸ
1545 3726 1702 3795 ὁρᾷν·
1735 3724 1814 3777 διὸ

235 3821 376 3874 κατά
427 3821 526 3890 τὴν
574 3819 806 3887 τοπικὴν
861 3816 1009 3870 θέσιν
1050 3817 1268 3869 πάντων
1311 3817 1660 3887 ὑπέρκεινται
1707 3818 1814 3868 τῶν

237 3911 628 3983 αἰσθητηρίων,
663 3913 741 3972 εἰς
771 3910 990 3981 ὀδηγίαν
1031 3908 1125 3961 τοῦ
1175 3909 1374 3973 παντὸς
1407 3909 1657 3979 σώματος
1685 3927 1813 3981 προ-

235 4004 558 4072 τεταγμένοι
601 4003 750 4074 παρά
795 4003 893 4072 τῆς
965 4002 1198 4071 φύσεως.
1253 4003 1418 4054 Ὅταν
1443 3997 1533 4054 οὐν
1565 4002 1688 4064 τούς
1718 4002 1815 4070 τῆς

176 4161 184 4168 .
235 4090 500 4160 ἀληθείας
531 4089 974 4160 καθηγουμένους
1001 4091 1151 4159 παρὰ
1172 4090 1268 4159 τῆς
1300 4089 1448 4152 θείας
1477 4091 1698 4161 Γραφῆς
1726 4090 1817 4143 οὐ·

236 4199 346 4244 τως
372 4181 799 4251 ὀνομαζομένους
843 4181 1183 4251 ἀκούσωμεν,
1212 4175 1286 4234 ὧν
1313 4183 1340 4233 ὀ
1376 4181 1471 4250 μέν
1497 4199 1580 4244 τις
1601 4181 1817 4250 ἐλέγετο

241 4273 510 4337 Βλέπων,
543 4274 627 4325 ἒτε
638 4290 726 4344 ρος
745 4273 798 4325 δὲ
831 4276 864 4327 o’
907 4272 1086 4340 Ὁρῶν
1106 4290 1120 4305 ο
1150 4273 1306 4337 ἄλλος
1327 4275 1384 4327 δὲ
1409 4275 1644 4341 Σκοπὸς
1667 4276 1816 4346 παρὰ

239 4364 318 4434 τῷ
365 4363 483 4433 Θεῷ
538 4363 679 4416 οὐτω
721 4364 809 4416 διὰ
851 4363 951 4432 τῆς
1005 4363 1344 4435 προφητείας
1399 4364 1815 4436 ὠνομασμένος·

1891 540 2185 596 cincinnos
2231 540 2649 607 existimamus,
2701 540 2796 610 qui
2849 553 3018 594 aureo
3065 537 3232 608 capiti
3283 536 3468 591 adbas-

1890 640 2074 686 rentes
2109 646 2216 684 non
2264 646 2454 700 parum
2495 630 2682 701 sponsi
2733 629 3197 700 pulchritudinem
3244 639 3466 698 augent,

1893 724 1962 778 ab
1989 737 2122 778 aura
2152 723 2379 792 spiritus
2409 723 2621 792 agitati.
2665 723 2845 792 Atque
2879 721 3044 776 iidem
3091 721 3238 776 illius
3271 721 3470 774 imma-

1893 816 2058 869 culati
2087 815 2282 884 capitis
2309 815 2736 884 pulcherrimum
2780 823 2987 869 sertum
3021 821 3172 876 sunt,
3205 822 3471 868 ornantcs

1896 907 2027 961 illud
2059 907 2262 960 ambitu
2296 923 2419 962 suo.
2452 907 2661 960 Etenim
2698 907 2765 960 de
2800 907 2886 961 his
2914 909 3092 960 locum
3144 906 3301 959 illum
3344 921 3471 974 pro-

1894 998 2090 1069 phetiae
2117 999 2326 1068 accipio
2357 1017 2368 1052 :
2428 997 2663 1052 Posuisti
2705 999 2758 1051 in
2795 1007 2949 1065 caput
2980 997 3096 1066 ejus
3129 1013 3376 1050 coronam
3407 1011 3476 1048 ea:

1895 1091 2072 1159 lapide
2106 1093 2337 1160 pretioso
2360 1092 2504 1142 ¹³-“.
2531 1090 2606 1143 Ita
2631 1098 2800 1160 utper
2815 1090 3231 1160 appellationem
3265 1097 3473 1142 utram-

1899 1199 2006 1254 que
2037 1185 2434 1252 intelligantur,
2469 1183 2672 1252 quippe
2719 1182 2812 1250 qui
2849 1181 2960 1236 sint
2994 1190 3048 1234 et
3087 1179 3330 1234 cincinni
3376 1181 3473 1234 de-

1897 1274 2037 1336 cori,
2068 1282 2122 1328 et
2170 1274 2349 1342 magni
2386 1271 2545 1341 pretii
2580 1271 2809 1341 lapides,
2843 1270 3144 1324 ornamenti
3179 1269 3380 1340 aliquid
3406 1285 3472 1323 ex

1898 1380 1958 1422 se
1985 1365 2152 1436 capiti
2184 1363 2550 1419 conferentes.

1967 1543 2125 1599 Nunc
2150 1542 2360 1598 ordinis
2409 1542 2548 1596 ratio
2585 1540 2828 1610 postulat
2889 1548 2948 1593 ut
2994 1538 3160 1594 etiam
3225 1537 3316 1591 illa
3355 1551 3477 1605 qua:

1898 1636 1966 1692 de
2027 1636 2201 1690 oculis
2266 1634 2522 1687 dicuntur
2572 1603 2983 1686 consileremus
3051 1644 3221 1697 τίμιαι
3256 1628 3472 1698 quidem

1899 1728 2013 1783 haec
2036 1734 2192 1782 sunt:
2217 1724 2368 1781 Oculi
2399 1727 2513 1794 ejus
2536 1725 2669 1777 sicut
2694 1722 2967 1776 columbis.
3003 1720 3071 1773 ad
3104 1735 3362 1789 aquarum
3388 1735 3478 1772 co-

1897 1820 2036 1887 pias,
2073 1818 2195 1871 ioue
2223 1819 2277 1870 iu
2305 1817 2460 1878 lacte,
2492 1815 2726 1870 sedentes
2749 1830 2906 1882 super
2927 1813 3277 1883 pleniludiues
3308 1827 3478 1881 aqua-

1899 1928 2036 1966 rum.
2063 1909 2266 1965 llorum
2307 1917 2486 1962 autem
2511 1909 2799 1962 verborum
2832 1906 3101 1960 sententia
3126 1905 3480 1975 perceptione

1899 2004 2118 2073 quidem
2159 2011 2345 2057 nostra
2382 2004 2668 2057 sublimior
2724 2011 2843 2067 est;
2888 1999 3118 2054 inferius
3164 1999 3309 2052 enim
3357 2013 3480 2051 esse

1905 2097 2019 2166 ipsa
2053 2097 2281 2150 veritate
2314 2093 2952 2164 arbitramur,quidquid
2979 2093 3050 2146 de
3086 2092 3167 2145 eis
3198 2091 3478 2160 cogitaveo

1901 2187 2224 2253 rimus;sed
2251 2195 2432 2242 tamen
2487 2187 2731 2242 studiose
2783 2171 2930 2239 illam
2975 2181 3478 2239 considerantibus.

1903 2276 2211 2345 hujusmodi
2241 2275 2486 2344 quasdam
2517 2291 2640 2330 esse
2665 2275 2909 2328 videtur:
2936 2273 3022 2325 Ait
3050 2272 3250 2326 alicubi
3276 2271 3392 2326 suis
3413 2270 3468 2324 in

1906 2359 2316 2423 conunentariis
2394 2367 2612 2420 divinus
2665 2366 2752 2420 ille
2806 2363 3124 2433 Apostolus,
3158 2378 3268 2416 non
3317 2377 3479 2432 posse

1905 2454 2120 2507 oculum
2155 2454 2559 2513 mannidicere.
2596 2451 2715 2505 Non
2750 2452 2878 2504 mihi
2903 2461 2952 2504 te
2973 2468 3101 2520 opus
3122 2461 3199 2505 est
3231 2451 3276 2482 "
3319 2465 3333 2498 :
3362 2451 3483 2520 qui-

1906 2544 2008 2598 bus
2039 2545 2220 2598 verbis
2248 2544 2443 2598 docere
2475 2545 2609 2600 vult.
2654 2543 2852 2596 debere
2895 2558 3095 2610 corpus
3132 2541 3390 2596 Ecclesia:
3414 2541 3486 2594 ab

1908 2646 2140 2706 utroque
2189 2645 2333 2691 recte
2361 2647 2735 2704 comparatum
2776 2650 2918 2694 esse,
2951 2646 3058 2686 tam
3114 2633 3484 2704 perspiciendi

1909 2730 2155 2790 veritate,
2185 2743 2346 2795 quam
2375 2727 2565 2795 agendi
2603 2725 2652 2779 vi
2686 2727 2827 2779 inter
2862 2741 2920 2779 se
2947 2726 3100 2794 quasi
3132 2732 3432 2794 temperata
3463 2740 3476 2777 :

1909 2821 2110 2890 quippe
2169 2819 2314 2889 quod
2358 2833 2534 2886 neque
2587 2817 2979 2884 contemplatio
3030 2831 3125 2886 per
3155 2832 3215 2870 se
3239 2816 3481 2869 animam

1910 2911 2176 2982 perficiat,
2201 2909 2305 2963 nisi
2356 2907 2538 2962 adsint
2566 2916 2620 2961 et
2658 2923 2823 2976 opera
2858 2908 3024 2960 vitam
3071 2906 3343 2976 egregiam
3386 2908 3486 2959 ab-

1911 3002 2216 3068 solventia;
2257 3015 2430 3068 neque
2484 2999 2823 3068 philosophia
2882 3009 3148 3068 occupata
3193 2999 3245 3051 iu
3277 2999 3491 3068 agemlo

1913 3094 2048 3146 satis
2095 3091 2167 3144 sit
2216 3089 2387 3153 utilis,
2443 3089 2543 3142 nisi
2580 3105 2706 3142 vera
2743 3089 2917 3157 pietas
2944 3104 3130 3143 eorum
3169 3105 3289 3157 quae
3342 3092 3475 3141 tiunt

1912 3182 2020 3235 dux
2050 3182 2140 3236 sit.
2168 3180 2348 3246 Quare
2378 3179 2424 3233 si
2479 3181 2788 3232 necessaria
2829 3189 2912 3233 est
2959 3180 3073 3232 haec
3103 3180 3387 3233 oculorum
3434 3187 3490 3232 et

1913 3289 2172 3328 manuum
2201 3272 2536 3341 coniunctio,
2586 3267 2947 3340 iortassejam
2976 3272 3202 3341 pmpius
3247 3287 3342 3341 per
3374 3271 3490 3324 hzee

1913 3367 2031 3436 ipsa
2085 3363 2238 3418 Pauli
2270 3363 2432 3416 verba
2485 3361 2810 3415 adducimur
2870 3361 2934 3414 ad
3003 3362 3487 3421 considerandum.

1913 3458 2089 3526 primo
2106 3456 2328 3525 quinam
2363 3454 2467 3509 sint
2495 3455 2662 3514 oculi.
2695 3453 2892 3507 deinde
2919 3453 2985 3506 ad
3018 3452 3493 3523 comprehenden-

1914 3547 2038 3602 dam
2063 3547 2229 3600 animi
2254 3545 2714 3614 contemplatione
2738 3543 2952 3597 laudem
2984 3543 3200 3596 borum.
3225 3543 3378 3609 Quod
3401 3559 3493 3596 an-

1915 3650 2022 3694 tem
2076 3641 2142 3693 de
2186 3637 2440 3692 manibus
2487 3636 2709 3696 dicitur,
2753 3650 2855 3689 suo
2903 3636 3024 3688 loco
3071 3635 3492 3690 reservabimus.

1915 3731 2206 3787 Oculorum
2238 3746 2268 3783 a
2300 3738 2490 3782 natura
2517 3729 2794 3798 proprium
2855 3742 3053 3780 munus
3107 3735 3192 3780 cst
3247 3741 3490 3780 cernere.

1914 3823 2209 3891 Pr0pterea
2251 3820 2361 3874 loci
2415 3821 2576 3873 etiam
2613 3820 2719 3872 situ
2747 3833 2910 3886 supra
2953 3832 3216 3871 sensuum
3250 3817 3493 3885 reliquo-

1915 3928 2034 3966 rum
2087 3927 2291 3980 organa
2321 3909 2574 3963 collocati
2607 3917 2755 3966 sunt.
2792 3909 2858 3962 ad
2911 3906 3241 3960 diu-tandum
3277 3908 3494 3960 univor-

1919 4021 2040 4061 sum
2097 4020 2296 4074 corpus
2349 4017 2378 4056 a
2412 4013 2610 4056 natura
2665 4001 2922 4056 ordinati.
2975 4000 3157 4066 Quare
3191 4017 3314 4054 cum
3346 4002 3491 4060 illos.

1920 4097 2012 4168 qui
2047 4097 2113 4150 ad
2140 4097 2421 4149 veritatem
2452 4095 2620 4148 duces
2654 4105 2798 4156 sunt,
2833 4093 3092 4162 appellari
3126 4109 3153 4145 a
3179 4093 3351 4148 sacris
3377 4091 3492 4146 Lit-

1918 4189 2052 4243 teris
2088 4187 2340 4242 audimus
2372 4185 2467 4248 ita,
2495 4193 2551 4237 ut
2583 4185 2724 4239 alius
2786 4185 3000 4238 dicatur
3062 4181 3277 4244 Videas,
3329 4184 3491 4245 alius,

1917 4277 2144 4334 Cerneus
2175 4277 2240 4346 ¹⁸,
2288 4277 2427 4332 alius
2473 4263 2785 4346 Speculator
2815 4276 2853 4305 "
2894 4292 2922 4328 a
2953 4275 3058 4328 Deo
3083 4275 3486 4344 Prophetarum

1919 4373 1974 4426 in
2034 4369 2189 4425 libris
2249 4377 2507 4432 vocetur,
2562 4368 2885 4422 adducimur
2946 4382 3032 4431 eo,
3076 4375 3134 4419 ut
3190 4374 3498 4420 statuamus

241 4455 548 4525 έναγόμεθα
575 4455 662 4508 διὰ.
700 4455 924 4520 τούτων,
972 4457 1098 4518 τοὺς
1145 4457 1345 4526 έφορᾷν
1379 4457 1473 4508 καί
1506 4457 1807 4510 ἐπιϐλέπειι

1922 4460 2046 4514 illos
2075 4459 2167 4529 qui
2200 4458 2264 4511 ad
2313 4456 2668 4521 cernendum,
2696 4467 2742 4510 et
2771 4455 3191 4524 inspiciendum,
3217 4465 3273 4509 et
3303 4471 3496 4524 specu-

243 4549 337 4600 καὶ
363 4549 676 4600 ἐπισκοπεῖν
706 4547 1090 4617 τεταγμένους,
1119 4547 1428 4617 ὀφθαλμοὺς
1474 4549 1706 4602 ἐνταῦθα
1729 4566 1816 4602 νο-

247 4639 425 4708 μίζειν
475 4637 956 4709 κατονομάζεσθαι.
1021 4637 1096 4692 Τό
1136 4638 1193 4692 δὲ
1229 4641 1356 4708 περί
1396 4640 1591 4703 αὐτοὺς
1634 4640 1818 4710 θαῦμα

245 4731 369 4784 καθ’
403 4732 694 4802 ὁμοιότητά
743 4749 863 4785 τινα
908 4733 1264 4803 συγκριτικὴν
1299 4733 1541 4800 γίνεσθαι
1569 4733 1816 4787 διδασκό-

248 4821 409 4892 μεθα,
444 4821 542 4892 τῆς
589 4823 725 4893 πρὸς
769 4822 830 4876 τὸ
864 4825 1105 4892 κρεῖττον
1151 4823 1502 4892 παραθέσεως
1543 4824 1603 4876 τὸ
1625 4824 1818 4888 κάλλος

246 4913 424 4967 αὐτῶν
453 4913 894 4985 ὐπογραφούσης.
927 4913 1063 4984 Φησί
1089 4914 1196 4985 γάρ
1221 4932 1232 4944 ·
1265 4916 1345 4967 ὅτι
1390 4915 1706 4984 Ὀφθιιλμοί
1739 4916 1819 4980 ὼς

246 5007 627 5074 περιστεραί.
683 5006 861 5069 Καλὸς
903 5006 1009 5076 γὰρ
1037 5005 1111 5067 ὡς
1152 5005 1364 5075 ἀληθῶς
1409 5006 1519 5060 τῶν
1566 5006 1820 5060 τοιούτων

245 5099 509 5170 ὀμμάτων
543 5098 760 5159 ἔπαινος
786 5098 818 5168 ἡ
851 5099 1073 5161 ἀκακία,
1097 5097 1162 5168 ἥν
1183 5098 1534 5167 κατορθοῦσιν
1551 5100 1599 5151 οἰ
1624 5099 1820 5168 μηκέτι

245 5189 324 5258 τῷ
355 5187 621 5257 σαρκώδει
677 5186 775 5257 βίῳ
835 5187 1205 5256 μολυνόμενοι,
1244 5186 1379 5240 ἀλλὰ
1418 5187 1616 5251 ζῶντές
1640 5204 1701 5240 τε
1729 5189 1823 5240 καί⁹

247 5279 586 5348 στοιχοῦντες
607 5278 685 5349 τῷ
725 5279 1016 5350 πνεύματι.
1070 5280 1127 5331 Ὀ
1173 5278 1281 5348 γὰρ
1326 5280 1687 5348 πνευματικὸς
1729 5280 1822 5332 κα)⁹

245 5371 407 5433 ἄῦλος
438 5369 550 5439 βίος
579 5369 657 5439 τῷ
687 5371 784 5433 τῆς
813 5371 1140 5440 περιστερᾶς
1169 5367 1298 5420 εῐδει
1343 5369 1825 5440 χαρακτηρίζεται,

248 5458 436 5528 ἐπειδὴ
465 5458 557 5510 καὶ
577 5457 705 5511 αὐτὸ
728 5458 788 5510 τὸ
808 5457 1028 5527 Πνεῦμα
1053 5456 1112 5509 τὸ
1141 5456 1292 5524 ἆγιον
1311 5456 1480 5519 οὕτως
1497 5456 1649 5526 ὤφθη
1679 5457 1828 5526 παρὰ

247 5547 344 5604 τεῦ
383 5547 630 5602 Ἰωάννου
656 5551 720 5603 ὲκ
749 5549 856 5602 τῶν
876 5546 1120 5618 οὐρανῶν
1140 5547 1232 5599 ἐπὶ
1253 5546 1312 5599 τὸ
1339 5547 1482 5618 ὕδωρ
1512 5549 1824 5618 ἰπτάμενον.

329 5722 450 5761 ⁸³-¹”
479 5721 626 5778 Psal.
667 5737 758 5788 xx,
786 5720 839 5777 4.
919 5721 1002 5774 "l
1043 5721 1168 5777 Cor.
1208 5738 1304 5788 xu,
1333 5722 1418 5777 2|.

1498 5723 1541 5754 ¹⁶
1573 5720 1592 5775 1
1625 5722 1755 5794 llcg.
1783 5739 1861 5790 Ix,
1899 5725 1987 5780 il.

1924 4551 2144 4604 landum
2177 4549 2410 4603 ordinati
2449 4558 2597 4611 sunt,
2633 4549 2822 4602 oculos
2856 4547 2944 4602 hic
2979 4547 3258 4617 appellari.
3295 4545 3498 4601 Eorum

1925 4654 2055 4694 vero
2114 4638 2431 4692 admiranda
2485 4639 2796 4706 praestantia
2879 4653 2975 4707 per
3033 4639 3497 4707 comparationem

1923 4731 2214 4800 quamdam
2249 4730 2578 4792 declaratur,
2612 4731 2935 4799 depingente
2990 4729 3154 4797 hujus
3195 4731 3501 4796 adjectione

1924 4821 2381 4892 pulchritudinem
2414 4823 2650 4876 illorum.
2682 4821 2770 4874 Ait
2793 4821 2936 4874 enim
2967 4840 2981 4875 :
3041 4821 3196 4875 Oculi
3213 4822 3335 4894 ejus
3365 4821 3498 4875 sicut

1926 4911 2199 4964 columbaz.
2249 4911 2514 4966 Pra‘clara
2570 4913 2830 4966 nimirum
2867 4913 2921 4965 in
2973 4912 3283 4980 bujusmodi
3327 4913 3501 4966 oculis

1926 5002 2045 5054 laus
2079 5012 2180 5063 est,
2215 5017 2410 5070 expers
2444 5002 2664 5055 malitia
2722 5002 3071 5070 simplicitas.
3120 5016 3242 5070 quae
3270 5001 3322 5054 in
3379 5002 3501 5056 illos

1925 5091 2091 5151 cadit.
2124 5092 2216 5160 qui
2264 5093 2502 5145 nondum
2533 5107 2562 5145 a
2601 5092 2704 5144 vita
2756 5092 2962 5146 carnali
2990 5091 3180 5162 polluti
3211 5099 3362 5156 sunt,
3405 5096 3498 5146 sed

1926 5185 2115 5237 vivunt
2151 5195 2200 5237 et
2237 5185 2515 5237 ambulant
2563 5184 2778 5253 spiritu.
2843 5183 3050 5237 Etenim
3107 5185 3412 5254 spiritualis
3447 5197 3500 5239 ct

1928 5276 2188 5329 immunis
2218 5291 2245 5328 a
2276 5276 2441 5329 rebus
2463 5276 2665 5329 crassis
2692 5277 2798 5329 vita
2835 5293 2930 5344 per
2960 5277 3227 5330 columba:
3260 5278 3500 5346 speciem

1929 5367 2253 5436 exprimitur
2281 5386 2292 5420 :
2327 5383 2448 5421 cum
2479 5377 2702 5421 sanctus
2731 5367 2893 5420 etiam
2921 5365 3160 5434 Spiritus
3188 5369 3287 5420 hac
3322 5370 3504 5438 specie

1929 5467 2258 5526 conspectus
2284 5457 2351 5511 ab
2375 5455 2583 5511 Joanne
2623 5458 2692 5510 sit
2721 5457 2788 5511 de
2815 5459 2972 5512 cmlis
2993 5475 3158 5528 super
3188 5475 3386 5528 aquam
3417 5476 3506 5512 vo-

1932 5550 2063 5603 lare.
2099 5551 2280 5616 Quare
2313 5551 2464 5604 illum
2510 5552 2600 5620 qui
2642 5559 2699 5605 ut
2731 5551 2984 5607 Ecclesia:
3015 5554 3231 5622 corpori
3260 5554 3328 5607 sit
3357 5553 3502 5611 oculi

2066 5727 2106 5759 ¹⁷
2135 5729 2334 5784 Ειεείι.
2381 5747 2461 5794 ιιι,
2493 5731 2579 5784 ἰσῖ.
