3812 6228
101 312 228 371 1061

1057 300 1126 356 ΙΝ
1164 295 1468 355 CANTICA
1506 287 1778 348 CANTIC.
1819 285 2106 345 HOMILIA
2139 287 2282 346 XIV.

3213 289 3353 344 1062

101 428 207 480 τῶν
237 424 618 480 ἀνυποστάτων
647 420 1112 492 φαντασιούμενον
1131 438 1145 453 ·
1177 418 1588 492 προσκαθῆσθαι
1620 414 1677 469 δὲ

1821 409 1940 465 ibus
1963 411 2220 468 immunis
2241 411 2334 474 sil,
2352 425 2382 465 a
2411 411 2564 466 nullo
2591 425 2772 464 rerum
2807 424 2914 464 non
2937 409 3354 466 subsistentium

101 517 190 571 διὰ
217 517 535 587 παραμονῆς
562 515 656 568 καὶ
695 511 1048 584 προσεδρείας
1073 515 1184 574 τοῖς
1218 509 1546 582 πληρώμασι
1567 508 1676 562 τῶν

1813 519 1964 558 rrore
1985 503 2179 560 illusus
2205 521 2220 570 ;
2243 503 2480 574 denique
2502 512 2819 559 constanter
2837 511 2890 558 et
2905 502 3128 559 assidue
3146 493 3359 557 divina-

107 607 262 660 θείων
323 605 551 668 ὑδάτων,
605 603 726 657 καθ’
761 603 1058 673 ὁμοιότητα
1091 601 1184 655 τοῦ
1213 601 1368 668 ξύλου
1398 599 1492 652 τοῦ
1525 597 1678 669 παρὰ

1812 613 1902 652 um
1923 612 2188 667 aquarum
2207 595 2381 666 copiis
2402 596 2662 661 assideat,
2679 597 2855 650 instar
2881 595 3008 664 ligni
3025 595 3170 665 quod
3187 609 3359 665 aqua-

105 698 200 762 τὰς
217 696 480 762 διεξόδους
504 695 611 749 τῶν
649 695 856 748 ὑδάτων
886 693 1293 764 πεφυτευμένου
1324 694 1416 746 καὶ
1433 693 1492 746 ού
1523 691 1678 760 μεθι-

109 791 394 861 σταμένου.
432 787 590 842 Οὕτω
626 788 736 859 γὰρ
779 787 864 840 ὅτε
907 785 1122 857 καρπὸς
1155 785 1246 838 ἐπὶ
1271 785 1364 838 τοῦ
1397 785 1528 838 ἰδίου
1560 802 1682 838 και·-

109 883 204 953 ροῦ
236 882 688 954 προϐληθήσεται,
713 881 809 936 καὶ⁸
835 881 862 932 ό
892 879 1085 943 κλάδος
1113 879 1368 949 ἀειθαλὴς
1407 879 1683 948 φυλαχθῆ-

109 991 260 1028 σεται
287 977 354 1044 τῇ
388 973 612 1043 εὑχροίᾳ
645 973 755 1025 τῶν
790 973 1006 1042 φύλλων
1033 970 1510 1041 περισοσούμενος.
1545 968 1684 1022 Νυνὶ

107 1067 164 1122 δὲ
189 1066 294 1119 τῶν
333 1064 626 1135 ὀφθαλμῶν
653 1065 763 1118 τῶν
800 1065 1182 1137 πνευματικῶν
1229 1065 1433 1118 τούτων
1477 1063 1685 1118 ὑδάτων

108 1155 556 1226 καταμελοῦντες.
582 1155 676 1208 καὶ
699 1154 801 1226 τῆς
818 1153 910 1210 τοῦ
945 1156 1104 1224 λόγου
1135 1155 1490 1227 προσεδρείας
1513 1153 1686 1224 μικρὰ

109 1245 515 1318 φροντίζοντες,
546 1247 666 1317 ἦτοι
709 1245 802 1300 τὸν
854 1247 950 1317 τῆς
1005 1246 1434 1318 φιλοχρηματίας
1477 1247 1689 1308 ἑαυτοῖς

107 1339 308 1391 λάκκον
344 1336 686 1410 ὀρύσσουσιν,
721 1337 754 1408 ῆ
799 1337 899 1408 τὴν
939 1337 1242 1402 κενοδοξίαν
1272 1337 1622 1408 λατομοῦσιν.
1654 1335 1686 1405 ἢ

109 1430 208 1498 τὴν
243 1427 620 1498 ὑπερηφανίαν
645 1427 1128 1499 φρεωρυχοῦσιν,ἢ
1154 1429 1346 1492 ἄλλους
1373 1428 1525 1492 τινὰς
1558 1428 1690 1480 λάκ-

113 1541 239 1586 κους
255 1523 472 1594 ἀπάτης
505 1525 622 1593 μετ’
656 1522 972 1593 ἐπιμελείας
997 1523 1337 1595 ὀρύσσουσιν,
1366 1523 1415 1575 οἳ
1450 1523 1691 1593 συνέχειν

109 1619 194 1681 εἰς
221 1617 282 1669 τὸ
310 1616 554 1687 διηνεκὲς
587 1616 646 1668 τὸ
677 1615 1106 1686 σπουδαζόμενον
1119 1616 1299 1679 αὑτοῖς
1323 1615 1487 1686 ὕδωρ,
1533 1615 1692 1685 φύσιν

113 1709 214 1763 οὑκ
241 1709 473 1778 ἔχουσιν,
507 1708 594 1761 ἀεὶ
624 1707 722 1778 τῆς
744 1700 848 1762 ὧδε
892 1709 1058 1778 τιμῆς
1088 1725 1169 1770 τε,
1209 1709 1303 1760 καί
1348 1707 1688 1770 δυναστείας,

115 1801 208 1852 καὶ
242 1799 422 1868 δόξης,
454 1798 584 1868 περὶ
609 1798 678 1867 ἦν
707 1799 854 1850 ἐστιν
884 1800 917 1868 ἡ
943 1797 1146 1868 σπουδὴ
1169 1801 1278 1861 τοῖς
1301 1797 1533 1861 πολλοῖς,
1557 1797 1690 1868 ὁμοῦ

111 1891 193 1963 τῷ
245 1892 501 1960 συστῆναι
553 1888 932 1960 διαρρεούσης,
972 1889 1066 1942 καὶ
1098 1889 1248 1942 οὐδὲν
1285 1889 1428 1958 ἴχνος
1458 1891 1556 1959 τῆς
1591 1908 1694 1961 μα-

112 1979 272 2042 ταίας
307 1979 544 2048 σπουδῆς
597 1981 656 2032 ἐν
701 1981 814 2042 τοῖς
848 1981 1222 2050 ἡπατημὲνοις
1266 1981 1690 2051 καταλιπούσης.

119 2070 402 2135 Τοιούτους
455 2065 596 2124 εἶναι
657 2068 903 2140 βούλεται
942 2071 1070 2134 τοὺς
1097 2071 1340 2142 ὁρῶντας
1375 2088 1432 2124 τε
1463 2073 1556 2124 καὶ
1585 2073 1698 2124 ἐπι·

114 2163 454 2227 σκοποῦντας
495 2163 734 2232 ὀΛόγος,
762 2155 836 2216 ὧν
871 2163 975 2234 χρὴ
1008 2161 1408 2234 προϐεϐλῆσθαι
1443 2165 1560 2234 μὲν.
1586 2158 1698 2218 οἶόν

111 2272 236 2308 τινα
273 2254 492 2326 ὀφρύων
531 2253 843 2324 περιϐολὴν,
873 2254 971 2324 τὴν
1011 2255 1118 2307 τῶν
1157 2254 1316 2309 θείων
1353 2257 1698 2326 διδαγμάτων

111 2347 416 2415 ἀσφάλειαν
433 2362 444 2376 ·
468 2345 930 2399 ἐπικαλύπτεσθαι
947 2345 1002 2398 δὲ
1015 2349 1082 2418 τῇ
1109 2347 1430 2420 σωφροσύνῃ
1447 2348 1700 2420 καθάπερ

109 2439 222 2492 τινὶ
253 2438 539 2512 βλεφάρων
587 2437 848 2510 περιϐολῇ
895 2439 956 2491 τὸ
995 2439 1232 2511 καθαρόν
1265 2457 1325 2492 τε
1358 2440 1452 2492 καὶ
1487 2440 1698 2494 στίλϐον

109 2529 214 2600 τῆς
232 2527 531 2592 πολιτείας,
558 2529 768 2599 μήποτε
790 2531 824 2600 ἡ
839 2532 938 2600 τῆς
958 2531 1183 2599 οἰήσεως
1210 2529 1362 2594 δοκὸς
1386 2531 1700 2601 ἐμπεσοῦσα

109 2620 192 2690 τῷ
221 2617 453 2689 καθαρῷ
480 2617 583 2688 τῆς
625 2618 816 2690 κόρης,
871 2617 1120 2689 ἐμποδὼν
1157 2619 1383 2688 γένηται
1440 2619 1574 2688 πρὸς
1602 2620 1700 2688 τὴν

107 2717 326 2785 ὖρασιν.
353 2712 450 2775 Τίς
485 2712 542 2764 δὲ
575 2711 715 2765 κατὰ
762 2713 886 2774 τοὺς
917 2710 1226 2781 ὀφθαλμοὺς
1253 2710 1362 2764 τῶν
1397 2710 1572 2777 μελῶν
1605 2709 1698 2763 τοῦ

111 2806 356 2877 νυμφίου
387 2805 534 2858 ἐστὶν
560 2808 590 2858 ὁ
616 2803 854 2870 ἔπαινος,
875 2804 933 2856 ὲν
949 2806 1058 2868 τοῖς
1087 2801 1282 2874 ἐφεξῆς
1306 2802 1440 2856 Θεοῦ
1471 2801 1702 2864 διδόντος

111 2897 532 2968 ὲπελευσόμεθα
567 2914 582 2928 ·
649 2896 829 2968 χάριτι
893 2895 989 2950 τοῦ
1047 2895 1253 2966 Κυρίου
1306 2893 1463 2965 ἡμῶν
1528 2892 1702 2965 Ἰησοῦ

107 2987 383 3060 Χριστοῦ,
399 2981 444 3057 ᾧ
461 2991 494 3059 η
515 2985 642 3052 δόξα
666 2991 745 3051 είς
765 2989 889 3052 τοὺς
900 2988 1098 3052 αἰῶνας
1116 2988 1223 3042 τῶν
1248 2987 1476 3042 αἰώνων.
1508 2987 1699 3058 Ἀμήν.

725 3080 968 3134 OMIAIA
999 3082 1094 3133 IA'.

1663 1757 1766 1811 ,ΖΒ

1780 705 1901 745 rum
1919 689 1982 742 ad
2001 689 2144 764 rivqs
2159 689 2482 758 plantatum,
2495 704 2762 758 nusquam
2777 689 2895 742 loco
2913 705 3014 744 suo
3029 688 3355 742 dimovetur.

1785 780 1880 836 Sic
1898 781 2042 835 enim
2078 789 2132 836 et
2171 780 2386 836 fructus
2419 795 2518 834 suo
2549 791 2792 850 tempore
2816 780 3150 849 proferetur,
3189 787 3244 832 et
3267 793 3359 832 ra-

1783 874 1856 927 mi
1893 874 2169 942 eleganter
2193 873 2449 927 coloratis
2483 871 2626 926 foliis
2658 879 2920 941 perpetuo
2943 870 3198 926 florentes
3228 885 3361 924 con-

1787 965 2174 1031 servabuntur,
2233 979 2362 1017 aura
2429 979 2524 1016 eos
2575 964 3082 1033 circumstrepente.
3117 964 3186 1014 At
3219 976 3364 1014 lltlllc

1792 1058 2042 1128 plerique
2083 1056 2226 1110 oculi
2265 1056 2578 1125 spirituales
2617 1056 2876 1125 neglectis
2907 1056 3064 1124 aquis
3089 1055 3260 1112 hisce.
3302 1069 3365 1106 ac

1789 1149 1943 1218 parvi
1985 1147 2250 1202 facientes
2291 1147 2666 1200 assiduitatem
2697 1147 2750 1200 in
2784 1147 2952 1201 verbo
2979 1146 3092 1212 Dei,
3127 1147 3208 1200 vel
3239 1161 3368 1198 ava-

1791 1242 1930 1294 ritia:
1965 1240 2068 1294 sibi
2103 1240 2280 1293 lacum
2312 1239 2545 1298 fodiunt,
2577 1240 2657 1292 vel
2689 1239 2742 1292 in
2773 1253 2926 1292 vana:
2957 1239 3143 1309 gloria:
3173 1237 3368 1307 lapidim

1792 1335 1930 1387 cinis
1952 1341 2258 1396 versantur,
2327 1333 2406 1386 vel
2457 1331 2509 1385 in
2553 1330 2821 1399 superbiae
2848 1338 3013 1399 puteo
3061 1329 3368 1396 effodiendo

1793 1426 2062 1492 laborant,
2091 1426 2176 1479 vel
2223 1425 2358 1480 alios
2403 1424 2636 1492 denique
2685 1423 2837 1476 lacus
2867 1423 3074 1478 erroris
3120 1422 3370 1478 studiose

1795 1513 2028 1579 fodiunt,
2057 1530 2290 1584 quorum
2330 1524 2524 1568 natura
2565 1513 2650 1567 sic
2670 1521 2988 1581 comparata
3019 1529 3130 1568 non
3167 1522 3268 1574 est,
3312 1521 3372 1566 ut

1795 1621 1991 1674 aquam
2038 1606 2182 1660 illam
2231 1614 2514 1675 tantopere
2550 1614 2808 1673 perpetuo
2841 1605 3052 1673 possint
3079 1607 3368 1674 expetitam

1795 1697 2316 1766 eotttinere,sentper
2338 1697 2500 1762 hujus
2517 1695 2640 1750 vita:
2665 1696 2890 1760 honore,
2904 1697 3164 1763 potentia,
3177 1696 3371 1763 gloria,

1795 1807 1932 1860 quas
1959 1806 2045 1845 res
2073 1791 2297 1844 mirifice
2319 1788 2472 1844 multi
2497 1797 2773 1856 expetunt,
2811 1803 2918 1841 una
2968 1802 3091 1841 cum
3121 1795 3242 1840 ortu
3273 1801 3376 1840 suo

1795 1881 2194 1942 diffluentibus,
2227 1881 2548 1948 nullumque
2572 1879 2858 1946 vestigium
2887 1879 3066 1934 inanis
3094 1894 3274 1948 operm
3319 1880 3374 1932 in

1795 1976 2038 2046 deceptis
2069 1975 2522 2043 relinquentihus.
2550 1973 2711 2028 Tales
2733 1989 2862 2044 ergo
2891 1973 3007 2027 vult
3033 1988 3156 2028 esse
3197 1973 3380 2042 inspe-

1797 2077 1978 2123 ctores
2005 2084 2068 2123 ac
2097 2067 2470 2137 speculatores
2491 2065 2580 2120 Dei
2613 2066 3111 2134 Verbum,quorum
3135 2066 3381 2134 superci-

1799 2161 1869 2214 lia
1900 2161 2134 2230 quodam
2170 2160 2312 2214 vallo
2357 2160 2565 2212 munita
2591 2159 2724 2220 sint,
2751 2157 3007 2212 nimirum
3069 2155 3378 2210 divinorum

1799 2254 2112 2321 (logmatum
2159 2250 2489 2306 certitudiue
2521 2266 2534 2300 :
2589 2251 2792 2319 quique
2824 2257 3007 2319 tegant
3045 2247 3378 2310 humilitate,

1800 2347 1964 2401 veluti
1995 2344 2230 2415 quodam
2259 2345 2642 2415 palpebrarum
2672 2345 2903 2408 ambitu,
2935 2343 3062 2398 vita:
3090 2358 3202 2398 sum
3233 2341 3383 2410 puri-

1805 2447 1968 2494 tatem
2026 2454 2090 2493 ac
2123 2439 2490 2508 splendorem,
2525 2455 2595 2492 ne
2645 2437 2796 2510 trabs
2831 2437 3156 2508 arrogantiae
3201 2437 3256 2490 in
3293 2452 3384 2506 pu-

1807 2532 1950 2602 pillae
1978 2533 2272 2601 puritatem
2305 2529 2518 2600 illapsa,
2547 2529 2688 2584 visui
2723 2529 2793 2582 sit
2821 2527 3230 2597 impedimento.
3265 2530 3384 2582 Cat-

1808 2635 1982 2680 terum
2036 2637 2160 2692 qua;
2205 2628 2326 2692 post
2381 2621 2572 2676 oculos
2613 2629 2938 2674 cmterorum
2989 2619 3175 2687 sponsi
3216 2633 3386 2671 mem-

1808 2717 2029 2771 brorum
2065 2717 2173 2770 sint
2221 2713 2496 2778 encomia,
2531 2713 2790 2781 deinceps
2833 2713 2946 2766 Deo
2973 2711 3136 2766 dante
3163 2725 3386 2781 percur-

1809 2825 1994 2866 remus
2059 2828 2073 2864 :
2143 2809 2308 2877 idque
2407 2822 2505 2876 per
2575 2807 2805 2875 gratiam
2905 2803 3119 2860 Domini
3210 2803 3386 2857 nostri

1809 2902 1936 2958 Jesu
1963 2903 2188 2968 Christi,
2219 2901 2308 2956 cui
2337 2909 2602 2956 aeternum
2651 2899 2822 2970 gloria
2856 2897 3147 2953 tribuatur.
3192 2895 3386 2950 Amen.

2373 3080 2660 3136 HOMILIA
2689 3079 2826 3136 XIV‘

187 3171 480 3238 Σιαγόνες
507 3168 694 3224 αὐτοῦ
715 3171 796 3236 ὡς
820 3169 1028 3238 φιάλαι
1057 3169 1162 3224 τοῦ
1189 3169 1495 3240 ἀρώματος
1521 3171 1689 3240 φύου-

1881 3177 2014 3232 CAP.
2063 3193 2129 3238 v,
2169 3176 2204 3246 y
2235 3177 2323 3232 l5.
2357 3175 2600 3229 Maxilla:
2637 3175 2802 3242 ipsius
2841 3183 3094 3242 tanquam
3134 3172 3391 3225 aromatis

109 3277 226 3316 σαι
245 3261 570 3330 pupae-md.
593 3261 773 3330 Χείλη
803 3261 989 3315 αὐτοῦ
1010 3262 1184 3328 κρίνα
1202 3261 1492 3324 στάζοντα
1521 3263 1708 3332 σμύρ-

109 3370 240 3408 ναν
277 3351 502 3420 πλήρη.
549 3351 752 3421 Χεξρες
783 3351 970 3407 αὑτοῦ
992 3352 1262 3421 τορευταὶ
1284 3393 1298 3414 ,
1329 3353 1570 3422 χρυσαῖ,
1603 3367 1708 3407 πε-

111 3443 510 3512 πληρωμέναι
542 3444 812 3514 Θαρσεῖς.
847 3443 1058 3497 Κοιλία
1099 3444 1285 3498 αὐτοῦ
1329 3445 1551 3509 πυξίον
1576 3446 1710 3500 ἐλε-

109 3536 424 3606 φάντινον
451 3535 551 3588 ἐπὶ
590 3536 768 3590 λίθου
817 3537 1174 3604 σαπφείρου.
1226 3536 1460 3606 Κνῆμαι
1525 3538 1712 3592 αὐτοῦ

109 3629 348 3684 στύλοι
385 3627 776 3696 μαρμάρινοι,
830 3628 1312 3698 τεθεμελιωμένοι
1358 3630 1457 3682 ἐπὶ
1491 3629 1749 3696 ,ϐάσεις-⁸

113 3717 389 3792 χρυσᾶς.
438 3717 616 3786 Εἶδος
649 3721 869 3785 αὐτοῦ,
909 3722 990 3788 ὡς
1025 3723 1283 3787 Λίϐανος
1317 3722 1604 3789 ἐκλεκτὸς
1635 3723 1714 3788 ὡς

111 3811 352 3878 κέὲἷοοι.
405 3811 646 3882 Φάρυγξ
672 3813 858 3866 αὐτοῦ
887 3814 1228 3882 γλυκασμοὶ
1266 3814 1366 3867 καί
1410 3814 1554 3880 ὅλος
1585 3815 1716 3868 ἐπι-

111 3908 336 3977 θυμία.
379 3902 568 3972 Οὗτος
598 3905 922 3976 ἀδελφιδὸς
937 3925 1080 3976 μου,
1108 3907 1205 3962 καί
1243 3903 1421 3975 οὗτος
1448 3909 1718 3978 πλησίον

107 4015 268 4068 μου,
301 3995 625 4064 θυγατέρες
660 3996 1080 4066 Ἰερουσαλήμ.

204 4089 272 4142 '0
299 4087 383 4158 τῷ
407 4089 580 4160 ἀδόλῳ
617 4088 852 4157 γάλακτι
881 4091 1098 4162 τρέφων
1123 4091 1184 4144 τὸ
1208 4093 1472 4163 νηπιάζον
1499 4091 1579 4147 ἔτι
1617 4097 1720 4166 τῆς

113 4179 519 4250 πνευματικῆς
566 4179 810 4251 ἡλικίας,
841 4181 1040 4254 τροφὸς
1085 4182 1268 4247 καθώς
1306 4202 1470 4256 φησιν
1503 4187 1666 4251 αὐτὸς
1691 4187 1720 4240 ό

127 4269 500 4334 Ἀπόστολος,
521 4266 630 4322 τῶν
664 4271 966 4340 ἀρτιγενῶν
988 4273 1044 4324 ἐν
1065 4275 1132 4343 τῇ
1181 4274 1474 4347 Ἐκκλησία
1503 4277 1722 4348 γινόμε-

113 4380 245 4426 νος·
267 4361 595 4432 ταμιεύεται
615 4361 706 4415 τὸν
724 4363 822 4433 τῆς
846 4364 1038 4433 σοφίας
1068 4365 1232 4437 ἄρτον
1256 4370 1368 4431 τοῖς
1388 4368 1722 4423 τελειωθεῖσι

112 4454 280 4510 κατὰ
303 4453 399 4508 τὸν
428 4453 536 4507 ἔσω
562 4453 868 4526 ἄνθρωπον,
907 4455 1096 4510 εἰπών·
1127 4459 1356 4526 Σοφίαν
1395 4457 1452 4512 δὲ
1497 4463 1721 4518 λαλοῦ-

111 4547 339 4616 μεν-ἐν
373 4546 498 4612 τοῖς
535 4547 813 4614 τελείοις·
841 4547 890 4600 οἳ
916 4547 1002 4601 διὰ
1039 4549 1136 4620 τὴν
1169 4552 1276 4605 τῶν
1327 4553 1545 4621 ἀγαθῶν
1577 4555 1719 4609 διδα-

113 4635 372 4706 γμὰτων
403 4635 514 4701 ἕξιν
556 4637 980 4707 γεγυμνασμένα
1013 4635 1227 4708 ἔχοντες
1275 4641 1343 4694 τὰ
1390 4641 1720 4715 αἰσθητήρια

111 4731 229 4798 τῆς
252 4726 456 4802 ψυχῆς,
479 4727 572 4780 τοῦ
593 4728 759 4799 ἄρτου
784 4729 882 4800 τῆς
913 4731 1106 4799 σοφίας
1127 4732 1522 4802 εὑπαράδεκτοι
1548 4735 1723 4804 γίνον-

111 4837 248 4880 ται,
283 4819 402 4880 τοῖς
431 4816 844 4873 λεπτοποιοῦσιν
872 4823 929 4875 ὲν
957 4824 1069 4885 τοῖς
1122 4823 1302 4876 ὀδοῦσι
1328 4826 1420 4878 τὸν
1443 4826 1721 4898 λογισμὸν,

117 4909 398 4977 σιαγόνος
419 4909 478 4972 ἐς
491 4909 699 4980 τροφὴν
715 4911 1126 4984 προσδεόμενοι·
1153 4916 1258 4987 χρὴ
1281 4918 1458 4972 τοίνυν
1479 4915 1728 4975 εἶναικαὶ

119 5002 405 5071 σιαγόνας
433 5004 488 5054 ὲν
511 5001 590 5072 τῷ
615 5002 828 5073 σώματι
847 5005 1083 5076 Χριστοῦ
1107 5011 1220 5072 τοῖς
1245 5011 1441 5080 μηκέτι
1463 5014 1731 5084 προσανέα

117 5111 300 5166 Zona:
327 5097 396 5164 τῇ
421 5093 556 5164 Θηλῇ
588 5093 682 5147 τοῦ
709 5095 915 5164 Λόγου’
959 5097 1074 5151 ἀλλ’
1104 5100 1203 5170 ήδη
1229 5101 1330 5170 τῆς
1361 5105 1730 5175 στερεωτέρας

117 5188 424 5258 ἐφιέμενοι
439 5187 668 5257 τροφῆς,
699 5187 826 5257 περὶ
847 5180 922 5241 ὧν
943 5189 1038 5243 νῦν
1059 5195 1293 5245 ποιεῖται
1315 5193 1514 5266 λόγονή
1543 5195 1728 5268 νύμφη

115 5277 386 5345 λέγουσα
430 5274 632 5340 οὓτως·
695 5279 980 5346 Σιαγόνες
1009 5280 1196 5335 αὑτοῦ
1245 5283 1325 5348 ὡς
1356 5283 1566 5352 φιάλαι
1625 5288 1732 5342 τοῦ

117 5367 458 5436 ἀρώματος
482 5367 748 5436 φύουσαι
774 5370 1100 5439 μυρεψικά.
1145 5373 1216 5426 Τὸ
1254 5376 1351 5444 μὲν
1376 5371 1468 5430 οὖν
1500 5378 1730 5433 ἀκολού-

121 5459 252 5522 θως
297 5457 445 5528 ἔχειν
479 5460 567 5512 τὸν
613 5461 742 5531 περὶ
787 5461 896 5514 τῶν
947 5465 1212 5532 σιαγόνων
1260 5467 1416 5537 λόγον
1453 5475 1566 5536 τοῖς
1600 5475 1731 5544 περὶ

119 5550 228 5608 the
273 5551 558 5620 ὀφθαλμὸν
591 5551 947 5624 θεωρηθεῦτι,
985 5559 1148 5610 παντί
1189 5558 1348 5630 δῆλον
1393 5561 1460 5618 ἂν
1512 5563 1597 5636 εἴη
1653 5555 1732 5637 τῷ

213 5727 266 5761 ⁸⁸
307 5725 476 5782 "chr.
523 5745 571 5796 ν,
605 5730 688 5784 l3.
768 5731 852 5786 ²⁰Ι
883 5734 1004 5788 Cor.
1049 5751 1108 5800 ιι,
1142 5736 1200 5792 G.

1757 4510 1802 4566 D

1809 3271 2152 3340 phiala-.qua’
2167 3269 2441 3338 proferunt
2457 3277 2740 3336 unguenta.
2759 3265 2938 3320 Labra
2967 3264 3081 3333 ejus
3103 3273 3224 3317 sunt
3251 3264 3389 3328 lilia,

1810 3363 2134 3416 distillantia
2159 3361 2432 3430 myrrham
2456 3360 2686 3413 uberem.
2724 3361 2810 3413 Η.
2843 3357 3034 3412 Manus
3059 3357 3207 3412 illius
3240 3358 3395 3412 torti-

1813 3455 1908 3518 les,
1928 3453 2551 3522 aurece,pleanItarsis.
2577 3453 2768 3508 Venter
2788 3453 2901 3521 ejus
2926 3452 3119 3506 labella
3143 3452 3395 3514 eburnea,

1813 3547 1868 3598 in
1909 3545 2084 3612 lapide
2112 3545 2383 3612 sapphiro.
2437 3543 2524 3597 15.
2553 3541 2726 3597 Crura
2765 3543 2913 3596 illius
2959 3543 3220 3596 columna:
3251 3561 3398 3596 mar-

1816 3655 2026 3704 morew,
2083 3638 2322 3708 fundata:
2381 3654 2538 3706 super
2585 3653 2776 3690 aureas
2826 3637 2998 3690 bases.
3059 3637 3146 3690 l6.
3187 3635 3397 3704 Species

1817 3732 2003 3800 ipsius,
2059 3740 2118 3784 ut
2169 3731 2363 3784 electus
2417 3729 2674 3790 Libanus,
2731 3739 2790 3782 ut
2833 3729 2994 3782 cedri.
3045 3728 3246 3782 Gutlur
3282 3729 3398 3797 ejus

1818 3824 2038 3878 dulcedo
2071 3841 2132 3877 ac
2159 3825 2232 3876 nil
2259 3825 2362 3876 nisi
2394 3821 2715 3876 desiderium
2745 3831 2842 3875 est.
2893 3821 2994 3874 Hic
3027 3831 3106 3875 est
3141 3831 3398 3891 cognatus

1821 3935 1987 3981 meus,
2019 3927 2067 3971 et
2095 3916 2181 3970 hic
2210 3918 2478 3985 proximus
2505 3931 2672 3980 meus,
2708 3915 2838 3985 ﬁlia:
2861 3913 3182 3969 Jerusalem.

1891 4101 1994 4168 Qui
2046 4101 2186 4156 lacte
2243 4099 2478 4170 simplici
2539 4098 2803 4169 puerilem
2860 4097 3039 4152 adhuc
3096 4097 3404 4168 spiritualis

1821 4196 1998 4249 aetatis
2050 4193 2394 4246 teneritatem
2431 4190 2528 4244 alit
2553 4191 2619 4256 ’⁸,
2659 4189 2949 4244 infantium
2989 4192 3078 4258 (ut
3112 4189 3406 4258 Apostolus

1826 4281 2094 4353 loquitur)
2135 4282 2190 4336 in
2221 4281 2463 4335 Ecclesia
2495 4281 2766 4345 nutritor,
2813 4279 2862 4334 is
2897 4295 3088 4348 panem
3123 4279 3406 4347 sapientia

1825 4375 2083 4446 perfectis
2122 4373 2420 4429 secundum
2461 4371 2734 4426 hominem
2774 4372 3085 4424 interiorem
3137 4380 3401 4425 reservat.

1829 4467 1920 4522 Sic
1972 4467 2116 4521 enim
2167 4465 2369 4520 Paulus
2422 4466 2534 4518 ait:
2594 4463 2922 4532 Sapientiam
2963 4463 3228 4532 loquimur
3267 4463 3406 4516 inter

1827 4557 2084 4628 perfectos
2107 4557 2189 4602 ’°:
2232 4554 2490 4608 nimirum
2524 4554 2614 4622 qui
2650 4559 2874 4624 propter
2918 4551 3182 4616 habitum,
3243 4565 3404 4619 quem

1827 4649 1884 4704 in
1925 4647 2193 4703 audienda
2244 4649 2381 4701 bona
2435 4646 2685 4700 doctrina
2735 4654 2862 4700 sunt
2899 4644 3160 4704 assecuti,
3211 4657 3408 4698 sensus

1825 4741 1995 4796 animi
2024 4740 2352 4794 exercitatos
2384 4738 2618 4792 habent:
2658 4744 2716 4790 ut
2763 4736 2922 4792 facile
2963 4751 3154 4806 panem
3190 4736 3407 4806 sapien-

1835 4833 1924 4887 tia:
1959 4831 2204 4902 recipere
2256 4831 2493 4901 possint,
2553 4844 2678 4885 cum
2733 4827 2801 4882 ad
2843 4828 3096 4882 alendum
3149 4844 3289 4898 opus
3337 4827 3410 4882 sit

1832 4925 1998 4979 etiam
2028 4923 2268 4986 maxilla,
2305 4939 2424 4990 quae
2445 4923 2920 4976 ratiocinationum
2947 4921 3201 4975 dentibus
3227 4921 3407 4975 cibum

1834 5015 1982 5069 hunc
2019 5014 2376 5070 comminuat.
2450 5013 2790 5084 Quapropter
2823 5021 2878 5067 et
2923 5012 3175 5067 maxillas
3205 5012 3258 5066 in
3289 5029 3411 5066 cor-

1832 5123 1964 5180 pore
1989 5106 2188 5161 Christi
2223 5121 2346 5161 esse
2375 5121 2600 5161 necesse
2635 5113 2720 5160 est
2767 5105 2834 5160 iis
2872 5105 2966 5174 qui
3008 5120 3116 5158 non
3175 5105 3411 5176 amplius

1835 5200 2048 5271 papillte
2085 5199 2243 5254 Verbi
2284 5199 2582 5258 adhaerent,
2616 5195 2712 5252 sed
2737 5196 2918 5250 cibum
2951 5196 3062 5265 jam
3094 5197 3410 5252 solidiorem

1835 5299 2117 5362 expetunt,
2154 5294 2220 5345 de
2251 5291 2451 5360 quibus
2483 5305 2628 5343 nunc
2655 5303 2858 5358 sponsa
2887 5289 3133 5358 loquitur
3171 5290 3224 5342 in
3261 5289 3414 5343 hisce

1835 5384 2052 5438 verbis:
2109 5383 2350 5436 Marcium
2397 5382 2565 5450 ipsius
2617 5392 2871 5451 tanquam
2905 5383 3168 5436 aromatis
3215 5381 3414 5451 phiala:

1839 5493 1956 5546 quia
1986 5479 2258 5544 prolerunl
2289 5483 2576 5544 unguenta.
2629 5473 2917 5528 Enimvero
2954 5491 3178 5544 poscere
3218 5476 3415 5529 seriem

1839 5565 2035 5636 ipsam,
2081 5577 2140 5622 ut
2179 5567 2243 5622 de
2275 5566 2510 5623 tnaxillis
2538 5566 2774 5634 dicatur,
2814 5567 2990 5622 oculis
3013 5568 3125 5638 jam
3167 5569 3414 5625 conside-
