3850 6224
138 318 275 375 Ιθϐδ

1160 321 1223 376 ΙΝ
1255 322 1555 382 CANTICA
1590 323 1863 379 CANTlC.
1907 320 2186 378 llOMlLlA
2228 322 2366 377 ω’.

3248 324 3383 380 ίυϐϐ

131 437 304 503 rupta
354 434 577 503 Κυρίου
622 434 809 502 πιστὴ
830 476 846 499 ,
894 433 1231 504 σοφιζουσα
1262 436 1484 503 νήπια·
1533 438 1573 506 ἡ
1611 437 1707 490 ὲν-

1811 433 1985 500 ﬁdele,
2035 451 2098 488 ac
2129 451 2317 503 pueros
2350 433 2547 498 erudit,
2577 442 2893 501 precepimus
2933 431 3151 489 Domini
3186 432 3385 490 diluci-

132 523 281 592 τολὴ
319 527 544 591 Κυρίου
574 523 915 591 τηλαυγὴς,
956 522 1292 594 φωτίζουσα
1338 525 1703 594 ὀφθαλμούς.

132 617 196 671 Et
238 616 346 687 γάρ
376 614 625 669 τοιαῦται
658 612 768 669 εἷεν
814 618 868 670 αἱ
907 616 1095 686 φιάλαι
1125 616 1220 670 τοῦ
1261 618 1468 686 Λόγου,
1496 618 1597 670 οὐκ
1643 619 1709 670 ὲκ

130 710 231 780 τῆς
274 708 469 779 γητνης
496 706 633 777 ῦλης
651 706 893 777 δηλονότι
929 708 1314 778 συστήσονται⁶
1371 705 1489 760 ἀλλ’
1518 708 1582 759 ἐκ
1611 706 1707 759 τοῦ

130 799 425 870 ἀρώματος
459 798 612 853 ἔσται
641 800 677 870 ἡ
710 798 904 868 φύσιςο
935 798 1143 852 ἐκείνου
1179 798 1323 867 λέγω
1355 796 1449 850 τοῦ
1482 796 1710 869 ἁρὼμα·

129 908 243 955 τος,
273 892 303 944 δ
329 892 468 962 ὑπὲρ
488 890 667 945 πάντα
693 890 761 945 τὰ
790 890 1060 962 ἀρώματά
1086 908 1250 962 φησιν
1278 886 1416 947 εἶναι
1445 892 1479 960 ἡ
1501 890 1709 961 νύμφη.

132 985 190 1037 ἐν
233 987 345 1047 τοῖς
386 984 691 1055 προοιμίοις
729 984 825 1037 τοῦ
872 984 1169 1055 ’ᾼσματοᾳ
1219 983 1455 1054 Τοιαύτη
1485 982 1650 1053 φιάλη
1684 984 1712 1037 ό

133 1075 344 1140 Παῦλος
376 1071 475 1145 ἦν,
506 1078 535 1130 ὁ
576 1076 652 1147 μὴ
697 1077 755 1128 ὲν
794 1075 1100 1146 πανουργίᾳ
1130 1074 1222 1129 τὸν
1256 1074 1435 1143 λόγον,
1476 1074 1612 1128 ἀλλὰ
1641 1076 1709 1146 τῇ

134 1168 437 1239 φανερώσει
467 1168 566 1237 τῆς
611 1166 867 1237 ἀληθείας
911 1167 1108 1221 ἑαυτὸν
1150 1167 1501 1220 συνιστάνων.
1556 1161 1630 1221 Ob
1676 1169 1710 1238 ἡ

134 1259 235 1331 ὖλη
261 1261 322 1313 τὸ
338 1262 401 1314 ὲκ
419 1261 521 1330 γῆς
548 1256 688 1314 εἶναι
709 1260 964 1326 ἀπέθετο,
982 1259 1073 1329 ἀφ’
1101 1254 1162 1313 οῦ
1181 1259 1271 1313 διὰ
1289 1259 1383 1313 τοῦ
1402 1259 1711 1330 βαπτισμοῦ

130 1354 233 1415 τάς
269 1351 489 1415 λεπίδας
534 1350 643 1404 τῶν
671 1349 964 1423 ὀφθαλμῶν
1009 1352 1077 1421 τῇ
1110 1350 1276 1421 σαρκὶ
1310 1348 1709 1404 συναπέὸαλεν·

132 1445 249 1499 ἀλλ’
277 1446 343 1498 ὲκ
371 1444 465 1496 τοῦ
491 1443 842 1506 εύπνοοῦντος
867 1441 1159 1514 ἀρώματος
1186 1440 1587 1511 ἀνεσκευάσθη,
1616 1438 1710 1493 τοῦ

129 1534 290 1602 ἁγίου
316 1533 635 1603 Πνεύματος
676 1532 867 1585 τέκνον
910 1532 1219 1603 γενόμενος.
1270 1533 1367 1595 Ὃς
1408 1531 1596 1602 ἐπειδὴ
1626 1529 1712 1585 διὰ

132 1626 232 1694 τῆς
260 1625 517 1696 τοιαύτης
541 1625 801 1696 χαλκείας
827 1625 1055 1696 ἐκλογῆς
1082 1622 1275 1687 σκεῦος
1301 1622 1710 1692 κατεσκευάσθη

134 1717 271 1787 πρὸς
284 1716 385 1788 τὴν
405 1717 669 1787 οἰνοχοῖαν
693 1716 789 1769 τοῦ
817 1715 974 1784 λόγου
1005 1715 1169 1786 φιάλη
1193 1714 1502 1785 γενόμενος,
1528 1714 1712 1768 οὐκέτι

1810 527 1961 591 dum,
1990 530 2157 582 oculis
2193 528 2357 581 lucem
2383 527 2608 595 a/ferens
2632 528 2699 582 “.
2740 526 3009 582 Nimirum
3041 527 3089 583 si
3116 527 3252 584 tales
3272 530 3383 584 sint

1813 616 1977 674 Verbi
2006 619 2224 689 phialze,
2255 618 2401 672 haud
2427 619 2589 672 dubie
2626 632 2735 672 non
2767 633 2835 672 ex
2862 617 2973 672 ulla
3018 624 3233 674 terrena
3266 628 3385 675 ma-

1810 709 1947 763 terie
1971 708 2233 764 confecta:
2263 717 2447 775 erunt,
2497 708 2592 764 sed
2622 708 2727 762 erit
2754 723 2821 763 ex
2858 715 3103 763 aromate
3136 710 3379 780 ipsarum

1810 806 2030 865 natura,
2061 799 2155 852 illo
2186 798 2409 869 inquam
2441 808 2707 862 aromate,
2736 797 2882 868 quod
2908 799 3173 855 excellere
3199 802 3381 855 omnia

1811 898 2057 943 aromata
2112 889 2312 945 cantici
2366 888 2533 956 hujus
2588 888 2747 943 initio
2794 903 2995 959 sponsa
3040 890 3193 945 dicit.
3234 890 3384 949 Talis

1812 981 1994 1051 phiala
2018 981 2222 1038 Paulus
2255 990 2398 1047 erat,
2442 980 2534 1051 qui
2564 996 2673 1034 non
2710 996 2806 1051 per
2840 981 3121 1037 vafriciem
3158 983 3385 1040 fraudu'

1814 1074 1988 1129 lenter
2014 1074 2273 1139 docebat,
2311 1072 2406 1128 sed
2439 1082 2628 1143 aperta
2660 1073 2890 1128 veritate
2927 1074 3168 1144 seipsum
3198 1076 3383 1131 omni-

1812 1166 1918 1222 bus
1965 1166 2251 1238 probabat.
2301 1164 2473 1235 Cujus
2515 1165 2771 1221 materies
2811 1164 3099 1235 abjiciehat
3131 1175 3383 1223 naturam

1813 1268 2150 1325 terrestrem,
2182 1274 2249 1313 ex
2267 1273 2378 1328 quo
2406 1272 2503 1328 per
2524 1257 2855 1327 baptismum
2888 1258 3075 1312 carnis
3097 1260 3380 1315 oculorum

1813 1366 2071 1421 squamas
2141 1350 2394 1422 deposuit
2435 1351 2516 1417 ",
2568 1365 2633 1404 ac
2685 1330 2859 1405 lactus
2908 1349 3149 1420 Spiritus
3204 1352 3379 1409 sancti

1814 1444 1979 1506 filius,
2020 1459 2085 1499 ex
2126 1443 2387 1513 lragranti
2425 1450 2668 1498 aromate
2709 1443 2776 1497 de
2806 1444 3016 1514 integro
3043 1444 3383 1501 instauratus

1813 1534 1936 1590 fuit.
1970 1534 2120 1591 Idem
2158 1544 2514 1606 posteaquam
2547 1534 2601 1589 in
2631 1535 2727 1589 tali
2764 1534 2977 1591 olﬁcina
3017 1537 3251 1592 electum
3287 1554 3383 1596 vas

1814 1630 1992 1684 factus
2017 1637 2122 1693 est,
2154 1638 2208 1683 et
2235 1628 2456 1699 quidem
2486 1626 2690 1697 phiala,
2722 1644 2818 1697 per
2846 1642 3011 1699 quam
3039 1629 3265 1686 verbum
3297 1631 3385 1687 dio

1812 1722 2000 1775 vinum
2032 1720 2437 1790 propinaretur,
2503 1734 2611 1774 non
2663 1718 2898 1789 amplius
2932 1719 3167 1777 hominis
3214 1699 3382 1777 ullius

130 1807 325 1879 χρείαν
363 1807 519 1878 ἔσχεν
559 1807 872 1881 ἀνθρώπου,
908 1806 1008 1878 τὴν
1047 1806 1250 1875 γνῶσιν
1288 1804 1437 1875 αύτῷ
1464 1805 1574 1859 τῶν
1611 1824 1706 1877 μυ.

1812 1812 1957 1883 eguit
1979 1826 2178 1882 "opera,
2230 1812 2324 1881 qui
2370 1811 2753 1881 mysteriorum
2793 1812 2845 1867 ei
2894 1812 3261 1882 cognitionem
3300 1816 3384 1871 in-

136 1899 377 1971 στηρίων
414 1899 728 1970 ἐγχέοντος·
762 1900 825 1952 οὐ
862 1899 972 1969 γάρ
1009 1898 1375 1969 προσανέθετο
1411 1898 1576 1969 σαρκὶ
1615 1898 1711 1951 καὶ

133 1992 330 2062 αἵματι
349 2007 367 2023 ο
413 1991 529 2047 ἀλλ’
558 1991 721 2055 αὐτὸς
751 1990 915 2059 ἔφυεν
939 1991 997 2044 ἐν
1032 1989 1215 2061 ἑαυτῷ
1239 1989 1333 2044 καὶ
1365 1990 1593 2061 ἀνέϐρυε
1621 1990 1712 2045 τὸν

132 2083 278 2137 θεῖον
299 2081 482 2149 ποτὸν,
513 2083 603 2137 διά
625 2083 723 2154 τῆς
750 2082 845 2137 τοῦ
875 2081 1112 2154 Χριστοῦ
1142 2081 1371 2145 εὐωδίας
1396 2081 1466 2136 τά
1492 2082 1713 2136 ποικίλα

130 2175 239 2228 τῶν
284 2174 495 2246 ἀρετῶν
545 2174 680 2247 ἄνθη
735 2174 995 2246 μυρεψῶν
1047 2176 1162 2237 τοῖς
1200 2173 1485 2229 ἁκούουσιν
1505 2214 1520 2237 ,
1565 2174 1709 2227 ὥστε

129 2265 273 2321 κατά
308 2265 410 2329 τὰς
456 2264 720 2336 διαφοράς
752 2282 813 2318 τε
839 2265 933 2319 καὶ
973 2265 1240 2336 ίδιότητας
1268 2264 1375 2317 τῶν
1403 2265 1710 2335 δεχομένων

129 2358 224 2412 τὸν
274 2357 461 2426 λόγον,
514 2355 852 2426 κατάλληλον
894 2356 1245 2427 εὑρίσκεσθαι
1281 2356 1417 2426 πρὸς
1458 2357 1560 2427 τὴν
1613 2357 1708 2411 τοῦ

130 2447 424 2517 ζητοῦντος
471 2450 659 2518 χρείαν
702 2447 766 2501 τὸ
815 2447 1013 2518 ἄρωμα
1062 2451 1176 2511 τοῖς
1240 2447 1549 2512 Ἰουδαίοις,
1598 2450 1709 2512 τοῖς

131 2539 384 2610 Ἕλλησι.
415 2541 536 2601 ταῖς
562 2537 797 2606 γυναιξὶ,
827 2540 941 2601 τοῖς
971 2537 1219 2609 ἀνδράσι,
1252 2539 1365 2599 τοῖς
1400 2536 1709 2604 δεσπόταις,

126 2632 242 2693 τοῖς
271 2629 502 2693 δούλοις,
526 2632 638 2693 τοίς
666 2629 905 2698 γονεῦσι,
938 2631 1049 2693 τοῖς
1071 2630 1303 2694 τέκνοις,
1333 2632 1446 2692 τοῖς
1466 2629 1708 2698 ἀνόμοις,

125 2723 240 2784 τοῖς
263 2720 371 2773 ὑπὸ
397 2721 581 2791 νόμον.
609 2722 818 2784 Ὄντως
843 2721 990 2793 αύτῷ
1016 2720 1298 2792 πολυειδὴς
1322 2718 1390 2792 ἦν
1411 2720 1501 2774 διά
1530 2721 1712 2790 πάσης

130 2812 335 2882 ἀρετῆς
378 2812 698 2882 κεκραμένη
726 2813 826 2883 τῆς
851 2811 1197 2875 διδασκαλίας
1220 2813 1253 2883 ὴ
1288 2812 1469 2883 χάρις,
1491 2812 1579 2865 διὰ
1600 2810 1711 2865 τῶν

125 2902 395 2956 ποικίλων
426 2902 793 2973 διδαγμάτων,
819 2902 1165 2973 καταλλήλως
1194 2905 1259 2973 τῇ
1287 2904 1514 2957 ἑκάστου
1554 2901 1712 2973 χρείᾳ

128 2994 487 3066 μυρεψούσης
529 2995 628 3064 τῆς
662 2994 863 3067 φιάλης
905 2998 1015 3058 τοῖς
1060 2994 1369 3065 δεχομένοις
1400 2995 1492 3047 τὸν
1532 2994 1706 3064 λόγον.

130 3085 248 3147 Τάς
276 3080 371 3138 οὗν
398 3084 652 3147 τοιαύτας
675 3088 882 3139 ἐπαινεῖ
902 3085 1157 3153 σιαγόνας
1180 3088 1213 3156 ἡ
1242 3085 1303 3139 τὸ
1329 3084 1423 3139 τοῦ
1458 3084 1708 3155 σώματος

127 3171 226 3225 τοῦ
271 3171 509 3241 νυμφίου
554 3172 750 3236 κάλλος
793 3150 1252 3245 διαζωγραφοῦσα
1286 3172 1366 3244 τῷ
1406 3150 1580 3244 λόγω·
1612 3150 1776 3227 καὶϐ

120 3264 213 3318 ὅτι
264 3263 400 3336 πρὸς
447 3265 605 3318 τοῦτο
653 3264 837 3335 βλέπει
867 3264 976 3318 τῶν
1023 3266 1286 3333 σιαγόνων
1315 3266 1351 3317 ό
1400 3266 1654 3332 ἔπαινος,
1680 3268 1710 3319 ό

121 3355 333 3426 ἐφεξῆς
353 3355 511 3424 λόγος
537 3353 607 3409 δι’
641 3355 961 3419 ἀκολουθίας
987 3354 1341 3427 μαρτύρεται.

214 3539 553 3595 Ἐπαινεϊται
591 3540 703 3613 γάρ
736 3540 875 3611 μετά
906 3541 1007 3604 τὰς
1039 3541 1294 3609 σιαγόνας
1323 3540 1392 3594 τὰ
1434 3540 1582 3613 χείλη
1601 3582 1617 3606 ,
1638 3541 1712 3596 δι’

120 3625 248 3687 ius
278 3632 638 3704 ἀρωματίζων
679 3633 833 3701 λόγος
862 3633 1210 3704 προέρχεται.
1237 3631 1398 3687 Οὕτω
1421 3634 1479 3687 δὲ
1504 3636 1532 3687 ό
1552 3633 1709 3689 ἐπαι-

127 3741 220 3788 νος
264 3723 404 3793 ἔχει’
445 3724 625 3791 Χείλη
669 3723 857 3779 αὐτοῦ
884 3724 1080 3793 κρίνα,
1104 3723 1403 3784 στάζοντα
1435 3726 1711 3794 σμύρναν

124 3816 359 3885 πλήρη.
392 3815 496 3869 Δύο
521 3814 664 3870 κατά
702 3815 898 3869 ταύτὸν
929 3815 1130 3888 ἀρετάς
1163 3819 1432 3890 μαρτυρεεῖ
1458 3816 1537 3887 τῷ
1566 3818 1709 3887 λόγῳ

118 3906 219 3960 διὰ
268 3905 365 3959 τοῦ
414 3906 603 3959 διπλοῦ
652 3905 1077 3975 ὑποδείγματοςο
1139 3898 1214 3959 ὧν
1265 3908 1299 3976 ἡ
1340 3906 1439 3977 μέν
1486 3908 1632 3961 ἐστιν
1672 3904 1706 3973 ἠ

120 3997 394 4069 ἀλήθεια,
430 3998 659 4070 λαμπρά
705 4016 767 4051 τε
803 3998 897 4052 καὶ
918 3999 1213 4068 φωτοειδὴς
1242 4000 1300 4051 ὲν
1340 4000 1450 4062 τοῖς
1482 3998 1709 4070 λεγομέ-

129 4107 244 4154 νοις
278 4089 650 4160 θεωρουμένη.
689 4089 944 4143 Τοιοῦτον
969 4089 1080 4161 γάρ
1105 4089 1202 4142 τοῦ
1242 4089 1428 4162 κρίνου
1459 4086 1705 4154 τὸεῖδος,

120 4178 197 4237 οὗ
225 4184 263 4253 ὴ
288 4182 610 4253 λαμπρότης
630 4220 646 4244 ς
682 4182 912 4252 αίνιγμα
941 4183 1041 4253 τῆς
1076 4181 1187 4234 τῶν
1208 4181 1512 4251 λεγομένων
1542 4180 1710 4235 καθα-

124 4275 362 4346 ρότητός
386 4291 446 4327 τε
469 4275 562 4328 καὶ
596 4273 851 4343 ἀληθείας
879 4273 1043 4327 ἐστίν.
1082 4274 1306 4345 Ἕτερον
1334 4272 1421 4337 δὲ,
1454 4272 1514 4327 τὸ
1537 4274 1709 4344 μόνην

124 4365 231 4436 τὴν
256 4368 456 4436 νοητήν
501 4381 561 4417 τε
599 4366 693 4418 καλ¹
722 4364 882 4419 ἄῦλον
913 4364 1058 4437 ζωὴν
1087 4365 1193 4418 ὑπὸ
1224 4365 1323 4435 τῆς
1368 4364 1710 4430 διδασκαλίας

127 4456 587 4549 προδείκνυσθαι,
626 4457 713 4509 διά
738 4457 839 4549 τῆς
865 4456 975 4509 τῶν
1015 4455 1222 4527 νοητῶν
1252 4456 1483 4528 θεωρίας
1515 4457 1710 4511 ἀπονε-
1740 4494 1786 4549 D

126 4542 444 4613 κρουμένης
479 4544 578 4613 τῆς
620 4544 774 4598 κάτω
804 4542 981 4613 ζωῆς,
1010 4545 1110 4614 τῆς
1154 4544 1242 4598 διὰ
1280 4545 1480 4616 σαρκός
1522 4564 1581 4599 τε
1617 4547 1712 4601 καὶ

126 4633 369 4703 αἵματος
393 4634 807 4706 ἐνεργουμένης.
857 4635 922 4687 Ἠ
966 4634 1074 4707 γὰρ
1094 4636 1443 4709 ἀπορρέουσα
1479 4637 1587 4691 ἀπὺ
1617 4637 1711 4691 τοῦ

129 4723 390 4795 σώματος
429 4724 643 4799 σμύρνα
663 4765 678 4788 ,
731 4726 826 4779 καὶ
872 4725 1056 4797 πλήρη
1093 4724 1319 4779 ποιοῦσα
1366 4728 1567 4797 ἑαυτῆς
1611 4728 1711 4800 τὴν

121 4816 226 4871 τοῦ
261 4816 551 4887 δεχομένου
579 4817 775 4888 ψυχὴν,
818 4816 917 4886 τῆς
963 4817 1058 4870 τοῦ
1104 4817 1354 4887 σώματος
1393 4818 1711 4891 νεκρώσεως

122 4910 370 4980 ἔμφασις
396 4910 622 4975 γίνεται.
651 4910 900 4981 Πολλαχῆ
929 4910 1038 4982 γάρ
1063 4911 1124 4963 τὸ
1156 4912 1390 4964 τοιοῦτον
1426 4914 1482 4964 ἐν
1512 4914 1577 4982 τῇ
1607 4929 1706 4966 κα-

123 5003 398 5072 ταχρήσει
441 5001 550 5056 τῶν
597 5002 967 5056 θεοπνεύστων
1007 5004 1178 5072 λόγων
1226 5007 1703 5075 παρατετήρηται,

121 5094 224 5149 τοῦ
252 5094 484 5149 θανάτου
507 5096 839 5167 σημαντικὸν
868 5092 1003 5150 εῖναι
1022 5098 1120 5166 τῆς
1150 5097 1394 5169 σμύρνης
1423 5098 1485 5151 τὸ
1514 5097 1705 5169 ὄνομα.

133 5187 197 5240 ⁸0
230 5188 411 5240 τοίνυν
441 5187 645 5250 τέλειος
693 5190 784 5241 καὶ
813 5188 1049 5260 καθαρὸς
1077 5188 1371 5259 ὀφθαλμὸς,
1406 5192 1435 5243 ὁ
1465 5189 1562 5258 τὴν
1590 5205 1708 5241 σια-

123 5277 266 5345 γόνα
300 5276 502 5348 φιάλην
544 5278 717 5330 ποιῶν
754 5277 852 5348 τὴν
892 5277 962 5330 τά
1001 5278 1150 5347 μύρα
1183 5276 1242 5342 ἐξ
1277 5275 1445 5345 αὐτῆς
1469 5274 1709 5343 φύουσάν

120 5384 187 5420 τε
216 5367 313 5421 καὶ
358 5366 729 5437 πηγάζουσαν,
750 5361 907 5431 οὗτος
945 5368 1093 5421 ἀνθεῖ
1121 5367 1186 5420 τά
1217 5366 1378 5438 κρίνα
1398 5364 1508 5419 τῶν
1534 5364 1708 5431 λόγων

121 5458 215 5513 διὰ
260 5458 359 5512 τοῦ
401 5458 697 5531 στόματος,
746 5459 856 5513 τῶν
890 5462 957 5531 τῇ
1011 5460 1130 5530 θεία
1184 5457 1708 5527 κεκαλλωπισμένων

121 5550 495 5622 λαμπρότητι.
546 5549 702 5605 Οῦτω
748 5550 857 5620 γὰρ
903 5551 1025 5614 τοὺς
1078 5549 1350 5622 καθαρούς
1398 5565 1457 5602 τε
1504 5549 1599 5603 καὶ
1641 5547 1709 5601 δι’

196 5728 252 5764 θ’
280 5727 424 5788 Psal.
460 5745 617 5793 'tvm,
641 5730 695 5793 8,
727 5728 761 5782 9

458 5822 733 5886 PATROL.
780 5823 900 5884 Gn.
948 5821 1163 5882 XLIV.

859 5728 905 5759 ⁸⁸
936 5729 1056 5782 Act.
1092 5745 1165 5795 ιτ,
1192 5728 1279 5784 18.
1358 5728 1404 5762 ’⁸
1434 5727 1611 5782 Calai.
1647 5741 1686 5789 ι,
1720 5724 1803 5779 16.

1811 1902 2063 1958 funderet
2093 1903 2227 1973 (non
2252 1900 2400 1956 enim
2432 1901 2589 1956 carni
2614 1901 2892 1972 acquievit
2917 1910 2974 1958 et
3006 1905 3262 1975 sanguini
3288 1906 3379 1978 “),

1812 1994 1907 2050 sed
1934 1994 2050 2065 ipse
2072 1994 2125 2048 in
2162 2008 2223 2049 se
2255 1993 2484 2064 protulit
2511 1992 2753 2049 divinum
2783 1992 2941 2048 illum
2976 2001 3187 2063 potum,
3222 1995 3382 2067 cujus

1810 2095 1866 2142 et
1896 2087 2285 2156 scaturiginem
2317 2086 2464 2139 velut
2502 2086 2705 2151 emisit,
2754 2086 2885 2141 dum
2915 2102 3014 2159 per
3038 2089 3240 2146 Christi
3269 2088 3383 2147 fra-

1810 2176 2081 2247 grantiam
2120 2176 2301 2229 varias
2332 2174 2562 2230 virtutes
2594 2177 2647 2229 in
2675 2174 3017 2233 auditoribus
3047 2179 3207 2248 quasi
3231 2194 3381 2250 quae.

1809 2268 1935 2324 dam
1963 2276 2235 2338 unguenta
2267 2264 2583 2331 conﬁceret,
2610 2266 2683 2320 ita
2711 2276 2767 2321 ut
2796 2280 2895 2337 pro
2921 2267 3232 2324 diversitate
3257 2285 3386 2340 pro-

1810 2358 2150 2429 prietateque
2180 2355 2564 2425 recipientium
2584 2355 2682 2411 Dei
2716 2357 2963 2423 verbum,
2990 2373 3176 2414 aroma
3201 2359 3381 2430 ipsum

1810 2448 2144 2504 conveniens
2184 2449 2305 2504 usui
2336 2448 2479 2516 ejus,
2511 2450 2602 2517 qui
2650 2447 2783 2501 illud
2813 2457 3085 2519 posceret,
3116 2454 3382 2522 reperire-

1811 2547 1944 2602 tur,
1993 2538 2254 2593 nimirum
2298 2536 2523 2600 Judazis,
2566 2534 2792 2603 Graacis,
2840 2540 3182 2607 mulieribus,
3226 2543 3380 2609 viris.

1810 2630 1979 2695 beris,
2006 2635 2201 2687 servis.
2231 2631 2572 2700 parentibus,
2598 2629 2812 2696 liberis,
2845 2632 2945 2702 legi
2973 2648 3078 2688 non
3118 2636 3382 2699 astrictis,

1810 2721 2074 2789 subjectis
2108 2721 2231 2792 legi.
2263 2720 2397 2775 Tam
2423 2720 2813 2777 multiformem
2855 2724 2946 2778 ille
2973 2724 3238 2780 doctrinae
3264 2743 3385 2797 gra-

1810 2813 1941 2867 tiam
1976 2812 2230 2876 babebat,
2265 2827 2417 2867 omni
2453 2812 2656 2867 virtute
2684 2820 3075 2883 temperatam:
3113 2820 3262 2873 varia
3287 2820 3384 2875 dav

1809 2903 1967 2959 cendi
1999 2904 2232 2967 ratione,
2280 2919 2382 2974 pro
2406 2905 2734 2960 necessitate
2778 2915 2833 2960 et
2862 2922 2929 2962 ex
2960 2923 3061 2962 usu
3092 2909 3381 2982 cujusque,

1810 2995 1904 3052 Dei
1951 2997 2172 3052 verbum
2205 2997 2469 3053 miscente
2496 2996 2599 3052 hac
2627 2998 2829 3069 phiala,
2864 3008 3121 3070 tanquam
3134 3012 3383 3059 aromata

1809 3086 2055 3157 quaedam
2103 3101 2203 3156 pro
2247 3086 2316 3141 iis
2362 3086 2460 3157 qui
2505 3085 2640 3141 illud
2689 3087 3016 3158 reciperent.
3056 3088 3380 3161 Hujusmodi

1808 3192 1939 3247 ergo
1970 3178 2218 3233 maxillas
2243 3177 2449 3244 laudat,
2491 3171 2616 3248 quae
2643 3178 3105 3248 pulchritudinem
3134 3185 3381 3254 corporis

1809 3269 1997 3337 sponsi
2037 3270 2217 3325 verbis
2254 3270 2410 3326 hisce
2432 3271 2498 3326 ad
2542 3273 2724 3328 vivum
2779 3273 3059 3345 depingit:
3122 3278 3382 3348 quodque

1810 3360 1914 3414 hoc
1964 3361 2306 3416 maxillarum
2356 3364 2665 3419 encomium
2710 3379 2778 3420 ee
2802 3372 3029 3436 spectet,
3081 3380 3245 3436 porro
3293 3384 3383 3425 se-

1806 3450 2031 3520 quentia
2058 3452 2221 3506 verba
2252 3457 2551 3508 testantur.

1880 3539 2090 3595 Etenim
2132 3550 2255 3612 post
2297 3543 2545 3599 maxillas
2578 3543 2873 3599 laudantur
2900 3545 3063 3609 labia,
3114 3561 3214 3617 per
3258 3564 3381 3619 quae

1809 3646 1989 3686 sermo
2035 3631 2127 3687 ille
2168 3632 2427 3689 conditus
2476 3635 2813 3690 aromatibus
2868 3634 3167 3707 profertur.
3203 3635 3381 3694 Verba

1807 3719 2040 3776 encomii
2092 3721 2209 3775 haec
2265 3729 2393 3776 sunt
2433 3737 2447 3773 :
2484 3721 2667 3776 Labra
2718 3721 2833 3787 eius
2885 3723 3023 3786 lilia,
3057 3721 3382 3782 distillantia

1809 3812 2081 3883 myrrham
2118 3811 2348 3869 uberem.
2398 3811 2543 3868 Duas
2576 3813 2807 3870 virtutes
2855 3814 3020 3870 simul
3077 3814 3245 3870 verbo
3277 3814 3381 3869 tri-

1808 3906 1948 3971 buit,
1988 3906 2204 3975 gemina
2240 3905 2618 3962 similitudine.
2660 3905 2869 3961 llorum
2908 3907 3138 3962 alterum
3177 3907 3382 3967 verita;

1808 4006 1914 4061 est,
1949 4013 2076 4067 quae
2110 3997 2165 4051 in
2195 3996 2358 4052 dictis
2388 4006 2444 4052 et
2487 3997 2774 4067 splendida
2803 4005 2859 4052 et
2890 3997 3122 4053 illustris
3157 4012 3380 4068 000591-

1810 4092 1979 4146 citur.
2031 4088 2165 4143 Nam
2198 4088 2326 4144 talis
2376 4096 2462 4143 est
2490 4088 2590 4142 lilii
2625 4088 2859 4159 species,
2916 4087 3077 4158 cujus
3125 4087 3385 4158 splendor

1810 4181 1972 4251 quasi
2027 4178 2264 4250 quodam
2306 4179 2598 4248 aenigmate
2641 4180 2937 4248 puritatem
2984 4194 3049 4232 ac
3100 4179 3382 4236 veritatem

1809 4287 2023 4335 eorum,
2050 4286 2177 4341 qua:
2207 4269 2486 4331 dicuntur.
2508 4268 2805 4339 signiﬁcat.
2832 4267 3074 4323 Alterum
3103 4276 3208 4335 est,
3234 4270 3384 4340 quod

1812 4363 1929 4418 sola
1971 4362 2076 4417 sub
2102 4361 2301 4417 mentis
2326 4361 2731 4431 perceptionem
2763 4360 2966 4415 cadens
2987 4368 3042 4415 et
3064 4375 3379 4417 crassarum

1816 4469 1998 4510 rerum
2048 4468 2245 4524 expers
2277 4453 2386 4507 vita
2417 4466 2517 4522 per
2544 4451 2851 4506 doctrinam
2902 4449 3231 4520 proferatur,
3279 4467 3385 4509 ει-

1813 4545 2013 4599 stincta
2043 4544 2153 4598 vita
2185 4544 2288 4597 hac
2322 4542 2519 4605 infera,
2550 4541 2708 4611 cujus
2734 4541 2790 4595 in
2814 4554 2982 4596 carne
3008 4556 3073 4597 ac
3116 4543 3386 4615 sanguine

1806 4637 1893 4692 vis
1940 4635 2304 4705 conspicitur,
2355 4649 2456 4705 per
2482 4633 3007 4703 contemplationem
3048 4647 3231 4689 rerum
3260 4650 3384 4705 qua

1806 4732 1991 4779 mente
2006 4723 2402 4794 intelliguntur.
2430 4720 2636 4775 Etenim
2653 4736 2720 4774 ex
2737 4735 2831 4776 ore
2848 4720 3124 4776 distillans
3140 4721 3381 4793 myrrha,

1808 4830 1929 4886 qua:
1989 4813 2308 4884 recipientis
2363 4812 2605 4866 animum
2661 4810 2851 4880 replet,
2908 4811 3383 4868 mortiﬁcationem

1807 4906 1991 4963 carnis
2012 4907 2164 4961 clare
2193 4904 2436 4960 denotat.
2474 4902 2609 4957 Nam
2641 4903 2918 4958 multoties
2952 4904 3055 4957 hoc
3083 4904 3137 4961 in
3182 4904 3385 4959 litteris

1810 5017 1840 5055 a
1875 4999 2081 5071 Spiritu
2121 4997 2309 5052 divino
2349 4995 2611 5067 profectis
2652 4995 3090 5061 observavimus,
3141 4996 3389 5066 appella-

1814 5097 2015 5147 tionem
2043 5088 2278 5161 myrrbas
2298 5098 2526 5142 mortem
2558 5084 2886 5156 significare.
2907 5084 3088 5151 Quare
3110 5085 3385 5154 perfectus

1806 5194 1860 5241 et
1889 5198 2063 5254 purus
2089 5181 2304 5245 oculus,
2334 5179 2427 5249 qui
2457 5178 2526 5234 de
2554 5177 2773 5232 maxilla
2803 5175 3042 5245 phialam
3073 5173 3257 5237 eﬂicit,
3288 5190 3386 5229 un-

1806 5282 2007 5347 guenta
2054 5288 2123 5327 ex
2154 5286 2215 5327 se
2257 5269 2622 5341 proferentem
2653 5267 2810 5338 quasi
2851 5265 3088 5335 quodam
3114 5279 3178 5321 ea
3212 5263 3383 5328 fonte,

1806 5366 1896 5420 hic
1925 5377 2057 5435 ergo
2096 5374 2409 5418 sermonum
2441 5357 2553 5411 lilia
2588 5357 2763 5428 gignit
2793 5372 2887 5425 per
2921 5370 2985 5410 os
3014 5354 3254 5420 illorum,
3288 5356 3383 5424 qui

1806 5455 1990 5512 divino
2018 5451 2307 5525 splendore
2324 5456 2452 5505 sunt
2472 5448 2670 5503 ornati.
2693 5445 2825 5500 Nam
2854 5446 2933 5502 sic
2958 5444 3299 5515 appellantur
3322 5444 3382 5509 ii,

1815 5545 1909 5616 qui
1938 5542 2060 5615 puri
2102 5549 2263 5619 sunt,
2293 5546 2350 5596 et
2382 5554 2447 5593 ex
2478 5537 2675 5593 virtute
2708 5535 3059 5608 fragrantiam
3091 5532 3383 5604 quamdam

2988 5762 3079 5864 δι’
