1925 3112
233 160 299 189 ιοστ

844 151 873 179 S.
891 146 1055 177 GREGOMI
1073 145 1220 173 NYSSENI

1792 142 1861 170 {058

232 218 350 245 habent:
370 214 471 251 quique
487 212 625 249 myrrham
642 211 787 241 distillant,
807 216 868 244 qua:
890 207 950 235 sine
968 205 1016 232 de-

1081 204 1168 240 ιρετῆς
1183 202 1363 235 εὐπνοοῦντας
1375 201 1503 238 ὀνομάζει
1516 202 1531 229 ό
1542 201 1631 236 λόγος,
1646 201 1693 236 ἀφ’
1702 197 1743 229 ζιν
1756 201 1862 235 γίνεται

231 263 305 291 fectu
321 265 440 289 mentem
466 259 656 294 recipientium
671 265 732 285 eam
746 256 842 291 replet.
865 254 913 281 Est
929 256 1019 280 autem

232 310 278 337 il1a
290 309 353 336 vitae
366 306 448 342 hujus
459 312 597 340 corporea
611 307 796 338 contemptus,
814 307 876 328 cum
890 299 1020 327 universa

231 362 292 390 quae
305 354 333 381 in
349 352 472 380 hac-vita
495 358 568 379 cura
584 353 647 377 sunt
669 347 836 379 hominibus,
861 353 907 381 per
923 351 1020 379 super—

232 406 330 427 norum
338 399 472 427 honorum
483 396 659 432 cupiditatem
669 395 723 422 vim
736 400 813 422 suam
823 399 930 420 omnem
941 390 1021 418 amit-

232 449 294 472 tunt
310 449 337 472 et
350 444 569 478 exstinguuntur.
583 440 676 468 Talem
687 439 825 474 myrrham
841 437 905 465 olim
920 436 1021 463 Paulus

233 490 386 516 eﬂ'undebat
398 497 430 515 ex
443 496 489 515 ore
502 495 561 519 suo,
575 487 681 514 mislam
694 493 755 512 cum
765 491 832 519 puro
845 483 979 518 pudicitia
991 481 1021 508 li-

234 535 280 565 lio,
299 535 325 561 in
343 537 445 561 sanctae
457 532 569 567 virginis
589 538 678 558 aures.
698 529 734 556 Ea
750 536 814 555 vero
835 531 893 554 erat
908 526 1020 557 Thecla.

235 589 296 615 qua:
312 580 439 615 prazclare
451 579 542 605 animo
559 585 609 605 suo
623 575 804 604 deﬂuentibus
820 575 853 601 de
867 574 922 600 lilio
937 572 1021 606 guttis

237 627 307 652 intra
316 633 344 652 se
354 624 480 659 receptis,
490 624 625 650 hominem
634 626 777 648 externum
786 624 873 647 morte
880 618 1019 653 opprimit,

236 672 310 698 omni
327 670 491 705 cogitatione
511 668 712 703 cupiditateque
739 666 842 693 carnali
868 665 1016 692 exstincta.

236 717 321 751 Cujus
339 720 401 751 post
414 719 566 750 perceptam
592 714 667 740 illam
685 713 785 740 bonam
806 711 970 742 doctrinam,
996 714 1023 736 et

236 764 364 797 juventus
382 762 518 789 exstincta
542 764 611 792 erat,
630 763 657 786 et
677 762 788 786 externa
817 760 948 784 venustas
975 763 1023 782 ex-

238 809 348 840 stincta,
364 811 390 835 et
401 807 537 834 exstincta
552 806 642 833 omnia
659 804 783 839 corporis
798 810 930 831 sensuum
944 808 1023 836 orga-

238 863 273 882 na
308 854 367 881 solo
383 860 509 880 sermone
524 852 551 879 in
568 853 626 887 ipsa
641 852 760 883 vivente,
774 858 821 885 per
852 857 931 884 quem
949 853 1022 876 totus

237 900 262 926 ei
293 899 411 925 mundus
440 901 563 924 mortuus
589 900 658 926 erat,
689 899 716 922 et
735 895 811 929 virgo
835 895 894 928 ipsa
922 893 1022 919 mundo

237 949 296 973 erat
320 949 438 971 mortua.
456 943 500 970 Sic
518 943 580 969 olim
599 949 714 976 magnus
743 941 824 968 etiam
852 940 948 966 Petrus
979 939 1023 965 ille

239 992 309 1027 apud
321 990 477 1018 Cornelium
493 989 635 1024 splendida
651 988 786 1015 sermonis
801 987 855 1013 lilia
870 985 1021 1021 proferens,

239 1039 345 1066 animos
362 1037 517 1064 auditorum
535 1035 647 1070 myrrha
663 1034 790 1068 complet,
804 1033 850 1067 qui
865 1040 924 1059 mox
949 1039 1024 1058 rece-

238 1091 284 1120 pto
298 1085 383 1120 ipsius
397 1090 535 1115 sermone,
560 1089 621 1109 cum
653 1081 762 1108 Christo
792 1088 841 1115 per
856 1080 1023 1114 baptismum

239 1136 302 1157 sunt
322 1130 483 1164 consepulti,
515 1128 614 1155 mortui
633 1128 694 1154 vita:
724 1127 787 1154 huic
804 1126 877 1153 facti.
897 1125 1025 1159 Adeoque

239 1177 343 1204 inﬁnita
364 1176 484 1211 reperire
505 1180 604 1209 praeter
622 1174 677 1200 hmc
702 1178 858 1200 sanctorum
884 1171 1024 1198 hominum

238 1223 362 1257 exempla
382 1223 455 1255 licet,
477 1230 531 1256 quo
552 1222 589 1248 illi
617 1224 697 1255 pacto
729 1219 883 1247 communis
903 1218 1024 1252 corporis

240 1269 370 1296 Ecclesia:
393 1276 424 1296 os
455 1268 530 1301 facti,
558 1267 667 1302 myrrha
698 1266 887 1300 exstingucnte
914 1263 1025 1290 morbos

240 1316 325 1342 animi
350 1323 416 1342 suos
444 1315 581 1342 auditores
606 1313 788 1348 repleverint,
812 1319 860 1346 per
891 1310 1025 1337 sermonis

241 1362 296 1388 lilia
308 1361 416 1388 fructus
434 1360 562 1391 ferentes,
592 1359 691 1394 quibus
708 1358 799 1393 magni
818 1357 854 1384 illi
871 1364 1026 1391 propugna-

241 1413 314 1435 tores
333 1408 393 1434 ﬁdei
409 1415 455 1442 per
473 1407 609 1441 egregiam
629 1405 829 1432 confessionem
842 1404 902 1438 ipso
922 1406 1025 1429 testan-

241 1456 282 1482 da‘.
298 1454 421 1482 veritatis
438 1458 570 1487 tempore,
590 1452 616 1478 in
638 1450 833 1478 certaminibus
849 1456 898 1483 pro
927 1449 1026 1482 pietate

242 1500 390 1535 susceptis,
406 1499 454 1525 loti
468 1498 547 1532 quasi
566 1497 676 1532 myrrha
692 1496 809 1530 quadam
829 1498 891 1521 sunt
910 1493 1024 1527 perfusi.

244 1547 276 1573 Et
295 1546 361 1581 quid
374 1552 444 1579 opus
459 1549 501 1571 est
515 1543 638 1570 oratione
649 1542 752 1576 prolixa
770 1541 803 1567 de
816 1540 866 1566 hoc
877 1539 1024 1571 disserere,
1040 1543 1061 1570 (1

241 1601 304 1619 cum
326 1599 372 1627 per
384 1599 415 1618 ea
433 1598 494 1625 quae
512 1589 642 1619 diximus,
656 1588 822 1614 declaratum
839 1585 884 1615 sit.
908 1592 962 1619 quo
979 1591 1028 1618 pa-

242 1643 287 1665 cto
304 1636 433 1663 Ecclesia:
456 1642 488 1662 os
512 1634 598 1661 lilium
629 1633 698 1659 ﬁat:
720 1632 765 1666 qui
784 1631 893 1666 myrrha
911 1629 944 1656 de
972 1629 1028 1655 lilio

243 1683 379 1710 distillet:
402 1680 447 1715 qui
467 1679 622 1713 huiusmodi
659 1676 797 1704 stillicidio
824 1676 931 1702 animus
957 1674 1029 1701 reci-

244 1729 364 1763 pientum
381 1726 534 1761 impleatur.

282 1859 321 1885 Ad
342 1857 482 1892 sequentia
495 1864 576 1891 porro
593 1856 674 1882 verba
693 1855 917 1890 progrediamur:
934 1855 1030 1881 Manus

247 1904 321 1931 illius
339 1903 438 1929 tortiles
453 1922 461 1933 .
482 1910 586 1932 aurem,
612 1902 695 1935 plena:
719 1901 827 1928 tharsis.
848 1900 913 1927 Esse
941 1905 1031 1927 autent

246 1951 317 1978 oculi
333 1949 492 1976 beneficium
512 1948 702 1983 imperfectum
720 1948 747 1974 in
765 1947 892 1974 Ecclesim
905 1954 1031 1981 corpore.

247 1996 269 2021 si
286 2002 414 2020 manuum
441 1993 474 2019 ab
499 2000 531 2019 e0
549 1992 730 2019 ministerium
755 1992 791 2019 sit
817 1991 982 2025 disjunctum
997 2011 1003 2023 ,
1019 1999 1033 2017 a

247 2048 346 2074 magno
370 2040 416 2066 illo
436 2038 521 2065 Paulo
549 2038 622 2064 clare
638 2038 787 2064 didicimus
803 2058 809 2069 ,
829 2039 875 2071 qui
897 2039 949 2070 ait,
974 2037 1033 2064 Non

247 2091 331 2118 potest
350 2085 441 2112 oculus
462 2085 553 2111 manui
565 2084 660 2115 dicere,
674 2084 735 2111 Non
755 2085 818 2110 mihi
836 2090 859 2111 te
875 2093 938 2117 opus
951 2090 989 2111 est
1001 2085 1032 2111 “.

247 2128 313 2155 Nam
331 2132 388 2155 tum
405 2128 521 2155 maxime
542 2128 582 2154 vis
599 2129 742 2154 oenlorum
764 2129 953 2163 conspicitur,
971 2137 1033 2155 cum

247 2174 307 2208 ipsa
322 2181 403 2208 opera
423 2174 610 2200 testimonium
630 2175 772 2200 oculorum
799 2174 917 2201 acumini
942 2175 1035 2209 perhi-

249 2220 333 2252 bent;
348 2227 396 2254 pet‘
418 2219 538 2246 studium
563 2219 755 2254 prmclararum
779 2228 868 2246 rerum
883 2221 990 2256 egregie
1005 2229 1034 2247 sc
1050 2212 1073 2241 D

249 2265 313 2292 duci
325 2265 502 2292 declarantia.
513 2265 581 2297 Quia
597 2273 660 2292 vero
675 2266 750 2299 prius
766 2266 887 2292 indicato
904 2273 1033 2292 manuum

250 2311 334 2337 divini
351 2310 475 2344 corporis
488 2311 624 2342 eneomio,
640 2319 687 2346 per
700 2319 731 2338 ea
751 2319 810 2345 quae
828 2312 957 2343 diximus,
974 2320 1035 2347 per—

250 2356 367 2390 gendum
381 2356 460 2383 nobis
477 2360 518 2383 est
532 2356 564 2382 ad
578 2357 776 2390 expositionem
794 2357 874 2387 hanc,
891 2366 945 2392 quo
961 2358 1035 2385 vide-

251 2403 314 2428 licet
333 2401 414 2429 modo
432 2402 581 2436 comparati
599 2409 660 2429 esse
679 2402 797 2429 debeant
812 2403 861 2435 illi,
880 2403 926 2437 qui
943 2404 968 2430 in
985 2404 1036 2430 Ec-

250 2447 333 2474 clesia
353 2455 482 2474 manuutn
499 2448 587 2473 lowin
605 2449 748 2478 obtinent,
767 2449 834 2482 ipsis
849 2449 932 2475 tiivini
954 2449 1035 2483 hujus

250 2493 355 2520 oraculi
372 2494 463 2520 verbis
474 2494 640 2528 ptannissis,
658 2502 706 2528 pro
719 2495 788 2521 virili
808 2499 900 2522 nostra
918 2496 1036 2522 abditam

252 2539 278 2565 in
296 2546 328 2566 eo
344 2540 508 2566 sententiam
536 2539 710 2566 considerare
728 2540 781 2566 Deo
798 2541 964 2568 concedente
991 2548 1039 2568 co-

253 2585 389 2611 nabimur.
401 2584 508 2618 Manus,
525 2586 621 2620 inquit,
633 2586 707 2612 illius
720 2587 831 2617 tortiles,
845 2596 942 2620 aurem,
954 2588 1038 2621 plemc

255 2630 363 2657 tharsis.
387 2631 475 2665 Atque
506 2631 637 2659 hactenus
655 2632 764 2665 quidem
790 2633 817 2659 in
845 2633 919 2660 hisce
949 2635 1039 2662 verbis

254 2683 353 2703 sensus
370 2676 533 2704 manifestus
548 2681 600 2708 est.
621 2678 693 2712 quod
715 2678 751 2705 ob
770 2686 830 2713 quae
845 2683 925 2713 caput
946 2680 1041 2707 lauda-

256 2726 312 2753 tur,
332 2722 427 2749 eadem
442 2730 571 2749 manuum
589 2731 698 2758 quoque
711 2725 865 2751 encomium
886 2725 1037 2752 absolvant.

257 2766 290 2793 Et
302 2772 384 2802 caput
399 2769 554 2802 accepimus
568 2777 615 2803 pro
627 2769 735 2797 Christo
750 2771 899 2798 secundum
917 2778 1040 2805 carnem,

290 2862 314 2880 ³⁸
332 2864 343 2892 ι
358 2863 420 2892 Cor.
439 2873 488 2898 ιιι,
503 2865 549 2894 21.

1068 251 1086 285 ἡ
1108 250 1157 284 τῆς
1177 249 1300 285 σμύρνης
1316 249 1441 284 σταγὼν,
1465 248 1616 281 ἀνελλιπῶς
1642 247 1789 284 πληροῦσα
1813 248 1863 283 τὴν

1068 296 1122 323 τῶν
1135 296 1286 331 δεχομένων
1299 295 1418 323 διάνοιαν
1427 303 1435 311 ο
1450 295 1519 331 ὅπερ
1534 295 1591 321 ἐστὶ
1606 294 1657 330 τῆς
1669 294 1776 325 ὑλικῶς
1788 292 1862 328 ζωῆς

1070 342 1204 379 ὑπεροψία
1213 363 1221 375 ,
1235 343 1344 370 πάντων
1356 341 1412 369 τῶν
1425 342 1488 377 τῇδε
1502 340 1740 377 σπουδαζομένων,
1753 341 1803 367 διὰ
1815 341 1864 375 τὴν

1069 389 1124 415 τῶν
1140 388 1344 424 ὑπερκειμένων
1360 387 1470 422 ἀγαθῶν
1490 387 1650 422 ἐπιθυμίαν,
1667 386 1865 422 ἁνενεργήτων

1069 442 1100 460 τε
1121 433 1168 460 καὶ
1188 433 1292 469 νεκρῶν
1304 433 1464 469 γινομένων.
1489 432 1623 467 Τοιαύτην
1646 432 1728 459 ὃποτε
1757 432 1866 464 Παῦλος

1072 479 1193 514 σμύρναν
1210 479 1320 513 προχέει
1338 478 1385 504 τοῦ
1402 478 1546 513 στόματος,
1565 478 1740 513 μεμιγμένην
1760 478 1864 513 τῷκα-

1073 526 1147 561 θαρῷ
1164 526 1249 561 κρίνῳ
1271 527 1321 560 τῆς
1344 524 1533 560 σωφροσύνης,
1551 524 1580 550 ἐν
1601 523 1696 554 ἀκοαῖς
1710 522 1766 558 τῆς
1784 523 1865 557 ἁγίας

1073 572 1217 607 παρθένου.
1230 571 1318 597 Θέκλα
1327 571 1355 597 δὲ
1367 569 1401 606 ἦν
1413 571 1430 606 ὴ
1443 570 1586 606 παρθένος,
1602 570 1619 605 ἢ
1633 569 1724 599 καλῶς
1738 571 1775 605 τῇ
1790 569 1862 605 ψυχῇ

1072 616 1121 648 τὰς
1140 616 1327 651 ἀπορρεούσας
1350 616 1481 650 σταγόνας
1500 616 1529 642 ἐν
1550 616 1633 650 ἑαυτῇ
1650 615 1803 650 δεξαμένη.
1817 615 1864 642 θα-

1072 662 1144 698 νάτῳ
1174 662 1350 697 διαλαμὸάνει
1382 663 1427 688 τὸν
1455 661 1553 695 ἔξωθεν
1578 661 1739 696 ἄνθρωπον,
1773 662 1865 688 πᾶσαν

1074 710 1198 746 σαρκώδη
1216 709 1333 737 διάνοιάν
1351 717 1381 734 τε
1404 708 1450 735 καὶ
1466 707 1611 742 ἐπιθυμίαν
1626 707 1727 742 ἑαυτῆς
1743 707 1865 734 ἀποδέ-

1074 764 1154 782 σασα.
1170 752 1224 787 Ἦς
1241 754 1308 790 μετὰ
1326 754 1374 789 τὴν
1390 753 1495 789 ἀγαθὴν
1513 752 1684 780 διδασκαλίαν
1703 753 1796 788 νεκρὰ
1818 753 1866 787 μὲν

1073 804 1090 838 ὴ
1104 802 1197 836 νεότης
1208 822 1214 832 ,
1231 801 1326 836 νεκρὸν
1339 800 1366 826 δὲ
1380 800 1411 826 τὸ
1423 799 1633 834 ἐπιφαινόμενον
1644 797 1745 830 κάλλος
1757 818 1768 831 ,
1782 798 1865 832 νεκρὰ

1039 849 1100 900 Bst
1117 849 1205 876 πάντα
1227 847 1261 874 τὰ
1283 846 1436 899 σωματικὰτ
1448 845 1629 881 αἰσθητήρια,
1655 844 1738 879 μόνου
1763 844 1864 877 ζῶντος

1073 895 1101 920 ἐν
1116 894 1184 929 αὐτῇ
1207 892 1253 919 τοῦ
1270 892 1348 926 λόγου
1362 892 1394 918 δι’
1408 887 1438 917 οὗ
1455 890 1594 925 ἐτεθνήκει
1616 889 1664 924 μὲν
1676 889 1749 925 αὐτῇ
1764 889 1839 921 ἅπας
1851 891 1864 916 ὁ

1073 940 1188 975 κόσμος,
1212 939 1351 974 ἐτεθνήκει
1374 938 1402 964 δὲ
1428 938 1474 965 καὶ
1501 938 1517 972 ἠ
1543 935 1675 972 παρθένος
1691 935 1732 971 τῷ
1759 936 1864 972 κόσμῳ.

1074 984 1151 1011 Οὕτω
1171 985 1235 1010 ποτὲ
1251 984 1297 1010 καὶ
1312 983 1387 1019 παρὰ
1405 981 1548 1018 Κορνηλίῳ
1562 982 1577 1008 ὁ
1595 982 1681 1016 μέγας
1696 981 1819 1017 Πέτρος,
1834 982 1865 1008 τὰ

1074 1029 1186 1065 λαμπρὰ
1200 1028 1246 1055 τοῦ
1263 1029 1342 1062 λόγου
1363 1028 1444 1063 κρίνα
1468 1026 1666 1061 φθεγγόμενος,
1683 1025 1803 1061 πλήρεις
1819 1026 1865 1060 τῆς

1076 1076 1200 1112 σμύρνης
1221 1076 1270 1107 τὰς
1289 1075 1344 1102 τῶν
1365 1075 1517 1101 ἀκουόντων
1533 1073 1622 1108 ψυχὰς
1643 1072 1864 1108 παρεσκεύασεν,

1074 1122 1099 1148 οἳ
1118 1122 1288 1157 παραχρῆμα
1303 1121 1348 1147 τὸν
1365 1120 1442 1155 λόγον
1460 1120 1617 1155 δεξάμενοι,
1633 1120 1672 1155 τῷ
1693 1118 1812 1154 Χριστῷ
1824 1118 1866 1144 διὰ

1075 1168 1121 1194 τοῦ
1146 1167 1333 1202 βαπτίσματος
1357 1166 1561 1201 συνετάφησαν,
1585 1165 1677 1201 νεκροὶ
1694 1164 1734 1200 τῷ
1754 1164 1808 1200 βίῳ
1821 1171 1865 1198 γει

1075 1213 1193 1247 νόμενοι.
1215 1212 1269 1238 Καὶ
1295 1212 1378 1247 μυρία
1399 1211 1467 1246 πρὸς
1492 1210 1596 1242 τούτοις
1613 1210 1687 1237 ἔστιν
1703 1211 1799 1246 εῦρεῐν
1814 1210 1866 1236 τῶν

1076 1260 1161 1293 ἁγίων
1188 1259 1390 1293 ὑποδείγματα,
1417 1257 1476 1289 πῶς
1495 1256 1542 1283 τοῦ
1559 1256 1649 1284 κοινοῦ
1661 1255 1799 1292 ’σώματος
1819 1256 1865 1290 τῆς

1083 1304 1244 1338 Ἐκκλησίας
1272 1303 1358 1337 στόμα
1379 1302 1515 1337 γινόμενοι
1547 1301 1598 1336 τῆς
1619 1300 1796 1336 νεκρωτικῆς
1815 1300 1866 1327 τῶν

1077 1348 1246 1383 παθημάτων
1281 1348 1403 1383 σμύρνης
1438 1347 1553 1382 πλήρεις
1577 1346 1641 1377 τοὺς
1673 1345 1867 1381 ἀκροωμένους

1077 1394 1198 1426 ἐποίουν,
1221 1392 1431 1427 ἀνθοφοροῦντες
1453 1391 1496 1418 διὰ
1513 1391 1566 1417 τῶν
1581 1390 1682 1426 κρίνων
1703 1389 1757 1417 *ευῦ
1773 1389 1866 1424 λόγου.

1077 1439 1111 1465 δι’
1125 1436 1162 1465 ὧν
1176 1440 1201 1465 οἱ
1219 1438 1330 1473 μεγάλοι
1352 1438 1401 1472 τῆς
1416 1437 1533 1467 πίστεως
1546 1436 1682 1471 πρόμαχοι
1698 1435 1751 1471 τῆς
1765 1434 1868 1470 ἀγαθῆς

1077 1485 1221 1519 ὁμολογίας
1238 1483 1308 1510 κατὰ
1329 1483 1374 1509 τὺν
1397 1484 1446 1518 τῆς
1469 1482 1620 1518 μαρτυρίας
1645 1481 1745 1517 καιρὸν
1766 1481 1798 1507 ὲν
1815 1481 1867 1511 τοῖς

1079 1531 1147 1566 ὑπὲρ
1172 1530 1311 1561 εὐσεϐείας
1337 1528 1424 1562 ἀγῶσι
1451 1527 1729 1564 κατεσμυρνώθησαν.
1760 1527 1820 1554 lict
1841 1527 1867 1552 τί

1081 1576 1132 1612 χρὴ
1154 1576 1198 1602 διὰ
1216 1575 1345 1602 πλειόνων
1370 1575 1499 1610 μηκύνειν
1517 1573 1562 1600 τὸν
1584 1573 1649 1609 περὶ
1661 1572 1770 1599 τούτοιν
1782 1571 1867 1606 λόγον,

1081 1623 1199 1658 φανερᾶς
1210 1622 1253 1648 διὰ
1268 1622 1321 1648 τῶν
1344 1621 1494 1656 εἰρημένων
1508 1620 1656 1655 γενομένης
1670 1619 1740 1654 ἡμῖν
1754 1618 1806 1654 τῆς
1818 1617 1870 1644 δια-

1080 1671 1164 1701 νοίας.
1182 1669 1239 1700 πῶς
1253 1669 1283 1694 τὸ
1299 1668 1384 1703 στόμα
1396 1668 1445 1703 τῆς
1464 1666 1625 1701 Ἐκκλησίας
1642 1665 1738 1701 κρίνον
1745 1665 1868 1699 γίνεται·

1089 1715 1207 1747 καὶπῶς
1226 1715 1373 1746 ἀποστάζει
1394 1714 1441 1740 τοῦ
1459 1714 1580 1749 κρῖνουὴ
1603 1712 1728 1747 σμύρνα·
1754 1710 1871 1741 καὶπῶς

1082 1761 1232 1796 πληροῦται
1246 1761 1295 1795 τῆς
1319 1760 1446 1794 τοιαύτης
1471 1759 1600 1792 σταγόνος
1616 1759 1633 1793 ἡ
1648 1757 1705 1784 τῶν
1719 1756 1871 1792 δεχομένων

1082 1808 1166 1841 ψυχή.

1125 1854 1203 1879 Ἀλλὰ
1229 1853 1296 1888 πρὸς
1315 1853 1360 1878 τὺν
1379 1851 1478 1887 ἐφεξῆς
1494 1851 1572 1885 λόγον
1591 1851 1641 1886 ἥδη
1660 1851 1711 1885 μὲν
1736 1849 1871 1884 ἔλθωμεν.

1084 1900 1153 1934 Φησὶ
1171 1898 1233 1933 γάρ·
1255 1900 1288 1924 ΑΙ
1302 1898 1398 1933 χεῖρες
1415 1897 1507 1924 αὑτοῦ
1522 1896 1667 1929 τορευταὶ.
1685 1896 1810 1930 nummi,
1826 1903 1873 1922 xs-

1084 1944 1273 1978 πληρωμέναι
1290 1943 1421 1977 θαρσεῖς.
1436 1943 1496 1969 Ὀτι
1513 1939 1616 1977 μὲνοῦν
1629 1940 1730 1976 ἀτελής
1741 1941 1820 1967 ἐστιν
1830 1940 1872 1966 ἐπὶ

1084 1991 1130 2016 τοῦ
1155 1990 1280 2024 σώματος
1297 1989 1347 2024 τῆς
1368 1986 1531 2023 Ἐκκλησίας
1543 1988 1560 2022 ή
1576 1986 1623 2013 τοῦ
1640 1985 1785 2020 ὀφθαλμοῦ
1797 1986 1874 2021 χάρις

1085 2036 1135 2070 τῆς
1150 2035 1203 2062 τῶν
1220 2035 1317 2070 χειρῶν
1329 2033 1480 2069 ὑπουργίας
1490 2031 1679 2067 διεζευγμένην
1693 2031 1790 2064 σαφῶς
1801 2030 1874 2066 παρὰ

1085 2082 1131 2107 τοῦ
1158 2081 1273 2116 μεγάλου
1300 2079 1499 2115 μεμαθήκαμεν
1525 2077 1631 2104 Παύλου
1646 2097 1653 2107 .
1669 2077 1699 2108 ὗς
1715 2085 1810 2111 φησιν,
1832 2077 1872 2102 ὅτι

1089 2129 1128 2154 Οὐ
1145 2126 1269 2153 δύναται
1287 2127 1303 2152 ὸ
1329 2124 1481 2160 ὀφθαλμὸς
1497 2123 1591 2150 εἰπεῖν
1608 2122 1647 2156 τῇ
1662 2122 1872 2157 χειριδῑρείαν·

1087 2182 1145 2200 σου
1162 2174 1217 2200 οὐκ
1238 2173 1306 2207 ἔχω.
1327 2172 1394 2198 Τότε
1413 2171 1467 2207 γὰρ
1492 2170 1608 2205 μάλιστα
1626 2170 1642 2204 ὴ
1658 2169 1713 2195 τῶν
1727 2168 1873 2204 ὀφθαλμῶν

1088 2219 1210 2255 ἐνέργεια
1226 2218 1372 2247 δείκνυται,
1386 2217 1449 2243 ὅταν
1460 2216 1494 2242 τὰ
1507 2216 1573 2250 ἔργα
1587 2214 1779 2251 μαρτυρεῖτὴν
1793 2213 1875 2246 ὀξυω-

1090 2265 1154 2291 πίαν
1169 2264 1208 2298 τῷ
1222 2264 1325 2298 ῠμματι
1338 2282 1344 2293 ,
1359 2262 1402 2289 διὰ
1421 2262 1470 2296 τῆς
1483 2261 1547 2296 περὶ
1563 2261 1596 2287 τὰ
1612 2259 1682 2287 καλὰ
1696 2259 1813 2294 σπουδῆς
1827 2259 1876 2295 τὴν

1090 2311 1194 2346 ἀγαθὴν
1205 2310 1315 2345 ὁδηγίαν
1326 2308 1522 2343 ἐπιοημαίνων.
1542 2305 1650 2342 Ἐπειδὴ
1661 2305 1713 2342 χρὴ
1727 2306 1877 2341 προθέντες

1090 2358 1134 2383 τὸν
1161 2356 1226 2391 περὶ
1246 2355 1300 2381 τῶν
1319 2354 1418 2390 χειρῶν
1445 2353 1492 2379 τοῦ
1513 2353 1584 2379 θείου
1607 2352 1734 2388 σώματος
1758 2352 1877 2384 ἔπαινον,

1090 2402 1253 2438 ὁδηγηθῑψαι
1264 2401 1306 2428 διὰ
1321 2401 1375 2427 τῶν
1386 2400 1537 2436 εἰρημένων
1548 2399 1621 2430 ὅπως
1632 2399 1766 2433 προσήκει
1778 2406 1879 2432 κατηρ-

1091 2449 1181 2475 τίσθαι
1210 2448 1272 2479 τοὺς
1290 2447 1350 2474 ἀντὶ
1362 2446 1461 2481 χειρῶν
1475 2446 1556 2477 ὄντας
1572 2445 1618 2471 ἐπὶ
1627 2444 1678 2479 τῆς
1696 2445 1876 2480 Ἑκκλησίας·

1092 2495 1157 2521 αὐτὸ
1171 2494 1317 2529 προθέντες
1333 2493 1364 2518 τὺ
1372 2491 1443 2518 θεῖον
1454 2491 1554 2525 λόγιον,
1563 2490 1637 2521 ὅπως
1650 2490 1684 2516 ἂν
1691 2486 1749 2516 οἷόν
1761 2497 1793 2516 τε
1803 2486 1820 2526 ᾖ
1830 2489 1878 2524 τὴν

1093 2540 1255 2576 ἐγκειμένην
1271 2539 1345 2566 αὑτῶ
1363 2538 1499 2574 θεωρῆσαι
1519 2537 1647 2568 διάνοιαν,
1661 2535 1780 2567 διδόντος
1801 2535 1876 2567 Θεοῦ,

1093 2586 1288 2621 πειρασόμεθα.
1317 2584 1418 2618 Χεῑρες
1447 2582 1540 2610 αὐτοῦ
1565 2581 1719 2615 τορευταὶ,
1751 2581 1876 2616 χρυσαῖ,

1094 2634 1169 2668 φησὶ,
1184 2630 1414 2665 πεπληρωμέναι
1426 2629 1557 2662 θαρσεῒς.
1571 2628 1646 2659 Τέως
1661 2627 1711 2662 μὲν
1724 2624 1773 2654 οὖν
1790 2627 1878 2654 τοσοῦ-

1093 2687 1138 2705 τον
1153 2677 1287 2712 πρόδηλόν
1301 2677 1376 2702 ἐστιν
1389 2675 1422 2711 ἐκ
1434 2673 1488 2700 τῶν
1507 2673 1662 2709 εἰρημένων
1681 2672 1714 2699 τὸ
1727 2672 1828 2708 νόημα,
1844 2674 1879 2699 ὃτι

1094 2722 1134 2754 οἷς
1147 2723 1178 2749 τὸ
1192 2722 1242 2757 τῆς
1257 2720 1381 2755 κεφαλῆς
1398 2717 1467 2750 εἶδος
1481 2717 1682 2754 ἐγκωμιάζεται
1693 2737 1701 2749 ,
1717 2717 1763 2744 διὰ
1772 2717 1826 2744 τῶν
1837 2718 1879 2743 αὖ·

1094 2769 1149 2796 τῶν
1165 2769 1212 2795 καὶ
1231 2768 1292 2798 ταῖς
1307 2766 1386 2801 χερσὶ
1410 2763 1561 2800 πληροῦται
1579 2764 1594 2791 δ
1611 2763 1733 2794 ἔπαινος.
1756 2761 1878 2797 Κεφαλὴι
