3850 6224
126 291 154 343 1
167 288 272 344 069

1152 291 1218 346 ΙΝ
1261 291 1554 348 CANTICA
1589 292 1857 350 CANTIC.
1895 297 2180 358 HOMILIA
2221 303 2359 361 XIV.

3240 309 3259 362 l
3270 308 3373 366 070

121 411 185 465 δὲ
212 410 448 481 Χριστὸν
479 411 780 482 ὲνοή-σαμεν
799 453 814 477 ,
846 414 904 465 ὲν
942 407 987 482 ᾧ
1021 416 1050 467 6
1079 416 1210 479 Θεὸς
1246 413 1335 488 ἦν.
1377 416 1468 470 τὸν
1497 418 1689 486 κόσμοι.

1806 416 1858 468 in
1914 436 2024 488 quo
2057 422 2200 480 Deus
2243 435 2363 480 erat
2409 425 2672 481 mundum
2720 427 2822 483 sibi
2862 428 3255 493 reconcilians,
3291 432 3369 486 uti

123 501 308 572 ἑαυτῷ
339 503 747 564 καταλλάσσων.
787 506 927 560 κατὰ
966 506 1061 578 τὴν
1092 507 1304 561 Παύλου
1337 511 1550 578 φωνήν’
1590 511 1619 562 6
1645 511 1702 561 ἐν

119 596 192 665 τῇ
227 597 392 666 σαρκὶ
442 595 528 648 διὰ
561 596 669 649 τῶν
697 597 979 668 δυνάμεων
1024 617 1084 651 τε
1129 601 1223 653 καὶ
1267 599 1377 653 τῶν
1408 601 1703 672 θαυμάτων

121 683 318 736 ἑαυτὸν
367 683 708 753 φανερώσας.
757 687 818 739 Εἰ
863 683 956 742 οὖν
993 689 1026 759 ἡ
1080 689 1332 758 νοηθεῖσα
1388 690 1517 760 ἡμῖν
1563 690 1699 762 αὕτη

121 771 339 843 κεφαλὴ
371 773 592 843 χρυσίον
630 775 905 846 ἀκήρατον
937 778 1088 848 παρὰ
1134 777 1226 832 τοῦ
1266 779 1424 848 λόγου
1468 798 1702 835 κατωνοα

124 863 344 934 μάσθη,
403 865 490 917 διὰ
546 867 608 919 τὸ
657 867 838 938 πάσης
886 869 1160 941 ἁμαρτίας
1207 872 1363 936 ἐκτὸς
1421 869 1595 926 εἶναι·
1643 874 1702 938 ὂς

132 956 450 1023 Ἀμαρτίιιν
485 959 596 1011 οὐκ
633 958 920 1025 ἐποίησε,
955 963 1138 1031 φησὶν,
1189 963 1331 1018 οὐδὲ
1380 966 1590 1034 εὑρέθη
1633 967 1703 1020 ἐν

116 1047 203 1112 τῷ
247 1050 503 1118 στόματι
540 1050 727 1104 αὐτοῦ
764 1051 976 1119 δόλος·
1025 1057 1233 1124 χρυσᾶς
1272 1056 1328 1109 δέ
1360 1074 1523 1127 φησιν
1562 1054 1700 1112 εἶναι

118 1139 222 1200 τὰς
268 1140 458 1208 χεῖρας
500 1141 528 1191 6
569 1138 726 1208 λόγος
753 1156 766 1168 ⁸
805 1142 1071 1213 πρόδηλόν
1109 1146 1224 1199 ἐστι
1267 1147 1328 1200 τὺ
1364 1148 1452 1201 διὰ
1496 1148 1700 1203 τούτων

117 1226 433 1297 νοούμενον,
459 1229 538 1282 ὅτι
561 1229 622 1282 τὸ
652 1231 776 1284 καθ’
798 1232 919 1286 ὅλου
944 1234 1229 1306 νοούμενον
1257 1239 1493 1308 καθαρόν
1518 1258 1576 1292 τε
1609 1241 1700 1294 καὶ

117 1317 527 1388 ἀναμάρτητον,
563 1321 657 1373 καὶ
681 1322 861 1392 πάσης
890 1323 1088 1389 κακίας
1127 1327 1325 1396 ἀμιγές
1352 1345 1409 1380 τε
1439 1330 1532 1382 καὶ
1559 1331 1700 1384 ἁπα-

119 1407 382 1476 ράδεκτον
414 1409 694 1478 νομοθετεῖ
721 1415 787 1483 τῇ
817 1414 960 1484 χειρὶ
995 1417 1023 1467 6
1051 1415 1223 1485 λόγος.
1259 1420 1429 1489 Χεῖρα
1457 1420 1513 1472 δὲ
1547 1419 1699 1473 νοοῦ-

121 1517 224 1570 μεν
246 1501 466 1564 πάντως
490 1504 588 1572 τὴν
606 1503 674 1555 τὰ
705 1505 858 1557 κοινὰ
876 1505 977 1574 τῆς
1018 1505 1338 1578 Ἐκκλησίας
1365 1510 1444 1571 εἰς
1471 1511 1570 1572 τὰς
1591 1510 1698 1564 τῶν

116 1593 352 1646 ἐντολῶν
396 1594 584 1664 χρείας
623 1594 1074 1666 διαχειρίζουσαν,
1111 1592 1180 1669 ἦς
1233 1599 1450 1663 ἔπαινός
1490 1603 1604 1654 ἐστι
1635 1602 1697 1654 τὸ

116 1683 451 1754 ὁμοιωθῆναι
474 1687 540 1756 τῇ
572 1685 668 1756 τῆς
700 1685 943 1757 κεφαλῆς
979 1687 1156 1755 φύσει,
1186 1689 1326 1743 κατὰ
1357 1690 1418 1744 τὸ
1456 1691 1693 1763 καθαρόν

115 1789 176 1826 τε
205 1773 304 1827 καὶ
332 1773 735 1845 ἀναμάρτητον.
774 1774 1006 1847 Καθαρὰ
1028 1777 1084 1830 δὲ
1104 1777 1311 1843 γίνεται
1343 1779 1462 1833 τότε
1481 1782 1514 1850 ἡ
1550 1782 1691 1852 χεὶρ,
1723 1770 1768 1828 Β

116 1867 249 1919 ὅταν
276 1865 364 1918 διὰ
389 1867 490 1935 τῆς
521 1865 737 1936 τορείας
768 1865 914 1920 ἅπαν
952 1867 1291 1939 ἁποξύσηται
1324 1870 1384 1922 τὸ
1410 1871 1696 1942 ἐμποδίζον

114 1955 195 2026 τῷ
237 1956 444 2010 κάλλει.
502 1956 768 2027 Καθάπερ
815 1957 924 2030 γὰρ
960 1959 1098 2030 πρός
1127 1977 1248 2014 τινα
1293 1961 1434 2026 ζὼου
1484 1967 1698 2040 μορφὴν

117 2047 530 2112 ἀποτυποῦντες
567 2049 628 2102 τὸ
669 2049 961 2122 μάρμαρον
980 2091 996 2115 ,
1026 2052 1209 2106 ἐκεῖνα
1246 2054 1333 2108 διὰ
1359 2057 1458 2127 τῆς
1485 2061 1698 2131 τορείας

117 2139 451 2210 ἐγγλύφουσι
478 2141 557 2212 τῷ
583 2141 736 2212 λίθῳ,
772 2142 865 2195 καὶ
896 2142 1339 2211 ἐγκολάπτουσιν,
1370 2141 1445 2202 ὧν
1480 2168 1696 2223 περιαι-

121 2233 388 2301 ρεθέντων
421 2235 558 2304 πρὸς
597 2235 657 2288 τὸ
701 2236 1009 2306 ἀρχέτυπον
1057 2233 1195 2302 εἶδος
1227 2241 1598 2297 ἁποτυποῦται
1637 2246 1696 2298 τὸ

120 2321 349 2390 μίμημα
376 2337 388 2347 ·
421 2322 563 2375 οὕτω
591 2326 684 2377 καὶ
708 2325 803 2378 ἐπὶ
826 2326 918 2379 τοῦ
944 2325 1172 2391 κάλλους
1193 2328 1300 2382 τῶν
1326 2332 1418 2383 τοῦ
1448 2331 1694 2402 σώματος

116 2415 218 2482 τῆς
261 2412 589 2483 Ἐκκλησίας
616 2414 812 2487 χειρῶν
844 2416 1014 2470 πολλὰ
1045 2419 1152 2492 χρὴ
1177 2421 1265 2474 διὰ
1291 2423 1390 2494 τῆς
1417 2424 1525 2477 τῶν
1549 2425 1695 2494 λογι-

116 2503 272 2572 σμῶν
299 2506 514 2575 τορείας
533 2506 915 2578 ἀποξεσθῆναι,
942 2508 1031 2564 ἵνα
1057 2511 1281 2583 γένηται
1317 2515 1350 2584 ἡ
1375 2516 1494 2587 χεὶρ
1521 2519 1694 2588 χρυσῆ

114 2596 188 2658 ὡς
214 2595 434 2666 άληθῶς
464 2599 558 2650 καὶ
589 2599 885 2671 ἀκήρατος.
917 2599 1144 2668 Πάντως
1177 2604 1233 2658 δὲ
1264 2606 1503 2677 πρόδηλα
1530 2609 1694 2661 πᾶσίν

112 2688 285 2751 ἐστιν,
315 2687 414 2739 ὃσα
463 2689 538 2759 μὴ
573 2693 990 2762 περιαιρεθέντα
1030 2695 1130 2766 τῆς
1173 2697 1353 2768 χειρὸς
1397 2699 1476 2769 τῷ
1509 2700 1694 2756 κάλλει

115 2773 458 2847 λυμαίνεται,
481 2777 590 2833 οἷον
627 2781 686 2834 τὸ
706 2782 1187 2855 άνθρωπαρέσκον,
1217 2787 1279 2841 τὸ
1312 2789 1602 2858 φιλόδοξον,
1631 2791 1693 2846 τὺ

113 2867 428 2939 φιλοκερδὲς
446 2913 460 2936 ,
491 2871 552 2924 τὸ
586 2873 745 2943 μόνον
773 2876 909 2946 πρὸς
932 2877 992 2930 τὸ
1011 2879 1329 2951 φαινόμενον
1357 2882 1599 2952 βλέπειν,
1631 2885 1693 2940 τὸ

112 2963 470 3031 περιφάνειάν
510 2981 634 3020 τινα
671 2967 850 3038 ἑαυτῷ
876 2968 964 3022 διὰ
1001 2971 1109 3027 τῶν
1152 2974 1210 3026 ἐν
1242 2977 1399 3047 χερσὶ
1433 2995 1686 3049 πραγμα-

108 3053 382 3116 τεύεσθαι,
413 3055 473 3108 τὸ
501 3057 582 3120 είς
617 3058 830 3130 τρυφὴν
855 3062 949 3114 καὶ
975 3062 1275 3120 ἀπόλαυσιν
1310 3067 1448 3122 ἰδίαν
1476 3072 1542 3141 τῇ
1580 3071 1689 3124 τῶν

109 3143 343 3195 ἐντολῶν
362 3145 770 3217 ἀποκεχρῆσθαι
792 3158 1134 3226 παρασκευῇ·
1150 3150 1300 3229 ᾖχρὴ
1322 3159 1498 3213 πάντα
1517 3161 1689 3216 ταῦτα

110 3235 206 3288 καὶ
235 3235 302 3288 τὰ
342 3236 567 3291 τοιαῦτα
597 3243 710 3303 τοῖς
747 3242 855 3298 τῶν
888 3244 1166 3316 λογισμῶν
1208 3249 1458 3320 ὀργάνοις
1485 3253 1690 3320 ἀποξυ-

111 3324 369 3392 σᾰμενον,
405 3326 580 3380 ἐκεῖνο
606 3329 925 3385 καταλιπεῖν
955 3333 1114 3403 μόνον
1154 3336 1216 3390 τὸ
1243 3339 1478 3410 καθαρόν
1506 3359 1564 3394 τε
1595 3343 1687 3396 καὶ

106 3413 495 3483 ἁκιὸδήλευτον
541 3419 763 3488 χρυσίον
791 3420 891 3491 τῆς
920 3425 1291 3496 προαιρέσεως
1309 3469 1325 3494 ,
1355 3431 1414 3484 τὸ
1440 3435 1504 3504 τῇ
1548 3434 1686 3504 ἀκη-

109 3504 260 3575 ράτῳ
280 3507 491 3577 κεφαλῇ
522 3508 896 3582 ὁμοιούμενον.
931 3515 1270 3588 Σαφέστερον
1304 3519 1350 3572 δ’
1381 3521 1447 3576 ἂν
1480 3526 1687 3592 γένοιτο

105 3598 238 3665 ἡμῖν
265 3597 328 3649 τὸ
360 3597 647 3670 λεγόμενον
665 3601 753 3656 διὰ
777 3607 877 3675 τῆς
897 3604 990 3660 τοῦ
1024 3608 1346 3666 ’Λποστόλου
1377 3618 1558 3686 φωνῆς
1582 3636 1594 3648 ·
1627 3620 1685 3682 ὃς

108 3689 300 3742 πιστὸν
321 3690 411 3742 τὸν
433 3691 563 3745 Θεὸν
590 3695 880 3765 ὀνομάσας,
916 3698 1068 3752 οὐδὲν
1108 3701 1235 3756 ἄλλο
1262 3707 1354 3758 καὶ
1382 3708 1440 3759 ὲν
1468 3713 1580 3774 τοῖς
1604 3713 1670 3763 οἰ.

108 3779 362 3848 κονόμοις
408 3781 589 3852 ζητεῖν
619 3785 794 3854 ἀξιοῖ,
838 3789 871 3860 ἢ
911 3791 972 3843 τὸ
1007 3795 1199 3848 πιστὸν
1223 3796 1507 3869 εὑρεθῆναι
1536 3819 1549 3832 ο
1589 3803 1682 3854 οὑ-

105 3871 241 3923 τωσὶ
282 3873 498 3942 γράψας
528 3875 609 3948 τῷ
641 3877 864 3948 ῥήματι.
920 3883 986 3935 Ὃ
1024 3883 1082 3936 δὲ
1130 3885 1337 3953 λοιπὸν,
1356 3889 1595 3962 ζητεῖται
1626 3897 1683 3948 ἐν

103 3965 219 4026 τοῖς
279 3966 608 4036 οἰκονόμοις,
649 3970 750 4023 ἵνα
772 3975 990 4041 πιστός
1028 3993 1117 4043 τις
1144 3980 1378 4050 εὑρεθῇ.
1421 3985 1628 4038 Οὐκοῦν
1656 3991 1684 4040 ό

105 4053 297 4117 πιστὸς
345 4056 439 4108 καὶ
489 4057 750 4130 φρόνιμος
788 4063 1068 4135 οἰκονόμος
1111 4069 1234 4122 ἀντὶ
1278 4075 1459 4143 χειρὸς
1489 4076 1566 4130 ὢν
1615 4083 1680 4150 τῇ

117 4146 433 4217 Ἐκκλησία,
464 4151 673 4220 χρυσῆν
708 4153 831 4206 καθ’
862 4157 1151 4230 ὁμοιότητα
1177 4163 1278 4233 τῆς
1302 4167 1544 4238 κεφαλῆς
1575 4146 1681 4223 δείζ

105 4253 264 4288 κνυσι
323 4237 421 4308 τὴν
476 4243 633 4311 χεῖρα
683 4241 777 4295 τοῦ
825 4244 1116 4315 σώματος,
1151 4252 1242 4304 τὸν
1287 4256 1448 4323 σοφὸν
1485 4261 1680 4315 ἑαυτοῦ

102 4326 369 4398 δεσπότην
400 4328 490 4382 διὰ
531 4330 622 4382 τοῦ
661 4331 778 4402 βίου
816 4335 1167 4408 μιμούμενος.
1212 4343 1326 4396 Οὐκ
1349 4342 1418 4418 ἦν
1457 4350 1678 4424 τοιαύτη

104 4417 223 4487 χεὶρ
248 4419 307 4469 ἐν
329 4419 407 4492 τῷ
439 4420 546 4472 τῶν
567 4423 878 4478 ἀποστόλων
919 4427 1128 4498 σώματι
1159 4433 1188 4485 ό

103 4510 131 4560 ὁ
162 4512 397 4576 ἐλεεινός
427 4531 489 4566 τε
515 4517 608 4568 καὶ
641 4518 892 4584 δείλαιος,
926 4524 1125 4594 μᾶλλον
1161 4527 1218 4580 δὲ
1246 4530 1275 4581 6
1302 4538 1567 4606 στυγητὸς
1597 4510 1688 4594 καλ.

103 4604 475 4675 ἁποτρόπαιος
495 4646 510 4670 ,
543 4609 601 4672 ὃς
629 4612 941 4682 οἰκονομίαν
972 4617 1205 4687 πτωχῶν
1236 4630 1683 4698 πεπιστευμένος,

102 4693 198 4764 τὴν
228 4696 329 4765 τῆς
355 4697 785 4771 φιλοχρηματίας
811 4704 1018 4776 λέπραν
1052 4709 1152 4762 οὑκ
1186 4693 1518 4778 ἀπεξύσατοί
1543 4693 1681 4777 ἀλλά

101 4786 279 4853 φύλαξ
327 4787 402 4841 ὢν
439 4791 534 4844 τοῦ
587 4793 973 4868 γλωσσοκόμου
1018 4801 1106 4858 διὰ
1132 4806 1259 4870 τοὺς
1311 4809 1639 4880 κλέπτοντας
1665 4856 1680 4879 ,

101 4874 268 4938 αὐτὸς
298 4877 494 4935 ἑαυτοῦ
536 4879 776 4954 κλέπτης
799 4886 1035 4957 ἐγένετο,
1070 4891 1099 4944 ὃ
1132 4894 1190 4948 ὲν
1213 4899 1334 4962 ταῖς
1360 4905 1545 4972 χερσὶν
1569 4874 1680 4976 εἶχε

98 4965 187 5018 διὰ
216 4965 325 5018 τῶν
358 4969 500 5023 ἰδίων
538 4975 734 5045 χειρῶν
769 4977 1182 5054 ὑφαιρούμενος,
1208 4991 1300 5043 καί
1331 4994 1392 5045 οὐ
1428 4996 1559 5066 πρὸς
1584 5000 1680 5070 τὴν

101 5059 347 5128 ἐντολὴν,
388 5062 522 5116 ἁλλὰ
547 5067 683 5136 πρὸς
716 5068 786 5122 τὰ.
813 5075 1071 5142 χρήματα
1096 5076 1306 5146 βλέπων
1333 5101 1344 5114 ·
1379 5059 1512 5158 ὦνῆ
1544 5059 1679 5142 ἀπέ-

100 5147 297 5213 λαυσις
345 5154 561 5221 ἐγένετο
585 5172 602 5188 ·
632 5157 685 5210 τί
710 5175 725 5223 ;
767 5161 994 5234 Ἀγχὸνη
1022 5167 1300 5234 ἑκούσιος,
1346 5147 1676 5246 ζωῆςάλλο-

97 5235 324 5304 τρίωσις
344 5281 358 5302 ,
406 5243 731 5316 πανολεΘρία
759 5248 936 5321 ψυχῆς
955 5292 970 5316 ,
1023 5235 1369 5327 μνημόσυνον
1398 5235 1631 5338 πονηρὸν
1659 5310 1674 5334 ,

97 5329 265 5380 παντὶ
289 5331 369 5400 τῷ
407 5335 523 5402 μετ’
551 5335 713 5390 αὑτὸν
741 5341 920 5412 χρόνῳ
949 5349 1436 5422 συνεκτεινόμενον.
1469 5357 1676 5411 Οὐκοῦν

95 5425 359 5489 τορευτὰς
385 5422 522 5480 εἶναι
558 5430 663 5502 χρὴ
696 5435 787 5486 καὶ
831 5436 1154 5508 διαγλύφους
1191 5443 1294 5506 τὰς
1335 5449 1550 5516 χειῖρας,
1590 5452 1675 5505 ἵνα

97 5515 552 5582 περιαιρεθέντων
573 5520 680 5575 τῶν
711 5525 895 5579 κακῶν
924 5532 1376 5599 συμπεφυκότων,
1405 5536 1465 5587 τὸ
1491 5537 1675 5594 λειπό-

1803 509 2007 568 Paulus
2038 515 2372 586 loquitur”:
2412 520 2504 588 qui
2535 535 2595 574 se
2624 523 2680 574 in
2713 535 2880 576 carne
2909 536 3009 591 per
3038 524 3268 579 virtutes
3302 541 3367 579 ac

1805 602 2068 659 miracula
2087 607 2370 676 patefecit.
2396 609 2550 674 Quod
2581 611 2626 666 si
2653 627 2785 683 ergo
2805 621 2968 682 caput
2990 614 3094 670 hoc
3116 624 3372 670 nostrum

1805 695 2134 763 appellatum
2193 698 2295 754 fuit
2346 715 2540 756 aurum
2595 703 3038 774 immaculatum,
3084 714 3372 778 prdpterea

1803 787 1951 853 quod
1980 795 2134 842 extra
2177 805 2338 846 omne
2394 802 2675 863 peccatum
2716 796 2788 849 sit
2862 797 3368 867 (quemadmodum

1803 875 2005 932 dicitur
2029 896 2044 932 :
2079 879 2362 936 Peccatum
2385 884 2586 938 nullum
2611 888 2943 956 perpetravit,
2971 905 3134 960 neque
3161 891 3370 946 inventa

1801 968 1956 1035 fraus
1978 981 2056 1025 est
2077 971 2133 1026 in
2157 990 2243 1028 ore
2273 975 2437 1043 ipsius
2459 965 2849 1049 "Litidemque
2876 980 2965 1035 hic
2990 997 3187 1038 manus
3207 985 3368 1038 etiam

1805 1071 2070 1119 vocantur
2104 1081 2324 1124 aureae:
2372 1071 2629 1125 nimirum
2668 1084 2814 1144 patet
2863 1075 2968 1130 hoc
3005 1076 3125 1146 ipso
3165 1078 3370 1148 signili-

1802 1155 1956 1220 cari,
2013 1172 2209 1214 manus
2267 1160 2367 1216 bas
2417 1177 2645 1232 prorsus
2693 1179 2818 1220 esse
2874 1182 3078 1237 puras,
3117 1179 3370 1240 expertes

1801 1250 2032 1320 peccati,
2069 1252 2277 1308 alienas
2305 1254 2372 1307 ab
2402 1255 2549 1308 omni
2585 1255 2896 1314 vitiositate.
2936 1259 3152 1315 Manum
3184 1271 3367 1318 autem

1801 1340 2141 1408 appellamus
2177 1358 2319 1405 eam,
2353 1360 2474 1414 qua:
2528 1347 2594 1401 ad
2633 1363 2768 1403 usus
2799 1349 3062 1408 divinitus
3113 1357 3368 1423 praescri-

1800 1439 1923 1500 ptos
1977 1433 2196 1500 publica
2260 1434 2404 1490 bona
2461 1439 2721 1493 Ecclesia:
2773 1441 3161 1498 administrat:
3210 1447 3368 1515 cujus

1801 1519 1917 1577 haec
1966 1523 2187 1593 propria
2242 1525 2362 1582 laus
2396 1536 2522 1593 est,
2562 1538 2623 1584 ut
2659 1533 2856 1602 capitis
2911 1543 3122 1591 naturae
3173 1541 3368 1595 similis

1802 1611 1927 1678 fiat,
1962 1617 2176 1671 ratione
2226 1620 2484 1688 puritatis
2518 1631 2866 1692 peccatorum
2913 1630 3175 1698 expertis.
3213 1629 3368 1686 Tunc

1801 1716 1983 1764 autem
2015 1724 2210 1764 manus
2243 1711 2299 1764 fit
2333 1727 2469 1782 pura
2497 1753 2512 1778 ,
2563 1730 2690 1770 cum
2722 1719 2992 1774 tornando
3030 1728 3202 1776 totum
3235 1725 3369 1779 illud

1799 1801 2088 1866 abraserit,
2123 1804 2268 1873 quod
2294 1805 2575 1875 elegantia“:
2608 1807 2995 1880 impedimento
3025 1823 3128 1868 est.
3164 1815 3369 1882 Quem-

1799 1893 2089 1948 admodum
2128 1897 2271 1950 enim
2301 1895 2421 1960 illi,
2473 1900 2566 1969 qui
2617 1916 2857 1957 marmor
2889 1904 2956 1959 ad
2996 1904 3221 1976 figuram
3249 1911 3368 1964 ani—

1795 1985 1956 2039 malis
1995 1986 2231 2055 alicuius
2266 1987 2652 2055 conformant,
2701 2006 2766 2046 ea
2801 1997 3071 2050 tornando
3108 2000 3369 2068 scalpunt

1796 2083 1852 2129 et
1882 2075 2132 2131 incidunt
2154 2077 2320 2147 lapidi
2343 2118 2360 2144 ,
2390 2081 2592 2150 quibus
2624 2086 2913 2154 amputatis
2945 2089 3012 2142 ad
3059 2093 3364 2162 exemplum

1798 2166 2053 2237 princeps
2110 2170 2468 2226 simulacrum
2524 2173 2840 2245 effingitur:
2921 2180 3002 2235 sic
3080 2184 3243 2238 etiam
3309 2187 3364 2241 iu

1797 2260 2210 2329 pulchritudine
2259 2279 2521 2320 manuum
2573 2271 2823 2340 corporis
2881 2270 3143 2330 Ecclesiae
3196 2281 3365 2335 multa

1796 2368 1896 2423 per
1925 2355 2402 2413 ratiocinationum
2453 2360 2760 2419 deradenda
2809 2378 2938 2423 sunt
2978 2373 3362 2436 tornationcm,

1797 2451 1860 2501 ut
1885 2461 2081 2502 manus
2111 2465 2238 2504 vere
2267 2465 2434 2507 aurea
2464 2453 2556 2508 fiat
2590 2463 2646 2510 et
2677 2472 2830 2526 pura.
2864 2458 3050 2531 Neque
3083 2479 3212 2519 vero
3243 2468 3364 2520 cui-

1797 2554 1959 2608 quam
1995 2540 2232 2596 obscura
2279 2559 2402 2600 esse
2456 2557 2725 2616 possunt,
2763 2567 2885 2621 quae
2931 2568 3042 2608 non
3079 2565 3364 2627 amputata

1794 2643 1990 2684 manus
2035 2631 2427 2700 pulchritudini
2481 2635 2750 2704 ofﬁciant,
2786 2643 2936 2699 verbi
2986 2647 3198 2715 gratia,
3244 2658 3363 2704 stu-

1794 2718 1942 2773 dium
1979 2722 2226 2790 placendi
2251 2725 2584 2793 hominibus,
2614 2731 2866 2798 avaritia,
2894 2736 3144 2804 ambitio,
3183 2741 3359 2796 solum

1793 2809 1862 2864 ad
1896 2826 1960 2866 ea
1991 2815 2269 2883 respicere
2295 2832 2417 2887 quae
2449 2817 2553 2873 sub
2585 2823 2777 2880 oculos
2826 2826 3064 2894 cadunt,
3106 2829 3363 2900 splendo-

1794 2916 1908 2956 rem
1938 2904 2043 2959 sibi
2078 2921 2144 2960 ex
2181 2909 2344 2965 rebus
2375 2915 2737 2981 praesentibus
2761 2921 3101 2988 cemparare,
3134 2921 3362 2978 ad-deli-

1793 2993 1908 3050 cias
1942 3004 1996 3050 et
2025 2999 2356 3070 voluptatem
2382 3007 2658 3076 propriam
2712 3007 2865 3063 abuti
2897 3011 3129 3067 collecto
3166 3030 3231 3069 ex
3266 3014 3360 3072 Dei

1716 3106 1761 3166 α
1796 3089 2051 3144 mandato
2081 3106 2260 3160 penu:
2301 3096 2500 3164 quibus
2549 3100 2770 3169 quidem
2808 3103 3083 3161 universis
3134 3115 3189 3162 et
3241 3109 3362 3178 ejus

1795 3181 2011 3249 generis
2039 3183 2161 3240 aliis
2185 3201 2282 3255 per
2305 3188 2674 3247 instrumenta
2701 3195 3092 3266 cogitationum
3122 3200 3359 3269 abrasis,
3410 3223 3413 3226 ·

1794 3272 1970 3328 solum
2001 3276 2296 3334 voluntatis
2330 3295 2526 3350 purum
2565 3283 2699 3338 illud
2741 3301 2806 3341 ac
2843 3288 3070 3345 minime
3097 3291 3362 3348 adulteri—

1793 3378 1922 3418 num
1963 3381 2156 3422 aurum
2209 3371 2625 3442 relinquendum
2655 3385 2738 3433 est
2763 3419 2780 3444 ,
2831 3382 2977 3450 quod
3011 3382 3360 3439 immaculato

1793 3456 1954 3524 capiti
1986 3467 2070 3511 est
2101 3461 2294 3516 simile.
2339 3463 2404 3516 Et
2442 3463 2609 3521 fuerit
2656 3467 2891 3526 fortasse
2929 3474 3078 3542 quod
3119 3473 3360 3531 dicimus

1793 3541 1966 3609 magis
2014 3547 2391 3616 perspicuum,
2427 3553 2474 3606 si
2525 3569 2622 3624 per
2675 3559 2898 3612 verbum
2938 3541 3071 3616 illud
3109 3565 3358 3634 Apostcli

1791 3631 2132 3690 declaretur:
2175 3639 2268 3708 qui
2317 3654 2668 3714 posteaquam
2711 3648 2877 3703 Deum
2915 3653 3125 3708 fidelem
3161 3631 3358 3728 appelo

1791 3721 1918 3776 lavit
1947 3764 1960 3785 ,
1999 3726 2130 3780 nihil
2185 3730 2326 3784 aliud
2360 3734 2523 3788 etiam
2557 3737 2612 3791 in
2666 3741 2744 3794 rei
2795 3741 3076 3801 familiaris
3121 3746 3359 3802 admini-

1791 3818 2117 3874 stratoribus
2147 3823 2399 3890 requirit,
2436 3841 2597 3895 quam
2641 3833 2717 3882 uti
2765 3835 2881 3902 quis
2916 3836 3092 3903 ﬁdelis
3122 3843 3355 3907 reperia-

1792 3915 1876 3958 tur
1898 3908 1962 3961 "'.
2002 3909 2090 3962 Sic
2116 3913 2260 3965 enim
2289 3914 2355 3968 ad
2383 3919 2608 3972 verbum
2647 3925 2883 3992 scripsit.
2923 3925 3214 3998 Reliquum
3249 3943 3352 3998 est,

1790 3997 1932 4066 quod
1956 3999 2008 4053 in
2041 4001 2574 4065 administratoribus
2607 4015 2684 4067 rei
2717 4014 3003 4075 familiaris
3031 4025 3350 4091 requiritur,

1791 4102 1849 4140 ut
1884 4090 2009 4160 quis
2044 4094 2298 4150 nimirum
2332 4097 2506 4157 fidelis
2536 4109 2854 4174 reperiatur.
2892 4110 3077 4182 Itaque
3105 4090 3274 4172 fidelis
3300 4128 3352 4172 et

1788 4178 2028 4245 prudens
2063 4180 2472 4241 administrator
2507 4191 2552 4222 ³⁸
2584 4195 2660 4246 rei
2705 4178 3008 4266 familiaris,
3037 4203 3130 4272 qui
3163 4204 3354 4259 Eccle-

1789 4270 1884 4322 siae
1919 4285 2111 4328 manus
2148 4283 2232 4329 est
2263 4279 2401 4340 loco,
2435 4285 2733 4352 sapientem
2773 4289 3054 4347 dominum
3090 4311 3251 4351 suum
3297 4301 3350 4354 iu

1787 4361 1896 4412 vita
1937 4363 2222 4429 imitando,
2277 4385 2493 4425 manum
2531 4381 2776 4446 corporis
2821 4385 2887 4436 ad
2934 4385 3352 4447 similitudinem

1222 4434 1418 4501 Ἰούδας
1452 4443 1676 4514 ἐκεῖνος,

1793 4452 1982 4520 capitis
2027 4469 2246 4510 auream
2290 4460 2485 4516 reddit.
2541 4465 2655 4521 Non
2698 4480 2814 4524 erat
2860 4475 3124 4543 ejusmodi
3157 4497 3349 4538 manus

1785 4542 1838 4595 in
1871 4547 2236 4612 apostolorum
2296 4569 2522 4623 corpore
2569 4559 2738 4616 Judas
2787 4564 2875 4619 ille
2909 4568 3257 4628 miserandus
3287 4592 3350 4629 ac

1785 4628 1948 4682 miser
1970 4670 1984 4693 ,
2018 4635 2098 4686 vel
2133 4639 2315 4703 potius
2351 4643 2476 4696 odio
2509 4645 2705 4716 dignus
2739 4659 2794 4703 et
2831 4659 3181 4715 exsecrabilis
3209 4705 3222 4726 ,
3259 4667 3348 4718 cui

1783 4732 1905 4771 cum
1936 4737 2069 4776 cura
2114 4737 2258 4780 esset
2297 4735 2589 4791 commissa
2628 4755 2963 4809 pauperum,
3003 4752 3244 4807 avaritiae
3276 4757 3352 4810 le-

1782 4823 1934 4876 pram
1969 4829 2076 4867 non
2117 4819 2322 4874 abrasit
2345 4861 2358 4882 ,
2397 4826 2488 4879 scd
2522 4839 2746 4899 propter
2782 4833 2928 4892 fures
2967 4845 3230 4913 marsupii
3257 4863 3352 4901 cu-

1786 4908 1930 4964 stos,
1970 4904 2085 4972 ipse
2137 4911 2221 4962 sui
2269 4912 2440 4981 ipsius
2479 4918 2566 4970 fur
2605 4919 2782 4978 factus
2814 4935 2916 4991 est,
2959 4929 3087 4984 dum
3116 4937 3259 5002 quod
3293 4940 3348 4992 in

1783 4994 2034 5050 manibus
2072 5000 2188 5054 suis
2222 5001 2494 5071 habebat,
2525 5014 2764 5080 propriis
2798 5019 3051 5076 manibus
3086 4994 3345 5096 cleperct,

1781 5098 1889 5137 non
1930 5086 1994 5139 ad
2025 5086 2116 5142 Dei
2155 5094 2468 5150 mandatum
2490 5139 2506 5165 ,
2543 5101 2636 5154 sed
2695 5108 2956 5172 pecunias
2984 5109 3133 5179 ipsas
3167 5086 3345 5186 respi-

1781 5177 1964 5232 ciens:
1991 5195 2055 5234 ex
2081 5183 2282 5251 quibus
2301 5187 2496 5243 deinde
2526 5189 2761 5248 fructum
2794 5198 2961 5254 alium
2990 5203 3198 5258 nullum
3223 5223 3344 5277 per-

1778 5272 1941 5340 cepit,
1975 5275 2078 5344 nisi
2112 5279 2595 5348 strangulationem
2622 5324 2638 5348 ,
2671 5273 3025 5356 spontaneam
3058 5295 3342 5367 abruptio-

1780 5379 1900 5418 uem
1928 5365 2049 5420 vita:
2069 5408 2082 5432 ,
2115 5377 2323 5422 certum
2355 5373 2553 5428 anima:
2576 5375 2854 5434 interitum
2879 5421 2894 5445 ,
2933 5399 3342 5445 monumentum

1778 5453 2124 5520 sceleratum,
2154 5459 2296 5528 quod
2332 5461 2548 5531 quidem
2578 5476 2838 5523 aeternum
2869 5472 3110 5530 durabit.
3136 5477 3342 5544 Quam-

1777 5545 1962 5599 obrem
1995 5561 2189 5604 manus
2221 5565 2343 5607 esse
2376 5553 2517 5608 belle
2550 5563 2794 5617 tornatas
2824 5576 2887 5616 ac
2915 5565 3156 5637 sculptas
3179 5585 3341 5638 opor-

168 5689 219 5725 ³⁸
249 5693 269 5744 l
305 5692 434 5748 Cor.
469 5710 520 5761 ν,
558 5697 640 5752 l9.
719 5703 764 5735 "
803 5705 904 5761 lsa.
942 5723 1058 5777 Llll,
1097 5712 1163 5780 9;
1199 5712 1389 5772 lPetr.
1434 5735 1493 5786 ιι,
1518 5721 1606 5777 22.
1685 5724 1689 5751 τ

1793 5723 1914 5782 Cor.
1947 5745 2021 5793 tv,
2040 5731 2094 5788 ἓ.
2173 5734 2216 5765 ’⁸
2240 5733 2430 5796 Matth.
2449 5756 2595 5804 xxw,
2621 5743 2709 5797 45.
