3850 6224
489 367 621 422 {07!

1722 358 1777 412 S.
1803 355 2130 412 GREGORII
2161 353 2454 410 NYSSENI

3602 342 3735 398 1072

489 487 599 542 tet,
634 485 692 531 ut
726 475 1021 545 amputatis
1064 473 1131 527 iis
1181 486 1300 540 qua:
1342 469 1477 522 male
1515 469 1825 528 adhaerent,
1865 481 2057 518 aurum

2175 505 2323 555 αενον
2364 484 2560 557 χρυσὸς
2599 479 2668 556 ᾗ,
2715 481 2793 553 τῷ
2830 483 2927 553 τῆς
2969 482 3211 552 κεφαλῆς
3264 480 3450 535 κάλλει
3499 481 3649 532 κατὰ
3679 481 3735 533 ιδ

491 567 764 638 supersit:
797 564 942 635 quod
973 561 1153 632 specie
1184 577 1280 614 sua
1310 559 1504 629 capitis
1541 555 1938 626 pulchritudini
1966 570 2058 608 re-

491 659 775 729 spondeat.

561 751 828 804 Cancrum
861 762 964 799 vox
997 742 1226 797 'l'harsis
1269 740 1433 795 habet
1479 756 1545 792 ex
1580 751 1856 792 sacrarum
1893 734 2062 791 Litte-

493 857 674 896 rarum
729 837 1123 894 consuetudine
1174 833 1477 904 signiﬁcata
1512 831 1830 900 complura;
1887 844 2063 898 neque

493 947 708 1001 semper
765 931 904 984 idem
951 927 1086 982 velle
1138 923 1585 996 deprehenditur.
1639 921 1773 976 Nam
1813 937 2061 990 sazpenu-

491 1038 644 1079 mero
697 1021 764 1075 ad
822 1018 1080 1090 quiddam
1143 1015 1543 1086 vituperabile,
1591 1027 1962 1082 sarpenumero
1995 1011 2063 1065 ad

495 1113 736 1168 divinum
765 1118 818 1165 et
841 1112 1058 1164 beatum
1085 1104 1342 1177 quiddam
1373 1104 1491 1174 ejus
1525 1102 1852 1174 signiﬁcatio
1884 1109 2064 1156 trans—

499 1202 684 1258 l3rtur.
720 1199 961 1269 Exempli
995 1198 1189 1268 gratia,
1218 1209 1326 1265 quo
1354 1202 1598 1262 tempore
1639 1190 1808 1246 Jonas
1847 1199 1998 1245 vates
2031 1206 2061 1244 a

495 1295 587 1346 Dei
628 1300 924 1362 conspectu
959 1289 1237 1360 fugiebat,
1279 1287 1460 1341 navim
1488 1293 1710 1340 euntem
1747 1285 1798 1338 in
1835 1283 2063 1339 Tharsis

493 1387 684 1457 quan-it
709 1385 776 1434 ".
816 1382 875 1435 Et
916 1397 1146 1452 magnus
1181 1380 1270 1434 ille
1301 1377 1468 1433 David
1502 1379 1600 1442 ait,
1636 1376 1850 1447 navigia
1890 1374 2065 1428 Thar-

492 1478 570 1532 sis
601 1491 629 1529 a
659 1475 854 1545 spiritu
885 1474 1186 1528 vehementi
1215 1471 1421 1527 conteri
1453 1470 1522 1526 ³ο.
1555 1468 1764 1536 Quibus
1796 1468 1849 1522 in
1880 1466 2064 1523 verbis

493 1567 746 1636 spiritum
774 1565 1170 1626 vehementem,
1204 1569 1264 1616 ut
1293 1561 1548 1631 equidem
1583 1559 1844 1624 arbitror,
1876 1557 2064 1628 appel-

492 1659 568 1712 lat
594 1673 715 1712 eum
769 1657 861 1727 qui
893 1655 1180 1726 discipulis
1218 1653 1271 1708 in
1306 1653 1596 1708 cmnaculo
1625 1652 1869 1706 collectis
1901 1663 2065 1720 appa-

497 1751 604 1804 ruit
627 1789 640 1808 .
678 1764 740 1802 ac
776 1749 953 1819 primo
986 1746 1206 1817 quidem
1244 1747 1433 1800 auditu
1468 1754 1553 1800 est
1585 1744 1870 1815 cognitus,
1906 1740 2062 1811 quasi

499 1857 664 1895 ruens
706 1840 864 1894 ﬁatus
911 1839 1217 1901 violentus;
1261 1837 1458 1892 deinde
1503 1851 1634 1892 vero
1678 1835 1841 1890 etiam
1891 1833 2066 1888 oculis

501 1932 805 2002 patefactus
832 1938 953 1992 est,
1006 1931 1311 2000 linguarum
1360 1928 1413 1982 in
1454 1927 1680 1997 ﬁguratn
1725 1924 1970 1988 edictus,
2004 1939 2068 1979 ac

498 2024 800 2094 splendenti
827 2024 965 2093 ignis
995 2033 1198 2076 naturae
1216 2021 1410 2076 similis
1439 2019 1694 2076 factus".
1717 2019 1792 2072 Ac
1812 2034 1907 2089 per
1921 2018 2068 2074 hunc

496 2117 714 2186 quidem
740 2113 922 2168 ﬁatum
954 2113 1330 2185 multipliciter
1355 2114 1592 2166 humana
1620 2111 1671 2165 in
1697 2120 1892 2164 natura
1923 2111 2068 2165 velut

498 2211 750 2265 innatans
781 2206 1052 2261 vitiositas
1084 2205 1386 2260 conteritur
1410 2243 1425 2267 ,
1456 2218 1620 2274 quam
1670 2203 1760 2258 hic
1800 2201 2068 2271 PrOpheta

498 2318 664 2357 naves
699 2298 928 2355 Tharsis
982 2297 1293 2368 appellavit.
1353 2296 1532 2366 Atque
1591 2295 1706 2350 haec
1762 2295 2069 2366 signiﬁcata

497 2399 623 2446 sunt
647 2390 796 2444 vocis
828 2388 991 2457 hujus
1015 2429 1030 2453 ,
1055 2401 1162 2457 qua
1196 2388 1434 2457 pejorem
1467 2387 1521 2440 in
1562 2394 1772 2456 partem
1813 2386 2066 2440 sumitur.

497 2481 566 2533 At
593 2495 819 2550 magnus
847 2480 937 2534 ille
968 2477 1217 2532 Ezechiel
1251 2475 1520 2532 visionem
1550 2477 1745 2530 oblata:
1774 2473 2070 2545 aliquando

499 2573 601 2627 sibi
633 2569 1018 2642 patefactionis
1048 2569 1246 2624 divina:
1269 2567 1610 2630 describens,
1633 2568 1868 2638 speciem
1905 2569 2070 2623 unius

497 2681 564 2721 ex
595 2665 798 2719 divinis
843 2663 952 2718 illis
993 2661 1224 2732 spectris
1271 2660 1374 2715 hac
1427 2675 1560 2716 voce
1609 2659 1902 2729 exprimit,
1943 2675 2068 2713 cum

499 2759 607 2813 ait:
652 2757 718 2812 Et
743 2756 934 2825 species
966 2755 1078 2824 ejus
1107 2793 1121 2816 ,
1153 2753 1306 2823 quasi
1344 2753 1536 2821 species
1588 2752 1807 2806 Tharria
1835 2751 1900 2804 ³⁹.
1935 2751 2070 2804 Tra-

499 2851 638 2904 dunt
668 2858 846 2903 autem
880 2848 990 2912 illi,
1027 2847 1124 2916 qui
1155 2855 1411 2900 accurate
1446 2861 1639 2899 vocum
1674 2844 2069 2900 chraicarum

2162 574 2297 641 εἶδος
2328 594 2389 629 συ
2398 577 2657 647 μϐαίνων.

2241 753 2306 806 Ἦ
2337 752 2395 806 δέ
2430 751 2522 805 τοῦ
2569 751 2800 823 Θαρσεῖς
2841 749 2983 814 λέξις
3023 747 3333 818 πολύσημός
3379 749 3533 799 ἐστιν
3573 747 3633 798 ἐν
3678 748 3737 815 τῇ

2161 847 2404 915 γραφικῇ
2437 843 2692 914 συνηθείᾳ
2709 883 2723 904 ,
2758 841 2900 895 κατά
2927 840 3026 911 τῆς
3053 839 3220 910 αὐτῆς
3244 838 3484 899 διανοίας
3509 837 3579 889 ού
3613 837 3738 888 πάν-

2161 954 2282 990 τοτε
2311 934 2692 1006 εύρισκομένηο
2725 934 2859 987 ἀλλὰ
2888 931 3143 994 πολλάκις
3168 931 3265 1000 μὲν
3290 929 3427 1000 πρὸς
3455 929 3520 980 τὸ
3548 943 3742 991 κατεγ.

2164 1026 2459 1097 νωσμένον,
2494 1024 2758 1088 πολλάκις
2787 1023 2843 1077 δὲ
2883 1022 3019 1094 πρὸς
3059 1021 3119 1073 τὸ
3148 1019 3289 1073 θεῖόν
3319 1035 3375 1070 τε
3424 1018 3523 1070 καὶ
3572 1017 3743 1086 μακά-

2168 1133 2280 1188 ριον
2321 1118 2354 1187 ἠ
2399 1115 2649 1186 σημασία
2689 1111 3181 1184 μεταλαμϐάνεται.
3223 1109 3352 1161 Ὅτε
3394 1105 3598 1175 φεύγει
3643 1105 3742 1156 ἀπὸ

2165 1204 2457 1276 προσώπου
2486 1205 2578 1257 τοῦ
2604 1203 2739 1257 Θεοῦ
2777 1203 2960 1265 Ἰωνᾶς
2990 1201 3019 1252 ὁ
3044 1199 3348 1270 προφήτης,
3372 1195 3532 1266 ζητεῖ
3566 1194 3742 1245 πλοῖον

2163 1296 2255 1348 ἐπὶ
2283 1297 2512 1366 Θαρσεῖς
2542 1293 2920 1364 πορευόμενον.
2953 1291 3065 1343 Καὶ
3100 1292 3129 1343 ὁ
3159 1289 3331 1358 μέγας
3370 1287 3539 1339 Δαϐὶδ
3568 1285 3740 1337 πλοῖον

2163 1389 2396 1460 Θαρσεῖς
2443 1387 2602 1457 βιαίῳ
2633 1385 2902 1456 πνεύματι
2947 1383 3094 1452 λέγει
3127 1378 3533 1451 συντρίϐεσθαι.
3568 1377 3740 1430 Βίαιον

2165 1478 2383 1549 πνεῦμα
2414 1478 2472 1532 δέ
2487 1478 2640 1548 οἶμαι
2667 1475 2940 1545 λέγεσθαι,
2967 1474 3028 1526 τὸ
3046 1475 3157 1536 τοῖς
3180 1470 3452 1542 μαθηταῖς
3484 1467 3738 1535 ἐπιφανὲν

2163 1575 2276 1635 τοῖς
2310 1573 2368 1624 ἐν
2397 1570 2474 1642 τῷ
2519 1569 2752 1642 ὑπερώῳ
2782 1565 3234 1636 συνειλεγμένοις,
3269 1563 3299 1614 ὃ
3342 1561 3620 1632 πρότερον
3652 1559 3736 1627 μὲν

2163 1663 2230 1716 δι’
2249 1663 2417 1733 ἀκοῆς
2435 1657 3007 1734 προεγνώσθη,ῶσπερ
3028 1652 3330 1725 φερομένης
3347 1653 3525 1735 πνοῆς
3546 1649 3736 1719 βιαίας,

2169 1755 2306 1826 μετά
2343 1754 2516 1809 ταῦτα
2558 1755 2615 1808 δέ
2656 1755 2750 1808 καὶ⁹
2781 1754 2892 1813 τοῖς
2921 1749 3218 1819 ὀφθαλμοῖς
3266 1744 3598 1817 ἐφανερώθη
3621 1785 3636 1806 ,
3669 1746 3738 1804 εἰς

2167 1845 2426 1914 γλωσσῶν
2471 1844 2657 1915 σχῆμα
2710 1840 3080 1911 τυπούμενον,
3124 1839 3218 1891 καὶ
3283 1839 3350 1906 τῇ
3396 1835 3736 1904 ἐκλαμπτικῇ

2169 1937 2328 2008 φύσει
2360 1935 2453 1990 τοῦ
2488 1935 2659 2007 πυρὸς
2699 1931 3074 2004 ὁμοιούμενον,
3106 1929 3173 1982 δι’
3213 1919 3273 1980 οὗ
3320 1925 3667 1996 συντρίϐεται
3707 1927 3736 1991 ἡ

2169 2027 2500 2099 πολυσχιδῶς
2549 2023 2953 2089 ἐπιπολάζουσα
2982 2023 3049 2091 τῇ
3088 2017 3406 2106 ἀνθρωπίνῃ
3444 2016 3608 2085 φύσει
3643 2032 3736 2067 κα-

2168 2124 2278 2188 κία,
2313 2123 2379 2193 ἢν
2421 2122 2580 2174 πλοῖα
2617 2118 2848 2190 Θαρσεῖς
2873 2116 2902 2168 ὁ
2933 2115 3222 2185 Προφήτης
3260 2110 3535 2193 ὠνόμασε.
3565 2107 3738 2162 Ταῦτα

2171 2214 2270 2285 μὲν
2303 2208 2395 2266 οὖν
2428 2213 2546 2285 ἐστι
2579 2210 2646 2264 δι’
2682 2203 2757 2262 ὧν
2786 2206 2864 2278 τῷ
2893 2205 3118 2274 ὀνόματι
3155 2190 3329 2271 τούτῴ
3359 2201 3427 2253 τὰ
3458 2201 3628 2270 χείρω
3653 2217 3738 2266 ση-

2172 2303 2438 2375 μαίνεται.
2483 2302 2542 2355 Ὀ
2563 2301 2619 2355 δὲ
2649 2301 2821 2370 μέγας
2855 2295 3111 2366 Ἰεζεκιὴλ
3141 2296 3219 2357 εἰς
3240 2291 3566 2363 ὑπογραφὴν
3601 2293 3740 2358 ἄγων

2167 2397 2267 2466 τῆς
2303 2393 2600 2465 γενομένης
2643 2391 2793 2461 αύτῷ
2829 2387 3142 2458 θεοφανείας
3173 2387 3271 2456 τὴν
3311 2384 3602 2444 ὀπτασίαν,
3632 2384 3740 2442 se;

2169 2491 2278 2545 τῶν
2303 2490 2462 2544 θείων
2506 2489 2793 2560 θεαμάτων
2823 2487 2882 2540 τὸ
2909 2482 3051 2548 εἶδος
3085 2486 3150 2554 τῇ
3180 2482 3323 2546 λέξει
3358 2480 3536 2533 ταῦτα
3569 2478 3741 2544 διαση-

2173 2582 2350 2652 μαίνει
2382 2581 2580 2649 λέγων⁶
2593 2579 2701 2637 Καὶ
2731 2578 2795 2632 τὸ
2810 2573 2968 2643 εἶδος
2982 2574 3170 2630 αὐτοῦ
3189 2575 3267 2640 ὠς
3281 2573 3442 2638 εἶδος
3475 2571 3741 2640 Θαρσεῖς.

2171 2672 2309 2725 Φασὶ
2350 2670 2407 2723 δέ
2437 2671 2486 2723 οἱ
2515 2669 2582 2722 δι’
2627 2667 2926 2744 ἀκριϐείας,
2943 2665 3050 2718 τῶν
3095 2663 3397 2734 Ἑϐραϊκῶν
3425 2662 3627 2725 λέξεων
3651 2662 3742 2720 τὰς

2170 2763 2436 2833 ἐμφάσεις
2457 2759 2874 2833 ἐπεσκεμμένοι,
2903 2757 2964 2809 τὸ
2987 2753 3402 2827 ἀχρωμάτιστὼ
3425 2770 3488 2806 τε
3517 2754 3609 2805 καὶ
3629 2767 3716 2818 νοη

2169 2829 2269 2907 τδν
2299 2853 2392 2906 καὶ
2415 2829 2703 2922 ἀσώματον
2732 2850 2818 2904 διὰ
2846 2853 2942 2920 τῆς
2962 2849 3157 2916 λέξεως
3181 2847 3388 2918 ταύτης
3430 2847 3491 2898 ἐν
3518 2847 3585 2914 τῇ
3615 2860 3737 2912 προ-

500 2945 606 2996 vim
645 2949 984 3012 perspectam
1021 2938 1264 2999 habent,
1305 2937 1360 2990 in
1424 2937 1526 2991 hac
1576 2937 1723 2991 illius
1772 2937 2068 3006 prophetiae

2175 2944 2370 3015 φητείᾳ
2392 2941 2776 3014 σημαίνεσθαι.
2816 2941 3017 3008 Ἀπλῆς
3044 2940 3224 2992 τοίνυν
3251 2935 3419 3007 οὔσης
3439 2940 3498 2990 ἐν
3521 2939 3590 3005 τῇ
3613 2934 3740 2996 λέξει

504 3047 657 3105 parte
687 3049 781 3104 per
809 3032 1132 3086 vocabulum
1161 3031 1264 3085 hoc
1305 3028 1604 3100 signiﬁcari
1640 3029 1898 3097 quiddam
1926 3029 2068 3099 quod

2175 3038 2268 3107 τῆς
2302 3035 2594 3106 σημασίας,
2645 3033 2829 3104 ἐπειδὴ
2869 3031 3131 3103 πρόδηλόν
3171 3033 3339 3093 ἐστιν,
3377 3030 3466 3083 ὅτι
3522 3030 3656 3100 πρὸς
3690 3028 3742 3078 τὸ

499 3124 746 3176 colorum
800 3129 853 3177 et
901 3120 1148 3191 corporis
1183 3121 1252 3174 sit
1281 3134 1495 3190 expers,
1530 3134 1594 3174 ac
1633 3121 1832 3174 mentis
1872 3119 2068 3174 intelli-

2176 3129 2424 3198 κρεῖττον
2453 3125 2547 3182 νῦν
2569 3125 2890 3197 παρελήφθη
2919 3125 2979 3177 τὸ
3001 3123 3198 3194 ταύτης
3217 3123 3316 3192 τῆς
3339 3121 3525 3191 φωνῆς
3554 3137 3742 3191 σημαι-

501 3216 680 3286 gentia
712 3222 924 3268 tantum
983 3213 1333 3284 percipiatur.
1375 3212 1509 3267 Cum
1555 3227 1687 3284 ergo
1743 3212 1941 3282 duplex
2000 3213 2072 3266 sit

499 3306 653 3361 vocis
688 3305 852 3374 hujus
884 3305 1270 3375 signiﬁcatum,
1296 3313 1348 3358 ct
1377 3318 1504 3358 vero
1533 3304 1708 3359 cuivis
1736 3311 1940 3373 pateat,
1964 3319 2072 3358 me-

501 3399 691 3452 liorem
729 3397 784 3450 in
825 3404 1026 3466 partem
1068 3396 1154 3449 hic
1204 3409 1323 3450 eam
1354 3395 1527 3465 accipi
1562 3394 1703 3465 (non
1734 3395 1879 3450 enim
1911 3411 2073 3450 usur-

503 3490 618 3560 pari
647 3497 856 3558 poterat
888 3491 942 3542 in
973 3487 1247 3552 encomio,
1272 3498 1547 3557 quatenus
1585 3503 1697 3543 rem
1735 3489 2071 3558 vituperabi-

504 3583 607 3635 leut
639 3583 834 3650 notat),
858 3579 993 3634 ordo
1024 3581 1262 3649 postulat
1294 3587 1351 3633 ut
1381 3579 1482 3633 hoc
1506 3579 1618 3648 jam
1659 3579 2072 3636 consideremus

506 3676 558 3727 in
593 3673 847 3728 manibus
891 3687 1012 3742 qua:
1045 3671 1331 3724 laudantur
1371 3688 1382 3724 :
1413 3669 1670 3724 nimirum
1711 3670 1856 3740 quod
1881 3677 2075 3740 sponte

505 3780 602 3820 sua
654 3765 810 3834 quasi
855 3763 1124 3818 tornando
1161 3763 1377 3818 detritis
1409 3762 1696 3825 omnibus,
1735 3777 2074 3831 quzecunque

505 3871 911 3926 supervacanea
945 3862 999 3909 et
1032 3868 1293 3924 corporea
1327 3854 1380 3907 in
1408 3852 1489 3908 eis
1523 3861 1716 3918 erant,
1753 3853 1820 3908 ad
1869 3859 2074 3908 sortem

505 3948 744 4003 divinam
767 3962 830 4001 ac
859 3954 1037 4002 mente
1072 3953 1281 3999 tantum
1307 3943 1850 4014 comprehensibilem
1887 3952 2073 3998 trans-

508 4049 673 4099 eant:
709 4039 858 4092 omni
895 4052 1082 4092 crassa
1144 4046 1194 4090 et
1227 4037 1375 4105 gravi
1421 4052 1550 4106 erga
1600 4051 1690 4090 res
1735 4036 1858 4090 vitae
1911 4034 2075 4104 hujus

509 4129 793 4185 all‘ectione
838 4143 1089 4184 excussa.
1125 4126 1298 4193 Quale
1341 4127 1600 4196 quiddam
1639 4125 1876 4196 lapidum
1931 4124 2076 4181 scul-

511 4233 693 4292 ptorcs
741 4222 795 4275 in
862 4233 1041 4274 massa
1097 4216 1443 4288 smaragdina
1489 4216 1701 4271 edicere
1755 4215 2073 4286 praedicant.

512 4311 720 4366 Etenim
746 4325 812 4366 eo
837 4351 851 4372 ,
902 4308 1048 4378 quod
1075 4308 1315 4363 lucidum
1371 4322 1476 4360 non
1509 4317 1587 4362 est
1610 4348 1626 4372 ,
1660 4308 1755 4361 sed
1793 4313 2074 4369 terrestre,

512 4414 608 4470 per
655 4407 831 4453 cotem
880 4399 1170 4467 absumpto
1206 4405 1258 4451 et
1295 4397 1494 4450 detrito
1518 4437 1534 4463 ,
1568 4397 1741 4450 solum
1777 4398 1880 4450 hoc
1911 4398 2079 4452 relin-

2176 3219 2400 3288 νόμενον
2419 3234 2433 3248 ·
2465 3217 2526 3270 ού
2554 3217 2662 3287 γὰρ
2687 3217 2752 3270 ἄν
2780 3234 2862 3278 τις
2894 3218 3110 3268 ἔπαινον
3148 3213 3488 3284 ἐλαμϐάνετο
3516 3213 3578 3264 τὸ
3601 3212 3745 3263 ὑπαί·

2175 3325 2320 3361 τιον·
2357 3307 2644 3361 ἀκόλουθον
2677 3306 2741 3359 ἂν
2780 3305 2866 3375 εῐη
2903 3306 3061 3359 τοῦτο
3095 3303 3224 3376 περὶ
3256 3303 3366 3356 τῶν
3407 3302 3744 3371 ἐγκωμιαζο-

2181 3397 2356 3467 μένων
2405 3397 2654 3468 ἐννοῆσαι
2703 3394 2936 3466 χειρῶνο
2977 3397 3060 3448 ὃτι
3114 3393 3358 3464 ἀκριϐῶς
3402 3392 3500 3459 ἀφ’
3549 3392 3746 3445 ἑαυτῶν

2180 3490 2288 3542 πᾶν
2333 3488 2393 3541 τὸ
2438 3489 2687 3559 περιττόν
2717 3504 2776 3539 τε
2815 3487 2908 3540 καὶ
2950 3485 3277 3556 σωματῶδες
3315 3485 3746 3556 ἀποτορεύσασαι

2182 3579 2316 3650 πρὸς
2343 3578 2404 3631 τὸ
2431 3578 2572 3631 θεῖόν
2600 3594 2660 3629 τε
2689 3577 2780 3629 καὶ
2799 3577 2987 3647 νοητὸν
3017 3574 3418 3646 μεταϐαίνουσι,
3453 3575 3555 3645 τὴν
3584 3575 3746 3643 ὑλώδη

2181 3670 2358 3722 πᾶσαν
2384 3669 2476 3722 καὶ
2503 3667 2726 3739 βαρεῖαν
2756 3668 2885 3738 περὶ
2914 3667 2981 3720 τὰ
3007 3665 3306 3736 πράγματα
3336 3664 3526 3735 σχέσιν
3554 3666 3749 3718 sic-ma-

2181 3763 2408 3834 ξάμεναι
2429 3783 2440 3794 ·
2479 3758 2590 3816 οἷόν
2622 3762 2674 3815 τί
2707 3778 2837 3830 φασι
2861 3761 2955 3814 καὶ
2981 3761 3072 3812 ἐπὶ
3098 3760 3198 3829 τῆς
3235 3759 3623 3830 σμαραγδίνης
3657 3757 3751 3827 βὼ-

2181 3854 2273 3907 λου
2302 3855 2427 3918 τοὺς
2465 3853 2820 3924 λιθογλύφους
2861 3852 3203 3923 ἐργάζεσθαι.
3250 3851 3325 3906 Τὸ
3369 3851 3482 3922 γὰρ
3522 3851 3750 3919 ἀφεγγὲς

2182 3947 2275 4000 καὶ
2308 3946 2508 4015 γεῶδες
2548 3945 2637 3999 διὰ
2671 3946 2773 4015 τῆς
2810 3945 3013 4014 ἀκόνης
3063 3943 3538 4014 ἐκδαπανήσαντές
3572 3960 3632 3994 τε
3671 3940 3752 3994 καὶ

2182 4039 2548 4109 ἀποψέξαντες
2573 4078 2586 4103 ,
2617 4037 2793 4091 ἐκεῖνο
2828 4038 2988 4108 μόνον
3017 4036 3439 4090 καταλείπουσιν
3481 4036 3752 4102 ἀδαπάνη-

2182 4147 2290 4194 τον,
2315 4123 2359 4196 ᾧ
2381 4129 2597 4200 καθαρά
2617 4129 2678 4182 τέ
2701 4146 2784 4192 τις
2808 4129 2973 4199 αὐγὴ,
2999 4128 3194 4198 χλοερά
3229 4144 3289 4180 τε
3315 4127 3432 4197 ἅμα
3459 4129 3556 4180 καὶ
3585 4127 3754 4180 ἐλαια-

2184 4220 2370 4283 ζουσα.
2395 4222 2572 4292 Ὅπερ
2597 4239 2687 4291 μοι
2710 4221 2856 4273 δοκεῖ
2875 4220 3202 4289 σαφέστερον
3223 4219 3548 4290 ἑρμηνεύων
3575 4221 3606 4272 ὀ
3627 4220 3752 4280 θεῖος

2197 4313 2537 4378 Ἀπόστολος,
2580 4313 2738 4366 τοῦτο
2765 4311 3151 4383 συμϐουλεύειν
3190 4311 3248 4364 ἐν
3270 4329 3377 4365 τινι
3416 4312 3534 4365 τῶν
3567 4311 3753 4366 ἑαυτοῦ

2187 4405 2379 4472 λόγων,
2420 4405 2501 4456 ὅτι
2530 4404 2635 4474 χρὴ
2667 4403 3138 4467 ἀποσκευάζεσθαι
3180 4402 3278 4474 τὴν
3315 4404 3450 4475 περὶ⁵
3482 4404 3556 4456 τὰ
3585 4404 3753 4473 φαινὸο

510 4501 709 4562 quunt,
750 4490 803 4543 in
835 4505 945 4559 quo
973 4489 1228 4558 splendor
1268 4487 1486 4558 quidam
1517 4487 1710 4543 viridis
1739 4496 1792 4542 et
1819 4489 1952 4543 olezc
1980 4504 2068 4543 co-

2190 4498 2324 4564 μένα
2367 4494 2570 4562 σχέσιν,
2629 4493 2766 4563 πρὸς
2805 4492 2863 4545 δέ
2910 4493 2970 4545 τὸ
3011 4492 3241 4563 ἀόρατον
3279 4494 3402 4556 ταῖς
3443 4491 3754 4562 ἐπιθυμίαις

517 4591 682 4640 torem
711 4579 958 4636 referens
991 4580 1346 4651 conspicitur.
1379 4580 1557 4649 Atque
1585 4580 1726 4633 hanc
1773 4581 1826 4633 in
1857 4587 2076 4635 senten-

518 4673 648 4727 tiam
677 4671 784 4726 dici
809 4669 1067 4741 quiddam
1120 4669 1251 4723 mihi
1290 4669 1506 4724 videtur
1539 4668 1806 4724 illustrius
1838 4670 1904 4721 ab
1933 4669 2080 4738 Apo-

2185 4587 2381 4655 ὀρμᾷν.
2409 4584 2503 4651 Μὴ
2547 4585 2942 4639 σκοπούντων
2979 4584 3088 4654 γὰρ
3117 4583 3305 4653 ἡμῶν,
3327 4586 3490 4654 φησὶ,
3519 4585 3594 4637 τὰ
3615 4586 3754 4649 ,ϐλε-

2183 4677 2434 4743 πόμενα,
2480 4675 2639 4728 ἀλλὰ
2670 4677 2743 4728 τὰ
2768 4675 2854 4744 μὴ
2876 4675 3242 4742 βλεπόμενα.
3286 4675 3363 4728 Τὰ
3401 4674 3756 4744 715931316-

515 4765 680 4826 stolo,
712 4762 1030 4818 consulente
1058 4761 1294 4830 quodam
1327 4761 1382 4814 in
1432 4753 1824 4814 commentario
1854 4775 1954 4812 suo
1977 4801 1991 4824 ,
2023 4769 2068 4811 ut

2178 4781 2331 4833 μενα
2367 4767 2731 4833 πρόσκαιρα·
2765 4765 2837 4819 τὰ
2872 4764 2940 4817 δὲ
2978 4764 3064 4834 μὴ
3101 4765 3497 4833 βλεπόμενα,
3541 4764 3752 4820 αἰώνια.

517 4871 892 4913 removeamus
933 4853 1270 4908 aﬂ‘ectionem
1326 4867 1453 4920 erga
1513 4866 1598 4905 res
1659 4850 1761 4904 sub
1799 4857 2068 4918 aspectum

2187 4854 2372 4908 Ταῦτα
2407 4856 2502 4924 μὲν
2531 4852 2624 4909 οὖν
2651 4858 2708 4908 ἐν
2743 4854 2822 4925 τῷ
2845 4856 3055 4924 ἐπαίνῳ
3078 4854 3188 4908 τῶν
3211 4855 3415 4926 χειρῶν
3439 4857 3748 4926 ὲνσήσαμεν.

516 4950 810 5012 cadentes,
860 4955 915 5002 et
963 4946 1029 5000 ad
1071 4945 1123 4998 id
1157 4945 1301 5013 quod
1355 4945 1504 4997 cerni
1561 4944 1749 5009 nequit
1797 4939 2068 4993 desideriis

2189 4945 2305 5007 πῶς
2334 4945 2434 5014 τῆς
2478 4945 2710 5008 ὑλώδους
2750 4944 3123 5015 προσπαθείας
3156 4946 3570 5016 ἐκτορευθεῖσαι
3589 4985 3605 5009 ,
3631 4945 3748 5012 ἀκή-

518 5039 686 5093 animi
714 5035 1108 5091 contendamus
1151 5075 1161 5086 .
1210 5031 1275 5084 Ut
1312 5049 1412 5084 non
1445 5041 1754 5100 spectemus,
1792 5031 1990 5100 inquit,
2023 5047 2068 5084 ei

2193 5052 2342 5104 ρατοι
2374 5036 2632 5103 γίνονται,
2664 5037 2798 5107 πρὸς
2821 5036 2880 5088 τὸ
2912 5035 3075 5089 ἆθλόν
3100 5053 3158 5089 τε
3191 5037 3284 5090 καὶ
3311 5037 3508 5109 νοητὸν
3539 5035 3734 5092 anuos

517 5146 632 5199 qua:
666 5135 980 5185 cernuntur,
1011 5125 1098 5178 sed
1133 5139 1247 5192 qua:
1296 5139 1396 5174 non
1437 5133 1742 5176 cernuntur.
1789 5121 1932 5174 Nam
1969 5138 2068 5192 qua

2194 5143 2350 5194 μεναι
2373 5126 2459 5180 διὰ
2480 5128 2576 5197 τῆς
2605 5127 2996 5198 προαιρέσεως.
3021 5127 3226 5196 Χεζρες
3246 5127 3356 5200 γὰρ
3367 5129 3565 5184 αὐτοῦ
3577 5143 3751 5197 captv-

519 5222 614 5276 sub
668 5220 846 5274 oculos
892 5217 1119 5279 cadunt,
1173 5225 1534 5268 momentauea
1581 5223 1700 5266 sunt
1751 5228 1768 5264 :
1817 5229 1933 5282 qua:
1983 5229 2068 5266 ποι

2190 5217 2301 5281 ταὶ,
2333 5219 2482 5288 φησι,
2507 5218 2748 5288 χρυσαῖ,
2772 5220 3229 5290 πεπληρωμέναι
3247 5220 3515 5290 θφσεῖς.

521 5322 826 5376 cernuntur,
857 5325 1051 5363 wterna
1082 5307 1149 5362 ⁸³.
1195 5305 1320 5360 Haec
1365 5307 1528 5375 igitur
1581 5306 1636 5359 in
1690 5306 1789 5358 hoc
1841 5320 2096 5358 manuum
2141 5311 2394 5362 eucomio
2437 5326 2466 5362 a
2521 5311 2681 5365 nobis
2713 5312 3064 5366 considerata
3095 5323 3294 5380 sunto,
3322 5329 3438 5384 quo
3470 5323 3634 5385 pacto
3669 5314 3750 5366 illa:

524 5410 592 5458 ab
623 5403 909 5458 aﬁ‘ectione
931 5414 1057 5470 erga
1081 5415 1169 5453 res
1199 5413 1416 5453 crassas
1445 5399 1716 5468 expolitae,
1744 5413 1889 5465 parte
1945 5397 2074 5452 ﬁant
2112 5418 2124 5452 :
2166 5417 2261 5470 per
2301 5403 2608 5458 institutum
2645 5406 2809 5460 animi
2859 5405 2926 5459 ad
2977 5415 3180 5465 sortem
3210 5421 3532 5464 erasurum
3593 5424 3747 5463 rerum

523 5505 821 5567 expertem,
851 5510 1078 5564 quaeque
1107 5502 1284 5549 mente
1310 5503 1524 5549 tantum
1561 5495 1893 5564 percipitur,
1923 5505 2294 5552 commutatae.
2365 5500 2558 5555 Manus
2592 5503 2761 5568 enim,
2827 5503 3034 5572 inquit.
3073 5503 3222 5558 illius
3289 5505 3523 5572 tortiles,
3577 5517 3748 5559 eum.

524 5593 690 5660 plena:
726 5590 966 5643 Tltarst's.

600 5771 644 5802 "
667 5767 790 5822 Ion.
835 5786 870 5831 I,
901 5769 936 5823 5
965 5785 1084 5838 squ.
1162 5770 1203 5798 ³ο
1232 5767 1301 5822 1’s
1324 5769 1376 5822 .l.
1410 5784 1575 5836 aLvtt,
1606 5767 1694 5824 '50.
1772 5769 1812 5800 ³³
1844 5767 1963 5823 Act.
1992 5783 2053 5837 ιι,

2175 5807 2179 5820 .
2260 5769 2303 5802 ³²
2331 5769 2526 5826 Ezech.
2560 5770 2709 5832 t.l6.
2784 5769 2831 5801 ³³
2869 5767 2912 5824 ΙΙ
2931 5769 3060 5826 Cor.
3103 5786 3174 5827 tv.
3220 5769 3298 5826 l8.
