3812 6228
135 341 282 398 1075

1153 342 1220 397 ΙΝ
1256 341 1555 399 CANTICA
1593 339 1862 397 CANTIC.
1907 341 2193 400 HOMlLlA
2233 343 2369 398 XIV.

3255 350 3397 404 ΙΟῗᾶ

219 456 534 512 Ἀκόλουθον
563 458 608 510 δ’
650 458 716 512 ἂν
742 458 826 530 εἴη
853 458 947 512 καὶ
982 458 1074 513 τὸν
1101 458 1296 531 ἐφεξῆς
1321 460 1476 528 λόγον
1504 461 1717 513 διασκο-

1890 457 2046 513 Nunc
2074 459 2216 512 ratio
2247 457 2406 513 seriei
2437 457 2633 528 poscit,
2666 466 2727 512 ut
2760 473 2882 527 qua:
2917 473 3080 528 porro
3103 458 3171 514 de
3202 472 3390 516 ventre

132 551 336 618 στῆσαι.
383 548 440 602 ὃν
483 551 740 621 περὶτῆς
778 549 988 613 κοιλίας
1032 551 1344 621 πεποίηται.
1397 552 1549 622 Ἔχει
1589 549 1646 603 δὲ
1682 551 1716 620 ἡ

130 641 284 707 λέξις
300 641 494 705 οῦτωςο
516 643 724 696 Κοιλία
746 641 932 696 αὐτοῦ
953 642 1174 706 πυξίον
1205 641 1598 712 ἐλεφάντινον
1618 643 1718 694 ἐπὶ

130 734 314 787 λίθου
351 734 709 802 σαπφείρου.
747 735 875 787 Ὅτε
899 733 976 804 τῷ
1006 736 1213 806 Μωῦσῇ
1235 735 1326 788 τὸν
1349 739 1466 798 ταῖς
1488 735 1717 797 λιθίναις

127 825 344 889 δέλτοις
367 825 776 896 ἐγχαραχθέντα
797 828 960 896 νόμον
1011 830 1040 880 6
1068 831 1166 898 τῆς
1191 826 1403 896 φύσεως
1432 827 1614 881 δίδωσι
1639 844 1718 880 νο-

133 917 396 986 μοθέτης,
449 917 613 983 πυξία
650 917 827 970 λίθινα
868 917 967 981 τὰς
1022 918 1232 982 πλάκας
1266 917 1572 987 ὠνόμασεν,
1633 919 1718 980 al;

127 1007 450 1079 ἐνεωπώθη
487 1009 554 1062 τά
580 1007 700 1063 θεῖα
733 1009 1066 1080 χαράγματα
1091 1024 1108 1041 ο
1145 1007 1317 1072 οὕτως
1353 1009 1596 1072 εἰπόντος
1622 1008 1715 1061 τοῦ

131 1099 279 1171 πρὸς
317 1098 404 1152 τὸν
443 1101 682 1154 Μωῦσὲα
731 1101 861 1172 περὶ
898 1101 1077 1154 αὐτῶν
1115 1100 1555 1172 χρηματίσαντος
1582 1115 1595 1129 ·
1635 1101 1716 1154 ὅτι

143 1190 416 1258 Ἃνάϐηθι
456 1191 603 1260 πρὸς
643 1192 720 1261 μὲ
740 1195 826 1259 εἰς
862 1193 928 1246 τὸ
960 1192 1131 1260 ὄρος,
1168 1191 1267 1244 καὶ
1291 1192 1415 1246 τσθι
1439 1191 1586 1256 ἐκεῖ,
1619 1191 1717 1246 καί

128 1280 312 1334 δώσω
359 1282 456 1336 σοί
491 1284 563 1337 τὰ
608 1283 795 1348 πυξιά
845 1285 917 1337 τὰ
949 1285 1181 1349 λίθινα,
1227 1283 1335 1336 τὸν
1380 1285 1569 1353 νόμον
1619 1283 1717 1336 καί

129 1369 242 1436 τὰς
287 1371 559 1436 ἐντολάς.
613 1371 768 1425 Μετὰ
820 1371 992 1423 ταῦτα
1049 1371 1144 1434 δὲ,
1204 1370 1389 1441 ἐπειδὴ
1436 1371 1494 1424 τὸ
1535 1389 1716 1441 σωμα-

126 1460 289 1510 τικὸν
347 1461 438 1512 καὶ
493 1458 690 1526 γεῶδες
721 1459 1030 1525 ἀπεξύσατο
1076 1458 1165 1512 διὰ
1199 1459 1298 1530 τῆς
1343 1460 1717 1530 Εὑαγγελικῆς

129 1553 432 1621 σαφηνείας
472 1554 500 1604 6
527 1553 687 1622 νόμος
713 1569 724 1579 ·
766 1551 950 1605 οὐκέτι
991 1550 1188 1603 λίθινον
1215 1552 1275 1603 τὸ
1308 1550 1596 1622 δεχόμενον
1639 1555 1706 1604 τὰ

127 1644 438 1713 γράμματα
477 1643 666 1706 πυξίον
720 1643 901 1697 ἐστίν’
937 1643 1052 1696 ἀλλ’
1106 1645 1169 1694 ἐκ
1214 1643 1307 1696 τοῦ
1363 1643 1619 1714 λαμπροῦ
1653 1661 1714 1697 τε

125 1736 230 1787 καὶ
277 1734 557 1800 νεοξύστου
608 1734 917 1804 ἐλέφαντος.
965 1734 1037 1787 Τὸ
1080 1734 1189 1804 γὰρ
1221 1735 1466 1788 δεκτικὸν
1493 1735 1601 1788 τῶν
1634 1737 1719 1788 ἐν-

1817 559 2156 621 sequuntur,
2190 551 2607 622 perspiciamus.
2667 551 2807 606 Sunt
2846 560 3025 606 autem
3074 552 3390 621 hujusmodi

1815 644 1975 696 verba
2005 641 2224 698 :Venter
2247 644 2360 713 ejus
2387 642 2577 696 tabella
2597 645 2822 696 eburnea
2841 645 2895 696 in
2919 644 3092 711 lapide
3113 646 3386 714 sapphiro.

1817 731 1938 799 Quo
1967 743 2211 805 tempore
2245 735 2524 806 legislator
2555 744 2766 808 naturae
2789 737 3117 807 insculptam
3161 738 3390 807 lapideis

1819 825 2020 880 tabulis
2044 826 2218 894 legem
2253 825 2387 882 Mosi
2419 827 2666 890 tradidit,
2706 827 2827 882 illas
2857 828 3008 898 ipsas
3047 828 3261 884 tabulas
3293 845 3390 899 ap-

1818 915 2038 985 pellavit
2061 917 2303 985 lapideas
2343 918 2589 975 tabellas.
2623 919 2825 988 quibus
2849 919 3015 973 divini
3041 919 3390 976 characteres

1818 1006 2077 1077 insculpti
2115 1016 2272 1064 erant
2296 1009 2361 1064 “.
2399 1008 2490 1065 Sic
2532 1011 2676 1065 enim
2718 1009 2920 1066 Mosem
2951 1011 3240 1080 compellat
3284 1027 3386 1065 suo

1816 1100 1880 1154 de
1905 1099 1989 1154 his
2025 1101 2158 1170 ipsis
2187 1103 2411 1157 oraculo
2438 1118 2452 1154 :
2486 1103 2720 1157 Ascende
2745 1102 2812 1155 ad
2836 1119 2914 1156 me
2942 1103 2996 1156 in
3026 1112 3274 1164 montem,
3306 1111 3390 1155 at-

1815 1208 1912 1260 que
1952 1192 2026 1246 ibi
2055 1203 2183 1247 esto.
2219 1194 2451 1247 Tradam
2477 1197 2614 1248 enim
2647 1193 2742 1248 tibi
2769 1195 2990 1249 tabellas
3022 1194 3278 1264 lapideas,
3315 1195 3388 1249 le-

1815 1301 1928 1354 gem
1959 1301 2020 1338 ac
2045 1286 2220 1338 edicta
2248 1286 2313 1340 ³⁸.
2346 1284 2655 1341 Secundum
2693 1287 2807 1340 haec
2841 1302 2990 1352 vero,
3035 1295 3386 1356 posteaquam
3434 1269 3437 1282 Ι

1817 1376 1903 1428 lex
1935 1375 2038 1430 sibi
2067 1377 2332 1445 quidquid
2365 1392 2689 1446 corporeum
2715 1388 2862 1432 esset
2886 1391 2949 1431 ac
2969 1386 3265 1440 terrenum,
3292 1393 3386 1446 per

1817 1463 2117 1518 claritatem
2166 1465 2532 1533 evangelicam
2591 1465 2747 1532 quasi
2801 1462 3053 1532 poliendo
3101 1463 3380 1538 detraxit:

1818 1569 1926 1609 non
1956 1553 2068 1622 jam
2095 1555 2329 1623 amplius
2372 1553 2422 1607 id
2454 1595 2468 1618 ,
2503 1555 2554 1608 in
2585 1569 2694 1623 quo
2724 1554 2918 1608 litterae
2948 1553 3383 1623 perscribuntur,

1817 1643 2027 1714 lapidea
2103 1645 2296 1699 tabella
2370 1655 2494 1699 est:
2565 1645 2658 1698 sed
2721 1641 2863 1696 facta
2934 1644 3002 1697 de
3070 1643 3390 1713 splendente

1820 1753 1883 1791 ac
1909 1752 2100 1792 recens
2161 1738 2328 1806 polito
2375 1737 2558 1791 ebore.
2590 1734 2799 1789 Etenim
2851 1735 2953 1789 hoc
2981 1735 3034 1788 in
3073 1735 3193 1790 loco
3229 1733 3387 1800 illud,

125 1824 306 1879 επολῶν
351 1825 443 1879 καὶ
480 1825 589 1878 τῶν
614 1826 813 1895 νόμων,
846 1826 980 1896 ὅπερ
1013 1824 1190 1878 κοιλία
1223 1825 1538 1896 ὠνόμασται
1561 1867 1576 1892 ,
1608 1843 1712 1879 πυ-

1821 1829 1960 1899 quod
1990 1829 2166 1883 edicta
2195 1837 2250 1884 et
2309 1830 2455 1900 leges
2486 1829 2579 1883 Dei
2637 1827 2854 1898 recipit,
2890 1825 3193 1880 indicatum
3222 1840 3388 1878 voca-

126 1919 248 1985 είον
282 1915 420 1972 εἶναί
465 1937 632 1990 φησιν
678 1919 1022 1989 ἐλεφάντινον
1071 1919 1163 1971 ἐπὶ
1206 1917 1351 1971 λίθου
1388 1920 1708 1990 σαπφείρου.

124 2012 363 2084 Πρῶτον
393 2012 449 2066 δὲ
495 2010 648 2082 οἶμαι
695 2014 892 2084 χρῆναι
941 2012 1003 2064 τὸ
1051 2013 1359 2082 σωματικὸν
1409 2013 1713 2084 ὑπόδειγμα

127 2105 370 2178 φανερὸν
395 2105 472 2175 τῷ
515 2105 659 2176 λόγῳ
689 2105 931 2174 ποιῆσαι,
967 2099 1065 2158 εἷθ’
1102 2104 1276 2168 οὕτως
1323 2104 1416 2157 ἐπὶ
1448 2103 1547 2175 τὴν
1576 2102 1712 2157 θεω-

130 2196 263 2267 ρίαν
299 2196 404 2248 τῶν
429 2197 735 2266 εἰρημένων
773 2195 967 2248 ἐλθεῖν.
1000 2196 1210 2249 Πυκνόν
1235 2213 1288 2248 τι
1318 2193 1471 2260 ξύλον
1496 2197 1528 2265 ή
1554 2194 1714 2262 πύξις

126 2288 254 2340 ἐστὶ
301 2287 394 2340 καὶ
439 2287 755 2352 ὑπόλευκον,
804 2288 898 2356 ἀφ’
939 2283 1007 2358 ἦς
1051 2285 1454 2356 φιλοτεχνοῦσιν
1499 2287 1714 2348 ἑαυτοῖς

127 2379 390 2443 πίνακας,
416 2375 496 2442 οἷς
517 2379 624 2432 τῶν
652 2379 994 2450 γραμμάτων
1031 2380 1200 2450 μέλει.
1237 2379 1312 2432 Τὸ
1341 2379 1516 2433 τοίνυν
1535 2377 1713 2432 τοιοῦ-

126 2486 226 2523 τον
258 2471 507 2524 πινάκιον
551 2470 614 2523 τὸ
661 2470 796 2542 πρὸς
844 2472 942 2541 τὴν
989 2471 1098 2523 τῶν
1145 2472 1489 2541 γραμμάτων
1527 2469 1714 2541 χρείαν

126 2561 666 2632 κατεσκευασμένον,
700 2561 804 2617 κᾶν
847 2561 931 2632 ἐφ’
977 2562 1164 2633 ἑτέρας
1209 2561 1341 2632 ῦλης
1381 2561 1517 2633 τύχῃ
1559 2560 1707 2630 γενόο

130 2671 322 2724 μενον,
371 2653 559 2720 πυξίον
608 2654 1060 2725 καταχρηστικῶς
1107 2653 1450 2724 ὀνομάζεται.
1506 2650 1714 2708 Οὐκοῦν

128 2743 327 2808 πυξίον
355 2745 706 2808 ἀκούσαντες,
752 2744 893 2798 λεῖόν
926 2763 978 2798 τι
1020 2743 1212 2807 σκεῦος
1254 2743 1554 2814 ἐπιτήδειον
1580 2743 1716 2814 πρὸς

126 2839 483 2908 γραμμάτων
553 2839 818 2910 ὑποδοχὴν
886 2841 1266 2910 ἐνενοήσαμεν.
1342 2839 1496 2893 Ἐπεὶ
1536 2839 1715 2892 τοίνυν

127 2929 356 2998 γενικόν
399 2947 452 2982 τι
499 2931 607 2983 τῶν
648 2931 904 2984 τοιούτων
949 2931 1192 2984 πινάκων
1227 2931 1398 3002 όνομα
1433 2931 1494 2986 τὸ
1528 2931 1716 2998 πυξίον

129 3021 320 3075 ἐστίν’
354 3020 588 3076 ἐνταῦθα
636 3023 728 3076 καὶ
771 3023 831 3076 τὸ
877 3018 1014 3086 εἶδος
1050 3022 1152 3092 τῆς
1200 3021 1334 3093 ὕλης
1376 3023 1455 3093 τῷ
1500 3022 1715 3077 ὑποδεί-

1814 1919 1942 1974 bulo
1978 1920 2201 1978 ventris,
2244 1933 2366 1973 esse
2391 1918 2586 1972 tabella
2618 1916 2855 1972 eburnea
2881 1915 3084 1970 dicitur
3125 1915 3178 1969 in
3209 1913 3390 1984 lapide

1815 2015 2094 2085 sapphiro.
2137 2014 2314 2086 Atque
2342 2015 2447 2068 hoc
2503 2015 2812 2086 exemplum
2842 2028 3165 2083 corporeum
3211 2013 3388 2082 primo

1814 2105 1972 2160 nobis
1999 2103 2386 2159 declarandum
2448 2103 2710 2167 arbitror,
2764 2109 2928 2173 atque
2987 2103 3064 2154 ita
3097 2099 3296 2156 deinde
3318 2099 3387 2152 ad

1815 2196 2328 2266 contemplationem
2345 2195 2635 2250 verborum
2656 2195 3018 2249 iudicatorum
3038 2191 3384 2247 veniendum.

1816 2287 2054 2344 Densum
2085 2287 2358 2358 quoddam
2408 2296 2463 2342 et
2507 2287 2794 2342 subalbum
2827 2286 3032 2355 lignum
3067 2293 3150 2338 est
3186 2282 3386 2345 buxus,

1817 2381 1884 2434 de
1912 2395 2022 2450 quo
2047 2379 2274 2434 tabellas
2296 2379 2396 2433 sibi
2437 2377 2753 2441 conﬁciunt,
2789 2376 2882 2446 qui
2911 2375 3153 2430 scribere
3181 2373 3386 2426 volunt.

1817 2470 2141 2541 llujusmodi
2166 2486 2296 2541 ergo
2345 2470 2565 2533 tabella,
2595 2469 2914 2538 scriptionis
2945 2467 3011 2521 ad
3043 2480 3202 2520 usum
3232 2477 3384 2518 com-

1816 2571 2028 2633 parata,
2051 2563 2266 2617 etiamsi
2290 2561 2430 2617 forte
2455 2562 2560 2615 alia
2590 2560 2730 2616 facta
2759 2560 2832 2614 sit
2853 2574 2920 2614 ex
2942 2557 3170 2612 materie
3191 2573 3206 2611 :
3231 2553 3390 2626 pyxis

1819 2657 1997 2728 (quasi
2029 2656 2183 2711 dicas
2218 2653 2478 2725 buxeum)
2512 2654 2839 2728 appellatur,
2873 2651 3229 2721 usurpatione
3255 2663 3390 2720 qua-

1817 2726 1942 2800 dam
1965 2747 2115 2801 vocis
2142 2760 2252 2800 non
2279 2743 2519 2815 propria.
2549 2741 2730 2808 Quare
2755 2726 2878 2794 cum
2913 2754 3098 2792 vocem
3131 2738 3270 2791 hanc
3294 2752 3391 2790 au-

1817 2842 2017 2905 dimus,
2072 2840 2501 2894 instrumentum
2537 2835 2811 2906 quoddam
2843 2835 2972 2888 laeve
3021 2841 3076 2886 et
3107 2839 3293 2900 aptum
3322 2827 3394 2883 ad

1818 2927 2160 3000 recipiendas
2199 2928 2411 2982 litteras
2460 2925 2814 2995 intelligimus
2845 2941 2857 2977 :
2890 2930 2945 2976 et
2973 2935 3102 2976 vero
3145 2935 3270 2976 cum
3295 2933 3392 2990 ge-

1818 3023 2003 3077 nerale
2035 3021 2106 3075 sit
2139 3018 2471 3073 vocabulum
2503 3015 2570 3070 ad
2601 3029 2792 3069 omnes
2810 3010 3124 3082 huiusmodi
3155 3009 3393 3077 tabulas,

130 3132 312 3186 γματι
361 3114 390 3168 ὁ
435 3115 595 3185 λόγος
640 3114 1012 3187 προστίθησιν,
1060 3116 1159 3168 οὐκ
1191 3115 1301 3169 ἀπὸ
1328 3114 1482 3180 ξύλου
1517 3114 1708 3184 λέγων,

1821 3114 2026 3169 idcirco
2075 3112 2164 3165 hic
2217 3113 2382 3164 etiam
2443 3106 2693 3162 materiei
2722 3105 2935 3176 species
2982 3103 3218 3158 additur.
3270 3099 3390 3154 Non

129 3209 254 3262 ἀλλ’
280 3208 339 3274 ἐξ
367 3209 655 3276 ἐλέφαντος
685 3203 825 3263 εἶναι
849 3207 946 3278 τὴν
973 3208 1315 3279 κατασκευὴν
1345 3207 1556 3275 πυξίου.
1578 3207 1714 3260 Φασὶ

126 3303 216 3366 δὲ,
255 3302 346 3355 διὰ
379 3301 576 3372 πολλὴν
607 3303 917 3372 πυκνότητα
949 3303 1041 3356 καὶ
1070 3302 1424 3373 στερρότητα,
1461 3301 1521 3353 τὸ
1543 3299 1715 3354 τοιοῦ-

127 3413 228 3448 τον
259 3395 444 3448 ὀστέον
473 3395 707 3466 ἄφθορον
735 3393 1040 3464 διαμένειν,
1083 3395 1168 3462 ἐφ’
1198 3395 1278 3446 ὅτι
1309 3394 1574 3464 μήκιστον
1611 3409 1717 3462 μη-

127 3486 333 3555 δεμίαν
366 3487 430 3538 ἐκ
463 3485 653 3556 χρόνου
689 3483 892 3554 βλάϐην
924 3483 1380 3556 παραδεχόμενον.
1442 3482 1499 3534 Ὀ
1535 3481 1592 3534 δὲ
1621 3480 1717 3534 σά-

131 3593 371 3648 πφειρος
411 3576 486 3647 τῷ
515 3574 698 3645 κυανῷ
731 3575 860 3628 εἴδει
890 3573 992 3642 τῆς
1019 3576 1206 3644 χροιᾶς
1250 3575 1330 3636 είς
1362 3571 1716 3643 παραμυθίαν

129 3669 234 3723 τοῦ
270 3667 517 3738 καμάτου
549 3665 659 3719 τῶν
701 3665 993 3736 ὀφθαλμῶν
1042 3665 1374 3728 ἐπινοεῖται,
1424 3665 1534 3727 τοῖς
1566 3663 1716 3732 φιλο-

132 3761 324 3823 πόνως
374 3757 767 3829 προσανέχουσι
813 3756 891 3828 τῷ
943 3755 1456 3827 καταγεγραμμένῳ
1504 3754 1714 3825 πυξίῳ,

134 3852 390 3923 φυσικῶς
435 3851 534 3921 τῆς
578 3849 830 3920 τοιαύτης
884 3849 1060 3918 αὐγῆς
1105 3847 1204 3912 τὰς
1247 3847 1396 3915 ὄψεις
1425 3846 1493 3899 δι’
1519 3847 1718 3916 ἐαυτῆς

133 3943 550 4013 ἁναπαυούσης.
597 3941 671 3994 Τὸ
699 3940 798 4011 μὲν
824 3935 916 3993 οὖν
946 3939 1267 4008 ὑπόδειγμα,
1299 3931 1342 4006 ᾧ
1376 3936 1462 3991 διὰ
1493 3937 1719 4008 συγκρί-

136 4054 282 4100 σεως
325 4034 602 4105 ὁμοιοῦται
648 4034 682 4104 ἡ
728 4029 1186 4101 ἐγκωμιαζομένη
1237 4031 1336 4100 τῆς
1395 4029 1718 4099 Ἐκκλησίας

136 4128 344 4188 κοιλία,
367 4125 605 4178 τοιοῦτόν
634 4126 800 4177 ἐστιν.
847 4122 987 4192 Ἐγὼ
1008 4122 1063 4175 δέ
1092 4121 1241 4192 παρὰ
1261 4121 1357 4190 τῆς
1385 4118 1717 4191 προφητείας

136 4219 386 4280 ἀκούσας
447 4216 605 4269 τοῦτο
649 4215 1102 4285 διακελευομένης
1157 4215 1222 4266 ἐκ
1275 4211 1563 4283 προσώπου
1625 4210 1718 4266 τοῦ

134 4313 303 4377 θεοῦ,
345 4315 423 4366 ὅτι
472 4311 684 4382 Γράψον
725 4311 912 4380 ὅρασιν
959 4307 1146 4376 σαφῶς
1178 4308 1236 4369 ἐς
1270 4305 1479 4371 πυξίον,
1516 4304 1720 4358 ἔννοιαν

136 4406 436 4476 λαμϐάνω,
488 4404 655 4458 τίδιὰ
696 4401 791 4457 τοῦ
839 4401 1102 4471 ὀνόματος
1142 4401 1242 4470 τῆς
1286 4398 1493 4462 κοιλίας
1541 4400 1600 4451 ἐν
1643 4399 1720 4469 τῷ

1816 3207 1959 3262 enim
1989 3205 2121 3258 dicit
2145 3218 2211 3257 ex
2241 3203 2417 3272 ligno,
2446 3199 2542 3254 sed
2579 3199 2744 3253 ebore
2799 3197 3000 3252 factum
3032 3210 3172 3264 Opus
3228 3193 3392 3262 hujus

1817 3297 2046 3353 tabellae.
2076 3294 2335 3349 Traditur
2363 3300 2544 3348 autem
2589 3289 2906 3359 hujusmodi
2936 3287 3079 3342 ossis
3109 3301 3228 3341 eam
3269 3299 3394 3339 esse

1817 3387 2140 3444 densitatem
2175 3399 2237 3438 ac
2296 3382 2644 3444 soliditatem,
2681 3387 2740 3432 ut
2787 3377 3101 3432 diutissime
3143 3375 3394 3428 incorru-

1816 3489 1966 3553 ptum
2006 3485 2243 3544 maneat,
2265 3476 2507 3545 nihilque
2536 3472 2852 3528 detrimenti
2893 3485 2924 3523 a
2969 3480 3211 3538 tempore
3246 3465 3393 3521 acci-

1817 3575 1950 3644 piat.
1993 3569 2296 3642 Sapphirus
2325 3575 2504 3621 autem
2555 3565 2739 3620 colore
2790 3562 3087 3617 caeruleum
3144 3559 3394 3614 imitante

1818 3672 2031 3720 recreat
2070 3663 2326 3736 fatigatos
2381 3675 2572 3718 eorum
2608 3658 2829 3719 oculos,
2885 3655 2978 3726 qui
3011 3652 3256 3708 studiose
3303 3649 3390 3703 in-

1818 3757 1952 3813 tenti
1986 3763 2114 3812 sunt
2145 3757 2357 3811 tabella:
2384 3757 2512 3812 huic
2532 3755 2730 3808 litteris
2757 3750 2976 3820 repleta:
3006 3767 3017 3801 :
3049 3744 3193 3814 quod
3224 3757 3254 3795 a
3289 3755 3383 3796 na-

1819 3859 1942 3905 tura
1982 3851 2064 3906 sic
2114 3858 2487 3920 comparatum
2542 3848 2633 3910 ﬁt,
2669 3853 2729 3900 ut
2765 3839 3078 3912 huiusmodi
3137 3833 3396 3907 splendor

1819 3941 2010 3996 oculos
2053 3940 2282 3994 reﬁciat.
2353 3937 2484 3993 Tale
2537 3936 2705 4008 igitur
2761 3931 2894 3987 illud
2929 3937 3013 3984 est
3063 3925 3394 3994 exemplum,

1821 4051 1944 4090 cum
1966 4049 2076 4104 quo
2099 4040 2288 4088 venter
2313 4028 2570 4086 Ecclesiae
2599 4029 2652 4082 in
2684 4027 2788 4080 hoc
2817 4021 3068 4080 encomio
3117 4031 3397 4088 compar-a-

1820 4137 1927 4180 tur.
1957 4118 2226 4179 Caeterum
2275 4138 2395 4178 cum
2448 4118 2747 4191 prophetia:
2804 4116 3014 4170 librum
3055 4112 3110 4166 in
3159 4104 3396 4180 persbna

1822 4216 1917 4271 Dei
1955 4219 2057 4270 hac
2092 4215 2476 4270 exhortatione
2504 4212 2586 4266 uti
2617 4209 2802 4272 audio,
2839 4204 3032 4260 Scribe
3061 4203 3240 4257 visum
3269 4201 3392 4264 hoc,

1820 4319 1875 4365 et
1899 4309 2116 4378 quidem
2148 4309 2293 4362 clare
2321 4307 2375 4359 in
2428 4305 2684 4360 tabellam
2727 4319 2740 4356 :
2793 4313 3006 4353 mecum
3047 4296 3165 4365 ipse
3189 4291 3400 4362 cogito,

1821 4401 1953 4472 quid
1983 4416 2077 4470 per
2120 4398 2441 4454 vocabulum
2499 4394 2708 4450 ventris
2762 4393 2819 4446 in
2870 4401 3101 4458 corpore
3151 4382 3400 4446 Domini,

137 4498 524 4568 ἐπαινουμένῳ
567 4496 780 4566 σώματι
808 4493 901 4548 τοῦ
932 4493 1137 4564 Κυρίου
1163 4493 1432 4563 προσήκει
1463 4493 1600 4544 νοεῖν
1623 4507 1636 4520 ο
1674 4493 1717 4544 εί

1827 4493 1972 4564 quod
2001 4492 2089 4544 hic
2117 4491 2390 4553 laudatur,
2413 4485 2722 4555 intelligere
2741 4481 3052 4537 conveniat.
3084 4477 3222 4543 Quia
3251 4474 3398 4528 enim

133 4593 256 4664 γᾰρ
286 4590 384 4661 τὴν
417 4590 564 4644 θείαν
607 4590 792 4660 ὅρασιν
836 4587 1020 4656 σαφῶς
1053 4586 1348 4656 ἐγγράφειν
1392 4584 1469 4655 τῷ
1499 4583 1673 4652 πυξίῳ
1695 4584 1725 4635 6

138 4687 305 4753 λόγος
339 4681 730 4747 διακελεύεται,
755 4681 892 4750 τάχα
921 4680 978 4732 τὸ
1007 4679 1245 4749 καθαρὸν
1272 4678 1368 4746 τῆς
1401 4677 1648 4747 καρδίας,
1682 4671 1726 4746 ᾧ

136 4779 234 4831 διὰ
277 4777 380 4845 τῆς
433 4776 651 4845 μνήμης
694 4773 794 4836 τὰς
837 4771 985 4834 θείας
1017 4770 1232 4840 ὁράσεις
1269 4769 1726 4840 ἀπογραφόμεθα,

138 4870 224 4938 τῷ
248 4867 352 4936 τῆς
378 4865 583 4928 κοιλίας
622 4863 844 4934 ὀνόματι
869 4861 1230 4932 διασημαίνει,
1271 4860 1534 4929 Καθάπερ
1563 4861 1590 4912 ὁ
1614 4861 1728 4913 δια-

143 4959 370 5020 στείλας
397 4957 458 5008 τὸ
490 4955 664 5024 στόμα
697 4953 792 5008 τοῦ
829 4953 1064 5025 μεγάλου
1111 4950 1386 5021 Ἰεςεκιὴλ,
1431 4952 1524 5004 καὶ
1554 4951 1729 5014 ἐνθεὶς

139 5050 300 5119 αὑτῷ
328 5049 426 5119 τὴν
459 5045 722 5116 κεφαλίδα
753 5045 846 5098 τοῦ
876 5043 1100 5114 βιϐλίου,
1151 5041 1330 5112 πλήρη
1385 5041 1729 5112 γραμμάτων

144 5142 275 5196 καθ’
329 5139 586 5210 ἑκάτερον
634 5133 836 5199 οὖσαν,
891 5135 1033 5189 κατὰ
1086 5152 1144 5186 τε
1193 5134 1252 5186 τὸ
1308 5133 1506 5199 ἔξωθεν
1564 5133 1727 5186 αὑτοῦ

143 5235 248 5287 καὶ
302 5232 365 5283 τὸ
391 5229 630 5282 ἔσωθεν·
676 5229 810 5298 φησὶ
855 5227 992 5300 πρὸς
1027 5226 1207 5290 αὑτὸν,
1251 5227 1328 5278 ὃτι
1409 5226 1476 5278 Τὸ
1537 5227 1730 5294 στόμα

141 5341 270 5381 σου
320 5323 597 5392 φάγεται,
650 5321 748 5375 καὶ
801 5320 841 5387 ἢ
892 5319 1093 5373 κοιλία
1134 5335 1249 5372 σου
1287 5317 1727 5384 πλησθήσεται.

145 5416 227 5470 Τὸ
269 5415 606 5485 διανοητικὸν
655 5413 756 5482 τῆς
821 5411 998 5481 ψυχῆς
1059 5402 1102 5475 ᾧ
1170 5407 1462 5460 ἐναπέθετο
1501 5408 1568 5459 τά
1614 5409 1732 5461 θεῖα

151 5508 495 5581 μαθήματα,
586 5506 791 5559 κοιλίαν
879 5502 1345 5575 προσαγορεύσας.
1428 5501 1729 5571 Παραπλη-

149 5597 289 5658 σίως
344 5595 398 5647 δὲ
462 5597 556 5649 καὶ
612 5595 701 5648 τὸν
733 5594 908 5665 μέγαν
960 5591 1250 5663 Ἱερεμίαν,
1293 5591 1392 5662 τὴν
1464 5592 1566 5644 ὑπὸ
1623 5592 1730 5644 τῶν

234 5772 283 5806 ³⁵
315 5770 489 5827 Exod.
523 5788 706 5840 xxnv,
731 5770 823 5829 9.9.
901 5771 946 5804 ³⁵
970 5770 1140 5826 Exod.
1181 5786 1328 5833 xxiv,
1363 5770 1446 5824 l2.

1827 4588 2004 4639 visum
2033 4581 2166 4636 illud
2216 4581 2459 4650 divinum
2524 4579 2672 4632 clare
2727 4573 2953 4630 inscribi
3002 4569 3214 4625 tabellae
3260 4567 3400 4629 vult,

1830 4670 2065 4723 fortasse
2110 4667 2292 4722 cordis
2329 4667 2649 4734 puritatem,
2677 4663 2766 4717 cui
2818 4677 2914 4730 per
2941 4657 3258 4712 memoriam
3284 4655 3401 4708 visa

1830 4761 2012 4814 divina
2064 4758 2437 4820 inscribimus,
2489 4756 2696 4810 ventris
2748 4751 3110 4822 appellatione
3156 4748 3398 4802 denotat.

1831 4851 2302 4918 Quemadmodum
2337 4857 2392 4901 et
2459 4848 2525 4912 is,
2572 4847 2664 4916 qui
2706 4844 2885 4914 magni
2936 4841 3210 4918 prepheta:
3264 4836 3403 4890 Eze-

1829 4945 2020 4998 chielis
2049 4958 2111 4996 os
2149 4939 2382 5010 aperuit,
2433 4939 2597 5006 inque
2623 4936 2726 4989 hoc
2781 4933 2905 4988 libri
2937 4933 3187 4986 volumen
3219 4928 3405 4999 posuit

1834 5040 2086 5106 utrinque
2111 5034 2308 5089 litteris
2335 5031 2618 5096 refertum,
2652 5029 2898 5084 exterius
2933 5034 2986 5079 ct
3019 5024 3250 5078 interius
3285 5021 3399 5076 :ait

1831 5132 2039 5185 ad‘eutn
2058 5127 2328 5185 :Comedet
2349 5144 2404 5180 os
2427 5136 2596 5189 tuum,
2613 5141 2675 5176 ac
2698 5132 2870 5176 venter
2887 5130 3006 5174 tuus
3034 5117 3316 5186 replebitur
3332 5113 3402 5168 “.

1832 5225 2041 5291 Quibus
2066 5224 2118 5276 in
2155 5221 2334 5276 verbis
2380 5227 2569 5271 venter
2599 5215 2920 5285 appellatur,
2968 5227 3094 5279 pars
3120 5207 3288 5262 animi
3319 5207 3406 5259 in-

1835 5315 2085 5383 telligens
2110 5319 2163 5366 et
2210 5311 2420 5364 ratione
2451 5305 2696 5376 praedita,
2723 5305 2776 5356 in
2813 5318 2917 5371 qua
2943 5298 3205 5353 divinitus
3250 5307 3407 5348 acce-

1839 5417 1928 5476 pta
1971 5407 2126 5475 quasi
2174 5402 2496 5455 collocabat.
2544 5397 2805 5450 Similiter
2845 5401 2900 5446 et
2957 5405 3216 5460 magnum
3251 5386 3406 5440 illum

1838 5497 2165 5550 Hieremiam
2195 5495 2398 5547 scimus
2433 5505 2526 5543 cur
2547 5502 2703 5542 suum
2739 5485 2966 5540 miriﬁce
2989 5499 3018 5535 a
3067 5480 3318 5534 tristibus
3343 5477 3407 5531 il-

1838 5591 1904 5644 lis
1922 5586 2343 5659 cogitationibns
2365 5583 2648 5643 afﬂictum.
2676 5586 2917 5634 ventrem
2937 5574 3262 5646 appellasse,
3284 5583 3414 5626 cum

1545 5769 1589 5801 ³⁸
1619 5767 1817 5824 Ezcclt.
1860 5781 1942 5835 tu,
1975 5767 2028 5820 ’5.
