3812 6228
409 311 549 371 1075

1611 308 1669 364 S.
1713 306 2037 364 GREGORII
2076 307 2366 365 NYSSENI

3549 300 3677 355 ίθῒεϐ

409 426 485 481 ait
512 444 529 481 :
569 412 758 480 Venter
785 423 915 478 mihi
942 422 1116 488 dolet,
1139 432 1189 477 et
1216 439 1399 480 sensus
1426 423 1601 479 cordis
1634 426 1734 479 mei
1761 425 1983 478 turban—

2105 424 2427 497 τκυθρωπῶν
2471 423 2692 477 ἐκείνων
2725 421 3011 492 νοημάτων
3040 415 3405 486 ὀδυνωμένην
3432 413 3677 483 καρδίαν,

412 531 499 573 tur
526 518 594 576 ".
639 514 795 583 Quod
820 516 869 572 si
899 516 1063 571 etiam
1101 514 1307 586 aliquid
1364 515 1670 571 addendum
1698 524 1870 571 estex
1893 530 1982 572 sa-

410 611 521 663 cris
548 605 795 669 Litteris,
827 604 975 676 quod
1000 605 1206 661 certius
1235 605 1290 660 in
1335 606 1474 660 hanc
1509 607 1838 661 sententiam
1878 622 1982 662 nos

412 706 611 762 ducat,
664 695 1007 767 proferamus
1069 696 1124 751 id
1166 697 1312 767 quod
1356 697 1420 752 ad
1482 698 1603 753 illos
1660 699 1755 768 qui
1805 699 1983 754 credi-

413 789 629 844 derant.
658 787 918 843 Dominus
946 786 1105 842 dixit.
1136 787 1227 842 Ait
1249 789 1394 843 enim
1425 804 1579 860 aqua:
1606 792 1735 845 viva:
1761 789 1983 845 flumina

413 898 478 934 ex
511 881 727 935 illorum
750 887 938 935 ventre
964 895 1309 950 promanare,
1340 883 1434 952 qui
1454 883 1508 937 in
1533 885 1713 954 ipsum
1738 887 1981 939 credant.

420 967 592 1025 Verba
628 980 756 1025 sunt
789 971 1103 1040 hujusmodi
1130 990 1143 1025 :
1174 971 1280 1038 Qui
1303 973 1469 1027 credit
1509 975 1566 1027 in
1603 991 1702 1041 me,
1733 975 1986 1045 quemad-

413 1057 628 1112 modum
653 1059 781 1113 dicit
810 1057 1119 1129 Scriptura,
1153 1060 1217 1116 de
1242 1062 1406 1116 illius
1427 1073 1601 1118 ventre
1632 1080 1811 1120 amnes
1834 1081 1987 1135 aqua:

414 1153 542 1206 viva:
571 1154 835 1222 proﬂuent
882 1153 946 1206 ³⁸.
999 1152 1075 1207 De
1120 1153 1208 1210 his
1260 1155 1424 1225 igitur
1473 1157 1729 1213 omnibus
1766 1158 1823 1212 in
1847 1158 1988 1213 hanc

414 1245 742 1300 sententiam
791 1243 1136 1311 adducimur,
1169 1255 1229 1301 ut
1266 1255 1570 1303 statuamus
1621 1264 1717 1319 per
1747 1251 1986 1305 vocabu-

394 1335 532 1390 ‘lum
569 1336 779 1391 ventris
833 1350 930 1390 cor
981 1352 1176 1407 purum
1234 1336 1664 1409 intelligendum,
1712 1342 1857 1412 quod
1931 1343 1989 1397 fit

418 1426 617 1482 tabella
645 1426 843 1483 divinae
860 1429 993 1498 legis
1021 1428 1075 1481 in
1096 1429 1225 1491 illis,
1263 1429 1355 1498 qui
1384 1430 1465 1497 (ut
1484 1431 1775 1502 Apostolus
1805 1434 1989 1504 loqui-

419 1527 510 1572 tur
542 1518 611 1578 “l
667 1520 969 1574 ostendunt
1011 1536 1123 1575 rem
1157 1521 1292 1589 legis
1345 1522 1604 1592 scriptam
1638 1525 1693 1577 in
1732 1525 1991 1580 cordibus

420 1608 538 1663 suis
565 1623 675 1663 non
704 1612 1046 1672 atramento,
1092 1609 1187 1665 sed
1234 1610 1437 1680 Spiritu
1485 1610 1581 1667 Dei
1622 1616 1751 1677 vivi,
1792 1617 1990 1675 litteris

421 1697 740 1767 hujusmodi
770 1700 1064 1772 insculptis
1108 1703 1311 1767 animo,
1342 1719 1451 1758 non
1482 1705 1710 1777 lapideis
1744 1709 1803 1764 in
1831 1712 1992 1765 tabu-

420 1790 491 1846 lis
523 1790 1001 1862 (quemadmodum
1040 1793 1168 1849 item
1210 1793 1503 1865 Apostolus
1534 1799 1651 1865 ait),
1683 1800 1776 1855 sed
1807 1801 1989 1860 cordis

421 1881 477 1935 in
510 1881 711 1936 tabella
736 1882 805 1946 ιο,
846 1898 967 1952 qua:
994 1899 1153 1953 pura,
1179 1901 1300 1955 quae
1328 1888 1484 1953 levis,
1511 1905 1632 1959 qua
1655 1889 1855 1962 fulgida
1883 1903 1987 1950 est.

420 1972 556 2028 Nam
599 1973 911 2044 hujusmodi
942 1991 1064 2032 esse
1103 1980 1358 2034 convenit
1390 1990 1596 2050 partem
1636 1982 1801 2038 animi
1841 1986 1989 2055 prin-

422 2066 632 2136 cipem,
667 2074 727 2120 ut
766 2067 817 2122 ei
865 2068 1012 2122 clara
1064 2069 1394 2139 minimeque
1428 2072 1655 2126 confusa
1681 2073 1990 2132 divinorum

421 2157 764 2212 oraculorum
796 2161 1059 2214 memoria
1088 2160 1462 2230 imprimatur;
1493 2165 1658 2218 veluti
1688 2165 1994 2237 significan-

419 2248 570 2304 tibus
596 2249 921 2319 quibusdam
952 2251 1150 2308 litteris
1175 2252 1454 2309 distincta.
1482 2254 1599 2312 Tali
1630 2274 1760 2313 vero
1787 2262 1997 2317 tabella:

423 2341 492 2395 ad
524 2343 832 2397 encomium
869 2345 1076 2400 ventris
1114 2345 1502 2402 absolvendum
1539 2350 1764 2419 pulchre
1802 2353 1997 2421 adjun-

422 2430 569 2502 gitur
590 2432 751 2487 etiam
777 2434 1087 2503 sapphirus.
1118 2434 1327 2491 Etenim
1353 2439 1592 2508 sapphiri
1623 2440 1880 2510 splendor
1901 2460 1997 2498 cu:-

421 2522 610 2579 ruleus
636 2531 740 2579 cst.
764 2523 940 2595 Atque
964 2526 1067 2581 hoc
1095 2528 1328 2598 aanigma
1350 2530 1586 2585 consulit
1614 2533 1792 2596 nobis,
1818 2545 1876 2590 ut
1901 2552 1996 2591 cor

423 2625 674 2670 nostrum
699 2632 763 2672 ea
795 2632 916 2687 quas
945 2632 1163 2674 sursum
1193 2628 1322 2674 sunt
1359 2622 1492 2676 velit
1524 2637 1591 2677 ac
1621 2626 1900 2695 respiciat,
1936 2638 1990 2683 et

423 2705 587 2762 isthic
640 2707 830 2762 oculos
863 2707 1134 2776 oblectet,
1167 2711 1256 2764 ubi
1295 2709 1621 2766 thesaurum
1668 2731 1829 2770 suum
1861 2734 1994 2773 con-

423 2797 596 2852 ditum
624 2798 808 2865 habet;
838 2800 910 2854 ita
946 2802 1085 2855 utin
1118 2802 1449 2857 attendendo
1482 2804 1683 2861 divinis
1709 2812 1994 2879 praceptis

422 2902 533 2942 non
568 2887 843 2959 fatigetur,
869 2905 967 2960 spe
996 2891 1205 2947 caelesti
1227 2905 1507 2950 recreante
1535 2900 1792 2954 cernendi
1820 2901 1991 2957 facul-

424 2986 614 3045 tatem,
642 2996 764 3051 quae
784 2981 979 3037 animae
1008 2984 1182 3040 oculis
1216 2985 1379 3043 inest.

2083 504 2291 574 κοιλίαν
2335 517 2578 585 ἔγνωμεν
2618 512 2974 585 ὀνομάζοντα,
3008 512 3089 566 διό
3136 526 3308 581 φησιν
3344 525 3358 537 ·
3424 507 3514 559 ὅτι
3568 506 3680 571 Τὴν

2082 612 2322 667 κοιλίαν
2340 607 2460 680 ,ιιοῦ
2480 606 2663 676 ἀλγῶ,
2691 604 2789 659 καὶ
2817 604 2889 657 τὰ
2908 600 3264 669 αἰσθητήρια
3288 597 3410 667 τῆς
3432 596 3679 664 καρδίας

2078 704 2197 774 μοῦ
2244 700 2596 773 μαιμάσσει.
2635 700 2699 753 Et
2730 697 2787 750 δὲ
2829 696 2935 767 χρὴ
2976 695 3039 748 τὸ
3080 692 3432 766 κυριώτερον
3465 688 3578 741 τῶν
3606 691 3682 751 εἰς

2083 800 2181 869 τὴν
2211 796 2448 849 διάνοιαν
2475 790 2679 862 ταύτην
2706 788 3041 859 ὁδηγούντων
3068 786 3218 856 ἡμᾶς
3247 782 3363 837 ἀπὸ
3393 781 3504 850 τῆς
3534 778 3684 837 θείας

2085 886 2427 959 παραθέσθαι
2455 883 2658 954 φωνῆς,
2693 879 2851 934 τοῦτό
2880 894 3078 949 φαμεν,
3119 876 3318 943 ὅτιπερ
3368 871 3520 942 πρὸς
3555 869 3683 932 τοὺς

2087 978 2517 1038 πεπιστευκότας
2550 970 2700 1028 εἶπεν
2737 975 2766 1027 ὁ
2808 970 3042 1043 Κύριος’
3088 965 3374 1036 ποταμοὺς
3405 963 3593 1030 λέγων
3620 964 3685 1014 ἐκ

2085 1072 2187 1142 τῆς
2217 1068 2423 1131 κοιλίας
2461 1065 2604 1139 ῥέειν
2644 1061 2834 1124 ὓδατος
2874 1061 3075 1125 ζῶντος
3116 1055 3226 1109 τῶν
3270 1057 3357 1116 είς
3386 1053 3561 1107 αὑτὸν
3592 1069 3684 1103 :t-

2090 1162 2406 1216 στευόντων.
2440 1159 2594 1227 Ἔχει
2622 1154 2680 1208 δὲ
2702 1153 2874 1216 οὕτως
2895 1153 2929 1222 ἡ
2956 1148 3098 1213 λέξις
3117 1164 3132 1176 ·
3171 1148 3224 1198 '0
3252 1144 3577 1198 πιστεύων
3600 1144 3688 1206 είς

2087 1255 2213 1326 ἐμὲ,
2235 1252 2428 1317 καθὼς
2443 1246 2613 1304 εἶπεν
2628 1247 2667 1315 ἡ
2686 1245 2918 1316 Γραφὴ,
2937 1240 3187 1311 ποταμοὶ
3207 1239 3277 1293 ἐκ
3301 1236 3422 1305 τῆς
3446 1235 3689 1299 κοιλίας

2089 1346 2276 1403 αὑτοῦ
2297 1344 2635 1414 ῥεύσουσιν
2656 1339 2877 1403 ὕδατος
2899 1333 3130 1399 ζῶντος.
3173 1330 3274 1384 Διὰ
3311 1328 3550 1382 πάντων
3580 1327 3686 1379 τοί-

2090 1458 2184 1494 νυν
2228 1439 2335 1492 τῶν
2379 1434 2703 1507 εἰρημένων,
2753 1428 2850 1500 τὴν
2891 1426 3138 1498 καθαρὰν
3183 1422 3422 1496 καρδίαν
3466 1419 3565 1472 διὰ
3593 1416 3684 1470 εσυ-5

2090 1533 2189 1603 τῆς
2228 1528 2433 1591 κοιλίας
2481 1525 2741 1596 ὀνόματος
2781 1521 2922 1575 νοεῖν
2967 1515 3291 1587 ὲναγόμεθα,
3328 1515 3463 1585 ἣτις
3496 1510 3683 1603 πυξίσν

2090 1600 2186 1679 τοῦ
2208 1623 2353 1676 θείου
2382 1620 2590 1690 γίνεται
2627 1616 2791 1688 νόμου
2817 1632 2830 1645 ο
2866 1610 2996 1677 τῶν,
3041 1608 3222 1671 καθὼς
3246 1622 3418 1677 φησιν
3446 1605 3481 1657 ὁ
3530 1600 3686 1654 ’Διτύ-

2097 1717 2302 1778 στολος,
2334 1710 2756 1781 ἐνδεικνυμένων
2798 1706 2859 1760 τὸ
2888 1704 3048 1776 ἔργον
3070 1698 3165 1754 τοῦ
3194 1699 3390 1770 νόμου,
3433 1692 3687 1766 γραπτὸν

2093 1812 2150 1863 ὲν
2192 1810 2311 1871 ταῖς
2357 1803 2607 1876 καρδίαις
2633 1797 2834 1864 αὐτῶν,
2884 1797 2945 1850 οὐ
2982 1793 3191 1889 μέλανι,
3226 1789 3379 1889 αλλ-α
3394 1784 3685 1889 Πνεύματι

2094 1898 2229 1954 Θεοῦ
2255 1897 2474 1963 ζῶντος,
2498 1888 2987 1963 ὲγχαρασσομένων
3018 1887 3083 1956 τῇ
3111 1879 3401 1974 ψυχῇ
3421 1879 3686 1974 τοιούτων

2096 1989 2458 2064 γραμμάτων,
2487 1985 2587 2038 οὐκ
2617 1984 2675 2035 ὲν
2710 1979 2873 2046 πλαξὶ
2915 1976 3166 2039 λιθίναις,
3216 1969 3407 2066 statim;
3456 1983 3628 2066 φησιν
3646 1969 3687 2066 .6

2110 2057 2451 2142 λλὶπύστολος,
2484 2074 2599 2132 ἀλλ’
2641 2076 2698 2128 ὲν
2735 2071 2812 2143 τῷ
2836 2069 2937 2140 τῆς
2965 2066 3193 2138 καρδίας
3219 2059 3427 2130 πυξίῳ,
3454 2057 3683 2125 καθαρῷ

2098 2192 2157 2229 τε
2185 2174 2300 2228 ὄντι
2342 2170 2435 2224 καὶ
2459 2166 2608 2238 λείῳ,
2648 2164 2743 2219 καὶ
2783 2159 3070 2216 στίλϐοντι.
3109 2152 3370 2249 Τοιοῦτον
3404 2150 3523 2249 γάρ

2099 2268 2205 2339 χρὴ
2232 2266 2292 2318 τὺ
2320 2259 2642 2335 ἡγεμονικὸν
2664 2256 2766 2327 τῆς
2792 2254 2992 2325 ψυχῆς.
3022 2249 3176 2342 ὥστε»
3194 2242 3410 2342 τρανὴν
3446 2243 3507 2342 ἓν
3541 2240 3687 2342 αὺξῷ

2099 2330 2205 2413 Qui
2239 2330 2543 2425 ἀσύγχυτον
2586 2348 2695 2402 τῶν
2736 2347 2896 2400 θείων
2930 2341 3126 2411 λογίων
3164 2330 3687 2425 ὲντυποῦσθαιᾼτὴν

2103 2449 2320 2520 μνήμην
2339 2419 2527 2496 ’-Ποῖόν
2568 2456 2679 2494 τισι
2730 2437 3052 2508 γράμμασιν
3098 2419 3687 2531 εὐσῄμοιςοδιηρθῗιρῖ

2334 2534 2530 2598 Καλῶς
2556 2533 2613 2586 δὲ
2639 2525 3120 2600 συμπαρείληπται
3247 2514 3487 2620 ¹τοιούτῳ
3514 2512 3688 2620 xuii?

2100 2606 2241 2704 πρὸς⁷
2263 2629 2355 2682 τὸν
2401 2627 2499 2697 τῆς
2529 2621 2734 2685 κοιλίας
2769 2618 2985 2672 ἔπαινον
3018 2615 3111 2669 καὶ
3151 2614 3179 2667 ὁ
3211 2606 3686 2704 σάπφειρσςᾷμθὶο

2104 2696 2378 2797 ρανοειδὴς
2426 2696 2537 2790 γαρ
2584 2714 2679 2770 καὶ
2722 2714 2778 2803 ἡΔ
2802 2708 2898 2803 τοῦ
2941 2706 3269 2803 σαπφείρου-
3295 2703 3468 2803 aii-7f].
3518 2696 3685 2803 TER

2099 2788 2347 2865 τοιοῦτον.
2367 2788 2594 2876 αἴνιγμα
2636 2799 2902 2873 σύμϐολον
2933 2797 3143 2867 γίνεται
3172 2792 3270 2848 τοῦ
3315 2792 3422 2864 τὴν
3461 2788 3684 2861 καρδίαν

2103 2902 2259 2975 ἡμῶν
2289 2899 2359 2954 τὰ
2390 2897 2503 2952 ἄνω
2533 2895 2751 2967 φρονεῖν
2790 2908 2848 2944 τε
2879 2889 2976 2943 καὶ
3019 2886 3259 2958 βλέπειν,
3302 2884 3444 2938 ὅπου
3471 2880 3565 2975 τὸν
3589 2878 3683 2946 011-

2105 2973 2306 3065 σαυρδν
2334 2987 2671 3047 ἀποτίθεται,
2700 2983 2863 3038 κάκεῖ
2888 2980 2986 3044 τὰς
3017 2979 3169 3049 δψεις
3202 2973 3678 3065 προσαναπαύειν·

424 3072 564 3126 ὥστε
606 3072 680 3144 μὴ
712 3071 939 3143 κάμνειν
980 3075 1038 3126 ὲν
1070 3078 1134 3146 τῇ
1167 3082 1405 3151 προσοχῇ
1436 3079 1543 3134 τῶν
1590 3083 1753 3138 θείων
1787 3063 2283 3159 παραγγελμάτων,
2313 3082 2415 3153 τῆς
2450 3078 2708 3152 οὐρανίας
2732 3072 2945 3137 ἐλπίδος
2998 3071 3061 3124 τδ
3124 3068 3355 3123 δπτικδν
3418 3066 3529 3120 τῶν
3584 3063 3680 3133 τῆς

422 3162 599 3236 ψυχῆς
624 3165 884 3236 ὀμμάτων
915 3167 1316 3240 ἀναπαυούσης.

494 3254 714 3311 Ventris
746 3256 1110 3311 laudationem
1144 3260 1425 3329 excipiunt
1474 3277 1694 3317 crurum
1729 3269 1994 3321 encomia.

2176 3256 2308 3316 Εἶτα
2349 3256 2652 3327 διαδέχεται
2689 3252 2780 3307 τὸν
2816 3250 2916 3321 τῆς
2953 3245 3159 3309 κοιλίας
3196 3244 3447 3310 ἔπαινον,
3477 3245 3548 3298 τὰ
3585 3242 3681 3312 τῆς

424 3345 610 3417 inquit
679 3347 824 3401 enim
876 3365 891 3401 :
949 3345 1125 3402 Crura
1160 3348 1308 3404 illius
1376 3352 1638 3409 columna:
1690 3373 2001 3413 marmoreae

427 3439 666 3507 fundata:
709 3456 866 3510 super
897 3455 1088 3495 aureas
1140 3441 1312 3497 bases.
1359 3443 1555 3501 Multas
1606 3446 1767 3503 habet
1797 3451 2002 3503 colum-

425 3545 527 3586 nas
590 3532 875 3601 sapientia:
940 3530 1160 3595 domus.
1216 3549 1380 3604 quam
1437 3537 1527 3591 illa
1572 3539 1675 3593 sibi
1706 3543 1997 3597 exstruxit.

427 3622 611 3679 Multa?
672 3624 800 3679 item
857 3625 1128 3681 columnae
1198 3627 1613 3685 tabernaculum
1698 3636 2000 3691 testimonii

430 3716 749 3782 fulciebant,
783 3716 852 3772 de
903 3718 1131 3774 materie
1183 3719 1395 3776 diversa
1427 3735 1704 3782 exornata:
1730 3744 1743 3781 :
1768 3744 2000 3798 quarum

428 3820 482 3863 et
511 3810 751 3879 capitula
778 3819 832 3865 et
858 3811 1018 3866 bases
1051 3818 1209 3866 erant
1238 3827 1436 3876 aurem.
1464 3831 1593 3886 pars
1637 3820 1813 3874 media
1844 3821 1999 3890 quasi

429 3901 664 3968 quodam
703 3912 960 3972 argenteo
988 3904 1183 3958 vestitu
1229 3915 1424 3960 ornata
1481 3916 1619 3963 erat.
1651 3913 1719 3964 At
1744 3910 2002 3968 Ecclesiae

430 3992 715 4059 columnas
747 3990 894 4061 (nam
932 3998 986 4046 et
1020 3992 1258 4049 Ecclesia
1291 3994 1486 4052 domus
1516 4006 1620 4065 est,
1652 4002 2009 4070 quemadmo-

429 4082 559 4136 dum
591 4082 885 4152 Apostolus
914 4082 1178 4153 loquitur,
1217 4100 1341 4141 cum
1370 4089 1445 4142 ait
1477 4107 1492 4144 :
1542 4090 1658 4156 Quo
1685 4102 1838 4161 pacto
1883 4095 2003 4165 quis

431 4180 485 4230 in
519 4175 615 4230 Dei
634 4176 789 4230 domo
805 4178 1005 4231 versari
1029 4176 1214 4232 debeat
1237 4178 1280 4211 δι
1313 4182 1692 4245 )marmoreas
1726 4199 1848 4240 esse
1872 4185 2007 4239 dicit

434 4282 659 4333 sponsa,
677 4266 904 4323 basibus
931 4268 1116 4323 aureis
1141 4269 1482 4327 insistentes.
1510 4271 1693 4343 Itaque
1713 4278 2008 4333 convenire

432 4373 646 4426 sponsae
688 4374 812 4413 cum
860 4357 1119 4416 Beseleeli
1168 4361 1437 4430 sapientia
1486 4362 1541 4417 in
1585 4366 2009 4434 pulchritudinis

433 4450 823 4521 descriptione,
872 4453 1073 4523 quippe
1094 4469 1214 4521 qua:
1244 4454 1428 4508 itidem
1472 4467 1533 4510 ut
1559 4456 1651 4512 illc
1680 4475 1816 4514 auro
1841 4469 2008 4531 caput

432 4557 496 4593 ac
522 4542 683 4598 bases
710 4544 1006 4611 ornaverit,
1061 4544 1238 4599 cuivis
1271 4552 1438 4615 patet.
1468 4547 1558 4616 qui
1584 4550 1786 4618 scripta
1831 4550 1899 4606 de
1926 4559 2007 4606 ta-

2101 3355 2316 3425 κνήμης
2371 3347 2641 3419 ἐγκώμια.
2687 3343 2827 3415 Φησὶ
2871 3342 2979 3412 γάρ
3012 3357 3026 3370 ·
3077 3340 3159 3392 ὅτι
3216 3336 3459 3406 Κνῆμαι
3502 3336 3679 3391 αὐτοῦ

2101 3445 2316 3500 στύλοι
2357 3437 2745 3512 μαρμάρινα,
2792 3428 3272 3498 τεθεμελιωμένοι
3314 3427 3416 3480 ἐπὶ
3470 3426 3683 3491 ,Βάσεις

2102 3532 2355 3606 χρυσᾶς.
2388 3527 2726 3590 Πολύστυλος
2761 3524 2859 3595 μέν
2902 3524 3018 3573 ἐστι
3060 3520 3161 3589 τῆς
3207 3519 3405 3587 σοφίας
3447 3518 3479 3569 ὁ
3520 3513 3682 3580 οἶκος,

2102 3629 2162 3682 ὃν
2192 3627 2358 3695 ἑαυτῇ
2391 3619 2729 3694 ᾠκοδόμησε.
2770 3612 2963 3667 Πολλοὶ
2995 3611 3054 3665 δὲ
3091 3610 3185 3664 καὶ
3212 3611 3259 3662 οἱ
3284 3608 3386 3679 τὴν
3415 3608 3515 3662 τοῦ
3549 3626 3683 3680 βαρ.

2102 3720 2289 3793 τυρίου
2333 3715 2537 3786 σκηνὴν
2569 3708 2918 3783 διερείδοντες
2955 3703 3136 3758 στύλοι
3155 3743 3189 3793 ,Α
3207 3702 3493 3773 διαφόροις
3536 3701 3683 3765 ὕλαις

2104 3789 2544 3880 κεκοσμημένοι·
2589 3796 2665 3856 ὧν
2706 3798 2988 3869 κεφαλίδες
3026 3796 3125 3867 μὲν
3161 3789 3303 3863 ἦσαν
3353 3794 3451 3846 καὶ
3502 3794 3681 3863 βάσες

2106 3905 2323 3977 χρυσαῖ,
2365 3901 2427 3953 τὸ
2456 3899 2514 3951 δὲ
2546 3895 2708 3967 μέσον
2750 3895 2815 3963 τῇ
2843 3888 2938 3944 τοῦ
2977 3887 3240 3961 ἀργυρίου
3282 3886 3551 3957 περιϐολῇ
3571 3904 3683 3977 ξε-

2103 3973 2496 4051 καλλωπισται.
2530 3989 2667 4051 Τοὺς
2694 3985 2751 4039 δὲ
2771 3984 2872 4055 τῆς
2901 3978 3227 4052 Ἐκκλησίας
3256 3978 3482 4042 στύλους
3522 3973 3683 4045 (οἶκος

2105 4087 2163 4142 δέ
2193 4089 2339 4141 ἐστιν
2372 4086 2407 4154 ἡ
2453 4076 2767 4149 Ἐκκλησία,
2804 4074 2985 4138 καθὼς
3031 4088 3195 4143 φησιν
3240 4070 3269 4123 ὁ
3320 4068 3679 4131 ’Δπόστολοςο

2106 4182 2190 4236 ὅτι
2230 4178 2361 4243 Πῶς
2396 4174 2493 4229 δεῖ
2519 4173 2588 4226 ἐν
2626 4170 2771 4234 οἴκῳ
2800 4164 2947 4222 Θεοῦ
2973 4161 3495 4232 ἀναστρέφεσθαι)
3547 4177 3678 4231 μαρ-

2112 4273 2371 4343 μαρίνους
2396 4260 2533 4318 εἶναί
2571 4277 2741 4352 φησιν
2762 4261 2796 4330 ἡ
2824 4259 3031 4352 νύμφη,
3068 4256 3173 4352 ἐπὶ
3195 4254 3411 4327 χρυσῶν
3436 4252 3680 4352 Δβφηκᾶξ

2107 4342 2205 4425 τας
2264 4359 2373 4412 τῶν
2434 4354 2664 4426 βάσεων.
2722 4351 2843 4404 Ὀτι
2892 4349 2990 4419 μὲν
3037 4342 3131 4401 οὖν
3176 4347 3458 4416 συμφωνεῖ
3483 4347 3553 4415 τῇ
3590 4342 3677 4397 τοι]

2111 4449 2377 4523 Βεσελεὴλ
2402 4447 2563 4518 σοφία
2603 4447 2637 4517 ἡ
2664 4444 2850 4514 νύμφη
2891 4441 3033 4495 κατὰ
3050 4438 3149 4509 τὴν
3174 4436 3269 4491 τοῦ
3295 4436 3527 4499 κάλλους
3554 4436 3675 4489 ὑπο·

2111 4544 2351 4618 γραφὴν,
2386 4537 2784 4615 παραπλησίως
2812 4534 3004 4604 ἐκείνῳ
3036 4532 3138 4602 τὴν
3171 4529 3412 4601 κεφαλὴν
3453 4529 3554 4582 καὶ
3587 4526 3679 4589 τὶς

430 4633 728 4688 hernaculo
752 4642 880 4688 nota
912 4634 1251 4690 familiariter
1275 4636 1458 4691 habet.
1483 4636 1616 4691 Nam
1642 4651 1699 4692 ut
1725 4640 1816 4695 ille
1840 4657 1994 4697 aurec

2116 4611 2301 4710 βάσεις
2336 4634 2416 4706 τῷ
2453 4611 2661 4705 χρυσίῳ
2690 4630 3036 4700 κοσμήσασα,
3074 4625 3237 4679 παντὶ
3263 4624 3424 4729 δῆλον
3459 4622 3678 4729 tonsi};

432 4724 611 4793 capite
642 4724 914 4779 columnis
945 4724 1179 4796 singulis
1228 4725 1527 4796 adaptaloy
1559 4728 1802 4799 singulas
1840 4732 1994 4786 etiam

2112 4733 2222 4795 τοῖς
2254 4728 2382 4801 περὶ⁹
2404 4725 2505 4797 τῆς
2543 4725 2745 4796 σκηνῆς
2773 4719 3082 4793 εἰρημένοις
3106 4714 3553 4786 καθομιλήσαντι.
3596 4713 3677 4773 Ὠς

434 4813 490 4866 iu
523 4828 691 4869 aurea
741 4814 876 4870 base
906 4815 1140 4870 collocat
1171 4834 1184 4870 :
1246 4816 1432 4873 itidem
1462 4820 1540 4874 ait
1581 4821 1684 4876 hoc
1719 4823 1859 4884 loco,
1886 4839 1994 4892 qua

2110 4820 2220 4890 γὰρ
2246 4820 2450 4880 ἐκεῖνος
2482 4813 2696 4884 ἑκάστῳ
2736 4810 2844 4865 τῶν
2874 4808 3079 4862 στύλων
3111 4804 3212 4875 τὴν
3244 4802 3487 4903 {sum}?

433 4918 573 4974 pure
602 4904 791 4974 sponsi
813 4904 1275 4974 pulchritudinem
1300 4907 1564 4973 intuetur,
1591 4922 1755 4981 caput
1785 4889 1994 4982 quidem

2115 4889 2285 4983 μύσας
2325 4908 2418 4962 ἐπὶ
2453 4904 2664 4976 χρυσῆς
2709 4902 2891 4971 ἵστησι
2934 4898 3144 4970 βάσεως
3176 4911 3192 4925 ⁸
3231 4889 3673 4983 οὖτωςᾼένταῦθά

435 4992 558 5061 ejus
586 5007 709 5048 esse
732 5008 925 5047 aurum
978 5010 1173 5064 purum
1204 5004 1259 5050 et
1296 4997 1433 5053 labis
1470 4980 1675 5070 expers
1701 4980 1830 5072 (hoc
1859 5006 1994 5059 enim

2111 4980 2276 5072 φησιν
2312 5000 2347 5069 ἡ
2389 4993 2647 5065 καθαρῶς
2687 4991 2822 5062 πρὸς
2868 4989 2932 5043 τὸ
2978 4986 3075 5040 τοῦ
3122 4983 3359 5056 νυμφίου

434 5080 763 5136 vocabulum
816 5080 1033 5152 Cephaz
1062 5083 1344 5156 declarat),
1398 5068 1561 5142 crura
1612 5068 1740 5146 vero
1779 5092 1994 5149 fundata

2114 5068 2306 5154 κάλλος
2324 5068 2343 5153 ,ί
2385 5085 2626 5157 κεφαλὴν
2671 5082 2769 5154 μὲν
2817 5076 2981 5134 αὐτοῦ
3011 5074 3151 5133 εἶναι
3187 5072 3411 5147 χρυσίον
3446 5068 3669 5140 καθαρὸν

434 5189 561 5230 esse
576 5174 633 5230 in
654 5173 880 5231 basibus
897 5178 1101 5232 aureis.
1124 5177 1519 5251 Quamcunque
1538 5191 1719 5239 autem
1744 5188 1994 5242 sumenda

2113 5185 2207 5239 καὶ
2234 5183 2505 5253 ἀκήρατον
2524 5197 2537 5207 ·
2587 5175 2744 5229 τοῦτο
2779 5173 2887 5244 γὰρ
2921 5172 2956 5243 ή
2994 5169 3090 5224 τοῦ
3127 5165 3325 5238 Κεφάζ
3350 5163 3494 5268 λέξις
3517 5159 3667 5268 ἔνδεξ-

438 5265 549 5319 sint
578 5265 634 5319 in
662 5274 869 5335 partem
903 5265 1017 5321 haec
1048 5268 1117 5323 de
1144 5268 1414 5328 columnis
1445 5274 1755 5344 aenigmata,
1782 5286 1930 5333 certe
1959 5282 1994 5334 si

2113 5292 2303 5331 κνυται
2322 5289 2336 5304 ⁸
2371 5266 2794 5341 τεθεμελιῶσθαι
2818 5265 2916 5327 τὰς
2938 5263 3155 5353 κνήμας
3179 5262 3273 5315 ἐπὶ
3300 5253 3667 5353 χρυσιῖινλέἶει

434 5354 628 5421 Paulo,
656 5357 776 5411 viro
796 5366 1012 5427 sancto,
1040 5366 1299 5432 tanquam
1328 5364 1582 5434 discipuli
1623 5370 1994 5423 assentiemur.

2115 5368 2343 5439 βάσεων.
2375 5361 2518 5433 Πρὸς
2539 5361 2568 5413 ὃ
2589 5376 2640 5412 τι
2663 5357 2720 5410 δὲ
2748 5356 2855 5426 χρὴ
2884 5351 3289 5425 μεταληφθῆναι
3324 5347 3395 5402 τὰ
3423 5344 3668 5439 περὶτῶν

435 5461 469 5501 9
493 5460 620 5501 vera
645 5449 914 5503 sententia
936 5465 1043 5504 non
1069 5451 1466 5511 aberrabimus.
1497 5455 1631 5510 Nam
1660 5457 1705 5513 is
1729 5462 1994 5528 apostolos

2115 5436 2320 5514 στύλων
2352 5454 2669 5524 αἰνίγματα,
2699 5446 2776 5518 τῷ
2810 5446 2951 5516 ἁγίῳ
2993 5442 3199 5532 ΠαύλῳΔ

437 5537 691 5603 eximios,
723 5536 964 5608 Petrum,
991 5538 1278 5611 Iacobum,
1304 5544 1589 5616 Joannem,
1617 5526 1873 5605 Ecclesia:
1910 5566 1994 5605 co-

2115 5553 2215 5621 τῆς
2273 5543 2505 5620 ἀληθοῦς
2572 5538 2778 5602 ἐννοίας
2821 5537 2924 5590 οὐκ
2968 5528 3355 5601 ὲκπεσούμεθα
3387 5542 3403 5558 ·
3453 5526 3511 5590 ὃς
3550 5526 3660 5580 τοὺς

508 5721 552 5755 ³⁷
580 5716 783 5777 larem.
819 5736 894 5786 IV,
937 5720 1022 5776 l9.
1099 5718 1142 5751 ³⁸
1168 5717 1324 5776 Joan.
1359 5737 1451 5787 vn,
1485 5722 1569 5777 58.
1652 5724 1692 5755 ³³³
1723 5721 1879 5780 Rom.
1915 5736 1973 5792 ιι,

2186 5724 2226 5755 ⁵ο
2250 5718 2290 5775 ll
2313 5720 2438 5778 Cor.
2468 5735 2553 5787 tu,
2582 5725 2634 5777 ὃ.
2714 5721 2751 5753 ³³
2789 5718 2808 5773 ι
2844 5715 3081 5773 Timoth.
3113 5728 3197 5779 ut,
3226 5710 3315 5768 15.
