3850 6224
146 369 150 375 -
166 329 297 387 107-7

1182 325 1246 382 ΙΝ
1275 325 1572 384 (JANTlCA
1607 325 1880 384 CANTIC.
1925 326 2207 382 l'lOllllLlA
2243 326 2362 382 XIV

3267 320 3408 380 1073

161 444 492 515 προέχοντας
515 443 574 494 ὲν
598 445 711 506 τοῖς
735 442 1051 507 ἀποστόλοις
1080 443 1307 515 Πέτρον,
1335 443 1430 498 καὶ
1461 442 1734 508 Ἰάκωϐον,

1860 460 2054 500 umnas
2081 444 2372 515 appellavit
2398 443 2467 496 ι’.
2527 443 2592 495 Et
2644 455 2772 496 vero
2799 439 2926 509 quia
2961 439 3174 494 discere
3211 449 3412 493 conve-‘

164 535 252 587 καὶ
291 532 570 602 Ἰωάννην,
609 534 832 598 στύλους
858 535 1158 606 ὠνόμασεν.
1200 535 1353 590 Ἐπεὶ
1379 535 1436 588 δὲ
1462 536 1555 588 καὶ
1581 534 1736 588 τοῦτο

154 624 428 694 προσήκει
475 623 690 694 μαθεῖν,
721 624 838 688 πῶς
871 623 985 678 ἔστι
1017 625 1272 696 γενέσθαι
1307 625 1519 692 στύλον,
1566 627 1642 689 ὡς
1669 625 1736 680 ἂν

163 714 252 768 καὶ
280 713 444 786 ἡμεῖς
486 717 630 784 ἄξιοι
673 716 770 787 τῆς
816 718 1072 788 τοιαύτης
1115 717 1406 788 γενοίμεθα
1452 718 1734 788 κλήσεως”

156 803 319 857 πάλιν
346 806 441 876 καί
469 806 630 858 τοῦτο
656 805 809 877 παρὰ
835 807 933 876 τῆς
965 807 1057 860 τοῦ
1105 807 1317 860 Παύλου
1349 808 1541 877 σοφίας
1577 806 1738 861 ἀκού-

159 912 326 970 ωμεν.
376 897 436 960 ὅς
470 915 606 968 φησι
651 898 841 951 στύλον
892 894 1032 952 εἶναι
1077 899 1171 951 καὶ
1208 898 1268 952 τὸ
1309 898 1587 969 ἑδραίωμα
1635 899 1739 967 τῆς

164 986 437 1069 ἀληθείας.
471 989 683 1042 Οὐκοῦν
705 990 923 1060 χρυσίον
951 991 1048 1060 μέν
1074 991 1219 1042 ἐστιν
1249 991 1281 1061 η
1305 988 1549 1060 ἀλήθεια,
1581 991 1614 1061 ἡ
1643 990 1740 1043 καὶ

170 1077 317 1146 βάσις
347 1078 466 1146 τῶν¹
492 1080 716 1151 κνημῶν
747 1080 1027 1151 γινομένη,
1054 1080 1148 1133 καὶ
1179 1079 1275 1144 τὰς
1308 1082 1498 1151 χεῖρας
1522 1080 1620 1151 κα“ι
1639 1081 1740 1153 τὴν

171 1170 403 1240 κεφαλὴν
441 1171 512 1223 δι’
549 1173 747 1242 ἑαυτῆς
785 1172 1222 1236 καλλωπίζουσα.
1267 1172 1341 1225 Τὸ
1371 1172 1429 1226 δὲ
1460 1172 1740 1244 ἑδραίωμα

170 1263 246 1322 είς
285 1261 380 1333 τὴν
427 1263 522 1316 τοῦ
561 1265 853 1335 μαρμάρου
906 1281 985 1327 τις
1036 1263 1196 1332 φύσιν
1240 1263 1595 1334 μεταλαϐὼν,
1643 1264 1742 1334 οὐχ

167 1353 544 1434 ,ἁμαρτήσεται
567 1375 576 1385 ·
619 1355 695 1418 ὡς
735 1350 870 1406 εἶναι
895 1355 1151 1426 τοιαύτην
1175 1354 1274 1426 τὴν
1300 1354 1408 1409 τῶν
1432 1355 1741 1426 λεγομένων

170 1446 399 1498 διάνοιαν
419 1460 433 1473 υ
469 1442 553 1496 ὅτι
582 1445 651 1497 At
701 1448 906 1518 κνῆμαι
931 1448 1024 1502 τοῦ
1053 1447 1305 1519 σώματος
1328 1449 1379 1501 οἱ
1407 1447 1741 1520 μαρμάρινοι

173 1535 364 1600 στύλοι,
395 1538 674 1592 τουτέστιν
718 1541 766 1592 οἱ
794 1539 871 1610 τῷ
912 1538 1150 1611 λαμπρῷ
1191 1540 1292 1611 βίῳ
1327 1540 1422 1594 καὶ
1455 1539 1531 1611 τῷ
1565 1539 1744 1609 ὑγιαί-

171 1647 306 1705 νοντι
346 1630 490 1702 λόγῳ
533 1631 593 1684 τὸ
634 1632 811 1685 κοινὸν
851 1633 1008 1702 σῶμα
1035 1635 1136 1704 τῆς
1179 1631 1503 1704 Ἑκκλησίας
1539 1631 1741 1703 βαστά-

174 1717 348 1782 ζοντές
381 1737 440 1772 τε
486 1721 583 1773 καὶ
621 1720 1010 1793 διερείδοντες·
1069 1723 1138 1777 δι’
1164 1716 1238 1776 ὧν
1276 1723 1312 1794 ἦ
1351 1740 1410 1776 τε
1445 1723 1599 1794 βάσις
1641 1723 1742 1793 τῆς

177 1808 401 1874 πίστεως
439 1810 556 1882 ἔχει
595 1811 656 1864 τὸ
688 1788 906 1882 πάγιον,
942 1815 1036 1867 καὶ
1079 1814 1108 1866 ό
1139 1815 1257 1868 κατ’
1301 1788 1500 1886 ἀρετ-ην
1544 1788 1744 1885 δρόμος
1775 1788 1816 1842 Β

174 1897 410 1962 ἀνύεται,
440 1903 537 1955 καὶ
566 1903 624 1954 ὲν
647 1905 762 1966 τοῖς
794 1903 997 1974 ἃλμασι
1021 1905 1129 1957 τῶν
1160 1905 1317 1958 θείων
1347 1904 1598 1968 ἐλπίδων,
1625 1904 1744 1957 ὅλον

176 1986 232 2039 τὸ
258 1988 415 2060 σῶμα
442 1991 720 2063 μετέωρον
746 1993 974 2068 γίνεται.
1008 1993 1110 2048 Διά
1145 1995 1252 2048 τῶν
1271 1994 1363 2047 δύο
1391 1994 1746 2064 κατορθοῦται

177 2079 392 2144 τούτων,
420 2083 682 2154 ἀληθείας
721 2085 816 2139 καὶ
851 2085 1202 2156 βεϐαιότητος
1225 2102 1238 2115 °
1278 2086 1373 2140 τοῦ
1407 2088 1503 2158 μὲν
1541 2087 1745 2159 χρυσοῦ

179 2173 726 2247 μεταλαμϐανομένου
752 2177 888 2249 πρὸς
915 2178 1014 2249 τὴν
1037 2177 1314 2250 ἀλήθειαν,
1341 2180 1461 2248 ἥτις
1489 2179 1631 2232 κατά
1649 2179 1748 2250 τὴν

180 2262 380 2317 Παύλου
409 2267 598 2338 φωνὴν
631 2268 877 2339 θεμέλιος
909 2271 1010 2341 τῆς
1039 2270 1192 2334 θείας
1230 2273 1574 2342 κατασκευῆς
1603 2272 1750 2340 γίνε-

177 2353 260 2406 ταί
286 2372 343 2408 τε
387 2358 483 2410 καὶ
514 2359 860 2430 ὀνομάζεται.
905 2361 1090 2426 Οὕτως
1122 2363 1231 2435 γάρ
1273 2381 1436 2434 φησιν
1461 2381 1473 2393 ·
1517 2364 1598 2417 ὅτι
1644 2367 1748 2418 Θε-

175 2445 376 2513 μέλιον
412 2449 614 2505 ἄλλον
659 2453 860 2518 οὐδεὶς
909 2453 1154 2508 δύναται
1205 2454 1391 2510 θεῖναι
1435 2455 1596 2523 παρὰ
1643 2455 1752 2509 τὸν

179 2538 464 2607 mater-or,
504 2543 576 2607 ὅς
614 2544 788 2598 ἐστιν
827 2546 1062 2616 Ἰησοῦς
1087 2548 1363 2618 Χριστός.
1415 2547 1650 2616 Χριστὸς
1694 2547 1753 2600 δέ

179 2630 316 2685 ἐστιν
345 2634 376 2703 ἠ
407 2633 659 2705 ἀλήθεια,
745 2637 1177 2707 ὲνθεμελιοῦνται
1211 2640 1268 2691 αἱ
1302 2639 1528 2708 κνῆμαι,
1558 2641 1605 2691 οἱ
1635 2638 1756 2691 στύ-

177 2718 252 2773 λοι
301 2723 398 2794 τῆς
453 2724 809 2796 Ἐκκλησίας.
855 2727 955 2780 Διά
994 2727 1088 2779 τοῦ
1148 2728 1441 2798 μαρμάρου
1491 2726 1752 2780 νοούντων

179 2813 328 2884 ἡμῶν
363 2815 424 2870 τό
451 2834 514 2869 τε
546 2817 797 2889 λαμπρὸν
833 2818 926 2870 τοῦ
962 2819 1097 2889 βίου,
1133 2818 1227 2871 καὶ
1254 2818 1316 2870 τὸ
1348 2817 1484 2889 πρὸς
1522 2816 1618 2889 τὴν
1646 2817 1754 2870 τῶν

181 2907 388 2976 ἀγαθῶν
417 2909 661 2964 διάθεσιν
691 2910 951 2981 ἐμϐριθές
987 2928 1048 2963 τε
1080 2911 1176 2965 καὶ
1210 2911 1567 2981 ἀμετάθετον.
1615 2911 1753 2964 Ἀλλ’

182 3001 356 3072 ἐπειδὴ
390 3001 581 3055 πολλοὶ
611 3003 707 3072 μὲν
739 3004 788 3054 οἱ
819 3003 998 3056 στύλοι
1029 3001 1123 3054 τοῦ
1153 3003 1454 3075 μαρτυρίου
1489 3003 1586 3074 τῆς
1623 2991 1755 3073 σκη-

1837 535 1936 601 nit,
1971 551 2079 605 quo
2119 541 2278 606 pacto
2303 534 2427 605 quis
2503 531 2620 588 ﬁeri
2691 531 2947 586 columna
3004 529 3202 599 possit,
3243 536 3303 581 ut
3363 537 3418 583 et

1837 645 1939 685 nos
2022 631 2173 701 digni
2250 631 2352 684 hac
2433 624 2800 698 appellatione
2879 621 3141 676 ﬁamus:
3219 634 3415 672 rursus

1835 720 1946 775 hoc
1977 737 2194 792 quoque
2235 720 2303 776 de
2352 718 2504 773 Pauli
2554 715 2819 788 sapientia
2856 713 3269 783 intelligamus,
3321 712 3416 780 qui

1839 815 2152 869 columnam
2201 811 2279 867 ait
2333 811 2582 866 veritatis
2628 815 2682 864 et
2729 808 3136 862 ﬁrmamentum
3176 817 3301 859 esse
3347 802 3415 854 “.

1840 910 2030 978 Itaque
2084 923 2278 962 aurum
2329 913 2414 962 est
2452 906 2676 969 veritas,
2715 916 2837 973 qua:
2885 899 3076 955 eadem
3101 907 3154 952 et
3191 911 3417 952 crurum

1839 1001 1988 1057 basis
2011 1011 2115 1066 est,
2149 1008 2203 1056 et
2263 998 2518 1054 manibus
2571 1004 2736 1066 atque
2789 993 2956 1064 capiti
3033 995 3418 1046 ornamentum

1842 1092 2064 1164 aliquod
2097 1091 2271 1147 affert.
2300 1092 2370 1145 At
2396 1088 2725 1144 ﬁrmamenti
2753 1099 2944 1141 vocem
2967 1084 3013 1140 si
3033 1082 3160 1153 quis
3181 1079 3250 1135 ad
3277 1095 3422 1133 mar“

1842 1187 2014 1241 moris
2044 1193 2300 1240 naturam
2356 1180 2677 1244 transferat,
2703 1193 2814 1233 non
2845 1175 3052 1232 errabit
3079 1194 3092 1229 :
3127 1174 3200 1228 ita
3229 1181 3289 1228 ut
3316 1173 3418 1226 hu-

1837 1276 2084 1348 iusmodi
2124 1275 2420 1331 verborum
2468 1273 2540 1328 sit
2587 1270 2859 1327 sententia
2901 1268 3121 1324 :Crura
3167 1265 3422 1320 videlicet

1843 1370 2094 1442 corporis
2123 1368 2247 1425 esse
2269 1367 2553 1423 columnas
2607 1376 2965 1424 marmoreas,
2997 1360 3101 1414 hoc
3137 1365 3222 1414 est
3272 1356 3418 1416 illos.

1841 1462 1934 1532 qui
1965 1461 2163 1516 illustri
2193 1459 2303 1514 vita
2334 1467 2388 1513 et
2419 1470 2552 1514 sana
2602 1453 2852 1510 doctrina
2881 1464 3172 1507 commune
3222 1462 3422 1517 corpus

1845 1550 2107 1605 Ecclesia:
2136 1555 2354 1620 gestent
2383 1556 2548 1617 atque
2607 1545 2837 1601 fulciant
2857 1560 2883 1603 ,-
2909 1557 3008 1611 per
3043 1554 3185 1611 quos
3210 1546 3264 1594 et
3296 1537 3420 1592 ﬁdei

1842 1643 1993 1698 basis
2019 1642 2173 1696 ﬁrma
2203 1647 2332 1707 stat,
2355 1637 2660 1695 etvirtutis
2691 1651 2891 1691 cursus
2916 1632 3240 1699 absolvitur,
3283 1638 3338 1685 et
3365 1629 3421 1684 in

1845 1734 2078 1790 saltibus
2104 1733 2301 1788 divinae
2333 1730 2447 1800 spei
2481 1737 2654 1783 totum
2697 1741 2900 1797 corpus
2938 1724 3225 1780 attollitur.
3258 1720 3425 1776 Fiunt

1847 1833 2028 1879 autem
2064 1826 2179 1878 haec
2210 1822 2468 1893 praeclare
2495 1836 2592 1892 per
2623 1821 2728 1875 ista
2751 1820 2882 1880 duo.
2924 1817 3187 1873 nimirum
3219 1815 3425 1870 verita-

1844 1925 1952 1972 tem
1981 1932 2044 1970 ac
2074 1915 2385 1970 firmitatem
2418 1931 2432 1968 :
2490 1914 2565 1967 ita
2592 1921 2651 1968 ut
2675 1925 2871 1965 aurum
2903 1909 2973 1965 ad
3001 1908 3289 1963 veritatem
3330 1920 3426 1960 ac—

1847 2006 2242 2070 commodetur,
2269 2019 2391 2076 quae
2419 2004 2487 2058 de
2515 2001 2671 2057 Pauli
2701 2001 2973 2058 sententia
3007 2000 3424 2054 fundamentum

1846 2096 2062 2153 aedilicii
2088 2094 2260 2150 divini
2289 2101 2375 2150 est
2415 2101 2469 2148 et
2498 2091 2721 2146 dicitur.
2766 2090 2858 2144 Sic
2883 2090 3029 2144 enim
3057 2090 3133 2142 ait
3160 2107 3174 2142 :
3199 2085 3427 2141 Funda-

1848 2198 2083 2244 mentum
2115 2187 2265 2241 aliud
2293 2201 2485 2254 ponere
2522 2199 2673 2238 nemo
2719 2192 2911 2252 potest,
2961 2192 3152 2249 prater
3203 2179 3258 2232 id
3289 2177 3429 2248 quod

1849 2279 2078 2349 positum
2107 2285 2210 2342 est,
2267 2275 2406 2346 quod
2435 2284 2514 2329 est
2563 2273 2808 2329 Christus
2841 2272 2908 2328 “.
2955 2270 3210 2325 Christus
3246 2277 3426 2323 autem

1849 2372 2053 2427 veritas
2079 2377 2186 2432 est,
2211 2370 2268 2423 in
2297 2383 2405 2438 qua
2435 2381 2598 2422 crura
2628 2365 2947 2428 lundantur,
2991 2377 3114 2432 qua:
3151 2361 3429 2415 columna:

1853 2469 1983 2518 sunt
2031 2460 2307 2516 Ecclesiae.
2375 2458 2479 2514 Per
2528 2470 2769 2511 marmor
2825 2463 3007 2509 autem
3055 2453 3428 2524 intelligamus

1851 2555 1976 2608 vita:
1999 2553 2344 2624 splendorem
2370 2561 2425 2606 et
2453 2549 2847 2612 constantiam,
2877 2557 3043 2618 atque
3073 2546 3432 2600 immutabili-

1855 2653 2021 2700 tatem
2069 2645 2124 2698 in
2157 2643 2446 2698 affectione
2499 2657 2627 2710 erga
2658 2641 2749 2694 illa
2780 2655 2902 2710 qua:
2934 2640 3076 2694 bona
3108 2648 3254 2693 sunt.
3292 2636 3431 2704 Quia

1853 2751 1984 2792 vero
2011 2737 2196 2790 multa:
2220 2746 2350 2790 sunt
2367 2735 2421 2788 in
2442 2733 2796 2788 tabernaculo
2818 2731 3116 2787 testimonii
3138 2731 3430 2790 columnae,

1857 2830 2040 2883 multa:
2081 2829 2209 2884 item
2260 2827 2542 2898 sapientia:
2591 2825 2813 2879 domum
2873 2825 3146 2879 columna:
3173 2821 3431 2886 fulciunt,

1857 2938 1981 2977 cum
2015 2922 2233 2976 interim
2266 2921 2356 2974 hic
2415 2919 2537 2974 dua-
2564 2917 2839 2974 suﬁiciant
2891 2917 2991 2971 toti
3022 2915 3243 2986 corpori
3275 2915 3434 2970 susti-

1858 3013 2038 3068 nendo
2097 3030 2112 3066 :
2174 3011 2428 3068 fortassis
2476 3011 2638 3065 aliam
2674 3008 2968 3079 quamdam
2999 3007 3068 3062 ad
3109 3009 3437 3063 sententiam

182 3092 290 3162 νῆς,
321 3093 508 3146 πολλοὶ
532 3093 588 3146 δὲ
612 3095 706 3147 καὶ
733 3095 782 3146 οἱ
818 3093 910 3146 τὸν
941 3095 1040 3164 τῆς
1072 3094 1263 3164 σοφίας
1287 3089 1434 3148 οἷκον
1459 3094 1752 3149 διαϐαστά-

1855 3105 2162 3176 aanigmatis
2213 3105 2378 3174 hujus
2413 3119 2616 3172 scopus
2659 3101 2979 3158 referendus
3033 3109 3138 3157 est.
3181 3099 3436 3156 Arbitror

184 3184 386 3246 ζοντες·
431 3184 528 3237 δύο
555 3184 613 3236 δὲ
648 3184 742 3238 νῦν
771 3184 1093 3255 ὲξαρκοῦσιν
1121 3185 1240 3238 ὅλον
1265 3186 1481 3255 ἀνέχειν
1508 3187 1592 3254 ἐφ’
1625 3186 1753 3238 ἑαυ-

183 3274 283 3328 τῶν
309 3275 367 3328 τὸ
397 3275 591 3345 σῶμαο
635 3276 775 3346 τάχα
822 3277 957 3347 πρὸς
987 3276 1153 3348 ἀλλην
1193 3277 1319 3330 τινὰ
1362 3277 1600 3330 διάνοιαν
1645 3277 1754 3349 χρὴ

188 3371 508 3437 μεταγαγεῖν
546 3368 636 3421 τὸν
667 3369 867 3421 σκοπὸν
909 3369 1003 3422 τοῦ
1051 3370 1388 3440 αἰνίγματος.
1446 3365 1616 3440 Οἶμαι
1643 3371 1758 3441 γὰρ

185 3462 266 3531 διὰ
288 3462 492 3517 τούτων
537 3463 711 3515 έκεῖνο
746 3461 1250 3526 κατασκευάζεσθαι
1284 3476 1298 3491 ·
1348 3461 1410 3514 τὸ
1455 3462 1756 3529 πολυειδεῖς

190 3552 282 3622 μὲν
311 3552 560 3623 γίνεσθαι
581 3553 679 3616 τὰς
703 3555 768 3605 ἐκ
793 3553 886 3606 τοῦ
915 3554 1080 3624 νόμου
1111 3554 1247 3624 πρὸς
1277 3553 1478 3626 ἀρετὴν
1513 3553 1752 3626 ὁδηγίας,

192 3644 349 3698 πολλά
365 3647 421 3698 δὲ
448 3646 544 3700 καὶ
564 3647 663 3716 τῆς
689 3647 877 3714 σοφίας
901 3644 1038 3699 εἶναι
1058 3645 1128 3700 τὰ
1146 3645 1599 3717 παραγγέλματα,
1619 3647 1758 3718 πρὸς

189 3736 272 3788 τὸν
301 3738 461 3790 αὐτὸν
494 3735 706 3809 ὁρῶντα
752 3736 954 3790 σκοπόν
978 3752 992 3766 ·
1039 3737 1131 3790 τὸν
1177 3736 1612 3806 συντετμημένον
1659 3736 1758 3791 τοῦ

192 3825 518 3895 Εὑαγγελίου
542 3825 721 3894 λόγον,
749 3827 828 3889 είς
857 3824 1220 3896 εύαρίθμητόν
1250 3841 1310 3878 τε
1339 3825 1434 3878 καὶ
1467 3825 1758 3879 συνεσταλ-

194 3918 343 3991 μένον
374 3920 604 3988 ἀγαγεῖν
635 3916 852 3973 ἀπασαν
879 3915 974 3968 τοῦ
1005 3917 1122 3969 κατ’
1157 3915 1357 3986 ἀρετὴν
1392 3915 1508 3986 βίου
1539 3917 1636 3987 τὴν
1667 3933 1758 3969 τε-

193 4009 430 4080 λειότητα
472 4009 712 4079 ἔγνωκεν
743 4025 760 4040 ·
808 4007 980 4072 οὕτως
1013 4007 1257 4070 εἰπόντος
1285 4007 1380 4060 τοῦ
1413 4007 1638 4078 Κυρίου,
1675 4011 1760 4064 ὅτι

204 4097 300 4154 Ἐν
328 4103 572 4168 ταύταις
611 4100 741 4168 ταῖς
771 4099 956 4155 δυσὶν
987 4099 1294 4166 ἐντολαῖς,
1339 4099 1483 4166 ὅλος
1510 4103 1543 4154 ὁ
1575 4103 1761 4170 νόμος

194 4191 285 4244 καὶ
311 4193 363 4244 οἱ
393 4189 694 4260 προφῆται
726 4189 1066 4260 κρέμανται.
1113 4191 1255 4242 Ἴσον
1277 4188 1335 4241 δὲ
1365 4189 1581 4253 πάντως
1613 4191 1761 4245 ἐστὶν

195 4283 268 4345 εἰς
307 4282 556 4354 δύναμιν,
589 4282 622 4352 ἢ
658 4282 1113 4353 ὑποκρεμάμενον
1143 4281 1356 4350 ἀνέχειν
1401 4281 1462 4334 τὺ
1507 4280 1690 4352 βάρος,
1725 4281 1761 4352 ἢ

195 4375 550 4448 ἐπικείμενον.
628 4371 722 4439 Εἷς
763 4376 874 4447 γὰρ
920 4375 986 4428 δι’
1033 4373 1358 4444 ἀμφοτέρων
1411 4372 1693 4444 θεωρεῖται
1733 4375 1762 4426 ὁ

1855 3198 2001 3253 enim
2023 3197 2129 3251 hoc
2157 3196 2331 3250 astrui
2359 3211 2456 3265 per
2479 3195 2593 3259 illa,
2633 3194 2802 3248 variis
2853 3192 3112 3247 videlicet
3156 3190 3336 3246 modis
3366 3193 3443 3244 ad

1853 3291 2108 3345 virtutem
2139 3305 2240 3345 nos
2255 3304 2352 3360 per
2377 3290 2548 3359 legem
2579 3287 2728 3352 duci,
2763 3302 2826 3341 ac
2855 3287 3028 3341 multa
3056 3301 3275 3356 quoque
3299 3301 3436 3358 pra:-

1855 3393 2010 3458 cepta
2039 3401 2163 3442 esse
2192 3384 2492 3455 sapientiae,
2533 3398 2656 3454 qua:
2708 3389 2894 3437 tamen
2921 3380 3174 3438 eumdem
3207 3380 3274 3434 ad
3317 3394 3438 3434 sco-

1855 3495 1984 3551 pum
2015 3477 2330 3547 respiciant.
2369 3476 2440 3530 At
2487 3474 2768 3530 concisum
2799 3473 3082 3545 Evangelii
3129 3486 3438 3529 sermonem

1855 3586 1920 3626 ac
1954 3569 2166 3624 facilem
2197 3575 2510 3631 numeratu,
2541 3581 2605 3621 ac
2631 3565 2780 3621 velut
2811 3567 2868 3620 in
2897 3579 3072 3637 pauca
3096 3572 3437 3620 contractam

1854 3663 1980 3717 vita:
2020 3660 2210 3715 virtuti
2243 3669 2626 3715 consentaneae
2651 3657 3041 3728 perfectionem
3087 3671 3190 3712 nos
3238 3656 3445 3710 ducere

1833 3753 2132 3827 _cognovit.
2182 3751 2274 3804 Ait
2325 3751 2471 3804 enim
2533 3747 2840 3804 Dominus:
2893 3748 2971 3801 Ab
3030 3748 3174 3802 hisce
3231 3747 3442 3802 duobus

1859 3844 2126 3899 mandatis
2159 3843 2244 3896 lea:
2303 3851 2414 3896 tota
2445 3841 2629 3910 pendet
2651 3859 2712 3895 ac
2742 3841 3008 3909 propheta:
3035 3840 3103 3894 ⁴⁵.
3135 3838 3281 3894 l‘dem
3310 3853 3444 3893 vero-

1857 3947 1962 4000 est,
1989 3936 2104 3991 sive
2129 3934 2259 4005 quid
2293 3934 2476 3988 oneris
2514 3939 2842 4002 suspensum
2872 3931 2941 3986 de
2969 3938 3042 3996 te,
3069 3930 3183 3986 sive
3212 3929 3441 3999 imposi-s

1859 4027 2295 4083 tum-sustineas.
2315 4024 2452 4079 Nam
2475 4027 2645 4081 robur
2668 4026 2836 4087 illius,
2861 4024 2954 4094 qui
2979 4023 3193 4094 pondus
3217 4021 3442 4092 aliquod

1860 4127 2057 4191 gestat,
2070 4126 2302 4188 utroque
2324 4117 2486 4173 modo
2507 4117 2868 4173 consimiliter
2894 4112 3440 4170 intenditurﬂtenim

1860 4211 2005 4265 ferre
2030 4207 2163 4264 illud
2180 4225 2247 4263 ex
2267 4224 2424 4279 aequo
2449 4209 2671 4275 dicitur,
2702 4207 2817 4263 sive
2844 4222 3148 4277 appensum
3176 4222 3318 4260 onus
3342 4207 3436 4268 sit,

1863 4303 1980 4357 sive
2002 4317 2165 4354 manu
2199 4300 2444 4368 subjecta
2467 4299 2600 4370 quid
2649 4307 2843 4370 gestet,
2879 4299 3061 4365 Quare
3102 4313 3225 4353 cum
3253 4297 3440 4352 Domi-

1865 4410 1968 4448 nus
1988 4392 2209 4464 quidem
2247 4392 2416 4456 dicat,
2469 4391 2650 4446 abhis
2679 4391 2896 4445 duobus
2949 4390 3222 4445 mandatis
3267 4390 3440 4458 legem

194 4467 286 4536 τῆς
315 4468 596 4547 δυνάμεως
625 4467 776 4531 τόνος
801 4508 818 4534 ,
871 4465 966 4520 τοῦ
1016 4465 1136 4518 καθ’
1179 4464 1436 4534 ἑκάτερον
1477 4463 1676 4536 τρόπον
1705 4463 1752 4517 τί

1872 4487 2182 4540 universam
2228 4500 2350 4536 cum
2377 4482 2658 4552 prophetis
2688 4481 2953 4551 pendere;
3005 4496 3206 4550 sponsa
3237 4495 3368 4533 vero
3407 4494 3442 4532 a

196 4557 346 4628 ἄχθος
373 4552 748 4631 βαστάζοντος.
777 4559 935 4631 Φέρει
966 4555 1072 4629 γὰρ
1101 4555 1298 4627 ὁμοίως
1319 4556 1384 4609 δι’
1409 4556 1621 4619 ἑαυτοῦ,
1649 4554 1758 4614 εἴτε

197 4650 564 4722 ἐπηρτημένον
589 4651 698 4722 ἔχει
724 4651 788 4714 σεδ
811 4649 996 4721 βάρος,
1017 4649 1130 4701 εἴτε
1161 4647 1534 4718 ὑπολαμϐάνοι
1563 4649 1629 4718 τῇ
1662 4663 1762 4699 πα-

195 4738 336 4814 λάμῃ
366 4743 426 4797 τὸ
470 4741 891 4814 βασταζόμενον.
951 4739 1104 4793 Ἐπεὶ
1145 4735 1238 4793 οὖν
1267 4741 1295 4792 ὁ
1337 4739 1434 4809 μὲν
1466 4739 1668 4809 Κύριος
1700 4740 1759 4792 έν

196 4832 407 4900 ταύταις
439 4833 572 4904 φησὶ
601 4835 721 4898 ταῖς
743 4833 891 4886 δυσὶν
919 4832 1158 4894 ἐντολαῖς
1186 4831 1305 4884 ὅλον
1335 4831 1427 4884 τὸν
1461 4829 1624 4900 νόμον
1666 4829 1762 4882 καὶ

197 4925 312 4986 τοὺς
345 4925 626 4996 προφήτας
653 4922 993 4994 κρέμασθαι·
1035 4922 1130 4976 νῦν
1153 4921 1208 4974 δὲ
1235 4924 1267 4993 ἡ
1297 4923 1480 4992 νύμφη
1511 4920 1602 4974 δύο
1629 4921 1760 4974 στύ-

199 5010 301 5076 λοις
328 5016 420 5069 ἐπὶ
451 5014 666 5085 χρυσῶν
705 5013 970 5084 θεμελίων
1003 5012 1261 5082 βεϐηκόσι
1295 5012 1658 5082 βαστάζεσθαι
1683 5012 1766 5065 λέ-

200 5117 277 5172 γει
303 5106 360 5159 τὸ
387 5106 547 5177 σῶμα
567 5123 580 5136 ·
629 5104 810 5168 καλῶς
839 5105 906 5158 ἂν
935 5104 1049 5174 ἔχοι
1093 5105 1227 5176 πρὸς
1255 5105 1353 5174 τὴν
1396 5104 1628 5174 θεωρίαν
1669 5103 1763 5157 τοῦ

201 5196 331 5250 κατά
359 5181 458 5261 τὰς
485 5199 698 5270 κνήμας
721 5196 1059 5268 αἰνίγματος,
1089 5195 1533 5266 συμπαραλαὸεῖν
1553 5195 1653 5258 τὰς
1670 5194 1764 5247 δύο

202 5286 404 5352 ἐντολὰς
437 5289 672 5350 ὲκείνας.
726 5282 828 5343 Ὧν
866 5287 964 5357 τὴν
1004 5287 1125 5356 μὲν,
1177 5285 1398 5357 πρώτην
1443 5286 1695 5356 ὀνομάζει
1737 5288 1765 5339 ὁ

203 5379 412 5451 Κύριος,
450 5382 550 5454 τὴν
581 5381 674 5446 δὲ,
719 5380 910 5451 ὁμοίαν
952 5383 1018 5450 τῇ
1066 5378 1254 5450 πρώτῃ
1304 5378 1503 5446 λέγων·
1557 5379 1618 5430 τὸ
1663 5378 1760 5449 μὲν

203 5471 407 5544 ἀγαπᾷν
441 5475 531 5528 τὸν
558 5475 689 5528 Θεὸν
716 5474 774 5540 ἐξ
799 5473 926 5542 ὅλης
954 5473 1053 5542 τῆς
1085 5471 1307 5542 καρδίας
1339 5471 1432 5524 καὶ
1461 5471 1639 5542 ψυχῆς
1668 5473 1762 5525 καὶ

205 5561 490 5636 δυνάμεως,
510 5565 608 5637 τὴν
632 5563 854 5637 πρώτην
876 5562 1094 5633 ἐντολὴν
1124 5557 1297 5615 εἶναι’
1330 5560 1390 5613 τὸ
1420 5559 1476 5614 δὲ
1501 5560 1592 5614 τὸν
1622 5559 1760 5629 πλη-

1864 4577 2075 4631 duabus
2101 4574 2392 4636 columnis,
2423 4588 2544 4643 quae
2576 4571 2946 4626 fundamentis
2972 4571 3154 4626 aureis
3187 4570 3440 4624 inuitan-

1863 4677 1975 4735 tur,
2006 4667 2208 4738 gestari
2238 4681 2436 4736 corpus
2480 4671 2868 4719 commemoret
2896 4681 2918 4729 ;-
2945 4669 3090 4716 recte
3119 4661 3439 4726 fecerimus,

1866 4761 1913 4814 si
1943 4758 2010 4813 ad
2040 4756 2552 4825 contemplationem
2587 4753 2753 4823 hujus
2780 4754 2848 4807 de
2873 4754 3130 4807 cruribus
3180 4752 3441 4822 aenigma-

1865 4851 1980 4914 tis,
2054 4849 2164 4903 duo
2235 4848 2325 4902 illa
2401 4846 2652 4900 mandata
2738 4843 3173 4898 adhibuerimus.
3234 4841 3438 4897 Eorum

1864 4947 2133 5013 alterum,
2193 4945 2427 5014 primum
2496 4942 2730 5012 appellat
2795 4941 3094 5017 Dominus,
3155 4942 3441 5007 alterum,

1864 5035 2040 5102 primo
2062 5033 2258 5089 simile.
2285 5030 2466 5102 lnquit
2487 5032 2656 5095 enim,
2683 5030 2852 5086 Deum
2875 5039 2990 5084 toto
3016 5030 3206 5093 corde,
3239 5039 3293 5086 et
3325 5033 3439 5084 ani-

1866 5142 1978 5192 mo,
2031 5133 2084 5181 et
2136 5125 2398 5182 facultate
2434 5125 2629 5178 virium
2665 5123 2913 5193 diligere,
2974 5123 3290 5176 mandatum
3328 5123 3438 5190 pri-

1865 5232 2016 5273 mum
2038 5233 2192 5282 esse;
2216 5216 2522 5286 proximum
2576 5229 2706 5269 vero
2731 5214 2959 5284 diligere
2987 5213 3144 5282 quasi
3172 5213 3436 5282 seipsum,

1865 5308 1987 5376 eius
2016 5322 2144 5361 vero
2175 5305 2414 5360 mandati
2445 5305 2555 5360 vim
2586 5317 2772 5374 parem
2801 5319 2944 5366 esse,
2979 5319 3100 5373 quae
3128 5303 3200 5359 sit
3249 5301 3434 5372 primi.

1867 5397 2070 5452 Paulus
2100 5397 2286 5461 etiam,
2335 5394 2464 5449 dum
2525 5394 2682 5466 quasi
2713 5393 3022 5463 quamdam»
3045 5393 3288 5458 domum,
3316 5408 3441 5463 qua:

1869 5488 2039 5543 Deum
2067 5488 2585 5557 excipiat,magnum
2613 5487 2765 5540 illum
2797 5485 3140 5540 Timotheum
3177 5484 3434 5549 exstruit,

1869 5581 2007 5635 duas
2033 5581 2196 5633 hasce
2229 5579 2511 5633 columnas
2573 5578 2626 5631 in
2673 5593 2740 5633 eo
2767 5577 2980 5636 statuit.
3013 5591 3246 5634 auarum
3277 5572 3441 5631 alteti

257 5748 299 5776 ”
329 5745 499 5802 Calat.
533 5765 592 5809 ll,
617 5750 667 5801 9.
745 5748 788 5780 ⁸³
819 5747 836 5800 l
869 5746 1104 5801 Timoth.
1137 5763 1216 5809 tu,
1388 5745 1433 5775 δι
1463 5741 1482 5796 l
1514 5742 1641 5824 Cor.
1684 5758 1752 5796 ιιιη

1853 5744 1885 5795 L.
1965 5739 2008 5770 "
2027 5737 2216 5814 Matth.
2249 5736 2414 5798 11,10.
