3812 6228
360 255 506 320 1U79

1604 264 1662 326 5.
1694 267 2026 326 GREGORII
2059 265 2354 325 NYSSENI

3497 266 3641 324 σθω

353 382 482 437 ﬁdei
509 395 705 437 nomen
734 378 898 448 indit,
957 380 1181 440 alteram
1237 387 1636 443 conscientiam
1675 390 1930 446 vocat“.

2067 388 2152 442 r(ou
2181 387 2259 452 ὡς
2287 385 2503 450 ἐαυτὸν,
2553 383 2891 452 ισοδυναμιῖν
2923 385 2989 457 τῇ
3286 379 3457 435 Ἀλλά
3484 383 3578 436 καὶ
3607 385 3641 436 6

354 475 458 530 Per
487 473 648 529 ﬁdem
675 474 932 546 intelligit
957 475 1306 534 dilectionem
1339 494 1469 548 erga
1499 478 1694 544 Deum,
1722 481 1792 537 de
1821 488 1940 537 toto

355 569 542 632 corde,
596 577 652 634 et
694 568 899 637 animo,
933 575 988 624 et
1017 569 1218 628 virium
1275 569 1536 630 facultate
1582 573 1883 644 profectam
1924 594 1938 629 :

358 675 455 734 per
484 660 683 716 bonam
701 674 832 717 vero
849 660 1269 729 conscientiam,
1285 662 1629 724 affectionem
1645 667 1941 740 quamdam

357 767 488 821 erga
519 753 852 824 proximum,
884 768 1011 810 cum
1074 769 1260 814 amore
1291 757 1667 828 coniunctam.
1697 758 1765 814 Et
1823 759 1941 815 for-

359 843 526 899 tassis
577 843 694 905 hac
743 845 1020 917 posterius
1050 860 1083 900 a
1135 847 1297 903 nobis
1363 848 1586 905 inventa
1634 851 1940 916 sententia,

359 934 530 1007 priori
560 935 751 1004 sensui
799 950 910 995 non
940 936 1286 1002 adversatur.
1349 936 1485 996 Nam
1515 956 1613 1011 per
1645 950 1943 1013 utrumque

359 1026 560 1084 horum
588 1028 875 1084 columnas
905 1027 1028 1086 ﬁeri
1083 1029 1213 1085 licet
1251 1030 1409 1098 tales,
1437 1032 1631 1102 quales
1657 1040 1815 1092 erant
1841 1032 1946 1091 Pe-

360 1129 504 1182 trus,
532 1115 794 1186 Iacobus,
826 1119 1090 1185 Joannes,
1114 1131 1170 1182 et
1205 1122 1254 1178 si
1289 1123 1412 1193 quis
1443 1124 1586 1182 alius
1624 1125 1729 1180 hoc
1760 1127 1944 1182 nomi-

360 1223 430 1263 ne
451 1208 537 1264 vel
590 1208 699 1264 fuit
729 1211 965 1266 antehac
990 1213 1074 1267 vel
1104 1212 1211 1267 erit
1248 1212 1510 1284 deinceps
1537 1213 1760 1285 dignus.
1807 1213 1943 1274 Nam

362 1300 459 1368 qui
499 1301 556 1364 in
595 1300 749 1357 hisce
781 1301 999 1360 duobus
1055 1303 1333 1362 mandatis
1357 1305 1632 1376 perlectus
1674 1315 1781 1374 est,
1816 1307 1864 1363 is
1891 1317 1948 1366 et

363 1392 628 1450 columna
664 1393 726 1458 ﬁt
775 1403 832 1449 et
866 1394 1272 1454 ﬁrmamentum
1303 1398 1574 1466 veritatis,
1601 1406 1665 1454 ut
1711 1399 1947 1470 Aposto-

363 1482 454 1540 lus
484 1484 729 1556 loquitur
753 1481 821 1539 ".
857 1485 1117 1566 Adeoque
1139 1488 1352 1546 duabus
1384 1489 1538 1548 hisce
1558 1493 1837 1562 praeclaris
1861 1508 1949 1549 re-

361 1576 468 1630 bus
506 1577 826 1634 universum
875 1576 1137 1653 Ecclesia:
1181 1595 1384 1651 corpus
1421 1582 1581 1652 quasi
1617 1583 1947 1654 quibusdam

360 1666 625 1738 cruribus
657 1667 942 1737 innititur,
973 1684 1146 1726 aureo
1179 1670 1332 1729 basis
1386 1672 1538 1733 illius
1570 1673 1947 1741 fundamento,

361 1771 484 1826 qua
530 1755 666 1813 ﬁdes
703 1765 809 1824 est,
860 1758 1297 1818 immobilitstem
1356 1777 1467 1820 non
1505 1765 1826 1822 mutabilem
1885 1776 1944 1823 et

361 1851 725 1909 constantiam
759 1851 814 1906 in
842 1852 990 1906 omni
1017 1853 1161 1908 bono
1193 1855 1356 1910 animi
1385 1854 1626 1914 indente.

2041 479 2254 543 Παῦλος
2278 475 2390 533 οἶόν
2416 495 2538 532 τινα
2561 474 2708 530 οἷκον
2735 476 2982 532 δεκτικὸν
3009 461 3104 528 τοῦ
3132 472 3270 527 Θεοῦ
3297 473 3640 528 κατασκευά-

2041 571 2152 638 ζων
2198 573 2290 626 τὸν
2347 573 2521 644 μέγαν
2562 568 2844 640 Τιμόθεον,
2876 567 3004 631 τοὺς
3034 567 3127 621 δύο
3155 565 3382 630 τούτους
3422 565 3640 637 ῑστησιν

2042 666 2101 719 ἐν
2131 663 2310 735 ἐαυτῷ
2337 663 2583 726 στύλους,
2619 661 2697 732 τῷ
2731 660 2830 732 μὲν
2857 659 3030 730 θνομα
3055 658 3281 728 θέμενος
3320 656 3536 720 πίστιν,
3561 653 3642 726 τῷ

2043 757 2100 812 st
2135 757 2309 830 ἑτέρῳ
2343 754 2672 827 συνείδησιν.
2724 754 2823 808 Δια
2856 753 2957 824 μὲν
3000 752 3101 823 τῆς
3131 752 3389 815 πίστεως,
3421 750 3529 821 τὴν
3557 751 3641 813 είς

2042 849 2178 903 Θεδν
2200 849 2423 920 ἀγάπην
2465 849 2562 919 τὴν
2587 845 2648 912 ἐξ
2675 847 2805 918 ὅλης
2834 843 3060 915 καρδίας
3087 861 3148 896 τε
3177 844 3271 897 καὶ
3300 840 3513 912 ψυχῆς,
3543 839 3640 894 καὶ

2043 939 2325 1012 δυνάμεως
2346 939 2628 1012 σημαίνων
2647 957 2660 970 ·
2693 938 2782 991 διὰ
2805 934 2863 991 δὲ
2883 937 2983 1007 τῆς
3013 934 3220 1006 ἀγαθῆς
3247 932 3639 1005 συνειδήσεως,

2043 1031 2144 1104 τὴν
2173 1032 2520 1103 ἁγαπητικὴν
2570 1033 2649 1094 είς
2689 1029 2782 1084 τὸν
2814 1027 3040 1097 πλησίον
3064 1025 3326 1082 διάθεσιν.
3371 1025 3536 1096 Τάχα
3580 1021 3640 1078 ἃ

2043 1125 2144 1182 οὐκ
2172 1122 2508 1183 ἐναντιοῦται
2535 1119 2614 1193 τῷ
2654 1119 2907 1193 προτέρῳ
2933 1120 3166 1191 νοήματι
3193 1121 3230 1191 ἡ
3275 1118 3372 1173 νῦν
3403 1119 3639 1191 ἐφευρε-

2047 1215 2202 1276 θεῑσα
2243 1215 2467 1270 διάνοια.
2540 1216 2619 1270 Δι’
2661 1211 2988 1284 ἀμφοτέρων
3031 1211 3140 1282 γάρ
3168 1210 3372 1265 τούτοιν
3421 1211 3550 1264 ἐστὶ
3577 1208 3642 1264 τό

2046 1306 2298 1377 γενέσθαι
2334 1304 2580 1371 στύλους,
2621 1307 2748 1370 τοὺς
2783 1304 2927 1360 κατὰ
2965 1301 3192 1374 Πέτρον,
3219 1303 3313 1355 καὶ
3355 1300 3639 1364 Ἰάκωϐον,

2046 1398 2144 1454 καὶ
2184 1399 2454 1468 Ἰωάννην,
2508 1397 2604 1452 καὶ
2648 1396 2703 1452 ετ
2758 1409 2842 1459 τις
2887 1393 3046 1456 ἄλλος
3085 1392 3206 1446 κατ’
3253 1390 3504 1455 ἐκείνους
3548 1388 3642 1444 τοῦ

2047 1491 2292 1546 τοιουτου
2319 1488 2582 1561 ὀνόματος
2623 1487 2772 1555 ἄξιος
2801 1485 2834 1556 ἢ
2867 1485 3094 1554 γέγονεν
3121 1483 3156 1556 η
3188 1484 3511 1555 γενήσεται.
3585 1482 3646 1536 '0

2048 1585 2158 1658 γὰρ
2204 1586 2264 1640 ἐν
2308 1580 2538 1648 ταύταις
2579 1581 2730 1636 δυσὶν
2759 1580 3000 1643 ἐντολαῖς
3043 1578 3370 1644 τελειωθεὶς,
3421 1575 3644 1645 στύλος,

2050 1679 2144 1732 καὶ
2171 1676 2450 1747 ἑδραίωμα
2477 1676 2576 1746 τῆς
2604 1673 2861 1745 ἀληθείας
2900 1669 3044 1726 κατὰ
3087 1670 3186 1743 τὴν
3227 1668 3322 1723 τοῦ
3371 1669 3641 1722 ’Δποστό-

2050 1769 2143 1822 λου
2180 1766 2363 1838 φωνὴν
2393 1763 2882 1828 κατασκευάζεται.
2933 1761 3096 1816 Ὥστε
3145 1764 3259 1825 τοῖς
3305 1759 3400 1814 δύο
3430 1759 3641 1823 τούτοις

2053 1859 2469 1932 κατορθώμασιν
2497 1858 2615 1913 ὅλον
2641 1858 2702 1911 τδ
2741 1856 2899 1927 σῶμα
2928 1855 3027 1927 τῆς
3070 1853 3327 1924 ἀληθείας
3385 1853 3645 1923 καθάπερ

363 1941 598 2018 κνήμαις
639 1943 782 1996 τισὶν
829 1943 1222 2016 ἐπερείδεσθαι,
1263 1945 1358 2001 τοῦ
1405 1945 1608 2017 χρυσοῦ
1635 1945 1885 2019 θεμελίου
1923 1950 2024 2022 τῆς
2050 1952 2192 2006 κατὰ
2215 1951 2314 2022 τὴν
2330 1951 2512 2004 πίστιν
2526 1949 2754 2020 βάσεως,
2771 1947 2832 2001 τὸ
2855 1945 3070 2011 ἀκλινές
3097 1960 3154 2000 τε
3172 1946 3265 1999 καὶ
3281 1944 3639 2016 ἀμετάθετον.

363 2032 458 2084 καὶ
478 2033 539 2086 τὸ
562 2033 621 2086 ἐν
658 2034 819 2087 παντὶ
855 2035 1046 2107 ἀγαθῷ
1071 2037 1268 2107 πάγιον
1289 2041 1401 2104 τοῖς
1433 2040 1711 2111 λογισμοῖς
1731 2043 2103 2114 ἐμποιοῦντος.

435 2125 567 2181 Post
604 2126 704 2183 bas
736 2143 866 2186 vero
900 2129 1087 2189 laudes
1131 2133 1289 2202 quasi
1331 2133 1523 2204 paucis
1564 2135 1744 2190 verbis
1788 2150 1948 2206 repe-

2122 2138 2278 2192 Μετὰ
2318 2136 2376 2192 δέ
2411 2138 2538 2200 τοὺς
2569 2135 2823 2201 ἐπαίνους
2853 2133 3107 2197 τοῦτους,
3149 2129 3404 2200 καθάπερ
3446 2129 3642 2184 ἀνακε-

366 2225 488 2273 tens
535 2218 846 2276 universam
889 2223 1083 2290 sponsi
1137 2224 1625 2295 pulchritudinem,
1657 2228 1774 2283 ait:
1811 2226 1943 2298 Sps-

365 2310 469 2364 cies
499 2309 688 2380 ipsius,
716 2321 774 2365 ut
800 2311 994 2370 electus
1017 2311 1277 2381 Liburnus,
1312 2326 1370 2372 ut
1414 2317 1580 2372 cedri.
1608 2315 1806 2371 Guttur
1827 2316 1942 2386 ejus

367 2401 610 2467 dulcedo,
649 2418 714 2456 ac
748 2402 826 2456 nil
854 2403 961 2460 nisi
988 2403 1318 2464 desiderium
1343 2417 1446 2471 est,
1476 2416 1731 2477 cognatus
1771 2422 1942 2472 meus,

367 2501 417 2546 et
459 2492 734 2562 prosimus
800 2492 953 2556 mihi,
1021 2492 1154 2562 ﬁlia:
1233 2492 1559 2552 Jerusalem.
1622 2492 1834 2561 Quibus
1887 2493 1944 2549 in

369 2583 549 2638 verbis
585 2583 790 2640 clarius
841 2584 1085 2640 indicare
1117 2599 1375 2656 sponsam
1425 2583 1686 2650 arbitror,
1735 2583 1944 2640 versari

369 2676 680 2733 encomium
714 2676 890 2748 ipsius
921 2678 977 2732 in
1004 2693 1069 2732 ea
1114 2679 1305 2748 sponsi
1362 2677 1786 2748 pulchritudine,
1824 2693 1948 2749 quae

371 2767 474 2823 sub
502 2777 786 2838 aspectum
816 2767 995 2824 cadat.
1045 2767 1103 2824 ld
1143 2779 1326 2825 autem
1375 2770 1637 2845 intelligo.
1666 2786 1763 2841 per
1817 2771 1945 2838 hoc,

371 2857 518 2927 quod
553 2857 658 2914 sub
691 2859 883 2916 oculos
912 2860 1080 2922 cadit.
1109 2860 1178 2916 de
1205 2877 1316 2931 quo
1341 2862 1500 2931 quasi
1530 2861 1804 2932 quoddam
1827 2877 1949 2917 cor-

372 2964 478 3022 pus
519 2951 807 3008 constituit
862 2951 1178 3022 Apostolus,
1235 2953 1483 3010 collectis
1539 2952 1799 3010 membris
1837 2953 1951 3010 sine

373 3042 539 3112 gulis,
590 3059 713 3116 quae
781 3043 1052 3116 integram
1122 3043 1424 3100 Ecclesiam
1494 3043 1808 3104 absolvunt.
1862 3045 1953 3100 Ait

375 3138 522 3195 enim
553 3152 756 3209 sponsa
786 3152 950 3191 unam
998 3137 1171 3207 ipsius
1231 3137 1466 3206 speciem
1527 3151 1652 3193 esse
1709 3135 1952 3192 infinitas

375 3228 499 3284 illas
536 3227 754 3292 cedros,
791 3226 992 3298 quibus
1023 3226 1266 3297 undique
1315 3223 1560 3283 Libanus
1595 3225 1810 3282 cinctus
1858 3227 1950 3282 sit.

378 3319 592 3387 Quibus
627 3320 808 3376 verbis
837 3318 1131 3391 signiﬁcat,
1163 3318 1298 3373 nihil
1331 3318 1539 3374 humile
1571 3333 1749 3389 neque
1802 3318 1953 3389 abje-

379 3423 529 3471 ctum
560 3413 629 3470 ad
659 3420 1002 3488 venustatem
1036 3411 1288 3483 corporis
1333 3411 1483 3466 illius
1518 3413 1789 3476 conferre,
1846 3412 1954 3468 nisi

2049 2228 2424 2301 φαλαιουμένη
2473 2228 2594 2282 ὅλον
2638 2225 2734 2282 τοῦ
2781 2229 3016 2299 νυμφίου
3072 2224 3133 2280 τὸ
3185 2223 3420 2287 κάλλος,
3456 2220 3638 2292 φησίν·

2049 2319 2230 2389 Εἶδος
2271 2321 2460 2377 αὐτοῦ
2483 2361 2500 2385 ,
2543 2319 2625 2388 ὡς
2655 2322 2912 2388 Λίϐανος
2951 2316 3269 2388 ἐκλεκτὸς,
3299 2317 3379 2383 ὡς
3421 2314 3639 2382 κέδροι.

2051 2414 2292 2484 Φάρυγξ
2331 2407 2519 2467 αὑτοῦ
2567 2411 2949 2484 γλυκασμὸς,
2995 2410 3095 2464 καὶ
3140 2409 3287 2474 ὅλος
3323 2408 3641 2475 ἐπιθυμία,

2051 2495 2229 2569 οὗτος
2273 2498 2600 2570 ἁδελφιδός
2645 2518 2787 2571 μου,
2823 2499 2920 2556 καί
2967 2492 3149 2564 οὗτος
3193 2496 3472 2564 πλησίον
3500 2513 3636 2565 μου,

2051 2592 2371 2663 θυγατέρες
2413 2591 2843 2662 ’Ῑηρουσαλήμ
2887 2592 2977 2644 Ἐν
2999 2591 3175 2660 τούτῳ
3220 2588 3334 2660 γὰρ
3364 2584 3515 2658 οἶμαι
3549 2603 3642 2641 σα·

2053 2685 2314 2756 φέστερον
2343 2683 2510 2756 αὐτὴν
2554 2682 2953 2753 διασημαίνειν,
2982 2682 3067 2734 ὅτι
3098 2681 3156 2733 τὸ
3191 2679 3324 2750 περὶ
3360 2679 3424 2733 τὸ
3453 2674 3639 2748 βλεπό-

2057 2793 2214 2847 μενον
2259 2774 2354 2829 τοῦ
2405 2775 2638 2845 νυμφίου
2680 2773 2873 2836 κάλλος
2918 2772 3066 2824 ἐστὶν
3105 2773 3134 2824 6
3165 2770 3428 2834 ἔπαινος⁸
3473 2768 3639 2822 ἐκεῖνό

2054 2884 2198 2938 φημι
2229 2867 2290 2920 τὸ
2319 2866 2681 2938 βλεπόμενον,
2722 2863 2751 2918 6
2780 2864 2866 2918 διὰ
2895 2862 3003 2917 τῶν
3039 2862 3163 2916 καθ’
3204 2862 3440 2916 ἕκαστον
3471 2859 3641 2931 μελῶν

2054 2957 2164 3014 τῶν
2195 2958 2660 3030 συμπληρούντων
2693 2957 2791 3026 τὴν
2833 2954 3180 3026 Ἐκκλησίαν,
3215 2954 3587 3024 σωματοποιεῖ
3611 2951 3640 3004 ό

2067 3047 2403 3112 ’Λπόστολος
2435 3049 2532 3101 Ἓν
2558 3047 2668 3119 γάρ
2697 3043 2836 3110 εἶδος
2860 3047 3024 3100 αὑτοῦ
3062 3063 3228 3117 φησιν
3251 3040 3402 3097 εἶναι
3423 3042 3519 3106 τὰς
3549 3057 3638 3111 μυ-

2058 3137 2247 3208 ριάδας
2277 3137 2388 3190 τῶν
2417 3137 2644 3208 κέδρων,
2679 3131 2769 3199 αἷς
2798 3135 3100 3205 διείληπται
3130 3132 3473 3204 πανταχόθεν
3498 3132 3526 3184 ὀ
3553 3128 3637 3183 Al-

2058 3228 2236 3292 σανος.
2273 3228 2521 3299 Δηλοῠσα
2550 3228 2640 3282 διὰ
2661 3228 2771 3282 τῶν
2798 3227 3126 3298 λεγομένων,
3155 3229 3241 3280 ὃτι
3271 3226 3433 3279 οὐδὲν
3458 3241 3636 3277 tueat-

2059 3322 2148 3376 νὺν
2179 3322 2271 3375 καὶ
2299 3322 2637 3393 χαμαίζηλον
2669 3321 2914 3374 συντελεῖ
2940 3321 3075 3393 πρὸς
3100 3320 3199 3392 τὴν
3223 3319 3532 3390 εὐμορφίαν
3551 3314 3637 3368 τοῦ

2063 3412 2333 3482 σώματος,
2363 3412 2459 3465 ἐὰν
2489 3414 2563 3483 μή
2595 3429 2648 3465 τι
2675 3413 2816 3466 κατὰ
2842 3413 2942 3484 τὴν
2970 3413 3160 3483 κέδρον
3189 3411 3398 3481 (ialm,le
3424 3411 3528 3480 εἰη,
3553 3404 3639 3461 καὶ

381 3506 615 3566 sublime
647 3507 720 3563 sit
751 3505 930 3564 instar
978 3503 1152 3568 cedri,
1211 3519 1272 3559 ac
1319 3508 1524 3559 vertice
1579 3521 1680 3562 suo
1734 3520 1953 3562 sursum

2067 3505 2200 3576 πρὸς
2216 3508 2284 3576 τῇ
2306 3507 2516 3576 κορυφῇ
2541 3505 2911 3574 ἐπειγόμενον.
2937 3504 3155 3558 Μᾶλλον
3173 3503 3230 3556 δέ
3256 3503 3316 3556 τὸ
3345 3501 3640 3574 παρατεθὲν

379 3597 590 3654 tendat.
624 3593 813 3654 Satius
845 3601 1026 3652 autem
1065 3594 1250 3659 fuerit,
1285 3602 1347 3650 ut
1381 3596 1516 3651 illud
1549 3597 1692 3667 quod
1717 3598 1956 3667 primum

383 3692 525 3747 inter
591 3691 1033 3761 comparationes
1081 3688 1320 3760 positum
1359 3697 1466 3753 est,
1525 3690 1957 3745 consideremus.

388 3781 598 3851 Species
636 3783 828 3851 ipsius,
863 3782 1062 3853 inquit,
1093 3793 1152 3836 ut
1213 3781 1408 3837 electus
1440 3780 1698 3837 Libanus.
1756 3780 1964 3836 Electio

387 3871 622 3944 alicujus
654 3872 734 3930 rei
774 3873 852 3942 ﬁt,
890 3889 1012 3928 cum
1056 3873 1219 3942 juxta
1275 3889 1395 3929 eam
1428 3873 1766 3928 contrarium
1829 3871 1962 3941 quid

385 3968 712 4024 collocatur.
747 3964 936 4036 Itaque
963 3980 1090 4020 cum
1124 3979 1233 4020 una
1265 3965 1394 4020 boni
1422 3965 1713 4034 appellatio
1745 3962 1963 4020 diversa

388 4055 683 4129 signiﬁcet,
707 4069 773 4111 ac
802 4055 965 4112 simul
990 4055 1059 4111 de
1105 4071 1174 4112 eo
1236 4063 1553 4126 usurpetur,
1587 4053 1734 4126 quod
1775 4068 1963 4111 revera

387 4148 593 4204 bonum
629 4154 733 4212 est,
759 4156 815 4202 et
843 4145 989 4218 quod
1023 4147 1132 4203 tale
1166 4162 1277 4202 non
1306 4155 1412 4211 est,
1463 4146 1560 4204 sed
1593 4162 1689 4216 per
1715 4146 1964 4202 fraudem

388 4256 514 4298 esse
544 4255 602 4296 se
640 4240 847 4297 bonum
899 4239 1142 4304 simulat,
1196 4239 1362 4309 idque
1391 4237 1607 4295 videtur
1662 4253 1784 4294 esse
1816 4236 1966 4308 quod

389 4347 504 4390 non
538 4331 782 4404 est:qui
829 4331 887 4386 in
943 4331 1073 4385 boni
1137 4329 1532 4400 dijudicatione
1584 4343 1697 4384 non
1735 4327 1963 4392 fallitur,

391 4425 541 4498 quod
591 4422 791 4480 eximie
846 4422 1156 4492 selectequc
1209 4421 1410 4477 bonum
1470 4427 1575 4484 est,
1641 4433 1876 4475 erroneo
1911 4425 1968 4475 et

393 4515 575 4572 fallaci
600 4531 708 4570 non
735 4512 974 4584 praefert.
1011 4511 1378 4579 Quamobrem
1417 4527 1542 4568 cum
1579 4511 1684 4567 hoc
1714 4510 1836 4565 loco
1897 4509 1967 4566 ad

393 4609 631 4665 electum.
661 4604 930 4664 Libanum
971 4604 1158 4675 sponsi
1215 4603 1445 4658 formam
1477 4609 1780 4674 comparat,
1834 4616 1968 4656 con-

395 4707 659 4757 sentanea
693 4697 906 4753 ratione
945 4697 1241 4765 colligitur,
1271 4695 1478 4750 moneri
1507 4710 1608 4750 nos
1641 4705 1701 4750 ut
1730 4693 1968 4750 Libanos

2058 3598 2116 3652 ἐν
2171 3600 2284 3662 τοῖς
2335 3597 2648 3670 είρημένοις
2700 3597 2920 3668 πρῶτον
2967 3596 3436 3666 κατανοήσωμεν.
3469 3590 3639 3659 Εἶδος

2057 3691 2277 3757 αὑτοῦ,
2317 3689 2504 3761 φησιν,
2547 3689 2628 3755 ὡς
2671 3690 2928 3756 Λίϐανος
2967 3689 3273 3751 ἐκλεκτός.
3318 3684 3554 3756 Ἐκλογὴ
3588 3682 3642 3736 δι

2060 3781 2261 3845 παντὸς
2291 3781 2614 3852 πράγματος
2636 3779 2726 3833 διὰ
2752 3779 2855 3850 τῆς
2886 3779 2980 3833 τοῦ
3006 3778 3250 3833 ἐναντίου
3294 3775 3642 3848 παραθέσεως

2059 3874 2282 3944 γίνεται.
2327 3875 2482 3927 Ἐπεὶ
2503 3869 2600 3928 οὖν
2619 3873 2910 3944 ὁμώνυμόν
2939 3873 3057 3925 ἐστι
3085 3871 3147 3924 τὸ
3174 3870 3379 3939 ἀγαθὸν
3399 3909 3414 3933 ,
3449 3868 3544 3921 ἐπί
3585 3882 3640 3919 τε

2059 3964 2153 4020 τοῦ
2182 3966 2350 4029 ὅντως
2390 3965 2542 4028 ὄντος
2567 3965 2833 4028 τοιούτου,
2864 3962 2958 4017 καὶ
2984 3963 3077 4016 ἐπὶ
3104 3962 3201 4016 τοῦ
3228 3963 3305 4034 μὴ
3343 3961 3501 4025 ὄντος
3531 3960 3636 4030 μὲν,

2061 4057 2490 4130 ὑποκρινομένου
2531 4057 2588 4112 δὲ
2625 4057 2692 4112 δι’
2727 4057 2965 4129 ἀπάτης,
2996 4057 3090 4111 καὶ
3120 4055 3406 4118 δοκοῦντος
3438 4052 3574 4108 εἶναι
3610 4051 3638 4105 ό

2059 4151 2160 4204 οὐκ
2189 4149 2337 4202 ἐστιν
2359 4165 2375 4180 ο
2405 4151 2434 4202 6
2475 4149 2550 4220 μὴ
2577 4148 2896 4221 διαμαρτὼν
2921 4149 3020 4220 τῆς
3055 4146 3150 4201 τοῦ
3193 4144 3359 4199 καλοῦ
3389 4145 3632 4216 κρίσεως,

2060 4240 2122 4295 τὸ
2174 4239 2550 4310 ὲξειλεγμένον
2599 4240 2803 4310 ἀγαθὸν
2856 4241 2978 4294 ἀντὶ
3034 4239 3128 4293 τοῦ
3180 4239 3536 4308 ἢπατημένου
3583 4234 3635 4287 οὗ

2063 4334 2362 4405 προείλετο.
2401 4333 2552 4386 Ἐπεὶ
2589 4328 2684 4387 οὖν
2716 4331 2948 4385 ἐνταῦθα
2973 4330 3052 4400 τῷ
3078 4329 3319 4399 ἐκλεκτῷ
3348 4327 3564 4398 Λιϐάνῳ
3583 4325 3636 4378 τό

2063 4424 2204 4491 εἶδος
2229 4426 2322 4480 τοῦ
2347 4425 2581 4498 νυμφίου
2611 4425 2962 4497 προσείκασε,
2992 4421 3086 4476 δύο
3114 4421 3254 4476 κατὰ
3275 4421 3339 4474 τὸ
3359 4420 3637 4475 ἀκόλουθον

2067 4518 2335 4582 Διϐάνους
2369 4521 2399 4571 ό
2443 4517 2600 4586 λόγος
2654 4519 2795 4570 νοεῖν
2846 4516 3160 4569 ὑποτίθεται
3185 4531 3199 4545 ·
3255 4515 3354 4568 ἕνα
3415 4514 3513 4584 μὲν
3558 4511 3639 4564 τὸν

2065 4609 2298 4681 πονηρὸν
2329 4609 2425 4662 καὶ
2461 4607 2786 4678 ἀπόϐλητον,
2814 4605 2906 4659 τον
2938 4608 3028 4660 ῐσα
3052 4604 3132 4676 τῷ
3169 4604 3356 4675 μόσχῳ
3384 4604 3526 4657 κατὰ
3550 4601 3637 4671 τὴν

2066 4701 2404 4774 προφητείαν
2437 4699 2572 4770 μετὰ
2599 4698 2708 4752 τῶν
2735 4697 2941 4768 κέδρων
2975 4697 3082 4750 τῶν
3110 4696 3194 4766 ἐφ’
3222 4694 3418 4749 ἑαυτοῦ
3449 4709 3638 4762 συντριο

395 4808 522 4850 esse
548 4791 690 4848 duos
723 4790 1116 4860 intelligamus,
1148 4789 1382 4844 alterum
1416 4788 1616 4842 malum
1648 4797 1703 4843 et
1718 4786 1958 4857 rejicien-

2072 4794 2318 4864 σύμενον,
2346 4791 2533 4863 ἓτερον
2568 4791 2626 4842 δὲ
2653 4789 2746 4844 τὸν
2783 4789 3037 4843 ἐκλεκτόν
3067 4804 3126 4840 τε
3154 4787 3249 4840 καὶ
3273 4787 3474 4857 τίμιον,
3504 4778 3561 4838 οὗ
3585 4783 3636 4834 τὸ

395 4883 549 4948 dum,
590 4884 685 4954 qui
727 4882 950 4952 perinde
981 4896 1046 4935 ae
1077 4881 1281 4935 vitulus
1323 4880 1414 4935 ille
1465 4879 1968 4950 (quemadmodum

395 4967 667 5043 Propheta
699 4970 1001 5040 quuitur‘8
1030 4971 1049 5040 )
1083 4985 1192 5024 una
1227 4985 1352 5024 cum
1392 4970 1575 5024 cedris
1608 4969 1724 5025 suis
1776 4977 1970 5023 conte-

398 5064 606 5122 rendus
640 5069 725 5118 est
755 5081 768 5118 :
803 5063 1034 5116 alterum
1069 5061 1302 5117 electum
1344 5067 1400 5116 et
1449 5061 1774 5130 pretiosum,
1808 5059 1970 5130 cujus

399 5158 668 5228 elegantia
699 5155 882 5209 divina
916 5154 1008 5218 sit,
1039 5161 1093 5208 et
1140 5151 1479 5222 majestatem
1529 5153 1802 5223 insignem
1859 5166 1972 5222 prae

402 5265 462 5304 se
492 5248 651 5304 ferat.
691 5246 766 5301 De
798 5247 884 5302 his
927 5255 1108 5300 autem
1151 5245 1263 5300 tale
1296 5244 1558 5315 quiddam
1611 5245 1974 5315 percipimus:

2077 4884 2271 4947 κάλλος
2290 4883 2592 4954 θεοπρεπὲς
2617 4883 2733 4934 ἐστι
2773 4881 2866 4934 καὶ
2894 4878 3213 4935 θεοείκελον.
3241 4878 3316 4932 Τὸ
3341 4878 3399 4931 δὲ
3427 4877 3635 4946 νοούμε-

2077 4994 2166 5030 νον
2196 4975 2282 5030 διὰ
2308 4975 2417 5027 τῶν
2457 4974 2781 5045 εἰρημένων,
2809 4969 3046 5026 τοιοῦτόν
3083 4972 3258 5025 ἐστιν⁹
3284 4964 3377 5034 Εἷς
3404 4968 3635 5040 βασιλεὺς

2078 5067 2281 5138 κυρίως
2312 5081 2370 5118 τε
2403 5065 2494 5119 καὶ
2535 5062 2802 5134 ἀληθινῶς
2835 5062 2931 5116 καὶ
2964 5061 3196 5133 πρώτως
3232 5061 3401 5124 ἐστὶν,
3442 5061 3471 5114 ό
3502 5060 3635 5130 βασι-

2077 5158 2201 5222 λεὺς
2251 5157 2430 5228 πάσης
2460 5155 2560 5222 τῆς
2589 5155 2840 5218 κτίσεως.
2893 5151 3032 5207 Ἀλλ’
3067 5154 3219 5224 ὅμως
3263 5153 3358 5207 καὶ
3396 5153 3425 5205 6
3457 5165 3635 5220 κοσμο-

2077 5251 2299 5321 κρὰτωρ
2337 5247 2432 5301 τοῦ
2475 5248 2698 5310 σκότους
2737 5247 2991 5318 σεμνύνει
3019 5246 3211 5299 ἐαυτὸν
3253 5245 3333 5316 τῷ
3367 5245 3466 5314 τῆς
3496 5245 3632 5314 βασι-

402 5336 652 5409 Proprie,
691 5352 838 5404 vere,
879 5352 944 5391 ac
977 5337 1237 5408 primarie
1265 5352 1358 5391 rex
1394 5351 1538 5391 unus
1572 5343 1680 5398 est,
1737 5351 1832 5390 rex
1885 5335 1958 5389 ἱΙΙι

2074 5341 2222 5404 λείας
2251 5340 2495 5410 ὀνόματι.
2537 5337 2813 5406 Λεγεῶνες
2847 5337 3092 5407 ἀγγέλων
3121 5337 3274 5409 παρὰ
3308 5336 3387 5406 τῷ
3415 5331 3632 5404 ἀληθινῷ

406 5445 591 5486 rerum
651 5430 897 5486 omnium
963 5437 1294 5486 creatarum.
1378 5427 1748 5484 Nihilominus
1812 5429 1974 5484 etiam

406 5519 598 5576 mundi
625 5518 912 5582 Dominus,
949 5521 1040 5577 ille
1084 5521 1435 5575 tenebrarum
1497 5528 1700 5585 rector,
1764 5534 1973 5590 regium

407 5607 516 5665 sibi
571 5623 769 5663 nomen
831 5615 1069 5679 arrogat.
1131 5607 1400 5680 Legiones
1459 5609 1780 5680 angelorum
1846 5617 1976 5665 sunt

404 5775 409 5786 Ι
476 5715 519 5751 ιο
553 5720 569 5772 l
600 5716 969 5782 Timolinxxt.
1002 5722 1018 5774 Ι
1062 5736 1182 5791 δεισι-

2078 5431 2305 5502 βασιλεϊ,
2335 5430 2429 5483 καὶ
2448 5428 2710 5498 λεγεῶνες
2734 5428 3000 5499 δαιμόνων
3027 5427 3176 5500 παρὰ
3199 5426 3278 5497 τῷ
3305 5426 3522 5498 ἄρχοντι
3548 5423 3631 5492 τῆς

2081 5521 2327 5590 ἐξουσίας
2349 5519 2443 5574 τοῦ
2483 5520 2728 5584 σκότους.
2773 5519 2962 5590 ’Δρχαὶ
2985 5517 3080 5573 καὶ
3109 5517 3348 5582 ἐξουσίαι
3376 5516 3470 5572 καὶ
3493 5512 3628 5569 δυνά-

2085 5627 2204 5680 μεις
2242 5610 2346 5664 ὑπὸ
2374 5608 2466 5664 τὸν
2495 5608 2718 5680 βασιλέα
2744 5607 2854 5664 τῶν
2898 5606 3310 5679 βασιλευόντων,
3348 5607 3440 5662 καὶ
3458 5604 3629 5677 Κόρων

1261 5722 1301 5755 ⁸⁷
1341 5719 1612 5776 l'l‘imoth.
1649 5737 1729 5789 ιιι,
1759 5721 1845 5776 l3.
1922 5723 1964 5754 ⁸⁸
1995 5720 2141 5778 Psal.
2171 5737 2355 5789 nun,
2385 5720 2438 5788 5,
2473 5721 2526 5777 ϐ.
