3812 6228
163 358 281 414 1381

1141 361 1207 417 ΙΝ
1247 362 1543 420 CANTICA
1581 365 1856 422 CANTIC.
1900 368 2185 425 HOMILIA
2225 368 2363 424 XIV.

3267 361 3407 418 £082

159 472 256 529 τῶν
281 474 661 544 κυριευόντων·
690 474 803 547 ἔχει
838 475 1107 539 κακεῖνος,
1143 477 1283 529 κατὰ
1324 478 1424 549 τὴν
1463 479 1719 532 ’Δποστὸ-

1826 482 1964 552 apud
1995 499 2183 538 verum
2215 497 2395 552 regem
2430 499 2446 548 ;
2499 490 2555 536 et
2584 482 2919 537 'daamonum
2982 478 3230 548 legiones
3259 480 3404 547 apud

160 565 241 619 λου
284 566 481 637 φωνὴν,
524 567 698 639 ἀρχάς
727 585 789 621 τε
830 568 926 621 καὶ
958 567 1236 634 ἐξουσίας,
1279 571 1374 623 καὶ
1421 571 1712 643 δυνάμεις,

160 659 246 722 τὰς
268 659 729 730 καταργουμένας.
762 660 891 713 ὅταν
931 660 1097 731 μέλλῃ
1132 660 1193 714 τὸ
1233 662 1401 716 κακὸν
1439 666 1518 727 εἰς
1544 664 1606 717 τὸ
1638 666 1712 736 μὴ

158 751 212 804 δν
232 751 595 819 ἀφανίζεσθαι.
632 752 822 807 Ὅταν
857 752 969 823 γὰρ
994 753 1344 825 καταργήσῃ
1365 794 1379 817 ,
1406 758 1559 827 φησὶ,
1604 758 1716 812 πᾶ-

159 857 268 897 σαν
294 841 505 911 ἀρχὴν,
528 842 624 898 καὶ
646 844 956 907 ἐξουσίαν,
982 846 1081 898 καὶ
1111 844 1386 916 δύναμιν.
1430 846 1553 900 Ἐπὶ
1592 847 1716 917 θρό-

160 950 241 988 νου
272 934 449 1003 βλέπει
478 937 507 988 6
535 936 819 1007 προφήτης
850 936 941 989 τὸν
972 936 1193 1006 βασιλέα
1223 938 1320 1006 τῆς
1356 937 1515 1011 δόξης
1547 940 1718 1011 καθή-

163 1042 324 1095 μενον,
356 1026 439 1094 ἐφ’
467 1025 670 1098 ὑψηλοῦ
700 1046 760 1082 τε
784 1030 877 1082 καὶ
905 1031 1237 1100 ἐπηρμένου,
1269 1032 1518 1095 κάκεῖνος
1542 1033 1717 1102 ἐπαγ-

160 1124 383 1190 γέλλεται
418 1124 606 1195 θήσειν
629 1126 816 1180 ἐπάνω
838 1126 949 1180 τῶν
978 1128 1194 1198 ἄστρων
1223 1129 1315 1181 τὸν
1344 1129 1472 1183 ῐδιον
1506 1130 1714 1201 θρόνον,

161 1214 286 1268 ὥστε
303 1211 436 1269 εἶναι
474 1218 657 1287 ὅμοιον
686 1219 765 1289 τῷ
792 1218 1048 1288 ’Υιῖιίστῳ⁹
1091 1219 1266 1291 Σκεύη
1304 1220 1531 1291 ἐκλογῆς
1559 1224 1614 1275 ἐν
1647 1223 1714 1293 τῇ

163 1305 353 1377 μεγάλῃ
392 1305 586 1360 ἐαυτοῦ
621 1308 767 1378 οἰκίᾳ.
811 1310 840 1361 6
884 1308 980 1361 τοῦ
1019 1308 1219 1372 παντὸς
1255 1308 1369 1379 ἔχει
1419 1312 1716 1380 Δεσπότης,

160 1395 259 1462 ἔχει
290 1395 535 1457 κάκεῖνος
580 1396 747 1466 σκεύη
787 1398 958 1468 ὀργῆς
1003 1399 1411 1469 κατηρτισμένα
1446 1402 1524 1463 είς
1564 1399 1718 1453 ἀπώ-

160 1483 309 1539 λειαν.
335 1485 497 1539 Πάλιν
537 1484 682 1557 ζωὴν
720 1487 814 1540 καὶ
860 1488 1081 1559 εἰρήνην
1112 1488 1178 1542 δι’
1208 1487 1452 1557 ἀγγέλων
1495 1490 1718 1559 χορηγεῖ

158 1580 256 1639 τοῖς
285 1577 445 1641 ἀξίοις
471 1578 500 1630 6
536 1578 645 1630 τῶν
684 1577 933 1646 ἀγγέλων
972 1576 1207 1649 Κύριος·
1240 1579 1493 1642 κάκεῖνος
1522 1578 1713 1649 θυμὸν,

161 1670 243 1724 καὶ
280 1669 463 1740 ὀργὴν,
505 1670 601 1723 καὶ
644 1668 823 1738 θλίψιν
858 1667 1174 1723 ἀποστέλλει
1209 1669 1300 1723 διὰ
1323 1668 1432 1722 τῶν
1473 1670 1717 1739 ἀγγέλων

159 1760 254 1813 τῶν
292 1760 556 1831 πονηρῶν.
599 1759 711 1815 Καὶ
738 1759 790 1814 τί
833 1761 937 1833 χρὴ
982 1760 1050 1814 τὰ
1088 1759 1208 1812 καθ’
1249 1760 1476 1814 ἕκαστον
1516 1761 1713 1830 λέγειν,

1824 573 2125 643 principem
2182 571 2472 643 potestatis
2511 572 2862 627 tenebrarum
2891 570 2959 622 “.
3024 566 3401 638 Principatus,

1822 672 2143 734 potestates.
2170 666 2340 734 c0pi:e
2373 664 2610 719 subsunt
2638 661 2773 732 Regi
2807 676 3021 731 regum,
3065 668 3121 714 et
3162 658 3404 715 Domino

1821 757 2267 812 dominatorum:
2332 757 2518 811 itidem
2581 767 2635 811 et
2696 756 2834 810 alter
2889 753 3394 823 (quemadmodum

1820 846 2115 917 Apostolus
2156 850 2273 918 ait)
2315 849 2476 902 habet
2508 846 2761 916 imperia,
2814 853 3135 916 potestates,
3185 844 3399 914 copias,

1821 954 1945 1009 qua:
1973 940 2408 1011 abrogabuntur,
2444 954 2566 993 eum
2599 939 2799 992 malum
2831 938 2886 992 in
2920 937 3150 991 nihilum
3184 936 3399 1006 redige-

1822 1035 1930 1082 tur.
1964 1028 2105 1082 Sunt
2135 1029 2281 1083 enim
2316 1029 2431 1081 haec
2459 1026 2709 1096 Apostoli
2745 1026 2913 1081 verba
2941 1044 2955 1081 :
2994 1023 3129 1080 Cum
3164 1024 3400 1078 absolve-

1822 1118 1893 1171 rit
1957 1135 2160 1173 omnem
2199 1119 2579 1187 principatum,
2614 1126 2663 1171 et
2719 1132 2925 1169 omnem
2978 1124 3310 1185 potestatem,
3344 1122 3396 1170 et

1822 1227 2027 1264 omnem
2050 1212 2299 1264 virtutem
2326 1211 2393 1263 ".
2432 1210 2624 1264 Cernit
2651 1209 2913 1279 propheta
2970 1209 3063 1263 ille
3116 1210 3395 1263 sedentem

1823 1302 2045 1359 sublimi
2079 1318 2142 1357 ac
2170 1304 2380 1357 elevato
2413 1302 2468 1356 in
2523 1300 2663 1355 solio
2714 1316 2894 1371 regem
2948 1300 3152 1369 gloria),
3211 1298 3396 1353 itidem

1822 1396 1914 1451 ille
1947 1396 2145 1451 solium
2204 1411 2363 1451 suum
2424 1409 2594 1464 supra
2642 1393 2823 1447 sidera
2884 1407 2943 1447 se
2990 1392 3397 1446 collocaturum

1820 1488 2130 1558 profitetur,
2168 1489 2243 1542 ita
2271 1496 2331 1543 ut
2358 1488 2644 1542 Altissimo
2666 1486 2741 1540 sit
2770 1484 2989 1540 similis.
3017 1482 3192 1538 Habet
3216 1482 3396 1551 ampla

1823 1579 1878 1634 in
1936 1580 2099 1634 domo
2161 1595 2258 1634 sua
2294 1578 2559 1633 Dominus
2594 1577 2837 1631 universi
2887 1591 3019 1630 vasa
3066 1575 3392 1629 electionis:

1822 1671 2008 1727 itidem
2042 1672 2132 1726 ille
2164 1688 2289 1726 vasa
2334 1672 2430 1725 ira
2489 1671 2679 1728 habet.
2736 1678 3050 1737 comparata
3109 1667 3175 1719 ad
3206 1665 3395 1719 interi-

1824 1772 1935 1817 tum
1958 1764 2024 1816 ".
2050 1762 2315 1817 Praeterea
2346 1763 2508 1815 vitam
2529 1769 2582 1815 et
2615 1776 2801 1831 pacem
2834 1775 2929 1825 per
2959 1759 3185 1828 angelos
3212 1757 3395 1826 dignis

159 1850 217 1904 δι’
246 1844 314 1904 ὧν
348 1852 486 1906 κατὰ
517 1852 579 1905 τὸ
611 1852 849 1906 ἐναντίον
883 1852 1269 1926 ἀντεπαίρεται
1313 1855 1450 1924 πρὸς
1495 1855 1594 1927 τὴν
1624 1855 1719 1908 τοῦ

1826 1852 2135 1923 suppeditat
2169 1854 2490 1919 angelorum
2527 1850 2835 1911 Dominus;
2889 1848 3054 1902 etiam
3105 1846 3194 1900 ille
3244 1845 3397 1900 furo-

159 1939 342 2007 ἀγαθοῦ
374 1939 531 2010 φύσιν
562 1944 590 1995 6
625 1942 1023 2013 ἀντικείμενοςς

1820 1960 1955 2006 rem,
1986 1953 2040 1999 et
2071 1945 2300 2001 iram.et
2333 1942 2685 1997 alﬂictionem
2717 1955 2812 2010 per
2843 1940 3142 1994 sceleratos
3177 1938 3401 2009 angelos

161 2034 377 2089 immittit
407 2036 474 2093 ".
501 2032 568 2090 Et
605 2038 736 2107 quid
765 2052 903 2108 opus
948 2046 1033 2094 est
1070 2039 1285 2111 singula
1321 2054 1770 2105 commemorare,
1832 2055 1924 2109 per
1978 2056 2097 2110 qua!
2146 2038 2492 2094 adversarius
2542 2039 2631 2092 ille
2686 2046 2874 2091 contra
2925 2044 3174 2091 naturam
3226 2033 3400 2103 ipsius

160 2126 271 2183 boni
300 2144 415 2184 sese
456 2131 663 2201 erigit?

230 2221 370 2276 Ἐπεὶ
393 2216 485 2274 οὖν
516 2223 660 2276 κατά
685 2223 745 2277 τὸ
774 2224 1049 2296 αίσθητδν,
1080 2224 1375 2295 περιφανές
1395 2225 1510 2277 ἐστι
1537 2225 1717 2295 θέαμα

160 2310 210 2364 τὸ
233 2314 348 2383 ὅρος
375 2314 404 2365 6
445 2314 679 2378 Λίϐανος
714 2316 1050 2386 πανταχόθεν
1081 2318 1201 2379 ταῖς
1244 2316 1474 2385 ὑψηλαῖς
1507 2317 1717 2388 κέδροις

162 2403 444 2474 συνηρεφής
478 2419 540 2455 τε
596 2405 688 2457 καὶ
731 2396 934 2468 λάσιος,
982 2403 1172 2458 τούτου
1218 2404 1382 2474 χάριν
1436 2405 1571 2475 πρὸς
1623 2405 1719 2469 τὰς

162 2492 385 2557 ἐναντίας
430 2494 662 2561 ἑννοίας,
718 2495 804 2549 διὰ
844 2495 952 2549 τῶν
1006 2494 1149 2549 κατὰ
1205 2496 1268 2549 τὸ
1323 2496 1720 2567 ἐμφαινόμενον

163 2581 554 2654 ὑποδειγμάτων
590 2583 695 2637 ὑπὸ
731 2585 832 2655 τῆς
867 2586 1092 2657 Γραφῆς
1120 2584 1183 2639 τὸ
1245 2588 1370 2660 ὅρος
1413 2587 1716 2658 μερίζεται,

162 2676 458 2747 προσφόροις
490 2676 903 2749 λαμϐανόμενον
949 2679 1070 2732 καθ’
1098 2680 1375 2753 ἑκάτερον.
1414 2683 1523 2735 Καὶ
1549 2681 1720 2745 οὕτως

163 2766 264 2819 ἐστι
292 2769 435 2838 παρὰ
464 2772 579 2833 τοίς
607 2770 789 2834 αὐτοῖς
818 2773 1128 2843 προφήταις
1154 2774 1282 2827 ἰδεῖν
1310 2773 1373 2827 τὺ
1394 2774 1525 2828 αὐτὸ
1549 2774 1719 2845 ὄνομα

162 2856 284 2910 κατὰ
305 2859 397 2931 τὴν
422 2860 533 2914 τῶν
555 2861 898 2932 δηλουμένων
918 2863 1201 2935 διαφορὰν,
1226 2866 1632 2936 ἐπαινουμένων
1658 2883 1719 2919 τε

162 2945 242 2997 καὶ
268 2946 654 3018 κακιζομένων.
686 2950 800 3004 Νῦν
833 2951 929 3023 μὲν
950 2951 1057 3023 γὰρ
1089 2953 1361 3024 συντρίϐει
1388 2955 1588 3028 Κύριος
1618 2956 1721 3019 τὰς

162 3036 360 3110 κέδρους
386 3039 476 3095 τοῦ
512 3041 768 3105 Λιϐάνου,
800 3045 892 3097 καὶ
918 3043 1036 3097 ὅλον
1060 3044 1150 3097 τὸν
1180 3046 1411 3100 Λίϐανον
1447 3048 1582 3117 μετὰ
1608 3046 1718 3101 τῶν

161 3129 211 3180 ἐν
242 3131 379 3202 αὐτῷ
410 3134 621 3202 κέδρων
651 3133 922 3200 λεπτύνει,
956 3135 1079 3189 καθ’
1111 3137 1404 3207 ὁμοιότητα
1438 3138 1531 3191 τοῦ
1565 3140 1718 3193 εἰδω-

1882 2222 2018 2276 Cum
2056 2219 2221 2289 igitur
2247 2218 2373 2289 ejus
2400 2218 2633 2280 ratione,
2663 2215 2809 2284 quod
2846 2215 2951 2269 sub
2984 2229 3185 2270 sensus
3226 2212 3398 2278 cadit,

1816 2313 2034 2367 illustre
2097 2311 2379 2380 quoddam
2420 2308 2794 2380 spectaculum
2831 2308 2904 2361 sit
2958 2320 3117 2359 mons
3159 2303 3401 2358 Libanus

1821 2403 2066 2473 undique
2095 2401 2432 2457 sublimibus
2474 2399 2656 2455 cedris
2692 2412 2896 2467 opacus
2932 2412 2996 2451 ac
3034 2397 3241 2451 densus
3264 2436 3279 2459 ,
3320 2396 3401 2450 id-

1817 2495 1966 2549 circo
2000 2495 2250 2547 diversos
2282 2494 2337 2545 in
2369 2506 2566 2546 sensus
2609 2490 2821 2544 ratione
2849 2489 2998 2542 illius
3038 2487 3183 2557 quod
3217 2488 3399 2543 cerni-

1823 2594 1937 2649 tur,
1979 2587 2033 2640 in
2060 2586 2235 2639 sacris
2271 2583 2492 2637 Litteris
2526 2582 2685 2653 quasi
2747 2580 3030 2640 dividitur.
3078 2589 3205 2649 apte
3237 2589 3402 2649 atque

1824 2679 2022 2733 idonee
2053 2686 2339 2746 utramque
2374 2677 2428 2729 in
2458 2686 2664 2744 partem
2698 2681 2973 2743 sumptus.
3000 2672 3186 2742 quue
3217 2672 3405 2729 videre

1821 2777 1908 2823 est
1942 2768 2083 2821 idem
2118 2766 2446 2821 vocabulum
2500 2765 2643 2834 apud
2691 2764 2910 2820 eosdem
2950 2763 3269 2832 prophetas,
3302 2776 3404 2831 pro

1822 2859 2252 2929 signiﬁcatornm
2313 2856 2653 2921 diversitate,
2710 2862 2822 2908 tam
2866 2854 2921 2908 in
2978 2854 3179 2917 laude,
3237 2868 3402 2922 quam

1821 2953 1953 3006 vitio
1986 2954 2247 3019 positum.
2285 2948 2441 3002 Modo
2492 2950 2637 3002 enim
2673 2948 2910 3003 conterit
2966 2948 3163 3003 cedrus
3209 2945 3405 3003 Libani

1822 3042 2110 3104 Dominus,
2145 3051 2197 3095 et
2228 3042 2543 3095 universum
2585 3039 2850 3095 Libanum
2882 3057 2990 3095 una
3043 3056 3168 3095 cum
3219 3041 3405 3097 cedris

1822 3136 1876 3189 in
1908 3150 1973 3189 eo
2002 3134 2329 3189 comminuit
2356 3135 2529 3189 instar
2558 3134 2679 3201 ejus
2717 3133 2870 3187 vituli
2906 3133 2971 3196 ⁸³,
3006 3133 3099 3201 qui
3132 3133 3187 3187 in
3222 3134 3405 3189 solitu-

162 3215 510 3292 λοποιηθέντος
550 3224 755 3295 μόσχου
785 3227 843 3279 ἐν
874 3229 939 3298 τῇ
972 3228 1183 3298 ἐρήμῳ.
1212 3228 1311 3282 Διὰ
1340 3229 1497 3282 τοῦτο
1528 3232 1561 3298 ἡ
1589 3248 1719 3302 προ-

1826 3226 1955 3281 dine
1984 3242 2082 3294 pro
2116 3226 2261 3279 idolo
2296 3225 2598 3279 fabricatus
2622 3233 2778 3279 erat:
2827 3224 3028 3294 quibus
3064 3224 3244 3278 verbis
3274 3223 3405 3279 Pro—

163 3313 335 3381 φητεία
370 3316 722 3389 παρίστησιν,
755 3319 839 3372 ὅτι
869 3320 1007 3391 αὐτή
1040 3336 1097 3372 τε
1127 3320 1161 3390 ή
1193 3321 1360 3373 κακία
1388 3323 1481 3376 καὶ
1521 3325 1627 3376 πᾶν
1660 3325 1719 3391 ἐξ

161 3402 311 3475 αὐτῆς
348 3405 547 3479 ῦᾲνμα
594 3409 654 3461 τὸ
694 3410 835 3463 κατὰ
874 3413 973 3481 τῆς
1022 3411 1276 3482 γνώσεως
1313 3412 1407 3468 τοῦ
1446 3413 1581 3467 Θεοῦ
1622 3416 1720 3467 ἐπ-

160 3498 389 3567 ηρμένον,
415 3501 493 3563 είς
513 3499 579 3554 τὸ
605 3501 680 3572 μὴ
707 3499 767 3553 ὃν
791 3503 1202 3572 περιστήσεται.
1229 3504 1344 3557 Νῦν
1368 3504 1425 3556 δὲ
1449 3504 1511 3557 τὸ
1537 3507 1721 3577 κρεῖτ-

159 3602 239 3643 τον
273 3590 428 3644 αὑτοῦ
478 3592 889 3663 μεταλαμϐάνει
918 3594 1016 3666 τὴν
1050 3596 1329 3666 σημασίαν
1370 3595 1545 3665 λέγων
1568 3613 1580 3625 ⁸
1624 3596 1720 3648 Δί-

160 3697 307 3749 καιος
354 3686 433 3750 ὼς
472 3685 678 3756 φοῖνιξ
715 3685 989 3753 ἀνθήσει,
1024 3687 1169 3741 ὡσεί
1208 3686 1419 3757 κέδρος
1455 3688 1494 3755 ἡ
1532 3688 1603 3741 ἐν
1642 3686 1723 3753 τῷ

161 3774 369 3839 Λιϐάνῳ
421 3776 936 3844 πληθυνθήσεται.
1000 3777 1058 3830 '0
1105 3778 1212 3849 γὰρ
1260 3777 1474 3847 ἀληθῶς
1518 3778 1723 3842 δίκαιος

163 3862 383 3935 (Κύριος
419 3862 482 3919 δέ
512 3868 665 3921 ἐστιν
690 3867 718 3919 6
739 3867 988 3939 δίκαιος),
1013 3871 1042 3921 6
1077 3868 1143 3920 δι’
1175 3870 1324 3939 ἡμᾶς
1357 3871 1419 3922 ἐκ
1456 3871 1559 3940 γῆς
1589 3870 1721 3922 ἀνα-

164 3950 307 4022 σχὼν,
345 3957 547 4019 ἐκεῖνος
593 3959 621 4010 ὁ
654 3956 917 4027 ὑψίκομος
961 3957 1175 4026 φοῖνιξ,
1215 3960 1244 4011 6
1276 3959 1335 4011 ἐν
1382 3960 1449 4028 τῇ
1492 3958 1591 4029 ὕλῃ
1624 3959 1723 4030 τῆς

164 4040 351 4109 φύσεως
394 4045 553 4115 ἡμῶν
595 4046 903 4109 ἀνατείλας,
941 4046 1067 4118 ὅρος
1108 4047 1316 4115 γίνεται
1360 4050 1481 4109 ταῖς
1512 4046 1723 4118 κέδροις

162 4131 256 4185 τῶν
284 4135 610 4206 ριζουμένων
648 4136 738 4191 διὰ
765 4136 1000 4201 πίστεως
1028 4140 1084 4192 ἐν
1112 4137 1264 4208 αὐτῷ
1298 4138 1719 4209 πληθυνόμενος,

164 4224 341 4288 αἵτινες
377 4227 502 4281 ὅταν
541 4230 601 4281 ἐν
639 4228 717 4298 τῷ
756 4227 891 4300 οἴκῳ
925 4229 1021 4283 τοῦ
1059 4229 1192 4283 Θεοῦ
1246 4229 1613 4298 φυτευθῶσιν,
1664 4230 1723 4281 ἐν

164 4318 268 4379 ταῖς
306 4318 485 4391 αὐλαῖς
520 4320 615 4373 τοῦ
649 4319 782 4376 Θεοῦ
818 4320 975 4392 ἡμῶν
1021 4320 1426 4390 ἐξανθήσουσιν.
1464 4317 1624 4373 Οἶκον
1666 4319 1723 4373 δὲ

166 4406 249 4479 τὴν
293 4411 611 4484 Ἐκκλησίαν
648 4412 789 4466 κατὰ
826 4412 922 4483 τὴν
948 4412 1041 4466 τοῦ
1091 4412 1411 4465 Ἀποστόλου
1448 4411 1723 4482 ὑφήγησιν

164 4502 498 4575 ἐνενοήσαμεν
519 4521 532 4534 ο
566 4506 622 4557 ἐν
662 4499 707 4574 ᾧ
742 4505 950 4573 γίνεται
993 4505 1028 4575 ἡ
1070 4504 1179 4558 τῶν
1222 4504 1428 4575 κέδρων
1458 4502 1553 4556 τοῦ
1585 4500 1720 4555 Θεοῦ

1828 3323 1989 3391 pheta
2015 3320 2213 3375 docere
2248 3320 2385 3381 vult,
2420 3320 2593 3388 ipsam
2626 3317 2893 3371 malitiam
2952 3325 3006 3373 et
3065 3333 3281 3371 omnem
3315 3331 3406 3371 or-

1828 3421 1938 3464 tam
1969 3427 2036 3464 ex
2067 3426 2130 3463 ea
2162 3409 2580 3471 sublimitatem,
2614 3408 2883 3463 adversus
2907 3409 3275 3477 cognitionem
3311 3406 3405 3463 Dei

1828 3518 1887 3558 se
1920 3502 2240 3571 erigentem,
2307 3501 2363 3553 in
2422 3499 2652 3553 nihilum
2686 3498 3039 3569 redigendam
3076 3514 3219 3553 esse.
3257 3499 3406 3555 Alias

1828 3609 1957 3648 vero
2016 3594 2301 3648 meliorem
2340 3593 2395 3647 in
2452 3600 2660 3662 partem
2721 3590 2983 3653 sumitur,
3024 3599 3085 3644 ut
3112 3605 3236 3645 cum
3274 3590 3407 3645 Pro-

1828 3686 1987 3756 pheta
2027 3685 2167 3740 idem
2200 3685 2275 3738 ait
2305 3704 2318 3740 :
2354 3682 2544 3737 Justus
2578 3692 2636 3737 ut
2669 3683 2851 3751 palma
2876 3682 3107 3751 ﬂorebit,
3138 3693 3196 3736 ut
3220 3682 3407 3737 cedrus

1828 3779 1882 3832 in
1938 3776 2143 3830 Libano
2204 3776 2620 3845 ampliﬁcabitur
2667 3775 2737 3829 “.
2786 3773 2924 3829 Nam
2972 3786 3163 3829 revera
3222 3774 3407 3844 justus

1829 3873 1847 3941 (
1879 3869 2143 3925 Dominus
2176 3878 2358 3923 autem
2392 3877 2478 3924 est
2505 3869 2692 3938 justus
2738 3867 2871 3938 ille)
2920 3868 3013 3937 qui
3049 3876 3274 3938 propter
3306 3884 3409 3923 nos

1828 3972 1984 4017 ortus
2018 3969 2104 4017 est
2148 3963 2216 4017 de
2253 3972 2397 4015 terra
2426 3979 2440 4015 :
2476 3961 2523 4016 is
2564 3960 2733 4029 igitur
2762 3971 2846 4016 est
2883 3960 3135 4015 alticoma
3168 3960 3256 4013 illa
3290 3960 3407 4029 pal-

1829 4068 1937 4115 ma,
1977 4069 2101 4123 quae
2138 4062 2330 4109 exorta
2372 4054 2425 4107 in
2460 4060 2671 4108 naturae
2698 4061 2901 4109 nostra:
2933 4054 3091 4117 silva,
3131 4068 3287 4107 mons
3328 4054 3406 4115 lit,

1829 4156 1987 4199 aucta
2013 4145 2193 4207 cedris
2221 4161 2435 4211 eorum,
2475 4146 2568 4216 qui
2606 4161 2702 4213 per
2729 4145 2889 4200 (idem
2928 4145 2984 4199 in
3038 4146 3157 4215 ipso
3195 4144 3409 4200 radices

1828 4242 2017 4303 agunt,
2070 4251 2191 4304 quze
2233 4236 2451 4305 quidem
2487 4234 2638 4288 cedri
2699 4249 2824 4288 cum
2886 4235 3143 4304 plantata:
3198 4234 3253 4286 in
3316 4232 3406 4286 Dei

1829 4328 1993 4381 domo
2024 4327 2253 4389 fuerint.
2298 4328 2352 4380 in
2387 4327 2543 4382 atriis
2573 4326 2667 4381 Dei
2706 4326 2883 4381 nostri
2927 4326 3217 4381 ﬂorebunt.
3256 4323 3407 4380 Hanc

1829 4426 2012 4472 autem
2040 4418 2264 4472 domum
2305 4416 2609 4472 Ecclesiam
2640 4432 2762 4472 esse
2816 4416 3197 4486 intelligimus,
3256 4417 3406 4486 Apo-

1830 4510 2028 4564 stolum
2092 4508 2305 4564 secuti:
2347 4510 2401 4562 in
2442 4524 2547 4578 qua
2600 4508 2749 4563 cedri
2793 4506 2890 4561 Dei
2950 4507 3406 4562 conseruntur".

165 4596 354 4659 φυτεία.
386 4598 566 4661 Δύλὰς
603 4597 660 4650 δὲ
696 4596 795 4659 τὰς
824 4596 1073 4660 αἰωνίους
1102 4596 1327 4667 σκηνὰς,
1358 4598 1417 4648 ἐν
1441 4590 1530 4659 αἷς
1555 4596 1589 4667 ἡ
1616 4594 1719 4647 τῶν

1827 4599 1931 4655 Per
1962 4601 2099 4653 atria
2132 4615 2264 4655 vero
2297 4608 2500 4655 aeterna
2536 4600 2629 4653 illa
2693 4598 3054 4653 tabernacula
3086 4598 3407 4669 accipimus,

164 4683 359 4751 ἀγαθῶν
398 4688 626 4741 ἐλπίδων
663 4686 949 4759 ἐξάνθησίς
991 4703 1051 4739 τε
1115 4687 1209 4741 καὶ
1257 4686 1563 4758 φανέρωσις
1607 4687 1722 4746 τοῖς

167 4775 437 4850 καθήκουσι
456 4780 669 4851 χρόνοις
691 4781 999 4849 γενήσεται.
1037 4778 1251 4849 Ἐπειδὴ
1272 4778 1450 4831 τοίνυν
1474 4776 1535 4830 τὸ
1558 4775 1722 4846 σῶμα

167 4868 247 4919 τοῦ
266 4869 492 4941 Χριστοῦ
509 4870 599 4925 διὰ
618 4871 725 4925 τῶν
743 4871 863 4925 καθ’
886 4871 1115 4924 ἕκαστον
1131 4869 1497 4942 ἐκπληροῦται
1518 4868 1719 4940 μελῶν·

172 4955 239 5009 Τὰ
254 4958 353 5027 γὰρ
367 4962 757 5032 “uanam,
768 4961 839 5015 ἒν
851 4962 1024 5031 σῶμα
1048 4962 1293 5031 γίνεται,
1308 4960 1491 5023 καθώς
1505 4978 1668 5032 φησιν
1690 4962 1720 5015 ό

179 5045 471 5117 ’Δπόστολος
490 5073 507 5088 ·
539 5053 728 5107 τούτου
770 5052 931 5124 χάριν
957 5052 1076 5107 ὅλον
1106 5053 1167 5106 τὸ
1190 5051 1284 5105 τοῦ
1317 5052 1552 5123 νυμφίου
1584 5052 1720 5106 κάλ-

169 5134 245 5202 loc
282 5142 366 5196 τὸν
408 5144 661 5198 ἐκλεκτὸν
693 5144 945 5216 ὠνόμασε
999 5144 1261 5210 Λίϐανον,
1311 5144 1412 5214 τὴν
1452 5144 1588 5216 πρὸς
1630 5144 1721 5199 τὸν

169 5230 447 5305 ἀπόϐλητον
468 5236 696 5289 Λίϐανον
716 5235 980 5307 διαφορὰν
997 5236 1075 5307 τῷ
1096 5236 1335 5307 ἐκλεκτῷ
1356 5236 1721 5290 διαστείλασα.

181 5324 391 5392 Ἐκεῖνος
418 5330 523 5403 γάρ
547 5332 692 5384 ἐστιν
720 5333 749 5385 6
786 5330 1017 5390 Λίϐανος
1046 5331 1191 5384 κατὰ
1216 5332 1308 5384 τὸν
1351 5332 1596 5396 Ἡσαΐαν,
1624 5332 1721 5384 σὺν

170 5421 267 5482 τοῖς
298 5422 511 5494 ὑψηλοῖς
552 5423 917 5494 πεσούμενος,
965 5424 1093 5478 ὅταν
1130 5425 1194 5477 ἐκ
1242 5423 1341 5492 τῆς
1377 5422 1472 5476 τοῦ
1522 5422 1749 5475 ’1εσσαὶ’

177 5509 311 5582 ῥίζης
347 5515 594 5588 ἀνατείλῃ
624 5516 687 5570 τὸ
715 5516 896 5582 ἄνθος,
936 5517 1030 5569 καὶ
1056 5518 1090 5587 ὴ
1118 5517 1214 5588 τῆς
1242 5515 1489 5580 ἐξουσίας
1530 5514 1723 5587 ῥάϐδος

234 5708 275 5738 ⁸⁸
294 5710 494 5770 Coloss.
522 5731 559 5781 I,
583 5716 666 5770 l5.

740 5714 787 5748 ⁸⁰
815 5714 855 5768 ll
877 5714 1001 5769 Cor.
1037 5731 1124 5775 xv,
1157 5715 1247 5769 Si.
1284 5716 1329 5748 ⁸¹
1359 5715 1514 5769 Rulli.
1540 5732 1616 5780 It,
1662 5714 1752 5768 ill.

1830 4692 1884 4745 in
1915 4692 2118 4761 quibus
2142 4698 2197 4746 et
2222 4690 2417 4746 llorent
2442 4706 2571 4759 spes
2607 4690 2786 4755 bona},
2820 4698 2874 4745 et
2904 4706 3007 4745 suo
3036 4698 3281 4761 tempore
3315 4707 3406 4762 pa-

1829 4782 2042 4837 teﬁunt.
2073 4779 2256 4846 Quare
2287 4796 2412 4833 cum
2440 4780 2647 4835 Christi
2678 4795 2884 4850 corpus
2914 4796 3011 4850 per
3033 4782 3271 4836 membra
3302 4782 3413 4836 sin-

1826 4872 1951 4942 gula
1998 4870 2090 4924 ﬁat
2134 4871 2432 4939 integrum,
2498 4869 2742 4924 Membra
2789 4871 2930 4924 enim
2983 4870 3155 4923 multa
3218 4886 3407 4939 corpus

1823 4980 1988 5017 unum
2039 4964 2194 5032 ﬁunt,
2257 4962 2435 5032 inquit
2487 4961 2781 5031 Apostolus
2826 4961 2895 5024 ⁵⁸,
2951 4976 3072 5015 eam
3117 4960 3290 5029 ipsam
3340 4962 3412 5016 ob

1819 5071 2043 5111 causam
2108 5060 2279 5107 totam
2323 5052 2513 5124 sponsi
2566 5059 2906 5107 venustatem
2960 5050 3256 5121 appellavit
3297 5050 3411 5105 ele-

1820 5156 1968 5202 ctum
1996 5147 2289 5207 Libanum,
2331 5145 2631 5200 discrimen
2662 5144 2829 5213 hujus
2858 5152 2912 5198 et
2938 5141 3141 5197 Libani
3173 5142 3267 5213 qui
3322 5157 3408 5197 re-

1813 5240 2027 5310 jicitur,
2086 5252 2185 5308 per
2237 5252 2425 5292 vocem
2467 5237 2626 5292 electi
2663 5236 3027 5291 constituens.
3061 5232 3197 5287 ham
3270 5231 3410 5285 alter

1825 5331 1918 5386 ille
1962 5328 2203 5384 Libanus
2247 5338 2351 5392 est.
2384 5328 2478 5398 qui
2508 5327 2813 5383 secundum
2875 5324 3069 5381 Isaiam
3124 5339 3231 5379 una
3281 5338 3406 5376 cum

1829 5420 2157 5477 sublimibus
2210 5427 2453 5482 corruet,
2519 5433 2647 5473 cum
2696 5433 2765 5473 ex
2812 5416 3000 5471 radice
3051 5415 3255 5471 Jesszea
3306 5414 3408 5469 llos

1831 5515 1921 5569 ille
1944 5521 2168 5569 exortus
2197 5512 2365 5567 fuerit
2387 5513 2455 5580 ⁵⁷,
2478 5519 2533 5567 et
2570 5511 2723 5582 virga
2759 5508 3053 5580 potestatis
3084 5514 3268 5571 enata,
3294 5520 3405 5577 qua

1831 5716 1876 5746 ⁵³
1905 5712 2051 5766 Psal.
2081 5729 2287 5774 wan,
2323 5712 2409 5769 ιο.
2488 5714 2535 5746 ⁵³
2564 5710 2711 5769 Psal.
2746 5723 2941 5775 xxvnt,
2977 5706 3030 5775 5,
3052 5707 3104 5763 6.
3173 5708 3220 5739 "
3243 5704 3393 5762 Pan}.

174 5791 273 5843 χει,
302 5782 361 5836 13
382 5800 500 5855 sqq.
574 5787 621 5820 ”
662 5784 917 5851 Roman,
948 5785 1027 5841 l7.
1096 5787 1140 5818 ⁵⁸
1169 5786 1187 5840 l
1214 5788 1340 5842 Cor.
1378 5805 1476 5854 xii,
1514 5786 1595 5840 l4.
1676 5786 1717 5817 "

1826 5808 1850 5837 ι.
1882 5786 2063 5849 Χ,5νί;
2104 5801 2176 5849 χι,
2217 5784 2259 5836 1.
