3812 6228
383 301 522 358 1085

1619 311 1674 365 S.
1717 307 2045 368 GREGORII
2082 308 2378 364 NYSSENI

3523 296 3655 349 1085

391 428 446 470 et
477 419 669 484 leonis,
703 427 757 475 et
795 421 977 491 pardi,
1016 430 1071 478 et
1124 423 1379 494 aspidum
1419 433 1609 477 natura
1657 433 1959 479 commuta-

2101 424 2298 496 ναφύῃ,
2337 415 2400 474 δι’
2427 413 2497 490 ἧς
2529 416 2922 490 μεταϐάλλεται
2954 411 3049 468 τοῦ
3077 430 3136 466 τε
3163 412 3402 475 λέοντος,
3432 413 3535 462 καὶ
3559 411 3658 476 τῆς

389 509 539 564 bitur
574 510 630 564 in
662 512 904 566 cicurem
935 515 1226 584 quamdam
1260 517 1732 571 mansuetudinem
1763 515 1874 569 :ita
1903 525 1961 568 ut

387 599 474 655 leo
504 615 628 655 cum
660 603 836 657 vitulo
857 603 1041 674 degat,
1070 607 1311 674 pardalis
1343 622 1464 660 cum
1504 606 1666 662 haedo
1714 609 1960 676 requiem

387 709 453 747 ca
469 697 597 762 piat,
635 696 818 762 praesit
849 696 916 750 iis
947 697 1184 764 denique
1233 713 1368 766 puer
1407 697 1497 751 ille
1557 699 1816 767 pusillus,
1867 700 1959 767 qui

357 786 552 839 nobis
583 794 745 839 natus
774 796 858 840 est
887 805 899 839 :
942 789 1103 856 cujus
1137 805 1331 844 manus
1390 791 1442 843 in
1490 805 1778 844 cavernam
1817 790 1964 858 aspi-

387 875 516 926 dum
560 886 828 942 penetrat,
872 883 925 928 et
953 876 1195 930 sobolem
1227 877 1436 946 aspidis
1463 877 1760 948 attingens,
1797 893 1964 934 vene-

389 982 520 1018 num
553 981 742 1020 earum
780 969 1015 1022 hebetat.
1048 967 1180 1034 Quae
1213 970 1302 1025 ubi
1354 971 1674 1033 acciderint,
1722 969 1963 1025 futurum

355 1075 359 1088 τ
392 1059 470 1108 ait
501 1056 794 1126 Propheta,
840 1067 898 1111 ut
927 1071 982 1112 et
1014 1057 1254 1114 Libanus
1306 1075 1430 1113 cum
1475 1060 1800 1115 sublimibus
1840 1075 1967 1114 cor-

353 1183 359 1196 .
391 1158 537 1203 ruat.
559 1150 910 1218 Quaecunque
944 1167 1076 1204 vero
1102 1152 1216 1205 hzec
1246 1153 1526 1223 prophetia
1550 1169 1650 1224 per
1676 1154 1964 1225 aenigmata

390 1241 618 1305 indicat,
651 1258 713 1297 ea
748 1250 1005 1312 tanquam
1039 1244 1326 1298 manifesta
1369 1247 1646 1309 omnibus,
1709 1254 1968 1301 accurate

389 1333 667 1401 explicare
704 1333 860 1398 velle,
893 1332 1059 1386 fuerit
1092 1350 1582 1404 supervacaneum.
1635 1337 1768 1403 Quis
1819 1341 1965 1394 enim

392 1420 608 1491 ignorat
640 1437 867 1491 puerum
901 1423 1052 1478 illum
1083 1425 1245 1481 nobis
1278 1425 1512 1479 natum?
1541 1428 1632 1496 qui
1666 1443 1828 1482 manu
1864 1445 1966 1484 sua

390 1514 659 1583 contingit
694 1513 936 1582 aspides,
977 1515 1138 1584 cujus
1171 1517 1494 1586 praefectura
1531 1518 1736 1573 bestias
1783 1518 1971 1588 perni-

364 1603 576 1674 rciosas
609 1604 712 1657 sub
742 1603 883 1657 idem
913 1620 1037 1658 cum
1071 1607 1350 1663 cicuribus
1381 1615 1584 1663 tectum
1619 1609 1836 1681 redigit,
1875 1624 1971 1664 na-

394 1692 590 1748 turalis
650 1695 968 1750 acerbitatis
1014 1697 1259 1754 oblitas?
1315 1697 1499 1765 Quare
1547 1715 1671 1754 cum
1726 1701 1968 1756 Libanus

2064 515 2421 586 παρδάλεως,
2463 512 2558 566 καὶ
2601 509 2709 563 τῶν
2741 507 2982 562 ἀσπίδων
3019 507 3053 576 ἡ
3092 505 3254 574 φύσις
3293 504 3438 575 πρὸς
3467 504 3534 555 τὸ
3575 521 3657 555 τι-

2064 606 2259 660 θασσόν
2287 623 2347 659 τε
2393 605 2487 658 καὶ
2522 604 2759 674 ἥμερον·
2803 598 2944 652 ὥστε
2977 595 3387 650 συνδιαιτᾶσθαι
3441 595 3548 666 μὲν
3581 595 3662 665 τῷ

2066 699 2249 769 μόσχῳ
2280 697 2369 750 τὸν
2397 696 2604 760 λέοντα,
2637 687 3113 745 συναναπαύεσθαι
3149 688 3208 741 δέ
3233 686 3311 758 τῷ
3341 685 3527 755 ἐρίφῳ
3561 685 3664 754 τὴν

2065 787 2350 859 πάρδαλιν,
2386 787 2697 839 ἐπιστατεῖν
2729 783 2786 836 δέ
2820 783 3024 835 τούτων
3052 781 3112 833 τὸ
3146 779 3362 832 παιδίον
3393 781 3575 830 ἐκεῖνο
3597 778 3666 828 τὸ

2065 880 2258 950 νήπιον
2285 878 2312 930 ὅ
2344 877 2604 946 ἐγεννήθη
2636 877 2770 946 ἡμῖν
2793 892 2807 904 ο
2838 867 2899 926 οὗ
2923 873 2956 941 ή
2981 871 3102 943 χεὶρ
3127 872 3185 922 ἐν
3205 871 3273 938 τῇ
3299 867 3530 938 τρώγλη
3552 867 3665 918 τῶν

2064 968 2303 1022 ἀσπίδων
2359 968 2596 1035 γίνεται,
2662 965 2755 1018 καὶ
2812 963 2920 1016 τῶν
2974 960 3210 1029 ἐκγόνων
3257 959 3362 1028 τῆς
3431 957 3670 1016 ἀσπίδος

2066 1061 2413 1132 ἐφαπτομένη
2432 1100 2446 1122 ,
2490 1061 2586 1113 καὶ
2613 1059 2704 1111 τὸν
2739 1057 2815 1109 ίὸν
2858 1055 3036 1109 αὐτῶν
3065 1051 3539 1122 ἀπαμϐλύνουσα·
3584 1044 3666 1104 ὧν

2066 1154 2384 1224 γινομένων,
2416 1150 2579 1221 φησὶν
2607 1152 2635 1203 6
2659 1150 2970 1219 Προφήτης,
2997 1146 3076 1198 ὄτι
3110 1146 3204 1198 καὶ
3234 1147 3264 1196 6
3289 1141 3534 1204 Λίϐανος
3563 1142 3663 1192 σὺν

2066 1246 2178 1306 τοῖς
2217 1242 2440 1312 ὑψηλοῖς
2469 1241 2735 1292 πεσεῖται.
2767 1238 2909 1290 ’Ὀσα
2939 1237 2996 1289 δέ
3037 1235 3227 1306 μηνύει
3263 1234 3354 1287 διά
3384 1232 3498 1285 τῶν
3526 1232 3664 1283 αἰνι-

2067 1333 2294 1402 γμάτων
2315 1331 2515 1385 τούτων
2539 1331 2574 1400 ἡ
2595 1328 2921 1400 προφητεία,
2944 1327 3020 1389 ὡς
3043 1325 3284 1395 πρόδηλα
3311 1325 3488 1376 πᾶσιν
3511 1323 3642 1373 ὄντα

2070 1425 2322 1496 περιττὸν
2360 1425 2426 1478 ἂν
2473 1425 2559 1494 εἴη
2593 1422 2660 1475 δι’
2703 1419 2990 1493 ἀκριϐείας
3037 1417 3369 1471 ἐκτίθεσθαι.
3414 1415 3515 1477 Τίς
3553 1414 3665 1484 γὰρ

2069 1519 2171 1571 οὐκ
2215 1512 2322 1569 οἶδε
2353 1516 2413 1568 τὸ
2443 1512 2700 1584 γεννηθὲν
2734 1512 2867 1581 ἡμῖν
2900 1507 3126 1571 παιδίον,
3169 1507 3229 1560 τὸ
3256 1506 3369 1558 τῶν
3418 1504 3665 1557 ἀσπίδων

2072 1611 2134 1679 τῇ
2166 1608 2308 1678 χειρὶ
2347 1607 2742 1677 ὲφαιπτόμενον,
2781 1595 2843 1655 οὗ
2886 1605 2920 1673 ἡ
2967 1601 3257 1654 ἐπιστασία
3301 1597 3373 1651 τὰ
3423 1597 3664 1666 δηλητή-

2077 1718 2165 1772 ρια
2210 1700 2318 1753 τῶν
2363 1699 2568 1770 θηρίων
2601 1698 2748 1750 ποιεῖ
2789 1697 2902 1759 τοῖς
2941 1693 3166 1764 ἡμέροις
3209 1689 3537 1760 ὁμόσκηνα.
3569 1688 3666 1758 τῆς

392 1786 506 1850 ille,
537 1786 630 1856 qui
660 1795 743 1842 est
772 1789 1000 1854 malitia,
1033 1806 1127 1859 per
1158 1791 1271 1846 haac
1300 1801 1546 1854 corruat.
1603 1801 1770 1865 atque
1801 1795 1964 1850 etiam

2101 1794 2307 1864 ›υσικῆς
2334 1765 2557 1864 πικρίας
2589 1790 2761 1861 λήθην
2789 1788 3123 1858 ποιούμενα;
3164 1784 3319 1836 Ἐπεὶ
3344 1779 3444 1836 οὗν
3478 1781 3666 1834 πίπτει

393 1892 504 1932 una
544 1894 666 1933 cum
704 1880 808 1934 hoc
839 1882 1168 1952 principium
1201 1885 1469 1940 malorum
1500 1895 1746 1950 corruat,
1795 1888 1970 1944 subli—

2105 1887 2158 1940 ιά
2181 1885 2382 1939 τούτων
2403 1887 2431 1938 6
2465 1883 2696 1946 Λίϐανος
2722 1885 2756 1952 ή
2782 1879 2968 1950 κακία,
3011 1877 3107 1932 καὶ
3138 1874 3591 1944 συγκαταπίπτει
3627 1873 3664 1942 ή

397 1970 620 2026 mitates
651 1972 909 2027 nimirum
954 1976 1218 2031 adversus
1248 1978 1533 2032 veritatem
1585 1989 1822 2036 erectae:
1887 1981 1972 2036 id-

2101 1974 2261 2048 ερώτη
2294 1974 2402 2027 τῶν
2437 1971 2623 2026 κακῶν
2644 1971 2808 2042 ἀρχὴ.
2839 1969 2908 2022 τὰ
2931 1967 3070 2022 κατά
3098 1965 3196 2036 τῆς
3222 1962 3496 2033 ἀληθείας
3520 1961 3668 2031 ὑψώ-

394 2062 547 2117 circo
585 2064 1050 2134 pulchritudinem
1085 2067 1296 2122 Domini
1330 2085 1536 2139 sponsa
1586 2088 1709 2126 cum
1762 2072 1971 2128 Libano

2101 2083 2251 2120 ιατα·
2292 2065 2380 2118 διὰ
2413 2063 2567 2117 τοῦτο
2605 2062 2684 2134 τῷ
2715 2060 2955 2132 ἐκλεκτῷ
3000 2059 3218 2128 Λιϐάνῳ
3259 2056 3592 2128 παρεικάζει
3631 2058 3665 2126 ή

397 2153 572 2210 electo
603 2157 837 2222 confert,
869 2157 1019 2213 hisce
1049 2159 1225 2215 verbis
1248 2161 1509 2230 prolatis:
1543 2163 1752 2233 Species
1780 2167 1969 2235 ipsius,

395 2255 455 2300 ut
479 2247 678 2303 electus
717 2247 976 2315 Libanus,
1002 2261 1060 2305 ut
1100 2251 1273 2307 cedri.

468 2429 632 2484 Addit
667 2438 848 2486 autem
897 2434 1100 2502 gutturi
1147 2450 1367 2506 quoque
1418 2439 1751 2496 conveniens
1799 2456 1972 2496 enco-

396 2523 589 2586 mium,
629 2537 755 2576 cum
785 2521 918 2577 illud
944 2533 996 2577 et
1023 2523 1388 2588 dulcedinem,
1412 2538 1466 2582 et
1498 2528 1832 2586 desiderium
1871 2549 1969 2601 ap-

397 2611 581 2679 pellat.
611 2607 788 2664 Verba
823 2619 952 2665 sunt
979 2611 1331 2681 hujusmodi:
1361 2615 1560 2672 Guttur
1587 2620 1702 2688 ejus
1727 2621 1970 2691 dulcedo,

399 2717 463 2754 ac
492 2699 570 2754 nil
604 2701 710 2756 nisi
739 2701 1060 2756 desiderium
1092 2715 1190 2758 est.
1219 2704 1430 2770 Quibus
1461 2709 1527 2762 de
1567 2712 1746 2768 verbis
1778 2713 1976 2782 hujus-

399 2793 545 2847 modi
575 2794 833 2863 quiddam
876 2795 1032 2849 nobis
1074 2797 1139 2850 ad
1182 2798 1429 2851 animum
1470 2802 1666 2856 accidit
1700 2821 1714 2859 :
1755 2803 1974 2861 Partem

398 2899 542 2945 eam,
571 2899 694 2955 qua:
716 2884 821 2940 sub
853 2893 1038 2940 mento
1075 2895 1182 2953 est,
1211 2898 1401 2956 guttur
1439 2894 1713 2962 appellare
1740 2911 1978 2952 consue-

407 2975 611 3042 vimus,
678 2991 707 3030 a
769 2993 881 3048 quo
930 2993 1126 3033 sonum
1171 2981 1504 3036 conformari
1555 2986 1796 3052 tradunt,
1847 2988 1977 3044 dum

403 3067 663 3122 allabitur
691 3069 799 3124 huc
827 3069 1060 3140 quadam
1087 3087 1212 3126 cum
1249 3074 1482 3130 illisione
1517 3077 1743 3146 spiritus
1775 3096 1843 3135 ex
1891 3098 1981 3136 ar-

405 3159 564 3214 teria.
587 3160 769 3226 Quare
792 3177 916 3216 cum
943 3163 1049 3217 favi
1073 3165 1248 3220 mellis
1272 3165 1382 3221 sint
1405 3171 1648 3236 praeclari
1674 3186 1978 3240 sermones,

403 3257 459 3302 et
485 3249 753 3304 sermonis
792 3252 864 3305 sit
895 3254 1323 3310 instrumentum
1374 3274 1500 3322 vox,
1542 3261 1700 3328 cujus
1752 3273 1908 3318 ortus
1951 3280 1982 3320 e

408 3347 653 3408 gutture,
685 3341 922 3395 [Ortasse
949 3343 1235 3399 ministros
1259 3355 1312 3400 et
1341 3349 1664 3418 interpretes
1686 3355 1980 3418 sermonis,

408 3431 465 3485 in
497 3433 700 3500 quibus
729 3433 985 3490 Christus
1017 3436 1282 3506 loquitur,
1317 3439 1419 3494 hac
1459 3457 1593 3497 voce
1633 3445 1727 3512 qui
1776 3446 1984 3516 signiﬁ-

407 3523 522 3575 cari
553 3524 776 3592 cogitat,
805 3540 835 3578 a
871 3541 999 3581 vero
1030 3543 1139 3582 non
1174 3529 1473 3587 aberrabit.
1506 3533 1642 3589 Nam
1671 3545 1724 3592 et
1754 3554 1986 3609 magnus

408 3613 503 3668 ille
531 3613 772 3671 Joannes
797 3625 1022 3688 rogatus
1050 3620 1175 3689 quis
1207 3634 1372 3689 esset,
1414 3639 1603 3680 vocem
1637 3644 1696 3683 se
1749 3633 1981 3701 appella-

407 3705 488 3759 vit
510 3705 580 3772 ³⁸,
605 3705 805 3777 quippe
835 3707 928 3778 qui
959 3707 1118 3765 Verbi
1154 3727 1463 3780 praecursor
1487 3726 1632 3770 esset
1659 3734 1672 3770 :
1715 3729 1768 3772 et
1795 3720 1986 3778 beatus

409 3794 504 3849 ille
559 3795 765 3851 Patrius
817 3796 1208 3854 documentum
1248 3801 1444 3857 edebat
1497 3805 1771 3875 loquentis
1817 3809 1870 3862 in
1929 3825 1989 3866 se

410 3887 620 3942 Christi
643 3890 712 3950 ⁸⁸,
748 3890 836 3943 cui
881 3891 1012 3961 quia
1043 3907 1233 3947 vocem
1260 3910 1414 3949 suam
1455 3897 1749 3961 locaverat,
1779 3902 1853 3954 nil
1883 3904 1988 3958 nisi

411 3979 647 4035 dulcedo
711 3989 831 4037 erat
871 3997 971 4053 per
1016 3983 1195 4054 ipsum
1255 3985 1505 4056 loquens.
1550 3987 1752 4046 Omnes
1803 3993 1986 4049 itidem

413 4072 714 4142 prophetas,
747 4074 872 4143 quia
893 4075 1121 4144 Spiritui
1167 4093 1362 4133 sonum
1392 4080 1445 4134 in
1485 4082 1565 4138 eis
1605 4084 1784 4138 edenti
1821 4096 1990 4141 mem-

420 4163 519 4218 bra
587 4181 685 4220 sua
751 4166 960 4220 vocalia
993 4179 1400 4236 concesserant,
1467 4174 1542 4225 nil
1602 4176 1705 4230 nisi
1761 4177 1991 4234 dulcedo

413 4265 594 4320 erant,
630 4259 733 4312 mel
764 4259 1008 4314 divinqu
1041 4277 1071 4316 e
1097 4270 1318 4331 gutture
1349 4278 1472 4326 suo,
1504 4266 1652 4319 velut
1699 4283 1729 4320 e
1757 4269 1990 4338 quodam

417 4348 568 4404 fonte
596 4359 928 4419 promcutes,
985 4369 1096 4423 quo
1129 4355 1347 4423 quidem
1379 4365 1434 4410 et
1481 4373 1658 4427 reges,
1693 4368 1746 4416 et
1795 4364 1991 4432 privati

2073 2159 2257 2228 νύμφη
2299 2156 2395 2208 τοῦ
2445 2155 2652 2226 Κυρίου
2702 2152 2762 2206 τὸ
2803 2151 3035 2216 κάλλος,
3070 2149 3244 2212 οὕτως
3294 2148 3530 2201 εἰποῦσα
3558 2150 3670 2208 τοῖς

2059 2251 2350 2321 ῥήμασιν’
2383 2243 2558 2313 Εἶδος
2596 2245 2806 2311 αὐτοῦ,
2836 2245 2916 2311 ὡς
2950 2244 3210 2306 Λίϐανος
3242 2241 3556 2305 ἐκλεκτὸς,
3585 2240 3665 2304 ὡς

2077 2345 2295 2412 κέδροι.

2149 2433 2477 2507 Προστίθησι
2520 2432 2579 2487 δὲ
2626 2432 2722 2486 καὶ
2772 2430 2851 2501 τῷ
2885 2429 3126 2500 φάρυγγι
3177 2427 3273 2478 τὸν
3328 2422 3665 2491 κατάλληλον

2077 2527 2316 2593 ἔπαινον,
2347 2523 2662 2595 γλυκασμόν
2689 2540 2751 2576 τε
2783 2522 2946 2576 αὐτὸν
2988 2520 3081 2573 καὶ
3128 2515 3429 2587 ἐπιθυμίαν
3473 2513 3671 2582 ὀνομά-

2079 2634 2221 2670 σασα
2243 2633 2257 2646 ·
2299 2615 2411 2686 ἔχει
2449 2615 2505 2668 δὲ
2535 2617 2568 2686 ή
2597 2614 2741 2680 λέξις
2783 2611 2986 2674 οὕτως’
3021 2609 3264 2679 Φὰρυτξ
3291 2608 3487 2662 αὐτοῦ
3519 2610 3664 2670 γλυ-

2077 2707 2330 2777 κασμὸς,
2357 2707 2452 2760 καὶ
2475 2706 2618 2770 ὅλος
2637 2705 2938 2773 ἐπιθυμία.
2969 2704 3034 2755 Ὀ
3060 2703 3117 2755 δέ
3143 2702 3271 2773 περὶ
3300 2700 3497 2752 τούτου
3521 2696 3669 2750 mi-

2083 2817 2200 2869 μεν,
2247 2797 2486 2852 τοιοῦτόν
2529 2801 2672 2849 ἐστι’
2710 2796 2783 2848 Τὸ
2832 2795 2938 2848 ὑπὸ
2985 2793 3074 2847 τὸν
3117 2791 3427 2862 ἀνθερεῶνα
3480 2789 3670 2859 μέρος,

2081 2890 2338 2962 φάρυγγα
2368 2888 2522 2942 καλεῖ
2543 2891 2576 2959 ή
2604 2886 2877 2958 συνήθεια·
2905 2879 2950 2953 ᾧ
2971 2902 3100 2953 φασι
3131 2884 3224 2936 τὸν
3246 2879 3382 2954 ἦχον
3402 2884 3470 2952 τῇ
3507 2896 3668 2952 προσ-

2081 2981 2285 3035 πτώσει
2330 2981 2422 3034 τοῦ
2473 2981 2536 3033 ἐκ
2595 2978 2695 3049 τῆς
2748 2976 3014 3048 ἀρτηρίας
3064 2975 3376 3045 πνεύματος
3435 2974 3673 3040 ἀπογεν-

2083 3073 2276 3127 νᾶσθαι
2323 3070 2792 3143 περιδονούμενον.
2841 3067 2995 3120 Ἐπεὶ
3031 3062 3124 3120 οὖν
3158 3066 3327 3137 κηρία
3361 3063 3581 3134 μέλιτος
3623 3063 3673 3113 oi

2084 3164 2236 3220 καλοί
2261 3165 2366 3218 είσι
2395 3163 2543 3232 λόγοι
2566 3179 2580 3192 ο
2615 3161 2774 3230 λόγου
2801 3159 2856 3212 δέ
2885 3159 3114 3230 ὄργανόν
3143 3159 3292 3209 ἐστιν
3324 3157 3358 3226 ή
3392 3155 3572 3224 φωνὴ,
3606 3149 3672 3224 ἧς

2084 3261 2119 3329 ὴ
2164 3256 2378 3326 γένεσίς
2418 3256 2566 3308 ἐστιν
2602 3255 2666 3306 ἐκ
2696 3253 2976 3322 φάρυγγος
2999 3291 3013 3312 ,
3047 3249 3190 3319 τάχα
3228 3248 3357 3311 τοὺς
3390 3247 3674 3316 ὑπηρέτας

2085 3367 2144 3404 τε
2170 3350 2263 3403 καί
2296 3350 2578 3419 ὑποφήτας
2610 3345 2704 3398 τοῦ
2731 3344 2912 3414 λόγου,
2953 3345 3012 3395 ἐν
3042 3339 3124 3405 οἷς
3160 3341 3311 3393 λαλεῖ
3341 3343 3370 3394 ό
3411 3339 3671 3411 Χριστὸς,

2083 3441 2161 3512 τῷ
2191 3441 2414 3512 ὀνόματι
2443 3439 2614 3509 τούτῳ
2647 3435 3008 3509 σημαίνεσθαι
3041 3434 3177 3488 νοῶν
3217 3451 3320 3497 τις,
3355 3435 3458 3502 οὐχ
3486 3433 3674 3503 ἁμαρ-

2083 3531 2330 3600 τήσεται.
2366 3528 2474 3580 Καὶ
2505 3527 2610 3598 γὰρ
2633 3527 2662 3578 6
2703 3525 2876 3595 μέγας
2915 3524 3166 3593 Ἰωάννης
3198 3521 3497 3593 ἐρωτηθεὶς
3527 3523 3676 3583 ὅστις

2086 3621 2194 3690 είη,
2233 3620 2415 3689 φωνὴν
2451 3617 2642 3671 ἑαυτὸν
2683 3617 3094 3686 κατωνόμασεν,
3137 3613 3323 3684 ἐπειδὴ
3353 3613 3448 3665 τοῦ
3498 3613 3675 3678 Λόγου

2087 3712 2390 3784 πρόδρομος
2413 3707 2500 3781 ἦν’
2527 3710 2622 3764 καὶ
2646 3710 2676 3761 6
2713 3709 2982 3780 μακάριος
3011 3705 3222 3769 Παῦλος
3245 3703 3480 3773 δοκιμὴν
3505 3703 3676 3756 ἐδίδου

2086 3804 2182 3858 τοῦ
2205 3808 2263 3858 ἐν
2287 3802 2433 3874 αύτῷ
2460 3801 2748 3865 λαλοῦντος
2777 3799 3014 3871 Χριστοῦ
3036 3818 3050 3831 ·
3081 3793 3143 3853 οὗ
3166 3799 3266 3868 τὴν
3290 3797 3476 3866 φωνὴν
3499 3794 3675 3863 ἐαυτῷ

2088 3899 2320 3969 χρήσας,
2360 3894 2676 3965 γλυκασμὸς
2706 3889 2775 3967 ᾖν
2799 3894 2883 3953 δι’.
2909 3894 3120 3947 ἐκείνου
3147 3889 3544 3960 φθεγγόμενος,
3572 3888 3674 3941 Καὶ

2090 3990 2291 4052 πάντες
2323 3989 2371 4040 οἱ
2417 3981 2692 4058 προφῆται
2719 3985 2790 4038 τά
2818 3984 3099 4055 φωνητικὰ
3130 3982 3339 4036 ἑαυτῶν
3370 3982 3583 4054 ὄργανα
3601 3977 3673 4048 τῷ

2090 4079 2377 4153 ἐνηχοῦντι
2428 4079 2612 4142 αὐτοῖς
2659 4077 2936 4148 Πνεύματι
2983 4075 3511 4146 παραχωρήσαντες,
3545 4072 3673 4140 γλυ-

2090 4174 2299 4246 κασμὸς
2326 4173 2582 4242 ἐγίνοντο,
2614 4172 2674 4224 τὸ
2707 4170 2848 4223 θεῖον
2885 4167 3006 4240 μέλι
3035 4168 3123 4222 διὰ
3153 4166 3247 4220 τοῦ
3279 4166 3553 4236 λάρυγγος
3587 4161 3671 4216 τοῦ

2097 4267 2223 4321 ίδίου
2272 4265 2644 4337 πηγάζοντες,
2691 4256 2736 4332 ᾧ
2779 4261 3019 4333 βασιλεῖς
3049 4276 3111 4312 τε
3163 4258 3258 4312 καὶ
3292 4257 3502 4310 ἰδιῶται
3544 4253 3673 4324 πρὸς

2093 4357 2283 4428 ὑγείαν
2319 4355 2745 4427 προσφέρονται·
2781 4346 2841 4405 οὗ
2871 4353 2903 4422 ή
2935 4351 3235 4412 ἀπόλαυσις
3262 4349 3363 4400 οὐκ
3393 4345 3676 4399 ἐπικύπτει

417 4440 668 4497 homines
691 4443 987 4499 salubriter
1012 4453 1273 4500 utuntur:
1303 4448 1464 4516 cujus
1493 4448 1681 4505 fruitio
1719 4454 1981 4524 cupidita-

2101 4449 2194 4519 τὴν
2221 4447 2514 4518 ἐπιθυμίαν
2547 4444 2624 4516 τῷ
2650 4445 2819 4516 κόρῳ,
2851 4441 2987 4495 ἀλλά
3013 4439 3204 4511 τρέφει
3237 4436 3439 4507 μᾶλλον
3470 4433 3560 4487 διὰ

416 4545 524 4588 tem
569 4535 822 4591 satietate
855 4553 962 4590 non
987 4539 1281 4603 imminuit,
1314 4541 1409 4596 sed
1444 4544 1614 4597 multo
1650 4547 1822 4616 magis
1849 4547 1996 4603 desi-

423 4624 642 4678 derium
673 4641 772 4695 per
802 4631 1165 4697 expetiturum
1206 4632 1678 4703 participationem
1714 4638 1832 4691 alit.
1861 4639 1997 4696 Pro-

420 4725 610 4788 pterea
641 4718 780 4773 dixit
807 4719 940 4774 illud
992 4722 1128 4776 nihil
1178 4738 1302 4780 esse
1355 4726 1525 4793 aliud,
1579 4743 1741 4797 quam
1781 4729 1997 4788 deside-

418 4811 606 4866 rium:
648 4813 806 4881 quasi
869 4815 1104 4884 quadam
1161 4816 1479 4875 deﬁnitione
1529 4821 1994 4891 pulchritudinem

418 4904 633 4973 (μιαξεὶιί
669 4906 770 4959 hac
805 4921 936 4960 voce
969 4908 1325 4966 describens:
1351 4909 1469 4978 Nil,
1503 4913 1706 4984 inquit,
1757 4927 1856 4981 est,
1890 4919 1995 4972 nisi

418 4995 764 5052 desiderium.
793 4997 965 5064 Quam
993 4988 1149 5054 beata
1180 5010 1310 5057 sunt
1341 5004 1433 5058 illa
1464 5007 1727 5072 membra,
1749 5025 1846 5078 per
1873 5027 1995 5081 quae

419 5096 596 5143 totttm
631 5090 706 5143 nil
744 5091 844 5145 nisi
896 5092 1227 5147 desiderium
1258 5095 1317 5148 lit
1357 5117 1369 5150 :
1432 5112 1661 5166 quaeque
1710 5115 1805 5169 per
1831 5103 1995 5157 abso-

423 5181 590 5234 lutam
627 5181 681 5236 in
723 5185 870 5237 omni
908 5184 1049 5238 bono
1075 5185 1486 5252 perfectionem,
1513 5190 1751 5245 elliciunt
1789 5195 2000 5248 amabi-

423 5271 525 5322 lem
554 5273 846 5340 quamdam
875 5291 939 5328 cx
974 5275 1228 5329 omnibus
1253 5285 1604 5346 temperatam
1635 5291 1998 5346 venustatem,

425 5358 498 5410 ita
541 5367 600 5412 ut
629 5363 945 5418 universum
1007 5381 1116 5419 non
1159 5365 1320 5419 modo
1359 5366 1503 5437 quod
1539 5369 1730 5425 oculos
1782 5372 1997 5438 attinet,

423 5451 567 5515 quod
603 5468 818 5521 manus,
849 5456 995 5526 quod
1069 5455 1380 5524 cincinnos,
1439 5460 1533 5512 sed
1561 5461 1722 5514 etiam
1783 5475 2002 5534 propter

429 5545 617 5609 prius,
647 5559 831 5609 crura,
879 5555 1068 5617 guttur
1101 5547 1338 5617 denique
1369 5548 1441 5603 sit
1479 5549 1861 5619 desiderabile,
1902 5573 1993 5609 ue-

2091 4541 2198 4594 τῶν
2236 4538 2684 4610 ἐπιθυμουμένων
2725 4533 3013 4605 μετουσίας
3048 4531 3137 4584 τὸν
3169 4528 3354 4583 πόθον.
3390 4525 3493 4579 Διά
3527 4522 3673 4577 τοῦτο

2093 4634 2188 4686 καὶ
2221 4633 2340 4686 ὅλον
2365 4630 2528 4683 αὐτὸν
2558 4627 2853 4698 ἐπιθυμίαν
2885 4622 3265 4694 κατονομάζει,
3293 4615 3406 4673 οἶόν
3434 4635 3542 4670 τινι
3570 4617 3673 4686 ὁρι-

2097 4725 2218 4798 σμῷ
2244 4724 2304 4777 τὺ
2328 4723 2420 4776 τοῦ
2448 4721 2778 4794 ζητουμένου
2805 4718 3000 4779 κάλλος
3033 4715 3118 4768 διὰ
3139 4713 3345 4783 ταύτης
3377 4711 3478 4781 τῆς
3503 4706 3673 4778 φωνῆς

2096 4816 2488 4886 ὑπογράφουσα
2506 4830 2520 4845 ο
2550 4815 2723 4878 ’Όλος
2749 4811 2878 4880 γὰρ,
2901 4810 3084 4879 φησὶν,
3114 4803 3420 4872 ἐπιθυμία.
3465 4801 3554 4863 Ὠς
3585 4815 3674 4869 μα-

2099 4913 2266 4982 κάρια
2297 4909 2365 4962 τά
2397 4909 2530 4980 μέλη
2578 4909 2781 4967 ἐκεῖνα,
2811 4905 2878 4958 δι’
2918 4895 2992 4956 ὧν
3024 4901 3085 4954 τὸ
3125 4900 3246 4953 ὅλον
3285 4896 3549 4966 ἐπιθυμία
3604 4891 3671 4959 τέο

2100 5019 2269 5058 νεται·
2298 5001 2386 5055 διὰ
2408 5000 2505 5070 τῆς
2526 5001 2584 5052 ἐν
2607 4997 2768 5051 παντὶ
2788 4994 2974 5065 ἀγαθῷ
2998 4993 3351 5061 τελειότητος,
3381 4988 3670 5056 σύγκρατον

2102 5099 2168 5150 ἐκ
2211 5095 2426 5147 πάντων
2451 5091 2512 5144 τὸ
2536 5091 2798 5163 ἐράσμιον
2826 5085 3249 5158 ἀπεργαζόμενα
3288 5081 3488 5142 κάλλος
3507 5096 3522 5107 ·
3547 5078 3668 5130 ὥστε

2103 5189 2221 5242 ὅλον
2265 5185 2339 5257 μὴ
2372 5186 2428 5237 ἐν
2462 5181 2726 5253 ὀφθαλμῷ
2760 5180 2917 5250 μόνον
2950 5179 3045 5230 καὶ
3071 5176 3258 5249 χερσὶν
3283 5173 3318 5244 ἣ
3345 5171 3667 5242 βοστρύχοις.

2106 5279 2242 5334 ἀλλά
2273 5277 2366 5331 καὶ
2395 5278 2453 5329 ἐν
2481 5275 2607 5329 ποσὶ
2628 5274 2724 5328 καὶ
2756 5275 2812 5326 ἐν
2843 5272 3018 5344 χερσὶ,
3057 5271 3152 5323 καὶ
3187 5271 3245 5322 ἐν
3273 5269 3392 5330 ταῖς
3415 5266 3666 5334 κνήμαις,

2107 5372 2199 5426 καὶ
2239 5367 2380 5422 κατά
2417 5367 2674 5436 φάρυγγα
2709 5363 3104 5436 παραπλησίως
3137 5357 3472 5429 ἐπιθυμητδς
3512 5349 3664 5410 εἶναι,

2112 5461 2338 5534 μηδενὸς
2362 5462 2419 5512 ἐν
2441 5462 2552 5522 τοῖς
2580 5458 2766 5529 μέλεσι
2795 5457 2935 5512 κατὰ
2964 5457 3063 5525 τὴν
3095 5453 3404 5525 ὑπερϐολὴν
3433 5447 3529 5502 τοῦ
3559 5443 3667 5500 κάλα

2103 5560 2228 5620 λους
2254 5554 2665 5623 ἐλαττουμένου.

431 5651 538 5704 qlt',
569 5638 866 5692 membrum
935 5640 1104 5695 ullum
1165 5641 1218 5694 in
1249 5641 1351 5694 hoc
1406 5643 1827 5711 pulchritudinis
1899 5653 2216 5710 excellentia
2253 5649 2522 5707 deteriore
2553 5647 2623 5703 sit
2691 5643 3024 5708 conditione,
3094 5653 3254 5709 Quam
3326 5646 3547 5693 Citien-

504 5751 546 5781 ⁵⁸
577 5747 735 5806 .loan.
783 5769 818 5816 ι,
852 5754 940 5809 25.
1023 5755 1063 5786 ⁵³
1094 5753 1133 5806 ll
1169 5755 1291 5808 Cor.
1351 5771 1468 5822 xm,
1514 5759 1565 5810 5.
