3812 6228
167 358 311 412 1085

1196 371 1263 428 IN
1301 377 1595 434 CANTICA
1641 381 1915 440 CANTIC.
1955 382 2241 440 HOMILIA
2280 387 2418 444 XIV.

3307 393 3328 447 i
3339 394 3447 450 (386

230 473 442 576 Οιῖτος,
469 480 652 549 φησὶν,
676 485 709 576 ό
729 484 1052 576 ﬁdele-(86¢
1067 506 1207 557 μου,
1229 491 1329 546 καί
1348 489 1548 561 οὗτος,
1564 497 1745 566 φησὶν¹

1929 499 2030 554 Hic
2044 514 2144 566 est,
2160 502 2607 574 inquit,cognalus
2622 520 2786 570 meus,
2800 515 2849 560 et
2879 507 2963 560 hic
2982 509 3255 576 proximus
3274 524 3442 570 meus.

165 569 200 618 ὁ
220 567 496 634 πλησίον
509 587 652 638 μου,
679 573 988 642 θυγατέρες
1021 577 1423 651 Ἰερουσαλήμ.
1444 585 1625 638 Πάντα
1645 587 1755 657 γὰρ

165 659 361 722 αὐταῖς
387 662 482 714 ὑπ’
509 662 630 732 ὄψιν
659 666 939 736 ἀγαγοῦσα
972 670 1059 725 διά
1086 673 1184 743 τῆς
1203 675 1296 728 τοῦ
1322 675 1482 746 λόγου
1516 681 1757 750 ὑπογρα-

297 752 374 844 ait
403 755 758 826 γνωρίσματα
779 800 792 820 ,
822 760 891 813 δι’
917 755 990 814 ὧν
1019 760 1086 834 ἦν
1109 765 1334 820 δυνατὸν
1371 771 1624 838 γενέσθαι
1657 773 1756 844 τὴν

163 843 263 895 τοῦ
289 842 450 910 ξητου
458 846 620 914 μένου
643 850 970 921 φανέρωσιν,
989 854 1109 907 τότε
1129 856 1208 926 τῷ
1224 858 1476 931 δεικτικῷ
1494 842 1757 934 κέχρηται

164 929 335 1000 λόγῳ,
355 930 525 998 Οὗτός
551 938 688 1000 ἐστι,
717 938 969 1008 λέγουσα,
1005 946 1034 996 ό
1064 944 1414 1018 ζητούμενος,
1447 929 1506 1014 δς
1654 929 1755 1007 ’τοῦ

165 1022 400 1090 ἁδελφὸς
439 1027 691 1094 γενέσθαι
720 1030 778 1094 ἐξ
821 1033 987 1086 Ἰούδα
1027 1039 1156 1106 ἡμῖν
1183 1040 1490 1106 ἀνατείλας,
1530 1045 1756 1114 πλησίον

164 1113 388 1180 ἐγένετο
431 1117 524 1170 τοῦ
576 1120 998 1189 ἐμπεπτωκότος
1046 1129 1126 1190 εἰς
1171 1131 1297 1194 τοὺς
1330 1131 1562 1203 λῃστὰς,
1595 1137 1757 1208 ἐλαίῳ

166 1207 267 1256 καὶ
304 1206 430 1276 οἴνῳ
457 1209 551 1262 καὶ
580 1211 894 1282 ἐπιδέσμοις
922 1217 1021 1280 τὰς
1066 1220 1278 1290 πληγὰς
1321 1225 1630 1295 ἰασάμενος,
1663 1206 1758 1282 καλ.

165 1297 263 1348 ἐπὶ
298 1298 393 1350 τοῦ
436 1299 566 1354 ἰδίου
621 1303 759 1372 ἄρας
811 1307 1142 1376 ὑποζυγίου,
1186 1315 1278 1366 καὶ
1327 1314 1404 1385 τῷ
1460 1319 1757 1390 πανδοχείῳ

168 1389 588 1455 ἐναναπαύσας,
629 1395 721 1450 καὶ
758 1396 825 1449 τὰ
873 1397 966 1450 δύο
1011 1400 1238 1472 δηνάρια
1290 1406 1426 1474 πρὸς
1474 1408 1572 1479 τὴν
1614 1389 1758 1481 ζωὴν

166 1481 608 1570 παρασχόμενος,
641 1485 734 1537 καὶ
766 1487 823 1537 ἐν
854 1491 920 1558 τῇ
951 1491 1195 1563 ἐπανόδῳ
1234 1495 1396 1551 αὑτοῦ
1440 1498 1500 1552 τὸ
1531 1517 1758 1570 προστε-

166 1565 263 1618 θέν
298 1570 378 1630 εἰς
409 1569 466 1621 τὺ
498 1571 597 1641 τῆς
631 1573 852 1644 ἐντολῆς
892 1576 1053 1647 ἔργον
1095 1582 1397 1638 ἀποδώσειν
1431 1565 1759 1656 ἐπαγγειλά-

170 1675 350 1726 μενος.
387 1660 610 1725 Πάντως
642 1663 698 1716 δέ
743 1669 974 1738 φανερόν
1008 1673 1124 1724 ἐστι
1161 1675 1363 1729 τούτων
1404 1678 1633 1733 ἕκαστον
1676 1685 1758 1746 είς

165 1748 197 1846 δ
219 1767 284 1846 τι*
299 1749 505 1819 βλέπει.
528 1754 617 1824 Τῷ
643 1756 751 1827 γάρ
775 1759 1152 1830 ἐκπειράζοντι
1182 1767 1272 1820 τὸν
1303 1769 1504 1841 Κύριον
1527 1774 1756 1846 νομικῷ,

166 1841 484 1916 βουλομένῳ
529 1847 669 1919 ὑπὲρ
713 1851 840 1914 τοὺς
877 1853 1068 1920 ἀλλους
1107 1858 1297 1912 ἑαυτὸν
1335 1861 1522 1928 δεῖξαι,
1566 1841 1657 1918 καὶ
1697 1841 1755 1919 ἐν
1791 1873 1832 1928 Β

165 1934 518 2009 ὑπερηφανίᾳ
539 1939 599 1992 τὸ
618 1941 750 2010 πρὸς
770 1943 893 2006 τοὺς
908 1944 1125 2011 λοιποὺς
1144 1949 1402 2022 ὁμότιμον
1421 1955 1754 2023 διαπτύοντι,

165 2027 227 2078 ἐν
264 2027 344 2096 τῷ
376 2028 583 2096 λέγειν·
632 2033 740 2086 Kal
781 2033 875 2100 τις
909 2037 1045 2091 ἐστί
1062 2058 1183 2108 μου
1201 2045 1500 2111 adﬁcior;
1527 2049 1659 2102 Τότε
1699 2051 1758 2103 ἐν

163 2118 508 2211 διηγήματος
537 2123 666 2176 εῖδει
698 2127 880 2180 πᾶσαν
908 2128 1004 2200 τὴν
1034 2132 1414 2204 φιλάνθρωπον
1445 2141 1754 2211 οίκπνομίαν

163 2212 194 2262 6
221 2210 394 2278 Λόγος
418 2213 710 2281 ἐκτίθεται,
734 2217 832 2288 τὴν
860 2219 1065 2274 ἄνωθεν
1093 2223 1316 2279 κάθοδον
1345 2227 1439 2280 τοῦ
1465 2210 1755 2300 ἀνθρώπου

163 2302 590 2374 διηγησάμενος,
611 2309 706 2360 καί⁵
720 2309 816 2380 τὴν
833 2311 940 2364 τῶν
956 2312 1168 2383 λῃστῶν
1184 2318 1425 2388 ἐνέδραν,
1441 2322 1534 2375 καὶ
1545 2324 1643 2394 τὴν
1661 2325 1754 2377 τοῦ

166 2394 447 2486 ἀφθάρτου
472 2397 768 2468 ἐνδύματος
789 2405 1152 2476 περιαίρεσιν,
1170 2411 1262 2462 κα)⁸
1283 2411 1349 2464 τά
1364 2413 1460 2483 τῆς
1483 2415 1756 2486 ἁμαρτίας

164 2485 490 2556 τραύματα,
530 2491 624 2542 καὶ
665 2490 726 2544 τὸ
761 2494 842 2556 είς
875 2495 1044 2563 ἥμισυ
1079 2498 1176 2567 τῆς
1219 2498 1441 2568 φύσεως
1473 2507 1756 2578 προχωρῆ-

171 2592 265 2670 σαι
300 2579 393 2630 τὸν
423 2580 686 2647 θάνατον,
716 2585 812 2654 τῆς
862 2585 1035 2658 ψυχῆς
1075 2590 1343 2646 ἀθανάτου
1365 2595 1745 2670 διαμενούσηςι

162 2669 261 2761 καὶ
302 2670 397 2723 τοῦ
431 2672 595 2742 νόμου
646 2673 743 2745 τὴν
797 2677 1050 2749 ἀνωφελῆ
1085 2681 1350 2752 πάροδον,
1392 2685 1514 2740 οὔτε
1566 2691 1756 2761 ἱερέως

161 2756 290 2812 οὔτε
327 2763 552 2817 Λευΐτου
584 2765 680 2829 τὰς
714 2767 928 2840 πληγὰς
952 2772 1047 2826 τοῦ
1093 2781 1600 2847 παραπεπτωκότος
1639 2787 1752 2848 τοῖς

163 2850 393 2923 λῃσταῖς
423 2853 862 2926 θεραπεύσαντος
892 2876 906 2889 ο
945 2863 1203 2920 ἀδύνατον
1232 2869 1339 2940 γὰρ
1370 2866 1508 2941 αἷμα
1535 2875 1754 2943 τράγων

164 2947 264 2999 καὶ
294 2947 512 3016 ταύρων
543 2950 796 3022 ἀφαιρεῖν
819 2955 1124 3026 ἁμαρτίας·
1151 2959 1285 3014 ἀλλά
1319 2962 1409 3014 τὸν
1444 2967 1622 3017 πᾶσαν
1654 2967 1755 3037 τὴν

162 3037 516 3110 ἀνθρωπίνην
558 3041 722 3110 φύσιν
747 3045 835 3099 διὰ
885 3047 984 3118 τῆς
1011 3048 1266 3120 ἀπαρχῆς
1306 3051 1402 3104 τοῦ
1433 3055 1753 3125 φυράματος

163 3130 547 3201 περιθέμενον,
580 3135 638 3186 ἐν
690 3127 949 3207 ᾕπαντὸς
970 3139 1156 3203 ἔθνους
1185 3141 1246 3193 τὸ
1289 3143 1453 3213 μέρος
1487 3140 1576 3214 ἦν,
1621 3147 1752 3200 Ἰου-

161 3219 320 3274 δαίου
346 3239 406 3275 τε
441 3225 534 3276 καὶ
579 3225 940 3297 Σαμαρείτου,
971 3231 1063 3282 καὶ
1090 3231 1346 3303 Ἕλληνος
1365 3272 1379 3294 ,
1411 3234 1506 3286 καὶ
1537 3235 1756 3290 πάντων

164 3313 319 3378 ἅπαξ
366 3315 706 3386 ἀνθρώπων
741 3320 930 3378 τοῦτον
977 3323 1113 3392 μετά
1157 3323 1250 3376 τοῦ
1308 3324 1590 3396 σώματος,
1619 3329 1755 3399 ὅπερ

161 3402 317 3455 ἐστὶν
352 3404 664 3475 ὑποζύγιον,
710 3409 788 3480 τῷ
819 3411 970 3482 τόπῳ
1003 3414 1100 3483 τῆς
1131 3412 1224 3466 τοῦ
1255 3414 1544 3487 ἀνθρώπου
1573 3419 1756 3472 κακώ-

161 3508 307 3556 σεως
359 3495 661 3560 ἐπιστάντι,
693 3500 786 3553 καί¹
833 3500 1170 3581 θεραπεῦσαι
1223 3507 1292 3560 τὰ
1325 3508 1635 3580 τραύματα,
1661 3513 1754 3566 καὶ

159 3583 258 3636 ἐπὶ
281 3586 377 3638 τοῦ
409 3586 538 3641 ἰδίου
569 3589 733 3644 αὑτὸν
771 3594 1002 3664 κτήνους
1028 3597 1433 3667 ἐπαναπαῦσαι,
1463 3602 1557 3656 καὶ
1584 3619 1752 3656 κατα-

161 3674 369 3761 γώγιον
415 3680 644 3750 ποιῆσαι
687 3682 838 3753 αύτῷ
889 3683 988 3756 τὴν
1018 3686 1397 3758 φιλάνθρωπον
1424 3692 1752 3761 οἰκονομίαν,

161 3758 200 3836 ᾗ
226 3766 426 3831 πάντες
455 3769 506 3820 οἰ
559 3770 858 3834 κοπιῶντες
906 3773 999 3825 καὶ
1051 3779 1474 3846 πεφορτισμένοι
1526 3797 1755 3834 συνανα-

165 3854 454 3911 παύονται.
493 3857 550 3910 '0
583 3857 640 3911 δὲ
673 3859 729 3911 ἐν
762 3858 909 3930 αὐτῷ
949 3862 1267 3932 γενόμενος,
1293 3865 1508 3935 δέχεται
1538 3867 1755 3932 πάντως

160 3947 225 4001 ἐν
256 3949 438 4019 ἐαυτῷ
468 3949 562 4004 τὸν
590 3951 649 4003 ἐν
670 3944 714 4018 ᾧ
751 3951 986 4020 ἐγένετο,
1020 3953 1193 4018 οὕτως
1235 3957 1482 4020 εἰπόντος
1517 3957 1611 4011 τοῦ
1651 3961 1755 4012 Λό-

158 4055 286 4107 γου,
315 4038 397 4091 δτι
438 4039 492 4092 Ὀ
511 4041 712 4109 μένων
740 4041 810 4095 ἐν
831 4043 981 4112 ἐμοὶ,
1013 4045 1177 4115 κάγὼ
1206 4046 1276 4099 ἐν
1303 4046 1482 4112 αὐτῷ.
1516 4049 1755 4121 Δεξάμε-

161 4146 256 4191 νος
274 4125 368 4183 οὗν
406 4131 485 4198 τῷ
533 4131 647 4202 ἰδίῳ
674 4133 985 4203 χωρήματι,
1021 4135 1338 4206 πανδοχεύει
1370 4140 1428 4190 ἐν
1455 4141 1634 4211 ἐαυτῷ
1662 4143 1752 4196 τὸν

160 4219 451 4292 ἀχώρητον
471 4262 488 4286 ,
518 4225 648 4294 παρ’
673 4218 735 4278 οὗ
775 4225 988 4296 δέχεται
1016 4227 1084 4280 τὰ
1117 4227 1210 4282 δύο
1239 4232 1577 4302 νομίσματαο
1601 4226 1674 4288 ὧν
1692 4236 1753 4288 τὸ

163 4312 266 4380 μέν
303 4313 451 4366 ἐστιν
483 4315 516 4383 ή
548 4314 606 4380 ἐξ
637 4314 764 4384 ὅλης
795 4316 1023 4388 καρδίας
1053 4320 1134 4381 είς
1162 4319 1254 4372 τὸν
1280 4320 1411 4374 Θεὸν
1436 4323 1657 4394 ἀγάπη*
1688 4326 1752 4378 τὸ

157 4401 217 4454 δὲ
241 4401 431 4470 ἕτερον
457 4404 490 4472 ἡ
518 4405 597 4467 εἰς
639 4403 730 4457 τὸν
760 4403 985 4474 πλησίον
1031 4406 1108 4469 ὼς
1140 4407 1354 4474 ἑαυτὸν,
1381 4409 1565 4474 καθὼς
1600 4412 1694 4465 καὶ
1721 4415 1750 4465 6

159 4494 388 4563 νομικὸς
436 4495 788 4566 ἀπεκρίνατο.
857 4497 995 4549 Ἀλλ’
1029 4499 1217 4570 ἐπειδὴ
1265 4502 1364 4571 οὐχ
1404 4502 1453 4554 οἰ
1486 4503 1751 4575 ἀκροαταὶ

1865 591 1996 660 ﬁlia:
2051 591 2372 648 Jerusalem.
2439 594 2734 666 Postquam
2794 601 2940 652 enim
3015 614 3111 668 per
3173 599 3444 670 picturam

1864 687 2132 743 orationis
2166 689 2400 756 subjecit
2426 703 2615 742 earum
2661 690 2836 745 oculis
2893 690 3078 744 omnia
3110 691 3334 755 indicia,
3378 691 3443 746 de

1865 779 2064 848 quibus
2092 781 2206 834 fieri
2233 781 2438 850 agnitio
2463 782 2677 851 quaesiti
2709 791 2915 852 posset,
2941 785 3158 838 tandem
3196 784 3447 837 oratione

1864 870 2278 926 demonstrante
2309 873 2502 933 utitur.
2547 875 2705 943 quasi
2770 874 2976 929 diceret
3013 893 3028 930 :
3064 874 3163 929 Hic
3220 886 3304 931 est
3357 875 3446 928 ille

1863 979 2025 1032 quem
2059 965 2376 1032 quaerimus,
2411 963 2503 1035 qui
2547 973 2833 1034 propterea
2879 967 3022 1036 quod
3063 967 3231 1022 frater
3285 967 3444 1022 nobis

1866 1056 2048 1111 factus
2081 1057 2171 1120 sit,
2211 1064 2368 1110 ortus
2397 1072 2460 1110 ex
2499 1056 2660 1119 Juda,
2695 1058 2975 1127 proximus
3013 1057 3189 1113 factus
3214 1068 3298 1113 est
3341 1059 3440 1122 illi,

1864 1151 1956 1220 qui
2001 1149 2054 1203 in
2090 1151 2330 1203 latrones
2387 1149 2598 1214 incidit,
2656 1159 2820 1220 atque
2859 1151 2997 1214 oleo,
3049 1151 3198 1213 vino,
3251 1149 3442 1206 fasciis

1866 1261 2094 1315 vulnera
2127 1260 2275 1314 illius
2310 1260 2542 1319 sanavit.
2572 1259 2822 1326 jnmento
2881 1259 3105 1328 proprio
3158 1259 3441 1328 imposuit,

1866 1351 1921 1405 in
1956 1351 2260 1405 diversorio
2291 1351 2576 1413 recreavit,
2607 1351 2821 1404 duobus
2857 1352 2920 1403 ad
2949 1350 3150 1404 victum
3201 1351 3444 1406 denariis

1865 1443 2109 1507 donavit,
2147 1444 2420 1513 pollicitus
2445 1443 2608 1496 etiam
2637 1459 2693 1496 se
2723 1444 2775 1495 in
2809 1442 3009 1506 reditu,
3069 1442 3215 1512 quod
3249 1454 3445 1512 praeter

1865 1535 2182 1588 mandatum
2217 1535 2552 1604 insumptum
2585 1543 2749 1597 esset,
2811 1533 3169 1590 redditurum.
3198 1533 3311 1588 Nec
3341 1533 3442 1587 oh-

1866 1641 2086 1681 scurum
2118 1635 2223 1693 est,
2253 1642 2361 1694 quo
2391 1627 2506 1681 haec
2559 1626 2772 1695 singula
2825 1632 3096 1695 spectent.
3150 1623 3285 1678 Nam
3317 1639 3442 1679 cum

1867 1718 2002 1788 legis
2032 1719 2302 1788 interpres
2330 1717 2617 1772 Dominum
2647 1725 2909 1783 tentaret,
2941 1733 3109 1787 seque.
3141 1733 3304 1786 supra
3336 1731 3444 1769 ca:-

1865 1819 2016 1865 teros
2049 1818 2328 1865 ostentare
2358 1809 2542 1875 vellet,
2574 1823 2638 1863 ac
2693 1823 2877 1878 parem
2913 1823 3037 1862 cum
3094 1807 3219 1860 aliis
3250 1806 3443 1859 condi-

1863 1903 2065 1955 tionem
2097 1901 2329 1970 superbe
2364 1908 2645 1970 respueret
2685 1900 2771 1954 his
2806 1899 3030 1954 verbis:
3088 1897 3156 1950 Et
3193 1899 3312 1967 quis
3360 1905 3441 1950 est

1860 2010 2005 2046 meus
2028 1994 2300 2060 proximus
2317 1991 2520 2045 ‘°?tum
2550 2007 2674 2046 vero
2693 1989 2927 2059 quadam
2948 1991 3262 2043 narratione
3293 1986 3441 2042 Scri-

1860 2092 2022 2154 ptura
2051 2092 2218 2138 totam
2269 2083 2800 2138 administrationem
2861 2081 3312 2150 benignissiinam
3344 2094 3440 2133 ex-

1859 2175 2036 2245 ponit,
2097 2182 2526 2230 commemorato
2575 2174 2845 2228 descensu
2912 2172 3152 2227 hominis
3193 2171 3260 2227 de
3321 2171 3442 2225 loco

1859 2269 2163 2338 superiore,
2198 2275 2251 2323 et
2290 2269 2562 2322 latronum
2594 2266 2834 2332 insidiis,
2874 2275 2929 2321 et
2961 2265 3263 2320 indumenti
3299 2265 3440 2319 inte-

1861 2362 2000 2415 ritus
2038 2362 2278 2430 expertis
2311 2360 2678 2429 ademptione,
2733 2368 2786 2413 et
2826 2359 3035 2429 peccati
3098 2356 3437 2420 vulneribus,

1857 2464 1910 2509 et
1946 2469 2237 2524 progressu
2273 2453 2464 2508 mortis
2489 2453 2557 2508 ad
2589 2451 2870 2506 dimidiam
2901 2465 3076 2520 usque
3104 2456 3312 2518 partem
3339 2464 3439 2502 na-

1857 2555 1992 2599 tura:
2022 2545 2377 2616 penetrantis,
2414 2545 2684 2600 retinente
2713 2540 3178 2596 immortalitatem
3206 2538 3389 2593 anima
3419 2557 3432 2592 :

1855 2659 1922 2714 de
1951 2660 2082 2728 legis
2116 2659 2242 2714 item
2268 2658 2448 2712 inutili
2471 2655 2894 2726 transitu,quod
2931 2671 3109 2726 neque
3142 2655 3434 2716 sacerdos,

1856 2766 2032 2819 neque
2068 2749 2252 2804 Levita
2293 2749 2563 2819 quispiam
2591 2749 2812 2803 vulnera
2857 2747 3001 2817 ejus,
3034 2747 3128 2817 qui
3170 2747 3224 2800 in
3261 2746 3436 2798 latro-

1856 2858 1952 2896 nes
1990 2842 2277 2904 inciderat,
2329 2843 2604 2896 curaverit
2643 2843 2661 2910 (
2683 2856 2861 2911 neque
2899 2840 3046 2896 enim
3087 2839 3203 2894 ﬁeri
3234 2844 3453 2922 potest,_

1856 2944 1915 2990 ut
1951 2936 2176 3005 sanguis
2211 2945 2494 2990 taurorum
2531 2943 2585 2991 et
2622 2935 2902 2990 hircorum
2953 2942 3177 3004 peccata
3224 2933 3436 3002 tollat);

1855 3028 1949 3083 sed
1995 3029 2165 3095 illum,
2215 3028 2308 3098 qui
2357 3030 2668 3084 universam
2707 3028 2991 3082 hominum
3047 3035 3298 3080 naturam
3342 3041 3438 3096 per

1857 3117 2129 3189 primitias
2160 3133 2356 3175 massae
2379 3119 2484 3174 sibi
2503 3118 2888 3182 circumdedit,
2919 3118 3121 3188 quibus
3143 3116 3440 3185 cujuslibet

1784 3206 1825 3263 C
1860 3211 2097 3264 nationis
2127 3226 2251 3280 pars
2286 3211 2468 3281 aliqua
2501 3207 3441 3275 continebatur,Judaica:,Samari-

1857 3313 2018 3366 lanae,
2046 3301 2269 3365 ercaa.
2288 3303 2532 3358 omnium
2559 3303 2794 3373 denique
2815 3303 3128 3358 hominum:
3150 3301 3295 3356 hunc
3310 3317 3436 3356 cum

1857 3412 2087 3464 corpore
2117 3392 2239 3458 suo,
2265 3395 2410 3461 quod
2429 3396 2847 3465 perjumentum
2870 3395 3234 3466 signiﬁcatur,
3265 3393 3330 3446 ad
3363 3392 3437 3446 lo-

1857 3503 1980 3539 rum
1999 3501 2108 3556 quo
2127 3487 2287 3542 Iaasus
2303 3498 2421 3540 erat
2443 3487 2626 3548 homo,
2645 3502 2704 3541 se
2717 3485 3091 3540 conferentem
3114 3498 3339 3538 curasse
3352 3483 3436 3553 ip-

1856 3578 1972 3633 sius
1996 3583 2242 3643 vulnera,
2258 3578 2506 3647 jumento
2530 3579 2756 3647 proprio
2782 3578 3098 3647 impositum
3116 3591 3399 3632 recreassc
3417 3618 3432 3641 ,

1857 3686 2012 3725 suam
2080 3669 2130 3724 ei
2189 3671 2482 3740 benignam
2539 3671 2900 3724 oeconomiam
2958 3667 3248 3724 diversorii
3313 3669 3434 3721 loco

1856 3762 2155 3830 aperuisse,
2185 3776 2281 3830 per
2309 3775 2473 3830 quam
2495 3775 2686 3814 omnes
2715 3759 2923 3830 fatigati
2946 3767 2998 3813 et
3018 3758 3228 3814 onerati
3250 3747 3435 3827 quiete

1857 3853 2131 3908 fruuntur.
2197 3851 2299 3917 Qui
2347 3861 2528 3906 autem
2588 3851 2770 3921 ipsum
2821 3850 3144 3921 ingreditur,
3204 3864 3434 3920 prorsus

1855 3946 2008 3999 illum
2035 3944 2213 4014 ipsum
2240 3945 2382 3997 intra
2407 3959 2468 3999 se
2494 3943 2708 4013 recipit,
2731 3943 2785 3996 in
2799 3957 2960 4013 quem
2983 3943 3266 4012 ingressus
3290 3949 3428 3996 erat.

1855 4035 1949 4090 Sic
1974 4035 2118 4090 enim
2158 4032 2396 4088 Verbum
2425 4034 2689 4102 loquitur,
2727 4033 2833 4099 Qui
2862 4033 2916 4086 in
2933 4049 3015 4087 me
3041 4041 3238 4095 manet,
3261 4033 3313 4084 in
3335 4032 3432 4085 hoc

1852 4139 1901 4183 et
1930 4129 2038 4196 ipse
2077 4125 2297 4180 manebo
2319 4126 2386 4180 ⁶¹.
2411 4127 2605 4196 Itaque
2632 4125 2796 4179 homo
2829 4125 2974 4179 intra
3003 4125 3236 4194 spatium
3271 4138 3433 4192 capa-

1853 4221 2036 4274 citatis
2067 4235 2182 4274 sua:
2237 4220 2386 4273 illum
2414 4217 2638 4288 excipit,
2672 4217 2764 4288 qui
2794 4217 3181 4287 comprehendi
3218 4217 3426 4287 nequit,

1853 4313 2001 4367 etab
2035 4311 2138 4366 hoc
2169 4325 2422 4364 nummos
2457 4309 2654 4378 accipit
2696 4309 2855 4372 duos,
2905 4324 3138 4378 quorum
3172 4309 3310 4364 alter
3346 4316 3430 4364 est

1851 4419 1978 4474 erga
2010 4402 2176 4456 Deum
2209 4401 2453 4464 dilectio,
2499 4401 2736 4468 profecta
2775 4399 2844 4455 de
2877 4409 2992 4456 toto
3015 4402 3237 4455 animo:
3269 4402 3428 4466 alter,

1853 4493 2075 4548 dilectio
2114 4492 2349 4562 proximi
2381 4492 2525 4547 sicut
2556 4492 2639 4546 sui
2667 4492 2864 4562 ipsius.
2891 4491 3354 4562 quemadmodum
3377 4501 3433 4546 et

155 4560 256 4638 τού
289 4587 458 4656 νόμου
483 4560 678 4640 δίκαιοι
702 4586 855 4654 παρά
885 4588 963 4659 τῷ
995 4588 1135 4660 Θεῷ,
1164 4560 1300 4644 ἀλλά
1330 4560 1378 4644 δί
1409 4560 1628 4663 ποιητιαὶ
1656 4594 1745 4647 τοῦ

1857 4587 1990 4655 legis
2021 4585 2292 4654 interpres
2327 4583 2420 4638 ille
2450 4583 2828 4654 responderat.
2856 4582 2994 4649 Quia
3035 4599 3164 4638 vero
3190 4600 3298 4640 non
3333 4600 3433 4638 au—

158 4676 331 4745 νόμου
388 4675 882 4748 δικαιωθήσονται·
914 4678 1020 4749 χρὴ
1058 4680 1134 4749 μὴ
1180 4681 1339 4750 μόνον
1387 4681 1641 4746 δέξασθαι
1680 4687 1749 4738 τὰ

157 4769 257 4821 δύο
305 4767 480 4820 ταῦτα
529 4768 840 4838 νομίσματα
875 4786 888 4800 ·
923 4768 1022 4840 τὴν
1053 4770 1236 4824 πίστιν
1281 4772 1422 4840 λέγω
1452 4775 1551 4845 τὴν
1589 4777 1670 4838 εἰς
1689 4776 1750 4828 τὸ

155 4859 335 4922 Θεῖον,
361 4859 456 4912 καὶ
487 4858 584 4930 τὴν
605 4860 814 4930 ἀγαθὴν
840 4861 975 4931 πρὸς
1013 4863 1138 4925 τοὺς
1167 4865 1468 4934 ὁμοφύλους
1514 4867 1753 4936 συνείδη-

157 4969 245 5004 σιν
275 4968 288 4980 ο
328 4951 468 5005 ἀλλά
504 4951 586 5004 δεῖ
623 4953 715 5004 καὶ
757 4953 920 5007 αὑτὸν
966 4956 1370 5024 συνεισενέγκαι
1395 4957 1481 5010 διὰ
1521 4957 1628 5010 τῶν
1658 4957 1748 5029 ἔρ-

155 5060 272 5111 γων
302 5041 438 5112 πρὸς
461 5042 561 5112 τὴν
598 5041 705 5098 τῶν
739 5045 968 5099 ἐντολῶν
1003 5045 1207 5099 τούτων
1244 5047 1614 5118 ἐκπλήρωσιν.
1645 5049 1744 5102 Διά

155 5134 319 5188 τοῦτό
349 5152 482 5205 φησι
513 5134 646 5206 πρὸς
691 5136 786 5190 τὸν
813 5137 1081 5208 πανδοχέα
1108 5140 1136 5192 6
1182 5138 1403 5210 Κύριος,
1429 5141 1510 5193 ὅτι
1538 5141 1646 5194 πᾶν
1683 5141 1744 5195 τὸ

155 5227 290 5297 περὶ
323 5225 421 5296 τὴν
447 5226 740 5298 θεραπείαν
767 5227 861 5281 τοῦ
885 5229 1271 5300 κεκακωμένου
1301 5233 1430 5301 παρ’
1453 5231 1617 5285 αὑτοῦ
1654 5249 1745 5300 γε-

153 5318 409 5386 νόμενον,
443 5319 501 5370 ἐν
533 5320 600 5388 τῇ
655 5318 884 5390 δευτέρᾳ
933 5317 1098 5372 αὑτοῦ
1149 5322 1420 5393 παρουσίᾳ
1460 5323 1599 5376 κατὰ
1640 5324 1741 5394 τὴν

151 5406 318 5470 ἀξίαν
357 5405 458 5475 τῆς
510 5406 744 5478 σπουδῆς
782 5407 1142 5478 ἀπολήψεται.
1195 5409 1254 5462 '0
1294 5411 1471 5464 τοίνυν
1514 5411 1744 5482 πλησίον

153 5497 317 5567 ἡμῶν
361 5497 600 5566 γεγονὼς
620 5498 707 5552 διά
734 5499 836 5569 τῆς
867 5499 1125 5570 τοιαύτης
1147 5500 1577 5573 φιλανθρωπίας,
1607 5506 1636 5556 ὁ
1655 5503 1742 5557 διὰ

152 5587 255 5645 τοῦ
297 5587 358 5654 ἐξ
402 5587 569 5642 Ἰούδα
600 5591 730 5660 ἡμῖν
778 5591 1056 5646 ἀνατεῖλαι
1085 5591 1362 5662 ἀδελφιδὸς
1401 5594 1692 5666 γενόμενος
1723 5611 1736 5624 ’

229 5758 275 5791 ⁸⁸
308 5756 447 5815 Luc.
477 5777 532 5827 ι,
562 5761 631 5817 29
662 5780 783 5835 sqq.

863 5766 904 5798 ει
935 5764 1090 5820 Joan.
1118 5781 1192 5835 γι,
1225 5767 1320 5822 57..
1389 5767 1433 5800 ⁶²
1463 5765 1620 5824 Rom.
1647 5785 1707 5835 ιι,
1737 5772 1822 5828 13.

1853 4678 2064 4732 ditores
2098 4678 2231 4748 legis
2264 4678 2409 4748 apud
2440 4676 2606 4732 Deum
2627 4677 2763 4746 justi
2800 4685 2952 4740 sunt,
2985 4676 3080 4732 sed
3125 4677 3218 4746 qui
3259 4678 3432 4748 legem

1853 4777 2118 4839 praestant
2166 4768 2304 4838 justi
2355 4769 2728 4824 censebuntur
2777 4768 2821 4799 “
2877 4787 2892 4822 :
2953 4784 3064 4822 non
3116 4767 3171 4822 hi
3215 4775 3432 4822 tantum

1851 4861 2060 4916 nummi
2097 4863 2206 4916 duo
2222 4860 2516 4931 recipiendi
2539 4869 2690 4923 sunt,
2714 4861 2971 4916 nimirum
3010 4860 3215 4915 ﬁdesin
3235 4860 3430 4926 Deum,

1851 4963 1906 5009 et
1934 4953 2075 5008 bona
2104 4968 2232 5024 erga
2253 4952 2501 5024 ejusdem
2537 4954 2753 5023 generis
2784 4952 3032 5006 homines
3052 4952 3389 5006 conscientia
3412 4969 3429 5018 ;

1852 5045 1950 5100 sed
1998 5045 2163 5100 etiam
2211 5044 2417 5116 aliquid
2487 5060 2586 5115 per
2629 5060 2794 5114 opera
2828 5053 2913 5100 est
2947 5044 3256 5099 addendum
3303 5043 3432 5098 huic

1851 5135 2236 5189 mandatorum
2291 5135 2617 5205 impletioni.
2670 5134 2802 5188 Nam
2852 5143 3141 5204 prepterea
3183 5134 3319 5189 dicit
3362 5134 3431 5189 ad

1851 5226 2122 5296 hospitem
2164 5227 2449 5290 Dominus.
2499 5226 2742 5282 futurum
2776 5235 2835 5280 ut
2875 5225 3144 5298 quidquid
3178 5228 3234 5281 in
3269 5242 3433 5281 cura-

1851 5324 2000 5373 tione
2050 5319 2290 5374 hominis
2341 5319 2454 5374 laasi
2491 5321 2560 5374 ab
2587 5321 2706 5390 ipso
2730 5320 2844 5382 fiat,
2889 5320 3117 5374 alterius
3160 5319 3430 5374 adventus

1849 5410 1934 5465 sui
1983 5418 2226 5479 tempore
2289 5427 2385 5482 pro
2423 5412 2593 5466 studii
2636 5411 2904 5482 dignitate
2945 5411 3192 5480 recipiat.
3223 5409 3430 5476 Quam-

1846 5501 2036 5556 obrem
2081 5503 2127 5557 is
2152 5503 2244 5572 qui
2277 5503 2564 5572 proximus
2595 5511 2786 5558 noster
2838 5502 3018 5558 factus
3068 5512 3153 5558 est
3188 5503 3259 5558 ob
3285 5503 3426 5558 hanc

1846 5609 1976 5663 erga
2044 5610 2144 5651 nos
2192 5595 2606 5670 benignitatem,
2657 5596 2754 5667 qui
2801 5595 2948 5668 quod
2978 5611 3042 5652 ex
3092 5593 3233 5652 luda
3266 5597 3428 5654 nobis
