3812 6228
379 295 514 350 1087

1615 291 1672 346 S.
1709 287 2040 348 GREGUBll
2059 288 2352 347 NYSSENI

3537 281 3663 336 ita.

374 410 449 468 ait
507 419 682 473 ortus,
743 415 921 466 tactus
972 419 1058 465 est
1084 416 1352 480 cognatus
1399 418 1632 478 noster;
1670 411 1756 464 hic
1779 411 1948 480 igitur

2099 404 2214 470 ὗτός
2235 411 2381 462 ἐστιν
2408 406 2468 459 ὃν
2499 403 2692 476 μηνύει
2720 407 2840 468 ταῖς
2865 403 3102 458 νεάνισιν
3137 403 3167 455 6
3194 400 3298 471 τῆς
3322 400 3554 471 νύμφης
3589 395 3656 446 ὶό

377 501 469 557 ille
493 507 600 564 est,
625 516 786 570 quem
811 515 1013 570 sponsa
1038 500 1351 570 juvenculis
1378 501 1609 566 indicat,
1635 502 1723 557 hic
1750 513 1836 557 est
1861 502 1957 572 qui

377 592 596 649 ﬁliabus
657 591 961 647 Jerusalem
1030 593 1100 666 ab
1165 593 1497 665 integritatis
1553 593 1700 648 haud
1744 595 1958 650 violata:

378 701 584 756 sponsa
610 691 1094 749 commonstratur,
1116 699 1243 739 cum
1283 685 1358 739 ait
1391 705 1406 738 :
1442 683 1548 738 Hic
1579 695 1657 739 est
1701 694 1956 755 cognatus

379 791 544 838 meus,
571 783 621 827 et
656 775 742 828 hic
777 775 1057 844 proximus
1091 790 1258 836 meus,
1293 775 1422 844 ﬁlia:
1446 772 1768 829 Jerusalem.
1797 775 1955 829 Illum

379 874 433 922 et
465 866 622 921 nobis
641 881 736 936 per
772 866 972 920 indicia
1005 848 1466 922 Icommonstrata
1509 867 1751 938 reperire
1777 875 1832 922 et
1865 882 1957 923 as-

379 962 534 1029 sequi
567 961 872 1031 contingat,
908 960 976 1015 ad
1009 960 1240 1015 salutem
1271 960 1582 1014 animarum
1612 967 1953 1028 nostrarum,

380 1052 545 1120 idque
579 1052 744 1107 ductu
783 1051 1020 1124 Spiritus
1061 1053 1260 1119 sancti,
1293 1053 1384 1108 cui
1410 1053 1586 1124 gloria
1627 1053 1843 1110 saxulis
1876 1054 1958 1108 in-

380 1142 569 1198 ﬁnitis.
602 1143 799 1199 Amen.

950 1231 1238 1288 llOMlLlA
1269 1232 1390 1289 XV.

449 1324 579 1379 CAP.
627 1342 694 1392 ν,
722 1326 774 1394 Ῡ.
824 1325 912 1378 l7.
949 1325 1065 1392 Quo
1103 1326 1232 1380 abiit
1275 1336 1531 1396 cognatus
1576 1336 1731 1392 tuus,
1778 1345 1808 1382 ο
1835 1329 1959 1397 pul-

381 1415 508 1470 chra
537 1417 675 1470 inter
701 1417 946 1470 mulieres
967 1421 993 1474 .7
1039 1435 1140 1487 quo
1180 1420 1409 1488 respexit
1445 1430 1700 1490 cognatus
1743 1429 1885 1486 tuus,
1907 1429 1958 1474 et

381 1524 674 1578 quwremus
700 1525 817 1562 eum
849 1511 1055 1564 tecum?
1083 1510 1212 1563 CAP.
1239 1526 1316 1575 vn,
1343 1510 1397 1579 ᾗ.
1425 1511 1476 1564 l.
1509 1507 1783 1580 Cognatus
1815 1527 1958 1565 meus

381 1598 649 1652 descendit
680 1600 735 1652 in
779 1599 989 1652 hortum
1032 1615 1209 1665 suum,
1235 1599 1304 1652 ad
1349 1599 1557 1669 phialas
1590 1600 1867 1667 aromatis,
1899 1610 1958 1654 ut

381 1702 564 1757 pascat
584 1691 638 1744 in
655 1691 841 1757 hortis,
857 1700 978 1745 etut
997 1691 1208 1761 colligat
1227 1691 1364 1744 lilia.
1377 1692 1428 1745 2.
1451 1690 1562 1762 Ego
1579 1701 1800 1762 cognato
1821 1711 1953 1758 meo,

2063 515 2181 568 τος,
2216 493 2371 564 οὗτος
2405 499 2435 552 6
2465 500 2584 561 ταῖς
2614 497 2948 568 θυγατράσιν
2984 492 3343 568 Ἰερουσαλὴμ
3376 493 3542 564 παρὰ
3573 493 3665 562 τῆς

2063 591 2333 662 ἀχράντου
2370 588 2587 660 νύμφης
2610 588 2957 658 δηλούμενος,
2991 587 3060 641 δι’
3081 579 3157 640 ὧν
3191 601 3392 654 φησιν·
3430 585 3522 636 ὅτι
3559 580 3665 638 0f:-

2063 701 2165 748 τος
2199 682 2524 751 ἀδελφιδός
2551 697 2692 749 μου,
2728 679 2827 733 καί
2855 674 3033 744 οὗτος
3064 677 3338 738 πλησίον
3366 693 3520 744 μου,
3563 679 3668 729 6v-

2063 779 2305 848 γητέρες
2341 774 2733 846 Ἰερουσαλήμ
2759 789 2772 804 °
2799 773 2861 827 ὃν
2891 773 2986 827 καὶ
3007 775 3168 843 ἡμεῖς
3203 770 3295 824 διὰ
3334 770 3450 823 τῶν
3481 769 3669 835 δηλω-

2064 869 2266 923 θέντων
2316 866 2715 940 γνωρισμάτων
2769 862 3024 936 εὖροιμέν
3047 879 3109 914 τε
3138 860 3234 914 καὶ
3254 859 3531 928 λάὸοιμεν
3575 858 3672 910 ἐπὶ

2065 960 2309 1032 σωτηρίᾳ
2338 961 2447 1013 τῶν
2490 958 2676 1030 ψυχῶν
2709 957 2882 1029 ἡμῶν,
2915 955 3003 1008 διὰ
3039 953 3141 1023 τῆς
3176 951 3269 1005 τοῦ
3288 951 3453 1019 ἁγίου
3485 947 3670 1002 Πνεῦ-

2067 1070 2238 1124 ματος
2276 1050 2644 1124 χειραγωγίας
2669 1065 2681 1078 ·
2799 1050 2834 1118 ἠ
2871 1046 3000 1111 δόξα
3026 1047 3104 1107 εἰς
3151 1043 3274 1105 τοὺς
3307 1039 3520 1103 αἰῶνας
3552 1039 3668 1091 τῶν

2061 1143 2295 1199 αἰώνων.
2337 1143 2531 1213 Ἀμήν.

2672 1233 2917 1286 ΟΜΙΛΙΑ
2953 1232 3052 1284 1Ε’.

2135 1329 2258 1382 Ποῦ
2292 1326 2566 1396 ἀπῆλθεν
2587 1328 2621 1380 ὁ
2645 1323 2969 1392 ἁδελφιδός
3016 1338 3154 1387 σου,
3185 1322 3224 1389 ἡ
3253 1320 3417 1386 καλὴ
3443 1320 3514 1372 ἐν
3552 1338 3666 1388 ,τικ

2062 1420 2254 1484 ναιξί;
2283 1417 2795 1491 Ποῦθάπέὄκεψεν
2827 1419 2860 1470 ό
2888 1413 3212 1482 ἀδαφιδός
3255 1429 3396 1476 σου,
3427 1411 3532 1465 καὶ
3567 1410 3666 1475 ζη-

2064 1511 2331 1581 τήσομεν
2382 1510 2571 1565 αὐτὸν
2623 1510 2775 1578 μετὰ
2827 1506 2990 1572 σοῦ;
3035 1497 3089 1559 Ὀ
3148 1503 3481 1570 ἀδελφιδός
3544 1519 3667 1572 μου

2067 1602 2282 1670 κατέϐη
2304 1604 2391 1668 εὶς
2425 1599 2627 1670 κῆπον
2663 1599 2873 1662 αὐτοῦ,
2897 1599 2985 1664 είς
3021 1596 3243 1666 φιάλας
3269 1594 3379 1648 τοῦ
3417 1594 3661 1663 ἀρώμα-

2070 1713 2194 1764 τος,
2220 1695 2560 1764 ποιμαίνειν
2595 1694 2666 1746 ἐν·
2695 1692 2931 1759 κήποις,
2963 1689 3062 1743 καὶ
3089 1688 3422 1754 συλλέγειν
3452 1688 3658 1754 κρίνα.

381 1795 430 1836 et
445 1794 700 1853 cognatus
721 1800 864 1837 meus
883 1784 1030 1845 ntihi,
1044 1787 1131 1851 qui
1147 1783 1317 1850 pascit
1333 1783 1471 1838 inter
1491 1785 1622 1838 lilia.
1647 1785 1700 1840 5.
1721 1785 1957 1840 Pulchra

2099 1782 2224 1854 Eri»
2268 1781 2349 1847 τῷ
2399 1779 2700 1850 ἀδελφιδῷ
2741 1797 2901 1849 μου,
2932 1777 3029 1830 καὶ
3079 1780 3112 1830 ό
3161 1773 3491 1843 ἀδελφιδός
3537 1789 3666 1842 μου

381 1891 458 1935 es.
492 1876 736 1944 proxima
786 1891 923 1940 mea,
963 1876 1102 1929 sicut
1137 1876 1252 1946 ipsa
1302 1873 1656 1931 benevolentia
1679 1919 1694 1942 ,
1719 1879 1959 1948 formosa

382 1966 519 2020 sicut
559 1965 891 2031 Jerusalem,
940 1977 1124 2038 stupor
1177 1981 1433 2039 tanquam
1478 1971 1753 2027 instructa:
1795 1973 1957 2028 acies.

382 2059 435 2114 4.
467 2060 654 2114 Averte
670 2060 848 2114 oculos
874 2077 906 2113 a
925 2077 1034 2126 me;
1056 2076 1180 2114 nam
1200 2061 1284 2115 illi
1299 2061 1414 2116 alas
1437 2061 1568 2116 mihi
1589 2064 1956 2120 reddiderunt.

382 2148 549 2206 Coma
575 2163 665 2204 tua
695 2151 835 2206 velut
883 2168 1063 2222 greges
1113 2169 1420 2223 caprarum,
1450 2171 1568 2224 qua:
1597 2165 1960 2223 apparuerunt

2059 1872 2209 1942 ἐμοὶ,
2227 1876 2260 1927 ό
2274 1873 2602 1942 ποιμαίνων
2633 1871 2703 1923 ἐν
2731 1869 2854 1935 τοῖς
2874 1867 3119 1937 κρίνοις.
3138 1865 3307 1933 Καλὴ
3334 1865 3412 1928 εἷ,
3442 1866 3482 1931 ἠ
3500 1867 3659 1928 πλη-

2061 1965 2202 2019 σίον
2243 1983 2383 2034 μου,
2419 1963 2500 2028 ὡς
2552 1962 2815 2026 εὐδοκία,
2857 1961 3042 2029 ὡραία
3087 1959 3169 2024 ὡς
3210 1954 3660 2024 Ἰερουσαλὴμ,

2061 2055 2284 2125 θάμϐος
2334 2055 2415 2120 ὡς
2481 2053 2751 2122 στρατιαὶ
2809 2049 3178 2122 τεταγμέναι.
3245 2049 3662 2115 Ἀπόστρεψον

2061 2148 2407 2218 ὀφθαλμούς
2426 2162 2541 2200 σου
2564 2143 2928 2201 ἀπεναντίον
2941 2161 3076 2212 μου,
3095 2141 3181 2194 ὅτι
3209 2138 3381 2194 αὐτοὶ
3407 2135 3658 2192 ἀνεπτέ-

381 2242 445 2295 de
467 2240 696 2297 Galaad.
719 2241 769 2295 5.
793 2241 983 2297 Dentes
1008 2242 1086 2296 tui
1107 2242 1432 2314 sicutgreges
1452 2253 1749 2309 tonsarum,
1765 2262 1882 2315 qua:
1897 2246 1961 2301 de

2099 2240 2265 2296 madr-
2301 2257 2399 2310 με.
2458 2236 2722 2308 Τρίχωμά
2755 2253 2872 2292 σου
2901 2237 2982 2302 ὠς
3025 2236 3237 2304 ἀγέλαι
3284 2232 3409 2284 τῶν
3452 2231 3657 2302 αίγπῶν,

380 2332 596 2387 lavacro
624 2337 1001 2401 ascenderunt,
1037 2344 1086 2389 et
1118 2351 1295 2390 omnes
1334 2335 1522 2389 habent
1547 2335 1682 2403 fetus
1697 2339 1966 2408 gemellos,

383 2443 544 2498 neque
570 2427 768 2481 sterilis
794 2427 932 2480 inter
959 2444 1051 2481 eas
1093 2426 1210 2480 ulla
1239 2435 1337 2482 est.
1383 2427 1436 2481 6.
1496 2425 1673 2482 Labra
1719 2438 1812 2482 tua
1836 2438 1961 2483 sunt

382 2514 554 2567 instar
601 2509 828 2583 funiculi
869 2516 1114 2580 coccinei,
1142 2525 1191 2570 et
1243 2517 1452 2587 loquela
1485 2528 1575 2572 tua
1613 2520 1823 2589 elegans
1860 2529 1959 2575 est.

381 2604 540 2660 Mala:
572 2615 677 2660 tua:
708 2608 884 2660 instar
911 2608 1124 2663 corticis
1148 2609 1278 2662 ntali
1301 2611 1500 2676 punici,
1535 2622 1727 2680 prwter
1747 2611 1802 2665 id
1824 2611 1962 2682 quod

382 2696 439 2750 in
469 2708 516 2752 te
539 2699 805 2753 reticetur.
834 2699 884 2752 7.
911 2696 1202 2770 Sexaginta
1225 2711 1346 2754 sunt
1370 2703 1582 2770 reginae,
1621 2712 1671 2757 et
1697 2705 1964 2774 octoginta

383 2791 708 2853 concubinae,
764 2800 813 2844 et
856 2791 1257 2857 iuvencularum
1301 2810 1402 2846 non
1431 2804 1508 2848 est
1539 2811 1805 2852 numerus.
1844 2793 1962 2850 Una

380 2891 461 2936 est
491 2881 736 2937 columba
770 2899 907 2945 mea,
957 2883 1189 2952 perfecta
1210 2900 1346 2938 mea.
1387 2885 1440 2940 8.
1488 2884 1657 2941 Unica
1685 2898 1765 2942 est
1803 2892 1964 2944 matri

382 2991 515 3039 sine,
551 2975 717 3030 electa
755 2976 840 3031 illi
869 2993 985 3047 qua:
1022 2978 1221 3047 peperit
1245 2994 1383 3032 eam.

453 3237 738 3308 Philippus
771 3238 862 3292 ille
900 3239 1212 3308 apostolus,
1265 3239 1360 3308 qui
1397 3254 1461 3293 ex
1491 3240 1715 3294 civitate
1745 3239 1891 3295 Petri
1916 3254 1968 3297 et

382 3329 614 3385 Andreae
647 3331 817 3386 fuisse
849 3331 1205 3401 perhibetur:
1229 3333 1431 3386 etenim
1457 3332 1560 3387 hoc
1591 3334 1724 3387 mihi
1758 3334 1970 3390 videtur

382 3423 690 3477 encomium
718 3422 996 3492 quoddam
1031 3437 1156 3479 esse
1188 3421 1454 3494 Philippi,
1487 3423 1632 3493 quod
1653 3439 1841 3479 eorum
1860 3426 1970 3479 fra-

383 3521 533 3568 trum
574 3514 711 3570 civis
744 3513 927 3580 fuerit,
955 3514 1050 3585 qui
1084 3514 1316 3585 primam
1374 3517 1430 3570 in
1466 3513 1766 3587 Evangelia
1795 3517 1972 3572 admi-

386 3606 653 3662 rationem
699 3615 978 3661 merentur
1017 3621 1114 3677 per
1166 3621 1231 3662 ea
1278 3621 1400 3677 quae
1447 3607 1582 3678 ipsis
1629 3609 1967 3667 acciderunt.

384 3700 634 3755 Andreas
665 3699 834 3765 enim,
863 3709 1222 3770 posteaquam
1263 3697 1510 3770 Baptista
1541 3708 1972 3759 commonstras-

386 3801 492 3856 set,
524 3795 752 3862 quinam
778 3799 926 3847 esset
955 3791 1143 3862 Agnus
1189 3791 1300 3857 ille,
1327 3791 1424 3862 qui
1469 3792 1658 3846 mundi
1687 3804 1970 3862 peccatum

385 3885 624 3950 tolleret,
655 3898 764 3938 non
795 3891 1010 3939 tantum
1053 3885 1171 3954 ipse
1217 3883 1536 3954 mysterium
1574 3883 1677 3939 hoc
1708 3885 1972 3940 animad-

384 3973 574 4037 vertit,
611 3987 640 4026 a
670 3980 824 4043 tergo
860 3981 1088 4030 secutus
1129 3973 1453 4038 indicatum,
1490 3975 1710 4045 cognito
1745 3975 1968 4031 ubinam

387 4066 482 4123 ille
540 4066 760 4138 degeret
787 4081 798 4114 :
824 4064 921 4122 sed
965 4067 1134 4120 etiam
1179 4066 1338 4123 fratri
1369 4081 1472 4123 suo
1498 4068 1677 4122 Ianum
1715 4070 1968 4123 nuntium

387 4159 549 4214 aﬂ'ert
574 4201 589 4226 ,
636 4158 925 4214 advenisse
958 4157 1113 4212 illum
1145 4174 1308 4229 quem
1344 4159 1521 4214 multo
1546 4167 1673 4214 ante
1702 4168 1856 4217 vates
1888 4160 1974 4215 in-

387 4249 645 4304 dicarint.
691 4247 761 4304 At
811 4249 858 4304 is
883 4265 982 4320 per
1032 4248 1189 4304 [idem
1235 4249 1422 4305 auditu
1448 4266 1620 4320 prope
1658 4259 1970 4319 anteverso,

388 4349 499 4396 tota
534 4342 717 4396 anima
763 4357 824 4397 se
867 4355 1009 4411 agno
1045 4341 1122 4395 illi
1167 4341 1439 4412 adjungit,
1472 4358 1690 4413 unaque
1716 4358 1841 4397 cum
1871 4360 1972 4400 no-

2059 2332 2124 2386 αἳ
2165 2331 2561 2402 ἀνεφάνησαν
2601 2330 2720 2385 ἀπὸ
2757 2327 2865 2383 τοῦ
2905 2326 3172 2382 manus.
3214 2326 3496 2391 Ὀδόντες
3541 2341 3660 2378 σου

2061 2425 2141 2490 ὡς
2168 2423 2378 2495 ἀγέλαι
2397 2421 2516 2476 τῶν
2548 2420 2948 2490 κεκαρμένων,
2977 2418 3040 2472 ατ
3059 2419 3375 2485 ἀνέϐησαν
3409 2417 3530 2471 ἀπὸ
3551 2414 3658 2469 τοῦ

2061 2516 2343 2586 λουτροῦ,
2377 2519 2437 2569 αὶ
2477 2513 2668 2570 πᾶσαι
2695 2512 3145 2582 διδυμεύουσαι,
3169 2511 3269 2564 καὶ
3313 2508 3662 2563 ἁτεκνοῦσα

2061 2609 2176 2664 οὐκ
2231 2607 2405 2662 ἐστιν
2452 2606 2522 2660 ἐν
2572 2604 2801 2671 αὑταῖς.
2869 2606 2964 2671 Ὠς
3016 2603 3318 2670 σπαρτίον
3372 2602 3662 2655 κόκκινον

2063 2700 2236 2770 χείλη
2290 2713 2428 2761 σου,
2467 2699 2565 2752 καί
2620 2698 2658 2765 ἡ
2701 2695 2884 2752 λαλιά
2929 2711 3046 2750 σου
3087 2695 3294 2763 ὡραία.
3337 2693 3442 2757 Ὠς
3477 2692 3661 2746 ,ιέπυ-

2055 2809 2165 2859 ρος
2209 2788 2318 2857 τῆς
2356 2789 2506 2855 ῥόας
2532 2786 2735 2858 μῆλόν
2768 2805 2884 2841 σου
2927 2786 3095 2852 ἐκτὸς
3142 2786 3254 2852 τῆς
3309 2783 3662 2848 σιωπήσεὼς

2064 2897 2200 2934 σου.
2273 2878 2604 2943 Ἐξήκοντα
2662 2878 3032 2942 ,ϐασίλισσαι
3055 2916 3071 2937 ,
3115 2875 3213 2928 καὶ
3288 2873 3664 2942 ὀγδοήκοντα

2064 2969 2396 3031 παλλακαὶ,
2430 2968 2528 3022 καὶ
2568 2966 2840 3032 νεάνιδες
2885 2960 2974 3020 ὧν
3010 2967 3122 3019 οὐκ
3160 2964 3341 3017 ἐστιν
3394 2961 3661 3030 ἀριθμός.

2071 3064 2190 3117 Μία
2236 3061 2368 3116 ἐστὶ
2397 3059 2717 3129 περιστερὰ
2755 3077 2907 3128 μου,
2939 3060 3138 3112 τελεία
3175 3075 3319 3127 μου.
3369 3058 3491 3110 Mla
3529 3052 3663 3108 ἐστὶ

2071 3154 2146 3223 τῇ
2168 3155 2346 3224 μητρὶ
2379 3152 2588 3221 αὐτῆς,
2618 3151 2874 3219 ἐκλεκτὴ
2907 3149 2982 3220 τῇ
3005 3149 3264 3217 τεκούσῃ
3298 3147 3519 3215 αὐτὴν.

2152 3248 2209 3300 Ὁ
2243 3250 2307 3300 ὲκ
2326 3247 2426 3317 τῆς
2453 3247 2662 3310 πόλεως
2714 3244 2965 3313 Ἀνδρέου
2994 3243 3088 3296 καὶ
3119 3242 3333 3312 Πέτρου
3379 3253 3665 3310 μαρτυρη-

2071 3340 2184 3403 Osi;
2215 3335 2351 3393 εἷναι
2389 3339 2653 3402 Φίλιππος
2677 3341 2705 3392 6
2739 3336 3038 3399 ἀπόστολος
3068 3353 3083 3368 ⁶
3115 3334 3397 3403 ἐγκώμιον
3426 3333 3538 3401 γάρ
3575 3346 3665 3398 μοι

2069 3433 2217 3486 δοκεί
2249 3432 2343 3486 τοῦ
2375 3432 2643 3486 Φιλίππου
2667 3430 2848 3493 τοῦτο,
2875 3428 2936 3482 τὸ
2966 3426 3188 3498 πολίτην
3221 3425 3386 3479 αὐτὸν
3413 3421 3667 3491 γενέσθαι

2069 3523 2180 3578 τῶν
2229 3522 2471 3593 ἀδελφῶν
2513 3520 2621 3575 τῶν
2676 3511 3214 3593 προθαυμασθέντων
3254 3519 3312 3570 ὲν
3344 3513 3670 3584 libans).in

2069 3616 2156 3670 διὰ
2192 3615 2290 3687 τῆς
2324 3615 2451 3685 περὶ
2470 3613 2650 3668 αὐτῶν
2683 3613 2946 3686 ἱστορίας.
2985 3613 3046 3666 '0
3081 3611 3180 3681 μὲν
3225 3611 3336 3680 γὰρ
3384 3607 3668 3678 Ἀνδρέας,

2076 3705 2455 3772 ὑποδείξαντος
2487 3706 2580 3758 τοῦ
2609 3706 2937 3770 Βαπτιστοῦ,
2970 3703 3055 3767 τίς
3079 3704 3228 3756 ἐστιν
3257 3705 3287 3755 6
3309 3700 3515 3770 Ἀμνὸς
3535 3700 3563 3751 6
3587 3695 3670 3750 αῖ-

2077 3817 2186 3872 ρων
2215 3801 2314 3870 τὴν
2350 3798 2629 3869 ἁμαρτίαν
2659 3795 2755 3849 τοῦ
2789 3796 3020 3866 κόσμου.
3057 3793 3218 3856 αὐτός
3241 3808 3302 3844 τε
3347 3791 3411 3842 τὸ
3457 3789 3669 3861 μυστή-

2075 3909 2189 3966 ριον
2218 3890 2536 3960 κατενόησε,
2563 3889 2792 3944 κατόπιν
2819 3886 2914 3940 τοῦ
2939 3885 3245 3957 δειχθέντος
3265 3881 3667 3951 ἀκολουθήσας,

2073 3985 2166 4037 καὶ
2181 3984 2315 4037 ὅπου
2345 3983 2496 4053 μένει
2533 3979 2722 4051 μαθών
2739 3997 2754 4012 ο
2783 3979 2878 4033 καὶ
2904 3977 2984 4049 τῷ
3031 3977 3145 4044 ἰδίῳ
3167 3974 3381 4043 ἀδελφῷ
3407 3975 3669 4043 παρεῖναι

2071 4075 2162 4128 τὸν
2187 4072 2602 4144 προμηνυθέντα
2645 4071 2796 4142 παρὰ
2819 4070 2920 4141 τῆς
2944 4066 3280 4140 προφητείας
3317 4063 3670 4132 εὐαγγελίζε-

2072 4186 2183 4222 ται.
2200 4169 2260 4221 '0
2282 4167 2339 4220 δὲ
2355 4165 2567 4236 φθάσας
2586 4163 2782 4235 μικροῦ
2803 4163 2910 4216 δεῖν
2939 4165 3005 4233 τῇ
3037 4161 3215 4212 πίστει
3234 4159 3334 4228 τὴν
3349 4157 3544 4227 ἀκοὴν,
3573 4156 3671 4227 ὅλῃ

2073 4264 2139 4333 τῇ
2169 4260 2314 4332 ψυχῇ
2352 4258 2703 4330 προστίθεται
2737 4255 2812 4327 τῷ
2837 4254 3015 4326 ἀμνῷ,
3045 4253 3139 4308 καὶ
3165 4251 3254 4306 διὰ
3281 4249 3383 4318 τῆς
3420 4247 3520 4301 τοῦ
3555 4249 3672 4302 ὀνὸ-

2078 4371 2248 4426 ματος
2298 4352 2615 4423 ὑπαλλαγῆς
2676 4351 3048 4421 μεταποιεῖται
3099 4346 3248 4418 παρὰ
3301 4346 3395 4400 τοῦ
3453 4346 3670 4417 Κυρίου

389 4432 538 4486 mine
573 4440 626 4487 et
655 4434 769 4501 ipse
804 4447 833 4486 a
858 4431 1092 4487 Domino
1125 4431 1455 4488 diviniorem
1496 4434 1561 4488 ad
1597 4435 1961 4491 conditionem

2099 4446 2212 4517 πρὸς
2251 4443 2313 4498 τὸ
2342 4444 2613 4513 θειότερον
2632 4460 2646 4472 ·
2673 4441 2795 4495 ἀντὶ
2827 4441 3070 4512 Σίμωνος
3103 4441 3306 4510 Πέτρος
3338 4439 3429 4491 καὶ
3457 4439 3670 4508 ὀνομα-

390 4525 717 4580 immutatur
746 4540 759 4574 :
786 4539 885 4594 pro
940 4524 1163 4579 Simone
1214 4523 1407 4579 Petrus
1456 4532 1511 4579 et
1555 4526 1877 4595 appellatus,
1917 4536 1972 4582 et

388 4614 591 4672 factus.
624 4616 938 4672 Abrahamo
959 4615 1179 4686 Quidem
1213 4631 1278 4670 ac
1305 4615 1454 4671 Sara:
1482 4627 1606 4687 post
1653 4618 1850 4675 multas
1876 4637 1975 4691 ap-

388 4710 694 4780 paritiones
735 4709 946 4763 divinas
977 4725 1043 4764 ex
1073 4710 1207 4780 ipsis
1230 4710 1545 4766 nominibus
1579 4709 1846 4769 Dominus
1879 4713 1974 4770 be-

389 4801 760 4856 nedictionem
811 4802 1091 4872 impertit:
1138 4816 1262 4855 cum
1301 4802 1453 4856 illum
1479 4803 1700 4872 quidem
1741 4817 1971 4876 patrem,

390 4896 537 4951 hanc
565 4912 696 4952 vero
737 4897 1063 4967 principem,
1114 4896 1399 4951 nominum
1456 4900 1761 4954 mutatione
1807 4898 1972 4966 facta,

391 4989 701 5044 constituit.
736 4987 941 5043 Eodem
979 4989 1143 5042 modo
1199 4987 1372 5045 Jacob
1410 4989 1576 5045 etiam
1613 4999 1739 5061 post
1767 4992 1975 5047 luctam

393 5090 509 5137 tota
541 5084 828 5137 durantem
851 5090 1031 5147 nocte,
1067 5080 1292 5136 lsraelis
1325 5095 1626 5152 cognomen
1656 5099 1720 5138 ac
1743 5086 1850 5139 vim
1879 5085 1978 5138 im-

393 5180 593 5243 petrat.
621 5171 822 5227 Verum
859 5188 1088 5242 magnus
1112 5173 1201 5227 ille
1229 5171 1426 5228 Petrus
1456 5187 1564 5227 non
1591 5174 1850 5243 paulatim
1881 5191 1979 5229 au-

397 5266 669 5334 gescendo
709 5264 777 5317 ad
834 5264 977 5319 hanc
1007 5264 1238 5335 gratiam
1288 5265 1560 5334 pervenit,
1594 5266 1688 5320 sed
1727 5267 1890 5322 simul
1925 5279 1981 5324 et

397 5355 621 5429 fratrem
679 5358 875 5421 audiit,
929 5365 984 5412 et
1023 5371 1164 5427 agno
1194 5357 1447 5420 credidit,
1503 5367 1556 5413 et
1580 5374 1678 5428 per
1710 5359 1866 5414 ﬁdem
1896 5371 1980 5416 est

399 5459 840 5514 consummatus,
872 5461 925 5505 et
970 5461 1136 5522 petra:
1169 5452 1543 5521 agglutinatus
1574 5449 1768 5507 Petrus
1800 5453 1977 5510 factus

398 5549 506 5596 est.
544 5540 643 5596 llic
674 5558 805 5613 ergo
859 5541 1162 5612 Philippus,
1207 5543 1405 5610 dignus
1453 5543 1545 5613 qui
1597 5550 1873 5598 tantorum
1913 5560 1979 5602 ac

402 5632 595 5687 talium
633 5634 771 5688 civis
821 5643 989 5698 esset,
1041 5643 1397 5704 posteaquam
1443 5635 1723 5690 inventum
1759 5634 1978 5690 Domini

407 5724 608 5792 iactus,
643 5726 1103 5797 quemadmodum
1159 5727 1214 5782 in
1249 5725 1542 5800 Evangelia
1573 5727 1797 5794 dicitur,
1828 5729 1976 5799 quod

2079 4536 2246 4600 σθεὶς,
2280 4535 2374 4588 καὶ
2410 4534 2721 4603 γενόμενος.
2759 4531 2868 4584 Καί
2907 4548 2989 4584 τοι
3030 4529 3107 4600 τῷ
3152 4529 3404 4600 Ἀϐραάμ
3445 4529 3549 4581 καὶ
3602 4533 3670 4597 τῇ

2080 4630 2267 4700 Σάρρᾳ
2316 4625 2527 4688 πολλοῖς
2575 4623 2801 4694 ὕστερον
2846 4622 3061 4693 χρόνοις
3108 4621 3243 4693 μετὰ
3294 4620 3492 4684 πολλὰς
3549 4621 3672 4673 θεο-

2081 4721 2326 4790 φανείας,
2357 4718 2452 4788 τῆς
2487 4719 2552 4771 ὲκ
2589 4716 2698 4770 τῶν
2727 4716 3007 4786 ὀνομάτων
3036 4714 3388 4784 μεταδίδωσιν
3411 4713 3673 4781 εὐλογίας

2079 4817 2108 4868 ὁ
2132 4812 2334 4883 Κύριος
2355 4830 2369 4845 ·
2406 4811 2496 4863 τὸν
2537 4809 2634 4880 μὲν
2665 4808 2896 4879 πατέρα,
2933 4805 3031 4876 τὴν
3059 4806 3118 4860 δὲ
3141 4805 3414 4876 ἄρχουσαν
3451 4805 3542 4858 διὰ
3571 4809 3671 4874 τῆς

2079 4906 2188 4958 τῶν
2217 4904 2492 4974 ὀνομάτων
2522 4905 2932 4972 μεταποιήσεως
2957 4899 3359 4968 χειροτονήσας.
3390 4897 3670 4961 Ὡσαύτως

2079 5000 2138 5052 δὲ
2170 4999 2260 5052 καὶ
2287 4999 2314 5050 6
2350 4994 2543 5050 Ἰακὼϐ
2581 4993 2720 5064 μετὰ
2744 4991 2841 5062 τὴν
2868 4991 3158 5061 παννύχιον
3199 4990 3398 5059 πάλην,
3422 4990 3670 5053 ἀξιοῦται

2081 5094 2180 5161 τῆς
2205 5089 2298 5143 τοῦ
2335 5087 2552 5159 Ἰσραὴλ
2587 5085 2904 5155 ἐπωνυμίας
2935 5101 2996 5136 τε
3035 5084 3130 5135 καὶ
3163 5083 3466 5152 δυνάμεως.
3525 5083 3584 5134 Ὀ
3612 5082 3668 5134 δὲ

2090 5184 2262 5252 μέγας
2285 5181 2486 5250 Πέτρος
2516 5180 2574 5232 οὐ
2608 5179 2747 5231 κατὰ
2781 5179 2975 5248 μικρὸν
2995 5176 3063 5229 δι’
3093 5175 3367 5246 αὐξήσεως
3396 5173 3668 5242 προῆλθεν

2085 5275 2178 5327 ἐπὶ
2209 5274 2308 5343 τὴν
2339 5273 2496 5342 χάριν
2521 5270 2748 5340 ταύτην,
2777 5270 2890 5323 ἀλλ’
2908 5268 3042 5340 ὁμοῦ
3067 5286 3125 5321 τε
3152 5267 3351 5337 ἤκουσε
3386 5265 3482 5317 τοῦ
3513 5265 3667 5316 i651-

2088 5363 2322 5433 φοῦ,καὶ
2353 5361 2639 5413 ἐπίστευσε
2669 5360 2746 5431 τῷ
2774 5358 2932 5428 ἀμνῷ
2951 5399 2966 5422 ,
3001 5358 3095 5410 καὶ
3129 5353 3415 5423 ἐτελειώθη
3453 5355 3542 5407 διὰ
3570 5355 3665 5424 τῆς

2088 5455 2343 5516 πίστεως,
2388 5452 2483 5504 καὶ
2530 5453 2920 5522 προσφυεὶςτῇ
2966 5450 3142 5519 πέτρᾳ
3186 5448 3388 5514 Πέτρος
3427 5446 3660 5514 ἐγένετο.

2087 5537 2254 5603 Οὗτος
2266 5543 2440 5596 τοίνυν
2465 5542 2494 5593 6
2517 5541 2780 5606 Φίλιππος
2800 5543 2828 5594 6
2849 5541 2997 5604 ἄξιος
3025 5539 3134 5591 τῶν
3153 5536 3420 5590 τοσούτων
3446 5537 3541 5589 καὶ
3574 5555 3663 5606 τη-

2091 5637 2354 5690 λικούτων
2414 5633 2674 5703 πολίτης,
2780 5633 2967 5703 ἐπειδὴ
3026 5631 3244 5703 εὕρημα
3298 5628 3392 5682 τοῦ
3458 5629 3660 5700 Κυρίου

2094 5726 2402 5797 γενόμενος,
2434 5723 2611 5787 καθώς
2638 5739 2799 5791 φησιν
2825 5721 3170 5791 Εὑαγγέλιον,
3201 5723 3280 5776 ὃτι
3307 5718 3559 5790 εὑρίσκει
3578 5719 3660 5774 τὸν
