3812 6228
136 320 267 376 1Γ89

1174 315 1243 371 IN
1284 315 1580 372 CANTICA
1613 311 1886 368 CANTIC.
1929 311 2212 370 llOMlLIA
2252 314 2369 370 XV.

3255 320 3397 377 1090

130 427 387 482 Φίλιππον
412 425 443 478 ὁ
477 423 710 496 Ἰησοῦς,
739 425 1033 489 ἀκόλουθος
1064 425 1445 498 ἐχειροτονήθη
1477 423 1572 476 τοῦ
1606 424 1707 476 Λό-

1843 437 1972 478 esus
2025 421 2334 496 Philippum
2393 401 2621 491 invenit,
2649 427 2814 482 etiam
2851 436 3095 484 sectator
3127 433 3272 486 verhi
3311 435 3393 488 fac

132 537 223 589 γου
247 516 341 570 τοῦ
376 515 646 580 εἰπόντος,
674 516 756 568 ὅτι
797 517 1126 570 Ἀκολούθει
1161 517 1266 585 μοί
1286 533 1298 547 ο
1343 517 1435 569 καὶ
1463 514 1542 585 τῷ
1573 513 1711 583 φωτὶ

133 612 204 682 τῷ
247 607 487 680 ἀληθινῷ
537 607 942 675 προσεγγίσας,
973 607 1224 678 καθάπερ
1272 606 1464 678 λύχνος
1504 604 1711 658 ἐκεῖθεν

136 703 327 759 ἔσπασε
359 701 502 770 πρὸς
539 698 728 752 ἑαυτὸν
760 700 858 769 τὴν
903 699 996 751 τοῦ
1044 699 1221 768 φωτὸς
1254 699 1540 752 κοινωνίαν
1561 714 1575 729 ο
1616 696 1713 750 καὶ

136 794 466 865 περιλάμπει
498 791 589 844 τὸν
621 789 936 860 Ναθαναὴλ,
969 790 1301 864 δᾳδουχήσας
1337 790 1485 861 αὐτῷ
1516 789 1577 843 τὸ
1612 791 1712 861 τῆς

138 882 410 945 εὗσεὸείας
472 881 790 951 μυστήριον,
839 880 908 933 δι’
942 873 1016 934 ὧν
1072 899 1237 952 φησιν
1277 898 1290 911 ·
1329 884 1438 934 Ὃν
1486 882 1712 951 ἔγραψε

137 969 385 1039 Μωῦσῆς
414 970 514 1023 καί
553 972 606 1023 οἱ
639 969 937 1039 προφῆται
968 971 1305 1040 εὑρήκαμεν
1337 972 1579 1041 Ἰησοῦν
1605 975 1715 1028 τὸν

137 1064 244 1120 ἀπὸ
295 1062 560 1130 Ναζαρὲτ
606 1061 716 1130 τῆς
772 1065 1123 1130 Γαλιλαίας.
1177 1065 1283 1117 Τοῦ
1318 1065 1375 1117 δὲ
1419 1066 1714 1140 Ναθαναὴλ

139 1156 492 1219 ἐπστατικῶς
525 1155 820 1226 δεξαμένου
863 1158 923 1209 τὸ
969 1157 1330 1226 Εὑαγγέλιον,
1362 1158 1449 1211 διὰ
1481 1159 1542 1212 τὸ
1575 1160 1714 1230 μετὰ

141 1251 306 1318 πάσης
332 1246 622 1318 ἀκριϐείας
661 1247 1019 1319 κατηχεῖσθαι
1061 1249 1210 1319 παρὰ
1243 1251 1343 1319 τῆς
1375 1251 1715 1321 προφητείας

141 1341 290 1393 αὐτὸν
319 1339 381 1392 τὸ
402 1340 536 1409 περὶ
564 1339 656 1392 τὸν
682 1339 882 1411 Κύριον
911 1340 1229 1412 μυστήριον,
1255 1341 1348 1394 καὶ
1383 1343 1578 1394 εἰδέναι
1616 1344 1714 1413 μὲν

140 1438 213 1489 ὅτι
240 1438 300 1489 ὲκ
343 1435 597 1506 Βηθλεὲμ
638 1438 670 1506 ἡ
706 1433 898 1506 πρώτη
928 1433 1015 1488 διὰ
1047 1434 1247 1506 σαρκὸς
1275 1437 1564 1507 γενήσεται
1596 1436 1715 1489 θεο-

143 1527 342 1594 φάνεια,
362 1525 452 1578 διὰ
479 1525 539 1578 δὲ
559 1524 658 1596 τὴν
688 1528 745 1578 ὲν
765 1524 1037 1596 Ναζάροις
1065 1523 1339 1596 διαγωγὴν
1359 1566 1374 1590 ,
1407 1525 1716 1599 Νιιζαραῖος

142 1618 497 1689 κληθήσεται·
540 1617 680 1688 πρὸς
727 1616 1014 1688 ἀμφότερα
1065 1617 1242 1670 τοίνυν
1275 1617 1718 1683 άποσκοποῦντος

142 1713 230 1764 καὶ
274 1709 648 1780 λογιζομένου,
680 1712 760 1765 ὅτι
788 1713 845 1765 ὲν
879 1712 975 1781 μὲν
1010 1712 1076 1779 τῇ
1120 1709 1214 1762 τοῦ
1249 1710 1412 1762 Δαὸὶδ
1448 1709 1714 1782 Βηθλεὲμ,

143 1801 222 1857 διὰ
242 1803 338 1872 τὴν
363 1801 680 1869 οἰκονομίαν
705 1800 806 1871 τῆς
821 1800 961 1854 κατὰ
989 1800 1167 1871 σάρκα
1195 1800 1522 1871 γεννήσεως,
1549 1802 1718 1870 ἀναγ-

146 1897 284 1948 καῖον
310 1889 376 1965 ἦν
397 1892 654 1962 γενέσθαι
686 1892 746 1946 τὸ
773 1891 915 1947 κατὰ
937 1892 997 1945 τὸ
1032 1891 1298 1962 σπήλαιον
1327 1893 1422 1945 καὶ
1445 1893 1512 1944 τὰ.
1538 1894 1717 1965 σπάρ-

146 2004 274 2055 γανα
328 1987 423 2040 καὶ
483 1986 585 2058 τὴν
632 1987 838 2058 φάτνην
895 1986 1192 2057 μυστήριον
1226 2001 1240 2016 ⁸
1280 1988 1314 2055 ἡ
1345 1987 1402 2039 δὲ
1457 1987 1717 2040 Γαλιλαία

148 2079 302 2133 ὲθνῶν
330 2078 494 2142 τόπος
541 2077 1044 2149 ὲπονομασθήσεταί
1075 2095 1205 2130 ποτε
1249 2077 1325 2148 τῷ
1366 2081 1479 2142 τοῖς
1509 2078 1719 2132 ἔθνεσιν

149 2170 641 2242 ἐμφιλοχωρήσαντι
659 2168 839 2239 Λόγῳ·
861 2170 957 2223 καὶ
989 2169 1077 2224 διὰ
1102 2169 1260 2223 τοῦτο
1283 2170 1610 2241 συνθεμένου
1641 2171 1720 2243 τῷ

148 2261 202 2314 τὸ
245 2261 353 2330 φῶς
391 2259 544 2331 αὐτῷ
585 2259 687 2330 τῆς
719 2257 970 2327 γνώσεως
1019 2260 1269 2329 φάναντι,
1306 2260 1401 2314 καὶ
1434 2261 1679 2326 είπόντος
1703 2279 1718 2295 ο

148 2354 219 2405 ὅτι
267 2355 358 2407 Ἐκ
388 2353 652 2422 Ναζαρὲτ
705 2351 958 2406 δύναταί
983 2370 1038 2406 τι
1084 2353 1309 2424 ἀγαθὸν
1352 2349 1542 2417 εῖναι;
1585 2355 1720 2409 Τότε

151 2442 322 2512 ὁδηγδς
369 2443 508 2514 πρὸς
565 2441 665 2512 τὴν
703 2441 864 2512 χάριν
887 2443 915 2494 ὁ
948 2440 1214 2505 Φίλιππος
1251 2442 1495 2510 γίνεται,
1527 2443 1719 2512 λέγων,

153 2534 352 2602 Ἔρχου
403 2535 501 2586 καὶ
558 2532 669 2586 ῖδε.
701 2535 777 2586 Δι’
807 2527 880 2587 ὧν
917 2533 1232 2587 καταλιπὼν
1261 2535 1288 2586 ὁ
1309 2534 1599 2608 Ναθαναὴλ
1624 2538 1723 2610 τὴν

150 2623 232 2676 τοῦ
267 2625 428 2696 νόμου
461 2628 657 2696 συκῆν,
688 2620 757 2696 ἦς
797 2627 829 2695 ἠ
855 2625 984 2678 σκιὰ
1010 2625 1150 2696 πρὸς
1185 2627 1284 2696 τὴν
1312 2628 1602 2697 μετουσίαν
1627 2630 1722 2684 τοῦ

153 2717 312 2784 φωτὸς
367 2717 652 2782 διεκώλυε,
699 2717 1109 2789 καταλαμϐάνει
1151 2719 1244 2772 τὸν
1295 2720 1362 2774 τὰ
1413 2721 1586 2790 φύλλα
1623 2721 1724 2792 τῆς

155 2805 308 2875 συκῆς
334 2807 422 2860 διὰ
447 2807 550 2878 τὴν
575 2805 684 2860 τῶν
707 2806 926 2875 ἀγαθῶν
956 2807 1236 2876 ἀκαρπίαν
1264 2809 1720 2880 ἀποξηραίνοντα.

155 2894 236 2948 Διὸ
268 2899 358 2950 καὶ
413 2899 775 2970 μαρτυρεῖται
803 2896 954 2969 παρὰ
984 2896 1080 2950 τοῦ
1107 2898 1286 2966 Λόγου
1332 2902 1550 2971 γνήσιος
1585 2897 1722 2955 εἶναι

154 2986 260 3056 οὐχὶ
291 2987 437 3051 νόθος
473 2990 509 3041 Ἰ
519 2987 839 3057 σραηλίτης,
861 2990 920 3043 ὲν
939 2986 1017 3058 τῷ
1037 2987 1207 3058 ἀδόλῳ
1223 2988 1323 3057 τῆς
1352 2991 1723 3063 προαιρέσεως

1813 523 1935 571 ctus
1972 524 2077 581 est,
2119 519 2213 588 qui
2244 517 2313 572 ad
2347 535 2471 574 eum
2505 521 2662 585 dixit,
2692 519 2920 591 Sequere
2955 539 3034 576 me
3061 523 3144 578 “z
3181 537 3397 594 postea-

1811 623 1978 678 quam
2003 608 2131 664 item
2185 625 2376 665 verum
2409 612 2474 666 ad
2502 612 2683 666 lumen
2710 612 2949 679 delatus,
2983 613 3107 670 inde
3131 624 3398 686 tanquam

1813 701 2047 772 lychnus
2076 702 2144 757 ad
2193 718 2254 759 se
2291 704 2768 774 participationem
2813 705 2953 761 lucis
2997 707 3220 762 attraxit
3250 727 3262 762 :
3289 707 3401 762 Na-

1813 793 2126 848 thanaelum
2183 809 2406 865 quoque
2451 795 2570 851 luce
2628 811 2728 852 sua
2780 797 3197 862 circumfundit,
3238 799 3399 870 quasi

1815 887 2039 956 praelata
2100 887 2204 957 ipsi
2247 885 2387 951 face,
2452 887 2596 957 quod
2649 889 2870 958 pietatis
2916 896 3001 944 est
3049 891 3400 961 mysterium.

1817 979 1957 1034 Sunt
1975 980 2120 1034 enim
2146 980 2261 1034 haec
2296 981 2469 1050 ipsius
2491 981 2656 1036 verba
2676 997 2689 1033 :
2709 979 3012 1036 Invenimus
3040 981 3223 1037 Jesum
3248 983 3401 1038 illum

1813 1084 1842 1122 ε
1876 1066 2154 1122 Nazareth
2185 1067 2444 1133 Galilww,
2474 1070 2653 1138 dequo
2675 1077 2723 1122 et
2762 1069 2936 1124 Moses
2967 1071 3019 1124 in
3051 1070 3178 1141 lege,
3201 1081 3251 1125 et
3278 1087 3404 1140 pro-

1815 1159 1983 1229 pheta:
2038 1159 2450 1228 scripserunt“.
2527 1157 2867 1215 Nathanaelo
2933 1169 3116 1214 autem
3178 1161 3402 1232 sapien-

1816 1257 1902 1305 ter
1933 1251 2116 1305 laetum
2146 1252 2290 1305 hunc
2319 1252 2568 1305 nuntium
2601 1250 2928 1320 accipiente,
2957 1251 3104 1323 quod
3137 1267 3404 1322 perat-cu-

1817 1351 1938 1397 rate
1997 1358 2063 1398 ex
2106 1343 2263 1398 libris
2319 1343 2706 1398 vaticiniorum
2753 1345 2820 1398 de
2867 1342 3082 1398 Domini
3135 1343 3404 1415 mysterio

1816 1435 2048 1491 edoctus
2085 1443 2255 1499 esset,
2308 1450 2373 1490 ac
2421 1436 2587 1490 sciret
2617 1435 2671 1490 in
2716 1435 2994 1492 Bethleem
3032 1437 3250 1508 quidem
3290 1436 3407 1507 pri-

1818 1542 1962 1580 mam
1995 1525 2088 1582 Dei
2136 1525 2562 1597 patefactionem
2608 1527 2664 1582 in
2706 1543 2876 1583 carne
2917 1528 3184 1594 futuram,
3211 1543 3403 1584 verum

1817 1619 2069 1675 eumdem
2122 1618 2394 1674 Nazareth
2429 1620 2715 1690 degentem
2747 1620 2988 1676 Nazaraei
3032 1637 3231 1676 nomen
3279 1636 3406 1677 con-

1820 1722 2137 1769 secuturum
2171 1731 2185 1768 :
2220 1712 2285 1767 ad
2314 1713 2429 1767 haec
2469 1713 2634 1784 igitur
2667 1721 2904 1786 utraque
2937 1714 3268 1785 respiciente
3292 1713 3404 1768 Na-

1819 1806 2060 1869 thanael,
2094 1820 2392 1876 secumque
2417 1807 2811 1876 perpendente,
2838 1809 2893 1861 in
2926 1806 3145 1863 Davidis
3183 1805 3405 1877 quidem

1817 1897 2018 1968 oppido
2053 1894 2331 1952 Bethleem
2375 1898 2752 1952 necessarium
2801 1913 2925 1954 esse
2964 1898 3177 1953 ratione
3205 1897 3408 1953 nativi-

1820 1989 1948 2043 tatis
1980 1987 2243 2054 carnalis,
2276 1988 2441 2051 antri,
2478 1988 2802 2054 fasciarum,
2829 1996 2884 2043 et
2908 1988 3168 2058 praesepis
3205 1994 3407 2058 myste-

1818 2080 1959 2133 rium
1993 2078 2214 2133 evenire
2246 2078 2380 2133 :sed
2414 2079 2778 2136 nihilominus
2801 2079 3082 2135 Galilaaam
3109 2079 3225 2150 (qui
3252 2079 3407 2136 locus

1817 2172 2166 2226 ethnicorum
2197 2170 2480 2224 hominum
2508 2169 2668 2226 sedes
2693 2172 2833 2241 erat)
2864 2186 3062 2225 nomen
3101 2171 3407 2240 aliquando

1819 2274 2241 2319 consecuturam
2271 2264 2342 2319 ab
2367 2279 2435 2319 eo
2453 2263 2656 2329 Verbo,
2688 2264 2834 2336 quod
2866 2264 3098 2319 libenter
3127 2263 3194 2318 ad
3218 2273 3410 2335 gentes

1819 2359 2310 2429 commigrauit-um
2361 2369 2511 2416 esset
2539 2379 2553 2414 :
2587 2367 2752 2430 atque
2787 2359 2930 2413 hanc
2956 2357 3027 2412 ob
3059 2373 3284 2412 causam
3314 2372 3409 2415 ac-

1820 2449 2048 2504 cedente
2105 2449 2343 2520 denique
2393 2447 2695 2504 Nathanael
2746 2448 2895 2503 illius
2948 2447 3004 2502 in
3050 2448 3408 2511 sententiam,

1821 2538 1912 2608 qui
1939 2540 2121 2594 lumen
2152 2541 2258 2595 hoc
2276 2540 2610 2612 cognitionis
2629 2541 2678 2595 ei
2696 2547 3214 2603 commonstrasset,
3243 2539 3410 2608 idque

1821 2632 2002 2686 verbis
2052 2632 2136 2687 his
2191 2632 2507 2688 declarante
2537 2649 2552 2686 :
2593 2630 2771 2685 Potest
2797 2648 2826 2685 e
2848 2629 3126 2685 Nazareth
3156 2629 3278 2684 boni
3299 2630 3406 2684 ali-

1825 2722 1949 2793 quid
1995 2724 2292 2779 exsistere?
2358 2735 2471 2779 tum
2525 2737 2658 2779 vero
2717 2723 2938 2778 tandem
2996 2721 3278 2792 Philippus
3337 2721 3406 2776 ad

1825 2813 1966 2867 hanc
1999 2813 2229 2884 gratiam
2264 2810 2346 2868 illi
2382 2830 2441 2870 se
2471 2814 2665 2870 ducem
2699 2815 2924 2888 praebet,
2961 2829 3085 2869 cum
3117 2815 3193 2868 ait
3229 2832 3243 2870 :
3281 2811 3415 2868 Veni

1823 2922 1889 2959 ac
1906 2907 2038 2962 vide.
2070 2906 2190 2974 Quo
2215 2907 2525 2973 factum,nt
2555 2907 2858 2965 Nathanael
2892 2910 3086 2964 relicta
3121 2910 3252 2981 legis
3279 2909 3410 2975 ficu,

1824 2998 1982 3070 cujus
2009 3001 2202 3053 umbra
2232 3001 2627 3071 impedimento
2660 3012 2778 3056 erat
2799 3002 2872 3065 ei,
2906 3017 3017 3072 quo
3051 3002 3235 3057 minus
3266 3003 3407 3058 lucis

157 3078 370 3150 καθαρὸν
395 3080 478 3149 ἐφ’
513 3079 712 3133 ἑαυτοῦ
745 3079 958 3142 δεικνὺς
1004 3078 1096 3131 τὸν
1127 3081 1449 3152 χαρακτῆρα
1475 3083 1566 3135 τοῦ
1609 3101 1719 3136 πα-

1838 3090 2102 3160 particeps
2155 3091 2306 3147 fieret
2339 3110 2354 3148 :
2384 3095 2454 3148 ad
2495 3109 2620 3149 eum
2664 3095 2992 3164 perveniret,
3031 3095 3123 3166 qui
3152 3096 3238 3150 fici
3273 3095 3404 3150 folia

156 3171 413 3242 τριάρχου.
443 3172 560 3226 Ἴδε
588 3171 916 3244 γὰρ,φησὶν,
960 3171 1341 3240 Ἰσραηλίτης
1370 3173 1441 3226 ἐν
1463 3167 1511 3242 ᾧ
1539 3175 1720 3245 δόλος

1838 3189 2050 3250 propter
2082 3182 2430 3237 sterilitatem
2466 3183 2518 3237 in
2575 3182 2920 3254 proferendis
2950 3185 3110 3241 bonis
3161 3186 3413 3240 exsicca-

158 3260 257 3312 οὐκ
275 3259 423 3313 ἐστι.

1826 3273 1923 3328 vit.
1955 3271 2140 3344 anue
2164 3273 2232 3327 de
2256 3287 2423 3328 causa
2454 3273 2832 3330 testimonium
2855 3275 2904 3330 ei
2930 3273 3171 3330 Verbum
3196 3276 3411 3340 tribuit,

158 3353 286 3420 (μιοά
304 3369 596 3424 scrutarius
618 3353 890 3418 Israelita,
916 3368 1022 3407 non
1045 3352 1267 3422 spurius
1295 3361 1482 3410 esset:
1521 3357 1722 3430 quippe
1763 3364 1858 3434 qui
1890 3366 2116 3421 minime
2171 3365 2527 3421 fraudulento
2561 3366 2734 3420 animi.
2789 3367 3039 3421 instituto
3102 3383 3300 3438 purum
3358 3369 3413 3423 in

160 3459 265 3498 sese
321 3447 650 3516 patriarcha:
709 3446 860 3501 illius
930 3448 1304 3502 characterem
1386 3449 1718 3509 ostenderet.
1757 3460 1860 3526 En,
1887 3458 2084 3528 inquit,
2112 3475 2226 3512 vere
2255 3457 2530 3523 Israelita,
2560 3459 2614 3512 in
2638 3475 2740 3528 quo
2772 3457 2926 3512 dolus
2954 3475 3057 3513 non
3095 3468 3197 3513 est.

221 3535 398 3605 Πρὸςό
421 3553 473 3590 τι
503 3536 561 3590 δὲ
596 3536 782 3607 βλέπει
828 3537 888 3591 τὸ
931 3541 989 3591 ὲν
1021 3538 1098 3609 τῷ
1139 3539 1410 3610 προοιμίῳ
1451 3539 1728 3614 διήγημα,

1907 3548 2027 3616 Quo
2042 3558 2223 3605 autem
2264 3550 2380 3604 hate
2416 3550 2470 3604 in
2490 3551 2717 3605 exordio
2755 3558 2966 3620 spectet
3004 3551 3272 3618 narratio,
3298 3565 3413 3606 om-

164 3633 378 3702 φανερόν
411 3635 525 3685 ἐστι
563 3632 782 3696 πάντως
812 3637 924 3698 τοῖς
978 3633 1400 3704 εὐμαθεστέροις
1433 3635 1720 3708 ἀκροαταῖς

1838 3643 1965 3697 nino
2001 3641 2350 3696 manifestum
2406 3652 2486 3697 est
2523 3641 2873 3698 auditoribus
2911 3659 3020 3697 non
3051 3643 3212 3713 plane
3242 3645 3413 3714 impe-

163 3724 218 3774 ὲκ
241 3722 335 3791 τῆς
368 3721 725 3792 προτεθείσης
751 3723 891 3776 κατὰ
914 3723 975 3776 τὸ
997 3722 1288 3776 ἀκόλουθον
1314 3726 1446 3794 ἡμῖν
1481 3727 1727 3796 ἀναγνώ-

166 3829 284 3876 σεως
308 3814 403 3884 τῆς
440 3816 504 3867 ὲκ
534 3814 628 3866 τοῦ
666 3815 945 3886 ᾊσματος
978 3816 1086 3868 τῶν
1117 3817 1396 3886 ᾀσμάτων.
1441 3820 1528 3882 Ὠς
1564 3820 1673 3892 γὰρ
1698 3824 1726 3875 ό

168 3905 250 3972 μὲν
285 3906 531 3977 ’Δνδρέας
552 3909 617 3977 τῇ
651 3910 801 3978 φωνῇ
841 3906 935 3960 τοῦ
989 3908 1234 3962 Ἰωάννου
1266 3910 1402 3981 πρὸς
1431 3911 1521 3965 τὸν
1555 3913 1725 3984 ἀμνὸν

165 3994 394 4068 ὡδηγήθη
422 4015 435 4030 ·
471 4000 500 4051 ὁ
535 3997 590 4050 δὲ
641 3997 940 4071 Ναθαναὴλ
973 4001 1402 4071 φωταγωγηθεὶς
1437 4005 1590 4076 παρὰ
1627 4003 1724 4058 τοῦ

165 4083 402 4140 Φιλίππου
427 4129 442 4155 ,
489 4089 586 4142 καὶ
645 4091 746 4159 τῆς
798 4088 1158 4161 περιεχούσης
1206 4091 1367 4144 αὐτὸν
1419 4093 1513 4145 τοῦ
1561 4093 1723 4164 νόμου

170 4185 308 4248 σκιᾶς
343 4183 444 4249 ἔξω
481 4186 788 4255 γενόμενος,
823 4186 880 4237 ὲν
908 4184 986 4256 τῷ
1022 4187 1162 4254 φωτὶ
1202 4184 1280 4256 τῷ
1316 4186 1554 4257 ἀληθινῷ
1590 4187 1727 4256 γίνε-

167 4289 277 4326 ται·
304 4275 438 4329 οὓτω
463 4277 560 4330 καὶ
590 4278 644 4329 αἱ
674 4275 911 4339 νεάνιδες
947 4275 1084 4346 πρὸς
1113 4275 1208 4346 τὴν
1253 4275 1467 4347 εὕρεσιν
1493 4276 1587 4329 τοῦ
1623 4295 1730 4350 μη-

1829 3734 1952 3788 ritis
1973 3750 2038 3788 ex
2070 3734 2320 3798 lectione,
2360 3747 2524 3800 quam
2554 3731 2752 3787 ordine
2777 3731 2858 3787 sic
2890 3741 3152 3802 poscente
3175 3731 3244 3787 de
3277 3731 3414 3786 Can-

1828 3823 1934 3879 lico
1957 3825 2296 3878 canticorum
2322 3823 2730 3893 proposuimus.
2765 3820 3234 3888 Quemadmodum
3265 3822 3413 3877 enim

1829 3916 2077 3970 Andreas
2105 3914 2325 3986 quidem
2377 3930 2476 3984 per
2511 3929 2703 3969 vocem
2733 3911 2964 3970 Joannis
3009 3912 3078 3967 ad
3112 3928 3311 3984 agnum
3346 3912 3412 3966 il-

1829 4008 1942 4062 lum
1965 4007 2233 4063 deductus
2257 4016 2381 4075 est;
2416 4005 2724 4062 Nalhanael
2764 4013 2948 4061 autem
2999 4021 3031 4058 α
3068 4005 3319 4075 Philippo
3345 4003 3414 4059 ad

1831 4100 2006 4155 lucem
2029 4099 2253 4163 ductus,
2281 4108 2336 4154 et
2366 4116 2395 4153 a
2435 4099 2817 4155 circumdante
2844 4098 3022 4168 ipsum
3056 4097 3189 4168 legis
3216 4097 3412 4152 umbra

1830 4192 2134 4264 digressus,
2191 4207 2379 4247 verum
2423 4193 2490 4245 ad
2555 4191 2736 4246 lumen
2776 4189 3027 4261 pervenit
3062 4207 3075 4242 :
3117 4190 3200 4246 sic
3248 4191 3413 4244 etiam

1833 4282 2246 4352 haejuvenculte
2296 4283 2362 4338 ad
2415 4283 2791 4338 inventionem
2850 4280 3077 4336 indicati
3128 4281 3208 4336 eis
3261 4280 3413 4346 boni,

169 4364 394 4430 »υθέντος
443 4368 636 4429 αὐταῖς
669 4365 877 4435 ἀγαθοῦ
911 4366 1246 4438 καθηγεμόνι
1288 4367 1528 4438 χρῶνται
1551 4372 1620 4439 τῇ
1648 4386 1720 4422 τες

1838 4375 2012 4428 anima
2083 4374 2512 4445 pulchritudinis
2576 4372 2968 4445 perfectionem
3031 4371 3229 4442 adepta
3275 4372 3416 4429 duce

170 4453 426 4529 λειωθείσῃ
461 4459 550 4534 διά
577 4457 673 4512 τοῦ
712 4457 941 4521 κάλλους
967 4457 1110 4529 ψυχῇ
1146 4474 1160 4487 ·
1192 4459 1445 4528 λέγουσαι
1469 4459 1605 4530 πρὸς
1630 4461 1725 4512 αύ-

91 4539 108 4547 “
170 4546 416 4617 τήν·Ποιῖ
466 4549 742 4618 ἀπῆλθεν
771 4552 804 4603 ὁ
845 4548 1168 4618 ἀδελφιδός
1213 4564 1350 4615 σου,
1373 4551 1422 4617 ’ἡ
1463 4550 1620 4618 καλὴ
1660 4551 1728 4604 ἐν

171 4641 387 4705 γυναιξί
411 4658 430 4705 ;
457 4643 583 4697 Ποῦ
633 4641 972 4711 ἀπέϐλεψεν
1015 4646 1044 4696 ό
1079 4641 1402 4710 ἀδελφιδός
1447 4658 1564 4696 σου
1584 4683 1597 4707 ,
1627 4645 1725 4698 καί

172 4727 486 4800 ζητήσομεν
503 4732 692 4787 αὐτόν
731 4735 881 4803 μετὰ
911 4733 1068 4796 σοῦ;
1112 4734 1443 4796 Ἀκολούθως
1473 4735 1530 4788 δὲ
1567 4751 1730 4806 προσ-

174 4822 344 4888 άγουσι
370 4827 435 4895 τῇ
463 4824 765 4895 διδασκάλῳ
796 4823 893 4896 τὴν
928 4823 1119 4878 πεῦσιν
1158 4826 1212 4877 αἱ
1244 4825 1500 4897 παρθένοι
1538 4825 1724 4897 ψυχαί.

174 4911 370 4982 Πρῶτον
415 4917 523 4987 γὰρ
557 4918 684 4987 περὶ
729 4917 822 4970 τοῦ
856 4916 908 4968 τί
956 4919 1102 4969 ἐστιν
1144 4917 1404 4987 ἐποίησαν
1436 4917 1527 4970 τὸν
1550 4917 1726 4986 λόγον,

177 5003 224 5055 ἐν
248 5006 319 5077 τῷ
345 5009 446 5080 πρὸ
481 5009 684 5082 ταύτης
714 5011 814 5080 τῆς
842 5009 1053 5080 ρήσεως
1087 5011 1403 5082 ἐρωτήματι
1429 5010 1683 5080 λέγουσαι
1710 5026 1724 5038 ·

182 5095 231 5148 Τί
274 5099 582 5170 ἀδελφιδός
628 5119 778 5166 σου,
816 5103 855 5170 ἠ
906 5100 1063 5169 καλὴ
1099 5102 1168 5155 ἐν
1200 5101 1512 5175 furuit-(Ir;
1551 5103 1728 5174 Ὅπερ

179 5190 478 5264 διδαχθεῖσαι
504 5197 592 5251 διὰ
642 5198 746 5251 τῶν
779 5199 1084 5270 εἰρημένων
1130 5198 1391 5268 σημείων,
1417 5199 1497 5252 ὅτι
1537 5198 1729 5261 λευκὸς

181 5283 257 5336 καὶ
287 5290 501 5360 πυρρὸς,
522 5291 616 5344 καὶ
647 5289 715 5344 τὰ
743 5289 906 5342 λοιπὰ
945 5289 1011 5341 δι’
1045 5281 1119 5344 ὧν
1159 5290 1465 5361 ὑπογράφει
1491 5291 1553 5343 τὸ
1591 5287 1727 5353 εἶδος

185 5373 258 5426 τοῦ
283 5376 621 5450 ζητουμένου,
661 5382 788 5452 περὶ
830 5381 926 5434 τοῦ
957 5383 1088 5434 ὅπου
1120 5382 1494 5437 πυνθάνονται.
1519 5383 1612 5436 Διὸ
1642 5383 1726 5435 λέ-

191 5480 334 5534 roum,
364 5473 482 5526 Ποῦ
501 5473 773 5541 ἀπῆλθεν
801 5476 834 5526 ό
859 5472 1183 5542 ἁδελφιὸός
1213 5491 1351 5539 σου,
1383 5475 1416 5546 ἢ
1445 5475 1560 5530 ποῦ
1587 5476 1728 5531 ἀπέ-

186 5556 417 5627 metiar;
437 5563 551 5617 Ἵνα
576 5565 793 5629 πάντως
820 5565 954 5618 ὅπου
985 5564 1084 5634 μὲν
1109 5566 1224 5618 ἐστι
1256 5565 1543 5637 μαθοῦσαι,
1560 5584 1727 5639 προσ-

246 5737 288 5770 ⁶⁸
309 5737 460 5804 Joan.
491 5763 527 5812 ι,
558 5747 643 5802 43.
721 5744 768 5779 ⁸⁸
791 5745 924 5802 ibid.
957 5745 1016 5801 41
1055 5760 1177 5816 sqq.

1836 4476 2082 4530 utuntur,
2116 4483 2345 4536 eamque
2385 4466 2465 4521 sic
2495 4465 2862 4535 compellant:
2891 4464 3010 4531 Quo
3047 4463 3181 4518 abiit
3219 4480 3413 4535 cogna-

1836 4569 1919 4613 tus
1949 4569 2094 4622 tuus,
2117 4577 2146 4612 ο
2170 4559 2393 4628 pulchra
2418 4561 2554 4614 inter
2589 4558 2878 4613 mulieres?
2914 4574 3014 4628 quo
3055 4560 3279 4624 respexit
3319 4573 3412 4610 co-

1833 4662 2048 4722 gnatus,
2072 4662 2120 4705 et
2143 4668 2438 4722 quteremus
2459 4667 2577 4706 eum
2599 4661 2768 4704 tecum
2789 4653 2815 4706 ?
2854 4649 3024 4705 Recte
3043 4658 3223 4704 autem
3249 4657 3416 4719 atque

1827 4743 2020 4796 ordine
2077 4743 2317 4813 virgines
2371 4743 2473 4808 liae,
2508 4742 2767 4796 nimirum
2802 4743 3020 4804 animae,
3076 4755 3226 4794 nunc
3281 4741 3416 4796 illud

1831 4837 2193 4905 interrogant.
2253 4833 2496 4889 Primum
2562 4834 2709 4890 enim
2777 4835 2971 4888 locutae
3028 4840 3160 4888 sunt
3199 4834 3268 4888 de
3323 4849 3412 4895 eo,

1830 4926 2096 4997 quidnam
2155 4935 2320 4992 esset,
2391 4941 2515 4981 eum
2576 4926 2921 4998 prmecdente
2982 4925 3417 4994 interrogatione

1829 5024 2084 5086 quaerunt
2117 5035 2129 5070 :
2174 5017 2314 5082 Quid
2337 5027 2591 5092 cognatus
2635 5025 2776 5082 tuus,
2824 5033 2853 5070 ο
2885 5015 3104 5083 pulchra
3127 5015 3264 5068 inter
3297 5031 3406 5067 mu-

1837 5111 2035 5165 lieres?
2095 5111 2162 5166 de
2216 5127 2326 5181 quo
2355 5111 2563 5166 edoctae
2604 5127 2700 5182 per
2732 5111 2980 5180 exposita
3013 5109 3234 5172 indicia,
3267 5109 3412 5179 quod

1834 5201 2125 5264 candidus,
2166 5210 2219 5257 et
2249 5203 2615 5269 rubicundus,
2641 5211 2696 5257 et
2750 5209 2967 5268 caetera,
2995 5201 3199 5272 quibus
3235 5200 3413 5255 forma

1833 5295 2049 5366 quaesiti
2081 5295 2354 5366 descripta
2398 5304 2523 5352 est:
2558 5312 2704 5351 nunc
2731 5295 2799 5352 de
2833 5296 2954 5350 loco
2983 5294 3076 5350 ubi
3115 5295 3206 5360 sit,
3243 5294 3412 5350 inter.

1833 5395 2050 5459 rogant.
2091 5385 2209 5443 Non
2261 5395 2548 5458 propterea
2581 5389 2793 5453 dicunt,
2844 5387 2962 5455 Quo
2984 5387 3114 5440 abiit
3156 5397 3412 5458 cognatus

1835 5490 1978 5544 tuus,
2006 5480 2091 5535 vel
2118 5497 2219 5550 quo
2271 5481 2541 5550 respexit?
2571 5489 2628 5536 ut
2669 5481 2889 5552 cognito
2929 5496 3156 5551 prorsus
3189 5479 3282 5536 ubi
3316 5482 3412 5548 sit,

1835 5571 2062 5629 adorent
2093 5571 2147 5627 in
2199 5571 2295 5629 illo
2323 5572 2466 5640 loco,
2499 5587 2610 5635 auo
2650 5573 2820 5631 Bedes
2849 5573 3000 5630 illius
3028 5574 3323 5629 steterint:
3357 5581 3409 5629 et
