3850 6224
362 237 498 294 1091

1593 239 1656 295 S.
1693 239 2024 297 GREGORII
2063 242 2356 299 NYSSENI

3489 245 3662 305 ίοςθ.

359 371 472 424 quo
525 351 784 422 respicrat
839 359 1068 414 edoctaz.
1104 354 1185 406 sic
1229 362 1402 408 semet
1429 357 1791 422 constituant,
1821 373 1916 427 qut

2038 363 2341 432 κυνήσωσιν
2371 363 2454 426 εἰς
2483 363 2574 416 τὸν
2607 363 2772 416 τόπον
2798 354 2862 416 οὗ
2887 362 3117 433 ἔστησαν
3158 365 3207 417 οί
3234 363 3394 427 πόδες
3429 365 3653 426 αὐτοῦ,

357 453 411 502 et
446 444 515 499 ab
544 445 680 515 ipsis
701 445 820 514 ejus
842 445 1017 514 gloria
1058 445 1450 515 conspiciatur,
1469 448 1627 517 cujus
1666 450 1940 520 apparitio

356 537 588 591 salutem
617 535 769 590 allert
835 537 1266 607 aspectantibus,
1312 540 1769 608 quemadmodum
1801 540 1938 597 Pro-

354 627 519 697 pheta
576 627 666 681 ille
699 627 944 697 loquitur
981 627 1251 683 :Ostende
1284 631 1434 684 nobis
1470 631 1662 700 faciem
1697 643 1864 697 tuam,
1887 642 1938 687 et

355 718 490 772 salvi
527 719 724 772 erimus
777 718 844 772 ⁸⁸.
879 717 1138 789 Magistra
1191 735 1322 775 vero
1381 721 1496 776 hate
1529 722 1594 777 ad
1625 724 1935 793 exemplum

354 806 590 879 Philippi
635 809 895 875 dicentis,
969 808 1097 865 Veni
1151 827 1214 864 ac
1255 811 1390 876 vide,
1423 813 1627 882 pratbet
1654 829 1714 868 se
1738 815 1934 868 ducem

353 900 682 973 virginibus,
737 909 800 956 ut
855 919 1018 973 quem
1070 904 1392 971 quaerebant
1433 917 1798 974 assequamur
1835 926 1848 962 :
1881 917 1935 962 et

352 1007 454 1062 pro
481 1008 546 1047 eo
581 993 726 1063 quod
782 994 1001 1058 ait-ille,
1047 993 1219 1049 Vide:
1256 997 1436 1049 locum
1485 997 1710 1060 indicat,
1742 998 1794 1050 in
1824 1015 1934 1068 quo

351 1083 426 1136 sit
454 1083 502 1138 is
533 1098 694 1153 quem
725 1093 998 1154 quaerunt,
1032 1085 1330 1156 itidemque
1372 1101 1483 1156 quo
1516 1088 1792 1157 respiciat.
1841 1088 1933 1142 Sic

349 1175 496 1231 enim
525 1176 599 1229 ait
627 1195 641 1232 :
671 1175 938 1246 Cognatas
983 1194 1127 1232 meus
1159 1178 1422 1234 descendit
1461 1180 1514 1232 in
1536 1179 1744 1234 hortum
1777 1197 1932 1234 suum

350 1266 422 1318 ad
445 1266 659 1336 phialas
687 1269 972 1321 aromatis.
1020 1265 1298 1322 Hactenus
1339 1267 1672 1331 ostenditur,
1703 1270 1792 1324 ubi
1835 1271 1929 1325 sit.

351 1359 620 1431 Deinceps
657 1375 810 1424 vero,
854 1361 985 1432 quid
1030 1369 1261 1431 spectet,
1295 1369 1350 1417 et
1374 1377 1486 1432 quo
1534 1365 1815 1432 respiciat,
1842 1365 1930 1420 his

349 1452 533 1506 verbis
583 1453 842 1521 magistra
889 1461 1196 1506 monstrat:
1240 1453 1303 1508 Ut
1352 1464 1535 1516 pascat
1565 1458 1618 1508 in
1661 1457 1847 1517 hortis,
1880 1466 1930 1510 et

349 1541 566 1611 colligat
621 1541 762 1594 lilia.
797 1541 976 1611 Atque
1008 1542 1121 1596 haec
1153 1544 1310 1612 quasi
1358 1544 1608 1614 quaedam
1666 1560 1928 1616 corporea

344 1643 402 1687 et
449 1639 678 1686 externa
731 1639 813 1687 est
865 1646 966 1701 pro
1006 1633 1320 1703 juvenculis
1356 1636 1738 1701 manuductio,
1783 1639 1928 1694 unde

345 1725 660 1795 intelligunt
692 1724 797 1780 illae
831 1740 940 1781 tam
970 1726 1062 1781 ubi
1089 1727 1182 1792 sit,
1203 1743 1368 1798 quam
1399 1743 1510 1799 quo
1541 1729 1822 1800 respiciat.

416 2025 655 2083 Omnino
687 2043 818 2084 vero
853 2029 1018 2084 etiam
1051 2028 1261 2085 utilitas
1295 2030 1479 2101 aliqua
1513 2032 1582 2086 de
1615 2033 1704 2089 his
1739 2036 1926 2090 verbis

341 2132 376 2173 a
423 2126 622 2176 sancto
673 2118 884 2190 Spiritu
939 2119 1204 2191 profectis
1238 2123 1587 2193 percipienda
1616 2126 1772 2180 nobis
1803 2136 1920 2192 est,

342 2209 510 2279 idque
551 2223 648 2280 per
681 2209 1205 2278 contemplationem
1243 2211 1606 2281 spiritualem.
1647 2215 1782 2269 Cum
1823 2216 1925 2281 igi-

339 2306 433 2354 tur
465 2300 720 2355 audimus
764 2300 881 2355 hazc
915 2301 1114 2354 verba:
1149 2298 1421 2371 Cognatas
1465 2320 1610 2358 meus
1651 2304 1923 2360 descendit

339 2391 400 2444 in
425 2390 638 2444 hortum
666 2407 823 2443 suum
845 2407 863 2443 :
893 2398 1069 2444 totum
1096 2388 1375 2462 Evangelii
1404 2394 1724 2465 mysterium
1751 2394 1922 2450 disci-

339 2495 498 2547 mus,
530 2481 778 2551 quolibet
809 2497 872 2536 ex
904 2481 990 2537 his
1021 2483 1292 2538 vocabulo
1323 2500 1439 2539 rem
1471 2500 1729 2539 arcanam
1762 2488 1921 2544 nobis

337 2572 677 2630 declarante.
716 2576 988 2630 Nimirum
1020 2579 1164 2648 quod
1201 2578 1248 2635 is
1284 2577 1428 2633 Deus
1449 2619 1464 2641 ,
1493 2579 1585 2647 qui
1618 2578 1672 2630 in
1703 2594 1768 2634 eo
1802 2580 1922 2650 ipso

339 2663 646 2732 patefactus
672 2673 756 2720 est
789 2666 844 2719 in
875 2681 1074 2732 carne,
1105 2667 1234 2737 quia
1261 2668 1329 2722 de
1358 2666 1498 2723 Juda
1525 2677 1682 2724 ortus
1711 2677 1796 2724 est
1820 2710 1835 2733 ,
1866 2679 1921 2725 et
1967 2695 1973 2702 -

337 2756 596 2826 gentibus
630 2757 686 2810 in
718 2757 953 2827 caligine
986 2765 1150 2829 atque
1176 2761 1372 2814 umbra
1416 2761 1611 2814 mortis
1673 2760 1917 2815 sedenti-

336 2849 488 2905 tibus
520 2849 740 2914 illuxit,
775 2859 924 2904 recte
951 2857 1005 2905 et
1037 2859 1160 2921 apta
1191 2851 1406 2906 ratione
1435 2852 1655 2922 cognati
1694 2852 1916 2906 nomine

336 2955 368 2994 a
400 2940 734 3010 desponsata
772 2941 876 2996 sibi
908 2941 974 2996 ad
1005 2949 1267 2997 aeternam
1317 2943 1767 3012 conjunctionem
1820 2959 1917 3012 ap-

2044 453 2178 506 ὃπου
2210 453 2267 507 δὲ
2294 453 2589 507 ἀποϐλέπει
2621 455 2972 524 διδαχθεῖσαι,
2998 454 3147 507 οὕτω
3174 457 3456 526 στήσωσιν
3499 457 3659 508 ἐαυ-

2044 543 2172 606 τάς·
2200 545 2340 598 ὥστε
2389 547 2482 599 καὶ
2521 547 2710 610 αὐταῖς
2745 545 3044 616 ὲποφθῆναι
3073 546 3171 617 τὴν
3207 545 3365 612 δόξαν
3415 544 3606 598 αὑτοῦ
3633 561 3654 573 ·

2042 628 2103 688 οὒ
2133 636 2165 705 ή
2194 636 2486 704 ἐπιφάνεια
2533 637 2776 708 σωτηρία
2805 638 2911 691 τῶν
2940 639 3348 692 ἐποπτευόντων
3385 638 3654 705 γίνεται,

2043 727 2225 791 καθώς
2253 745 2416 799 φησιν
2447 732 2474 782 6
2506 730 2820 802 Προφήτης,
2853 731 2933 784 ὅτι
2973 731 3304 799 Ἐπίεςανον
3331 729 3401 782 τό
3433 730 3652 797 πρόσ-

2041 824 2205 872 ωπόν
2229 835 2367 884 σου,
2392 821 2489 876 καὶ
2514 823 2928 890 σωθησόμεθα.
2954 819 3064 875 Καὶ
3087 825 3118 892 ἠ
3149 821 3472 882 διδάσκαλος
3497 818 3648 872 καθ’

2039 915 2328 985 ὁμοιότητα
2365 915 2629 968 Φιλίππου
2669 915 2764 968 τοῦ
2804 916 3046 978 εἰπόντος
3071 933 3086 946 ·
3120 916 3342 983 Ἔρχου
3369 914 3470 966 καὶ
3505 911 3640 973 ιὸἐ,

2040 1005 2358 1076 καθηγεῖται
2409 1007 2517 1060 τῶν
2566 1008 2784 1060 πάντων
2833 1006 2968 1078 πρὸς
3014 1005 3110 1077 τὴν
3140 1006 3230 1057 τοῦ
3275 1002 3639 1073 ζητουμένου

2041 1097 2360 1169 κατάληψιν,
2395 1099 2516 1152 ἀντὶ
2543 1097 2638 1151 τοῦ
2676 1101 2870 1162 εἰπεῖν,
2904 1097 2964 1150 τὸ
3000 1098 3130 1158 Ἴδε,
3157 1097 3248 1150 τὸν
3275 1097 3443 1149 τόπον
3478 1096 3634 1147 ὑπο-

2037 1189 2354 1244 δεικνύουσα
2390 1191 2448 1242 ὲν
2487 1183 2532 1258 ᾧ
2564 1190 2712 1242 ἐστιν
2735 1192 2763 1243 6
2801 1188 3162 1260 ζητούμενος.
3191 1188 3287 1240 καὶ
3319 1189 3458 1240 ὅπου
3495 1185 3636 1256 βλέ-

2039 1300 2148 1336 πει.
2194 1283 2331 1352 Φησὶ
2378 1282 2487 1352 γάρ
2519 1282 2640 1334 ’ὅτι
2707 1280 3053 1348 Ἀδελφιδός
3091 1299 3210 1349 μου
3257 1279 3483 1344 κατέϐη
3531 1279 3635 1341 είς

2036 1373 2236 1442 κῆπον
2275 1378 2362 1441 είς
2410 1375 2630 1444 φιάλας
2673 1375 2779 1430 τοῦ
2832 1375 3156 1444 ἀρώματος.
3208 1375 3352 1435 Ἕως
3395 1370 3627 1432 τούτου,

2035 1468 2092 1519 ὲν
2118 1461 2162 1534 ᾧ
2187 1469 2331 1519 ἐστιν
2355 1467 2459 1520 ύπὺ
2490 1467 2582 1521 τοῦ
2605 1467 2760 1534 λόγου
2797 1469 3134 1537 σημαίνεται.
3167 1465 3241 1517 Τὸ
3261 1464 3318 1516 δὲ
3348 1463 3460 1516 ἀπὸ
3501 1461 3634 1514 τού-

2033 1577 2149 1625 του,
2175 1561 2227 1613 τί
2249 1561 2372 1630 ὁρᾷ,
2403 1561 2497 1613 καὶ
2524 1562 2655 1614 ὅπου
2688 1561 2870 1630 βλέπει
2899 1560 2976 1631 τῷ
3007 1559 3149 1628 λόγῳ
3178 1558 3457 1610 δείκνυσιν
3477 1555 3514 1625 ἡ
3537 1555 3630 1607 δι-

2033 1651 2326 1716 δάσκαλος,
2379 1652 2638 1720 λέγουσα·
2673 1653 2754 1705 ὃτι
2790 1652 3133 1721 Ποιμαίνειν
3159 1650 3229 1703 ἐν
3267 1647 3494 1714 κήποις
3516 1647 3628 1700 καὶ

1961 1725 2004 1780 Β
2033 1743 2325 1814 συνάγειν
2352 1745 2547 1812 κρίνα.
2584 1743 2731 1814 Αὕτη
2769 1744 2864 1814 μὲν
2897 1747 2930 1814 ἡ
2973 1742 3278 1813 σημαντικὴ
3309 1739 3406 1793 τοῦ
3449 1738 3623 1807 λόγου

2030 1839 2167 1906 πρὸς
2201 1837 2299 1901 τὰς
2329 1837 2574 1900 νεάνιδάς
2611 1839 2758 1890 ἐστιν
2803 1837 2993 1907 όδηγία
3049 1835 3116 1889 δι’
3151 1828 3227 1889 ὧν
3275 1833 3622 1903 μανθάνουσι

2029 1928 2123 1982 καὶ
2150 1929 2283 1982 ὅπου
2310 1929 2447 1994 ἐστὶ,
2478 1929 2572 1981 καὶ
2597 1929 2729 1981 ὅπου
2759 1928 2964 1998 βλέπει.

2097 2020 2217 2092 Χρὴ
2242 2020 2298 2074 δὲ
2339 2021 2556 2084 πάντως
2587 2023 2680 2074 καὶ
2720 2021 2781 2074 τὸ
2804 2021 3077 2090 ὠφέλιμον
3109 2020 3209 2090 τῆς
3242 2016 3614 2072 θεοπνεύστου

2026 2112 2227 2182 ταύτης
2255 2113 2546 2180 ἐπιγνῶναι
2575 2113 2794 2183 Γραφῆς
2821 2111 2908 2165 διὰ
2929 2111 3028 2181 τῆς
3057 2112 3430 2180 πνευματικῆς
3469 2109 3614 2162 θεω-

2027 2203 2168 2272 ρίας.
2211 2201 2419 2255 Οὐκοῦν
2447 2204 2576 2256 ὅταν
2598 2201 2922 2272 ἀκούσωμεν
2955 2202 3038 2254 ὅτι
3083 2199 3423 2268 Ἆδελεριδὸς
3466 2214 3614 2252 κατ-

2022 2295 2127 2362 έϐη
2145 2296 2232 2360 εις
2252 2293 2450 2364 κῆπον
2469 2295 2676 2359 αὐτοῦ,
2693 2294 2752 2347 τὸ
2803 2293 3167 2362 Εὑαγγελικδν
3196 2294 3494 2364 μυστήριον
3515 2291 3611 2346 διὰ

2022 2387 2131 2441 τῶν
2152 2389 2456 2458 εἰρημένων
2501 2387 2843 2458 μανθάνομεν
2863 2427 2878 2450 ,
2923 2387 3154 2440 ἑκάστου
3189 2385 3298 2438 τῶν
3319 2384 3612 2454 ὀνομάτων

2021 2478 2210 2531 τοῦτον
2237 2479 2328 2531 τὸν
2358 2478 2616 2548 μυστικὸν
2647 2479 2804 2546 λόγον
2851 2480 2982 2549 ἡμῖν
3015 2477 3433 2549 σαφηνίζοντος·
3482 2477 3513 2528 6
3546 2479 3607 2528 ἐν

2025 2573 2190 2642 σαρκὶ
2213 2571 2543 2643 φανερωθεὶς
2576 2572 2732 2635 Θεὸς,
2759 2571 2848 2625 διὰ
2872 2571 2931 2624 τὸ
2964 2566 3024 2635 ἐξ
3057 2571 3226 2624 Ἰούδα
3257 2571 3356 2640 μὲν
3385 2571 3608 2623 ἀνατεῖ-

2021 2664 2129 2727 λαι,
2181 2664 2391 2734 λάμψαι
2422 2664 2478 2716 δὲ
2518 2667 2630 2728 τοῖς
2663 2664 2839 2717 ἔθνεσι
2869 2667 2979 2729 τοῖς
3019 2666 3078 2716 ὲν
3126 2665 3303 2717 σκότει
3334 2665 3427 2716 καὶ
3470 2664 3604 2733 σκιᾷ

2021 2757 2248 2810 θανάτου
2271 2755 2618 2827 καθημένοις,
2635 2757 2813 2820 καλῶς
2840 2756 2933 2808 καὶ
2956 2755 3246 2826 προσφυῶς
3272 2755 3349 2825 τῷ
3370 2755 3604 2826 ὀνόματι

2018 2846 2112 2899 τοῦ
2143 2846 2423 2914 ἀδελφιδοῦ
2464 2845 2615 2916 παρά
2655 2845 2755 2915 τῆς
2801 2844 3224 2916 μνηστευθείσης
3263 2843 3410 2914 αὐτῷ
3459 2845 3603 2916 πρὸς

2018 2936 2184 2989 ἀΐδιον
2218 2935 2474 3005 συζυγίαν
2514 2934 2975 3006 κατονομάζεται,
3025 2935 3257 3006 ἀδελφῆς
3289 2935 3455 3005 οὔσης
3502 2934 3600 2987 τοῦ

337 3032 596 3103 pelletur,
632 3032 783 3103 quod
817 3048 881 3088 ea
912 3034 1101 3104 populi
1135 3050 1201 3090 ex
1234 3033 1376 3088 Juda
1411 3035 1518 3088 orti
1554 3050 1714 3092 soror
1746 3047 1910 3091 esset.

2033 3029 2200 3082 Ἰούδα
2238 3028 2389 3082 λαοῦ.
2445 3028 2518 3082 Τὸ
2549 3029 2603 3082 δὲ
2625 3027 2872 3099 Κατέόη,
2913 3025 3081 3098 δηλοῖ,
3114 3028 3197 3080 ὅτι
3236 3026 3324 3080 διὰ
3364 3027 3456 3079 τὸν
3489 3027 3602 3079 ἀπὸ

339 3121 574 3178 Verbum
626 3134 846 3188 autem,
893 3123 1227 3189 Descendit,
1270 3125 1544 3195 signiﬁcat
1587 3134 1808 3196 propter
1851 3127 1916 3180 il-

336 3215 450 3269 lum
474 3255 488 3276 ,
517 3216 610 3285 qui
637 3213 1000 3285 Jerosolymis
1026 3213 1249 3269 Jericho
1278 3215 1569 3270 descendit
1591 3255 1606 3279 ,
1640 3215 1810 3286 inque
1839 3217 1919 3270 la-

336 3312 527 3358 trones
579 3303 779 3357 incidit
805 3303 850 3333 “
881 3321 893 3356 :
930 3311 1155 3373 propter
1205 3303 1352 3358 hunc
1405 3305 1572 3374 igitur
1621 3305 1674 3358 in
1729 3305 1918 3362 hostes

335 3397 584 3465 lapsum,
610 3396 776 3449 etiam
803 3395 983 3464 ipsum
1007 3395 1363 3451 descendisse
1390 3414 1402 3449 :
1431 3412 1540 3466 quo
1573 3396 1918 3466 signiﬁcatur

334 3485 477 3539 facta
504 3500 570 3539 ex
604 3485 865 3539 ineﬂabili
902 3485 1186 3555 majestate
1211 3487 1276 3540 ad
1309 3486 1675 3542 humilitatem
1706 3498 1916 3544 naturae

335 3588 538 3632 nostrae
562 3577 851 3632 demissio.
887 3575 967 3630 Ex
999 3577 1146 3631 horti
1180 3579 1473 3649 aenigmate
1502 3579 1789 3646 discimus,
1817 3598 1912 3636 ve-

333 3685 455 3724 rum
489 3669 642 3723 illum
673 3668 969 3738 agricolam
1004 3669 1072 3723 de
1103 3670 1318 3740 integro
1347 3686 1536 3724 arvum
1575 3687 1734 3726 suum
1763 3675 1906 3742 plan-

332 3770 492 3825 lare,
529 3761 791 3815 nimirum
824 3776 926 3816 nos
967 3760 1238 3817 homines.
1297 3761 1512 3817 Etenim
1561 3780 1663 3819 nos
1717 3781 1910 3819 arvum

332 3855 507 3924 ipsius
551 3869 781 3918 sumus,
817 3853 1280 3925 quemadmodum
1324 3855 1528 3911 Paulus
1573 3858 1816 3927 loquitur
1845 3860 1908 3915 ⁸⁷.

332 3945 521 4016 Itaque
552 3961 678 4001 cum
716 3947 833 4017 ipse
867 3948 941 4001 sit
970 3947 1047 4012 is,
1079 3949 1172 4017 qui
1209 3963 1393 4003 rerum
1431 3948 1588 4002 initio
1620 3953 1913 4019 plantatio-

332 4054 455 4093 nem
491 4038 744 4093 humana:
776 4047 990 4094 natum
1018 4041 1289 4096 consitam
1323 4058 1352 4094 a
1385 4041 1546 4098 Patre
1575 4045 1786 4099 caelesti
1824 4063 1912 4100 εχ·
1933 4112 1946 4128 ο

331 4129 504 4184 coluit
531 4129 583 4182 in
617 4131 874 4199 paradiso
902 4149 915 4184 :
946 4146 1075 4200 aper
1100 4139 1282 4185 autem
1315 4134 1610 4202 singularis
1637 4143 1691 4187 et
1721 4137 1906 4188 innua-

331 4225 417 4278 nis
449 4222 671 4276 hortum
706 4222 858 4276 illum
882 4261 898 4286 ,
945 4224 1204 4278 nimirum
1245 4239 1378 4286 nos,
1416 4224 1764 4294 depraedatus
1805 4229 1907 4291 sit,

331 4330 632 4384 arvumque
675 4314 926 4368 divinum
976 4317 1248 4370 vastarit:
1289 4316 1435 4370 hanc
1465 4317 1636 4385 ipsam
1671 4320 1742 4372 ob
1775 4335 1908 4374 cau-

2032 3121 2383 3190 Ίερουσαλὴμ
2420 3121 2476 3184 ἐς
2516 3118 2723 3191 Ἰεριχὼ
2765 3119 3098 3184 καταὸἀντα,
3131 3120 3224 3173 καὶ
3275 3120 3330 3171 ἐν
3362 3121 3474 3182 τοῖς
3503 3120 3601 3192 λῃ-

2023 3215 2173 3275 σταῖς
2202 3212 2488 3282 γενόμενον
2506 3231 2518 3243 ·
2551 3213 2641 3266 διὰ
2672 3211 2829 3266 τοῦτο
2854 3213 2949 3265 καὶ
2971 3211 3133 3276 αὐτὸς
3159 3214 3228 3283 τῇ
3255 3211 3466 3281 καθόδῳ
3499 3209 3598 3266 τοῦ

2019 3305 2348 3374 ἐμπεσόντος
2375 3307 2487 3367 τοῖς
2511 3303 2788 3374 πολεμίοις
2820 3303 3272 3375 συγκατέρχεται⁶
3289 3303 3355 3355 δι’
3382 3297 3456 3356 ὧν
3500 3321 3598 3374 ση-

2022 3399 2199 3468 μαίνει
2231 3397 2328 3468 τὴν
2373 3398 2437 3449 ὲκ
2479 3398 2578 3465 τῆς
2605 3398 2884 3468 ἁφράστου
2922 3397 3334 3468 μεγαλειότητος
3361 3397 3599 3466 γενομέο

2017 3507 2114 3559 νην
2141 3491 2232 3542 ἐπὶ
2250 3490 2310 3542 τὸ
2329 3489 2578 3542 ταπεινὸν
2601 3490 2699 3559 τῆς
2729 3489 2942 3558 φύσεως
2970 3489 3125 3560 ήμῶν
3155 3489 3563 3557 συγκατάὗαστν
3581 3506 3595 3518 ·

2016 3583 2104 3636 διὰ
2139 3583 2195 3635 δὲ
2229 3581 2321 3635 τοῦ
2345 3581 2484 3634 κατὰ
2507 3581 2598 3634 τὸν
2631 3581 2806 3651 κῆπον
2835 3581 3152 3651 αἰνίγματος
3187 3580 3346 3633 τοῦτο
3383 3581 3599 3648 μανθά-

2017 3693 2201 3746 νομεν,
2232 3676 2311 3728 ὅτι
2336 3673 2662 3743 ἀναφυτεύει
2692 3673 2754 3726 τὸ
2779 3673 2974 3726 ἑαυτοῦ
2997 3672 3262 3743 γεώργιον
3289 3675 3318 3725 ό
3339 3673 3602 3742 ἀληθινὸς

2014 3767 2256 3837 γεωργὸς
2289 3768 2436 3836 ἡμᾶς
2466 3767 2592 3828 τοὺς
2635 3763 2972 3835 ἀνθρώπους.
3033 3763 3222 3834 Ἡμεῖς
3272 3767 3381 3835 γάρ
3424 3767 3601 3836 ἐσμεν

2014 3859 2176 3914 αύτοῦ
2212 3857 2474 3928 γεώργιον
2503 3858 2644 3910 κατά
2683 3856 2782 3926 τὴν
2816 3855 3029 3911 Παύλου
3070 3857 3273 3926 φωνήν.
3317 3857 3471 3911 Ἐπεὶ
3498 3852 3600 3911 οὖν

2013 3954 2216 4014 ἐκεῖνός
2247 3954 2414 4015 ἐστιν,
2461 3952 2489 4003 6
2521 3950 2802 4021 καταρχὰς
2841 3951 2900 4002 ὲν
2928 3947 3237 4019 παραδείσῳ
3265 3950 3599 4018 γεωργήσας

2011 4042 2109 4112 τὴν
2130 4040 2476 4111 ἀνθρωπίνην
2505 4039 2682 4109 φύσιν,
2700 4039 2766 4109 ἢν
2786 4038 3083 4107 ἐφύτευσεν
3105 4036 3134 4088 ὁ
3158 4038 3346 4108 Πατὴρ
3373 4040 3402 4090 ό
3427 4038 3599 4108 οὖρά-

2011 4149 2151 4195 νιος·
2189 4133 2275 4185 διὰ
2305 4133 2462 4186 τοῦτο
2483 4132 2575 4184 τοῦ
2615 4129 2797 4202 μονιοῦ
2827 4129 2922 4184 τοῦ
2948 4129 3139 4201 ἀγρίου
3179 4130 3597 4199 κατανεμηθέν-

2009 4241 2100 4287 τος
2134 4225 2288 4294 ὴμῶν
2315 4224 2404 4276 τὸν
2421 4224 2595 4294 κῆπον
2616 4223 2711 4276 καὶ
2737 4223 3129 4294 λυμαινομένου
3149 4221 3212 4275 τὸ
3239 4222 3380 4274 Θεῖον
3408 4222 3594 4291 γεὼρο

2010 4333 2148 4384 γιον,
2187 4316 2388 4385 κατέϐη
2437 4315 2532 4368 τοῦ
2571 4315 2730 4369 πάλιν
2776 4315 3000 4384 ποιῆσαι
3044 4314 3217 4384 κῆπον
3255 4313 3350 4383 τὴν
3381 4314 3595 4385 ἔρημον

330 4421 445 4459 sam
495 4405 811 4471 descendit,
861 4417 922 4460 ut
969 4406 1209 4462 ediceret
1258 4422 1368 4477 quo
1415 4407 1608 4463 hortus
1655 4410 1905 4466 desertus

2020 4409 2075 4477 τῇ
2115 4406 2219 4459 τῶν
2255 4407 2464 4478 ἀρετῶν
2497 4406 2691 4476 φυτεία
2727 4404 3195 4475 καλλωπιζόμενον
3221 4419 3236 4434 ⁶
3285 4405 3383 4476 τὴν
3414 4404 3596 4458 καθα-

330 4512 547 4551 rursum
581 4512 680 4567 per
709 4499 973 4552 virtutum
1007 4501 1375 4554 consitioncm
1407 4511 1735 4566 ornaretur;
1769 4518 1907 4572 puro

329 4605 393 4644 ac
424 4588 612 4643 divino
638 4587 908 4644 doctrina:
939 4589 1090 4645 fonte
1125 4591 1191 4644 ad
1220 4591 1442 4660 plantas
1471 4591 1790 4661 hujusmodi
1824 4592 1904 4646 l'o-

329 4678 562 4741 vendas,
597 4693 696 4747 per
722 4679 993 4749 quosdam
1024 4681 1184 4750 quasi
1221 4680 1369 4736 rivos
1413 4683 1688 4734 sermonis
1733 4681 1906 4736 dedu-

327 4780 434 4825 cto.
469 4769 673 4825 Phialae
703 4779 884 4826 autem
915 4773 1178 4827 aromatis
1209 4772 1477 4828 hactenus
1502 4773 1557 4826 in
1584 4774 1910 4843 descriptio-

327 4880 397 4921 ne
427 4864 858 4934 pulchritudinis
893 4866 1082 4935 sponsi
1115 4867 1182 4920 ad
1215 4867 1561 4920 maxillarum
1595 4871 1905 4921 encomium

328 4959 555 5014 fuerunt
584 4957 1049 5020 accommodatae,
1083 4958 1288 5028 quibus
1322 4959 1432 5012 cibi
1477 4958 1798 5027 spirituales
1840 4959 1908 5014 ad

327 5066 488 5108 usum
521 5049 929 5121 pascendorum
976 5052 1429 5105 comminuuntur
1459 5069 1471 5103 :
1511 5051 1603 5103 hic
1632 5066 1762 5104 vero
1808 5066 1909 5119 pro

327 5143 449 5196 loco
479 5146 798 5200 sumuntur,
848 5154 958 5209 quo
1017 5154 1256 5209 sponsus
1307 5140 1506 5208 degat:
1559 5141 1910 5194 discentibus

324 5249 391 5288 ex
421 5249 488 5288 eo
519 5231 680 5287 nobis
702 5273 716 5296 ,
770 5248 881 5285 non
930 5233 1144 5287 versari
1196 5248 1462 5303 sponsum
1497 5249 1560 5286 ea
1591 5235 1644 5286 in
1686 5237 1868 5286 anima
1890 5273 1905 5297 ,

325 5324 422 5378 ubi
447 5325 716 5378 virtutum
745 5325 992 5395 quaedam
1022 5325 1094 5381 sit
1118 5325 1363 5380 solitudo
1389 5342 1405 5390 ;
1433 5326 1526 5380 sed
1557 5341 1678 5392 quae
1710 5339 1907 5380 secun-

326 5417 457 5468 dum
487 5415 757 5471 hactenus
786 5416 1026 5471 indicata
1048 5457 1064 5480 ,
1093 5419 1355 5473 aromatis
1378 5424 1462 5472 est
1487 5417 1668 5487 phiala
1689 5458 1702 5481 ,
1727 5424 1782 5471 et
1809 5432 1908 5469 un-

324 5517 528 5578 guenta
574 5507 805 5576 profert.
855 5509 957 5576 Qui
1011 5510 1138 5565 talis
1182 5517 1300 5576 est,
1333 5509 1381 5566 is
1413 5510 1698 5580 sapientia:
1727 5517 1909 5564 crater

389 5684 442 5716 “
474 5681 622 5739 Psal.
655 5701 838 5750 Lxxu‘,
873 5689 922 5741 4.
1003 5689 1046 5719 ⁸⁸
1084 5687 1216 5744 Luc.
1261 5705 1316 5750 χ.
1348 5688 1418 5744 50
1449 5703 1568 5758 sqq.

2015 4499 2114 4569 ρὰν
2142 4500 2236 4551 καὶ
2277 4499 2426 4552 θείαν
2465 4498 2563 4566 τῆς
2597 4496 2939 4559 διδασκαλίας
2972 4494 3175 4566 πηγὴν,
3215 4497 3308 4548 ἐπὶ
3345 4496 3443 4564 τὴν
3480 4495 3595 4548 τῶν

2013 4590 2263 4644 τοιούτων
2300 4589 2480 4658 φυτῶν
2521 4587 2839 4658 ἐπιμέλειαν
2885 4587 3150 4657 όχετήσας
3189 4585 3269 4654 τῷ
3305 4585 3448 4656 λόγῳ
3472 4605 3483 4616 ·
3531 4589 3594 4642 αἱ

2012 4682 2068 4734 δὲ
2089 4680 2181 4734 τοῦ
2206 4682 2494 4752 ἀρώματος
2528 4679 2715 4750 φιάλαι
2747 4680 2804 4731 ὲν
2845 4677 2944 4748 μὲν
2970 4679 3036 4748 τῇ
3069 4675 3426 4739 τοῦ,κάλλους
3450 4678 3590 4730 ὑπο-

2011 4776 2219 4844 γραφῇ,
2252 4774 2387 4842 πρὸς
2414 4773 2473 4825 τὸ
2497 4772 2604 4824 τῶν
2631 4770 2894 4838 σιαγόνων
2926 4767 3199 4838 ἐγκώμιον
3228 4767 3593 4839 παρελήφθη-

2012 4882 2131 4927 σαν,
2166 4865 2231 4916 δι’
2261 4858 2334 4917 ὧν
2379 4863 2782 4917 καταλεαίνεται
2819 4863 2887 4916 τὰ
2921 4862 3265 4931 πνευματικά
3299 4861 3445 4914 σιτία
3472 4865 3592 4927 τάς

2008 4954 2360 5026 τρεφομένοις
2385 4971 2400 4985 ο
2429 4953 2659 5007 ἐνταῦθα
2678 4953 2736 5006 δὲ
2755 4953 2918 5015 τόπος
2945 4947 3082 5004 εἶναι
3109 4951 3202 5004 τοῦ
3226 4952 3462 5020 νυμφίου
3493 4952 3592 5004 καὶ

2010 5046 2330 5117 ἐνδιαίτημα
2362 5046 2512 5119 παρὰ
2535 5046 2629 5100 τοῦ
2657 5044 2817 5114 λόγου
2851 5042 3110 5116 μηνύεται
3134 5057 3148 5072 ’
3193 5044 3349 5096 τοῦτο
3379 5044 3592 5113 μανθα-

2008 5139 2206 5191 νόντων
2242 5137 2422 5208 ἡμῶν,
2470 5137 2551 5190 ὅτι
2583 5133 2706 5188 οὔτε
2749 5137 2806 5188 ἐν
2839 5136 3032 5208 ἐρήμῳ
3066 5135 3178 5188 τῶν
3202 5134 3412 5203 ἀρετῶν
3439 5134 3588 5205 ψυχῇ

2006 5230 2236 5302 νυμφίος
2276 5227 2576 5292 αὐλίζεται,
2618 5227 2669 5280 εἰ
2711 5243 2798 5290 τις
2839 5225 2982 5280 κατά
3020 5225 3113 5279 τὸν
3147 5224 3590 5295 προαποδοθέντα

2003 5320 2163 5389 λόγον
2213 5321 2375 5390 φιάλη
2426 5318 2714 5389 ἀρώματος
2760 5317 2971 5386 γένοιτο
3013 5315 3222 5386 φύουσα
3277 5315 3582 5386 μυρεψική.

2018 5414 2075 5467 ὐ
2100 5411 2337 5475 τοιοῦτος
2365 5410 2577 5482 κρατὴρ
2604 5411 2704 5480 τῆς
2729 5411 2922 5478 σοφίας
2956 5408 3260 5478 γενόμενος,
3285 5407 3501 5477 δέχεται
3527 5409 3588 5460 ὲν

2005 5502 2182 5573 ἑαυτῴ
2211 5502 2302 5555 τὸν
2327 5501 2466 5556 θεῖον
2491 5502 2584 5554 καὶ
2609 5501 2882 5571 ἀκήρατον
2903 5495 3066 5565 οἶνον,
3093 5499 3158 5551 δι’
3183 5492 3244 5551 οὗ
3267 5500 3478 5566 γίνεται
3507 5497 3588 5576 τῷ

1647 5689 1690 5720 ⁸⁷
1729 5686 1899 5740 lCor.
1935 5700 2017 5748 ιιι,
2049 5683 2081 5738 6
2115 5699 2234 5754 sqq.
