3812 6228
144 307 160 358 t
171 305 264 360 005

1115 303 1180 356 IN
1225 299 1520 358 CANTICA
1561 297 1831 354 CANTIC.
1874 296 2158 352 HOMILIA
2200 296 2314 352 XV.

3241 286 3375 358 mat
3401 279 3403 282 ⁴

139 425 396 497 δεξαμένῳ
423 427 456 496 ἡ
485 423 810 494 εὐφροσύνη.
871 422 929 475 ὐ
962 421 1019 476 δὲ
1045 422 1244 492 ἑφεξῆς
1274 421 1429 490 λόγος
1459 421 1698 474 διδάσκει

1825 417 2019 480 'actus,
2049 416 2298 470 divinum
2329 423 2382 470 et
2415 415 2796 488 incorruptum
2828 432 3014 474 vinum
3050 417 3104 471 in
3134 433 3256 472 sese
3283 435 3376 481 re-

143 519 274 589 ἠμᾶς
300 518 478 579 ποίαις
520 516 706 586 νομαῖς
737 515 806 567 τὰ
855 515 1083 585 ποίμνια
1117 515 1210 568 τοῦ
1249 515 1413 568 καλοῦ
1443 513 1699 584 ποιμένος

143 611 411 664 πιαίνεται.
462 609 534 663 Οὐ
571 609 680 680 γὰρ
717 608 794 671 εἰς
825 608 1064 678 ἐρήμους
1086 608 1239 670 τινάς
1276 609 1370 662 καὶ
1401 608 1700 676 ἀκανθοφό-

145 721 256 786 ρους
281 703 473 765 τόπους
493 700 766 767 ἐξελαύνει
789 702 856 754 τὰ
883 701 1151 772 πρόϐατα,
1169 701 1309 755 ὥστε
1335 702 1434 773 τὴν
1459 700 1698 772 χορτὼδη

143 792 418 865 δρέψασθαι
447 792 610 845 πόαν·
649 792 786 845 ἀλλὰ
823 793 996 864 τροφὴ
1020 792 1302 862 πρόκειται
1325 793 1503 856 αὐτοῖς,
1530 793 1598 846 τά
1633 795 1700 846 ὲκ

143 885 237 938 τῶν
261 885 449 955 κήπων
487 883 778 955 ἀρώματαο
801 885 923 938 ἀντὶ
943 884 1000 937 δὲ
1027 885 1239 956 χόρτου,
1262 886 1322 940 τὸ
1349 887 1534 958 κρίνον
1556 888 1696 955 γίνε-

143 995 238 1040 ται,
264 978 396 1046 ὅπερ
427 977 558 1045 φησὶ
587 976 737 1046 παρὰ
767 975 860 1030 τοῦ
889 977 1146 1046 ποιμένος
1165 979 1246 1041 είς
1275 977 1568 1050 διατροφὴν
1590 979 1702 1034 τῶν

145 1067 410 1139 προὸάτων
457 1067 826 1136 συλλέγεσθαι.
892 1069 1078 1123 Ταῦτα
1116 1069 1526 1139 φιλοσοφοῦντος
1569 1072 1702 1143 ἡμῖν

145 1162 221 1214 διὰ
251 1161 449 1214 τούτων
490 1160 582 1214 τοῦ
621 1161 803 1231 λόγου,
837 1162 919 1215 ὅτι
963 1165 996 1233 ἡ
1034 1165 1357 1236 περιεκτικὴ
1397 1165 1505 1218 τῶν
1534 1166 1701 1220 ὄντων

148 1251 290 1318 φύσις
334 1253 427 1305 καὶ
458 1251 716 1322 δύναμις,
767 1252 945 1306 πάντα
978 1253 1035 1305 ὲν
1068 1253 1234 1325 ἑαυτῇ
1287 1255 1696 1327 περιείργουσα,

145 1343 291 1396 τόπον
330 1343 528 1412 ἑαυτῆς
557 1344 651 1396 καὶ
692 1343 927 1414 χώρημα
966 1349 1200 1399 ποιεῖται
1253 1346 1364 1400 τῶν
1399 1348 1703 1418 δεχομένων

146 1433 232 1505 τὴν
267 1432 624 1504 καθαρότητα,
659 1434 717 1486 ὲν
748 1429 829 1498 οἷς
865 1437 893 1489 ὁ
928 1436 1215 1502 πολυειδῶς
1241 1438 1329 1492 διά
1353 1439 1458 1494 τῶν
1490 1442 1702 1512 ἀρετῶν

156 1525 538 1597 γεωργούμενος
568 1526 764 1596 κῆπος,
799 1530 943 1598 κομᾷ
972 1528 1070 1598 μὲν
1096 1533 1206 1594 τοῖς
1233 1532 1342 1585 τῶν
1371 1535 1572 1607 κρίνων
1605 1535 1701 1590 ἀν-

151 1617 269 1679 θεσι,
301 1617 448 1686 βρύει
475 1617 534 1670 δὲ
564 1619 629 1688 τῇ
653 1617 761 1670 τῶν
789 1619 1096 1691 ἀρωμάτων
1110 1626 1466 1697 καρπογονίᾳ.
1492 1625 1572 1680 Τά
1605 1629 1702 1698 μὲν

153 1710 242 1780 γὰρ
275 1708 432 1780 κρίνα
467 1708 564 1762 τοῦ
603 1709 857 1781 λαμπροῦ
905 1713 999 1766 καὶ
1041 1714 1284 1787 καθαροῦ
1333 1718 1430 1788 τῆς
1467 1717 1703 1784 διανοίας

153 1800 352 1869 ιῖνιγμα
385 1800 596 1868 γίνεται
621 1819 633 1830 ·
687 1804 720 1872 ὴ
765 1802 821 1855 δὲ
863 1802 971 1855 τῶν
1008 1805 1316 1876 ἀρωμάτων
1357 1807 1599 1874 εῦπνοια,
1643 1811 1705 1864 τὸ

154 1893 309 1963 πάσης
339 1893 621 1965 ἁμαρτιῶν
637 1894 894 1958 δυσωδίας
922 1895 1214 1970 ἀλλοτρίως
1239 1899 1404 1968 ἔχειν.
1433 1903 1708 1968 Τοιούτοις

156 1980 228 2034 xiv
253 2000 376 2052 φησι
402 1985 492 2036 τὸν
522 1985 632 2037 τῶν
661 1987 893 2054 Αογικῶν
918 1991 1213 2062 ἐπιστάτην
1237 1994 1502 2063 ποιμνίων
1527 1997 1710 2051 ἐνανα-

155 2075 486 2145 στρέφεσθαι,
543 2079 600 2130 ὲν
635 2079 732 2143 μὲν
766 2080 878 2142 τοῖς
920 2082 1119 2152 κήποις
1158 2084 1487 2152 νομεύοντα,
1547 2087 1615 2141 τά
1652 2089 1708 2142 δὲ

155 2168 292 2238 κρίνα
321 2168 453 2239 πρὸς
475 2168 578 2240 τὴν
601 2169 708 2222 τῶν
734 2172 1021 2242 προϐάτων
1045 2175 1339 2249 διατροφὴν
1369 2179 1620 2251 κείροντά
1648 2200 1710 2236 τε

156 2260 232 2313 καὶ
266 2260 587 2328 συλλέγοντα
607 2279 619 2291 ·
671 2263 814 2334 ἀπερ
842 2264 930 2318 διά
956 2266 1051 2320 τοῦ
1090 2270 1324 2338 μεγάλου
1359 2271 1569 2326 Παύλου
1598 2280 1712 2339 τοῖς

159 2351 418 2421 προϐάτοις
448 2353 741 2425 προτίθησι
769 2355 864 2408 τοῦ
893 2358 955 2410 ὲκ
973 2359 1072 2428 τῆς
1096 2360 1245 2425 θείας
1271 2362 1553 2434 ἀποθήκης
1572 2383 1709 2438 προ·-

156 2442 410 2508 δάλλοντος
445 2446 580 2515 ἡμῖν
622 2445 723 2516 τὴν
754 2447 819 2499 ὲκ
845 2448 952 2501 τῶν
989 2453 1192 2522 κρίνων
1219 2453 1544 2526 διατροφήνο
1597 2457 1712 2511 ἔστι

157 2532 198 2585 δὲ
224 2533 410 2599 ταῦτα,
451 2538 556 2590 ὅσα
602 2538 775 2611 ἀληθῆ
797 2578 811 2602 ,
859 2540 961 2594 ὅσα
992 2541 1195 2612 σεμνὰ,
1240 2545 1340 2599 ὅσα
1370 2545 1583 2608 δίκαια,
1615 2549 1714 2602 ὅσα

158 2626 431 2696 προσφιλῆ,
463 2629 566 2682 ὅσα
599 2630 750 2699 ἇγια,
772 2635 873 2686 ὅσα
923 2632 1176 2705 εὔφημαο
1207 2634 1262 2687 εί
1287 2653 1370 2698 τις
1405 2637 1595 2708 ἀρετὴ,
1621 2641 1716 2692 καὶ

158 2717 198 2768 εί
215 2734 290 2781 τις
316 2718 554 2786 ἔπαινος.
603 2723 789 2778 Ταῦτά
827 2727 965 2792 ἐστι,
991 2727 1131 2781 κατά
1161 2745 1224 2798 γε
1251 2729 1340 2782 τὸν
1365 2731 1496 2799 ἐμὸν
1534 2732 1711 2800 λόγον,

162 2808 214 2862 εά
242 2811 392 2881 κρίνα
435 2807 518 2877 οἷς
559 2814 905 2888 διατρέφεται
939 2819 1092 2889 παρὰ
1124 2819 1218 2873 τοῦ
1257 2821 1423 2875 καλοῦ
1461 2824 1718 2894 ποιμένος

161 2917 207 2954 τε
237 2905 324 2956 καὶ
352 2903 674 2985 διδασκάλου
704 2909 763 2962 τὸ
788 2911 1059 2980 ποίμνιον.

1801 510 1972 580 cipit,
2017 509 2163 580 quod
2205 508 2300 580 qui
2345 510 2587 578 recepit,
2627 510 2997 566 exbilaratur.
3041 509 3380 582 Quae'porro

1801 609 2141 672 sequuntur,
2165 600 2410 656 indicant
2426 601 2742 670 cujusmodi
2769 603 2989 672 pascuis
3021 618 3214 675 greges
3242 619 3383 674 prae-

1801 695 1934 750 clari
1969 694 2116 749 illius
2149 695 2386 765 pastoris
2423 694 2807 766 pinguescant.
2836 694 2956 750 Non
2985 696 3134 751 enim
3167 697 3258 751 ille
3287 698 3384 752 de-

1803 794 1950 843 serta
1985 779 2236 857 quaedam
2290 786 2357 840 ad
2404 788 2522 841 loca
2569 787 2901 858 spinosaque
2931 788 3100 860 abigit
3129 803 3293 853 oves,
3326 797 3386 844 ut

1803 893 2030 949 gramen
2083 877 2421 948 decerpant;
2473 878 2571 933 sed
2628 879 2737 934 cibi
2785 881 2906 934 loco
2959 881 3038 934 eis
3095 879 3384 934 hortorum

1803 979 2047 1024 aromata
2100 971 2393 1040 proponit,
2443 979 2498 1024 et
2540 985 2641 1040 pro
2688 971 2938 1040 gramine
2983 971 3190 1036 lilium,
3240 972 3389 1039 quod

1801 1062 2022 1133 quidem
2054 1063 2232 1132 ipsum
2267 1063 2344 1117 ait
2373 1077 2403 1116 a
2437 1073 2658 1134 pastore
2704 1063 2771 1116 ad
2820 1063 3048 1119 alendas
3091 1081 3222 1120 oves
3268 1064 3388 1120 col-

1802 1153 1924 1222 ligi.
1957 1153 2170 1220 Quibus
2205 1154 2386 1210 verbis
2434 1154 2784 1224 significatur
2811 1171 2944 1212 sane
2969 1173 3133 1227 quam
3165 1157 3388 1228 sapien-

1804 1255 1906 1311 ter,
1938 1254 2192 1301 naturam
2240 1247 2388 1301 illam
2439 1262 2504 1302 ac
2552 1255 2911 1318 potestatem,
2961 1265 3084 1319 qua:
3128 1249 3389 1304 universa

1804 1341 2191 1410 complectitur
2236 1350 2292 1396 et
2339 1342 2623 1407 continet,
2680 1342 2871 1396 locum
2915 1351 2967 1396 et
3006 1343 3240 1412 spatium
3283 1340 3390 1396 sibi

1804 1433 2148 1488 constituere
2193 1433 2408 1488 illorum
2456 1433 2510 1487 in
2559 1434 2840 1504 puritate,
2873 1434 2966 1504 qui
3015 1434 3195 1504 ipsum
3243 1434 3391 1489 reci-

1807 1525 2002 1594 piunt,
2031 1537 2087 1580 et
2116 1527 2172 1580 in
2217 1527 2418 1596 quibus
2462 1525 2849 1595 multipliciter
2879 1526 3175 1581 virtutibus
3201 1527 3392 1581 excul-

1806 1627 1897 1674 tus
1942 1619 2140 1674 hortus
2190 1619 2428 1673 liliorum
2474 1617 2702 1674 ﬂoribus
2751 1618 2931 1690 viget,
2973 1627 3392 1688 aromatumque

1809 1708 2021 1764 fructus
2046 1710 2303 1780 copiosos
2334 1708 2532 1764 fundit.
2567 1707 2702 1762 Nam
2734 1707 2848 1763 lilia
2882 1707 3102 1779 quidem
3135 1708 3394 1778 splendo-

1809 1803 1886 1859 ris
1919 1812 1972 1858 et
2002 1803 2262 1874 puritatis
2311 1803 2366 1856 in
2414 1808 2598 1856 mente
2631 1800 2909 1870 quoddam
2941 1801 3170 1869 aenigma
3215 1809 3347 1854 sunt
3374 1815 3392 1863 ;

1809 1905 2121 1951 aromatum
2153 1911 2284 1950 vero
2336 1894 2636 1964 fragrantia
2679 1894 2951 1962 significat
2989 1892 3332 1946 aﬂ'ectiouem
3362 1906 3396 1946 a

1811 1988 2007 2044 foetore
2032 1997 2383 2059 peccatorum
2409 1986 2816 2040 abhorrentem.
2842 1985 2896 2038 In
2917 1984 3001 2039 his
3029 2000 3160 2054 ergo
3189 1983 3398 2038 versari

1811 2081 1945 2136 dicit
1971 2096 2133 2143 eum,
2160 2080 2253 2150 qui
2296 2079 2512 2133 ratione
2556 2077 2806 2148 praeditis
2852 2078 3112 2148 gregibus
3157 2085 3396 2148 praeest:

1814 2179 2132 2243 pascentem
2165 2172 2220 2225 in
2261 2171 2480 2238 hortis,
2525 2181 2576 2225 et
2619 2170 2733 2224 lilia
2774 2169 3190 2238 decerpentem,
3240 2171 3400 2224 colli-

1813 2274 2142 2334 gentemque
2171 2263 2226 2317 in
2260 2264 2450 2317 cibum
2478 2263 2662 2317 ovium
2691 2270 2716 2317 ε’
2735 2278 2858 2332 qum
2887 2261 3106 2332 quidem
3135 2261 3250 2330 ipsa
3281 2262 3400 2316 ovi-

1813 2355 1917 2410 bus
1969 2355 2151 2424 magni
2198 2353 2353 2408 Pauli
2407 2368 2575 2424 opera
2625 2353 2920 2424 pr0ponit,
2955 2353 3046 2422 qui
3093 2353 3160 2407 de
3209 2353 3400 2407 divino

1816 2463 1958 2517 penu
1991 2446 2174 2500 cibum
2213 2446 2359 2500 hunc
2389 2461 2456 2500 ex
2485 2445 2618 2500 liliis
2649 2453 2972 2514 congestum
2999 2445 3160 2500 nobis
3187 2445 3399 2514 objicit.

1816 2539 1950 2592 Nam
2007 2540 2121 2593 lilia
2171 2539 2349 2609 putari
2399 2538 2633 2602 debent,
2681 2553 3029 2609 quaecunque
3083 2554 3212 2595 vera
3237 2549 3400 2603 sunt,

1817 2646 2159 2701 quaecunque
2183 2630 2409 2684 honesta
2430 2671 2445 2695 ,
2472 2645 2818 2700 quaecunque
2839 2629 2988 2701 justa
3011 2671 3026 2695 ,
3056 2647 3405 2701 quaecunque

1811 2738 1987 2794 pura,
2016 2737 2360 2792 quacunque
2387 2722 2664 2786 amabilia,
2692 2737 3038 2793 quaecunque
3070 2723 3196 2778 boui
3225 2725 3406 2778 nomio

1819 2818 1906 2871 ni's
1934 2835 1947 2869 :
1978 2817 2022 2871 si
2051 2831 2156 2885 qua
2188 2816 2366 2869 virtus
2387 2855 2400 2877 ,
2439 2825 2492 2868 et
2519 2813 2567 2868 si
2592 2830 2700 2884 qua
2733 2815 2854 2869 laus
2888 2815 2953 2868 ⁸⁸.
2986 2813 3114 2870 Hzec
3139 2825 3270 2871 sunt
3302 2816 3406 2888 (ut

1818 2908 2069 2978 equidem
2103 2907 2384 2976 arbitror)
2431 2906 2578 2968 lilia,
2628 2907 2831 2975 quibus
2875 2909 2945 2961 ah
2994 2907 3090 2963 illo
3139 2909 3407 2978 praeclaro

1825 3008 2045 3070 pastore
2071 3014 2135 3054 ac
2163 2998 2428 3070 magiSIro
2460 2998 2780 3052 nutriuntur
2806 3014 3022 3069 greges.

231 3081 282 3133 '0
306 3081 359 3136 δὲ
387 3087 592 3158 ἐφεξῆς
625 3089 804 3158 λόγος,
848 3090 906 3145 ὃν
941 3094 974 3164 ή
1021 3094 1240 3165 καθαρά
1270 3097 1364 3150 καὶ
1390 3099 1714 3166 ἀκηλίδωτος

1895 3092 2028 3158 Quae
2060 3099 2242 3146 autem
2277 3099 2591 3161 Sequuntur
2625 3091 2792 3144 verba
2814 3130 2828 3154 ,
2865 3093 3080 3160 prolata
3114 3106 3144 3146 a
3177 3107 3316 3162 pura
3351 3102 3408 3148 et

161 3168 321 3243 νύμφη
352 3177 648 3246 πεποίηται
677 3178 910 3248 λέγουσα
934 3199 948 3213 ο
984 3184 1124 3255 Ἐγὼ
1139 3185 1220 3250 τῷ
1246 3187 1547 3257 ἀδελφιδῷ
1573 3209 1715 3258 μου,

162 3263 245 3315 καί
287 3268 326 3330 ὀ⁴
347 3268 673 3338 ἁδελφιδός
703 3289 824 3340 μου
861 3273 1027 3342 ἐμοί·
1093 3277 1272 3332 κανὼν
1330 3281 1423 3333 καὶ
1457 3283 1580 3352 ὅρος
1621 3284 1721 3352 τῆς

162 3358 266 3447 κατ⁵
290 3359 485 3432 ἀρετήν
519 3363 640 3415 ἐστι
678 3364 1030 3438 τελειότητος.
1087 3370 1449 3442 Μανθάνομεν
1491 3376 1600 3447 γὰρ
1632 3377 1720 3430 διὰ

162 3444 363 3540 τούτων,
403 3451 464 3504 τὸ
499 3453 578 3524 μὴ
627 3453 734 3508 δεῖν
765 3456 904 3528 πλὴν
937 3458 1030 3512 τοῦ
1054 3459 1188 3514 Θεοῦ
1231 3465 1394 3533 μηδὲν
1444 3467 1502 3521 ὲν
1543 3444 1721 3540 ἐαυτῷ

163 3534 307 3630 έχειν,
335 3541 464 3611 μηδὲ
491 3542 632 3614 πρὸς
659 3543 787 3598 ἄλλο
817 3565 870 3601 τι
907 3548 1124 3618 βλέπειν
1173 3553 1274 3624 τὴν
1302 3534 1720 3630 κεκαθαρμένην

163 3624 320 3699 ψυχήν
344 3648 356 3660 ·
407 3632 522 3687 ἀλλ’
545 3633 723 3700 οὕτως
751 3638 947 3712 ἑαυτὴν
979 3644 1280 3715 ἐκκαθᾶραι
1305 3624 1719 3713 παντὸς-ύλικοῦ

165 3720 462 3813 πράγματός
487 3743 551 3778 τε
591 3728 688 3780 καὶ
717 3730 1007 3801 νοήματος,
1035 3734 1111 3798 ὡς
1141 3736 1269 3808 ὃλην
1303 3739 1371 3792 δι’
1402 3740 1524 3794 ὅλου
1554 3760 1721 3813 μετα-

165 3809 385 3907 τεθεῖσαν
586 3819 647 3873 τὸ
684 3823 873 3892 νοητόν
903 3842 962 3877 τε
997 3827 1089 3880 καὶ
1113 3829 1292 3889 ἄῦλον.
1320 3809 1721 3907 ἐναργεστάτην

165 3899 326 3996 είκόνα
347 3904 440 3958 τοῦ
469 3909 782 3979 ἀρχετύπου
804 3913 1032 3981 κάλλους
1052 3920 1251 3992 ὲαυτὴν
1280 3899 1717 3996 ἀπεργάσασθαι.

166 3990 261 4092 ficti
285 3993 466 4092 ῶσπερ
504 4003 534 4055 ὁ
563 4002 656 4055 ἐπὶ
699 4003 794 4058 τοῦ
840 4007 1069 4074 πίνακος
1113 3990 1234 4066 ἰδὼν
1276 3990 1628 4092 τὴν-γραφὴν
1654 4021 1720 4075 δι’

166 4082 424 4182 ἀκριϐείας
452 4092 593 4164 πρὸς
631 4095 734 4167 τὴν
775 4097 870 4151 τοῦ
899 4101 1211 4172 ἀρχετύπου
1257 4082 1718 4182 μεμορφωμένην,

169 4176 282 4270 μίαν
306 4181 626 4255 ἀμφοτέρων
654 4183 906 4261 εἶναιτὴν
939 4195 1153 4267 μορφὴν
1169 4176 1724 4270 ἀποφαίνεταιᾲαὶτὸ

167 4269 247 4321 ἐπὶ
277 4273 369 4344 τῆς
395 4277 602 4341 εἰκόνος
628 4279 820 4344 κάλλος
844 4282 938 4336 τοῦ
964 4287 1320 4356 πρωτοτύπου
1351 4291 1526 4362 λέγων
1560 4291 1720 4361 εἶναι,

168 4362 248 4460 καὶ
277 4363 335 4417 τὸ
366 4367 675 4460 ἀρχέτυπον
707 4374 953 4444 ἐναργῶς
985 4378 1043 4432 ἐν
1072 4379 1150 4450 τῷ
1185 4385 1459 4454 μιμήματι
1491 4387 1724 4460 καθορᾶ-

170 4448 309 4547 cii-ar
352 4454 442 4547 τὸν
491 4459 655 4512 αὑτὸν
690 4462 890 4532 τρόπον
928 4467 961 4536 ή
1013 4448 1270 4534 εἰποῦσα,
1314 4448 1410 4526 ’δτι
1458 4473 1600 4547 Ἐγὼ
1629 4448 1727 4545 ’τῷ

167 4540 621 4641 ἀδελφιδῷᾲμοι),
661 4553 759 4606 καί
795 4557 829 4608 ό
856 4556 1180 4626 ἀδελφιδός
1204 4580 1325 4629 μου
1365 4565 1496 4634 ἐμοί
1514 4540 1535 4597 ’⁷
1586 4540 1724 4641 συμξ¹

171 4637 540 4706 μεμορφῶσθαι
575 4640 724 4710 λέγει
752 4642 833 4713 τῷ
852 4645 1092 4717 Χριστῷ,
1121 4648 1182 4701 τὸ
1209 4650 1337 4704 ἴδιον
1367 4653 1562 4719 κάλλος
1591 4637 1728 4710 ἀπο·

169 4721 403 4789 λαϐοῦσα,
432 4729 529 4801 τὴν
549 4731 772 4804 πρώτην
792 4735 888 4806 τῆς
913 4735 1128 4804 φύσεως
1151 4739 1305 4810 ἡμῶν
1324 4747 1725 4818 μακαριότητα,

169 4819 273 4868 κατ’
305 4820 482 4875 είκόνα
525 4823 624 4876 καὶ
667 4825 924 4896 ὁμοίωσιν
961 4829 1054 4882 τοῦ
1091 4830 1307 4902 πρώτου
1355 4835 1582 4902 κάλλους
1629 4839 1722 4893 τοῦ

172 4907 400 4978 ἀληθινοῦ
435 4915 530 4968 καὶ
580 4916 740 4988 μόνου
783 4919 1134 4990 ὼραῖσθεϊσα.
1192 4926 1304 4979 Καὶ
1341 4923 1452 4982 οἷον
1497 4931 1588 4983 ἐπὶ
1629 4932 1725 4986 τοῦ

173 5001 454 5094 κατόπτρου
479 5007 707 5076 γίνεται,
732 5011 860 5066 ἅπαν
879 5015 1142 5084 τεχνικῶς
1169 5034 1229 5070 τε
1257 5020 1352 5073 καὶ
1379 5021 1728 5094 καταλλὴλως

172 5091 229 5188 ff}
252 5095 399 5164 χρείᾳ
423 5102 1002 5177 κατεσκευασμένονῇ,
1021 5107 1080 5160 ὲν
1101 5107 1318 5181 καθαρᾷ
1341 5114 1405 5183 τῇ
1434 5091 1727 5188 ἐπιφανείᾳ

174 5177 230 5279 δι’
257 5185 529 5258 ἀκριϐείας
554 5196 612 5248 ὲν
640 5196 817 5267 ἑαυτῷ
841 5198 1004 5266 δείξει
1043 5199 1137 5253 τοῦ
1185 5177 1728 5279 ἐπιφανέντος-προσ-

176 5271 308 5372 cii—mu
319 5281 405 5372 τδν
417 5288 736 5358 χαρακτῆρα
747 5305 760 5319 ·
775 5289 948 5355 οῦτως
967 5292 1164 5365 ἑαυτὴν
1186 5296 1221 5365 ἡ
1246 5271 1390 5369 ψυχὴ
1407 5271 1732 5372 προσφόρως

177 5367 233 5464 ’ξῇ
265 5371 413 5444 χρείᾳ
437 5380 913 5447 κατασκευάσασα,
947 5386 1040 5437 καὶ
1072 5388 1252 5442 πᾶσαν
1285 5389 1475 5461 ύλικὴν
1498 5392 1729 5464 ἀπορρι-

178 5456 373 5552 ςααμένη
413 5468 622 5537 κηλίδα,
674 5473 913 5547 καθαρὸν
942 5477 1037 5532 τοῦ
1075 5480 1357 5552 ἀκηράτου
1405 5456 1731 5548 κάλλους-ὲν

179 5549 327 5626 ἑαυτῇ
360 5558 418 5612 τὸ
462 5558 599 5623 εἶδος
627 5566 1030 5626 ἀνετυπώσατο.
1089 5549 1253 5625 Λέγει
1287 5568 1379 5630 οῦν
1415 5575 1514 5645 τὴν
1548 5577 1731 5648 φωνὴν

242 5728 283 5760 ⁸⁸
328 5731 552 5807 Philipp.
584 5756 655 5804 Iv,
684 5741 736 5795 8.

1828 3185 1966 3238 labis
2001 3182 2183 3238 omnis
2234 3196 2457 3252 experte
2487 3197 2722 3251 sponsa,
2750 3197 2874 3235 cum
2909 3184 3016 3237 ait:
3049 3181 3161 3254 Ego
3186 3193 3409 3254 cognato

1826 3293 1962 3336 meo,
1990 3285 2038 3328 et
2065 3287 2320 3346 cognatus
2345 3291 2490 3328 meus
2521 3275 2650 3326 mihi
2678 3291 2690 3324 :
2716 3273 2832 3328 haec
2867 3275 3031 3345 igitur
3060 3291 3250 3331 norma
3282 3287 3412 3333 sunt

1827 3384 1893 3423 ac
1941 3367 2117 3422 ﬁnitio
2150 3366 2400 3436 quaedam
2449 3365 2630 3420 omnis
2678 3365 2734 3418 in
2781 3367 2985 3421 virtute
3029 3367 3407 3438 perfectionis.

1827 3461 1962 3516 Nam
2016 3477 2083 3516 ex
2141 3460 2230 3516 his
2277 3458 2584 3523 discimus,
2642 3459 2778 3513 nihil
2829 3459 2991 3515 nobis
3040 3475 3162 3516 esse
3213 3470 3414 3532 praeter

1831 3553 1998 3608 Deum
2033 3552 2268 3617 debere,
2321 3567 2500 3621 neque
2543 3552 2744 3606 anima:
2789 3551 3093 3622 purificatee
3132 3553 3298 3607 ullam
3339 3553 3410 3610 ad

1831 3661 1946 3700 rem
1977 3646 2142 3699 aliam
2177 3643 2585 3714 respiciendum
2615 3658 2738 3699 esse
2763 3661 2778 3711 ;
2808 3643 2901 3699 sed
2935 3644 3134 3700 debere
3162 3647 3301 3700 hanc
3337 3646 3410 3701 ita

1828 3755 1890 3794 se
1917 3739 1986 3792 ab
2013 3738 2271 3792 omnibus
2303 3737 2510 3790 crassis
2540 3745 2651 3789 tam
2684 3737 2851 3792 rebus
2871 3779 2886 3803 ,
2918 3751 3082 3807 quam
3117 3737 3412 3807 cogitatio-

1828 3830 1994 3885 nibus
2017 3841 2326 3898 expurgare
2347 3866 2362 3890 ,
2398 3835 2456 3879 ut
2487 3832 2603 3879 tota
2637 3827 2906 3880 translata
2937 3841 3169 3896 prorsus
3205 3829 3270 3882 ad
3307 3837 3412 3884 sta-

1829 3934 1944 3976 tum
1973 3962 1988 3987 ,
2020 3935 2182 3991 quem
2208 3919 2410 3974 mentis
2439 3918 2799 3990 intelligentia
2831 3920 3173 3990 percipimus
3193 3961 3206 3984 ,
3234 3930 3287 3976 et
3315 3924 3411 3992 qui

1830 4015 2074 4071 omnium
2115 4027 2429 4068 crassarum
2476 4028 2663 4067 rerum
2690 4021 2901 4082 {expers
2938 4020 3061 4078 est,
3100 4013 3412 4068 illustrissi-

1830 4121 1978 4163 mum
2031 4121 2095 4160 ex
2140 4120 2201 4160 se
2230 4104 2552 4175 primigenze
2593 4105 3023 4174 pulchritudinis
3053 4106 3413 4164 simulacrum

1829 4201 2045 4258 efﬁciat.
2071 4199 2247 4270 thue
2273 4197 2342 4263 is,
2369 4199 2460 4268 qui
2491 4198 2544 4252 in
2575 4198 2759 4252 tabula
2783 4198 3232 4269 picturamyidet
3256 4218 3416 4267 accu-

1831 4302 1951 4347 rate
1973 4290 2377 4347 conformatam
2408 4288 2475 4343 ad
2508 4290 2864 4360 archetypum
2887 4329 2902 4354 ,
2929 4307 3092 4345 unam
3123 4293 3414 4365 utriusque

1833 4385 2064 4440 formam
2098 4398 2223 4438 esse
2259 4381 2615 4451 pronuntiat,
2651 4382 2907 4450 imaginis
2943 4384 3410 4453 pulchritudinem

1758 4465 2002 4549 Dipsam
2061 4491 2184 4530 esse
2241 4475 2518 4545 archetypi
2571 4475 3034 4545 pulchritudinem
3089 4477 3303 4544 dicens,
3357 4489 3414 4535 et

1834 4573 2192 4644 archetypum
2246 4572 2299 4624 in
2358 4571 2655 4625 simulacro
2693 4572 2840 4626 clare
2893 4573 3138 4644 conspici
3173 4595 3185 4628 :
3218 4576 3410 4631 eodem

1835 4667 1995 4720 modo
2035 4665 2199 4720 etiam
2239 4665 2374 4726 lucc,
2403 4679 2524 4733 qum
2555 4665 2650 4724 ait.
2695 4663 2805 4735 Ego
2837 4677 3056 4736 cognato
3084 4686 3218 4734 meo,
3251 4681 3301 4724 et
3323 4689 3413 4725 co-

1831 4767 2023 4828 gnatus
2054 4773 2198 4809 meus
2226 4756 2353 4808 mihi
2373 4773 2391 4810 :
2418 4757 2878 4825 pulchritudinem
2916 4775 3071 4813 suam
3103 4765 3416 4818 conforma-

1832 4857 1942 4903 tam
1979 4848 2046 4902 ad
2072 4847 2278 4902 Christi
2307 4849 2591 4918 exemplar
2626 4849 2781 4912 dicit,
2812 4860 3169 4922 posteaquam
3203 4864 3415 4912 natura:

1835 4950 2040 4995 nostrze
2073 4940 2304 5010 primam
2352 4940 2746 4995 beatitudinem
2779 4945 3142 5013 recuperarit,
3181 4962 3302 5016 qua:
3345 4949 3415 5003 ad

1834 5033 2126 5101 imaginem
2175 5031 2706 5100 similitudinemque
2739 5033 3005 5102 principis
3037 5042 3092 5090 et
3117 5038 3293 5091 unicae
3323 5054 3418 5093 ve-

1834 5139 2018 5194 raeque
2047 5122 2474 5194 pulchritudinis
2513 5133 2705 5177 ornata
2733 5133 2872 5178 erat.
2916 5126 2995 5181 Ac
3017 5127 3184 5182 veluti
3217 5143 3418 5199 specu-

1834 5217 1947 5270 lum
2001 5215 2295 5269 artificiose
2339 5222 2394 5268 et
2443 5214 2508 5268 ad
2561 5230 2720 5268 usum
2780 5215 2977 5270 idonee
3016 5226 3416 5287 comparatum,

1835 5320 1972 5377 pura
2028 5306 2083 5358 in
2140 5305 2432 5374 superficie
2491 5303 2788 5359 incidentis
2841 5304 3001 5360 faciei
3041 5306 3418 5364 characterem

1835 5403 2094 5449 accurate
2142 5393 2312 5449 refert
2356 5412 2370 5448 :
2407 5393 2488 5449 sic
2532 5401 2890 5465 posteaquam
2940 5394 3120 5449 anima
3178 5397 3420 5466 seipsam

1833 5485 2034 5543 idonee
2081 5488 2443 5557 comparavit,
2491 5501 2821 5559 omnemque
2866 5491 2990 5542 vitae
3033 5489 3196 5557 hujus
3241 5491 3421 5545 labem

1835 5580 2036 5650 abjecit
2067 5599 2079 5634 :
2117 5596 2311 5660 puram
2358 5582 2694 5666 incorruptae
2723 5581 3150 5660 pulchritudinis
3177 5581 3421 5654 speciem
