1925 3112
197 119 267 148 1095

815 119 844 148 S.
863 117 1028 148 GREGOBII
1043 118 1192 148 NYSSENI

1758 119 1828 148 1096

196 177 358 212 sibinietipsi
376 177 519 213 imprimit.
537 177 629 211 Quare
647 177 758 205 verbum
776 177 828 204 hoc
841 185 855 204 a
874 177 982 212 speculo

1038 176 1151 211 ταύτην.
1162 178 1193 203 τὸ
1207 175 1396 212 προαιρετικόν
1412 184 1443 203 τε
1462 176 1510 203 καὶ
1528 175 1648 211 ῑμρωχον
1661 176 1829 212 κάτοπτρον,

196 224 244 251 illo
275 223 424 250 voluntatis
452 223 588 250 electione
611 222 726 258 praedito
757 227 839 258 atque
863 223 984 250 animato

196 270 354 307 profertur:
371 269 553 304 Posteaquam
576 273 633 296 toto
649 269 715 296 orbe
734 276 795 296 meo
816 269 926 304 cognati
943 269 984 296 [ο-

195 317 267 345 ciem
291 316 411 347 intueor.
433 323 483 351 per
511 316 563 343 hoc
584 315 674 350 ipsum
699 318 756 342 tota
780 315 876 342 formae
896 315 984 350 ipsius

195 367 329 392 venustas
344 363 371 390 in
387 370 431 390 me
442 362 625 397 conspicitur.
645 361 735 396 Atque
749 361 800 388 has
817 368 898 389 voces
912 360 982 388 Pau-

196 410 243 438 lu-s
266 409 391 436 imitatur
411 408 575 438 clarissime,
597 415 659 435 curn
675 407 714 434 ait
731 415 760 435 se
782 406 839 434 Deo
856 407 983 439 vivendo,

195 459 335 483 mortuum
353 453 455 481 mundo
470 453 571 481 factum
586 461 648 480 esse
666 462 672 480 :
688 453 832 487 solumque
844 452 984 479 Christum

196 502 225 529 in
243 509 274 530 se
287 501 377 528 vivere
389 500 422 528 “.
438 499 506 527 Nam
522 508 582 526 cum
596 500 673 530 dicit,
687 499 754 525 Mihi
767 500 849 525 virere
863 498 983 525 Christus

195 551 235 574 est
249 546 273 562 "
290 550 419 573 :tantum
447 552 501 572 non
524 545 624 571 clamat
650 545 682 571 iis
708 545 809 575 verbis.
838 545 939 570 nullam
958 545 984 571 in

196 593 258 627 ipso
271 591 444 618 adiectionem
458 591 606 618 humanam
625 598 801 625 crassamque
815 591 915 622 virere,
931 599 984 618 non

195 638 376 672 voluptatem,
392 644 447 664 non
467 636 600 667 dolorem.
625 645 678 663 non
701 637 779 667 iram,
798 645 852 663 non
872 641 983 669 uictum,

196 691 252 712 non
269 683 455 715 timiditatem,
477 690 530 709 non
554 683 775 717 trepidationem,
802 691 855 709 non
873 683 983 714 fastum,

195 736 251 757 non
279 728 434 761 audaciam,
465 722 519 755 non
544 728 706 761 injuriarum
735 734 855 755 tenacem
883 737 985 755 lllelno—

196 775 277 809 riam,
296 782 350 802 non
367 775 508 808 invidiam,
524 782 577 801 non
591 774 760 801 aﬂectionem
776 775 857 801 animi
875 774 907 801 ad
925 776 984 802 vin-

195 820 310 852 dictam,
331 828 387 847 non
409 820 565 851 avaritiam,
593 828 645 846 non
669 820 792 851 honoris,
818 828 871 846 non
892 821 985 855 gloria:

196 866 350 899 libidinem,
382 873 438 894 non
461 866 610 901 quidquam
638 874 744 899 eorum,
775 874 836 901 qum
862 867 984 893 animum

196 912 314 947 quadam
334 919 399 947 erga
415 919 446 940 se
460 911 603 939 aﬂ'ectione
619 912 754 946 polluunt,
770 912 817 939 sed
839 912 915 940 solus
932 912 985 946 (in—

193 958 267 994 quit)
299 958 345 987 ille
372 958 440 986 mihi
466 962 609 993 superest,
638 959 683 994 qui
711 959 778 985 nihil
805 963 846 986 est
875 959 983 985 horum.

195 1004 304 1033 Etenim
340 1004 449 1032 abrasis
476 1000 554 1039 quasi
586 1005 713 1039 poliendo
742 1005 894 1036 universis,
924 1011 984 1038 quse

196 1051 284 1087 ipsius
299 1051 327 1078 in
345 1054 471 1078 naturam
490 1058 545 1077 non
561 1052 676 1081 cadunt.
699 1051 764 1077 nihil
780 1051 807 1077 in
822 1058 865 1077 me
885 1050 982 1081 habeo,

196 1097 270 1133 quod
286 1104 341 1125 non
358 1097 385 1124 in
403 1097 464 1132 ipso
478 1097 514 1124 sit
535 1107 541 1124 :
559 1105 644 1131 eaque
660 1097 693 1124 de
708 1105 790 1123 causa
810 1098 875 1123 mihi
892 1098 984 1123 vivere

194 1143 324 1171 Christus
330 1146 383 1175 est.
391 1143 444 1176 vel,
453 1147 481 1170 ut
487 1150 587 1178 sponsa
595 1143 656 1177 loqu
662 1143 725 1173 itur,
737 1142 791 1177 Ego
798 1147 907 1176 cognato
916 1151 981 1174 meo,

194 1193 220 1217 et
236 1194 365 1224 cognatus
381 1197 454 1216 meus
469 1189 544 1221 mihi,
562 1189 608 1223 qui
623 1193 665 1215 est
685 1188 877 1220 sanctiﬁcatio,
891 1193 917 1215 et
933 1197 983 1222 pu-

195 1235 275 1268 ritas,
291 1240 319 1263 et
340 1234 545 1266 immortalitas,
566 1239 593 1261 ct
609 1235 743 1266 luuien,et
758 1235 869 1266 veritas,
892 1239 917 1260 ιιι
936 1234 983 1260 llll-

194 1281 314 1318 szmodi
336 1281 399 1314 alia,
416 1288 584 1317 quaecunque
603 1282 720 1308 animam
745 1289 830 1307 meam
854 1285 981 1314 pascunt,

195 1334 252 1355 non
267 1327 295 1354 in
319 1327 444 1362 gramine
457 1327 498 1354 vel
520 1326 656 1361 virgultis,
672 1326 718 1353 sed
738 1326 764 1352 in
791 1326 982 1360 splendoribus

195 1378 367 1402 sanctorum.
381 1372 511 1401 Liliorum
523 1374 594 1400 enim
606 1377 702 1399 natura
712 1380 773 1399 cum
785 1373 877 1399 colore
891 1374 982 1407 splen—

193 1419 261 1447 dido
284 1420 320 1447 sit
342 1424 450 1453 ornata,
467 1419 624 1455 hujusmodi
649 1419 793 1457 quamdam
817 1420 981 1446 sententiam

194 1465 294 1493 horum
309 1465 454 1493 verborum
479 1473 541 1493 esse
557 1465 702 1499 signiﬁcat.
728 1466 821 1500 Itaque
838 1470 980 1500 propterea

193 1519 303 1548 gregem
323 1520 403 1539 suum
418 1511 445 1539 in
463 1516 539 1547 prata
556 1512 674 1538 liliorum
691 1512 776 1543 ducit,
789 1512 834 1546 qui
848 1513 935 1547 pascit
953 1512 979 1538 in
997 1527 1018 1555 ο

195 1558 271 1590 liliis,
287 1562 315 1585 ut
330 1558 365 1585 sit
376 1556 500 1591 splendor
514 1557 620 1584 Domini
636 1558 684 1584 Dei
700 1558 783 1584 nostri
798 1566 875 1592 super
890 1567 936 1584 nos
948 1559 981 1584 τ’.

194 1602 262 1631 Nam
282 1603 355 1639 quod
379 1603 472 1635 alitur,
490 1604 603 1630 omnino
620 1603 652 1629 ad
666 1603 726 1637 ejus
741 1604 858 1637 speciem
873 1611 983 1638 compa-

195 1654 282 1683 ratur,
303 1658 359 1685 quo
375 1650 497 1678 vescitur
528 1649 563 1676 Ut
584 1650 647 1684 quis
664 1650 750 1684 (luliet
771 1650 842 1677 etiiui
867 1650 918 1676 hoc
939 1658 984 1676 διι-

192 1695 280 1729 more)
295 1702 344 1723 vas
360 1694 498 1730 quoddam
516 1703 668 1722 concavum
691 1703 705 1722 e
726 1696 796 1722 vitro
813 1695 912 1721 factum
933 1695 982 1721 ha-

192 1742 270 1773 heat,
295 1742 324 1769 in
350 1742 424 1777 quod
447 1741 470 1769 si
495 1741 560 1776 quid
587 1741 735 1775 injiciatur,
762 1741 925 1775 pellucidum
948 1741 983 1767 sit

190 1787 340 1824 {quidquid
368 1787 479 1815 tandem
506 1787 598 1819 fuerit,
624 1787 682 1814 sive
707 1786 814 1822 fuligo],
839 1787 896 1814 sive
918 1787 983 1821 quid

193 1841 294 1869 purum
309 1837 338 1861 et
357 1832 541 1868 splendidum.
559 1833 652 1868 Itaque
665 1833 711 1867 qui
726 1833 842 1859 liliorum
857 1834 983 1867 splendo-

193 1887 253 1908 rem
281 1879 382 1907 animis
411 1879 493 1911 indit,
522 1879 603 1906 etiam
636 1879 742 1906 animas
773 1879 846 1913 ipsas
877 1887 924 1913 per
952 1888 983 1906 ca

194 1925 354 1962 splendidas
369 1925 462 1953 reddit
477 1935 484 1952 :
497 1925 583 1952 indita
606 1926 651 1952 illa
666 1925 757 1959 specie
779 1926 931 1959 pellucente
949 1926 983 1953 ad

191 1971 342 1999 exteriora.
357 1970 393 1998 Ut
411 1974 502 1999 autem
519 1971 653 1998 illustrior
665 1971 754 1997 adhuc
771 1971 807 1997 sit
819 1978 928 2002 sensus,
943 1972 984 1998 di-

193 2017 283 2045 cimus
309 2025 358 2053 per
384 2017 502 2044 virtutes
528 2017 648 2043 animum
675 2017 760 2051 pasci,
784 2017 839 2043 lilia
867 2025 931 2044 vero
957 2018 983 2044 in

193 2064 339 2099 aenigmate
355 2063 473 2092 virtutes
497 2063 628 2098 appellari
647 2072 652 2090 :
669 2064 770 2098 quibus
786 2065 831 2098 qui
855 2070 929 2091 recta
946 2065 984 2090 ri-

192 2109 275 2137 rendi
296 2109 405 2137 ratione
423 2109 540 2137 satiatus
555 2113 608 2141 est.
628 2109 650 2135 is
665 2110 718 2135 vita
736 2116 786 2136 sua
803 2109 983 2143 conspicuum

192 2163 224 2183 se
253 2155 353 2187 reddit,
374 2155 439 2183 dum
467 2156 591 2182 moribus
620 2155 677 2182 suis
704 2155 851 2188 cujuslibet.
874 2155 983 2181 virtutis

1035 222 1190 259 ὃτιἘπειδὴ
1199 222 1238 258 τῷ
1249 222 1340 258 κύκλῳ
1354 222 1410 257 ἐγὼ
1419 222 1472 258 ὅλῳ
1484 222 1514 249 τδ
1528 222 1574 249 τοῦ
1588 222 1732 257 ἀδελφιδοῦ
1744 223 1831 259 πρόσ-

1035 276 1109 295 ωπον
1125 268 1232 303 βλέπω·
1255 267 1299 295 διὰ
1312 268 1392 295 τοῦτο
1406 268 1467 295 ὅλον
1483 268 1532 303 τῆς
1549 269 1653 295 ὲκεϊνου
1672 269 1786 304 μορφῆς
1800 268 1832 295 τὸ

1035 314 1131 346 κάλλος
1143 315 1172 341 ιν
1186 314 1248 350 ἐμοὶ
1260 314 1421 350 καθορᾶται.
1434 314 1543 346 Ταύτας
1552 314 1682 350 ἄντικρυς
1700 316 1831 350 μιμεῖται

1034 359 1083 392 τὰς
1099 360 1190 395 φωνὰς
1199 360 1213 386 ὸ
1224 359 1339 392 Παῦλος,
1357 359 1443 394 λέγων
1453 359 1493 395 τῷ
1503 359 1563 394 Θεῷ
1575 359 1635 395 ζῇν,
1645 360 1659 385 6
1673 359 1776 394 νεκρὸς
1792 359 1834 394 τῷ

1035 406 1129 441 κόσμῳ
1143 405 1297 441 γενόμενος,
1311 405 1358 432 καὶ
1374 406 1417 432 ὃτι
1433 407 1462 432 ὲν
1474 404 1550 439 αὐτῷ
1559 405 1591 441 ζῇ
1609 406 1624 432 ὁ
1637 406 1760 441 Χριστὸς
1781 405 1834 441 μό-

1035 459 1089 483 νος.
1109 451 1139 477 ’0
1150 451 1205 486 γὰρ
1216 450 1309 483 εἰπὼν,
1324 452 1365 477 ὅτι
1382 450 1466 485 Ἐμοὶ
1474 451 1507 477 τὸ
1518 450 1573 485 ζῇν
1585 452 1714 485 Χριστός
1723 460 1731 467 ·
1749 451 1835 479 ταῦτα

1035 497 1079 524 διὰ
1092 498 1139 524 τοῦ
1155 497 1232 530 λόγου
1247 497 1306 532 βοᾷ,
1321 498 1361 524 ὅτι
1378 497 1454 523 οὐδὲν
1468 497 1521 524 τῶν
1539 497 1716 533 ἀνθρωπίνων
1735 507 1769 525 τε
1783 499 1834 526 καὶ

1037 545 1138 571 ὒλικῶν
1153 544 1322 579 παθημάτων
1334 544 1363 570 ἐν
1375 544 1449 579 αὐτῷ
1461 543 1506 579 ζῇ,
1519 543 1581 570 οὗτε
1595 545 1687 580 ἡδονὴ,
1699 544 1769 571 οὔτε
1784 544 1834 571 λύ-

1036 604 1084 629 πη,
1102 594 1163 621 οὔτε
1178 594 1273 628 θυμὸς,
1289 593 1349 619 οὔτε
1366 592 1457 627 φόϐος,
1478 592 1539 619 οὕτε
1551 592 1643 623 δειλία,
1655 591 1717 619 οὔτε
1740 592 1833 627 πτόη-

1037 650 1088 673 σις,
1104 640 1166 666 οὔτε
1181 640 1273 675 τύφος,
1283 639 1343 666 οὕτε
1356 639 1465 674 θράσος,
1477 639 1508 665 οὐ
1522 638 1701 674 μνησικακία,
1715 638 1751 665 οὗ
1769 638 1834 673 φθό-

1036 696 1090 719 νος,
1103 687 1152 713 οὐκ
1165 686 1302 721 ἁμυντική
1316 694 1358 716 τις
1368 685 1497 715 διάθεσις,
1510 684 1539 710 οὺ
1553 683 1770 719 φιλοχρηματία.
1780 683 1834 710 οὒκ

1036 734 1098 760 ἄλλο
1118 742 1144 759 τι
1160 732 1213 758 τῶν
1233 732 1282 767 τὴν
1296 731 1384 766 ψυχὴν
1398 730 1442 757 διά
1461 739 1532 762 τινος
1547 730 1663 766 σχέσεως
1684 729 1834 765 κηλιδοΰνο

1035 786 1102 804 των·
1123 778 1181 804 ἀλλ’
1203 777 1304 809 ἐκεῖνός
1320 786 1364 812 μοι
1385 778 1465 812 μόνος
1484 776 1567 807 ἐστὶν,
1588 775 1616 806 ὃς
1633 775 1709 802 οὐδὲν
1720 774 1833 801 τούτων

1036 824 1102 850 ἐστί.
1120 825 1177 850 Πᾶν
1196 824 1250 858 γὰρ
1262 824 1292 850 τὸ
1304 824 1356 855 ἔξω
1370 824 1418 858 τῆς
1429 823 1533 849 ἐκείνου
1546 821 1652 856 φύσεως
1666 821 1833 857 θεωρούμε-

1037 879 1082 896 νον
1097 869 1316 905 ὰποξυσάμενος,
1340 869 1415 896 οὐδὲν
1434 869 1488 904 ἔχω
1508 869 1538 894 ὲν
1559 867 1669 903 ἐμαντῷ
1694 866 1831 899 τοιοῦτον,

1037 914 1091 943 οἷον
1105 918 1133 943 ὲν
1149 917 1245 951 ἐκείνῳ
1254 917 1304 943 οὑκ
1317 915 1389 942 ἐστιν
1402 924 1409 930 ⁵
1429 912 1460 941 οὗ
1471 915 1561 950 χάριν,
1578 914 1639 949 ἐμοὶ
1647 913 1678 940 τὺ
1692 913 1746 949 ζῇν
1761 911 1833 949 X9:-

1038 963 1099 994 στός
1111 970 1118 977 ·
1138 963 1153 997 ἢ
1171 962 1259 993 καθὼς
1283 963 1299 997 ἡ
1318 962 1411 997 νύμφη
1423 969 1429 976 ο
1453 960 1524 995 Ἐγὼ
1539 959 1579 991 τῷ
1591 958 1740 993 ἀδελφιδῷ
1754 967 1832 993 μου,

1037 1009 1086 1036 καὶ
1103 1010 1119 1035 ό
1135 1009 1296 1043 ἀδελφιδός
1315 1018 1374 1043 μου
1391 1008 1457 1042 ἐμοι
1468 1015 1476 1023 ·
1499 1007 1513 1033 ὅ
1525 1007 1599 1033 ἐστιν
1615 1005 1765 1040 ἁγιασμὸς,
1782 1005 1833 1032 καὶ

1037 1055 1201 1090 καθαρότης,
1213 1055 1259 1081 καὶ
1270 1055 1419 1089 ἀφθαρσια,
1437 1054 1484 1080 καὶ
1498 1053 1566 1088 φῶς,
1582 1052 1628 1078 καὶ
1642 1051 1769 1086 ἀλήθεια,
1782 1051 1833 1077 καὶ

1036 1101 1070 1127 τὰ
1093 1101 1224 1133 τοιαῦτα,
1248 1102 1297 1128 ὅσα
1324 1101 1462 1136 ποιμαίνει
1490 1100 1539 1134 τὴν
1562 1098 1631 1134 ἐμὴν
1653 1098 1754 1133 ψυχὴν.
1779 1097 1832 1124 οὔκ

1037 1148 1065 1174 ὲν
1079 1148 1185 1181 χόρτοις
1206 1147 1276 1172 τισὶν
1290 1147 1306 1181 ἢ
1329 1147 1477 1182 φρυγάνοις
1489 1165 1496 1177 ,
1512 1144 1570 1172 ἀλλ’
1584 1146 1612 1171 ὲν
1627 1145 1687 1176 ταῖς
1699 1143 1827 1179 upupa.

1035 1201 1098 1227 τησι
1111 1192 1165 1218 τῶν
1177 1193 1261 1225 ἁγίων
1274 1200 1280 1206 “
1296 1193 1312 1226 ἡ
1326 1192 1379 1227 γὰρ
1393 1192 1447 1218 τῶν
1461 1191 1561 1226 κρίνων
1576 1190 1656 1225 φύσις
1668 1191 1698 1216 ὲν
1707 1189 1745 1224 τῷ
1757 1189 1831 1225 λαμ-

1036 1238 1097 1273 πρῷ
1112 1238 1162 1272 τῆς
1175 1238 1299 1272 εὑχροίας
1310 1237 1412 1273 ταύτην
1427 1237 1615 1264 ὑπαινίσσεται
1625 1237 1692 1271 ἡμῖν
1708 1236 1759 1272 τὴν
1769 1235 1830 1262 διά-

1036 1292 1118 1310 νοιαν.
1130 1283 1233 1309 Οὐκοῦν
1243 1283 1287 1309 διὰ
1296 1282 1374 1309 τοῦτο
1385 1283 1430 1309 ἐπὶ
1444 1284 1506 1314 τοὺς
1516 1282 1650 1317 λειμῶνας
1659 1281 1715 1308 τῶν
1727 1281 1831 1315 κρίνων

1036 1330 1096 1364 ἄγει
1106 1329 1135 1355 τὸ
1146 1329 1242 1355 ἑαυτοῦ
1256 1329 1381 1363 ποίμνιον
1410 1329 1424 1354 ὁ
1435 1330 1463 1354 ὲν
1473 1330 1528 1359 τοῖς
1539 1328 1643 1363 κρίνοις
1654 1327 1810 1362 ποιμαίνων
1820 1333 1829 1340 ·

1036 1377 1085 1402 ἵνα
1093 1376 1212 1410 γένηται
1219 1376 1238 1408 ἠ
1247 1375 1422 1410 λαμπρότης
1432 1377 1541 1408 Κυρίου
1548 1375 1600 1401 τοῦ
1609 1373 1681 1401 Θεοῦ
1689 1373 1776 1408 ἡμῶν
1782 1373 1832 1407 ἐφ’

1036 1422 1124 1457 ἡμᾶς.
1145 1422 1190 1457 Τῷ
1200 1422 1254 1457 γὰρ
1269 1422 1334 1448 εἴδει
1348 1421 1397 1456 τῆς
1410 1421 1527 1457 τροφῆς,
1548 1420 1743 1446 συνδιατίθεται
1759 1419 1831 1446 πάν.

1035 1477 1088 1499 τως
1109 1469 1154 1495 καὶ
1168 1469 1198 1495 τὸ
1212 1469 1387 1503 τρεφόμενον.
1422 1466 1483 1493 Οἷόν
1500 1472 1525 1493 τι
1539 1467 1625 1501 λέγω·
1654 1467 1746 1493 Ἔστω
1765 1466 1828 1494 καθ⁶

1036 1515 1163 1541 ὑπόθεσιν
1180 1515 1267 1540 κοῖλόν
1285 1523 1311 1540 τι
1325 1514 1421 1546 σκεῦος
1434 1514 1464 1546 ἐξ
1477 1513 1564 1544 ὑέλου,
1577 1515 1606 1540 ἐν
1621 1509 1643 1546 ᾧ
1657 1514 1712 1539 πᾶν
1725 1513 1755 1540 τὺ
1764 1512 1830 1548 βαλ-

1034 1561 1146 1596 λόμενον
1163 1561 1229 1595 ei’q',
1239 1560 1292 1586 εἴτε
1315 1568 1341 1586 τι
1357 1560 1411 1586 τῶν
1428 1559 1555 1594 καθαρῶν
1571 1568 1601 1586 τε
1618 1559 1666 1586 καὶ
1679 1559 1828 1595 λαμπρῶν.

1035 1605 1138 1632 Οὐκοῦν
1147 1605 1198 1640 τὴν
1215 1604 1394 1639 Ααμπρότητα
1410 1603 1464 1629 τῶν
1483 1602 1583 1639 κρίνων
1598 1603 1658 1634 ταῖς
1670 1602 1772 1637 ψυχαῖς
1784 1602 1828 1629 ὲν-

1034 1650 1128 1682 τιθεὶς,
1149 1650 1277 1685 λαμπρὰς
1293 1649 1325 1675 δι’
1349 1649 1439 1675 αὐτῶν
1457 1649 1507 1680 τὰς
1521 1648 1611 1683 ψυχὰς
1627 1647 1829 1683 ἀπεργάζεται,

1034 1696 1241 1731 διαφαινομένου
1258 1696 1304 1722 τοῦ
1322 1696 1482 1731 ἐγκειμένου
1506 1695 1593 1726 εἴδους
1606 1695 1652 1721 ἐπὶ
1664 1694 1694 1720 τὺ
1715 1694 1829 1727 ἔξωθεν.

1040 1742 1083 1773 Ὠς
1099 1742 1127 1768 δὲ
1139 1742 1171 1768 ἂν
1179 1742 1247 1778 πρὸς
1258 1742 1287 1768 τὸ
1301 1742 1466 1778 σαφέστερον
1479 1742 1544 1776 ἡμῖν
1558 1741 1706 1777 προαχθείη
1723 1741 1754 1767 τὺ
1764 1741 1832 1776 νόη-

1038 1797 1076 1823 μα
1092 1788 1181 1819 τοῦτο,
1197 1788 1296 1823 φαμὲν,
1322 1788 1362 1814 ὅτι
1378 1787 1508 1822 τρέφεται
1527 1787 1576 1821 μὲν
1587 1787 1604 1822 ὴ
1621 1786 1695 1822 ψυχὴ
1710 1786 1756 1813 διὰ
1771 1785 1831 1812 τῶν

1034 1835 1149 1869 ἀρετῶν,
1159 1835 1239 1869 κρίνα
1252 1834 1280 1861 δὲ
1292 1834 1472 1869 κατονομάζει
1483 1834 1531 1865 τὰς
1545 1833 1646 1869 ἀρετὰς
1659 1833 1693 1859 δι’
1703 1832 1832 1867 αἰνίγμα-

1033 1889 1093 1912 τος”
1104 1877 1142 1907 ὧν
1152 1880 1165 1905 ὁ
1179 1880 1222 1906 διὰ
1238 1880 1287 1915 τῆς
1303 1880 1408 1914 ἀγαθῆς
1422 1879 1561 1910 πολιτείας
1576 1877 1753 1914 ἐμφορηθεὶς,
1763 1877 1830 1905 ἑπε-

1033 1927 1112 1961 δηλον
1132 1926 1227 1952 ἑαυτὸν
1243 1927 1326 1957 ποιεῖ,
1342 1925 1386 1952 διὰ
1401 1925 1449 1951 τοῦ
1470 1925 1528 1960 βίου
1549 1924 1668 1960 ἑκάστης
1681 1923 1786 1959 ἀρετῆς
1798 1922 1831 1950 τὸ

1034 1971 1104 2003 εἶδος
1122 1972 1167 1998 διὰ
1177 1971 1223 1998 τοῦ
1238 1971 1320 2007 ἤθους
1334 1970 1563 2006 ἐπιδεικνύμενος.
1580 1970 1671 1996 Ἔστω
1681 1970 1723 1996 σοὶ
1735 1968 1830 2005 κρίνον

1034 2018 1153 2053 καθαρὸν
1166 2019 1184 2053 ἡ
1199 2017 1358 2053 σωφροσύνη
1372 2025 1402 2044 τε
1419 2017 1465 2043 καὶ
1476 2015 1640 2050 δικαιοσύνη,
1657 2015 1704 2042 καὶ
1719 2014 1829 2051 ἀνδρια,

1034 2064 1081 2090 καὶ
1098 2064 1239 2098 φρόνησις,
1257 2064 1303 2089 καὶ
1319 2064 1368 2089 ὅσα
1387 2063 1468 2098 φησὶν
1488 2062 1648 2093 ’Δπὸστολος
1661 2060 1762 2096 ἀληθῆ,
1777 2061 1829 2088 δοκι

1035 2111 1130 2144 σεμνὰ.
1145 2111 1196 2136 ὅσα
1213 2109 1360 2144 προσφιλῆ,
1376 2110 1426 2135 ὃσα
1447 2108 1549 2141 δίκαια,
1564 2108 1614 2134 ὅσα
1629 2107 1705 2141 ἅγια,
1720 2107 1770 2133 ὅσα
1786 2104 1830 2132 εὖ·

1034 2163 1128 2190 φημα·
1147 2156 1173 2181 εἴ
1188 2163 1229 2186 τις
1244 2155 1339 2190 ἀρετὴ,
1354 2155 1401 2181 καὶ
1418 2155 1444 2181 et
1459 2163 1500 2186 τις
1517 2154 1637 2186 ἔπαινος.
1665 2152 1760 2179 Ταῦτα
1772 2151 1828 2187 γὰρ

192 2201 312 2236 speciem
332 2200 472 2236 exprimit.
497 2200 660 2227 Existimato
687 2208 783 2235 purum
809 2208 869 2228 esse
895 2201 980 2228 lilium

1036 2201 1120 2227 πάντα
1135 2200 1208 2231 ἐντὸς
1229 2199 1278 2234 τῆς
1295 2199 1384 2235 ψυχῆς
1400 2200 1531 2236 γενόμενα
1545 2199 1583 2235 τῷ
1599 2198 1712 2234 καθαρῷ
1730 2197 1829 2225 διαδεί-

192 2246 366 2279 niodestiam,
379 2246 563 2281 etjustitiam,
573 2251 599 2274 et
614 2246 813 2278 fortitudinem.
825 2252 851 2273 et
863 2247 981 2281 pruden-

192 2293 270 2325 tiam,
293 2296 319 2320 et
341 2300 511 2328 quaecunque
535 2300 598 2319 vera
616 2295 691 2323 sunt,
715 2298 743 2319 ut
764 2293 802 2318 ait
820 2292 981 2326 Apostolus.

191 2345 362 2373 quaecunque
392 2337 519 2368 honesta,
540 2344 714 2371 quaecunque
742 2337 881 2368 amabilia,
908 2345 982 2372 qum-

190 2392 301 2419 curtque
323 2385 408 2419 juﬂa,
434 2391 604 2419 quaecunque
631 2384 694 2410 boni
720 2384 862 2411 nominis:
885 2384 906 2411 si
928 2392 981 2418 qua

191 2431 291 2462 virtus,
308 2431 332 2458 si
352 2439 408 2466 qua
428 2431 488 2458 laus
499 2431 532 2456 τ’.
560 2430 627 2456 Nam
648 2430 703 2456 haec
726 2430 817 2456 omnia
835 2435 979 2464 postquam

191 2477 220 2505 in
242 2477 364 2504 animum
379 2479 570 2511 penetrarunt,
598 2482 645 2509 per
659 2475 741 2501 vitam
757 2482 852 2509 puram
869 2475 979 2502 deinon-

191 2529 342 2552 strantur:
369 2524 505 2559 simulque
531 2527 631 2549 ornant
661 2523 747 2554 illiilli,
768 2522 813 2557 qui
842 2530 870 2548 ea
892 2522 1024 2553 continet,

190 2569 376 2603 Quamobrem
418 2577 469 2602 ea,
497 2577 557 2604 quae
579 2574 663 2595 totam
690 2575 719 2594 se
744 2573 860 2601 cognato
880 2567 1010 2598 tradidit,

1035 2255 1129 2272 κνυται
1150 2245 1213 2280 βίῳ,
1239 2246 1444 2278 καλλωπίζοντα
1460 2254 1490 2272 τε
1511 2246 1556 2272 τὸν
1573 2245 1755 2280 περιέχοντα,
1778 2243 1828 2271 καὶ

1034 2292 1102 2318 αὐτὰ
1124 2292 1167 2318 διὰ
1182 2291 1228 2317 τοῦ
1254 2292 1442 2327 εἰσδεξαμένου
1458 2290 1693 2326 καλλωπιζόμενα.
1717 2290 1751 2317 Ἦ
1770 2290 1828 2317 τοι-

1035 2346 1082 2364 νυν
1096 2337 1226 2364 ἀναθεῖσα
1234 2338 1336 2372 ἑαυτὴν
1349 2338 1387 2373 τῷ
1404 2337 1547 2372 ἀδελφιδῷ.
1566 2338 1612 2363 καὶ
1626 2335 1763 2371 δεξαμένη
1777 2335 1825 2362 τοῦ

1034 2383 1222 2418 ἀγαπηθέντος
1233 2383 1263 2409 τδ
1273 2383 1371 2414 κάλλος
1385 2384 1413 2409 ἐν
1426 2385 1459 2419 τῇ
1473 2383 1525 2419 ὶδιᾳ
1537 2384 1627 2418 μορφῇ
1639 2391 1646 2398 ·
1663 2382 1728 2409 οἵων
1736 2381 1827 2415 ἀξιοῦ-

1038 2438 1082 2455 ται
1100 2428 1175 2463 παρὰ
1192 2428 1238 2454 τοῦ
1252 2428 1314 2458 τοὺς
1325 2429 1498 2461 ’δοξάζοντος
1526 2429 1688 2464 ἀκούσωμεν
1708 2428 1754 2455 διὰ
1774 2427 1827 2463 τῆς

1035 2474 1217 2509 προκειμένης
1233 2476 1289 2505 τοῖς
1307 2475 1426 2510 ῥήμασιν
1438 2474 1607 2506 ἀκολουθίας.

1042 2527 1068 2548 et
1090 2521 1147 2556 ipsa
1173 2519 1239 2555 quid
1272 2522 1424 2548 ornamenti
1453 2528 1468 2547 a
1494 2522 1651 2550 continente
1674 2522 1824 2557 accipiunt.

1029 2567 1111 2601 inque
1147 2566 1233 2592 forma
1261 2572 1311 2593 sua
1332 2566 1424 2593 dilecti
1448 2566 1682 2601 pulchritudinem
1698 2567 1824 2602 recepit;

190 2617 283 2652 qualia
306 2620 492 2652 consequatur
517 2616 552 2643 ab
579 2615 642 2646 illo,
674 2613 720 2648 qui
750 2614 936 2649 gloriﬁcantes
959 2621 988 2641 se
1008 2612 1151 2647 gloriﬁcat,
1173 2612 1317 2640 audiamus
1343 2613 1371 2640 in
1392 2613 1437 2644 iis,
1459 2621 1520 2648 qua:
1543 2614 1676 2641 hactenus
1696 2614 1825 2642 indicatis

189 2663 289 2691 ordine
301 2660 427 2698 proxima
445 2667 520 2689 sunt.

227 2707 318 2743 lnquit
333 2708 406 2736 enim
434 2707 467 2735 ad
487 2715 615 2742 sponsam
637 2706 756 2734 Verbum
773 2715 778 2732 :
798 2705 915 2732 Pulchra
939 2713 977 2736 es,

188 2754 316 2790 ’νοτίοιο
334 2761 402 2787 mea,
420 2754 488 2781 sicut
501 2754 558 2788 ipsa
572 2753 766 2783 benevolentia;
781 2752 899 2786 formosa
911 2751 978 2778 sicut

1066 2704 1134 2739 Φησὶ
1149 2703 1204 2738 γὰρ
1220 2704 1289 2739 πρὸς
1301 2704 1351 2740 τὴν
1367 2704 1477 2741 νύμφην
1490 2706 1505 2732 ὁ
1519 2706 1605 2740 Λόγος
1616 2715 1623 2722 ·
1646 2706 1732 2740 Καλὴ
1751 2705 1789 2738 εἴ.
1804 2706 1823 2740 ἠ

1032 2749 1166 2784 πλησίον
1182 2757 1254 2784 μου,
1277 2749 1318 2783 ὠς
1336 2749 1476 2777 εὐδοκία·
1501 2751 1593 2786 ὡραία
1618 2751 1659 2785 ὡς
1679 2751 1824 2786 Ἰερουσα-

228 2842 251 2858 "
266 2840 353 2870 Gulat.
372 2851 397 2873 v.
424 2842 467 2875 19,
483 2842 528 2870 20.
567 2842 590 2858 "
615 2841 732 2877 Philipp.
762 2850 780 2875 ι,
803 2841 847 2868 21.
887 2841 907 2858 ⁷³
923 2841 995 2869 Psal.
1012 2849 1122 2874 Luxu,
1148 2840 1191 2868 17.
1230 2841 1253 2857 ’ί
1269 2839 1386 2877 Philipp.
1404 2849 1440 2874 tv,
1457 2841 1484 2869 8.
