  <div class='ocr_page' id='page_1' title='image "/cluster/home/n/w/nwhite01/storage/ocr_20150623/44/nnc1.0037127462/561.png"; bbox 0 0 3850 6224; ppageno 0'>
   <div class='ocr_carea' id='block_1_1' title="bbox 452 349 2065 413">
    <p class='ocr_par' dir='ltr' id='par_1_1' title="bbox 452 350 2065 413">
     <span class='ocr_line' id='line_1_1' title="bbox 452 350 2065 413; baseline -0.002 0"><span class='ocrx_word' id='word_1_1' title='bbox 452 356 589 413; x_wconf 69' lang='grc'><strong>1099</strong></span> <span class='ocrx_word' id='word_1_2' title='bbox 1699 352 1758 410; x_wconf 88' lang='lat' dir='ltr'><strong>S.</strong></span> <span class='ocrx_word' id='word_1_3' title='bbox 1816 350 2065 409; x_wconf 78' lang='lat' dir='ltr'><strong>GREGO]</strong></span> 
     </span>
    </p>
   </div>
   <div class='ocr_carea' id='block_1_2' title="bbox 2179 349 3747 413">
    <p class='ocr_par' dir='ltr' id='par_1_2' title="bbox 2184 351 3747 412">
     <span class='ocr_line' id='line_1_2' title="bbox 2184 351 3747 412; baseline 0.003 -4"><span class='ocrx_word' id='word_1_4' title='bbox 2184 351 2479 409; x_wconf 78' lang='lat' dir='ltr'><strong>NYSSENI</strong></span> <span class='ocrx_word' id='word_1_5' title='bbox 3190 408 3193 409; x_wconf 65' lang='lat'>,</span> <span class='ocrx_word' id='word_1_6' title='bbox 3586 358 3614 412; x_wconf 79' lang='grc' dir='ltr'><strong>Ι</strong></span> <span class='ocrx_word' id='word_1_7' title='bbox 3634 359 3655 411; x_wconf 76' lang='lat' dir='ltr'><strong>l</strong></span> <span class='ocrx_word' id='word_1_8' title='bbox 3666 357 3747 412; x_wconf 78' lang='lat'><strong>00</strong></span> 
     </span>
    </p>
   </div>
   <div class='ocr_carea' id='block_1_3' title="bbox 517 460 2065 541">
    <p class='ocr_par' dir='ltr' id='par_1_3' title="bbox 517 466 2065 540">
     <span class='ocr_line' id='line_1_3' title="bbox 517 466 2065 540; baseline -0.002 -17"><span class='ocrx_word' id='word_1_9' title='bbox 517 467 651 536; x_wconf 78' lang='lat' dir='ltr'><strong>Qiue</strong></span> <span class='ocrx_word' id='word_1_10' title='bbox 670 474 850 523; x_wconf 88' lang='lat' dir='ltr'><strong>autem</strong></span> <span class='ocrx_word' id='word_1_11' title='bbox 882 472 1210 539; x_wconf 86' lang='lat' dir='ltr'><strong>sequuntur,</strong></span> <span class='ocrx_word' id='word_1_12' title='bbox 1236 474 1291 523; x_wconf 92' lang='lat' dir='ltr'><strong>et</strong></span> <span class='ocrx_word' id='word_1_13' title='bbox 1320 467 1439 540; x_wconf 89' lang='lat' dir='ltr'><strong>ipsa</strong></span> <span class='ocrx_word' id='word_1_14' title='bbox 1467 481 1684 539; x_wconf 71' lang='lat' dir='ltr'><strong>sponsa:</strong></span> <span class='ocrx_word' id='word_1_15' title='bbox 1708 466 2020 522; x_wconf 88' lang='lat' dir='ltr'><strong>encomium</strong></span> <span class='ocrx_word' id='word_1_16' title='bbox 2054 507 2065 531; x_wconf 49' lang='grc' dir='ltr'><strong><em>λ</em></strong></span> 
     </span>
    </p>
   </div>
   <div class='ocr_carea' id='block_1_4' title="bbox 2179 460 3743 541">
    <p class='ocr_par' dir='ltr' id='par_1_4' title="bbox 2198 460 3743 541">
     <span class='ocr_line' id='line_1_4' title="bbox 2198 460 3743 541; baseline 0 -20"><span class='ocrx_word' id='word_1_17' title='bbox 2198 466 2301 521; x_wconf 79' lang='grc' dir='ltr'><strong>Τὸν</strong></span> <span class='ocrx_word' id='word_1_18' title='bbox 2328 468 2385 521; x_wconf 79' lang='grc' dir='ltr'>δὲ</span> <span class='ocrx_word' id='word_1_19' title='bbox 2419 466 2615 539; x_wconf 76' lang='grc' dir='ltr'>ἑφεξῆς</span> <span class='ocrx_word' id='word_1_20' title='bbox 2648 466 2804 538; x_wconf 88' lang='grc' dir='ltr'>λόγον</span> <span class='ocrx_word' id='word_1_21' title='bbox 2835 466 3108 538; x_wconf 75' lang='grc' dir='ltr'>ἐγκώμιον</span> <span class='ocrx_word' id='word_1_22' title='bbox 3142 468 3242 539; x_wconf 78' lang='grc' dir='ltr'>μὲν</span> <span class='ocrx_word' id='word_1_23' title='bbox 3270 460 3414 522; x_wconf 82' lang='grc' dir='ltr'>εἶναι</span> <span class='ocrx_word' id='word_1_24' title='bbox 3436 467 3554 539; x_wconf 82' lang='grc' dir='ltr'><strong>τῆς</strong></span> <span class='ocrx_word' id='word_1_25' title='bbox 3584 469 3743 541; x_wconf 75' lang='grc' dir='ltr'>νύμ-</span> 
     </span>
    </p>
   </div>
   <div class='ocr_carea' id='block_1_5' title="bbox 447 557 2065 634">
    <p class='ocr_par' dir='ltr' id='par_1_5' title="bbox 447 557 2024 629">
     <span class='ocr_line' id='line_1_5' title="bbox 447 557 2024 629; baseline -0.003 -13"><span class='ocrx_word' id='word_1_26' title='bbox 447 574 592 624; x_wconf 86' lang='lat' dir='ltr'><strong>esse,</strong></span> <span class='ocrx_word' id='word_1_27' title='bbox 639 574 747 614; x_wconf 89' lang='lat' dir='ltr'><strong>non</strong></span> <span class='ocrx_word' id='word_1_28' title='bbox 785 573 887 615; x_wconf 89' lang='lat' dir='ltr'><strong>nos</strong></span> <span class='ocrx_word' id='word_1_29' title='bbox 925 557 1145 629; x_wconf 84' lang='lat' dir='ltr'><strong>quidem</strong></span> <span class='ocrx_word' id='word_1_30' title='bbox 1184 557 1501 614; x_wconf 75' lang='lat' dir='ltr'><strong>dubitamus</strong></span> <span class='ocrx_word' id='word_1_31' title='bbox 1531 577 1544 613; x_wconf 88' lang='lat'><strong>:</strong></span> <span class='ocrx_word' id='word_1_32' title='bbox 1570 573 1761 614; x_wconf 86' lang='lat' dir='ltr'><strong>verum</strong></span> <span class='ocrx_word' id='word_1_33' title='bbox 1802 568 2024 615; x_wconf 87' lang='lat' dir='ltr'><strong>senten-</strong></span> 
     </span>
    </p>
   </div>
   <div class='ocr_carea' id='block_1_6' title="bbox 2179 557 3746 634">
    <p class='ocr_par' dir='ltr' id='par_1_6' title="bbox 2179 559 3746 634">
     <span class='ocr_line' id='line_1_6' title="bbox 2179 559 3746 634; baseline -0.01 -8"><span class='ocrx_word' id='word_1_34' title='bbox 2179 578 2233 632; x_wconf 71' lang='grc' dir='ltr'><strong>τις</strong></span> <span class='ocrx_word' id='word_1_35' title='bbox 2263 561 2363 614; x_wconf 78' lang='grc' dir='ltr'><strong>οὒκ</strong></span> <span class='ocrx_word' id='word_1_36' title='bbox 2408 559 2845 631; x_wconf 61' lang='grc' dir='ltr'>ἀμφιϐάλλομεν</span> <span class='ocrx_word' id='word_1_37' title='bbox 2888 561 2988 634; x_wconf 84' lang='grc' dir='ltr'>τὴν</span> <span class='ocrx_word' id='word_1_38' title='bbox 3028 562 3085 616; x_wconf 79' lang='grc' dir='ltr'>δὲ</span> <span class='ocrx_word' id='word_1_39' title='bbox 3120 561 3357 615; x_wconf 78' lang='grc' dir='ltr'>διάνοιαν</span> <span class='ocrx_word' id='word_1_40' title='bbox 3380 559 3521 615; x_wconf 79' lang='grc' dir='ltr'>καθ’</span> <span class='ocrx_word' id='word_1_41' title='bbox 3552 563 3628 633; x_wconf 73' lang='grc' dir='ltr'>ἣν</span> <span class='ocrx_word' id='word_1_42' title='bbox 3656 562 3746 631; x_wconf 73' lang='grc' dir='ltr'>τῷ</span> 
     </span>
    </p>
   </div>
   <div class='ocr_carea' id='block_1_7' title="bbox 446 650 2065 727">
    <p class='ocr_par' dir='ltr' id='par_1_7' title="bbox 446 650 2025 722">
     <span class='ocr_line' id='line_1_7' title="bbox 446 650 2025 722; baseline 0 -17"><span class='ocrx_word' id='word_1_43' title='bbox 446 653 581 707; x_wconf 88' lang='lat' dir='ltr'><strong>tiam</strong></span> <span class='ocrx_word' id='word_1_44' title='bbox 613 652 929 716; x_wconf 81' lang='lat' dir='ltr'><strong>verborum,</strong></span> <span class='ocrx_word' id='word_1_45' title='bbox 971 666 1069 722; x_wconf 88' lang='lat' dir='ltr'><strong>per</strong></span> <span class='ocrx_word' id='word_1_46' title='bbox 1098 665 1262 721; x_wconf 85' lang='lat' dir='ltr'><strong>quam</strong></span> <span class='ocrx_word' id='word_1_47' title='bbox 1298 650 1615 720; x_wconf 88' lang='lat' dir='ltr'><strong>hujusmodi</strong></span> <span class='ocrx_word' id='word_1_48' title='bbox 1660 650 1820 706; x_wconf 83' lang='lat' dir='ltr'><strong>laude</strong></span> <span class='ocrx_word' id='word_1_49' title='bbox 1858 650 2025 706; x_wconf 93' lang='lat' dir='ltr'><strong>coho-</strong></span> 
     </span>
    </p>
   </div>
   <div class='ocr_carea' id='block_1_8' title="bbox 2179 650 3741 727">
    <p class='ocr_par' dir='ltr' id='par_1_8' title="bbox 2179 652 3741 727">
     <span class='ocr_line' id='line_1_8' title="bbox 2179 652 3741 727; baseline 0.003 -21"><span class='ocrx_word' id='word_1_50' title='bbox 2179 652 2351 724; x_wconf 65' lang='lat' dir='ltr'><strong>itodrcp</strong></span> <span class='ocrx_word' id='word_1_51' title='bbox 2382 654 2589 724; x_wconf 79' lang='grc' dir='ltr'>ἐπαίνῳ</span> <span class='ocrx_word' id='word_1_52' title='bbox 2614 653 2952 724; x_wconf 82' lang='grc' dir='ltr'>σεμνύνεται,</span> <span class='ocrx_word' id='word_1_53' title='bbox 2988 655 3021 726; x_wconf 81' lang='grc' dir='ltr'><strong>ἡ</strong></span> <span class='ocrx_word' id='word_1_54' title='bbox 3049 654 3147 725; x_wconf 84' lang='grc' dir='ltr'>τῆς</span> <span class='ocrx_word' id='word_1_55' title='bbox 3188 654 3472 727; x_wconf 75' lang='grc' dir='ltr'><strong>εὐφημίας</strong></span> <span class='ocrx_word' id='word_1_56' title='bbox 3512 655 3741 724; x_wconf 68' lang='grc' dir='ltr'>ταύτης</span> 
     </span>
    </p>
   </div>
   <div class='ocr_carea' id='block_1_9' title="bbox 446 741 2065 817">
    <p class='ocr_par' dir='ltr' id='par_1_9' title="bbox 446 741 2023 813">
     <span class='ocr_line' id='line_1_9' title="bbox 446 741 2023 813; baseline -0.001 -15"><span class='ocrx_word' id='word_1_57' title='bbox 446 752 697 803; x_wconf 61' lang='lat' dir='ltr'><strong>natatur</strong></span> <span class='ocrx_word' id='word_1_58' title='bbox 724 757 811 807; x_wconf 87' lang='lat' dir='ltr'><strong>ea,</strong></span> <span class='ocrx_word' id='word_1_59' title='bbox 843 758 965 812; x_wconf 66' lang='lat' dir='ltr'><strong>qua:</strong></span> <span class='ocrx_word' id='word_1_60' title='bbox 993 741 1158 813; x_wconf 85' lang='lat' dir='ltr'><strong>digna</strong></span> <span class='ocrx_word' id='word_1_61' title='bbox 1195 750 1455 797; x_wconf 76' lang='lat' dir='ltr'><strong>censetur</strong></span> <span class='ocrx_word' id='word_1_62' title='bbox 1483 742 1588 808; x_wconf 78' lang='lat' dir='ltr'><strong>hac</strong></span> <span class='ocrx_word' id='word_1_63' title='bbox 1612 741 2023 812; x_wconf 66' lang='lat' dir='ltr'><strong>praedicatione,</strong></span> 
     </span>
    </p>
   </div>
   <div class='ocr_carea' id='block_1_10' title="bbox 2179 741 3744 817">
    <p class='ocr_par' dir='ltr' id='par_1_10' title="bbox 2179 744 3744 817">
     <span class='ocr_line' id='line_1_10' title="bbox 2179 744 3744 817; baseline -0.002 -17"><span class='ocrx_word' id='word_1_64' title='bbox 2179 748 2440 815; x_wconf 76' lang='grc' dir='ltr'>Ξιωθεῖσα,</span> <span class='ocrx_word' id='word_1_65' title='bbox 2467 747 2568 800; x_wconf 87' lang='grc' dir='ltr'><strong>οὐκ</strong></span> <span class='ocrx_word' id='word_1_66' title='bbox 2596 745 2743 799; x_wconf 82' lang='grc' dir='ltr'>ἔστιν</span> <span class='ocrx_word' id='word_1_67' title='bbox 2768 745 2832 799; x_wconf 80' lang='grc' dir='ltr'>ὲκ</span> <span class='ocrx_word' id='word_1_68' title='bbox 2860 744 2953 799; x_wconf 75' lang='grc' dir='ltr'>τοῦ</span> <span class='ocrx_word' id='word_1_69' title='bbox 2988 746 3278 817; x_wconf 86' lang='grc' dir='ltr'>προχείρου</span> <span class='ocrx_word' id='word_1_70' title='bbox 3310 745 3541 815; x_wconf 85' lang='grc' dir='ltr'>μαθεῖν.</span> <span class='ocrx_word' id='word_1_71' title='bbox 3570 746 3744 816; x_wconf 75' lang='grc' dir='ltr'>Ἔχει</span> 
     </span>
    </p>
   </div>
   <div class='ocr_carea' id='block_1_11' title="bbox 448 834 2065 910">
    <p class='ocr_par' dir='ltr' id='par_1_11' title="bbox 448 834 2021 905">
     <span class='ocr_line' id='line_1_11' title="bbox 448 834 2021 905; baseline -0.002 -15"><span class='ocrx_word' id='word_1_72' title='bbox 448 835 600 891; x_wconf 79' lang='lat' dir='ltr'><strong>facili</strong></span> <span class='ocrx_word' id='word_1_73' title='bbox 627 843 683 891; x_wconf 89' lang='lat' dir='ltr'><strong>et</strong></span> <span class='ocrx_word' id='word_1_74' title='bbox 716 834 973 905; x_wconf 83' lang='lat' dir='ltr'><strong>expedito</strong></span> <span class='ocrx_word' id='word_1_75' title='bbox 1000 844 1201 889; x_wconf 90' lang='lat' dir='ltr'><strong>conatu</strong></span> <span class='ocrx_word' id='word_1_76' title='bbox 1227 834 1538 905; x_wconf 84' lang='lat' dir='ltr'><strong>perspicere</strong></span> <span class='ocrx_word' id='word_1_77' title='bbox 1569 849 1678 889; x_wconf 92' lang='lat' dir='ltr'><strong>non</strong></span> <span class='ocrx_word' id='word_1_78' title='bbox 1709 850 2021 905; x_wconf 81' lang='lat' dir='ltr'><strong>possumus.</strong></span> 
     </span>
    </p>
   </div>
   <div class='ocr_carea' id='block_1_12' title="bbox 2179 834 3744 910">
    <p class='ocr_par' dir='ltr' id='par_1_12' title="bbox 2179 835 3744 910">
     <span class='ocr_line' id='line_1_12' title="bbox 2179 835 3744 910; baseline -0.002 -17"><span class='ocrx_word' id='word_1_79' title='bbox 2179 839 2289 910; x_wconf 65' lang='grc' dir='ltr'><strong>Ξρή</strong></span> <span class='ocrx_word' id='word_1_80' title='bbox 2320 837 2462 904; x_wconf 80' lang='grc' dir='ltr'>λέξις</span> <span class='ocrx_word' id='word_1_81' title='bbox 2488 837 2691 901; x_wconf 76' lang='grc' dir='ltr'>οὕτως’</span> <span class='ocrx_word' id='word_1_82' title='bbox 2732 835 2963 906; x_wconf 78' lang='grc' dir='ltr'>Θάμόος</span> <span class='ocrx_word' id='word_1_83' title='bbox 2990 837 3071 904; x_wconf 87' lang='grc' dir='ltr'>ὡς</span> <span class='ocrx_word' id='word_1_84' title='bbox 3102 835 3385 906; x_wconf 77' lang='grc' dir='ltr'>δυνάμεις</span> <span class='ocrx_word' id='word_1_85' title='bbox 3426 836 3744 907; x_wconf 75' lang='grc' dir='ltr'>τεταγμέ-</span> 
     </span>
    </p>
   </div>
   <div class='ocr_carea' id='block_1_13' title="bbox 447 924 2065 1001">
    <p class='ocr_par' dir='ltr' id='par_1_13' title="bbox 447 924 2025 997">
     <span class='ocr_line' id='line_1_13' title="bbox 447 924 2025 997; baseline -0.001 -16"><span class='ocrx_word' id='word_1_86' title='bbox 447 925 626 983; x_wconf 77' lang='lat' dir='ltr'><strong>Verba</strong></span> <span class='ocrx_word' id='word_1_87' title='bbox 685 927 905 997; x_wconf 88' lang='lat' dir='ltr'><strong>quidem</strong></span> <span class='ocrx_word' id='word_1_88' title='bbox 958 926 1273 995; x_wconf 72' lang='lat' dir='ltr'><strong>huiusmodi</strong></span> <span class='ocrx_word' id='word_1_89' title='bbox 1330 935 1482 981; x_wconf 91' lang='lat' dir='ltr'><strong>sunt.</strong></span> <span class='ocrx_word' id='word_1_90' title='bbox 1536 924 1739 994; x_wconf 86' lang='lat' dir='ltr'><strong>Stupor</strong></span> <span class='ocrx_word' id='word_1_91' title='bbox 1777 933 2025 996; x_wconf 81' lang='lat' dir='ltr'><strong>tanquam</strong></span> 
     </span>
    </p>
   </div>
   <div class='ocr_carea' id='block_1_14' title="bbox 2179 924 3745 1001">
    <p class='ocr_par' dir='ltr' id='par_1_14' title="bbox 2179 927 3745 1001">
     <span class='ocr_line' id='line_1_14' title="bbox 2179 927 3745 1001; baseline -0.003 -15"><span class='ocrx_word' id='word_1_92' title='bbox 2179 949 2245 986; x_wconf 71' lang='grc' dir='ltr'><strong>ιι.</strong></span> <span class='ocrx_word' id='word_1_93' title='bbox 2275 932 2427 1001; x_wconf 84' lang='grc' dir='ltr'><strong>Τάχα</strong></span> <span class='ocrx_word' id='word_1_94' title='bbox 2452 931 2496 984; x_wconf 84' lang='grc' dir='ltr'>δ’</span> <span class='ocrx_word' id='word_1_95' title='bbox 2519 931 2583 984; x_wconf 83' lang='grc' dir='ltr'>ἄν</span> <span class='ocrx_word' id='word_1_96' title='bbox 2611 946 2695 993; x_wconf 88' lang='grc' dir='ltr'><strong>τις</strong></span> <span class='ocrx_word' id='word_1_97' title='bbox 2723 929 2833 992; x_wconf 84' lang='grc' dir='ltr'>τοῖς</span> <span class='ocrx_word' id='word_1_98' title='bbox 2860 927 3319 1000; x_wconf 88' lang='grc' dir='ltr'>προθεωρηθεῖσιν</span> <span class='ocrx_word' id='word_1_99' title='bbox 3343 928 3640 998; x_wconf 78' lang='grc' dir='ltr'>ἑπόμενος</span> <span class='ocrx_word' id='word_1_100' title='bbox 3662 929 3745 981; x_wconf 77' lang='grc' dir='ltr'><strong>εῖ-</strong></span> 
     </span>
    </p>
   </div>
   <div class='ocr_carea' id='block_1_15' title="bbox 448 1015 2065 1094">
    <p class='ocr_par' dir='ltr' id='par_1_15' title="bbox 448 1015 2027 1086">
     <span class='ocr_line' id='line_1_15' title="bbox 448 1015 2027 1086; baseline -0.002 -13"><span class='ocrx_word' id='word_1_101' title='bbox 448 1020 723 1073; x_wconf 75' lang='lat' dir='ltr'><strong>instruclw</strong></span> <span class='ocrx_word' id='word_1_102' title='bbox 774 1016 940 1072; x_wconf 87' lang='lat' dir='ltr'><strong>acies.</strong></span> <span class='ocrx_word' id='word_1_103' title='bbox 973 1015 1235 1071; x_wconf 77' lang='lat' dir='ltr'><strong>Fortasse</strong></span> <span class='ocrx_word' id='word_1_104' title='bbox 1266 1029 1397 1071; x_wconf 87' lang='lat' dir='ltr'><strong>vero</strong></span> <span class='ocrx_word' id='word_1_105' title='bbox 1427 1015 1549 1086; x_wconf 88' lang='lat' dir='ltr'><strong>quis</strong></span> <span class='ocrx_word' id='word_1_106' title='bbox 1590 1015 1854 1072; x_wconf 85' lang='lat' dir='ltr'><strong>hactenus</strong></span> <span class='ocrx_word' id='word_1_107' title='bbox 1896 1030 2027 1071; x_wconf 82' lang='lat' dir='ltr'><strong>con—</strong></span> 
     </span>
    </p>
   </div>
   <div class='ocr_carea' id='block_1_16' title="bbox 2179 1015 3750 1094">
    <p class='ocr_par' dir='ltr' id='par_1_16' title="bbox 2179 1016 3750 1094">
     <span class='ocr_line' id='line_1_16' title="bbox 2179 1016 3750 1094; baseline -0.004 -17"><span class='ocrx_word' id='word_1_108' title='bbox 2179 1041 2240 1090; x_wconf 76' lang='lat' dir='ltr'><strong>Dt,</strong></span> <span class='ocrx_word' id='word_1_109' title='bbox 2272 1022 2357 1076; x_wconf 81' lang='grc' dir='ltr'>διὰ</span> <span class='ocrx_word' id='word_1_110' title='bbox 2377 1024 2473 1093; x_wconf 76' lang='grc' dir='ltr'>τῆς</span> <span class='ocrx_word' id='word_1_111' title='bbox 2501 1022 2635 1094; x_wconf 74' lang='grc' dir='ltr'>πρὸς</span> <span class='ocrx_word' id='word_1_112' title='bbox 2673 1019 2767 1091; x_wconf 79' lang='grc' dir='ltr'>τὴν</span> <span class='ocrx_word' id='word_1_113' title='bbox 2792 1019 3158 1090; x_wconf 86' lang='grc' dir='ltr'>ὐπερκόσμιον</span> <span class='ocrx_word' id='word_1_114' title='bbox 3184 1018 3343 1090; x_wconf 81' lang='grc' dir='ltr'>φύσιν</span> <span class='ocrx_word' id='word_1_115' title='bbox 3370 1016 3750 1090; x_wconf 76' lang='grc' dir='ltr'>συγκρίσεως</span> 
     </span>
    </p>
   </div>
   <div class='ocr_carea' id='block_1_17' title="bbox 450 1107 2065 1185">
    <p class='ocr_par' dir='ltr' id='par_1_17' title="bbox 450 1107 2026 1178">
     <span class='ocr_line' id='line_1_17' title="bbox 450 1107 2026 1178; baseline -0.002 -14"><span class='ocrx_word' id='word_1_116' title='bbox 450 1109 707 1165; x_wconf 84' lang='lat' dir='ltr'><strong>sideralis</strong></span> <span class='ocrx_word' id='word_1_117' title='bbox 754 1107 1030 1163; x_wconf 68' lang='lat' dir='ltr'><strong>inhaerens</strong></span> <span class='ocrx_word' id='word_1_118' title='bbox 1070 1107 1300 1172; x_wconf 80' lang='lat' dir='ltr'><strong>dixerit,</strong></span> <span class='ocrx_word' id='word_1_119' title='bbox 1352 1123 1449 1178; x_wconf 88' lang='lat' dir='ltr'><strong>per</strong></span> <span class='ocrx_word' id='word_1_120' title='bbox 1495 1107 1635 1161; x_wconf 91' lang='lat' dir='ltr'><strong>hanc</strong></span> <span class='ocrx_word' id='word_1_121' title='bbox 1679 1122 1805 1162; x_wconf 91' lang='lat' dir='ltr'><strong>cum</strong></span> <span class='ocrx_word' id='word_1_122' title='bbox 1855 1108 2026 1163; x_wconf 84' lang='lat' dir='ltr'><strong>ultra-</strong></span> 
     </span>
    </p>
   </div>
   <div class='ocr_carea' id='block_1_18' title="bbox 2179 1107 3747 1185">
    <p class='ocr_par' dir='ltr' id='par_1_18' title="bbox 2179 1108 3747 1183">
     <span class='ocr_line' id='line_1_18' title="bbox 2179 1108 3747 1183; baseline -0.002 -16"><span class='ocrx_word' id='word_1_123' title='bbox 2179 1113 2521 1182; x_wconf 84' lang='grc' dir='ltr'>εγαλύνεσθαι</span> <span class='ocrx_word' id='word_1_124' title='bbox 2554 1112 2657 1167; x_wconf 76' lang='grc' dir='ltr'><strong>ὑπὸ</strong></span> <span class='ocrx_word' id='word_1_125' title='bbox 2705 1109 2797 1162; x_wconf 82' lang='grc' dir='ltr'><strong>τοῦ</strong></span> <span class='ocrx_word' id='word_1_126' title='bbox 2840 1109 2999 1178; x_wconf 83' lang='grc' dir='ltr'>λόγου</span> <span class='ocrx_word' id='word_1_127' title='bbox 3049 1110 3139 1165; x_wconf 85' lang='grc' dir='ltr'>διὰ</span> <span class='ocrx_word' id='word_1_128' title='bbox 3178 1109 3287 1165; x_wconf 83' lang='grc' dir='ltr'><strong>τῶν</strong></span> <span class='ocrx_word' id='word_1_129' title='bbox 3329 1110 3593 1165; x_wconf 72' lang='grc' dir='ltr'>ἐπαίνων</span> <span class='ocrx_word' id='word_1_130' title='bbox 3632 1108 3747 1183; x_wconf 74' lang='grc' dir='ltr'>τὴν</span> 
     </span>
    </p>
   </div>
   <div class='ocr_carea' id='block_1_19' title="bbox 449 1195 2065 1277">
    <p class='ocr_par' dir='ltr' id='par_1_19' title="bbox 449 1195 2029 1267">
     <span class='ocr_line' id='line_1_19' title="bbox 449 1195 2029 1267; baseline -0.003 -12"><span class='ocrx_word' id='word_1_131' title='bbox 449 1198 727 1254; x_wconf 89' lang='lat' dir='ltr'><strong>mundana</strong></span> <span class='ocrx_word' id='word_1_132' title='bbox 768 1205 968 1252; x_wconf 87' lang='lat' dir='ltr'><strong>natura</strong></span> <span class='ocrx_word' id='word_1_133' title='bbox 1014 1195 1503 1267; x_wconf 90' lang='lat' dir='ltr'><strong>comparationem,</strong></span> <span class='ocrx_word' id='word_1_134' title='bbox 1536 1196 1857 1266; x_wconf 87' lang='lat' dir='ltr'><strong>amplilicari</strong></span> <span class='ocrx_word' id='word_1_135' title='bbox 1890 1210 2029 1267; x_wconf 68' lang='lat' dir='ltr'><strong>pra-</strong></span> 
     </span>
    </p>
   </div>
   <div class='ocr_carea' id='block_1_20' title="bbox 2179 1195 3745 1277">
    <p class='ocr_par' dir='ltr' id='par_1_20' title="bbox 2179 1201 3745 1277">
     <span class='ocr_line' id='line_1_20' title="bbox 2179 1201 3745 1277; baseline -0.003 -19"><span class='ocrx_word' id='word_1_136' title='bbox 2179 1205 2364 1276; x_wconf 68' lang='grc' dir='ltr'>ὂμφην.</span> <span class='ocrx_word' id='word_1_137' title='bbox 2407 1208 2641 1260; x_wconf 86' lang='grc' dir='ltr'>Ἐκείναι</span> <span class='ocrx_word' id='word_1_138' title='bbox 2672 1203 2779 1272; x_wconf 86' lang='grc' dir='ltr'>γάρ</span> <span class='ocrx_word' id='word_1_139' title='bbox 2813 1207 2949 1257; x_wconf 83' lang='grc' dir='ltr'>εἰσιν</span> <span class='ocrx_word' id='word_1_140' title='bbox 2982 1205 3038 1258; x_wconf 77' lang='grc' dir='ltr'>αἱ</span> <span class='ocrx_word' id='word_1_141' title='bbox 3068 1202 3396 1275; x_wconf 83' lang='grc' dir='ltr'><strong>τεταγμέναι</strong></span> <span class='ocrx_word' id='word_1_142' title='bbox 3426 1201 3745 1277; x_wconf 62' lang='grc' dir='ltr'>δυνάμεις.</span> 
     </span>
    </p>
   </div>
   <div class='ocr_carea' id='block_1_21' title="bbox 448 1284 2065 1368">
    <p class='ocr_par' dir='ltr' id='par_1_21' title="bbox 448 1284 2029 1357">
     <span class='ocr_line' id='line_1_21' title="bbox 448 1284 2029 1357; baseline -0.002 -13"><span class='ocrx_word' id='word_1_143' title='bbox 448 1287 686 1344; x_wconf 86' lang='lat' dir='ltr'><strong>dicando</strong></span> <span class='ocrx_word' id='word_1_144' title='bbox 735 1286 1079 1357; x_wconf 75' lang='lat' dir='ltr'><strong>maiestatem</strong></span> <span class='ocrx_word' id='word_1_145' title='bbox 1132 1300 1368 1356; x_wconf 70' lang='lat' dir='ltr'><strong>sponsae.</strong></span> <span class='ocrx_word' id='word_1_146' title='bbox 1423 1284 1559 1340; x_wconf 89' lang='lat' dir='ltr'><strong>Nam</strong></span> <span class='ocrx_word' id='word_1_147' title='bbox 1607 1286 1690 1341; x_wconf 76' lang='lat' dir='ltr'><strong>ha:</strong></span> <span class='ocrx_word' id='word_1_148' title='bbox 1742 1294 1870 1341; x_wconf 92' lang='lat' dir='ltr'><strong>sunt</strong></span> <span class='ocrx_word' id='word_1_149' title='bbox 1922 1288 2029 1342; x_wconf 65' lang='lat' dir='ltr'><strong>illa:</strong></span> 
     </span>
    </p>
   </div>
   <div class='ocr_carea' id='block_1_22' title="bbox 2179 1284 3743 1368">
    <p class='ocr_par' dir='ltr' id='par_1_22' title="bbox 2179 1293 3743 1368">
     <span class='ocr_line' id='line_1_22' title="bbox 2179 1293 3743 1368; baseline -0.003 -17"><span class='ocrx_word' id='word_1_150' title='bbox 2179 1316 2262 1351; x_wconf 88' lang='grc' dir='ltr'><strong>του</strong></span> <span class='ocrx_word' id='word_1_151' title='bbox 2298 1298 2353 1351; x_wconf 86' lang='grc' dir='ltr'>αἱ</span> <span class='ocrx_word' id='word_1_152' title='bbox 2386 1298 2484 1368; x_wconf 80' lang='grc' dir='ltr'>μὲν</span> <span class='ocrx_word' id='word_1_153' title='bbox 2508 1298 2776 1363; x_wconf 81' lang='grc' dir='ltr'>Ἐξουσίαι</span> <span class='ocrx_word' id='word_1_154' title='bbox 2805 1296 3095 1360; x_wconf 74' lang='grc' dir='ltr'>διαπαντὸς</span> <span class='ocrx_word' id='word_1_155' title='bbox 3116 1296 3173 1350; x_wconf 80' lang='grc' dir='ltr'>ὲν</span> <span class='ocrx_word' id='word_1_156' title='bbox 3190 1294 3268 1366; x_wconf 82' lang='grc' dir='ltr'><strong>τῷ</strong></span> <span class='ocrx_word' id='word_1_157' title='bbox 3285 1293 3584 1365; x_wconf 78' lang='grc' dir='ltr'><strong>κυριεύειν</strong></span> <span class='ocrx_word' id='word_1_158' title='bbox 3600 1293 3743 1347; x_wconf 69' lang='grc' dir='ltr'>εἰσιν</span> 
     </span>
    </p>
   </div>
   <div class='ocr_carea' id='block_1_23' title="bbox 448 1377 2065 1464">
    <p class='ocr_par' dir='ltr' id='par_1_23' title="bbox 448 1377 2027 1449">
     <span class='ocr_line' id='line_1_23' title="bbox 448 1377 2027 1449; baseline 0.001 -16"><span class='ocrx_word' id='word_1_159' title='bbox 448 1382 735 1435; x_wconf 62' lang='lat' dir='ltr'><strong>instructas</strong></span> <span class='ocrx_word' id='word_1_160' title='bbox 766 1379 956 1449; x_wconf 69' lang='lat' dir='ltr'><strong>copiae,</strong></span> <span class='ocrx_word' id='word_1_161' title='bbox 991 1378 1193 1449; x_wconf 87' lang='lat' dir='ltr'><strong>quippe</strong></span> <span class='ocrx_word' id='word_1_162' title='bbox 1226 1378 1319 1432; x_wconf 92' lang='lat' dir='ltr'><strong>ubi</strong></span> <span class='ocrx_word' id='word_1_163' title='bbox 1344 1377 1649 1434; x_wconf 90' lang='lat' dir='ltr'><strong>Potestates</strong></span> <span class='ocrx_word' id='word_1_164' title='bbox 1684 1394 1899 1449; x_wconf 83' lang='lat' dir='ltr'><strong>semper</strong></span> <span class='ocrx_word' id='word_1_165' title='bbox 1926 1379 2027 1435; x_wconf 89' lang='lat' dir='ltr'><strong>do-</strong></span> 
     </span>
    </p>
   </div>
   <div class='ocr_carea' id='block_1_24' title="bbox 2179 1377 3749 1464">
    <p class='ocr_par' dir='ltr' id='par_1_24' title="bbox 2179 1385 3749 1464">
     <span class='ocr_line' id='line_1_24' title="bbox 2179 1385 3749 1464; baseline -0.003 -22"><span class='ocrx_word' id='word_1_166' title='bbox 2179 1388 2390 1464; x_wconf 78' lang='grc' dir='ltr'>ρατοῦσι</span> <span class='ocrx_word' id='word_1_167' title='bbox 2423 1389 2477 1442; x_wconf 83' lang='grc' dir='ltr'>δὲ</span> <span class='ocrx_word' id='word_1_168' title='bbox 2507 1389 2572 1442; x_wconf 86' lang='grc' dir='ltr'><strong>δι’</strong></span> <span class='ocrx_word' id='word_1_169' title='bbox 2602 1390 2723 1443; x_wconf 79' lang='grc' dir='ltr'>ὅλου</span> <span class='ocrx_word' id='word_1_170' title='bbox 2763 1391 2818 1442; x_wconf 89' lang='grc' dir='ltr'>αἱ</span> <span class='ocrx_word' id='word_1_171' title='bbox 2850 1388 3202 1460; x_wconf 79' lang='grc' dir='ltr'>Κυριότητες·</span> <span class='ocrx_word' id='word_1_172' title='bbox 3239 1385 3515 1459; x_wconf 76' lang='grc' dir='ltr'>βεδήκασι</span> <span class='ocrx_word' id='word_1_173' title='bbox 3541 1385 3610 1439; x_wconf 77' lang='grc' dir='ltr'>δὲ</span> <span class='ocrx_word' id='word_1_174' title='bbox 3630 1401 3749 1439; x_wconf 68' lang='grc' dir='ltr'>τοι·</span> 
     </span>
    </p>
   </div>
   <div class='ocr_carea' id='block_1_25' title="bbox 449 1468 2065 1551">
    <p class='ocr_par' dir='ltr' id='par_1_25' title="bbox 449 1468 2031 1544">
     <span class='ocr_line' id='line_1_25' title="bbox 449 1468 2031 1544; baseline 0.001 -18"><span class='ocrx_word' id='word_1_175' title='bbox 449 1472 734 1526; x_wconf 88' lang='lat' dir='ltr'><strong>minantur</strong></span> <span class='ocrx_word' id='word_1_176' title='bbox 766 1477 1068 1540; x_wconf 86' lang='lat' dir='ltr'><strong>:perpetuo</strong></span> <span class='ocrx_word' id='word_1_177' title='bbox 1115 1468 1525 1527; x_wconf 88' lang='lat' dir='ltr'><strong>Dominationes</strong></span> <span class='ocrx_word' id='word_1_178' title='bbox 1576 1487 1759 1527; x_wconf 90' lang='lat' dir='ltr'><strong>rerum</strong></span> <span class='ocrx_word' id='word_1_179' title='bbox 1813 1474 2031 1544; x_wconf 87' lang='lat' dir='ltr'><strong>potiun-</strong></span> 
     </span>
    </p>
   </div>
   <div class='ocr_carea' id='block_1_26' title="bbox 2179 1468 3749 1551">
    <p class='ocr_par' dir='ltr' id='par_1_26' title="bbox 2179 1475 3749 1551">
     <span class='ocr_line' id='line_1_26' title="bbox 2179 1475 3749 1551; baseline 0 -20"><span class='ocrx_word' id='word_1_180' title='bbox 2179 1478 2263 1542; x_wconf 75' lang='grc' dir='ltr'>ἵως</span> <span class='ocrx_word' id='word_1_181' title='bbox 2286 1482 2334 1532; x_wconf 79' lang='lat' dir='ltr'><strong>oi</strong></span> <span class='ocrx_word' id='word_1_182' title='bbox 2359 1479 2567 1551; x_wconf 79' lang='grc' dir='ltr'>Θρόνοι,</span> <span class='ocrx_word' id='word_1_183' title='bbox 2586 1479 2871 1533; x_wconf 78' lang='grc' dir='ltr'><strong>ἀδούλωτοι</strong></span> <span class='ocrx_word' id='word_1_184' title='bbox 2895 1479 2953 1533; x_wconf 84' lang='grc' dir='ltr'>δὲ</span> <span class='ocrx_word' id='word_1_185' title='bbox 2984 1478 3232 1550; x_wconf 87' lang='grc' dir='ltr'>μένουσιν</span> <span class='ocrx_word' id='word_1_186' title='bbox 3254 1477 3310 1531; x_wconf 84' lang='grc' dir='ltr'>αἱ</span> <span class='ocrx_word' id='word_1_187' title='bbox 3326 1475 3560 1549; x_wconf 78' lang='grc' dir='ltr'>Ἀρχαίο</span> <span class='ocrx_word' id='word_1_188' title='bbox 3582 1475 3749 1531; x_wconf 68' lang='grc' dir='ltr'>εὐλο-</span> 
     </span>
    </p>
   </div>
   <div class='ocr_carea' id='block_1_27' title="bbox 448 1556 2065 1639">
    <p class='ocr_par' dir='ltr' id='par_1_27' title="bbox 448 1559 2027 1634">
     <span class='ocr_line' id='line_1_27' title="bbox 448 1559 2027 1634; baseline 0.001 -18"><span class='ocrx_word' id='word_1_189' title='bbox 448 1569 572 1631; x_wconf 88' lang='lat' dir='ltr'><strong>tur;</strong></span> <span class='ocrx_word' id='word_1_190' title='bbox 599 1562 771 1617; x_wconf 88' lang='lat' dir='ltr'><strong>solide</strong></span> <span class='ocrx_word' id='word_1_191' title='bbox 799 1561 1012 1618; x_wconf 78' lang='lat' dir='ltr'><strong>fundati</strong></span> <span class='ocrx_word' id='word_1_192' title='bbox 1040 1570 1168 1616; x_wconf 92' lang='lat' dir='ltr'><strong>sunt</strong></span> <span class='ocrx_word' id='word_1_193' title='bbox 1188 1559 1424 1630; x_wconf 89' lang='lat' dir='ltr'><strong>Throui;</strong></span> <span class='ocrx_word' id='word_1_194' title='bbox 1454 1562 1801 1634; x_wconf 85' lang='lat' dir='ltr'><strong>Principatus</strong></span> <span class='ocrx_word' id='word_1_195' title='bbox 1824 1565 2027 1619; x_wconf 88' lang='lat' dir='ltr'><strong>nullam</strong></span> 
     </span>
    </p>
   </div>
   <div class='ocr_carea' id='block_1_28' title="bbox 2179 1556 3749 1639">
    <p class='ocr_par' dir='ltr' id='par_1_28' title="bbox 2179 1556 3749 1639">
     <span class='ocr_line' id='line_1_28' title="bbox 2179 1556 3749 1639; baseline -0.002 -18"><span class='ocrx_word' id='word_1_196' title='bbox 2179 1568 2285 1621; x_wconf 65' lang='grc' dir='ltr'>οὖσι</span> <span class='ocrx_word' id='word_1_197' title='bbox 2314 1569 2369 1621; x_wconf 81' lang='grc' dir='ltr'>δὲ</span> <span class='ocrx_word' id='word_1_198' title='bbox 2402 1570 2492 1622; x_wconf 87' lang='grc' dir='ltr'>τὸν</span> <span class='ocrx_word' id='word_1_199' title='bbox 2514 1569 2647 1622; x_wconf 82' lang='grc' dir='ltr'>Θεὸν</span> <span class='ocrx_word' id='word_1_200' title='bbox 2670 1569 3027 1632; x_wconf 81' lang='grc' dir='ltr'><strong>ἀδιαλείπτως</strong></span> <span class='ocrx_word' id='word_1_201' title='bbox 3054 1569 3111 1622; x_wconf 78' lang='grc' dir='ltr'>αἱ</span> <span class='ocrx_word' id='word_1_202' title='bbox 3138 1567 3415 1639; x_wconf 81' lang='grc' dir='ltr'>δυνάμεις,</span> <span class='ocrx_word' id='word_1_203' title='bbox 3434 1567 3473 1638; x_wconf 69' lang='lat' dir='ltr'><strong>ﬁ</strong></span> <span class='ocrx_word' id='word_1_204' title='bbox 3494 1584 3567 1620; x_wconf 84' lang='grc' dir='ltr'><strong>τε</strong></span> <span class='ocrx_word' id='word_1_205' title='bbox 3594 1556 3749 1637; x_wconf 66' lang='grc' dir='ltr'>πτῆ-</span> 
     </span>
    </p>
   </div>
   <div class='ocr_carea' id='block_1_29' title="bbox 452 1654 2065 1732">
    <p class='ocr_par' dir='ltr' id='par_1_29' title="bbox 452 1654 2030 1725">
     <span class='ocr_line' id='line_1_29' title="bbox 452 1654 2030 1725; baseline 0.002 -16"><span class='ocrx_word' id='word_1_206' title='bbox 452 1654 507 1709; x_wconf 91' lang='lat' dir='ltr'><strong>in</strong></span> <span class='ocrx_word' id='word_1_207' title='bbox 543 1655 867 1710; x_wconf 83' lang='lat' dir='ltr'><strong>servitutem</strong></span> <span class='ocrx_word' id='word_1_208' title='bbox 918 1654 1285 1725; x_wconf 85' lang='lat' dir='ltr'><strong>rediguntur:</strong></span> <span class='ocrx_word' id='word_1_209' title='bbox 1325 1655 1445 1710; x_wconf 89' lang='lat' dir='ltr'><strong>sine</strong></span> <span class='ocrx_word' id='word_1_210' title='bbox 1479 1656 1890 1712; x_wconf 86' lang='lat' dir='ltr'><strong>intermissione</strong></span> <span class='ocrx_word' id='word_1_211' title='bbox 1920 1656 2030 1712; x_wconf 85' lang='lat' dir='ltr'><strong>Deo</strong></span> 
     </span>
    </p>
   </div>
   <div class='ocr_carea' id='block_1_30' title="bbox 2179 1654 3749 1732">
    <p class='ocr_par' dir='ltr' id='par_1_30' title="bbox 2179 1657 3749 1732">
     <span class='ocr_line' id='line_1_30' title="bbox 2179 1657 3749 1732; baseline -0.001 -19"><span class='ocrx_word' id='word_1_212' title='bbox 2179 1677 2216 1724; x_wconf 69' lang='grc' dir='ltr'><strong>ις</strong></span> <span class='ocrx_word' id='word_1_213' title='bbox 2243 1660 2351 1713; x_wconf 86' lang='grc' dir='ltr'><strong>τῶν</strong></span> <span class='ocrx_word' id='word_1_214' title='bbox 2383 1660 2632 1732; x_wconf 71' lang='grc' dir='ltr'>Σεραφῖμ</span> <span class='ocrx_word' id='word_1_215' title='bbox 2662 1660 2759 1730; x_wconf 85' lang='grc' dir='ltr'><strong>οὐχ</strong></span> <span class='ocrx_word' id='word_1_216' title='bbox 2793 1661 3027 1723; x_wconf 86' lang='grc' dir='ltr'>ἵσταται,</span> <span class='ocrx_word' id='word_1_217' title='bbox 3046 1658 3140 1713; x_wconf 73' lang='grc' dir='ltr'>καὶ</span> <span class='ocrx_word' id='word_1_218' title='bbox 3172 1659 3206 1731; x_wconf 75' lang='grc' dir='ltr'><strong>ἡ</strong></span> <span class='ocrx_word' id='word_1_219' title='bbox 3239 1658 3429 1721; x_wconf 79' lang='grc' dir='ltr'><strong>στάσις</strong></span> <span class='ocrx_word' id='word_1_220' title='bbox 3450 1657 3527 1711; x_wconf 83' lang='grc' dir='ltr'><strong>οὐ</strong></span> <span class='ocrx_word' id='word_1_221' title='bbox 3563 1673 3749 1729; x_wconf 79' lang='grc' dir='ltr'>μετα-</span> 
     </span>
    </p>
   </div>
   <div class='ocr_carea' id='block_1_31' title="bbox 451 1744 2065 1823">
    <p class='ocr_par' dir='ltr' id='par_1_31' title="bbox 451 1744 2025 1818">
     <span class='ocr_line' id='line_1_31' title="bbox 451 1744 2025 1818; baseline 0.001 -18"><span class='ocrx_word' id='word_1_222' title='bbox 451 1747 624 1817; x_wconf 77' lang='lat' dir='ltr'><strong>copia:</strong></span> <span class='ocrx_word' id='word_1_223' title='bbox 654 1744 849 1801; x_wconf 79' lang='lat' dir='ltr'><strong>faustis</strong></span> <span class='ocrx_word' id='word_1_224' title='bbox 884 1746 1112 1801; x_wconf 78' lang='lat' dir='ltr'><strong>vocibus</strong></span> <span class='ocrx_word' id='word_1_225' title='bbox 1146 1746 1474 1808; x_wconf 89' lang='lat' dir='ltr'><strong>acclamant,</strong></span> <span class='ocrx_word' id='word_1_226' title='bbox 1503 1746 1715 1803; x_wconf 80' lang='lat' dir='ltr'><strong>volatus</strong></span> <span class='ocrx_word' id='word_1_227' title='bbox 1743 1746 2025 1818; x_wconf 88' lang='lat' dir='ltr'><strong>Seraphim</strong></span> 
     </span>
    </p>
   </div>
   <div class='ocr_carea' id='block_1_32' title="bbox 2179 1744 3751 1823">
    <p class='ocr_par' dir='ltr' id='par_1_32' title="bbox 2179 1747 3751 1823">
     <span class='ocr_line' id='line_1_32' title="bbox 2179 1747 3751 1823; baseline -0.001 -18"><span class='ocrx_word' id='word_1_228' title='bbox 2179 1752 2308 1805; x_wconf 70' lang='grc' dir='ltr'>πίνει</span> <span class='ocrx_word' id='word_1_229' title='bbox 2333 1770 2348 1785; x_wconf 76' lang='grc' dir='ltr'><strong><em>ο</em></strong></span> <span class='ocrx_word' id='word_1_230' title='bbox 2383 1753 2476 1805; x_wconf 79' lang='grc' dir='ltr'>καὶ</span> <span class='ocrx_word' id='word_1_231' title='bbox 2502 1752 2571 1805; x_wconf 82' lang='grc' dir='ltr'>τὰ</span> <span class='ocrx_word' id='word_1_232' title='bbox 2600 1751 2877 1823; x_wconf 67' lang='grc' dir='ltr'>Χερουϐὶμ</span> <span class='ocrx_word' id='word_1_233' title='bbox 2910 1751 3173 1822; x_wconf 79' lang='grc' dir='ltr'>ἀνέχοντα</span> <span class='ocrx_word' id='word_1_234' title='bbox 3198 1749 3285 1803; x_wconf 79' lang='grc' dir='ltr'>τὸν</span> <span class='ocrx_word' id='word_1_235' title='bbox 3308 1747 3524 1820; x_wconf 80' lang='grc' dir='ltr'>ὑψηλόν</span> <span class='ocrx_word' id='word_1_236' title='bbox 3554 1766 3619 1803; x_wconf 83' lang='grc' dir='ltr'><strong>τε</strong></span> <span class='ocrx_word' id='word_1_237' title='bbox 3644 1748 3751 1804; x_wconf 71' lang='grc' dir='ltr'><strong>καὶ</strong></span> 
     </span>
    </p>
   </div>
   <div class='ocr_carea' id='block_1_33' title="bbox 451 1809 2065 1917">
    <p class='ocr_par' dir='ltr' id='par_1_33' title="bbox 451 1809 2029 1911">
     <span class='ocr_line' id='line_1_33' title="bbox 451 1809 2029 1911; baseline -0.001 -18"><span class='ocrx_word' id='word_1_238' title='bbox 451 1854 562 1893; x_wconf 88' lang='lat' dir='ltr'><strong>non</strong></span> <span class='ocrx_word' id='word_1_239' title='bbox 599 1838 852 1909; x_wconf 86' lang='lat' dir='ltr'><strong>quiescit,</strong></span> <span class='ocrx_word' id='word_1_240' title='bbox 883 1846 937 1891; x_wconf 90' lang='lat' dir='ltr'><strong>et</strong></span> <span class='ocrx_word' id='word_1_241' title='bbox 968 1838 1134 1893; x_wconf 78' lang='lat' dir='ltr'><strong>statio</strong></span> <span class='ocrx_word' id='word_1_242' title='bbox 1173 1853 1282 1893; x_wconf 94' lang='lat' dir='ltr'><strong>non</strong></span> <span class='ocrx_word' id='word_1_243' title='bbox 1310 1839 1691 1911; x_wconf 75' lang='lat' dir='ltr'><strong>progreditur;</strong></span> <span class='ocrx_word' id='word_1_244' title='bbox 1736 1809 2029 1896; x_wconf 76' lang='lat' dir='ltr'><strong>Cheruhim</strong></span> 
     </span>
    </p>
   </div>
   <div class='ocr_carea' id='block_1_34' title="bbox 2179 1809 3749 1917">
    <p class='ocr_par' dir='ltr' id='par_1_34' title="bbox 2179 1809 3749 1917">
     <span class='ocr_line' id='line_1_34' title="bbox 2179 1809 3749 1917; baseline -0.003 -19"><span class='ocrx_word' id='word_1_245' title='bbox 2179 1844 2445 1915; x_wconf 74' lang='grc' dir='ltr'>πηρμένον</span> <span class='ocrx_word' id='word_1_246' title='bbox 2495 1809 2694 1917; x_wconf 49' lang='grc' dir='ltr'>θρόνον·</span> <span class='ocrx_word' id='word_1_247' title='bbox 2721 1809 3166 1915; x_wconf 39' lang='grc' dir='ltr'>οὐκ-ἀποληὶγεισ</span> <span class='ocrx_word' id='word_1_248' title='bbox 3205 1842 3260 1895; x_wconf 79' lang='grc' dir='ltr'><strong>οἴ</strong></span> <span class='ocrx_word' id='word_1_249' title='bbox 3301 1809 3367 1894; x_wconf 73' lang='grc' dir='ltr'>τὲ</span> <span class='ocrx_word' id='word_1_250' title='bbox 3405 1809 3749 1913; x_wconf 72' lang='grc' dir='ltr'>λειτουργοὶ</span> 
     </span>
    </p>
   </div>
   <div class='ocr_carea' id='block_1_35' title="bbox 452 1930 2065 2007">
    <p class='ocr_par' dir='ltr' id='par_1_35' title="bbox 452 1930 2032 2003">
     <span class='ocr_line' id='line_1_35' title="bbox 452 1930 2032 2003; baseline -0.003 -15"><span class='ocrx_word' id='word_1_251' title='bbox 452 1932 728 1988; x_wconf 85' lang='lat' dir='ltr'><strong>sustinere</strong></span> <span class='ocrx_word' id='word_1_252' title='bbox 776 1930 1067 1985; x_wconf 88' lang='lat' dir='ltr'><strong>sublimem</strong></span> <span class='ocrx_word' id='word_1_253' title='bbox 1122 1930 1276 1985; x_wconf 90' lang='lat' dir='ltr'><strong>illum</strong></span> <span class='ocrx_word' id='word_1_254' title='bbox 1341 1933 1722 2003; x_wconf 90' lang='lat' dir='ltr'><strong>elevatumque</strong></span> <span class='ocrx_word' id='word_1_255' title='bbox 1778 1931 2032 1987; x_wconf 89' lang='lat' dir='ltr'><strong>thronum</strong></span> 
     </span>
    </p>
   </div>
   <div class='ocr_carea' id='block_1_36' title="bbox 2179 1930 3747 2007">
    <p class='ocr_par' dir='ltr' id='par_1_36' title="bbox 2179 1932 3747 2007">
     <span class='ocr_line' id='line_1_36' title="bbox 2179 1932 3747 2007; baseline -0.001 -18"><span class='ocrx_word' id='word_1_256' title='bbox 2179 1936 2416 1999; x_wconf 81' lang='grc' dir='ltr'>οιούντες</span> <span class='ocrx_word' id='word_1_257' title='bbox 2451 1937 2511 1989; x_wconf 86' lang='grc' dir='ltr'>τὸ</span> <span class='ocrx_word' id='word_1_258' title='bbox 2554 1936 2748 2007; x_wconf 80' lang='grc' dir='ltr'>ἔργον,</span> <span class='ocrx_word' id='word_1_259' title='bbox 2801 1935 2895 1990; x_wconf 81' lang='grc' dir='ltr'>καὶ</span> <span class='ocrx_word' id='word_1_260' title='bbox 2943 1934 3230 1998; x_wconf 87' lang='grc' dir='ltr'>ἀκούοντες</span> <span class='ocrx_word' id='word_1_261' title='bbox 3274 1932 3385 1987; x_wconf 84' lang='grc' dir='ltr'>τῶν</span> <span class='ocrx_word' id='word_1_262' title='bbox 3428 1932 3627 2003; x_wconf 81' lang='grc' dir='ltr'>λόγων</span> <span class='ocrx_word' id='word_1_263' title='bbox 3676 1934 3747 1987; x_wconf 68' lang='grc' dir='ltr'><strong>οὐ</strong></span> 
     </span>
    </p>
   </div>
   <div class='ocr_carea' id='block_1_37' title="bbox 458 2018 2065 2094">
    <p class='ocr_par' dir='ltr' id='par_1_37' title="bbox 458 2021 2032 2094">
     <span class='ocr_line' id='line_1_37' title="bbox 458 2021 2032 2094; baseline -0.002 -16"><span class='ocrx_word' id='word_1_264' title='bbox 458 2038 563 2078; x_wconf 88' lang='lat' dir='ltr'><strong>non</strong></span> <span class='ocrx_word' id='word_1_265' title='bbox 607 2028 850 2089; x_wconf 86' lang='lat' dir='ltr'><strong>cessant,</strong></span> <span class='ocrx_word' id='word_1_266' title='bbox 898 2021 1137 2078; x_wconf 89' lang='lat' dir='ltr'><strong>ministri</strong></span> <span class='ocrx_word' id='word_1_267' title='bbox 1190 2037 1332 2094; x_wconf 91' lang='lat' dir='ltr'><strong>opus</strong></span> <span class='ocrx_word' id='word_1_268' title='bbox 1378 2022 1579 2087; x_wconf 79' lang='lat' dir='ltr'><strong>facere,</strong></span> <span class='ocrx_word' id='word_1_269' title='bbox 1630 2033 1685 2078; x_wconf 93' lang='lat' dir='ltr'><strong>et</strong></span> <span class='ocrx_word' id='word_1_270' title='bbox 1723 2038 2032 2079; x_wconf 87' lang='lat' dir='ltr'><strong>sermonem</strong></span> 
     </span>
    </p>
   </div>
   <div class='ocr_carea' id='block_1_38' title="bbox 2179 2018 3749 2094">
    <p class='ocr_par' dir='ltr' id='par_1_38' title="bbox 2179 2018 3749 2092">
     <span class='ocr_line' id='line_1_38' title="bbox 2179 2018 3749 2092; baseline -0.004 -9"><span class='ocrx_word' id='word_1_271' title='bbox 2179 2028 2428 2083; x_wconf 76' lang='grc' dir='ltr'>ἀύονται.</span> <span class='ocrx_word' id='word_1_272' title='bbox 2501 2029 2653 2081; x_wconf 72' lang='grc' dir='ltr'>Ἐπεὶ</span> <span class='ocrx_word' id='word_1_273' title='bbox 2702 2027 2795 2083; x_wconf 80' lang='grc' dir='ltr'>οὖν</span> <span class='ocrx_word' id='word_1_274' title='bbox 2846 2028 2902 2081; x_wconf 81' lang='grc' dir='ltr'>αἱ</span> <span class='ocrx_word' id='word_1_275' title='bbox 2965 2026 3199 2092; x_wconf 71' lang='grc' dir='ltr'>ἐξουσίαι</span> <span class='ocrx_word' id='word_1_276' title='bbox 3254 2018 3415 2080; x_wconf 73' lang='grc' dir='ltr'>αὗται</span> <span class='ocrx_word' id='word_1_277' title='bbox 3466 2023 3591 2078; x_wconf 68' lang='grc' dir='ltr'><strong>ὑπὸ</strong></span> <span class='ocrx_word' id='word_1_278' title='bbox 3642 2020 3749 2077; x_wconf 74' lang='grc' dir='ltr'><strong>τοῦ</strong></span> 
     </span>
    </p>
   </div>
   <div class='ocr_carea' id='block_1_39' title="bbox 458 2110 2065 2191">
    <p class='ocr_par' dir='ltr' id='par_1_39' title="bbox 458 2110 2037 2184">
     <span class='ocr_line' id='line_1_39' title="bbox 458 2110 2037 2184; baseline -0.001 -15"><span class='ocrx_word' id='word_1_279' title='bbox 458 2114 646 2170; x_wconf 67' lang='lat' dir='ltr'><strong>audire</strong></span> <span class='ocrx_word' id='word_1_280' title='bbox 672 2128 784 2169; x_wconf 90' lang='lat' dir='ltr'><strong>non</strong></span> <span class='ocrx_word' id='word_1_281' title='bbox 828 2110 1089 2166; x_wconf 90' lang='lat' dir='ltr'><strong>desinunt</strong></span> <span class='ocrx_word' id='word_1_282' title='bbox 1112 2112 1182 2165; x_wconf 78' lang='grc' dir='ltr'><strong>τ’.</strong></span> <span class='ocrx_word' id='word_1_283' title='bbox 1220 2111 1315 2167; x_wconf 72' lang='lat' dir='ltr'><strong>liae</strong></span> <span class='ocrx_word' id='word_1_284' title='bbox 1342 2112 1509 2184; x_wconf 90' lang='lat' dir='ltr'><strong>igitur</strong></span> <span class='ocrx_word' id='word_1_285' title='bbox 1536 2120 1839 2183; x_wconf 84' lang='lat' dir='ltr'><strong>potestates</strong></span> <span class='ocrx_word' id='word_1_286' title='bbox 1864 2127 1891 2165; x_wconf 89' lang='lat' dir='ltr'><strong>a</strong></span> <span class='ocrx_word' id='word_1_287' title='bbox 1926 2111 2037 2167; x_wconf 87' lang='lat' dir='ltr'><strong>Deo</strong></span> 
     </span>
    </p>
   </div>
   <div class='ocr_carea' id='block_1_40' title="bbox 2179 2110 3747 2191">
    <p class='ocr_par' dir='ltr' id='par_1_40' title="bbox 2179 2114 3747 2191">
     <span class='ocr_line' id='line_1_40' title="bbox 2179 2114 3747 2191; baseline -0.004 -18"><span class='ocrx_word' id='word_1_288' title='bbox 2179 2119 2280 2173; x_wconf 77' lang='grc' dir='ltr'>ἐοῦ</span> <span class='ocrx_word' id='word_1_289' title='bbox 2303 2120 2629 2191; x_wconf 82' lang='grc' dir='ltr'>τεταγμέναι</span> <span class='ocrx_word' id='word_1_290' title='bbox 2660 2120 2787 2185; x_wconf 72' lang='grc' dir='ltr'>εἰσὶ,</span> <span class='ocrx_word' id='word_1_291' title='bbox 2837 2119 2931 2174; x_wconf 74' lang='grc' dir='ltr'>καὶ</span> <span class='ocrx_word' id='word_1_292' title='bbox 2975 2120 3009 2189; x_wconf 82' lang='grc' dir='ltr'><strong>ἠ</strong></span> <span class='ocrx_word' id='word_1_293' title='bbox 3050 2117 3203 2183; x_wconf 86' lang='grc' dir='ltr'>τάξις</span> <span class='ocrx_word' id='word_1_294' title='bbox 3243 2116 3350 2171; x_wconf 85' lang='grc' dir='ltr'><strong>τῶν</strong></span> <span class='ocrx_word' id='word_1_295' title='bbox 3375 2115 3601 2188; x_wconf 81' lang='grc' dir='ltr'>νοητῶν</span> <span class='ocrx_word' id='word_1_296' title='bbox 3640 2114 3747 2169; x_wconf 70' lang='grc' dir='ltr'><strong>καὶ</strong></span> 
     </span>
    </p>
   </div>
   <div class='ocr_carea' id='block_1_41' title="bbox 459 2205 2065 2284">
    <p class='ocr_par' dir='ltr' id='par_1_41' title="bbox 459 2205 2039 2276">
     <span class='ocr_line' id='line_1_41' title="bbox 459 2205 2039 2276; baseline -0.004 -12"><span class='ocrx_word' id='word_1_297' title='bbox 459 2223 585 2264; x_wconf 89' lang='lat' dir='ltr'><strong>cum</strong></span> <span class='ocrx_word' id='word_1_298' title='bbox 614 2207 884 2261; x_wconf 74' lang='lat' dir='ltr'><strong>ordinatae</strong></span> <span class='ocrx_word' id='word_1_299' title='bbox 908 2206 1039 2269; x_wconf 89' lang='lat' dir='ltr'><strong>sint,</strong></span> <span class='ocrx_word' id='word_1_300' title='bbox 1078 2220 1312 2274; x_wconf 90' lang='lat' dir='ltr'><strong>cumque</strong></span> <span class='ocrx_word' id='word_1_301' title='bbox 1338 2206 1476 2261; x_wconf 94' lang='lat' dir='ltr'><strong>ordo</strong></span> <span class='ocrx_word' id='word_1_302' title='bbox 1507 2205 1600 2261; x_wconf 90' lang='lat' dir='ltr'><strong>ille</strong></span> <span class='ocrx_word' id='word_1_303' title='bbox 1628 2205 1911 2276; x_wconf 89' lang='lat' dir='ltr'><strong>copiarum</strong></span> <span class='ocrx_word' id='word_1_304' title='bbox 1954 2205 2039 2259; x_wconf 81' lang='lat' dir='ltr'><strong>ul-</strong></span> 
     </span>
    </p>
   </div>
   <div class='ocr_carea' id='block_1_42' title="bbox 2179 2205 3751 2284">
    <p class='ocr_par' dir='ltr' id='par_1_42' title="bbox 2179 2206 3751 2284">
     <span class='ocr_line' id='line_1_42' title="bbox 2179 2206 3751 2284; baseline 0.001 -17"><span class='ocrx_word' id='word_1_305' title='bbox 2179 2215 2527 2284; x_wconf 85' lang='grc' dir='ltr'>περκοσμίων</span> <span class='ocrx_word' id='word_1_306' title='bbox 2556 2214 2855 2284; x_wconf 81' lang='grc' dir='ltr'><strong>δυνάμεων,</strong></span> <span class='ocrx_word' id='word_1_307' title='bbox 2900 2211 3204 2282; x_wconf 87' lang='grc' dir='ltr'>ἀσύγχυτος</span> <span class='ocrx_word' id='word_1_308' title='bbox 3247 2210 3326 2273; x_wconf 82' lang='grc' dir='ltr'><strong>είς</strong></span> <span class='ocrx_word' id='word_1_309' title='bbox 3370 2207 3436 2262; x_wconf 77' lang='grc' dir='ltr'>τὸ</span> <span class='ocrx_word' id='word_1_310' title='bbox 3471 2206 3751 2279; x_wconf 73' lang='grc' dir='ltr'>διηνεκὲς</span> 
     </span>
    </p>
   </div>
   <div class='ocr_carea' id='block_1_43' title="bbox 460 2296 2065 2376">
    <p class='ocr_par' dir='ltr' id='par_1_43' title="bbox 460 2297 2039 2369">
     <span class='ocr_line' id='line_1_43' title="bbox 460 2297 2039 2369; baseline -0.001 -16"><span class='ocrx_word' id='word_1_311' title='bbox 460 2297 970 2363; x_wconf 69' lang='lat' dir='ltr'><strong>.ramundanarum,</strong></span> <span class='ocrx_word' id='word_1_312' title='bbox 1003 2312 1253 2369; x_wconf 87' lang='lat' dir='ltr'><strong>quasque</strong></span> <span class='ocrx_word' id='word_1_313' title='bbox 1293 2306 1477 2353; x_wconf 91' lang='lat' dir='ltr'><strong>mente</strong></span> <span class='ocrx_word' id='word_1_314' title='bbox 1519 2306 1731 2353; x_wconf 90' lang='lat' dir='ltr'><strong>tantum</strong></span> <span class='ocrx_word' id='word_1_315' title='bbox 1780 2298 2039 2368; x_wconf 84' lang='lat' dir='ltr'><strong>intelligi-</strong></span> 
     </span>
    </p>
   </div>
   <div class='ocr_carea' id='block_1_44' title="bbox 2179 2296 3746 2376">
    <p class='ocr_par' dir='ltr' id='par_1_44' title="bbox 2179 2296 3746 2376">
     <span class='ocr_line' id='line_1_44' title="bbox 2179 2296 3746 2376; baseline -0.004 -20"><span class='ocrx_word' id='word_1_316' title='bbox 2179 2304 2315 2369; x_wconf 76' lang='lat' dir='ltr'><strong>.évet,</strong></span> <span class='ocrx_word' id='word_1_317' title='bbox 2344 2305 2609 2376; x_wconf 78' lang='grc' dir='ltr'>μηδεμιᾶς</span> <span class='ocrx_word' id='word_1_318' title='bbox 2637 2306 2832 2368; x_wconf 80' lang='grc' dir='ltr'>κακίας</span> <span class='ocrx_word' id='word_1_319' title='bbox 2854 2300 3263 2373; x_wconf 76' lang='grc' dir='ltr'><strong>ἀνατρεπούσης</strong></span> <span class='ocrx_word' id='word_1_320' title='bbox 3298 2299 3398 2371; x_wconf 81' lang='grc' dir='ltr'>τὴν</span> <span class='ocrx_word' id='word_1_321' title='bbox 3425 2296 3709 2363; x_wconf 74' lang='grc' dir='ltr'>εὐταξίαν</span> <span class='ocrx_word' id='word_1_322' title='bbox 3726 2310 3746 2325; x_wconf 87' lang='grc'><strong>·</strong></span> 
     </span>
    </p>
   </div>
   <div class='ocr_carea' id='block_1_45' title="bbox 461 2385 2065 2468">
    <p class='ocr_par' dir='ltr' id='par_1_45' title="bbox 461 2385 2037 2455">
     <span class='ocr_line' id='line_1_45' title="bbox 461 2385 2037 2455; baseline -0.001 -13"><span class='ocrx_word' id='word_1_323' title='bbox 461 2404 601 2453; x_wconf 83' lang='lat' dir='ltr'><strong>mus,</strong></span> <span class='ocrx_word' id='word_1_324' title='bbox 633 2396 901 2443; x_wconf 66' lang='lat' dir='ltr'><strong>aeternum</strong></span> <span class='ocrx_word' id='word_1_325' title='bbox 937 2402 1044 2443; x_wconf 94' lang='lat' dir='ltr'><strong>non</strong></span> <span class='ocrx_word' id='word_1_326' title='bbox 1077 2385 1345 2455; x_wconf 80' lang='lat' dir='ltr'><strong>confusus</strong></span> <span class='ocrx_word' id='word_1_327' title='bbox 1379 2396 1622 2453; x_wconf 85' lang='lat' dir='ltr'><strong>maneat,</strong></span> <span class='ocrx_word' id='word_1_328' title='bbox 1653 2389 1801 2442; x_wconf 90' lang='lat' dir='ltr'><strong>nulla</strong></span> <span class='ocrx_word' id='word_1_329' title='bbox 1833 2387 2037 2441; x_wconf 85' lang='lat' dir='ltr'><strong>malitia</strong></span> 
     </span>
    </p>
   </div>
   <div class='ocr_carea' id='block_1_46' title="bbox 2179 2385 3750 2468">
    <p class='ocr_par' dir='ltr' id='par_1_46' title="bbox 2179 2389 3750 2468">
     <span class='ocr_line' id='line_1_46' title="bbox 2179 2389 3750 2468; baseline -0.004 -18"><span class='ocrx_word' id='word_1_330' title='bbox 2179 2398 2228 2450; x_wconf 83' lang='grc' dir='ltr'><strong>ιὰ</strong></span> <span class='ocrx_word' id='word_1_331' title='bbox 2258 2398 2414 2451; x_wconf 78' lang='grc' dir='ltr'>τοῦτο</span> <span class='ocrx_word' id='word_1_332' title='bbox 2462 2399 2556 2451; x_wconf 71' lang='grc' dir='ltr'>καὶ</span> <span class='ocrx_word' id='word_1_333' title='bbox 2588 2399 2622 2468; x_wconf 81' lang='grc' dir='ltr'>ἡ</span> <span class='ocrx_word' id='word_1_334' title='bbox 2652 2396 2787 2467; x_wconf 82' lang='grc' dir='ltr'>πρὸς</span> <span class='ocrx_word' id='word_1_335' title='bbox 2838 2395 3069 2466; x_wconf 80' lang='grc' dir='ltr'>μίμησιν</span> <span class='ocrx_word' id='word_1_336' title='bbox 3114 2391 3334 2445; x_wconf 75' lang='grc' dir='ltr'>ἐκείνων</span> <span class='ocrx_word' id='word_1_337' title='bbox 3365 2389 3522 2462; x_wconf 75' lang='grc' dir='ltr'>ψυχὴ</span> <span class='ocrx_word' id='word_1_338' title='bbox 3554 2389 3750 2444; x_wconf 69' lang='grc' dir='ltr'>πάντα</span> 
     </span>
    </p>
   </div>
   <div class='ocr_carea' id='block_1_47' title="bbox 461 2479 2065 2557">
    <p class='ocr_par' dir='ltr' id='par_1_47' title="bbox 461 2479 2043 2553">
     <span class='ocr_line' id='line_1_47' title="bbox 461 2479 2043 2553; baseline -0.002 -15"><span class='ocrx_word' id='word_1_339' title='bbox 461 2483 727 2538; x_wconf 86' lang='lat' dir='ltr'><strong>rationem</strong></span> <span class='ocrx_word' id='word_1_340' title='bbox 773 2482 925 2538; x_wconf 88' lang='lat' dir='ltr'><strong>illam</strong></span> <span class='ocrx_word' id='word_1_341' title='bbox 966 2481 1174 2553; x_wconf 90' lang='lat' dir='ltr'><strong>optime</strong></span> <span class='ocrx_word' id='word_1_342' title='bbox 1204 2481 1564 2535; x_wconf 85' lang='lat' dir='ltr'><strong>constitutam</strong></span> <span class='ocrx_word' id='word_1_343' title='bbox 1607 2489 1920 2548; x_wconf 90' lang='lat' dir='ltr'><strong>evertente;</strong></span> <span class='ocrx_word' id='word_1_344' title='bbox 1958 2479 2043 2535; x_wconf 90' lang='lat' dir='ltr'><strong>id-</strong></span> 
     </span>
    </p>
   </div>
   <div class='ocr_carea' id='block_1_48' title="bbox 2179 2479 3751 2557">
    <p class='ocr_par' dir='ltr' id='par_1_48' title="bbox 2181 2479 3751 2557">
     <span class='ocr_line' id='line_1_48' title="bbox 2181 2479 3751 2557; baseline -0.006 -15"><span class='ocrx_word' id='word_1_345' title='bbox 2181 2488 2283 2541; x_wconf 85' lang='grc' dir='ltr'><strong>ατά</strong></span> <span class='ocrx_word' id='word_1_346' title='bbox 2325 2488 2478 2554; x_wconf 80' lang='grc' dir='ltr'>τάξιν</span> <span class='ocrx_word' id='word_1_347' title='bbox 2514 2488 2607 2541; x_wconf 73' lang='grc' dir='ltr'>καὶ</span> <span class='ocrx_word' id='word_1_348' title='bbox 2655 2486 3001 2557; x_wconf 80' lang='grc' dir='ltr'>εὐσχημόνως</span> <span class='ocrx_word' id='word_1_349' title='bbox 3046 2482 3305 2546; x_wconf 83' lang='grc' dir='ltr'>ποιοῦσα,</span> <span class='ocrx_word' id='word_1_350' title='bbox 3349 2480 3609 2534; x_wconf 75' lang='grc' dir='ltr'>τοιοῦτον</span> <span class='ocrx_word' id='word_1_351' title='bbox 3652 2479 3751 2551; x_wconf 66' lang='grc' dir='ltr'><strong>ἐφ’</strong></span> 
     </span>
    </p>
   </div>
   <div class='ocr_carea' id='block_1_49' title="bbox 462 2570 2065 2649">
    <p class='ocr_par' dir='ltr' id='par_1_49' title="bbox 462 2570 2041 2642">
     <span class='ocr_line' id='line_1_49' title="bbox 462 2570 2041 2642; baseline -0.003 -14"><span class='ocrx_word' id='word_1_352' title='bbox 462 2573 609 2629; x_wconf 73' lang='lat' dir='ltr'><strong>circo</strong></span> <span class='ocrx_word' id='word_1_353' title='bbox 654 2573 817 2628; x_wconf 89' lang='lat' dir='ltr'><strong>etiam</strong></span> <span class='ocrx_word' id='word_1_354' title='bbox 873 2572 1079 2635; x_wconf 84' lang='lat' dir='ltr'><strong>anima,</strong></span> <span class='ocrx_word' id='word_1_355' title='bbox 1115 2586 1238 2642; x_wconf 67' lang='lat' dir='ltr'><strong>qua:</strong></span> <span class='ocrx_word' id='word_1_356' title='bbox 1287 2571 1355 2625; x_wconf 89' lang='lat' dir='ltr'><strong>ad</strong></span> <span class='ocrx_word' id='word_1_357' title='bbox 1412 2571 1628 2625; x_wconf 89' lang='lat' dir='ltr'><strong>illarum</strong></span> <span class='ocrx_word' id='word_1_358' title='bbox 1679 2570 2041 2625; x_wconf 82' lang='lat' dir='ltr'><strong>imitationem</strong></span> 
     </span>
    </p>
   </div>
   <div class='ocr_carea' id='block_1_50' title="bbox 2179 2570 3749 2649">
    <p class='ocr_par' dir='ltr' id='par_1_50' title="bbox 2179 2570 3749 2649">
     <span class='ocr_line' id='line_1_50' title="bbox 2179 2570 3749 2649; baseline -0.005 -17"><span class='ocrx_word' id='word_1_359' title='bbox 2179 2580 2343 2649; x_wconf 85' lang='grc' dir='ltr'>αυτῆς</span> <span class='ocrx_word' id='word_1_360' title='bbox 2362 2582 2501 2632; x_wconf 87' lang='grc' dir='ltr'>κινεῖ</span> <span class='ocrx_word' id='word_1_361' title='bbox 2519 2579 2577 2631; x_wconf 83' lang='grc' dir='ltr'>τὸ</span> <span class='ocrx_word' id='word_1_362' title='bbox 2601 2570 2927 2647; x_wconf 74' lang='grc' dir='ltr'>θαῦμα,οἶον</span> <span class='ocrx_word' id='word_1_363' title='bbox 2953 2577 3008 2628; x_wconf 84' lang='grc' dir='ltr'>ἐν</span> <span class='ocrx_word' id='word_1_364' title='bbox 3031 2577 3149 2637; x_wconf 85' lang='grc' dir='ltr'>ταῖς</span> <span class='ocrx_word' id='word_1_365' title='bbox 3162 2573 3456 2644; x_wconf 80' lang='grc' dir='ltr'>δυνάμεσιν</span> <span class='ocrx_word' id='word_1_366' title='bbox 3481 2572 3749 2635; x_wconf 71' lang='grc' dir='ltr'>ἐκείναις</span> 
     </span>
    </p>
   </div>
   <div class='ocr_carea' id='block_1_51' title="bbox 463 2660 2065 2739">
    <p class='ocr_par' dir='ltr' id='par_1_51' title="bbox 463 2662 2045 2735">
     <span class='ocr_line' id='line_1_51' title="bbox 463 2662 2045 2735; baseline -0.006 -11"><span class='ocrx_word' id='word_1_367' title='bbox 463 2667 655 2724; x_wconf 76' lang='lat' dir='ltr'><strong>ordine</strong></span> <span class='ocrx_word' id='word_1_368' title='bbox 697 2665 1063 2735; x_wconf 88' lang='lat' dir='ltr'><strong>decenterque</strong></span> <span class='ocrx_word' id='word_1_369' title='bbox 1093 2664 1225 2719; x_wconf 81' lang='lat' dir='ltr'><strong>facit</strong></span> <span class='ocrx_word' id='word_1_370' title='bbox 1267 2663 1473 2729; x_wconf 88' lang='lat' dir='ltr'><strong>omnia,</strong></span> <span class='ocrx_word' id='word_1_371' title='bbox 1528 2663 1691 2718; x_wconf 70' lang='lat' dir='ltr'><strong>talem</strong></span> <span class='ocrx_word' id='word_1_372' title='bbox 1744 2662 1829 2717; x_wconf 91' lang='lat' dir='ltr'><strong>sui</strong></span> <span class='ocrx_word' id='word_1_373' title='bbox 1870 2662 2045 2717; x_wconf 90' lang='lat' dir='ltr'><strong>admi-</strong></span> 
     </span>
    </p>
   </div>
   <div class='ocr_carea' id='block_1_52' title="bbox 2179 2660 3751 2739">
    <p class='ocr_par' dir='ltr' id='par_1_52' title="bbox 2179 2660 3751 2739">
     <span class='ocr_line' id='line_1_52' title="bbox 2179 2660 3751 2739; baseline -0.005 -17"><span class='ocrx_word' id='word_1_374' title='bbox 2179 2672 2264 2733; x_wconf 85' lang='grc' dir='ltr'><strong>αῖς</strong></span> <span class='ocrx_word' id='word_1_375' title='bbox 2289 2670 2646 2739; x_wconf 80' lang='grc' dir='ltr'>τεταγμέναις</span> <span class='ocrx_word' id='word_1_376' title='bbox 2676 2667 2841 2719; x_wconf 76' lang='grc' dir='ltr'>ἐστίν.</span> <span class='ocrx_word' id='word_1_377' title='bbox 2907 2664 3209 2733; x_wconf 85' lang='grc' dir='ltr'>Ἐκπληξις</span> <span class='ocrx_word' id='word_1_378' title='bbox 3239 2662 3347 2734; x_wconf 79' lang='grc' dir='ltr'><strong>γὰρ</strong></span> <span class='ocrx_word' id='word_1_379' title='bbox 3377 2664 3414 2733; x_wconf 77' lang='grc' dir='ltr'><strong>ἠ</strong></span> <span class='ocrx_word' id='word_1_380' title='bbox 3446 2660 3551 2715; x_wconf 77' lang='grc' dir='ltr'>τοῦ</span> <span class='ocrx_word' id='word_1_381' title='bbox 3596 2660 3751 2732; x_wconf 73' lang='grc' dir='ltr'>θάμ-</span> 
     </span>
    </p>
   </div>
   <div class='ocr_carea' id='block_1_53' title="bbox 464 2751 2065 2830">
    <p class='ocr_par' dir='ltr' id='par_1_53' title="bbox 464 2755 2047 2827">
     <span class='ocr_line' id='line_1_53' title="bbox 464 2755 2047 2827; baseline -0.003 -14"><span class='ocrx_word' id='word_1_382' title='bbox 464 2760 730 2814; x_wconf 89' lang='lat' dir='ltr'><strong>rationem</strong></span> <span class='ocrx_word' id='word_1_383' title='bbox 760 2758 985 2820; x_wconf 80' lang='lat' dir='ltr'><strong>excitat,</strong></span> <span class='ocrx_word' id='word_1_384' title='bbox 1018 2757 1235 2827; x_wconf 89' lang='lat' dir='ltr'><strong>qualem</strong></span> <span class='ocrx_word' id='word_1_385' title='bbox 1267 2756 1538 2811; x_wconf 61' lang='lat' dir='ltr'><strong>ordinatae</strong></span> <span class='ocrx_word' id='word_1_386' title='bbox 1576 2756 1681 2810; x_wconf 74' lang='lat' dir='ltr'><strong>illa:</strong></span> <span class='ocrx_word' id='word_1_387' title='bbox 1721 2755 1892 2824; x_wconf 84' lang='lat' dir='ltr'><strong>c0piae</strong></span> <span class='ocrx_word' id='word_1_388' title='bbox 1934 2770 2047 2809; x_wconf 92' lang='lat' dir='ltr'><strong>me-</strong></span> 
     </span>
    </p>
   </div>
   <div class='ocr_carea' id='block_1_54' title="bbox 2179 2751 3755 2830">
    <p class='ocr_par' dir='ltr' id='par_1_54' title="bbox 2180 2751 3755 2830">
     <span class='ocr_line' id='line_1_54' title="bbox 2180 2751 3755 2830; baseline -0.006 -16"><span class='ocrx_word' id='word_1_389' title='bbox 2180 2778 2281 2824; x_wconf 80' lang='grc' dir='ltr'><strong>ους</strong></span> <span class='ocrx_word' id='word_1_390' title='bbox 2311 2762 2666 2830; x_wconf 79' lang='grc' dir='ltr'>ἑρμηνεύεται</span> <span class='ocrx_word' id='word_1_391' title='bbox 2704 2758 2929 2811; x_wconf 82' lang='grc' dir='ltr'>διάνοια.</span> <span class='ocrx_word' id='word_1_392' title='bbox 2964 2756 3061 2809; x_wconf 82' lang='grc' dir='ltr'><strong>Διὰ</strong></span> <span class='ocrx_word' id='word_1_393' title='bbox 3104 2754 3161 2807; x_wconf 82' lang='grc' dir='ltr'>δὲ</span> <span class='ocrx_word' id='word_1_394' title='bbox 3193 2757 3290 2824; x_wconf 83' lang='grc' dir='ltr'>τῆς</span> <span class='ocrx_word' id='word_1_395' title='bbox 3324 2751 3657 2825; x_wconf 72' lang='grc' dir='ltr'>ἐκπλήξεως</span> <span class='ocrx_word' id='word_1_396' title='bbox 3682 2752 3755 2806; x_wconf 77' lang='grc' dir='ltr'><strong>τδ</strong></span> 
     </span>
    </p>
   </div>
   <div class='ocr_carea' id='block_1_55' title="bbox 467 2841 2065 2925">
    <p class='ocr_par' dir='ltr' id='par_1_55' title="bbox 467 2848 2044 2920">
     <span class='ocr_line' id='line_1_55' title="bbox 467 2848 2044 2920; baseline -0.003 -14"><span class='ocrx_word' id='word_1_397' title='bbox 467 2858 679 2907; x_wconf 90' lang='lat' dir='ltr'><strong>rentur.</strong></span> <span class='ocrx_word' id='word_1_398' title='bbox 711 2849 850 2905; x_wconf 87' lang='lat' dir='ltr'><strong>Nam</strong></span> <span class='ocrx_word' id='word_1_399' title='bbox 880 2866 986 2905; x_wconf 81' lang='lat' dir='ltr'><strong>vox</strong></span> <span class='ocrx_word' id='word_1_400' title='bbox 1016 2848 1264 2920; x_wconf 89' lang='lat' dir='ltr'><strong>stuporis</strong></span> <span class='ocrx_word' id='word_1_401' title='bbox 1294 2848 1757 2920; x_wconf 83' lang='lat' dir='ltr'><strong>signiﬁcationem</strong></span> <span class='ocrx_word' id='word_1_402' title='bbox 1795 2855 2044 2904; x_wconf 87' lang='lat' dir='ltr'><strong>conster-</strong></span> 
     </span>
    </p>
   </div>
   <div class='ocr_carea' id='block_1_56' title="bbox 2179 2841 3618 2925">
    <p class='ocr_par' dir='ltr' id='par_1_56' title="bbox 2184 2841 3618 2925">
     <span class='ocr_line' id='line_1_56' title="bbox 2184 2841 3618 2925; baseline -0.007 -18"><span class='ocrx_word' id='word_1_403' title='bbox 2184 2854 2334 2925; x_wconf 82' lang='grc' dir='ltr'>αύμα</span> <span class='ocrx_word' id='word_1_404' title='bbox 2363 2852 2625 2917; x_wconf 82' lang='grc' dir='ltr'>νοοῦντες,</span> <span class='ocrx_word' id='word_1_405' title='bbox 2670 2849 2771 2921; x_wconf 83' lang='grc' dir='ltr'>τῆς</span> <span class='ocrx_word' id='word_1_406' title='bbox 2792 2846 3047 2919; x_wconf 79' lang='grc' dir='ltr'>ἀληθείας</span> <span class='ocrx_word' id='word_1_407' title='bbox 3069 2845 3169 2915; x_wconf 89' lang='grc' dir='ltr'><strong>οὐχ</strong></span> <span class='ocrx_word' id='word_1_408' title='bbox 3192 2841 3618 2916; x_wconf 72' lang='grc' dir='ltr'>ἁμαρτάνομεν.</span> 
     </span>
    </p>
   </div>
   <div class='ocr_carea' id='block_1_57' title="bbox 467 2938 2047 2999">
    <p class='ocr_par' dir='ltr' id='par_1_57' title="bbox 467 2938 2047 2999">
     <span class='ocr_line' id='line_1_57' title="bbox 467 2938 2047 2999; baseline -0.005 0"><span class='ocrx_word' id='word_1_409' title='bbox 467 2944 705 2999; x_wconf 89' lang='lat' dir='ltr'><strong>nationis</strong></span> <span class='ocrx_word' id='word_1_410' title='bbox 731 2941 916 2998; x_wconf 81' lang='lat' dir='ltr'><strong>habet.</strong></span> <span class='ocrx_word' id='word_1_411' title='bbox 949 2940 1053 2996; x_wconf 88' lang='lat' dir='ltr'><strong>Per</strong></span> <span class='ocrx_word' id='word_1_412' title='bbox 1081 2942 1584 2996; x_wconf 85' lang='lat' dir='ltr'><strong>consternationem</strong></span> <span class='ocrx_word' id='word_1_413' title='bbox 1617 2955 1747 2995; x_wconf 86' lang='lat' dir='ltr'><strong>vero</strong></span> <span class='ocrx_word' id='word_1_414' title='bbox 1784 2940 1832 2995; x_wconf 87' lang='lat' dir='ltr'><strong>si</strong></span> <span class='ocrx_word' id='word_1_415' title='bbox 1872 2938 2047 2993; x_wconf 83' lang='lat' dir='ltr'><strong>admi—</strong></span> 
     </span>
    </p>
   </div>
   <div class='ocr_carea' id='block_1_58' title="bbox 468 3032 2048 3105">
    <p class='ocr_par' dir='ltr' id='par_1_58' title="bbox 468 3032 2048 3105">
     <span class='ocr_line' id='line_1_58' title="bbox 468 3032 2048 3105; baseline -0.005 -14"><span class='ocrx_word' id='word_1_416' title='bbox 468 3035 736 3092; x_wconf 85' lang='lat' dir='ltr'><strong>rationem</strong></span> <span class='ocrx_word' id='word_1_417' title='bbox 762 3034 1159 3105; x_wconf 89' lang='lat' dir='ltr'><strong>intelligamus,</strong></span> <span class='ocrx_word' id='word_1_418' title='bbox 1189 3048 1219 3087; x_wconf 84' lang='lat' dir='ltr'><strong>a</strong></span> <span class='ocrx_word' id='word_1_419' title='bbox 1248 3033 1482 3089; x_wconf 83' lang='lat' dir='ltr'><strong>veritate</strong></span> <span class='ocrx_word' id='word_1_420' title='bbox 1506 3049 1614 3087; x_wconf 94' lang='lat' dir='ltr'><strong>non</strong></span> <span class='ocrx_word' id='word_1_421' title='bbox 1645 3032 2048 3088; x_wconf 80' lang='lat' dir='ltr'><strong>aberrabimus.</strong></span> 
     </span>
    </p>
   </div>
   <div class='ocr_carea' id='block_1_59' title="bbox 539 3124 2123 3222">
    <p class='ocr_par' dir='ltr' id='par_1_59' title="bbox 539 3124 2123 3222">
     <span class='ocr_line' id='line_1_59' title="bbox 539 3124 2123 3222; baseline -0.004 -39"><span class='ocrx_word' id='word_1_422' title='bbox 539 3130 807 3184; x_wconf 67' lang='lat' dir='ltr'><strong>Caeterum</strong></span> <span class='ocrx_word' id='word_1_423' title='bbox 839 3140 961 3196; x_wconf 71' lang='lat' dir='ltr'><strong>qua:</strong></span> <span class='ocrx_word' id='word_1_424' title='bbox 992 3124 1061 3180; x_wconf 90' lang='lat' dir='ltr'><strong>ab</strong></span> <span class='ocrx_word' id='word_1_425' title='bbox 1095 3124 1181 3179; x_wconf 90' lang='lat' dir='ltr'><strong>his</strong></span> <span class='ocrx_word' id='word_1_426' title='bbox 1209 3124 1461 3194; x_wconf 81' lang='lat' dir='ltr'><strong>proxima</strong></span> <span class='ocrx_word' id='word_1_427' title='bbox 1509 3133 1821 3193; x_wconf 85' lang='lat' dir='ltr'><strong>sequuntur</strong></span> <span class='ocrx_word' id='word_1_428' title='bbox 1851 3125 2043 3187; x_wconf 88' lang='lat' dir='ltr'><strong>verba,</strong></span> <span class='ocrx_word' id='word_1_429' title='bbox 2078 3163 2123 3222; x_wconf 59' lang='grc' dir='ltr'><strong>ϐ</strong></span> 
     </span>
    </p>
   </div>
   <div class='ocr_carea' id='block_1_60' title="bbox 468 3215 2049 3288">
    <p class='ocr_par' dir='ltr' id='par_1_60' title="bbox 468 3215 2049 3288">
     <span class='ocr_line' id='line_1_60' title="bbox 468 3215 2049 3288; baseline -0.004 -14"><span class='ocrx_word' id='word_1_430' title='bbox 468 3219 891 3288; x_wconf 77' lang='lat' dir='ltr'><strong>ambiguitatem</strong></span> <span class='ocrx_word' id='word_1_431' title='bbox 922 3215 1215 3284; x_wconf 88' lang='lat' dir='ltr'><strong>quamdam</strong></span> <span class='ocrx_word' id='word_1_432' title='bbox 1247 3215 1558 3280; x_wconf 87' lang='lat' dir='ltr'><strong>continent,</strong></span> <span class='ocrx_word' id='word_1_433' title='bbox 1591 3231 1829 3285; x_wconf 88' lang='lat' dir='ltr'><strong>quanam</strong></span> <span class='ocrx_word' id='word_1_434' title='bbox 1866 3230 1894 3269; x_wconf 91' lang='lat' dir='ltr'><strong>a</strong></span> <span class='ocrx_word' id='word_1_435' title='bbox 1923 3232 2049 3285; x_wconf 91' lang='lat' dir='ltr'><strong>per-</strong></span> 
     </span>
    </p>
   </div>
   <div class='ocr_carea' id='block_1_61' title="bbox 473 3304 2052 3376">
    <p class='ocr_par' dir='ltr' id='par_1_61' title="bbox 473 3304 2052 3376">
     <span class='ocr_line' id='line_1_61' title="bbox 473 3304 2052 3376; baseline -0.003 -12"><span class='ocrx_word' id='word_1_436' title='bbox 473 3325 632 3375; x_wconf 89' lang='lat' dir='ltr'><strong>sona,</strong></span> <span class='ocrx_word' id='word_1_437' title='bbox 670 3317 725 3363; x_wconf 90' lang='lat' dir='ltr'><strong>et</strong></span> <span class='ocrx_word' id='word_1_438' title='bbox 747 3305 815 3361; x_wconf 89' lang='lat' dir='ltr'><strong>ad</strong></span> <span class='ocrx_word' id='word_1_439' title='bbox 847 3320 1011 3376; x_wconf 90' lang='lat' dir='ltr'><strong>quam</strong></span> <span class='ocrx_word' id='word_1_440' title='bbox 1037 3307 1248 3375; x_wconf 87' lang='lat' dir='ltr'><strong>prolata</strong></span> <span class='ocrx_word' id='word_1_441' title='bbox 1280 3305 1410 3369; x_wconf 83' lang='lat' dir='ltr'><strong>sint,</strong></span> <span class='ocrx_word' id='word_1_442' title='bbox 1442 3320 1566 3359; x_wconf 92' lang='lat' dir='ltr'><strong>cum</strong></span> <span class='ocrx_word' id='word_1_443' title='bbox 1593 3304 1798 3359; x_wconf 90' lang='lat' dir='ltr'><strong>dicitur</strong></span> <span class='ocrx_word' id='word_1_444' title='bbox 1824 3322 1838 3358; x_wconf 87' lang='lat'><strong>:</strong></span> <span class='ocrx_word' id='word_1_445' title='bbox 1868 3305 2052 3360; x_wconf 76' lang='lat' dir='ltr'><strong>Averte</strong></span> 
     </span>
    </p>
   </div>
   <div class='ocr_carea' id='block_1_62' title="bbox 472 3394 2051 3456">
    <p class='ocr_par' dir='ltr' id='par_1_62' title="bbox 472 3394 2051 3456">
     <span class='ocr_line' id='line_1_62' title="bbox 472 3394 2051 3456; baseline -0.004 -1"><span class='ocrx_word' id='word_1_446' title='bbox 472 3400 653 3456; x_wconf 85' lang='lat' dir='ltr'><strong>oculos</strong></span> <span class='ocrx_word' id='word_1_447' title='bbox 691 3409 808 3453; x_wconf 85' lang='lat' dir='ltr'><strong>tuos</strong></span> <span class='ocrx_word' id='word_1_448' title='bbox 842 3414 876 3451; x_wconf 88' lang='lat' dir='ltr'><strong>a</strong></span> <span class='ocrx_word' id='word_1_449' title='bbox 900 3413 1005 3450; x_wconf 87' lang='lat' dir='ltr'><strong>me.</strong></span> <span class='ocrx_word' id='word_1_450' title='bbox 1033 3394 1178 3449; x_wconf 85' lang='lat' dir='ltr'><strong>Nunt</strong></span> <span class='ocrx_word' id='word_1_451' title='bbox 1224 3395 1308 3448; x_wconf 87' lang='lat' dir='ltr'><strong>illi</strong></span> <span class='ocrx_word' id='word_1_452' title='bbox 1347 3396 1463 3448; x_wconf 90' lang='lat' dir='ltr'><strong>alas</strong></span> <span class='ocrx_word' id='word_1_453' title='bbox 1508 3394 1635 3448; x_wconf 83' lang='lat' dir='ltr'><strong>mihi</strong></span> <span class='ocrx_word' id='word_1_454' title='bbox 1688 3394 2051 3450; x_wconf 79' lang='lat' dir='ltr'><strong>reddiderunt.</strong></span> 
     </span>
    </p>
   </div>
   <div class='ocr_carea' id='block_1_63' title="bbox 2238 3109 3751 3187">
    <p class='ocr_par' dir='ltr' id='par_1_63' title="bbox 2238 3109 3751 3187">
     <span class='ocr_line' id='line_1_63' title="bbox 2238 3109 3751 3187; baseline -0.013 -6"><span class='ocrx_word' id='word_1_455' title='bbox 2238 3126 2302 3182; x_wconf 83' lang='grc' dir='ltr'><strong>Ἦ</strong></span> <span class='ocrx_word' id='word_1_456' title='bbox 2336 3127 2392 3180; x_wconf 81' lang='grc' dir='ltr'>δὲ</span> <span class='ocrx_word' id='word_1_457' title='bbox 2416 3124 2622 3187; x_wconf 80' lang='grc' dir='ltr'>τούτοις</span> <span class='ocrx_word' id='word_1_458' title='bbox 2653 3123 2716 3175; x_wconf 83' lang='grc' dir='ltr'>ἐκ</span> <span class='ocrx_word' id='word_1_459' title='bbox 2745 3117 2840 3173; x_wconf 79' lang='grc' dir='ltr'>τοῦ</span> <span class='ocrx_word' id='word_1_460' title='bbox 2870 3115 3158 3172; x_wconf 79' lang='grc' dir='ltr'>ἀκολούθου</span> <span class='ocrx_word' id='word_1_461' title='bbox 3185 3111 3522 3185; x_wconf 84' lang='grc' dir='ltr'>προκειμένη</span> <span class='ocrx_word' id='word_1_462' title='bbox 3557 3109 3751 3181; x_wconf 73' lang='grc' dir='ltr'>ῥῆσις.</span> 
     </span>
    </p>
   </div>
   <div class='ocr_carea' id='block_1_64' title="bbox 2155 3198 3756 3289">
    <p class='ocr_par' dir='ltr' id='par_1_64' title="bbox 2155 3198 3756 3289">
     <span class='ocr_line' id='line_1_64' title="bbox 2155 3198 3756 3289; baseline -0.01 -17"><span class='ocrx_word' id='word_1_463' title='bbox 2155 3218 2430 3289; x_wconf 82' lang='grc' dir='ltr'>ἀμφίϐολα</span> <span class='ocrx_word' id='word_1_464' title='bbox 2463 3216 2607 3269; x_wconf 79' lang='grc' dir='ltr'>ποιεῖ</span> <span class='ocrx_word' id='word_1_465' title='bbox 2626 3212 2695 3266; x_wconf 82' lang='grc' dir='ltr'>τὰ</span> <span class='ocrx_word' id='word_1_466' title='bbox 2730 3210 3011 3284; x_wconf 82' lang='grc' dir='ltr'>πρόσωπα,</span> <span class='ocrx_word' id='word_1_467' title='bbox 3040 3207 3169 3280; x_wconf 80' lang='grc' dir='ltr'>παρ’</span> <span class='ocrx_word' id='word_1_468' title='bbox 3201 3198 3262 3262; x_wconf 75' lang='grc' dir='ltr'><strong>οὗ</strong></span> <span class='ocrx_word' id='word_1_469' title='bbox 3287 3223 3347 3260; x_wconf 82' lang='grc' dir='ltr'><strong>τε</strong></span> <span class='ocrx_word' id='word_1_470' title='bbox 3379 3203 3626 3277; x_wconf 75' lang='grc' dir='ltr'>εἴρηται,</span> <span class='ocrx_word' id='word_1_471' title='bbox 3649 3203 3756 3258; x_wconf 70' lang='grc' dir='ltr'>καὶ</span> 
     </span>
    </p>
   </div>
   <div class='ocr_carea' id='block_1_65' title="bbox 2158 3298 3754 3384">
    <p class='ocr_par' dir='ltr' id='par_1_65' title="bbox 2158 3298 3754 3384">
     <span class='ocr_line' id='line_1_65' title="bbox 2158 3298 3754 3384; baseline -0.011 -20"><span class='ocrx_word' id='word_1_472' title='bbox 2158 3311 2293 3384; x_wconf 85' lang='grc' dir='ltr'>πρὸς</span> <span class='ocrx_word' id='word_1_473' title='bbox 2329 3308 2387 3361; x_wconf 84' lang='grc' dir='ltr'>ὃν</span> <span class='ocrx_word' id='word_1_474' title='bbox 2416 3304 2567 3361; x_wconf 75' lang='grc' dir='ltr'>εἶπεν</span> <span class='ocrx_word' id='word_1_475' title='bbox 2590 3322 2603 3335; x_wconf 79' lang='grc'><strong>’</strong></span> <span class='ocrx_word' id='word_1_476' title='bbox 2639 3304 2722 3358; x_wconf 83' lang='grc' dir='ltr'>ὅτι</span> <span class='ocrx_word' id='word_1_477' title='bbox 2775 3303 3176 3369; x_wconf 69' lang='grc' dir='ltr'>Ἀπόστρεψον</span> <span class='ocrx_word' id='word_1_478' title='bbox 3207 3298 3349 3363; x_wconf 81' lang='grc' dir='ltr'>τοὺς</span> <span class='ocrx_word' id='word_1_479' title='bbox 3385 3298 3754 3365; x_wconf 67' lang='grc' dir='ltr'>ὀφθαλμούς</span> 
     </span>
    </p>
   </div>
   <div class='ocr_carea' id='block_1_66' title="bbox 2156 3384 3754 3463">
    <p class='ocr_par' dir='ltr' id='par_1_66' title="bbox 2156 3384 3754 3463">
     <span class='ocr_line' id='line_1_66' title="bbox 2156 3384 3754 3463; baseline -0.012 -9"><span class='ocrx_word' id='word_1_480' title='bbox 2156 3416 2272 3454; x_wconf 78' lang='grc' dir='ltr'><strong>σου</strong></span> <span class='ocrx_word' id='word_1_481' title='bbox 2315 3396 2679 3453; x_wconf 75' lang='grc' dir='ltr'>ἀπεναντίον</span> <span class='ocrx_word' id='word_1_482' title='bbox 2714 3392 2879 3463; x_wconf 82' lang='grc' dir='ltr'>ἐμοῦ.</span> <span class='ocrx_word' id='word_1_483' title='bbox 2929 3391 3059 3444; x_wconf 87' lang='grc' dir='ltr'>Ὅτι</span> <span class='ocrx_word' id='word_1_484' title='bbox 3099 3386 3273 3442; x_wconf 76' lang='grc' dir='ltr'>αὐτοὶ</span> <span class='ocrx_word' id='word_1_485' title='bbox 3314 3384 3754 3453; x_wconf 62' lang='lat' dir='ltr'><strong>dre-rarede</strong></span> 
     </span>
    </p>
   </div>
   <div class='ocr_carea' id='block_1_67' title="bbox 473 3476 2065 3561">
    <p class='ocr_par' dir='ltr' id='par_1_67' title="bbox 473 3486 2053 3553">
     <span class='ocr_line' id='line_1_67' title="bbox 473 3486 2053 3553; baseline -0.004 -7"><span class='ocrx_word' id='word_1_486' title='bbox 473 3490 766 3546; x_wconf 77' lang='lat' dir='ltr'><strong>Nonnullis</strong></span> <span class='ocrx_word' id='word_1_487' title='bbox 826 3486 1084 3553; x_wconf 85' lang='lat' dir='ltr'><strong>videtur,</strong></span> <span class='ocrx_word' id='word_1_488' title='bbox 1138 3487 1255 3541; x_wconf 64' lang='lat' dir='ltr'><strong>haec</strong></span> <span class='ocrx_word' id='word_1_489' title='bbox 1314 3502 1346 3540; x_wconf 90' lang='lat' dir='ltr'><strong>a</strong></span> <span class='ocrx_word' id='word_1_490' title='bbox 1406 3487 1636 3541; x_wconf 89' lang='lat' dir='ltr'><strong>Domino</strong></span> <span class='ocrx_word' id='word_1_491' title='bbox 1690 3486 1758 3541; x_wconf 87' lang='lat' dir='ltr'><strong>ad</strong></span> <span class='ocrx_word' id='word_1_492' title='bbox 1814 3487 2053 3541; x_wconf 88' lang='lat' dir='ltr'><strong>animam</strong></span> 
     </span>
    </p>
   </div>
   <div class='ocr_carea' id='block_1_68' title="bbox 2179 3476 3755 3561">
    <p class='ocr_par' dir='ltr' id='par_1_68' title="bbox 2179 3476 3755 3559">
     <span class='ocr_line' id='line_1_68' title="bbox 2179 3476 3755 3559; baseline -0.013 -14"><span class='ocrx_word' id='word_1_493' title='bbox 2179 3508 2248 3546; x_wconf 89' lang='grc' dir='ltr'>ιε.</span> <span class='ocrx_word' id='word_1_494' title='bbox 2291 3490 2414 3553; x_wconf 86' lang='grc' dir='ltr'>Τοῖς</span> <span class='ocrx_word' id='word_1_495' title='bbox 2442 3488 2540 3559; x_wconf 83' lang='grc' dir='ltr'>μὲν</span> <span class='ocrx_word' id='word_1_496' title='bbox 2569 3487 2678 3558; x_wconf 78' lang='grc' dir='ltr'>γὰρ</span> <span class='ocrx_word' id='word_1_497' title='bbox 2705 3485 2851 3539; x_wconf 85' lang='grc' dir='ltr'><strong>δοκεῖ</strong></span> <span class='ocrx_word' id='word_1_498' title='bbox 2879 3481 3027 3554; x_wconf 88' lang='grc' dir='ltr'><strong>παρά</strong></span> <span class='ocrx_word' id='word_1_499' title='bbox 3048 3480 3141 3534; x_wconf 80' lang='grc' dir='ltr'>τοῦ</span> <span class='ocrx_word' id='word_1_500' title='bbox 3165 3478 3437 3531; x_wconf 82' lang='grc' dir='ltr'>Δεσπότου</span> <span class='ocrx_word' id='word_1_501' title='bbox 3475 3476 3619 3546; x_wconf 78' lang='grc' dir='ltr'>πρὸς</span> <span class='ocrx_word' id='word_1_502' title='bbox 3642 3478 3755 3547; x_wconf 74' lang='grc' dir='ltr'>τὴν</span> 
     </span>
    </p>
   </div>
   <div class='ocr_carea' id='block_1_69' title="bbox 474 3578 2053 3653">
    <p class='ocr_par' dir='ltr' id='par_1_69' title="bbox 474 3578 2053 3653">
     <span class='ocr_line' id='line_1_69' title="bbox 474 3578 2053 3653; baseline -0.003 -17"><span class='ocrx_word' id='word_1_503' title='bbox 474 3596 672 3653; x_wconf 89' lang='lat' dir='ltr'><strong>puram</strong></span> <span class='ocrx_word' id='word_1_504' title='bbox 702 3581 811 3635; x_wconf 89' lang='lat' dir='ltr'><strong>dici</strong></span> <span class='ocrx_word' id='word_1_505' title='bbox 838 3597 852 3633; x_wconf 89' lang='lat'><strong>:</strong></span> <span class='ocrx_word' id='word_1_506' title='bbox 887 3595 1074 3635; x_wconf 88' lang='lat' dir='ltr'><strong>verum</strong></span> <span class='ocrx_word' id='word_1_507' title='bbox 1107 3593 1208 3649; x_wconf 86' lang='lat' dir='ltr'><strong>ego</strong></span> <span class='ocrx_word' id='word_1_508' title='bbox 1236 3580 1408 3649; x_wconf 84' lang='lat' dir='ltr'><strong>magis</strong></span> <span class='ocrx_word' id='word_1_509' title='bbox 1460 3578 1757 3633; x_wconf 90' lang='lat' dir='ltr'><strong>convenire</strong></span> <span class='ocrx_word' id='word_1_510' title='bbox 1791 3579 2053 3643; x_wconf 87' lang='lat' dir='ltr'><strong>arbitror,</strong></span> 
     </span>
    </p>
   </div>
   <div class='ocr_carea' id='block_1_70' title="bbox 479 3668 2056 3743">
    <p class='ocr_par' dir='ltr' id='par_1_70' title="bbox 479 3668 2056 3743">
     <span class='ocr_line' id='line_1_70' title="bbox 479 3668 2056 3743; baseline -0.006 -12"><span class='ocrx_word' id='word_1_511' title='bbox 479 3685 540 3731; x_wconf 89' lang='lat' dir='ltr'><strong>ut</strong></span> <span class='ocrx_word' id='word_1_512' title='bbox 574 3675 690 3730; x_wconf 84' lang='lat' dir='ltr'><strong>haec</strong></span> <span class='ocrx_word' id='word_1_513' title='bbox 720 3671 789 3728; x_wconf 89' lang='lat' dir='ltr'><strong>ad</strong></span> <span class='ocrx_word' id='word_1_514' title='bbox 821 3685 1077 3743; x_wconf 88' lang='lat' dir='ltr'><strong>sponsam</strong></span> <span class='ocrx_word' id='word_1_515' title='bbox 1118 3668 1447 3725; x_wconf 79' lang='lat' dir='ltr'><strong>referantur.</strong></span> <span class='ocrx_word' id='word_1_516' title='bbox 1495 3668 1711 3724; x_wconf 88' lang='lat' dir='ltr'><strong>Etenim</strong></span> <span class='ocrx_word' id='word_1_517' title='bbox 1756 3668 1887 3724; x_wconf 90' lang='lat' dir='ltr'><strong>huic</strong></span> <span class='ocrx_word' id='word_1_518' title='bbox 1917 3682 2056 3724; x_wconf 84' lang='lat' dir='ltr'><strong>con-</strong></span> 
     </span>
    </p>
   </div>
   <div class='ocr_carea' id='block_1_71' title="bbox 477 3761 2054 3837">
    <p class='ocr_par' dir='ltr' id='par_1_71' title="bbox 477 3761 2054 3837">
     <span class='ocr_line' id='line_1_71' title="bbox 477 3761 2054 3837; baseline -0.004 -17"><span class='ocrx_word' id='word_1_519' title='bbox 477 3780 677 3837; x_wconf 87' lang='lat' dir='ltr'><strong>gruere</strong></span> <span class='ocrx_word' id='word_1_520' title='bbox 727 3763 1056 3820; x_wconf 88' lang='lat' dir='ltr'><strong>sententiam</strong></span> <span class='ocrx_word' id='word_1_521' title='bbox 1082 3777 1294 3825; x_wconf 86' lang='lat' dir='ltr'><strong>eorum.</strong></span> <span class='ocrx_word' id='word_1_522' title='bbox 1336 3777 1456 3832; x_wconf 72' lang='lat' dir='ltr'><strong>quae</strong></span> <span class='ocrx_word' id='word_1_523' title='bbox 1484 3761 1767 3827; x_wconf 88' lang='lat' dir='ltr'><strong>dicuntur,</strong></span> <span class='ocrx_word' id='word_1_524' title='bbox 1818 3762 2054 3831; x_wconf 86' lang='lat' dir='ltr'><strong>reperio.</strong></span> 
     </span>
    </p>
   </div>
   <div class='ocr_carea' id='block_1_72' title="bbox 478 3851 2054 3922">
    <p class='ocr_par' dir='ltr' id='par_1_72' title="bbox 478 3851 2054 3922">
     <span class='ocr_line' id='line_1_72' title="bbox 478 3851 2054 3922; baseline -0.001 -13"><span class='ocrx_word' id='word_1_525' title='bbox 478 3855 612 3922; x_wconf 61' lang='lat' dir='ltr'><strong>Quae</strong></span> <span class='ocrx_word' id='word_1_526' title='bbox 665 3861 849 3909; x_wconf 91' lang='lat' dir='ltr'><strong>autem</strong></span> <span class='ocrx_word' id='word_1_527' title='bbox 902 3852 1038 3907; x_wconf 89' lang='lat' dir='ltr'><strong>mihi</strong></span> <span class='ocrx_word' id='word_1_528' title='bbox 1086 3860 1419 3917; x_wconf 89' lang='lat' dir='ltr'><strong>occurrunt,</strong></span> <span class='ocrx_word' id='word_1_529' title='bbox 1476 3866 1746 3922; x_wconf 81' lang='lat' dir='ltr'><strong>exponam</strong></span> <span class='ocrx_word' id='word_1_530' title='bbox 1798 3851 2054 3907; x_wconf 89' lang='lat' dir='ltr'><strong>breviter.</strong></span> 
     </span>
    </p>
   </div>
   <div class='ocr_carea' id='block_1_73' title="bbox 480 3943 2058 4015">
    <p class='ocr_par' dir='ltr' id='par_1_73' title="bbox 480 3943 2058 4015">
     <span class='ocr_line' id='line_1_73' title="bbox 480 3943 2058 4015; baseline -0.002 -14"><span class='ocrx_word' id='word_1_531' title='bbox 480 3947 870 4015; x_wconf 67' lang='lat' dir='ltr'><strong>Saepenumero</strong></span> <span class='ocrx_word' id='word_1_532' title='bbox 925 3944 1269 4014; x_wconf 85' lang='lat' dir='ltr'><strong>Scripturam</strong></span> <span class='ocrx_word' id='word_1_533' title='bbox 1316 3959 1348 3998; x_wconf 90' lang='lat' dir='ltr'><strong>a</strong></span> <span class='ocrx_word' id='word_1_534' title='bbox 1414 3943 1525 3998; x_wconf 90' lang='lat' dir='ltr'><strong>Deo</strong></span> <span class='ocrx_word' id='word_1_535' title='bbox 1577 3944 1900 4014; x_wconf 85' lang='lat' dir='ltr'><strong>inspiratam</strong></span> <span class='ocrx_word' id='word_1_536' title='bbox 1963 3944 2058 3999; x_wconf 87' lang='lat' dir='ltr'><strong>Dei</strong></span> 
     </span>
    </p>
   </div>
   <div class='ocr_carea' id='block_1_74' title="bbox 481 4034 2060 4092">
    <p class='ocr_par' dir='ltr' id='par_1_74' title="bbox 481 4034 2060 4092">
     <span class='ocr_line' id='line_1_74' title="bbox 481 4034 2060 4092; baseline -0.001 -1"><span class='ocrx_word' id='word_1_537' title='bbox 481 4038 694 4092; x_wconf 84' lang='lat' dir='ltr'><strong>alarum</strong></span> <span class='ocrx_word' id='word_1_538' title='bbox 748 4035 1080 4090; x_wconf 89' lang='lat' dir='ltr'><strong>mentionem</strong></span> <span class='ocrx_word' id='word_1_539' title='bbox 1121 4034 1301 4090; x_wconf 80' lang='lat' dir='ltr'><strong>facere</strong></span> <span class='ocrx_word' id='word_1_540' title='bbox 1349 4034 1535 4091; x_wconf 87' lang='lat' dir='ltr'><strong>audio.</strong></span> <span class='ocrx_word' id='word_1_541' title='bbox 1586 4034 1747 4091; x_wconf 87' lang='lat' dir='ltr'><strong>Modo</strong></span> <span class='ocrx_word' id='word_1_542' title='bbox 1795 4037 1939 4091; x_wconf 90' lang='lat' dir='ltr'><strong>enim</strong></span> <span class='ocrx_word' id='word_1_543' title='bbox 1984 4038 2060 4090; x_wconf 88' lang='lat' dir='ltr'><strong>ait</strong></span> 
     </span>
    </p>
   </div>
   <div class='ocr_carea' id='block_1_75' title="bbox 481 4128 2056 4202">
    <p class='ocr_par' dir='ltr' id='par_1_75' title="bbox 481 4128 2056 4202">
     <span class='ocr_line' id='line_1_75' title="bbox 481 4128 2056 4202; baseline -0.001 -16"><span class='ocrx_word' id='word_1_544' title='bbox 481 4129 756 4202; x_wconf 86' lang='lat' dir='ltr'><strong>Propheta</strong></span> <span class='ocrx_word' id='word_1_545' title='bbox 794 4148 809 4184; x_wconf 89' lang='lat'><strong>:</strong></span> <span class='ocrx_word' id='word_1_546' title='bbox 842 4128 950 4183; x_wconf 89' lang='lat' dir='ltr'><strong>Sub</strong></span> <span class='ocrx_word' id='word_1_547' title='bbox 983 4130 1204 4199; x_wconf 76' lang='lat' dir='ltr'><strong>tegmine</strong></span> <span class='ocrx_word' id='word_1_548' title='bbox 1242 4129 1453 4183; x_wconf 87' lang='lat' dir='ltr'><strong>alarum</strong></span> <span class='ocrx_word' id='word_1_549' title='bbox 1488 4139 1699 4181; x_wconf 85' lang='lat' dir='ltr'><strong>tuarum</strong></span> <span class='ocrx_word' id='word_1_550' title='bbox 1728 4145 1809 4182; x_wconf 90' lang='lat' dir='ltr'><strong>me</strong></span> <span class='ocrx_word' id='word_1_551' title='bbox 1831 4138 1964 4199; x_wconf 86' lang='lat' dir='ltr'><strong>teges</strong></span> <span class='ocrx_word' id='word_1_552' title='bbox 1990 4129 2056 4185; x_wconf 67' lang='grc'><strong>⁸⁸.</strong></span> 
     </span>
    </p>
   </div>
   <div class='ocr_carea' id='block_1_76' title="bbox 488 4215 2060 4287">
    <p class='ocr_par' dir='ltr' id='par_1_76' title="bbox 488 4215 2060 4287">
     <span class='ocr_line' id='line_1_76' title="bbox 488 4215 2060 4287; baseline -0.002 -13"><span class='ocrx_word' id='word_1_553' title='bbox 488 4220 626 4275; x_wconf 89' lang='lat' dir='ltr'><strong>Item</strong></span> <span class='ocrx_word' id='word_1_554' title='bbox 666 4233 681 4271; x_wconf 89' lang='lat'><strong>:</strong></span> <span class='ocrx_word' id='word_1_555' title='bbox 724 4215 831 4272; x_wconf 85' lang='lat' dir='ltr'><strong>Sub</strong></span> <span class='ocrx_word' id='word_1_556' title='bbox 888 4216 1005 4271; x_wconf 83' lang='lat' dir='ltr'><strong>alas</strong></span> <span class='ocrx_word' id='word_1_557' title='bbox 1060 4216 1176 4285; x_wconf 87' lang='lat' dir='ltr'><strong>ejus</strong></span> <span class='ocrx_word' id='word_1_558' title='bbox 1228 4217 1463 4287; x_wconf 78' lang='lat' dir='ltr'><strong>sperabis</strong></span> <span class='ocrx_word' id='word_1_559' title='bbox 1484 4217 1550 4269; x_wconf 84' lang='grc'><strong>⁸¹.</strong></span> <span class='ocrx_word' id='word_1_560' title='bbox 1585 4215 1822 4272; x_wconf 79' lang='lat' dir='ltr'><strong>Rursum</strong></span> <span class='ocrx_word' id='word_1_561' title='bbox 1884 4216 2060 4271; x_wconf 85' lang='lat' dir='ltr'><strong>Moses</strong></span> 
     </span>
    </p>
   </div>
   <div class='ocr_carea' id='block_1_77' title="bbox 486 4308 2061 4381">
    <p class='ocr_par' dir='ltr' id='par_1_77' title="bbox 486 4308 2061 4381">
     <span class='ocr_line' id='line_1_77' title="bbox 486 4308 2061 4381; baseline -0.003 -15"><span class='ocrx_word' id='word_1_562' title='bbox 486 4308 689 4381; x_wconf 60' lang='lat' dir='ltr'><strong>insigni</strong></span> <span class='ocrx_word' id='word_1_563' title='bbox 742 4310 836 4364; x_wconf 86' lang='lat' dir='ltr'><strong>illo</strong></span> <span class='ocrx_word' id='word_1_564' title='bbox 893 4308 950 4363; x_wconf 92' lang='lat' dir='ltr'><strong>in</strong></span> <span class='ocrx_word' id='word_1_565' title='bbox 1009 4309 1254 4362; x_wconf 85' lang='lat' dir='ltr'><strong>carmine</strong></span> <span class='ocrx_word' id='word_1_566' title='bbox 1309 4308 1451 4363; x_wconf 90' lang='lat' dir='ltr'><strong>idem</strong></span> <span class='ocrx_word' id='word_1_567' title='bbox 1511 4308 1599 4362; x_wconf 91' lang='lat' dir='ltr'><strong>his</strong></span> <span class='ocrx_word' id='word_1_568' title='bbox 1650 4308 1833 4363; x_wconf 86' lang='lat' dir='ltr'><strong>verbis</strong></span> <span class='ocrx_word' id='word_1_569' title='bbox 1900 4308 2061 4378; x_wconf 88' lang='lat' dir='ltr'><strong>quasi</strong></span> 
     </span>
    </p>
   </div>
   <div class='ocr_carea' id='block_1_78' title="bbox 486 4397 2057 4472">
    <p class='ocr_par' dir='ltr' id='par_1_78' title="bbox 486 4397 2057 4472">
     <span class='ocr_line' id='line_1_78' title="bbox 486 4397 2057 4472; baseline -0.002 -14"><span class='ocrx_word' id='word_1_570' title='bbox 486 4402 731 4472; x_wconf 83' lang='lat' dir='ltr'><strong>depingit</strong></span> <span class='ocrx_word' id='word_1_571' title='bbox 756 4418 770 4454; x_wconf 90' lang='lat'><strong>:</strong></span> <span class='ocrx_word' id='word_1_572' title='bbox 805 4397 1045 4454; x_wconf 87' lang='lat' dir='ltr'><strong>Diductis</strong></span> <span class='ocrx_word' id='word_1_573' title='bbox 1076 4400 1177 4453; x_wconf 85' lang='lat' dir='ltr'><strong>alis</strong></span> <span class='ocrx_word' id='word_1_574' title='bbox 1198 4401 1311 4454; x_wconf 83' lang='lat' dir='ltr'><strong>suis</strong></span> <span class='ocrx_word' id='word_1_575' title='bbox 1341 4400 1531 4467; x_wconf 81' lang='lat' dir='ltr'><strong>recepit</strong></span> <span class='ocrx_word' id='word_1_576' title='bbox 1559 4416 1646 4455; x_wconf 88' lang='lat' dir='ltr'><strong>eos</strong></span> <span class='ocrx_word' id='word_1_577' title='bbox 1667 4401 1734 4455; x_wconf 66' lang='grc' dir='ltr'><strong>θ’.</strong></span> <span class='ocrx_word' id='word_1_578' title='bbox 1763 4398 1874 4455; x_wconf 86' lang='lat' dir='ltr'><strong>Nec</strong></span> <span class='ocrx_word' id='word_1_579' title='bbox 1924 4401 2057 4455; x_wconf 90' lang='lat' dir='ltr'><strong>illud</strong></span> 
     </span>
    </p>
   </div>
   <div class='ocr_carea' id='block_1_79' title="bbox 2158 3569 3757 3652">
    <p class='ocr_par' dir='ltr' id='par_1_79' title="bbox 2158 3569 3757 3652">
     <span class='ocr_line' id='line_1_79' title="bbox 2158 3569 3757 3652; baseline -0.008 -16"><span class='ocrx_word' id='word_1_580' title='bbox 2158 3580 2402 3652; x_wconf 86' lang='grc' dir='ltr'>καθαρὰν</span> <span class='ocrx_word' id='word_1_581' title='bbox 2441 3579 2688 3651; x_wconf 79' lang='grc' dir='ltr'>εἰρῆσθαι</span> <span class='ocrx_word' id='word_1_582' title='bbox 2727 3575 2900 3630; x_wconf 79' lang='grc' dir='ltr'>ταῦτα</span> <span class='ocrx_word' id='word_1_583' title='bbox 2931 3574 3139 3646; x_wconf 60' lang='grc' dir='ltr'>ψυχήν</span> <span class='ocrx_word' id='word_1_584' title='bbox 3194 3571 3304 3642; x_wconf 78' lang='grc' dir='ltr'><strong>ἐγὼ</strong></span> <span class='ocrx_word' id='word_1_585' title='bbox 3340 3570 3399 3624; x_wconf 83' lang='grc' dir='ltr'>δὲ</span> <span class='ocrx_word' id='word_1_586' title='bbox 3442 3572 3510 3642; x_wconf 78' lang='grc' dir='ltr'>τῇ</span> <span class='ocrx_word' id='word_1_587' title='bbox 3555 3569 3757 3642; x_wconf 63' lang='grc' dir='ltr'>νύμφῃ</span> 
     </span>
    </p>
   </div>
   <div class='ocr_carea' id='block_1_80' title="bbox 2160 3661 3752 3746">
    <p class='ocr_par' dir='ltr' id='par_1_80' title="bbox 2160 3661 3752 3746">
     <span class='ocr_line' id='line_1_80' title="bbox 2160 3661 3752 3746; baseline -0.008 -18"><span class='ocrx_word' id='word_1_588' title='bbox 2160 3673 2390 3746; x_wconf 81' lang='grc' dir='ltr'>πρέπειν</span> <span class='ocrx_word' id='word_1_589' title='bbox 2455 3669 2665 3724; x_wconf 81' lang='grc' dir='ltr'>ὑπονοῶ</span> <span class='ocrx_word' id='word_1_590' title='bbox 2727 3668 2927 3740; x_wconf 80' lang='grc' dir='ltr'>μᾶλλον</span> <span class='ocrx_word' id='word_1_591' title='bbox 2986 3666 3046 3720; x_wconf 83' lang='grc' dir='ltr'>τὸ</span> <span class='ocrx_word' id='word_1_592' title='bbox 3105 3663 3265 3735; x_wconf 74' lang='grc' dir='ltr'>ῥητὸν</span> <span class='ocrx_word' id='word_1_593' title='bbox 3313 3661 3752 3735; x_wconf 76' lang='grc' dir='ltr'>ὲφαρμόζεσθαι.</span> 
     </span>
    </p>
   </div>
   <div class='ocr_carea' id='block_1_81' title="bbox 2160 3752 3759 3836">
    <p class='ocr_par' dir='ltr' id='par_1_81' title="bbox 2160 3752 3759 3836">
     <span class='ocr_line' id='line_1_81' title="bbox 2160 3752 3759 3836; baseline -0.009 -16"><span class='ocrx_word' id='word_1_594' title='bbox 2160 3766 2345 3836; x_wconf 79' lang='grc' dir='ltr'>Ταύτῃ</span> <span class='ocrx_word' id='word_1_595' title='bbox 2375 3763 2483 3833; x_wconf 86' lang='grc' dir='ltr'><strong>γὰρ</strong></span> <span class='ocrx_word' id='word_1_596' title='bbox 2515 3759 2847 3830; x_wconf 81' lang='grc' dir='ltr'>κατάλληλον</span> <span class='ocrx_word' id='word_1_597' title='bbox 2884 3757 3122 3828; x_wconf 86' lang='grc' dir='ltr'>εὐρίσκω</span> <span class='ocrx_word' id='word_1_598' title='bbox 3147 3757 3244 3825; x_wconf 75' lang='grc' dir='ltr'>τὴν</span> <span class='ocrx_word' id='word_1_599' title='bbox 3271 3755 3381 3807; x_wconf 83' lang='grc' dir='ltr'>τῶν</span> <span class='ocrx_word' id='word_1_600' title='bbox 3414 3752 3759 3823; x_wconf 80' lang='grc' dir='ltr'>σημαινομέ-</span> 
     </span>
    </p>
   </div>
   <div class='ocr_carea' id='block_1_82' title="bbox 2162 3845 3758 3921">
    <p class='ocr_par' dir='ltr' id='par_1_82' title="bbox 2162 3845 3758 3921">
     <span class='ocr_line' id='line_1_82' title="bbox 2162 3845 3758 3921; baseline -0.01 -9"><span class='ocrx_word' id='word_1_601' title='bbox 2162 3874 2270 3912; x_wconf 90' lang='grc' dir='ltr'><strong>νων</strong></span> <span class='ocrx_word' id='word_1_602' title='bbox 2305 3854 2408 3908; x_wconf 84' lang='grc' dir='ltr'>ὐπὸ</span> <span class='ocrx_word' id='word_1_603' title='bbox 2435 3853 2529 3906; x_wconf 77' lang='grc' dir='ltr'>τοῦ</span> <span class='ocrx_word' id='word_1_604' title='bbox 2556 3852 2715 3921; x_wconf 84' lang='grc' dir='ltr'>λόγου</span> <span class='ocrx_word' id='word_1_605' title='bbox 2749 3850 3003 3905; x_wconf 80' lang='grc' dir='ltr'>διάνοιαν.</span> <span class='ocrx_word' id='word_1_606' title='bbox 3047 3847 3128 3901; x_wconf 85' lang='grc' dir='ltr'><strong>Τά</strong></span> <span class='ocrx_word' id='word_1_607' title='bbox 3158 3846 3221 3900; x_wconf 87' lang='grc' dir='ltr'><strong>δέ</strong></span> <span class='ocrx_word' id='word_1_608' title='bbox 3266 3862 3357 3916; x_wconf 92' lang='grc' dir='ltr'><strong>μοι</strong></span> <span class='ocrx_word' id='word_1_609' title='bbox 3388 3845 3758 3916; x_wconf 78' lang='grc' dir='ltr'>παραστάντα</span> 
     </span>
    </p>
   </div>
   <div class='ocr_carea' id='block_1_83' title="bbox 2159 3933 3757 4015">
    <p class='ocr_par' dir='ltr' id='par_1_83' title="bbox 2159 3933 3757 4015">
     <span class='ocr_line' id='line_1_83' title="bbox 2159 3933 3757 4015; baseline -0.011 -12"><span class='ocrx_word' id='word_1_610' title='bbox 2159 3948 2225 4003; x_wconf 81' lang='grc' dir='ltr'>δι’</span> <span class='ocrx_word' id='word_1_611' title='bbox 2275 3948 2469 4015; x_wconf 82' lang='grc' dir='ltr'>ὀλίγων</span> <span class='ocrx_word' id='word_1_612' title='bbox 2516 3944 2837 4015; x_wconf 78' lang='grc' dir='ltr'>ἐκθήσομαι.</span> <span class='ocrx_word' id='word_1_613' title='bbox 2890 3941 3137 3993; x_wconf 81' lang='grc' dir='ltr'>Ἤκουσα</span> <span class='ocrx_word' id='word_1_614' title='bbox 3179 3935 3447 4005; x_wconf 87' lang='grc' dir='ltr'>πολλαχοῦ</span> <span class='ocrx_word' id='word_1_615' title='bbox 3488 3936 3589 4003; x_wconf 84' lang='grc' dir='ltr'>τῆς</span> <span class='ocrx_word' id='word_1_616' title='bbox 3634 3933 3757 3986; x_wconf 88' lang='grc' dir='ltr'>θεο-</span> 
     </span>
    </p>
   </div>
   <div class='ocr_carea' id='block_1_84' title="bbox 2160 4024 3756 4108">
    <p class='ocr_par' dir='ltr' id='par_1_84' title="bbox 2160 4024 3756 4108">
     <span class='ocr_line' id='line_1_84' title="bbox 2160 4024 3756 4108; baseline -0.013 -13"><span class='ocrx_word' id='word_1_617' title='bbox 2160 4040 2429 4095; x_wconf 83' lang='grc' dir='ltr'>πνεύστου</span> <span class='ocrx_word' id='word_1_618' title='bbox 2471 4036 2509 4089; x_wconf 89' lang='grc' dir='ltr'><strong><em>Γ</em></strong></span> <span class='ocrx_word' id='word_1_619' title='bbox 2515 4036 2692 4108; x_wconf 83' lang='grc' dir='ltr'>ραφῆς</span> <span class='ocrx_word' id='word_1_620' title='bbox 2752 4034 3030 4104; x_wconf 72' lang='grc' dir='ltr'>πτέρυγας</span> <span class='ocrx_word' id='word_1_621' title='bbox 3070 4026 3208 4083; x_wconf 78' lang='grc' dir='ltr'>εἶναι</span> <span class='ocrx_word' id='word_1_622' title='bbox 3245 4027 3325 4097; x_wconf 81' lang='grc' dir='ltr'>τῷ</span> <span class='ocrx_word' id='word_1_623' title='bbox 3372 4024 3492 4092; x_wconf 86' lang='grc' dir='ltr'><strong>Θεῷ</strong></span> <span class='ocrx_word' id='word_1_624' title='bbox 3531 4026 3756 4095; x_wconf 70' lang='grc' dir='ltr'>διηγου-</span> 
     </span>
    </p>
   </div>
   <div class='ocr_carea' id='block_1_85' title="bbox 2169 4119 3751 4206">
    <p class='ocr_par' dir='ltr' id='par_1_85' title="bbox 2169 4119 3751 4206">
     <span class='ocr_line' id='line_1_85' title="bbox 2169 4119 3751 4206; baseline -0.011 -18"><span class='ocrx_word' id='word_1_625' title='bbox 2169 4134 2360 4206; x_wconf 87' lang='grc' dir='ltr'>μένης.</span> <span class='ocrx_word' id='word_1_626' title='bbox 2438 4130 2551 4186; x_wconf 77' lang='grc' dir='ltr'><strong>Νὓν</strong></span> <span class='ocrx_word' id='word_1_627' title='bbox 2614 4128 2713 4200; x_wconf 82' lang='grc' dir='ltr'>μὲν</span> <span class='ocrx_word' id='word_1_628' title='bbox 2753 4127 2857 4197; x_wconf 78' lang='grc' dir='ltr'>τῆς</span> <span class='ocrx_word' id='word_1_629' title='bbox 2903 4123 3234 4195; x_wconf 82' lang='grc' dir='ltr'>προφητείας</span> <span class='ocrx_word' id='word_1_630' title='bbox 3291 4119 3559 4190; x_wconf 83' lang='grc' dir='ltr'>λεγούσης</span> <span class='ocrx_word' id='word_1_631' title='bbox 3584 4159 3603 4185; x_wconf 83' lang='grc'><strong><em>,</em></strong></span> <span class='ocrx_word' id='word_1_632' title='bbox 3662 4119 3751 4171; x_wconf 80' lang='grc' dir='ltr'>ὅτι</span> 
     </span>
    </p>
   </div>
   <div class='ocr_carea' id='block_1_86' title="bbox 2173 4211 3749 4295">
    <p class='ocr_par' dir='ltr' id='par_1_86' title="bbox 2173 4211 3749 4295">
     <span class='ocr_line' id='line_1_86' title="bbox 2173 4211 3749 4295; baseline -0.013 -12"><span class='ocrx_word' id='word_1_633' title='bbox 2173 4230 2277 4284; x_wconf 79' lang='lat' dir='ltr'><strong>’Er</strong></span> <span class='ocrx_word' id='word_1_634' title='bbox 2324 4225 2522 4295; x_wconf 77' lang='grc' dir='ltr'>σκέπῃ</span> <span class='ocrx_word' id='word_1_635' title='bbox 2583 4222 2703 4277; x_wconf 82' lang='grc' dir='ltr'>τῶν</span> <span class='ocrx_word' id='word_1_636' title='bbox 2745 4221 3053 4290; x_wconf 77' lang='grc' dir='ltr'>πτερύγων</span> <span class='ocrx_word' id='word_1_637' title='bbox 3098 4233 3215 4270; x_wconf 82' lang='grc' dir='ltr'><strong>σου</strong></span> <span class='ocrx_word' id='word_1_638' title='bbox 3264 4212 3603 4279; x_wconf 76' lang='grc' dir='ltr'>σκεπάσεις</span> <span class='ocrx_word' id='word_1_639' title='bbox 3636 4211 3749 4282; x_wconf 81' lang='grc' dir='ltr'>μέ·</span> 
     </span>
    </p>
   </div>
   <div class='ocr_carea' id='block_1_87' title="bbox 2164 4304 3757 4384">
    <p class='ocr_par' dir='ltr' id='par_1_87' title="bbox 2164 4304 3757 4384">
     <span class='ocr_line' id='line_1_87' title="bbox 2164 4304 3757 4384; baseline -0.013 -9"><span class='ocrx_word' id='word_1_640' title='bbox 2164 4321 2278 4384; x_wconf 76' lang='grc' dir='ltr'>καὶ,</span> <span class='ocrx_word' id='word_1_641' title='bbox 2308 4321 2391 4373; x_wconf 80' lang='grc' dir='ltr'>ὅτι</span> <span class='ocrx_word' id='word_1_642' title='bbox 2436 4316 2581 4371; x_wconf 82' lang='grc' dir='ltr'><strong>’Υπό</strong></span> <span class='ocrx_word' id='word_1_643' title='bbox 2613 4314 2722 4381; x_wconf 86' lang='grc' dir='ltr'>τὰς</span> <span class='ocrx_word' id='word_1_644' title='bbox 2756 4313 3051 4381; x_wconf 74' lang='grc' dir='ltr'>πτέρυγας</span> <span class='ocrx_word' id='word_1_645' title='bbox 3069 4306 3256 4363; x_wconf 84' lang='grc' dir='ltr'>αὑτοῦ</span> <span class='ocrx_word' id='word_1_646' title='bbox 3292 4304 3545 4370; x_wconf 74' lang='grc' dir='ltr'><strong>ἐλπιεῖς.</strong></span> <span class='ocrx_word' id='word_1_647' title='bbox 3584 4304 3757 4357; x_wconf 70' lang='grc' dir='ltr'>Πάλιν</span> 
     </span>
    </p>
   </div>
   <div class='ocr_carea' id='block_1_88' title="bbox 2163 4395 3755 4474">
    <p class='ocr_par' dir='ltr' id='par_1_88' title="bbox 2163 4395 3755 4474">
     <span class='ocr_line' id='line_1_88' title="bbox 2163 4395 3755 4474; baseline -0.014 -8"><span class='ocrx_word' id='word_1_648' title='bbox 2163 4412 2220 4466; x_wconf 76' lang='grc' dir='ltr'>δὲ</span> <span class='ocrx_word' id='word_1_649' title='bbox 2258 4410 2351 4466; x_wconf 84' lang='grc' dir='ltr'>τοῦ</span> <span class='ocrx_word' id='word_1_650' title='bbox 2390 4406 2666 4471; x_wconf 86' lang='grc' dir='ltr'>Μωῦσέως</span> <span class='ocrx_word' id='word_1_651' title='bbox 2699 4405 2758 4459; x_wconf 81' lang='grc' dir='ltr'>ἐν</span> <span class='ocrx_word' id='word_1_652' title='bbox 2784 4406 2851 4474; x_wconf 76' lang='grc' dir='ltr'>τῇ</span> <span class='ocrx_word' id='word_1_653' title='bbox 2898 4401 3104 4473; x_wconf 85' lang='grc' dir='ltr'>μεγάλῃ</span> <span class='ocrx_word' id='word_1_654' title='bbox 3152 4397 3262 4468; x_wconf 78' lang='grc' dir='ltr'><strong>ᾠδῇ</strong></span> <span class='ocrx_word' id='word_1_655' title='bbox 3295 4395 3457 4448; x_wconf 80' lang='grc' dir='ltr'>τοῦτο</span> <span class='ocrx_word' id='word_1_656' title='bbox 3503 4395 3755 4464; x_wconf 81' lang='grc' dir='ltr'>ὑπογρά-</span> 
     </span>
    </p>
   </div>
   <div class='ocr_carea' id='block_1_89' title="bbox 488 4481 2065 4572">
    <p class='ocr_par' dir='ltr' id='par_1_89' title="bbox 488 4489 2063 4563">
     <span class='ocr_line' id='line_1_89' title="bbox 488 4489 2063 4563; baseline 0 -17"><span class='ocrx_word' id='word_1_657' title='bbox 488 4491 637 4563; x_wconf 92' lang='lat' dir='ltr'><strong>quod</strong></span> <span class='ocrx_word' id='word_1_658' title='bbox 665 4507 694 4545; x_wconf 88' lang='lat' dir='ltr'><strong>a</strong></span> <span class='ocrx_word' id='word_1_659' title='bbox 729 4490 961 4546; x_wconf 91' lang='lat' dir='ltr'><strong>Domino</strong></span> <span class='ocrx_word' id='word_1_660' title='bbox 998 4489 1069 4544; x_wconf 89' lang='lat' dir='ltr'><strong>ad</strong></span> <span class='ocrx_word' id='word_1_661' title='bbox 1097 4489 1494 4562; x_wconf 83' lang='lat' dir='ltr'><strong>Jerosolymam</strong></span> <span class='ocrx_word' id='word_1_662' title='bbox 1545 4491 1751 4546; x_wconf 89' lang='lat' dir='ltr'><strong>dicitur</strong></span> <span class='ocrx_word' id='word_1_663' title='bbox 1780 4511 1795 4546; x_wconf 89' lang='lat'><strong>:</strong></span> <span class='ocrx_word' id='word_1_664' title='bbox 1845 4492 2063 4559; x_wconf 78' lang='lat' dir='ltr'><strong>Quoties</strong></span> 
     </span>
    </p>
   </div>
   <div class='ocr_carea' id='block_1_90' title="bbox 2179 4481 3759 4572">
    <p class='ocr_par' dir='ltr' id='par_1_90' title="bbox 2179 4481 3759 4572">
     <span class='ocr_line' id='line_1_90' title="bbox 2179 4481 3759 4572; baseline -0.013 -19"><span class='ocrx_word' id='word_1_665' title='bbox 2179 4517 2385 4569; x_wconf 84' lang='grc' dir='ltr'>φοντος,</span> <span class='ocrx_word' id='word_1_666' title='bbox 2419 4498 2477 4549; x_wconf 81' lang='grc' dir='ltr'>ἐν</span> <span class='ocrx_word' id='word_1_667' title='bbox 2505 4491 2585 4559; x_wconf 81' lang='grc' dir='ltr'><strong>οἷς</strong></span> <span class='ocrx_word' id='word_1_668' title='bbox 2608 4508 2791 4565; x_wconf 81' lang='grc' dir='ltr'>φησιν’</span> <span class='ocrx_word' id='word_1_669' title='bbox 2820 4493 2901 4545; x_wconf 85' lang='grc' dir='ltr'>ὅτι</span> <span class='ocrx_word' id='word_1_670' title='bbox 2927 4489 3077 4555; x_wconf 80' lang='grc' dir='ltr'>Διεὶς</span> <span class='ocrx_word' id='word_1_671' title='bbox 3110 4487 3215 4552; x_wconf 78' lang='grc' dir='ltr'>τὰς</span> <span class='ocrx_word' id='word_1_672' title='bbox 3234 4485 3535 4553; x_wconf 78' lang='grc' dir='ltr'>πτέρυγας</span> <span class='ocrx_word' id='word_1_673' title='bbox 3566 4481 3759 4572; x_wconf 73' lang='grc' dir='ltr'>αὐτοῦ</span> 
     </span>
    </p>
   </div>
   <div class='ocr_carea' id='block_1_91' title="bbox 488 4582 2064 4657">
    <p class='ocr_par' dir='ltr' id='par_1_91' title="bbox 488 4582 2064 4657">
     <span class='ocr_line' id='line_1_91' title="bbox 488 4582 2064 4657; baseline 0.001 -18"><span class='ocrx_word' id='word_1_674' title='bbox 488 4585 631 4640; x_wconf 75' lang='lat' dir='ltr'><strong>volui</strong></span> <span class='ocrx_word' id='word_1_675' title='bbox 675 4583 921 4653; x_wconf 80' lang='lat' dir='ltr'><strong>colligere</strong></span> <span class='ocrx_word' id='word_1_676' title='bbox 961 4582 1153 4638; x_wconf 86' lang='lat' dir='ltr'><strong>liberos</strong></span> <span class='ocrx_word' id='word_1_677' title='bbox 1198 4593 1337 4649; x_wconf 87' lang='lat' dir='ltr'><strong>tuos,</strong></span> <span class='ocrx_word' id='word_1_678' title='bbox 1380 4585 1821 4655; x_wconf 85' lang='lat' dir='ltr'><strong>quemadmodum</strong></span> <span class='ocrx_word' id='word_1_679' title='bbox 1862 4586 2064 4657; x_wconf 84' lang='lat' dir='ltr'><strong>gallina</strong></span> 
     </span>
    </p>
   </div>
   <div class='ocr_carea' id='block_1_92' title="bbox 491 4675 2068 4749">
    <p class='ocr_par' dir='ltr' id='par_1_92' title="bbox 491 4675 2068 4749">
     <span class='ocr_line' id='line_1_92' title="bbox 491 4675 2068 4749; baseline 0.001 -16"><span class='ocrx_word' id='word_1_680' title='bbox 491 4678 666 4749; x_wconf 81' lang='lat' dir='ltr'><strong>pullos</strong></span> <span class='ocrx_word' id='word_1_681' title='bbox 721 4676 818 4732; x_wconf 89' lang='lat' dir='ltr'><strong>sub</strong></span> <span class='ocrx_word' id='word_1_682' title='bbox 853 4675 968 4730; x_wconf 88' lang='lat' dir='ltr'><strong>alas</strong></span> <span class='ocrx_word' id='word_1_683' title='bbox 1017 4692 1142 4730; x_wconf 87' lang='lat' dir='ltr'><strong>suas</strong></span> <span class='ocrx_word' id='word_1_684' title='bbox 1192 4677 1393 4746; x_wconf 84' lang='lat' dir='ltr'><strong>colligit</strong></span> <span class='ocrx_word' id='word_1_685' title='bbox 1415 4677 1501 4730; x_wconf 78' lang='grc'><strong>⁸³1</strong></span> <span class='ocrx_word' id='word_1_686' title='bbox 1534 4677 1829 4734; x_wconf 88' lang='lat' dir='ltr'><strong>abhorrere</strong></span> <span class='ocrx_word' id='word_1_687' title='bbox 1858 4680 1927 4735; x_wconf 90' lang='lat' dir='ltr'><strong>ab</strong></span> <span class='ocrx_word' id='word_1_688' title='bbox 1966 4681 2068 4735; x_wconf 89' lang='lat' dir='ltr'><strong>hac</strong></span> 
     </span>
    </p>
   </div>
   <div class='ocr_carea' id='block_1_93' title="bbox 499 4768 2067 4840">
    <p class='ocr_par' dir='ltr' id='par_1_93' title="bbox 499 4768 2067 4840">
     <span class='ocr_line' id='line_1_93' title="bbox 499 4768 2067 4840; baseline -0.003 -12"><span class='ocrx_word' id='word_1_689' title='bbox 499 4772 779 4828; x_wconf 83' lang='lat' dir='ltr'><strong>sententia</strong></span> <span class='ocrx_word' id='word_1_690' title='bbox 810 4769 996 4825; x_wconf 88' lang='lat' dir='ltr'><strong>dicere</strong></span> <span class='ocrx_word' id='word_1_691' title='bbox 1025 4768 1152 4839; x_wconf 89' lang='lat' dir='ltr'><strong>quis</strong></span> <span class='ocrx_word' id='word_1_692' title='bbox 1182 4769 1381 4839; x_wconf 91' lang='lat' dir='ltr'><strong>possit,</strong></span> <span class='ocrx_word' id='word_1_693' title='bbox 1412 4771 1861 4840; x_wconf 83' lang='lat' dir='ltr'><strong>consequentiam</strong></span> <span class='ocrx_word' id='word_1_694' title='bbox 1898 4771 2067 4840; x_wconf 90' lang='lat' dir='ltr'><strong>ipsam</strong></span> 
     </span>
    </p>
   </div>
   <div class='ocr_carea' id='block_1_94' title="bbox 495 4858 2071 4932">
    <p class='ocr_par' dir='ltr' id='par_1_94' title="bbox 495 4858 2071 4932">
     <span class='ocr_line' id='line_1_94' title="bbox 495 4858 2071 4932; baseline -0.001 -14"><span class='ocrx_word' id='word_1_695' title='bbox 495 4865 740 4919; x_wconf 89' lang='lat' dir='ltr'><strong>intuens.</strong></span> <span class='ocrx_word' id='word_1_696' title='bbox 766 4860 949 4927; x_wconf 86' lang='lat' dir='ltr'><strong>Quare</strong></span> <span class='ocrx_word' id='word_1_697' title='bbox 983 4861 1030 4915; x_wconf 91' lang='lat' dir='ltr'><strong>si</strong></span> <span class='ocrx_word' id='word_1_698' title='bbox 1058 4858 1340 4930; x_wconf 81' lang='lat' dir='ltr'><strong>profectus</strong></span> <span class='ocrx_word' id='word_1_699' title='bbox 1372 4875 1402 4913; x_wconf 88' lang='lat' dir='ltr'><strong>a</strong></span> <span class='ocrx_word' id='word_1_700' title='bbox 1430 4868 1624 4916; x_wconf 90' lang='lat' dir='ltr'><strong>sancto</strong></span> <span class='ocrx_word' id='word_1_701' title='bbox 1654 4859 1860 4932; x_wconf 89' lang='lat' dir='ltr'><strong>Spiritu</strong></span> <span class='ocrx_word' id='word_1_702' title='bbox 1891 4876 2071 4917; x_wconf 91' lang='lat' dir='ltr'><strong>sermo</strong></span> 
     </span>
    </p>
   </div>
   <div class='ocr_carea' id='block_1_95' title="bbox 498 4948 2074 5021">
    <p class='ocr_par' dir='ltr' id='par_1_95' title="bbox 498 4948 2074 5021">
     <span class='ocr_line' id='line_1_95' title="bbox 498 4948 2074 5021; baseline -0.001 -12"><span class='ocrx_word' id='word_1_703' title='bbox 498 4953 714 5009; x_wconf 89' lang='lat' dir='ltr'><strong>ratione</strong></span> <span class='ocrx_word' id='word_1_704' title='bbox 766 4950 1004 5021; x_wconf 85' lang='lat' dir='ltr'><strong>quadam</strong></span> <span class='ocrx_word' id='word_1_705' title='bbox 1064 4948 1323 5004; x_wconf 66' lang='lat' dir='ltr'><strong>ineffabili</strong></span> <span class='ocrx_word' id='word_1_706' title='bbox 1374 4949 1558 5003; x_wconf 87' lang='lat' dir='ltr'><strong>divina</strong></span> <span class='ocrx_word' id='word_1_707' title='bbox 1624 4950 1680 5004; x_wconf 91' lang='lat' dir='ltr'><strong>in</strong></span> <span class='ocrx_word' id='word_1_708' title='bbox 1721 4958 1917 5005; x_wconf 88' lang='lat' dir='ltr'><strong>natura</strong></span> <span class='ocrx_word' id='word_1_709' title='bbox 1950 4966 2074 5007; x_wconf 91' lang='lat' dir='ltr'><strong>esse</strong></span> 
     </span>
    </p>
   </div>
   <div class='ocr_carea' id='block_1_96' title="bbox 499 5040 2073 5114">
    <p class='ocr_par' dir='ltr' id='par_1_96' title="bbox 499 5040 2073 5114">
     <span class='ocr_line' id='line_1_96' title="bbox 499 5040 2073 5114; baseline -0.003 -13"><span class='ocrx_word' id='word_1_710' title='bbox 499 5046 615 5101; x_wconf 87' lang='lat' dir='ltr'><strong>alas</strong></span> <span class='ocrx_word' id='word_1_711' title='bbox 641 5042 851 5108; x_wconf 88' lang='lat' dir='ltr'><strong>deﬁnit,</strong></span> <span class='ocrx_word' id='word_1_712' title='bbox 878 5051 933 5097; x_wconf 91' lang='lat' dir='ltr'><strong>et</strong></span> <span class='ocrx_word' id='word_1_713' title='bbox 960 5040 1006 5095; x_wconf 90' lang='lat' dir='ltr'><strong>si</strong></span> <span class='ocrx_word' id='word_1_714' title='bbox 1038 5041 1277 5112; x_wconf 91' lang='lat' dir='ltr'><strong>primum</strong></span> <span class='ocrx_word' id='word_1_715' title='bbox 1328 5041 1463 5096; x_wconf 90' lang='lat' dir='ltr'><strong>illud</strong></span> <span class='ocrx_word' id='word_1_716' title='bbox 1498 5042 1736 5098; x_wconf 89' lang='lat' dir='ltr'><strong>hominis</strong></span> <span class='ocrx_word' id='word_1_717' title='bbox 1796 5044 2073 5114; x_wconf 74' lang='lat' dir='ltr'><strong>Opiﬁcium</strong></span> 
     </span>
    </p>
   </div>
   <div class='ocr_carea' id='block_1_97' title="bbox 499 5131 2077 5203">
    <p class='ocr_par' dir='ltr' id='par_1_97' title="bbox 499 5131 2077 5203">
     <span class='ocr_line' id='line_1_97' title="bbox 499 5131 2077 5203; baseline -0.002 -11"><span class='ocrx_word' id='word_1_718' title='bbox 499 5144 759 5200; x_wconf 88' lang='lat' dir='ltr'><strong>testatur,</strong></span> <span class='ocrx_word' id='word_1_719' title='bbox 783 5143 1035 5188; x_wconf 89' lang='lat' dir='ltr'><strong>naturam</strong></span> <span class='ocrx_word' id='word_1_720' title='bbox 1068 5141 1313 5187; x_wconf 88' lang='lat' dir='ltr'><strong>nostram</strong></span> <span class='ocrx_word' id='word_1_721' title='bbox 1361 5131 1429 5186; x_wconf 88' lang='lat' dir='ltr'><strong>ad</strong></span> <span class='ocrx_word' id='word_1_722' title='bbox 1476 5134 1770 5203; x_wconf 89' lang='lat' dir='ltr'><strong>imaginem</strong></span> <span class='ocrx_word' id='word_1_723' title='bbox 1813 5136 2077 5189; x_wconf 83' lang='lat' dir='ltr'><strong>similitu—</strong></span> 
     </span>
    </p>
   </div>
   <div class='ocr_carea' id='block_1_98' title="bbox 501 5221 2077 5296">
    <p class='ocr_par' dir='ltr' id='par_1_98' title="bbox 501 5221 2077 5296">
     <span class='ocr_line' id='line_1_98' title="bbox 501 5221 2077 5296; baseline -0.001 -15"><span class='ocrx_word' id='word_1_724' title='bbox 501 5227 797 5296; x_wconf 85' lang='lat' dir='ltr'><strong>dinemque</strong></span> <span class='ocrx_word' id='word_1_725' title='bbox 829 5221 927 5278; x_wconf 90' lang='lat' dir='ltr'><strong>Dei</strong></span> <span class='ocrx_word' id='word_1_726' title='bbox 955 5221 1156 5277; x_wconf 78' lang='lat' dir='ltr'><strong>iactam</strong></span> <span class='ocrx_word' id='word_1_727' title='bbox 1186 5237 1311 5277; x_wconf 88' lang='lat' dir='ltr'><strong>esse</strong></span> <span class='ocrx_word' id='word_1_728' title='bbox 1342 5240 1356 5277; x_wconf 88' lang='lat'><strong>:</strong></span> <span class='ocrx_word' id='word_1_729' title='bbox 1398 5224 1623 5277; x_wconf 90' lang='lat' dir='ltr'><strong>omnino</strong></span> <span class='ocrx_word' id='word_1_730' title='bbox 1654 5231 1822 5294; x_wconf 89' lang='lat' dir='ltr'><strong>patet,</strong></span> <span class='ocrx_word' id='word_1_731' title='bbox 1871 5224 2077 5279; x_wconf 83' lang='lat' dir='ltr'><strong>factum</strong></span> 
     </span>
    </p>
   </div>
   <div class='ocr_carea' id='block_1_99' title="bbox 505 5314 2077 5388">
    <p class='ocr_par' dir='ltr' id='par_1_99' title="bbox 505 5314 2077 5388">
     <span class='ocr_line' id='line_1_99' title="bbox 505 5314 2077 5388; baseline -0.001 -15"><span class='ocrx_word' id='word_1_732' title='bbox 505 5318 575 5373; x_wconf 89' lang='lat' dir='ltr'><strong>ad</strong></span> <span class='ocrx_word' id='word_1_733' title='bbox 607 5317 900 5388; x_wconf 87' lang='lat' dir='ltr'><strong>imaginem</strong></span> <span class='ocrx_word' id='word_1_734' title='bbox 927 5315 1094 5384; x_wconf 89' lang='lat' dir='ltr'><strong>hujus</strong></span> <span class='ocrx_word' id='word_1_735' title='bbox 1114 5314 1376 5370; x_wconf 87' lang='lat' dir='ltr'><strong>habuisse</strong></span> <span class='ocrx_word' id='word_1_736' title='bbox 1400 5330 1498 5385; x_wconf 90' lang='lat' dir='ltr'><strong>per</strong></span> <span class='ocrx_word' id='word_1_737' title='bbox 1519 5317 1706 5370; x_wconf 86' lang='lat' dir='ltr'><strong>omnia</strong></span> <span class='ocrx_word' id='word_1_738' title='bbox 1728 5333 1854 5371; x_wconf 88' lang='lat' dir='ltr'><strong>cum</strong></span> <span class='ocrx_word' id='word_1_739' title='bbox 1878 5319 2077 5373; x_wconf 88' lang='lat' dir='ltr'><strong>arche-</strong></span> 
     </span>
    </p>
   </div>
   <div class='ocr_carea' id='block_1_100' title="bbox 507 5407 2080 5480">
    <p class='ocr_par' dir='ltr' id='par_1_100' title="bbox 507 5407 2080 5480">
     <span class='ocr_line' id='line_1_100' title="bbox 507 5407 2080 5480; baseline 0.001 -16"><span class='ocrx_word' id='word_1_740' title='bbox 507 5420 635 5480; x_wconf 87' lang='lat' dir='ltr'><strong>typo</strong></span> <span class='ocrx_word' id='word_1_741' title='bbox 664 5423 767 5465; x_wconf 92' lang='lat' dir='ltr'><strong>suo</strong></span> <span class='ocrx_word' id='word_1_742' title='bbox 791 5407 1232 5465; x_wconf 87' lang='lat' dir='ltr'><strong>similitudinem.</strong></span> <span class='ocrx_word' id='word_1_743' title='bbox 1265 5408 1430 5477; x_wconf 82' lang='lat' dir='ltr'><strong>Atqui</strong></span> <span class='ocrx_word' id='word_1_744' title='bbox 1463 5409 1583 5462; x_wconf 88' lang='lat' dir='ltr'><strong>alas</strong></span> <span class='ocrx_word' id='word_1_745' title='bbox 1634 5408 1869 5463; x_wconf 89' lang='lat' dir='ltr'><strong>habebat</strong></span> <span class='ocrx_word' id='word_1_746' title='bbox 1898 5426 2080 5465; x_wconf 80' lang='lat' dir='ltr'><strong>exem-</strong></span> 
     </span>
    </p>
   </div>
   <div class='ocr_carea' id='block_1_101' title="bbox 508 5496 2079 5571">
    <p class='ocr_par' dir='ltr' id='par_1_101' title="bbox 508 5496 2079 5571">
     <span class='ocr_line' id='line_1_101' title="bbox 508 5496 2079 5571; baseline 0.001 -17"><span class='ocrx_word' id='word_1_747' title='bbox 508 5502 628 5571; x_wconf 90' lang='lat' dir='ltr'><strong>plar</strong></span> <span class='ocrx_word' id='word_1_748' title='bbox 653 5501 933 5571; x_wconf 88' lang='lat' dir='ltr'><strong>princeps,</strong></span> <span class='ocrx_word' id='word_1_749' title='bbox 967 5500 1035 5556; x_wconf 91' lang='lat' dir='ltr'><strong>de</strong></span> <span class='ocrx_word' id='word_1_750' title='bbox 1074 5500 1345 5557; x_wconf 89' lang='lat' dir='ltr'><strong>sententia</strong></span> <span class='ocrx_word' id='word_1_751' title='bbox 1385 5514 1672 5555; x_wconf 90' lang='lat' dir='ltr'><strong>sacrarum</strong></span> <span class='ocrx_word' id='word_1_752' title='bbox 1703 5496 2034 5556; x_wconf 89' lang='lat' dir='ltr'><strong>Litterarum</strong></span> <span class='ocrx_word' id='word_1_753' title='bbox 2065 5520 2079 5556; x_wconf 89' lang='lat'><strong>:</strong></span> 
     </span>
    </p>
   </div>
   <div class='ocr_carea' id='block_1_102' title="bbox 513 5591 2086 5662">
    <p class='ocr_par' dir='ltr' id='par_1_102' title="bbox 513 5591 2086 5662">
     <span class='ocr_line' id='line_1_102' title="bbox 513 5591 2086 5662; baseline 0.002 -16"><span class='ocrx_word' id='word_1_754' title='bbox 513 5591 720 5647; x_wconf 89' lang='lat' dir='ltr'><strong>idcirco</strong></span> <span class='ocrx_word' id='word_1_755' title='bbox 765 5591 1014 5662; x_wconf 88' lang='lat' dir='ltr'><strong>sequitur</strong></span> <span class='ocrx_word' id='word_1_756' title='bbox 1063 5591 1359 5646; x_wconf 87' lang='lat' dir='ltr'><strong>humanam</strong></span> <span class='ocrx_word' id='word_1_757' title='bbox 1421 5605 1641 5662; x_wconf 89' lang='lat' dir='ltr'><strong>quoque</strong></span> <span class='ocrx_word' id='word_1_758' title='bbox 1698 5602 1949 5647; x_wconf 89' lang='lat' dir='ltr'><strong>naturam</strong></span> <span class='ocrx_word' id='word_1_759' title='bbox 2003 5593 2086 5650; x_wconf 88' lang='lat' dir='ltr'><strong>sic</strong></span> 
     </span>
    </p>
   </div>
   <div class='ocr_carea' id='block_1_103' title="bbox 2171 4571 3761 4656">
    <p class='ocr_par' dir='ltr' id='par_1_103' title="bbox 2171 4571 3761 4656">
     <span class='ocr_line' id='line_1_103' title="bbox 2171 4571 3761 4656; baseline -0.016 -8"><span class='ocrx_word' id='word_1_760' title='bbox 2171 4592 2418 4656; x_wconf 80' lang='grc' dir='ltr'>ἐδέξατο</span> <span class='ocrx_word' id='word_1_761' title='bbox 2448 4588 2691 4652; x_wconf 81' lang='grc' dir='ltr'>αὐτούς’</span> <span class='ocrx_word' id='word_1_762' title='bbox 2727 4584 2820 4638; x_wconf 69' lang='grc' dir='ltr'>καὶ</span> <span class='ocrx_word' id='word_1_763' title='bbox 2858 4582 2919 4635; x_wconf 77' lang='grc' dir='ltr'>τὸ</span> <span class='ocrx_word' id='word_1_764' title='bbox 2952 4579 3102 4651; x_wconf 87' lang='grc' dir='ltr'><strong>παρά</strong></span> <span class='ocrx_word' id='word_1_765' title='bbox 3128 4577 3221 4631; x_wconf 76' lang='grc' dir='ltr'>τοῦ</span> <span class='ocrx_word' id='word_1_766' title='bbox 3254 4575 3461 4645; x_wconf 84' lang='grc' dir='ltr'>Κυρίου</span> <span class='ocrx_word' id='word_1_767' title='bbox 3490 4571 3630 4644; x_wconf 75' lang='grc' dir='ltr'>πρὸς</span> <span class='ocrx_word' id='word_1_768' title='bbox 3658 4573 3761 4641; x_wconf 72' lang='grc' dir='ltr'>τὴν</span> 
     </span>
    </p>
   </div>
   <div class='ocr_carea' id='block_1_104' title="bbox 2187 4665 3763 4758">
    <p class='ocr_par' dir='ltr' id='par_1_104' title="bbox 2187 4665 3763 4758">
     <span class='ocr_line' id='line_1_104' title="bbox 2187 4665 3763 4758; baseline -0.016 -18"><span class='ocrx_word' id='word_1_769' title='bbox 2187 4682 2541 4758; x_wconf 83' lang='grc' dir='ltr'>Ἰερουσαλὴμ</span> <span class='ocrx_word' id='word_1_770' title='bbox 2566 4675 2875 4750; x_wconf 84' lang='grc' dir='ltr'>εἰρημένον,</span> <span class='ocrx_word' id='word_1_771' title='bbox 2913 4674 2995 4727; x_wconf 72' lang='grc' dir='ltr'>ὅτι</span> <span class='ocrx_word' id='word_1_772' title='bbox 3028 4670 3291 4734; x_wconf 78' lang='grc' dir='ltr'>Ποσάκις</span> <span class='ocrx_word' id='word_1_773' title='bbox 3318 4667 3597 4758; x_wconf 43' lang='grc' dir='ltr'>ήθέιζησα</span> <span class='ocrx_word' id='word_1_774' title='bbox 3628 4665 3763 4717; x_wconf 73' lang='grc' dir='ltr'>ἑπι-</span> 
     </span>
    </p>
   </div>
   <div class='ocr_carea' id='block_1_105' title="bbox 2175 4757 3765 4844">
    <p class='ocr_par' dir='ltr' id='par_1_105' title="bbox 2175 4757 3765 4844">
     <span class='ocr_line' id='line_1_105' title="bbox 2175 4757 3765 4844; baseline -0.02 -11"><span class='ocrx_word' id='word_1_775' title='bbox 2175 4772 2541 4844; x_wconf 73' lang='grc' dir='ltr'>συναταγεῖν</span> <span class='ocrx_word' id='word_1_776' title='bbox 2584 4770 2654 4823; x_wconf 87' lang='grc' dir='ltr'>τὰ</span> <span class='ocrx_word' id='word_1_777' title='bbox 2692 4765 2873 4820; x_wconf 76' lang='grc' dir='ltr'>τέκνα</span> <span class='ocrx_word' id='word_1_778' title='bbox 2898 4779 3034 4825; x_wconf 84' lang='grc' dir='ltr'>σου,</span> <span class='ocrx_word' id='word_1_779' title='bbox 3065 4762 3138 4815; x_wconf 80' lang='grc' dir='ltr'><strong>ὃν</strong></span> <span class='ocrx_word' id='word_1_780' title='bbox 3162 4761 3386 4829; x_wconf 73' lang='grc' dir='ltr'>τρόπον</span> <span class='ocrx_word' id='word_1_781' title='bbox 3420 4757 3591 4825; x_wconf 71' lang='grc' dir='ltr'>ὅρνις</span> <span class='ocrx_word' id='word_1_782' title='bbox 3614 4772 3765 4809; x_wconf 73' lang='grc' dir='ltr'>συν-</span> 
     </span>
    </p>
   </div>
   <div class='ocr_carea' id='block_1_106' title="bbox 2177 4848 3766 4937">
    <p class='ocr_par' dir='ltr' id='par_1_106' title="bbox 2177 4848 3766 4937">
     <span class='ocr_line' id='line_1_106' title="bbox 2177 4848 3766 4937; baseline -0.013 -14"><span class='ocrx_word' id='word_1_783' title='bbox 2177 4867 2305 4937; x_wconf 69' lang='grc' dir='ltr'>άγει</span> <span class='ocrx_word' id='word_1_784' title='bbox 2326 4864 2400 4919; x_wconf 87' lang='grc' dir='ltr'>τὰ</span> <span class='ocrx_word' id='word_1_785' title='bbox 2426 4861 2651 4918; x_wconf 80' lang='grc' dir='ltr'>νοσσία</span> <span class='ocrx_word' id='word_1_786' title='bbox 2696 4857 2816 4913; x_wconf 80' lang='grc' dir='ltr'><strong>ὑπὸ</strong></span> <span class='ocrx_word' id='word_1_787' title='bbox 2844 4855 2950 4922; x_wconf 83' lang='grc' dir='ltr'>τὰς</span> <span class='ocrx_word' id='word_1_788' title='bbox 2976 4853 3270 4922; x_wconf 76' lang='grc' dir='ltr'>πτέρυγας</span> <span class='ocrx_word' id='word_1_789' title='bbox 3304 4848 3500 4917; x_wconf 83' lang='grc' dir='ltr'>αὐτῆς</span> <span class='ocrx_word' id='word_1_790' title='bbox 3525 4848 3547 4899; x_wconf 90' lang='lat'><strong><em>!</em></strong></span> <span class='ocrx_word' id='word_1_791' title='bbox 3580 4849 3639 4937; x_wconf 70' lang='grc' dir='ltr'><strong>α</strong></span> <span class='ocrx_word' id='word_1_792' title='bbox 3665 4851 3766 4903; x_wconf 81' lang='grc' dir='ltr'><strong>οὐκ</strong></span> 
     </span>
    </p>
   </div>
   <div class='ocr_carea' id='block_1_107' title="bbox 2182 4936 3761 5026">
    <p class='ocr_par' dir='ltr' id='par_1_107' title="bbox 2182 4936 3761 5026">
     <span class='ocr_line' id='line_1_107' title="bbox 2182 4936 3761 5026; baseline -0.015 -12"><span class='ocrx_word' id='word_1_793' title='bbox 2182 4936 2287 5026; x_wconf 78' lang='grc' dir='ltr'>ἔξω</span> <span class='ocrx_word' id='word_1_794' title='bbox 2337 4955 2430 5010; x_wconf 81' lang='grc' dir='ltr'><strong>τοῦ</strong></span> <span class='ocrx_word' id='word_1_795' title='bbox 2473 4949 2830 5025; x_wconf 83' lang='grc' dir='ltr'>προκειμένου</span> <span class='ocrx_word' id='word_1_796' title='bbox 2878 4948 3149 5017; x_wconf 84' lang='grc' dir='ltr'>νοήματος</span> <span class='ocrx_word' id='word_1_797' title='bbox 3192 4943 3336 4997; x_wconf 71' lang='grc' dir='ltr'>εἴποι</span> <span class='ocrx_word' id='word_1_798' title='bbox 3375 4958 3464 5004; x_wconf 86' lang='grc' dir='ltr'><strong>τις</strong></span> <span class='ocrx_word' id='word_1_799' title='bbox 3500 4940 3571 4993; x_wconf 80' lang='grc' dir='ltr'>ἂν</span> <span class='ocrx_word' id='word_1_800' title='bbox 3602 4936 3761 4999; x_wconf 74' lang='grc' dir='ltr'>εἶναι.</span> 
     </span>
    </p>
   </div>
   <div class='ocr_carea' id='block_1_108' title="bbox 2186 5032 3763 5125">
    <p class='ocr_par' dir='ltr' id='par_1_108' title="bbox 2186 5032 3763 5125">
     <span class='ocr_line' id='line_1_108' title="bbox 2186 5032 3763 5125; baseline -0.015 -18"><span class='ocrx_word' id='word_1_801' title='bbox 2186 5052 2322 5125; x_wconf 84' lang='grc' dir='ltr'>πρὸς</span> <span class='ocrx_word' id='word_1_802' title='bbox 2344 5050 2405 5103; x_wconf 81' lang='grc' dir='ltr'>τὸ</span> <span class='ocrx_word' id='word_1_803' title='bbox 2430 5044 2717 5103; x_wconf 82' lang='grc' dir='ltr'>ἀκόλουθον</span> <span class='ocrx_word' id='word_1_804' title='bbox 2741 5040 2972 5112; x_wconf 81' lang='grc' dir='ltr'>βλέπων.</span> <span class='ocrx_word' id='word_1_805' title='bbox 2996 5039 3059 5091; x_wconf 80' lang='lat' dir='ltr'><strong>Ei</strong></span> <span class='ocrx_word' id='word_1_806' title='bbox 3082 5037 3261 5091; x_wconf 86' lang='grc' dir='ltr'>τοίνυν</span> <span class='ocrx_word' id='word_1_807' title='bbox 3454 5049 3583 5086; x_wconf 88' lang='grc' dir='ltr'>τινα</span> <span class='ocrx_word' id='word_1_808' title='bbox 3609 5032 3763 5125; x_wconf 74' lang='grc' dir='ltr'>λόγον</span> 
     </span>
    </p>
   </div>
   <div class='ocr_carea' id='block_1_109' title="bbox 2186 5122 3762 5214">
    <p class='ocr_par' dir='ltr' id='par_1_109' title="bbox 2186 5122 3762 5214">
     <span class='ocr_line' id='line_1_109' title="bbox 2186 5122 3762 5214; baseline -0.015 -17"><span class='ocrx_word' id='word_1_809' title='bbox 2186 5122 2492 5214; x_wconf 74' lang='grc' dir='ltr'>ἀπόρρητον</span> <span class='ocrx_word' id='word_1_810' title='bbox 2535 5134 2809 5204; x_wconf 86' lang='grc' dir='ltr'>πτέρυγας</span> <span class='ocrx_word' id='word_1_811' title='bbox 2851 5125 2992 5182; x_wconf 73' lang='grc' dir='ltr'>εἶναι</span> <span class='ocrx_word' id='word_1_812' title='bbox 3038 5127 3168 5198; x_wconf 72' lang='grc' dir='ltr'>περὶ</span> <span class='ocrx_word' id='word_1_813' title='bbox 3204 5127 3303 5196; x_wconf 82' lang='grc' dir='ltr'>τὴν</span> <span class='ocrx_word' id='word_1_814' title='bbox 3351 5122 3506 5177; x_wconf 86' lang='grc' dir='ltr'>θείαν</span> <span class='ocrx_word' id='word_1_815' title='bbox 3549 5122 3762 5191; x_wconf 75' lang='grc' dir='ltr'>φύσινό</span> 
     </span>
    </p>
   </div>
   <div class='ocr_carea' id='block_1_110' title="bbox 2189 5214 3765 5298">
    <p class='ocr_par' dir='ltr' id='par_1_110' title="bbox 2189 5214 3765 5298">
     <span class='ocr_line' id='line_1_110' title="bbox 2189 5214 3765 5298; baseline -0.014 -10"><span class='ocrx_word' id='word_1_816' title='bbox 2189 5234 2544 5293; x_wconf 82' lang='grc' dir='ltr'>θεόπνευστος</span> <span class='ocrx_word' id='word_1_817' title='bbox 2575 5226 2867 5298; x_wconf 76' lang='grc' dir='ltr'>διορίζεται</span> <span class='ocrx_word' id='word_1_818' title='bbox 2908 5221 3084 5290; x_wconf 80' lang='grc' dir='ltr'>λόγος’</span> <span class='ocrx_word' id='word_1_819' title='bbox 3127 5220 3162 5289; x_wconf 78' lang='grc' dir='ltr'><strong>ἡ</strong></span> <span class='ocrx_word' id='word_1_820' title='bbox 3211 5217 3266 5271; x_wconf 74' lang='grc' dir='ltr'>δὲ</span> <span class='ocrx_word' id='word_1_821' title='bbox 3300 5215 3494 5288; x_wconf 82' lang='grc' dir='ltr'>πρώτη</span> <span class='ocrx_word' id='word_1_822' title='bbox 3532 5214 3634 5268; x_wconf 80' lang='grc' dir='ltr'>τοῦ</span> <span class='ocrx_word' id='word_1_823' title='bbox 3680 5216 3765 5267; x_wconf 77' lang='grc' dir='ltr'>ἀν-</span> 
     </span>
    </p>
   </div>
   <div class='ocr_carea' id='block_1_111' title="bbox 2190 5303 3760 5396">
    <p class='ocr_par' dir='ltr' id='par_1_111' title="bbox 2190 5303 3760 5396">
     <span class='ocr_line' id='line_1_111' title="bbox 2190 5303 3760 5396; baseline -0.015 -17"><span class='ocrx_word' id='word_1_824' title='bbox 2190 5323 2408 5396; x_wconf 85' lang='grc' dir='ltr'>θρώπου</span> <span class='ocrx_word' id='word_1_825' title='bbox 2459 5311 2767 5381; x_wconf 80' lang='grc' dir='ltr'>κατασκευὴ</span> <span class='ocrx_word' id='word_1_826' title='bbox 2810 5312 2930 5366; x_wconf 75' lang='grc' dir='ltr'>κατ’</span> <span class='ocrx_word' id='word_1_827' title='bbox 2965 5310 3150 5364; x_wconf 81' lang='grc' dir='ltr'>εἰκόνα</span> <span class='ocrx_word' id='word_1_828' title='bbox 3196 5308 3289 5362; x_wconf 76' lang='grc' dir='ltr'>καὶ</span> <span class='ocrx_word' id='word_1_829' title='bbox 3320 5307 3594 5377; x_wconf 78' lang='grc' dir='ltr'>ὁμοίωσιν</span> <span class='ocrx_word' id='word_1_830' title='bbox 3634 5303 3760 5358; x_wconf 76' lang='grc' dir='ltr'>Θεοῦ</span> 
     </span>
    </p>
   </div>
   <div class='ocr_carea' id='block_1_112' title="bbox 2189 5395 3763 5487">
    <p class='ocr_par' dir='ltr' id='par_1_112' title="bbox 2189 5395 3763 5487">
     <span class='ocr_line' id='line_1_112' title="bbox 2189 5395 3763 5487; baseline -0.018 -17"><span class='ocrx_word' id='word_1_831' title='bbox 2189 5412 2515 5487; x_wconf 77' lang='grc' dir='ltr'>γεγενῆσθαι</span> <span class='ocrx_word' id='word_1_832' title='bbox 2568 5408 2665 5480; x_wconf 83' lang='grc' dir='ltr'>τὴν</span> <span class='ocrx_word' id='word_1_833' title='bbox 2711 5405 2870 5475; x_wconf 81' lang='grc' dir='ltr'>φύσιν</span> <span class='ocrx_word' id='word_1_834' title='bbox 2921 5403 3077 5475; x_wconf 80' lang='grc' dir='ltr'>ἡμῶν</span> <span class='ocrx_word' id='word_1_835' title='bbox 3131 5398 3493 5473; x_wconf 87' lang='grc' dir='ltr'>μαρτύρεται·</span> 
     </span>
    </p>
   </div>
   <div class='ocr_carea' id='block_1_113' title="bbox 2190 5484 3763 5564">
    <p class='ocr_par' dir='ltr' id='par_1_113' title="bbox 2190 5484 3763 5564">
     <span class='ocr_line' id='line_1_113' title="bbox 2190 5484 3763 5564; baseline -0.013 -7"><span class='ocrx_word' id='word_1_836' title='bbox 2190 5484 2275 5557; x_wconf 66' lang='grc' dir='ltr'>ὅτι</span> <span class='ocrx_word' id='word_1_837' title='bbox 2305 5501 2394 5555; x_wconf 75' lang='grc' dir='ltr'><strong>διὰ</strong></span> <span class='ocrx_word' id='word_1_838' title='bbox 2421 5498 2635 5552; x_wconf 84' lang='grc' dir='ltr'>πάντων</span> <span class='ocrx_word' id='word_1_839' title='bbox 2665 5488 2779 5564; x_wconf 72' lang='grc' dir='ltr'>εἶχε</span> <span class='ocrx_word' id='word_1_840' title='bbox 2811 5492 2934 5546; x_wconf 80' lang='grc' dir='ltr'>κατ’</span> <span class='ocrx_word' id='word_1_841' title='bbox 2961 5490 3144 5544; x_wconf 77' lang='grc' dir='ltr'>εἰκόνα</span> <span class='ocrx_word' id='word_1_842' title='bbox 3180 5487 3478 5558; x_wconf 81' lang='grc' dir='ltr'>γενόμενος</span> <span class='ocrx_word' id='word_1_843' title='bbox 3506 5486 3610 5557; x_wconf 76' lang='grc' dir='ltr'><strong>τὴν</strong></span> <span class='ocrx_word' id='word_1_844' title='bbox 3636 5484 3763 5557; x_wconf 72' lang='grc' dir='ltr'>πρὸς</span> 
     </span>
    </p>
   </div>
   <div class='ocr_carea' id='block_1_114' title="bbox 2190 5577 3764 5665">
    <p class='ocr_par' dir='ltr' id='par_1_114' title="bbox 2190 5577 3764 5665">
     <span class='ocr_line' id='line_1_114' title="bbox 2190 5577 3764 5665; baseline -0.011 -17"><span class='ocrx_word' id='word_1_845' title='bbox 2190 5594 2251 5648; x_wconf 87' lang='grc' dir='ltr'>τὸ</span> <span class='ocrx_word' id='word_1_846' title='bbox 2277 5591 2581 5665; x_wconf 85' lang='grc' dir='ltr'>ἀρχέτυπον</span> <span class='ocrx_word' id='word_1_847' title='bbox 2603 5585 2917 5656; x_wconf 85' lang='grc' dir='ltr'>ὁμοιότητα.</span> <span class='ocrx_word' id='word_1_848' title='bbox 2960 5580 3121 5635; x_wconf 85' lang='grc' dir='ltr'>Ἀλλά</span> <span class='ocrx_word' id='word_1_849' title='bbox 3154 5579 3262 5652; x_wconf 81' lang='grc' dir='ltr'>μὴν</span> <span class='ocrx_word' id='word_1_850' title='bbox 3290 5578 3607 5649; x_wconf 77' lang='grc' dir='ltr'>ἐπτέρωται</span> <span class='ocrx_word' id='word_1_851' title='bbox 3635 5577 3764 5631; x_wconf 76' lang='grc' dir='ltr'><strong>κατά</strong></span> 
     </span>
    </p>
   </div>
   <div class='ocr_carea' id='block_1_115' title="bbox 583 5759 3482 5869">
    <p class='ocr_par' dir='ltr' id='par_1_115' title="bbox 583 5759 3482 5842">
     <span class='ocr_line' id='line_1_115' title="bbox 583 5759 3482 5842; baseline -0.002 -19"><span class='ocrx_word' id='word_1_852' title='bbox 583 5766 797 5825; x_wconf 67' lang='lat' dir='ltr'><strong>&quot;Psal.</strong></span> <span class='ocrx_word' id='word_1_853' title='bbox 825 5783 922 5836; x_wconf 86' lang='lat' dir='ltr'><strong>cu,</strong></span> <span class='ocrx_word' id='word_1_854' title='bbox 947 5771 1039 5827; x_wconf 76' lang='lat'><strong>2|.</strong></span> <span class='ocrx_word' id='word_1_855' title='bbox 1113 5771 1158 5805; x_wconf 77' lang='grc' dir='ltr'><strong>⁸ο</strong></span> <span class='ocrx_word' id='word_1_856' title='bbox 1182 5770 1330 5829; x_wconf 89' lang='lat' dir='ltr'><strong>Psal.</strong></span> <span class='ocrx_word' id='word_1_857' title='bbox 1365 5787 1477 5842; x_wconf 71' lang='lat' dir='ltr'><strong>ut,</strong></span> <span class='ocrx_word' id='word_1_858' title='bbox 1504 5770 1557 5826; x_wconf 93' lang='lat'><strong>8.</strong></span> <span class='ocrx_word' id='word_1_859' title='bbox 1635 5769 1679 5803; x_wconf 83' lang='lat'>“</span> <span class='ocrx_word' id='word_1_860' title='bbox 1723 5768 1869 5828; x_wconf 90' lang='lat' dir='ltr'><strong>Psal.</strong></span> <span class='ocrx_word' id='word_1_861' title='bbox 1922 5787 2087 5841; x_wconf 79' lang='lat' dir='ltr'><strong>xxxv,</strong></span> <span class='ocrx_word' id='word_1_862' title='bbox 2125 5771 2176 5827; x_wconf 91' lang='lat'><strong>8.</strong></span> <span class='ocrx_word' id='word_1_863' title='bbox 2255 5771 2299 5804; x_wconf 71' lang='grc' dir='ltr'><strong>θ’</strong></span> <span class='ocrx_word' id='word_1_864' title='bbox 2332 5769 2491 5826; x_wconf 89' lang='lat' dir='ltr'><strong>Deut.</strong></span> <span class='ocrx_word' id='word_1_865' title='bbox 2521 5780 2696 5834; x_wconf 77' lang='lat' dir='ltr'><strong>xxx&quot;,</strong></span> <span class='ocrx_word' id='word_1_866' title='bbox 2723 5765 2811 5822; x_wconf 86' lang='lat' dir='ltr'><strong>ll.</strong></span> <span class='ocrx_word' id='word_1_867' title='bbox 2886 5761 2935 5795; x_wconf 83' lang='grc'><strong><em>⁸³</em></strong></span> <span class='ocrx_word' id='word_1_868' title='bbox 2962 5760 3154 5819; x_wconf 77' lang='lat' dir='ltr'><strong>Matth.</strong></span> <span class='ocrx_word' id='word_1_869' title='bbox 3184 5774 3345 5824; x_wconf 76' lang='lat' dir='ltr'><strong>nm,</strong></span> <span class='ocrx_word' id='word_1_870' title='bbox 3389 5759 3482 5817; x_wconf 77' lang='lat'><strong>37.</strong></span> 
     </span>
    </p>
   </div>
  </div>
