3812 6228
64 316 179 370 HM

1046 316 1112 372 IN
1145 317 1441 376 CANTICA
1477 316 1748 374 CANTIC.
1785 317 2070 374 HOMIIJA
2113 316 2207 373 XV

3142 324 3278 378 Hm

62 435 145 503 τὴν
167 433 316 500 ἁγίαν
341 432 576 506 Γραφὴν,
603 436 661 489 τὸ
685 437 1062 508 πρωτότυπον’
1089 439 1286 494 οὐκοῦν
1306 439 1602 510 πτερόεσσα

1713 439 1884 494 fuisse
1910 438 2208 502 conditam,
2233 445 2290 491 ut
2314 445 2458 492 esset
2487 438 2628 492 alata
2645 485 2660 509 ,
2697 453 2809 508 quo
2831 438 3089 494 nimirum
3113 441 3277 495 etiam

64 526 142 576 καὶ
167 525 196 595 ή
224 523 313 578 τοῦ
339 525 624 597 ἀνθρώπου
653 531 1069 603 κατεσκευάσθη
1096 531 1258 602 φύσις
1275 573 1290 595 ,
1316 532 1392 596 ὡς
1421 531 1488 586 ἂν
1514 533 1608 584 καὶ

61 619 110 669 ὲν
129 619 234 681 ταῖς
265 615 519 690 πτέρυξιν
529 619 660 690 -ἔχοι
692 622 752 674 τὸ
783 623 926 678 θεῖον
951 625 1222 696 ὀμοίωμα’
1255 626 1414 696 δῆλον
1441 625 1497 678 δὲ
1525 627 1606 678 ὄτι

63 710 112 762 τὸ
142 709 408 782 πτερύγων
433 710 604 783 ὄνομα
630 714 720 769 δια
767 735 910 781 τινος
959 719 1226 790 τροπικῆς
1263 718 1498 790 θεωρίας
1529 719 1609 781 είς

62 820 106 855 τι
135 803 416 874 θεοπρεπὲς
462 805 934 879 μεταληφθήσεται
978 810 1188 880 νόημα,
1220 809 1501 881 δυνάμεώς
1547 828 1608 863 τε

63 895 140 946 καὶ
170 895 575 965 μακαριότητος,
613 899 708 952 καὶ
753 899 1064 971 ἀφθαρσίας
1089 902 1183 955 καὶ
1214 901 1322 955 τῶν
1351 901 1608 955 τοιούτων

59 982 134 1034 διὰ
153 981 236 1035 τοῦ
263 985 518 1054 ὀνόματος
541 986 650 1040 τῶν
679 988 968 1059 πτερύγων
995 1008 1061 1060 ση
1071 991 1412 1061 μαινομένου.
1454 991 1608 1043 Ἐπεὶ

60 1069 333 1127 οὖν·ταῦτα
381 1076 475 1128 καὶ
507 1079 636 1149 περὶ
669 1079 760 1132 τὸν
808 1080 1092 1151 ἄνθρωπον
1125 1077 1213 1153 ἦν,
1259 1082 1365 1145 ἕως
1404 1083 1492 1135 ὅτε
1531 1082 1609 1152 τῷ

60 1163 158 1232 Θεῷ
184 1163 263 1216 διὰ
303 1165 520 1220 πάντων
565 1168 750 1238 ὅμοιος
785 1164 876 1240 ἦν’
908 1171 1044 1241 μετὰ
1084 1171 1257 1224 ταῦτα
1305 1171 1362 1225 δὲ
1394 1173 1426 1242 ἡ
1474 1173 1608 1242 πρὸς

61 1257 142 1327 τὴν
166 1257 350 1310 κακίαν
376 1257 534 1330 ῥοπὴ,
555 1260 663 1313 τῶν
687 1263 938 1316 τοιούτων
964 1264 1247 1335 πτερύγων
1288 1266 1434 1335 ἡμᾶς
1471 1266 1607 1319 ἀπεο

62 1347 288 1417 σύλησεν·
331 1347 434 1413 ἔξω
466 1350 574 1420 γὰρ
611 1351 709 1421 τῆς
749 1352 959 1424 σκέπης
1005 1353 1098 1406 τοῦ
1141 1353 1278 1408 Θεοῦ
1322 1355 1607 1426 πτερύγων

58 1435 341 1505 γενόμενοι,
389 1439 484 1492 καὶ
522 1439 632 1492 τῶν
686 1441 830 1495 ἰδίων
874 1442 1162 1515 πτερύγων
1193 1445 1604 1517 ὲγυμνώθημεν·

56 1526 129 1579 διὰ
145 1526 287 1580 τοῦτο
314 1529 560 1600 ἐπεφάνη
585 1533 618 1600 ἡ
647 1532 738 1585 τοῦ
765 1533 900 1588 Θεοῦ
923 1535 1082 1606 χάρις
1105 1537 1410 1605 φωτίζουσα
1435 1539 1603 1610 ἡμᾶς,

57 1617 129 1669 ῐνα
147 1617 455 1689 ἀποθέμενοι
487 1623 585 1694 τὴν
615 1624 890 1691 ἀσέϐειαν,
916 1628 1012 1681 καὶ
1038 1628 1137 1692 τὰς
1179 1629 1450 1699 κοσμικὰς
1481 1632 1604 1684 ὲπι-

57 1707 248 1778 θυμίας,
273 1710 432 1764 πάλιν
467 1712 536 1765 δι’
573 1716 850 1787 ὁσιότητός
882 1734 942 1771 τε
986 1719 1080 1772 καὶ
1104 1718 1446 1789 δικαιοσύνης
1476 1739 1607 1786 πτε-

1711 543 1764 581 ιιι
1805 527 1927 582 aliis
1955 527 2140 581 divina
2173 541 2298 580 cum
2329 533 2524 580 natura
2567 527 2981 582 similitudinem
3033 527 3278 583 haberet.

1709 619 1807 675 Est
1855 628 2036 674 autem
2083 617 2480 684 manifestum,
2533 620 2742 672 alarum
2797 619 3123 674 vocabulum
3185 634 3283 689 per

1709 709 2209 765 considerationem
2259 709 2550 779 quamdam
2602 709 2886 780 ﬁguratam
2944 709 3012 764 ad
3056 725 3280 765 sensum

1710 802 1820 856 Deo
1853 812 2281 856 consentaneum
2327 817 2450 858 esse
2481 801 2918 856 transferendum
2947 817 2961 855 :
2995 801 3069 856 ita
3118 811 3175 854 ut
3229 810 3284 856 et

1711 899 1977 962 potestas,
2008 898 2063 946 et
2097 892 2398 956 beatitudo,
2438 900 2492 948 et
2525 900 2703 947 status
2751 908 2947 962 expers
2997 892 3277 959 interitus,

1709 992 1763 1037 et
1801 983 1906 1036 alia
1971 982 2285 1052 bujusmodi
2338 998 2432 1053 per
2483 982 2588 1037 hoc
2629 999 2826 1038 nomen
2876 984 3278 1053 signiﬁcentur.

1709 1074 1846 1142 Quia
1899 1075 2066 1145 igitur
2120 1075 2236 1130 [nec
2285 1076 2449 1130 etiam
2504 1086 2658 1129 erant
2716 1079 2772 1130 in
2827 1076 3068 1138 homine,
3113 1092 3278 1146 quam

1708 1167 1928 1236 quidem
1979 1167 2072 1221 diu
2109 1181 2202 1236 per
2234 1167 2415 1220 omnia
2449 1165 2562 1222 Deo
2614 1179 2732 1220 erat
2788 1168 3028 1222 similis:
3085 1184 3275 1222 verum

1709 1257 1905 1312 deinde
1950 1259 2016 1311 ad
2056 1258 2410 1313 vitiositatem
2452 1258 2593 1312 facta
2627 1258 2912 1312 inclinatio
2950 1258 3153 1313 talibus
3177 1273 3278 1312 nos

1709 1350 1811 1404 alis
1867 1349 2123 1418 spoliavit
2180 1348 2557 1420 (posteaquam
2631 1350 2776 1406 enim
2835 1359 2988 1405 extra
3058 1359 3276 1422 tegmen

1709 1443 1919 1496 alarum
1942 1440 2032 1496 Dei
2058 1457 2181 1498 esse
2202 1443 2492 1512 coepimus,
2512 1442 2675 1498 etiam
2702 1444 2940 1514 propriis
2966 1443 3068 1498 alis
3087 1443 3275 1498 nudati

1709 1534 1947 1604 sumus),
1971 1534 2176 1588 idcirco
2209 1533 2301 1589 Dei
2328 1535 2501 1604 gratia
2527 1534 2796 1605 patefacta
2820 1545 2926 1597 cst,
2959 1535 3279 1590 illuminans

1708 1641 1830 1690 nos,
1864 1635 1922 1680 ut
1953 1627 2233 1698 impietate
2264 1629 2666 1699 mundanisque
2689 1629 3086 1698 cupiditatibus
3113 1628 3282 1699 depo-

1708 1717 1861 1780 sitis,
1917 1733 2138 1772 rursum
2175 1733 2271 1788 per
2318 1720 2664 1773 sanctitatem
2723 1734 2787 1774 ac
2831 1719 3104 1789 justitiam
3165 1721 3280 1775 alas

60 1803 399 1872 ροφυήσωμεν.
433 1805 642 1860 Ούκοῦν
667 1810 714 1860 εί
743 1809 914 1863 ταῦτα
937 1809 1038 1879 τῆς
1057 1810 1314 1882 ἀληθείας
1338 1813 1439 1866 ούκ
1472 1814 1602 1866 ἀπε-

1709 1810 2049 1879 proferamus
2078 1810 2145 1865 “.
2183 1810 2546 1878 Quamobrem
2593 1813 2639 1866 si
2671 1813 2786 1866 haec
2836 1813 3087 1866 veritatis
3124 1823 3279 1867 extra

58 1891 348 1959 σχοίνισται,
385 1897 586 1967 πρέπει
639 1899 790 1971 παρὰ
823 1918 922 1971 της
967 1901 1185 1973 νύμφης
1231 1904 1607 1974 ὁμολογεῖσθαι

56 1982 132 2052 τὴν
162 1986 237 2036 ἐπ’
264 1986 426 2057 αὐτῆς
474 1991 776 2062 γενομένην
803 1993 958 2063 παρὰ
987 1993 1094 2046 τῶν
1128 1993 1286 2048 θείων
1314 1995 1608 2068 ὀφθαλμῶν

57 2077 202 2145 χάριν,
263 2077 424 2148 Ὀμοῦ
454 2096 514 2132 τε
543 2081 652 2151 γὰρ
696 2083 906 2136 ἐπεῖδεν
951 2083 1099 2154 ἡμᾶς
1134 2087 1246 2148 τοῖς
1285 2086 1383 2156 τῆς
1414 2087 1605 2156 φιλαν-

56 2166 266 2237 θρωπίας
305 2168 605 2241 ὀφθαλμοῖς
655 2173 684 2226 ὁ
731 2174 896 2241 Θεὸς,
954 2177 1047 2229 καὶ
1105 2179 1268 2247 ἡμεῖς
1316 2177 1458 2232 κατὰ
1507 2177 1606 2250 τὴν

56 2256 252 2327 ἀρχαίαν
288 2259 448 2331 χάριν
475 2261 955 2334 ἀνεπτερώθημεν.
999 2264 1185 2319 Ταῦτα
1213 2263 1306 2320 οὖν
1330 2264 1485 2338 οἶμαι
1517 2269 1605 2322 διὰ

55 2348 142 2399 τῶν
167 2352 464 2421 εἰρημένων
493 2353 585 2405 τὸν
618 2353 776 2422 λόγον
816 2355 1208 2423 ἐνδείκνυσθαι,
1241 2358 1276 2413 ἃ.
1310 2360 1604 2432 προσευχό-

59 2455 188 2506 μενος
221 2442 247 2492 ὁ
272 2442 438 2495 Δαϐὶδ
462 2445 519 2496 ὲν
546 2444 936 2519 ἑξεκαιδεκὸιτῃ
974 2448 1263 2521 ψαλμῳδία
1303 2451 1436 2521 φησὶ
1469 2452 1605 2522 πρὸς

57 2531 224 2599 Κύριον
256 2571 269 2591 ,
293 2533 372 2586 ὅτι
398 2537 466 2588 Ol
488 2537 785 2605 ὀφθαλμοί
804 2555 920 2593 σου
941 2539 1230 2594 ἰδέτωσαν
1245 2543 1602 2610 εὐθύτητας,

57 2626 136 2690 τᾶς
173 2624 298 2696 ἐμὰς
329 2626 591 2696 δηλονότι.
665 2627 1063 2698 Ἐὸοκίμασας
1085 2631 1193 2701 γὰρ
1215 2631 1330 2699 τὴν
1354 2633 1606 2701 καρδίαν

51 2727 163 2775 μου,
193 2715 731 2795 φησὶνηέπεσκέψω
766 2720 1009 2786 νυκτός’
1035 2721 1352 2788 ἐπύρωσάς
1377 2741 1474 2792 με,
1504 2724 1602 2777 καὶ

53 2801 147 2868 οὺχ
175 2802 378 2871 εὑρέθη
407 2806 481 2859 ἐν
505 2808 632 2876 ἐμοὶ
659 2809 878 2866 ἀδικία.
915 2811 1055 2865 Ἴσον
1083 2811 1175 2866 οὖν
1205 2816 1368 2879 ἐστιν,
1408 2818 1600 2882 εἰπεῖν,

52 2889 118 2941 ὅτι
141 2890 198 2945 Οἱ
217 2893 510 2964 ὀφθαλμοί
536 2913 654 2952 σου
685 2899 976 2954 ὶδέτωσαν
1001 2904 1351 2971 εὐθύτητας·
1381 2906 1494 2971 καὶ,
1523 2908 1602 2960 ὅτι

55 2982 108 3032 Οἱ
129 2982 408 3053 ὀφθαλμοί
450 3001 568 3041 σου
614 2989 682 3042 τὸ
711 2989 992 3045 ἐναντίον
1012 2991 1098 3060 μὴ
1139 2992 1596 3050 θεασάσθωσαν.

61 3069 109 3124 ’0
137 3074 235 3146 γὰρ
261 3078 320 3130 τὸ
337 3077 499 3142 εύθὲς
527 3079 670 3144 tam,
701 3082 912 3136 σκολιὸν
934 3085 1035 3137 οὐκ
1058 3080 1182 3138 εἶδε·
1215 3087 1308 3138 καὶ
1335 3088 1363 3140 ὁ
1389 3087 1598 3140 σκολιὸν
1629 3134 1668 3152 ,,

55 3164 116 3235 μὴ
154 3167 263 3218 ἰδὼν
282 3169 358 3225 ,τὸ
387 3171 546 3234 εύθὲς
589 3173 804 3237 πάντως
834 3175 1107 3232 τεθέαται.
1154 3176 1363 3230 Οὐκοῦν
1388 3178 1475 3231 διὰ
1502 3180 1598 3249 τῆς

52 3256 128 3308 τοῦ
180 3259 411 3314 ἐναντίου
461 3263 863 3335 ὑπεξαιρέσεως
911 3268 974 3321 τὺ
1021 3268 1224 3337 ἀγαθὸν
1269 3273 1381 3334 τοῖς
1431 3271 1597 3335 θείοις

51 3347 311 3420 ὀφθαλμοῖς
338 3354 696 3421 ἐπιδείκνυσι,
734 3358 801 3410 δι’
831 3351 905 3412 ὧν
936 3360 1333 3431 ἀναπεροῦται
1371 3363 1533 3416 πάλιν
1563 3365 1595 3433 ἡ

51 3438 189 3510 ψυχὴν
221 3444 252 3514 ’θ
293 3443 379 3498 διὰ
405 3446 508 3516 τῆς
536 3451 815 3520 παρακοῆς
839 3449 950 3504 τῶν
984 3454 1421 3523 πρωτοπλὰστων
1466 3472 1596 3509 πτε-

54 3535 392 3604 ριρῤυήσασα.
437 3537 611 3593 Τοῦτο
643 3542 819 3594 τοίνυν
845 3542 932 3596 διὰ
961 3546 1067 3597 τῶν
1097 3546 1402 3616 εἰρημένων
1436 3565 1596 3600 κατε-

53 3623 312 3695 νοήσαμεν
335 3628 466 3680 Ὅτε
489 3629 538 3681 οἱ
558 3630 826 3702 ὀφθαλμοί
850 3649 941 3686 σου
963 3635 1049 3686 ἐπ’
1070 3635 1170 3705 ἐμὲ
1194 3635 1596 3699 ἐπιϐλέπουσιν,

54 3713 454 3788 ἀποστρέφονται
488 3721 595 3774 ἀπὸ
628 3723 720 3776 τοῦ
750 3725 1015 3778 ἐναντίου.
1059 3727 1133 3778 Ού
1159 3728 1265 3798 γὰρ
1297 3727 1516 3796 δψονταί
1546 3747 1599 3780 τι

53 3802 100 3853 ἐν
132 3804 242 3875 ἐμοὶ
277 3810 386 3862 τῶν
430 3812 856 3884 ἐναντιουμένων
907 3833 1019 3886 μοι.
1066 3817 1164 3869 Διὰ
1203 3817 1360 3870 τοῦτο
1392 3819 1600 3887 γίνεταί

53 3907 129 3959 μοι
163 3896 260 3948 ἀπὸ
296 3897 403 3952 τῶν
444 3899 738 3970 ὀφθαλμῶν
766 3918 860 3955 σου
880 3943 894 3965 ,
925 3903 986 3954 τὸ
1033 3903 1194 3957 πάλιν
1221 3905 1597 3976 πτερωθῆναι,

53 3983 132 4035 καὶ
154 3986 430 4043 ἁναλαὸεἴν
457 3988 544 4043 διὰ
578 3991 686 4043 τῶν
712 3991 919 4061 ἀρετῶν
944 3992 1043 4056 τὰς
1081 3993 1356 4065 πτέρυγας
1380 3996 1478 4065 τῆς
1501 4015 1599 4049 πεο

55 4083 297 4150 ριστεριῖς,
323 4081 388 4134 δι’
420 4083 488 4153 ἧς
517 4082 721 4149 γίνεταί
753 4101 844 4154 μοι
882 4085 978 4154 τῆς
1011 4086 1259 4154 πτήσεως
1289 4088 1322 4159 η
1351 4087 1598 4157 δύναμιςο

53 4167 167 4221 ὥστε
187 4174 516 4244 πετασθῆναι
537 4177 630 4228 καὶ
651 4174 1016 4234 καταπαῦσαι.
1050 4177 1263 4247 ἐκείνην
1291 4177 1488 4250 δηλαδὴ
1504 4180 1599 4251 τὴν

53 4263 382 4330 καταπαυσιν,
423 4266 490 4337 ῆν
524 4267 867 4320 κατέπαυσεν
907 4271 935 4321 ὁ
972 4267 1102 4330 Θεὸς
1130 4269 1238 4322 ἀπὸ
1270 4269 1377 4322 τῶν
1423 4270 1601 4341 ἔργων

55 4367 216 4406 αυτου.

1707 1908 1880 1954 metas
1904 1901 2116 1970 prolata
2145 1917 2252 1956 non
2281 1912 2430 1965 sunt,
2454 1903 2710 1958 convenit
2740 1905 2842 1957 hoc
2867 1905 2989 1957 loco
3012 1913 3277 1969 statuere,

1706 1990 1865 2046 fateri
1917 2007 2177 2062 sponsam
2235 1993 2408 2063 ipsam
2464 2009 2571 2064 qua
2627 1994 2698 2048 sit
2731 1995 2800 2049 ab
2847 1996 3025 2050 oculis
3073 1995 3278 2050 divinis

1705 2083 1897 2139 affecta
1923 2085 2120 2155 gratia.
2156 2083 2331 2140 Simul
2363 2086 2507 2141 enim
2544 2096 2599 2142 et
2627 2086 2980 2156 benignitatis
3022 2103 3136 2143 suae
3175 2103 3278 2142 nos

1704 2174 1881 2230 oculis
1927 2175 2142 2246 aspexit
2171 2175 2334 2242 Deus,
2383 2183 2438 2231 et
2481 2191 2583 2232 nos
2625 2176 2693 2231 ad
2726 2177 3036 2246 exemplum
3091 2176 3280 2247 gratiae

1704 2268 1947 2337 pristinae
1968 2268 2085 2322 alas
2111 2268 2578 2336 recuperavimus.
2604 2268 2732 2323 Haec
2758 2268 2998 2323 arbitror
3021 2267 3275 2338 equidem

1704 2375 1802 2431 per
1831 2360 1946 2415 haec
1976 2360 2138 2416 verba
2185 2361 2506 2430 significari,
2538 2377 2660 2431 qua:
2716 2361 2973 2430 precibus
3010 2360 3178 2415 David
3219 2361 3276 2414 in

1704 2447 1916 2515 psalmo
1950 2463 2038 2501 xvt
2091 2451 2428 2518 complexus,
2474 2449 2541 2503 ad
2579 2448 2868 2504 Dominum
2900 2451 2974 2504 ait
2997 2449 3042 2482 ⁸⁸
3072 2468 3085 2504 ι
3119 2448 3274 2505 Oculi

1705 2536 1783 2588 tui
1856 2536 2066 2592 videant
2137 2538 2514 2602 rectitudines,
2580 2539 2840 2594 nimirum
2897 2555 3064 2596 meas.
3129 2539 3273 2594 Nam

1701 2628 1960 2696 probasti,
2004 2630 2099 2694 ait,
2141 2646 2234 2684 cor
2267 2646 2459 2695 meum,
2505 2639 2554 2683 et
2587 2630 2862 2696 imperiali
2914 2640 3069 2683 noctu
3097 2645 3117 2683 :
3159 2631 3276 2699 igne

1704 2736 1784 2772 me
1809 2721 2152 2784 examinasti,
2188 2731 2238 2774 et
2277 2737 2383 2774 non
2431 2732 2638 2786 reperta
2670 2729 2748 2774 est
2781 2723 2837 2774 in
2882 2737 2960 2774 me
2996 2722 3273 2790 iniquitas.

1713 2807 1808 2864 Est
1841 2812 2004 2880 igitur
2037 2814 2198 2876 idem,
2253 2817 2298 2870 si
2331 2817 2482 2873 dicas
2529 2835 2542 2870 :
2596 2818 2747 2873 Oculi
2781 2820 2857 2872 tui
2885 2821 3088 2872 videant
3130 2826 3285 2873 recti-

1714 2901 1919 2956 tudines
1962 2918 1982 2956 :
2028 2912 2084 2958 et
2132 2923 2146 2959 :
2199 2903 2353 2959 Oculi
2401 2909 2480 2960 tui
2519 2912 2842 2962 contrarium
2885 2927 2990 2964 non
3031 2921 3278 2966 spectent.

1706 2994 1839 3045 [\am
1870 2992 1964 3062 qui
1995 2997 2206 3047 rectum
2262 2992 2526 3054 intuetur,
2552 2991 2833 3060 obliquum
2869 3005 2978 3044 non
3013 2990 3181 3054 videt,
3221 3001 3276 3045 et

1704 3086 1795 3153 qui
1826 3085 2109 3153 obliquum
2149 3097 2258 3137 non
2288 3081 2456 3147 videt,
2498 3082 2726 3136 omnino
2779 3089 2986 3136 rectum
3041 3089 3272 3150 spectat.

1707 3175 1892 3246 itaque
1927 3191 2025 3246 per
2052 3175 2472 3230 summotiouem
2512 3174 2794 3239 contrarii,
2835 3173 3042 3229 bonum
3073 3173 3273 3229 divinis

1705 3270 1760 3323 in
1785 3268 1961 3321 oculis
1989 3266 2348 3328 demonstrat,
2383 3281 2479 3336 per
2510 3280 2652 3335 quos
2681 3267 2797 3321 alas
2825 3265 3012 3319 anima
3038 3280 3271 3336 recupe-

1705 3368 1830 3419 rat,
1880 3373 2002 3428 quae
2048 3372 2144 3428 per
2204 3357 2633 3412 inobedientiam
2687 3357 2865 3426 primo
2924 3357 3274 3412 conditorum

1708 3451 1988 3502 hominum
2043 3465 2152 3502 non
2215 3448 2453 3518 amplius
2506 3447 2622 3502 alas
2680 3461 2710 3501 a
2771 3457 2967 3502 natura
3018 3448 3273 3503 habebat.

1707 3541 1888 3608 Quare
1918 3542 1998 3595 sic
2023 3540 2377 3610 intelligimus
2407 3540 2522 3593 haec
2561 3537 2749 3602 verba,
2775 3539 2934 3607 quasi
2959 3537 3232 3593 dlceretur
3257 3556 3269 3590 :

1705 3631 1860 3686 Oculi
1887 3631 1964 3684 tui
1998 3645 2121 3684 cum
2156 3644 2241 3683 me
2277 3629 2598 3697 inspiciunt,
2633 3635 2958 3681 avertuntur
2997 3643 3026 3680 a
3059 3635 3276 3681 contra-

1704 3723 1808 3776 rio.
1837 3721 1956 3776 Non
1983 3722 2127 3775 enim
2175 3719 2442 3773 videbunt
2486 3719 2540 3772 in
2576 3733 2662 3772 me
2709 3717 3008 3787 quidquam
3058 3733 3273 3780 eorum,

1706 3831 1827 3884 qua:
1857 3813 1989 3868 mihi
2039 3811 2321 3867 contraria
2366 3820 2518 3866 sunt.
2571 3809 2782 3865 Idcirco
2820 3813 2930 3866 tuis
2981 3811 3052 3866 ab
3099 3813 3277 3866 oculis

1708 3909 1811 3961 hoc
1842 3919 2176 3975 consequor,
2231 3911 2292 3958 ut
2345 3919 2564 3957 rursum
2614 3907 2729 3958 alas
2774 3904 3028 3966 habeam.
3079 3911 3134 3958 et
3181 3920 3278 3973 per

1705 3999 1938 4051 virtutes
1983 4008 2303 4065 recuperem
2353 3993 2470 4046 alas
2517 3992 2674 4061 ejus,
2712 4008 2834 4062 quae
2879 4000 2966 4048 est
3014 4001 3274 4062 tanquam

1707 4088 1997 4142 columba:
2051 4101 2160 4156 quo
2214 4085 2273 4138 ﬁt
2306 4093 2365 4139 ut
2412 4083 2601 4137 volare
2647 4084 2875 4154 possim,
2931 4099 2994 4138 ac
3033 4084 3276 4138 vicissim

1707 4163 2031 4250 quiescere:
2065 4177 2248 4246 quiete
2277 4177 2369 4231 illa
2409 4178 2690 4240 nimirum,
2731 4191 2838 4246 qua
2876 4175 3020 4230 Deus
3050 4176 3120 4230 ab
3148 4190 3281 4245 ope-

1707 4275 1861 4328 ribus
1887 4273 2004 4326 suis
2031 4271 2258 4341 quievit.

113 4445 264 4499 Παλιν
304 4447 361 4500 δὲ
407 4447 550 4516 μετὰ
591 4447 689 4511 τὰς
719 4449 901 4517 φωνὰς
928 4448 1130 4513 ταύτας
1173 4453 1207 4521 ὴ
1243 4451 1337 4505 τοῦ
1375 4453 1601 4518 κάλλους

1777 4451 2046 4506 Caeterum
2078 4459 2200 4520 post
2225 4449 2341 4504 haec
2373 4451 2538 4504 verba
2569 4464 2790 4504 rursum
2820 4449 3122 4519 descriptio
3153 4450 3276 4519 pul-

53 4534 134 4603 τῆς
160 4537 367 4608 νύμφης
402 4539 696 4611 ὑπογραφὴ
723 4540 1050 4611 διαδέχεται,
1093 4543 1201 4596 τῶν
1229 4546 1308 4606 είς
1336 4543 1430 4616 τὴν
1454 4545 1603 4617 ὥραν

54 4627 193 4681 αὑτοῦ
243 4629 634 4684 συντελούντων
680 4632 908 4686 ἕκαστον
977 4633 1066 4687 διά
1105 4651 1248 4698 τινος
1296 4636 1605 4706 προσφυοῦς

53 4715 333 4783 ὁμοιώσεως
372 4720 470 4773 τοῦ
507 4721 664 4790 λόγου
707 4722 1076 4793 σεμνύνοντος.
1133 4726 1462 4778 Ἐπαινεῖται
1495 4726 1603 4797 γὰρ

56 4807 196 4879 ᾲίτῆς
223 4811 328 4864 τῶν
359 4830 420 4865 τε
459 4813 660 4883 τριχῶν
684 4815 745 4866 τὸ
789 4815 1016 4880 κάλλος,
1052 4817 1142 4869 καὶ
1182 4817 1288 4870 τῶν
1314 4817 1538 4870 ὀδόντων
1569 4820 1602 4888 ἡ

55 4896 198 4963 θέσις,
229 4905 320 4956 καί
345 4904 408 4958 τὸ
433 4905 526 4956 ἐπὶ
554 4904 646 4957 τοῦ
690 4905 898 4975 χείλους
940 4905 1118 4971 ἄνθος,
1152 4909 1245 4960 καὶ
1275 4909 1336 4960 τὸ
1367 4908 1464 4978 ἡδὺ
1501 4908 1603 4977 τῆς

55 4989 234 5059 φωνῆς.
273 4994 369 5064 τῆς
403 5012 462 5047 τε
488 4998 724 5064 παρειᾶς
747 4996 807 5048 τὸ
827 4996 1097 5068 ἐρύθημα.
1144 4997 1205 5050 '0
1230 4997 1285 5050 δὲ
1321 4998 1448 5069 περὶ
1470 5000 1600 5052 ὲκά-

57 5092 163 5132 στου
193 5083 295 5135 τῶν
331 5087 638 5158 εἰρημένων
683 5089 924 5151 ἔπαινος,
965 5087 1050 5140 διά
1088 5105 1231 5151 τινος
1267 5087 1600 5160 καταλλήλου

58 5171 367 5240 συγκρίσεὼς
383 5192 443 5228 τε
470 5177 563 5230 καὶ
591 5177 954 5249 παραθέσεωςΔ
975 5177 1273 5248 πληροῦται
1297 5182 1363 5250 τῇ
1391 5179 1597 5252 νύμφῃ.

56 5259 110 5309 Αἱ
137 5263 223 5328 μὲν
249 5264 357 5336 γὰρ
400 5268 584 5337 τρίχες
609 5268 829 5336 ἀγέλαις
852 5269 1022 5336 αἰγῶν
1059 5273 1178 5333 ταῖς
1215 5271 1601 5337 ἀναφανείσαις

57 5346 148 5398 ἀπὺ
171 5350 254 5402 τοῦ
287 5352 497 5407 Γαλαὰδ
525 5353 904 5426 ὡμοιώθησανσ
938 5359 992 5410 αί
1035 5355 1091 5411 δὲ
1119 5357 1229 5409 τῶν
1253 5358 1606 5429 κεκαρμένων

57 5436 226 5504 ἀγέλαι
252 5443 488 5514 διδύμοις
529 5447 708 5510 τόκοις
740 5445 1205 5518 ὲπαγαλλόμεναι,
1239 5448 1300 5500 τὸ
1323 5448 1430 5501 τῶν
1457 5448 1604 5501 ὀδόν-

57 5541 149 5580 των
169 5531 434 5605 ἐγκώμιον
465 5537 730 5609 πληροῦσι
761 5538 850 5592 διὰ
869 5541 968 5610 τῆς
993 5539 1324 5610 ὁμοιώσεως⁹
1364 5541 1606 5612 σπαρτίῳ

120 5711 167 5745 ⁸⁸
189 5713 294 5771 Tit.
328 5733 391 5784 ιι,
432 5717 515 5772 1'2.
591 5717 638 5750 "
675 5715 824 5772 Psal.
849 5732 960 5786 xu,
993 5717 1050 5784 2,
1079 5715 1131 5771 3.

1707 4543 2040 4598 chritudinis
2094 4557 2316 4612 sponsa:
2366 4541 2648 4607 succedit,
2697 4550 2752 4594 et
2794 4541 3007 4610 singula
3055 4556 3175 4606 quae
3207 4539 3273 4592 ad

1707 4637 2030 4705 elegantiam
2078 4634 2254 4705 ipsius
2318 4633 2498 4688 facere
2540 4640 2799 4702 possunt,
2864 4644 2988 4702 apta
3037 4632 3276 4701 quadam

1707 4727 2064 4784 similitudine
2111 4733 2397 4780 ornantur.
2435 4722 2572 4777 Nam
2600 4731 2655 4778 et
2712 4738 2992 4778 comarum
3023 4723 3143 4790 ejus
3180 4737 3279 4777 ve-

1708 4831 1902 4875 nustas
1937 4817 2213 4882 laudatur,
2257 4826 2313 4872 et
2354 4817 2598 4874 dentium
2636 4815 2946 4878 collocatio,
2993 4821 3048 4869 et
3098 4814 3198 4868 ﬂos
3221 4815 3278 4867 in

1707 4911 1886 4973 labro,
1914 4917 1968 4965 et
2012 4910 2163 4964 vocis
2197 4909 2460 4971 suavitas,
2493 4916 2547 4962 et
2576 4921 2835 4974 genarum
2885 4905 3072 4960 rubor.
3101 4904 3280 4973 Atque

1708 5004 1900 5057 borum
1931 5003 2173 5055 omnium
2215 5001 2337 5055 laus
2392 5014 2490 5068 per
2523 4998 2936 5053 convenientem
2984 4996 3277 5068 quamdam

1707 5092 2168 5161 comparationem
2204 5104 2422 5159 sponsae
2480 5086 2796 5141 assolvitur.
2829 5086 3040 5142 Etenim
3090 5086 3278 5157 capilli

1707 5184 1888 5250 capris
1919 5181 1987 5235 de
2014 5178 2218 5234 Galaad
2245 5175 2668 5248 conspiciendas
2705 5192 2764 5232 se
2791 5176 3163 5246 praebentibus
3190 5191 3280 5231 as-

1709 5272 2057 5327 similantur:
2091 5280 2378 5326 tonsarum
2406 5285 2536 5324 vero
2563 5283 2777 5340 greges,
2809 5268 3040 5338 geminis
3077 5267 3280 5322 fetibus

1705 5363 2022 5433 gaudentes,
2053 5363 2362 5416 encomium
2400 5361 2643 5414 dentium
2666 5360 2989 5434 conﬁciunt.
3009 5356 3279 5411 Funiculo

1705 5453 1941 5522 denique
1972 5451 2234 5506 coccineo
2264 5450 2467 5505 labium
2521 5457 2872 5519 comparatur
2900 5465 2914 5502 :
2955 5456 3010 5504 et
3044 5461 3139 5517 per
3165 5446 3280 5500 col-

1707 5545 1960 5600 lationem
1997 5559 2119 5600 cum
2153 5543 2282 5598 mali
2331 5542 2517 5611 punici
2549 5543 2755 5598 cortice
2799 5555 3065 5612 genarum
3112 5550 3280 5596 orna-
