3850 6224
71 329 201 386 1105

1085 342 1152 397 IN
1189 299 1484 402 CANTICA
1512 341 1784 401 CANTIC.
1825 343 2108 400 nos-uuis
2148 347 2262 402 xv.

3177 349 3314 408 “09

71 448 199 512 ζὼου
221 446 576 522 καταλλήλως
605 455 737 526 πρὸς
771 458 868 530 τὴν
916 459 1128 528 γένεσιν
1154 463 1260 517 τῶν
1283 466 1484 536 τριχῶν
1519 481 1646 520 κατ-

1751 465 1900 533 quod
1967 468 2134 536 hujus
2184 466 2440 522 animalis
2486 475 2684 523 natura
2747 465 2948 524 idonee
3002 431 3316 540 comparata

75 539 389 596 εσκεύασται
429 545 572 599 ὥστε
596 549 824 618 αἴνιγμα
851 549 944 604 τοῦ
968 551 1057 606 διὰ
1079 553 1187 607 τῶν
1211 556 1413 626 τριχῶν
1437 556 1641 627 κόσμου

71 632 309 700 γενέσθαι
335 633 398 686 τὺ
420 634 581 700 ζῶον,
608 636 670 689 τὺ
687 641 804 701 ταῖς
828 638 972 709 θριξὶ
996 642 1240 710 φυσικῶς
1264 643 1644 714 δασυνόμενον·

75 724 105 794 ἢ
130 726 208 777 ὅτι
236 725 323 778 διὰ
357 726 470 778 τῶν
515 729 730 800 πετρῶν
757 731 1123 812 ἁνολισθήτως
1155 734 1360 804 βαίνει,
1393 738 1488 790 καὶ
1517 738 1644 808 περὶ

75 817 164 880 τὰς
205 818 450 888 κορυφὰς
507 819 614 874 τῶν
669 822 839 892 ὀρέων
894 825 1327 896 ἀναστρέφεται,
1391 829 1479 882 διὰ
1535 830 1645 884 τῶν

75 906 444 976 δυσπορεύτων
498 912 586 966 καὶ
624 913 913 982 ἀποτόμων
938 916 1219 986 εὐθαρσῶς
1270 919 1369 986 τὴν
1417 919 1644 990 πορείαν

81 997 408 1067 ποιούμενον·
444 1001 584 1073 ὅπερ
623 1006 736 1068 τοῖς
760 1004 858 1076 τὴν
893 1010 1152 1078 τραχεῖαν
1173 1009 1272 1078 τῆς
1303 1009 1500 1081 ἀρετῆς
1528 1011 1645 1064 ὁδὸν

80 1090 386 1160 κατορθοῦσι
425 1095 996 1164 προσφυῶς⁶.Μᾶλλον
1023 1099 1067 1151 δ’
1090 1099 1156 1153 ἄν
1173 1117 1256 1164 τις
1283 1101 1426 1154 εἴποι
1466 1101 1554 1156 διὰ
1584 1102 1646 1156 τὸ

82 1180 206 1251 πρὸς
232 1182 400 1234 πολλὰ
429 1186 530 1254 τῆς
558 1187 791 1258 νομικῆς
819 1189 1131 1260 ἱερουργίας
1159 1191 1264 1245 ὑπὸ
1299 1191 1392 1245 τοῦ
1422 1194 1646 1264 νομοθέ-

79 1286 164 1322 του
195 1272 564 1342 παρειλῆφθαι
609 1277 670 1330 τὸ
713 1276 872 1342 ζῶον,
909 1281 1184 1334 συντελεῖν
1225 1284 1425 1348 ταύτας
1453 1289 1516 1356 τῇ
1555 1303 1647 1340 κε-

81 1361 208 1432 φαλῇ
231 1364 367 1434 πρὸς
399 1366 862 1438 ὲγκὼμιον..0’ίδα
902 1373 960 1425 δὲ
989 1376 1046 1427 ἐν
1073 1377 1184 1439 τοῖς
1219 1380 1316 1448 τῆς
1336 1379 1646 1449 Παροιμίας

79 1453 377 1524 αἰνίγμασιν
422 1458 482 1509 ὲν
527 1463 642 1524 τοῖς
687 1462 944 1533 τέσσαρσι
993 1469 1106 1530 τοῖς
1143 1467 1546 1539 εὐοδουμένοις,
1587 1471 1644 1524 ἓν

77 1543 162 1594 καὶ
205 1544 358 1598 τοῦτο
404 1547 518 1600 τῶν
568 1549 749 1613 καλῶς
799 1551 1180 1609 διαϐαινόντων
1233 1557 1645 1629 ἀπηριθμῆσθαι

77 1633 158 1686 τὸν
178 1637 372 1703 τράγον
412 1639 504 1691 τὸν
547 1639 853 1710 ἡγούμενον
889 1643 986 1696 τοῦ
1026 1646 1293 1701 αἰπολίου.
1332 1649 1396 1701 Ὃ
1425 1650 1482 1702 δὲ
1516 1650 1646 1722 περὶ

77 1725 252 1778 τούτου
282 1731 653 1798 στοχαστικῶς
700 1733 1054 1805 ὑπονοοῦμεν,
1087 1737 1324 1791 τοιοῦτόν
1352 1741 1465 1791 ἐστι
1487 1750 1502 1764 ⁸
1529 1741 1645 1795 Πᾶν

1751 559 1824 612 sit
1863 558 1932 612 ad
1969 559 2332 629 proferendos
2367 561 2510 630 pilos
2548 579 2563 615 :
2597 561 2674 615 ita
2713 568 2774 616 ut
2798 563 3106 626 ornamenti
3147 566 3320 632 capil-

1749 649 1926 704 lorum
1984 652 2165 722 imago
2225 651 2474 722 quaedam
2533 653 2639 707 hoc
2699 653 2876 722 ipsum
2944 653 3146 708 animal
3211 655 3316 717 sit,

1751 742 1900 811 quod
1933 759 1960 796 a
1997 753 2194 798 natura
2237 745 2378 814 pilos
2432 747 2632 800 densos
2667 746 2852 801 habet.
2893 745 2990 802 Vel
3036 746 3184 817 quod
3221 761 3320 817 per

1752 851 1888 892 saxa
1921 838 2042 892 sine
2073 839 2184 892 ulla
2217 836 2414 907 pedum
2465 837 2772 893 offensione
2815 837 3025 904 tendat,
3081 847 3136 891 et
3169 838 3321 892 circa

1750 930 1985 985 vertices
2017 930 2286 984 montium
2315 939 2588 992 versetur,
2621 943 2715 998 per
2739 929 2855 982 loca
2908 928 3142 982 transitu
3178 925 3322 984 dim-

1752 1019 1876 1072 cilia
1915 1028 2302 1088 praeruptaque
2333 1015 2847 1072 fidenterincedens
2882 1014 2978 1069 :id
3018 1013 3164 1082 quod
3195 1022 3322 1082 apte

1751 1108 1819 1163 ad
1863 1125 1960 1164 eos
2020 1108 2549 1174 accommodabitur,
2605 1108 2700 1176 qui
2745 1107 3010 1176 praeclare
3067 1118 3320 1174 asperam

1749 1199 1976 1256 virtutis
2021 1201 2168 1254 viam
2210 1199 2534 1254 conficiunt.
2581 1197 2830 1267 Denique
2881 1195 3088 1251 dixerit
3131 1195 3318 1250 forsan

1752 1290 1979 1360 aliquis,
2029 1297 2318 1360 propterea
2362 1304 2459 1359 per
2491 1288 2593 1343 bas
2640 1287 2705 1342 ad
2761 1285 2962 1356 capitis
3003 1283 3318 1340 encomium

1751 1382 1960 1452 aliquid
1987 1381 2269 1446 accedere,
2302 1380 2448 1450 quod
2485 1379 2690 1434 animal
2719 1378 2824 1432 hoc
2854 1377 2921 1430 ad
2963 1376 3138 1428 multa
3170 1374 3319 1442 lega-

1750 1474 1824 1526 lia
1863 1471 2136 1526 sacrificia
2195 1473 2268 1526 sit
2307 1487 2337 1524 a
2377 1471 2526 1526 Mose
2577 1476 2923 1538 usurpatum.
2979 1463 3105 1520 Scio
3149 1463 3317 1518 etiam

1751 1566 1806 1619 in
1837 1563 2144 1632 arnigmatis
2179 1561 2303 1616 libri
2332 1561 2755 1614 Proverbiorum
2777 1558 2923 1610 inter
2952 1565 3195 1625 quatuor
3223 1551 3317 1604 illa

1751 1669 1873 1724 quae
1901 1654 2040 1708 bene
2086 1651 2371 1714 incedunt,
2423 1648 2704 1703 numerari
2751 1647 2966 1700 hircum
3028 1643 3320 1696 ducentem

1751 1759 2041 1814 caprarum
2093 1757 2334 1813 gregem.
2369 1739 2444 1792 De
2480 1754 2590 1808 quo
2617 1743 2810 1791 nostra
2867 1731 3085 1802 quidem
3130 1729 3322 1798 hujus-

78 1818 398 1890 ἐπιτήδευμα
421 1821 490 1873 δι’
523 1824 642 1888 ἐνὸς
665 1827 962 1896 ἀρχόμενον
987 1831 1066 1890 εἰς
1089 1829 1316 1892 πολλοὺς
1336 1829 1646 1884 διαδίδοται·

1751 1835 1902 1890 modi
1935 1833 2256 1903 conjectura
2281 1841 2366 1886 est
2396 1845 2408 1881 :
2440 1827 2682 1894 Quodvis
2730 1825 3071 1886 institutum,
3106 1821 3176 1874 ab
3207 1833 3321 1872 uno

77 1907 144 1970 ὡς
172 1909 258 1961 ἐπὶ
287 1911 384 1980 τῆς
420 1912 788 1984 χαλκευτικῆς
811 1917 844 1984 ή
875 1917 1064 1989 Γραφὴ
1092 1919 1182 1971 τὸν
1210 1919 1380 1973 Θὸϐελ
1420 1922 1647 1992 εὑρετὴν

81 1999 168 2067 τῆς
194 2000 386 2072 τέχνης
415 2004 650 2059 εἰποῦσα
673 2049 688 2070 ,
731 2008 946 2062 πάντων
979 2009 1086 2062 τῶν
1126 2011 1242 2080 μετ’
1275 2011 1438 2066 αὑτὸν
1480 2031 1648 2083 μετα-

83 2091 452 2161 χειριζομένων
497 2095 594 2148 τοῦ
647 2097 862 2170 σιδήρου
910 2099 1007 2171 τὴν
1049 2103 1310 2172 ἐργασίαν
1340 2105 1398 2166 ἐς
1443 2106 1646 2160 ἐκεῖνον

85 2178 257 2246 ἀνάγει
294 2181 394 2253 τὴν
421 2185 754 2258 ἐπιστήμην·
795 2189 936 2243 οὕτω
981 2191 1076 2244 καὶ
1105 2195 1204 2263 τῆς
1233 2197 1594 2266 ποιμαντικῆς
1619 2199 1648 2251 ὁ

88 2270 236 2323 Ἅϐελ
280 2274 548 2345 ἡγήσατο,
595 2280 687 2331 καὶ
737 2281 875 2335 Κάῖν
928 2281 1026 2352 τῆς
1067 2285 1366 2356 γεωργίας,
1417 2289 1512 2341 καλ¹
1555 2288 1647 2343 τὸν

83 2359 292 2434 Νεὸρὼδ
315 2367 564 2438 ἀρχηγὸν
610 2370 756 2438 λέγει
791 2373 893 2442 τῆς
922 2377 1287 2446 κυνηγετικῆς
1315 2379 1645 2450 ἐπιστήμης,

83 2455 766 2554 κμὶωτῆςθμιπελουργίας
938 2465 1083 2530 Νῶε,
1130 2468 1224 2520 καὶ
1260 2467 1362 2538 τῆς
1406 2471 1484 2532 είς
1517 2470 1647 2523 Θεὸν

83 2543 277 2607 ἐλπίδος
295 2546 388 2598 τὸν
427 2547 596 2612 Ἐνώς
619 2568 784 2622 φησιν
804 2552 1088 2625 ἄρξασθαι·
1119 2559 1214 2610 καὶ
1237 2558 1405 2612 πολλά
1427 2561 1648 2616 τοιαῦτα

83 2633 216 2703 παρὰ
246 2637 342 2707 τῆς
369 2639 532 2707 ἁγίας
557 2637 680 2696 ἔστι
721 2643 1032 2717 διδαχθῆναι
1067 2648 1308 2720 Γραφῆς,
1343 2653 1424 2706 ὅτι
1451 2653 1570 2717 ἑνός
1595 2672 1648 2708 τι

83 2723 516 2795 ὲπιτηδεύσαντος
541 2733 755 2804 εἰσῆλθε
797 2737 937 2790 κατὰ
967 2739 1198 2810 μίμησιν
1229 2744 1309 2805 εἰς
1331 2743 1422 2796 τὸν
1450 2743 1564 2814 βίον
1588 2743 1649 2796 τὸ

85 2815 420 2890 ἐπιτήδευμα.
483 2823 698 2896 Ἐπειδὴ
742 2827 920 2881 τοίνυν
959 2829 1054 2882 τοῦ
1094 2829 1238 2884 θείου
1270 2829 1433 2903 ζήλου
1463 2834 1646 2905 διαφε-

85 2905 267 2973 ρόντως
284 2913 427 2966 κατὰ
453 2916 632 2969 πᾶσαν
656 2917 846 2989 ἐξοχὴν
869 2923 896 2973 ό
931 2922 1111 2974 Ἡλίου
1135 2924 1504 2996 καθηγήσατο,
1535 2929 1649 2982 ὅσοι

87 3001 190 3064 μετ’
233 3003 436 3058 ἐκεῖνον
491 3007 584 3059 τὸν
630 3009 838 3062 ἐκείνου
885 3014 1253 3084 μιμησάμενοι
1309 3017 1488 3086 ζῆλον,
1538 3023 1650 3082 τοῖς

85 3094 247 3160 αὐτοῖς
273 3097 444 3170 ἴχνεσι
472 3104 570 3174 τῆς
596 3105 688 3157 τοῦ
711 3109 990 3178 προφήτου
1021 3113 1328 3182 παρρησίας
1353 3114 1648 3182 ἐπηκολού-

87 3184 258 3255 θησαν,
283 3193 526 3248 αἰπόλιον
560 3195 813 3264 γεγόνασι
849 3199 942 3252 τοῦ
966 3199 1312 3270 ἡγησαμένου
1342 3203 1440 3272 τῆς
1463 3203 1644 3256 τοιαύ-

86 3291 172 3346 της
202 3281 360 3351 ζωῆς,
395 3285 593 3350 οἵτινες
638 3287 764 3352 δόξα
807 3290 905 3360 τῆς
950 3291 1276 3359 Ἐκκλησίας
1305 3293 1400 3345 καὶ
1429 3293 1646 3358 ἔπαινος

89 3369 333 3476 γίνονται.
376 3381 460 3439 εἰς
498 3379 590 3431 τὸν
621 3381 729 3434 τῶν
755 3383 956 3452 τριχῶν
993 3385 1391 3452 καταταγέντες
1421 3387 1646 3456 κόσμον,

89 3465 152 3512 ὼν
187 3465 216 3533 ή
259 3467 550 3541 αἰσθητικὴ
595 3469 706 3542 ζωὴ
745 3473 1075 3546 κεχώρισται
1121 3476 1212 3528 καὶ
1265 3477 1650 3549 ὴλλοτρὶωταιυ

89 3551 173 3602 Διᾶ
199 3555 298 3609 τῶν
336 3561 540 3628 ὁμοίων
579 3563 781 3632 πληροῖ
807 3567 900 3617 καὶ
937 3569 1050 3629 τοῖς
1081 3567 1260 3620 ὀδοῦσι
1292 3569 1380 3622 τὸν
1407 3569 1646 3624 ἔπαινον.

92 3637 230 3698 (iii-tet
255 3647 297 3699 δ’
328 3649 394 3702 ἂν
419 3645 528 3703 εἷεν
577 3655 627 3705 οἱ
649 3655 939 3723 τρέφοντες
970 3656 1036 3709 δι’
1067 3658 1276 3712 ἑαυτῶν
1292 3659 1391 3729 τῆς
1425 3661 1650 3731 Ἐκκλη-

95 3733 195 3798 σίας
215 3739 272 3791 τὸ
299 3741 480 3811 σῶμα,
518 3743 613 3806 οὓς
643 3744 890 3814 βούλεται
922 3747 1020 3817 μὲν
1044 3749 1274 3804 πάντοτε
1307 3751 1382 3815 ὡς
1407 3753 1514 3807 ἀπὸ
1536 3755 1650 3806 λου-

91 3827 204 3892 τροῦ
229 3831 500 3903 καθαροὺς
541 3835 801 3905 ὁρᾶσθαι,
834 3837 1160 3910 ἀπερίττους
1189 3841 1277 3895 διὰ
1311 3844 1512 3908 παντὸς
1551 3847 1649 3911 τὰς

93 3917 278 3987 τρίχας,
315 3922 388 3985 ὡς
419 3924 530 3976 ἀπὸ
559 3928 872 3995 προσφάτου
923 3931 1148 4000 κουρᾶς·
1185 3932 1326 3985 κατὰ
1353 3933 1410 3986 δὲ
1443 3936 1534 3987 τὸν
1565 3937 1646 3989 τό·

94 4023 176 4060 κον
207 4011 307 4064 τῶν
339 4015 557 4084 ἀρετῶν
600 4016 980 4087 διδυμεύοντας
1000 4061 1014 4084 ,
1062 4022 1160 4092 τῆς
1187 4021 1380 4093 διπλῆς
1411 4027 1648 4098 καθαρὸ-

93 4113 236 4202 τητος
266 4107 590 4176 γενομένους
628 4109 902 4182 πατέρας,
930 4113 1033 4182 τῆς
1063 4131 1125 4166 τε
1161 4116 1303 4169 κατὰ
1329 4117 1525 4189 ψυχὴν,
1555 4122 1650 4174 καὶ

95 4207 178 4258 της
204 4197 336 4250 κατὰ
365 4200 528 4269 σῶμα
553 4201 950 4274 θεωρουμένης·
980 4206 1053 4267 ὡς
1075 4206 1348 4277 ἐξόριστον
1376 4207 1511 4264 εἶναι
1543 4213 1649 4265 τῶν

95 4280 302 4371 (Ξόντων
339 4289 565 4354 τούτων,
605 4293 715 4344 πᾶν
766 4294 826 4345 τὸ
866 4294 1092 4362 ἀγονοῦν
1136 4299 1193 4350 ὲν
1239 4298 1316 4367 τῷ
1355 4301 1644 4371 κρείττονι.

97 4367 160 4421 To
201 4373 252 4426 δὲ
290 4379 553 4446 σπαρτίον
589 4380 650 4434 τὸ
689 4384 780 4435 ἐπὶ
815 4383 908 4436 τοῦ
953 4385 1164 4455 χείλους
1203 4367 1500 4460 τιθέμενον,
1549 4396 1648 4465 τὴν

1749 1929 1932 1996 aliquo
1961 1934 2222 1996 coeptum,
2253 1923 2308 1976 in
2336 1923 2540 1974 multos
2576 1919 2730 1988 quasi
2762 1917 2989 1980 diditur,
3031 1921 3090 1966 ut
3120 1913 3176 1966 in
3203 1917 3322 1964 arte

1747 2019 1979 2076 ferraria
2021 2017 2243 2071 Litterae
2279 2029 2451 2069 sacrae
2487 2011 2797 2066 indicantes
2867 2014 3152 2061 auctorem
3199 2001 3320 2070 ejus

1749 2111 1884 2164 artis
1922 2123 2044 2163 esse
2083 2105 2423 2168 Thobelum,
2483 2099 2770 2156 scientiam
2801 2111 2994 2152 eorum
3049 2091 3318 2156 omnium,

1749 2203 1844 2272 qui
1893 2207 2012 2270 post
2061 2199 2208 2253 hunc
2251 2197 2379 2251 ferri
2397 2193 2821 2249 elaborationem
2875 2192 3206 2247 tractarunt,
3251 2183 3320 2237 ad

1749 2294 1932 2364 ipsum
1966 2289 2232 2345 referunt.
2259 2287 2462 2342 Eodem
2498 2283 2663 2339 modo
2697 2283 2776 2337 rei
2817 2281 3076 2352 pastoria:
3107 2279 3320 2348 primus

1749 2391 1941 2437 auctor
1974 2381 2108 2435 Abel
2131 2379 2362 2436 exstitit.
2396 2375 2533 2430 Cain
2566 2371 2971 2444 agricultionis,
3011 2367 3319 2424 venatoria:

1747 2471 2044 2536 Nembrod,
2075 2469 2268 2522 vitium
2298 2465 2527 2520 culturae
2549 2463 2684 2528 Noe,
2709 2461 2855 2515 Enos
2907 2459 2961 2512 in
2995 2457 3164 2512 Deum
3201 2457 3319 2526 pri-

1749 2579 1875 2618 mus
1921 2575 2178 2632 sperasse
2219 2559 2442 2624 dicitur,
2496 2555 2741 2624 adeoque
2781 2553 2952 2606 multa
2991 2550 3059 2605 de
3099 2547 3320 2602 Litteris

1750 2655 1922 2711 sacris
1949 2649 2262 2721 huiusmodi
2295 2646 2776 2716 licetintelligere:
2805 2643 3068 2697 nimirum
3096 2647 3320 2710 postea-

1748 2761 1910 2816 quam
1946 2762 2089 2800 unus
2121 2744 2326 2814 aliquid
2356 2742 2680 2807 instituerit,
2727 2740 2830 2794 hoc
2867 2739 3046 2810 ipsum
3091 2737 3318 2791 institu-

1749 2843 1865 2891 tum
1897 2834 2094 2890 deinde
2140 2850 2234 2904 per
2288 2833 2650 2887 imitationem
2703 2830 2760 2884 in
2811 2829 2977 2882 vitam
3035 2827 3318 2882 hominum

1749 2941 2120 2998 promanasse.
2145 2924 2514 2991 Quamobrem
2543 2937 2668 2975 cum
2712 2919 2768 2973 in
2807 2920 2928 2973 zelo
2953 2918 3141 2972 divino
3164 2929 3321 2986 pror-

1750 3033 1844 3072 sus
1873 3017 2071 3072 eximie
2103 3030 2266 3084 supra
2295 3021 2524 3068 caeteros
2547 3025 2668 3067 sese
2697 3011 2932 3080 gesserit
2961 3007 3130 3069 Elias,
3161 3005 3318 3076 quasi

1751 3109 1860 3162 dux
1893 3107 2232 3176 reliquorum
2271 3107 2326 3159 in
2372 3105 2474 3158 hac
2529 3109 2684 3172 parte
2736 3101 2960 3154 factus:
2999 3100 3320 3167 quicunque

1751 3209 1873 3270 post
1896 3199 2048 3253 illum
2077 3198 2278 3252 imitati
2313 3197 2487 3250 zelum
2525 3196 2667 3265 ejus,
2696 3193 2927 3262 vestigia
2957 3191 3230 3246 libertatis
3263 3192 3318 3244 in

1747 3292 1854 3346 hoc
1883 3291 2148 3361 propheta
2182 3289 2354 3345 secuti
2378 3298 2530 3352 sunt,
2574 3288 2610 3341 ii
2638 3287 2786 3341 velut
2810 3284 3030 3355 quidam
3063 3300 3192 3354 grex
3227 3299 3319 3336 ca-

1746 3384 1962 3452 prarius
1998 3382 2147 3435 illius
2187 3379 2318 3434 facti
2367 3387 2520 3441 sunt,
2569 3379 2662 3448 qui
2714 3378 2967 3449 princeps
3011 3377 3141 3429 talis
3193 3377 3320 3427 vitae

1748 3481 1942 3528 auctor
1972 3473 2211 3527 exsistit.
2260 3471 2428 3525 Iidem
2479 3469 2602 3524 laus
2639 3477 2692 3523 et
2745 3469 2919 3540 gloria
2961 3468 3098 3521 ﬁunt
3131 3465 3318 3518 Eccle-

1749 3569 1864 3628 siae,
1898 3567 2088 3621 selecti
2126 3572 2185 3618 ut
2213 3563 2540 3633 capillorum
2595 3561 2709 3615 sint
2754 3571 3159 3618 ornamentum,
3191 3572 3317 3609 cum

1749 3671 2008 3712 sensuum
2041 3656 2152 3707 vita
2191 3655 2371 3707 locum
2409 3653 2464 3705 in
2495 3651 2578 3705 eis
2619 3649 2830 3703 nullum
2861 3649 3077 3702 haheat.
3114 3645 3318 3700 Eodem

1749 3745 1912 3798 modo
1935 3743 2127 3796 dentes
2160 3743 2326 3796 etiam
2379 3739 2587 3802 laudat,
2641 3753 2738 3808 per
2764 3753 2906 3806 quos
2941 3737 3194 3791 fortassis
3241 3735 3320 3788 illi

1749 3833 2260 3903 suntintelligendi,
2307 3833 2402 3901 qui
2436 3829 2696 3884 Ecclesiae
2733 3844 2938 3898 corpus
2979 3827 3153 3880 alunt.
3206 3825 3320 3880 llos

1748 3929 1864 3982 vult
1886 3941 2102 3995 semper
2121 3925 2369 3994 conspici
2393 3937 2583 3993 puros,
2599 3923 2756 3993 quasi
2777 3921 3061 3989 digressos
3081 3919 3318 3988 primum

1750 4035 1780 4073 a
1811 4019 2028 4072 lavacro
2053 4036 2066 4070 :
2098 4026 2153 4070 et
2183 4017 2414 4085 pilorum
2444 4015 2600 4084 capia
2629 4013 2855 4068 minime
2889 4019 3146 4081 gravatos
3173 4023 3318 4072 esse,

1749 4111 1908 4180 quasi
1945 4124 2142 4163 recens
2177 4115 2411 4173 tensos;
2463 4115 2516 4161 et
2555 4106 2818 4159 virtutum
2865 4104 3084 4158 interim
3133 4099 3322 4155 fecun~

1749 4203 1922 4256 ditate
1955 4201 2190 4271 geminis
2237 4197 2440 4252 fetibus
2491 4197 2772 4266 insignes,
2821 4205 2878 4248 ut
2925 4192 3182 4263 puritatis
3219 4191 3322 4244 du-

1750 4294 1908 4363 plicis
1941 4298 2192 4360 parentes
2225 4291 2382 4350 fiant,
2425 4297 2536 4341 tum
2579 4303 2700 4356 qua:
2731 4286 2782 4339 iu
2813 4286 3018 4348 animo,
3055 4291 3168 4335 tum
3199 4297 3322 4350 qua:

1751 4385 1806 4438 in
1852 4399 2086 4454 corpore
2131 4381 2504 4451 conspiciatur
2536 4397 2548 4432 :
2583 4379 2828 4448 adeoque
2864 4393 2893 4430 ιι
2933 4377 3194 4431 dentibus
3237 4375 3320 4427 his

100 4470 500 4565 μεμετρημένην
555 4471 648 4524 τοῦ
689 4473 846 4540 λόγου
885 4474 1162 4530 διακονίαν
1219 4481 1520 4552 παραδηλοῖ
1569 4485 1646 4555 τῷ

1755 4476 2172 4536 exterminetur,
2237 4471 2500 4542 quidquid
2547 4472 2602 4524 in
2654 4468 3008 4524 fetificatione
3059 4467 3188 4520 boni
3237 4473 3322 4518 est

98 4555 370 4628 αἰνίγματι,
400 4564 538 4633 ὅπερ
578 4564 608 4615 ὁ
649 4565 938 4636 Προφήτης
981 4567 1225 4640 φυλακήν
1249 4587 1307 4623 τε
1347 4574 1438 4625 καὶ
1483 4573 1649 4648 θύραν

97 4653 332 4723 περιοχῆς
358 4655 776 4726 κατωνόμασεν·
818 4659 950 4712 ὅταν
982 4662 1040 4712 ὲν
1073 4662 1252 4732 καιρῷ
1277 4665 1560 4736 ἀνοίγηται
1588 4669 1649 4721 τὸ

102 4739 254 4810 στόμα
279 4747 368 4799 τοῦ
391 4747 574 4815 λόγου,
603 4751 698 4803 καὶ
723 4751 866 4804 κατὰ
886 4752 1076 4823 καιρὸν
1100 4755 1508 4826 κατακλείηται,
1543 4761 1650 4813 Μέ-

100 4846 208 4938 τρου
239 4835 292 4889 δὲ
317 4837 500 4937 ⁴ὖνομα
528 4841 586 4893 τὺ
633 4843 896 4912 σπαρτίον
934 4839 1092 4908 εἶναι,
1126 4847 1276 4917 παρὰ
1301 4849 1400 4918 τῆς
1436 4867 1647 4921 προφη-

99 4927 229 4986 τείας
255 4927 342 4980 τοῦ
370 4931 638 5000 Ζαχαρίου
669 4932 1086 5004 μεμαθήκαμεν·
1117 4936 1197 4988 ὅτι
1231 4939 1490 5008 σπαρτίον
1515 4957 1648 5008 γεω-

104 5018 332 5085 μετρικὸν
371 5021 430 5074 ὲν
457 5023 644 5093 χερσὶν
678 5019 823 5094 εἶχεν
859 5029 887 5080 ὁ
922 5029 978 5078 ὲν
1012 5027 1159 5098 αύτῷ
1187 5028 1360 5084 λαλῶν
1395 5032 1644 5100 ἅγγελος.

101 5104 217 5162 Τότε
248 5111 301 5163 δὲ
331 5114 565 5182 μάλιστα
599 5117 858 5186 τυγχάνει
897 5119 990 5170 τοῦ
1033 5120 1228 5190 μέτρου
1259 5125 1287 5175 ό
1311 5123 1492 5192 λόγος,
1519 5125 1646 5178 ὅταν

103 5205 587 5276 περικεχρωσμένος
619 5207 758 5280 τύχῃ
796 5207 872 5278 τῷ
909 5211 1232 5282 ἐρυθήματι,
1267 5215 1404 5286 ὅπερ
1438 5217 1532 5270 τοῦ
1563 5219 1646 5272 αἴ-

105 5303 248 5353 ματος
267 5293 358 5346 τοῦ
383 5295 801 5366 λυτρωσαμένου
832 5299 978 5367 ἡμᾶς
999 5299 1224 5372 αῐνιγμα
1255 5305 1479 5371 γίνεται.
1521 5307 1646 5362 Ἐὰν

105 5377 189 5441 μέν
207 5397 283 5444 τις
309 5383 450 5438 κατὰ
484 5385 576 5437 τὸν
607 5385 820 5438 Παῦλον
845 5386 1108 5441 λαλοῦντα
1132 5389 1244 5460 ἔχει
1271 5394 1328 5446 ἐν
1355 5395 1530 5465 ἐαυτῷ
1552 5397 1642 5447 τὸν

102 5465 325 5538 Χριστὸν,
357 5479 450 5528 τὸν
482 5477 597 5547 ἰδίῳ
628 5477 818 5546 αἵματι
848 5477 1263 5549 λυτρωσάμενον
1291 5486 1458 5554 ἡμᾶς,
1487 5479 1642 5550 οὗτος

103 5557 198 5628 ἔχει
226 5565 282 5615 ἰδ
304 5569 668 5638 γεωμετρικὸν
701 5571 964 5642 σπαρτίον
997 5573 1090 5625 ἐπὶ
1123 5573 1214 5626 τοῦ
1247 5577 1540 5648 στόματος,
1573 5582 1636 5651 τῇ

105 5655 229 5728 βαφῇ
256 5660 319 5728 τῇ
345 5659 637 5730 αἱματώδει
662 5661 1147 5734 καλλωπιζόμενον.

167 5769 363 5829 "Psal.
395 5791 520 5841 cu,
553 5777 606 5833 5.
683 5780 727 5810 ³⁸
754 5777 918 5832 Zarli.
955 5795 1014 5846 ιι,
1057 5781 1105 5833 1.

1753 4569 1961 4624 sterile.
1995 4567 2294 4622 Funiculus
2324 4573 2501 4619 autem
2533 4565 2587 4617 in
2617 4563 2772 4616 labro
2812 4561 3135 4620 collocatus,
3165 4573 3320 4610 men-

1751 4674 1879 4716 sura
1902 4660 2136 4729 quadam
2171 4655 2642 4723 circumscriptam
2691 4652 2965 4708 sermonis
3005 4651 3322 4718 usurpatio-

1751 4769 1874 4807 nem
1909 4753 1964 4804 in
1993 4751 2282 4819 aenigmate
2311 4757 2484 4811 notat,
2531 4746 2587 4800 id
2617 4744 2766 4814 quod
2801 4743 3077 4812 PrOpbeta
3131 4748 3320 4794 custo-

1749 4845 1896 4898 diam
1925 4849 1978 4897 et
2016 4843 2220 4896 ostium
2253 4837 2678 4908 compressionis
2728 4834 3026 4903 appellavit
3057 4849 3070 4885 :
3097 4847 3222 4884 cum
3260 4831 3315 4883 in

1747 4945 1994 5005 tempore
2020 4934 2086 4986 ad
2122 4931 2450 5002 loquendum
2484 4943 2548 4984 os
2581 4926 2848 4996 aperitur,
2877 4931 2930 4978 et
2953 4938 3052 4978 suo
3073 4935 3316 4990 tempore

1749 5043 1942 5081 rursus
1976 5026 2282 5079 occluditur
2298 5023 2364 5077 θ’.
2383 5021 2707 5075 Funicnlum
2732 5025 2912 5072 autem
2931 5030 3198 5070 mensurae
3217 5029 3317 5068 no-

1749 5135 1872 5174 men
1897 5135 2038 5184 esse,
2064 5118 2130 5172 de
2153 5119 2291 5172 libro
2322 5115 2620 5188 praphetiae
2641 5111 2922 5164 Zachariae
2941 5107 3310 5162 didicimus".

1751 5211 1994 5266 Habebat
2028 5211 2170 5264 enim
2206 5210 2258 5261 in
2295 5206 2548 5260 manibus
2582 5204 2810 5272 angelus
2832 5203 2884 5254 in
2920 5203 3036 5269 ipso
3058 5201 3310 5268 loquens,

1749 5304 2050 5358 funiculum
2085 5315 2194 5371 quo
2221 5308 2421 5354 terram
2457 5296 2636 5350 metiri
2657 5293 2908 5348 homines
2937 5292 3133 5346 solent.
3157 5289 3312 5344 Tunc

1750 5410 1928 5450 autem
1959 5395 2136 5449 oratio
2167 5392 2406 5446 maxime
2448 5404 2604 5443 suam
2661 5399 2976 5440 mensuram
3015 5383 3312 5450 consequi-

1749 5499 1856 5552 tur,
1887 5503 2011 5542 cum
2045 5501 2075 5539 a
2109 5483 2375 5538 rubedine
2399 5483 2644 5536 colorata
2672 5485 2776 5543 est,
2811 5489 2932 5544 quae
2960 5483 3041 5528 est
3081 5471 3310 5540 aenigma

1749 5579 2035 5648 sanguinis
2067 5577 2236 5638 illius,
2283 5589 2314 5627 a
2349 5589 2458 5642 quo
2487 5567 2750 5638 redempti
2789 5581 3005 5620 sumus.
3055 5567 3236 5629 Quare
3263 5563 3310 5617 si

1752 5670 1876 5737 quis
1905 5667 1970 5721 ad
1999 5665 2308 5735 exemplum
2340 5661 2494 5716 Pauli
2538 5661 2817 5716 Christum
2871 5656 2928 5710 in
2973 5671 3034 5711 se
3079 5655 3310 5724 loquen-
