3850 6224
508 343 641 395 1107

1744 351 1800 406 3.
1838 352 2164 411 GREGORII
2201 358 2497 415 NYSSENI

3665 359 3772 416 ιια

505 476 612 522 tem
644 467 896 532 habet",
945 470 1041 541 qui
1083 472 1309 542 proprio
1343 486 1444 528 nos
1479 473 1746 543 sanguine
1805 474 2072 544 redemit,
2145 481 2311 534 etiam
2347 482 2656 537 funiculum
2690 482 2845 536 illum
2881 482 3275 553 gemmtricum
3312 481 3500 535 habet
3550 496 3611 533 in
3681 498 3771 544 ore,
3836 479 3837 482 “

506 562 809 632 εκηειιίηεα
849 565 1091 620 tinctura
1115 577 1394 622 ornatum.

575 654 708 719 Qua
741 665 923 710 autem
953 667 1262 728 sequuntur
1287 659 1473 723 verba,
1527 660 1911 730 interpretatio
1948 674 2078 719 sunt
2109 672 2154 728 Α

507 748 869 814 praecedentis
909 750 1237 820 aenigmatis.
1271 749 1408 806 Nam
1440 750 1921 808 funiculumillum
1958 772 2084 811 coc-

507 837 722 892 cineum
766 842 993 908 exponit
1045 843 1318 912 loquelam
1396 844 1730 913 elegantem,
1781 863 1888 918 qua
1951 864 2084 903 voce

506 942 730 983 rursum
767 931 981 1000 puritas
1007 942 1062 987 et
1095 933 1402 988 moderatio
1449 935 1817 1006 signiﬁcatur.
1870 937 2080 993 Etenim

507 1019 652 1086 quod
689 1030 950 1076 accurate
978 1023 1199 1093 elegans
1233 1034 1338 1089 est,
1389 1036 1553 1096 atque
1580 1027 1702 1099 ipso
1731 1031 1786 1082 in
1815 1031 2002 1100 vigore
2025 1045 2084 1085 se

507 1109 960 1180 conspiciendum
991 1115 1233 1180 exhibet,
1267 1115 1320 1170 id
1346 1132 1524 1188 neque
1553 1119 1928 1186 immaturum,
1972 1137 2085 1177 ne-

507 1219 616 1273 que
645 1205 926 1260 exoletum
956 1214 1065 1262 est.
1100 1206 1238 1263 Cum
1271 1224 1401 1264 vero
1431 1211 1628 1266 deinde
1680 1228 1778 1283 per
1809 1215 1937 1269 mali
1981 1231 2084 1284 pu—

507 1295 617 1349 nici
645 1296 909 1350 corticem
937 1312 1106 1367 genas
1149 1309 1332 1363 ornat,
1381 1302 1647 1373 insignem
1680 1305 1973 1374 quamdam
2028 1308 2082 1360 in

509 1387 672 1442 bonis
704 1388 1096 1457 perfectionem
1142 1405 1360 1460 sponsae
1401 1395 1614 1450 tribuit.
1653 1393 1784 1450 Vult
1821 1397 1968 1452 enim
2009 1398 2085 1453 si-

506 1479 792 1545 gniﬁcare,
831 1493 940 1532 non
974 1481 1082 1534 alia
1128 1481 1360 1550 quadam
1413 1483 1467 1536 in
1505 1499 1565 1538 re
1613 1485 1780 1539 situm
1809 1501 1930 1541 esse
1962 1488 2085 1542 the-

508 1584 731 1622 Stlttl'tlm
777 1569 971 1638 ipsius.
1030 1571 1127 1627 sed
1185 1573 1360 1642 ipsam
1401 1576 1488 1629 sui
1539 1576 1711 1646 ipsius
1763 1578 2083 1633 thesaurum

506 1674 675 1728 esse;
714 1663 920 1733 quippe
967 1679 1089 1732 quae
1146 1666 1328 1719 omnis
1380 1667 1508 1721 boni
1553 1677 1878 1738 apparatum
1935 1671 1992 1724 in
2025 1686 2084 1726 se

507 1756 927 1824 ceuiplectatur.
962 1756 1097 1810 Nam
1131 1765 1190 1811 ut
1222 1759 1430 1814 cortice
1465 1761 1785 1815 continetur
1839 1761 1893 1816 id
1934 1761 2080 1833 quod

507 1847 850 1902 esculentum
876 1855 958 1904 est
995 1849 1052 1903 in
1083 1849 1230 1904 malo
1274 1852 1497 1919 punico,
1543 1853 1624 1906 sic
1655 1854 1819 1906 etiam
1857 1852 2084 1908 demon-

510 1951 648 1994 strat
673 1941 944 1995 contineri
978 1941 1299 1998 thesaurum
1329 1944 1450 2012 ejus
1493 1944 1806 1998 interiorem
1839 1945 2083 2014 pulchri-

509 2032 703 2088 tudine
739 2033 830 2086 illa
872 2034 1019 2097 vitm,
1053 2049 1174 2103 qua:
1199 2034 1302 2089 sub
1333 2045 1620 2103 aspectum
1655 2013 1968 2091 caditaHic
1992 2036 2087 2107 igi-
2117 2013 2160 2067 Β

508 2133 600 2179 tur
628 2135 714 2180 est
745 2126 995 2181 occultus
1030 2127 1120 2180 ille
1149 2127 1264 2196 spei
1300 2126 1597 2184 thesaurus
1621 2129 1882 2200 proprius
1917 2130 2087 2185 animi

509 2216 746 2274 fructus.
791 2218 884 2288 qui
925 2219 1032 2272 vita
1089 2219 1278 2272 virtuti
1318 2228 1690 2276 consentanea
1748 2222 1906 2291 quasi
1949 2238 2086 2292 quo-

508 2309 632 2364 dam
675 2311 801 2364 mali
838 2312 1021 2380 punici
1049 2313 1256 2366 cortice
1294 2313 1634 2368 continetur.
1695 2314 1854 2379 Quod
1902 2326 2085 2371 autem

509 2403 730 2458 additur
759 2422 772 2458 :
801 2402 1007 2458 Praeter
1032 2403 1086 2456 id
1120 2405 1258 2472 quod
1298 2405 1352 2457 in
1399 2418 1447 2458 te
1477 2407 1769 2469 reticetur;
1823 2408 1984 2472 hanc,
2029 2419 2089 2462 ut

508 2495 769 2557 arbitror,
806 2494 1136 2549 sententiam
1178 2495 1364 2558 habet,
1419 2509 1531 2549 non
1573 2502 1687 2550 tam
1735 2512 1803 2552 ex
1843 2497 2090 2552 cadenti-

507 2589 611 2644 bus
641 2587 744 2643 sub
781 2595 1064 2656 aspectum
1103 2587 1367 2643 testimari
1415 2587 1631 2642 laudem
1665 2589 1808 2644 hanc
1863 2590 2084 2653 debere,

507 2685 781 2749 quatenus
804 2679 918 2734 haec
932 2677 1113 2734 verbis
1130 2688 1479 2748 exponuntur
1511 2699 1523 2734 :
1554 2695 1720 2750 quam
1750 2696 1814 2735 ex
1835 2680 1918 2740 iis.
1942 2696 2092 2750 qum-

508 2788 729 2841 cunque
770 2771 996 2826 silentio
1058 2778 1340 2841 teguntur,
1389 2771 1780 2827 iudicationem
1834 2788 1956 2844 quae
1994 2789 2090 2843 per

506 2861 676 2915 verba
729 2859 843 2925 iiat,
891 2859 1231 2932 eﬂ‘ugientia.
1290 2860 1764 2928 Quemadmodum
1815 2865 1961 2920 enim
2010 2865 2084 2927 id,

507 2955 656 3024 quod
683 2955 860 3009 oratio
889 2970 999 3010 non
1028 2963 1134 3020 est,
1183 2955 1464 3010 silentium
1489 2971 1615 3013 esse
1659 2958 1977 3022 statuimus,
2012 2959 2088 3012 ita

509 3049 730 3119 siquod
784 3063 814 3102 a
867 3049 1090 3104 silentio
1119 3055 1205 3104 est
1247 3048 1550 3114 diversum,
1598 3051 1907 3105 orationem
1961 3051 2087 3121 quis

507 3157 632 3197 esse
665 3140 883 3204 dixerit,
914 3155 1025 3195 non
1055 3141 1281 3196 errabit.
1313 3139 1450 3195 Nam
1495 3141 1549 3195 id
1579 3141 1900 3206 reticemus,
1936 3143 2086 3212 quod

509 3232 695 3288 verbis
751 3232 1044 3286 enuntiare
1119 3247 1227 3286 non
1291 3246 1610 3303 possumus.
1674 3231 1733 3285 Si
1785 3247 1916 3303 ergo
1955 3233 2089 3287 illud

511 3320 657 3390 quod
700 3320 953 3373 oratione
991 3333 1102 3373 non
1135 3319 1470 3385 continetur,
1491 3319 1770 3374 silentium
1803 3331 1916 3385 est,
1946 3338 2085 3377 con-
2113 3348 2158 3408 ο

511 3412 763 3482 sequitur
805 3411 1030 3466 omnino
1097 3411 1421 3480 putandum,
1475 3411 1530 3466 id
1585 3428 1708 3468 esse
1756 3413 2083 3479 orationem,

510 3503 656 3574 quod
689 3511 843 3560 extra
867 3503 1145 3559 silentium
1182 3505 1272 3559 sit.
1305 3503 1487 3570 Quare
1522 3519 1644 3559 cum
1673 3504 1806 3560 dicit
1834 3523 1846 3559 :
1882 3504 2086 3560 Prwter

512 3596 566 3650 id
593 3596 732 3668 quod
782 3596 835 3648 in
869 3604 917 3649 te
943 3596 1214 3659 reticetur,
1244 3595 1350 3650 hoc
1377 3595 1496 3650 vult
1534 3595 1680 3650 haud
1712 3595 1897 3660 dubie,
1948 3613 2087 3667 prae-

2265 669 2322 719 ’0
2369 666 2412 719 δ’
2455 666 2652 735 ἐφεξῆς
2692 666 2869 734 λόγος,
2911 664 3175 736 ἑρμηνεία
3218 664 3336 716 ἐστὶ
3385 661 3499 715 τοῦ
3558 661 3783 731 πρόσθεν

2183 760 2521 830 αἰνίγματος.
2573 759 2774 813 Λαλιάν
2803 758 2911 827 γὰρ
2952 757 3158 829 ὡραίαν
3191 755 3454 825 ὀνομάζει
3516 754 3584 806 τὸ
3629 770 3786 821 σπαρ-

2183 852 2296 904 τίον
2327 853 2388 904 τὸ
2416 852 2683 915 κόκκινον,
2725 851 2793 903 δι’
2835 844 2895 904 οὗ
2939 849 3099 903 πάλιν
3136 847 3388 918 σημαίνει
3439 845 3508 898 τὸ
3549 844 3789 913 καθαρὲιυ

2187 944 2278 996 καὶ
2309 943 2601 1014 ἔμμετρον.
2632 942 2706 996 Τὸ
2756 943 2863 1014 γὰρ
2907 940 3148 1012 ἀκριϐῶς
3189 939 3408 1009 ὡραῖον,
3454 937 3563 989 καὶ
3613 937 3681 987 ἐν
3729 934 3792 1002 τῷ

2188 1035 2303 1104 ίδίῳ
2347 1035 2525 1105 καιρῷ
2563 1035 2660 1105 τῆς
2703 1035 2889 1106 ἀκμῆς
2935 1032 3381 1104 προφαινόμενον,
3428 1028 3574 1081 οὔτε
3618 1025 3794 1096 ἄωρόν

2185 1129 2352 1191 ἐστιν,
2386 1127 2508 1180 οὔτε
2536 1127 2753 1198 ἔξωρον.
2781 1125 2873 1198 Τῷ
2897 1126 2952 1180 δὲ
2982 1123 3199 1196 λεπύρῳ
3226 1123 3324 1192 τῆς
3354 1122 3497 1192 ῥόας
3528 1121 3594 1172 τὸ
3633 1119 3797 1188 μῆλον

2183 1224 2285 1292 τῆς
2322 1222 2555 1294 παρειᾶς
2597 1218 2872 1290 ὼραῖζων,
2915 1217 3156 1290 μεγάλην
3191 1216 3310 1269 τινὰ
3355 1211 3802 1284 προσμαρτδρεῖ

2184 1315 2250 1384 τῇ
2294 1311 2479 1382 νύμφῃ
2517 1311 2616 1381 τὴν
2650 1312 2709 1363 ἐν
2735 1313 2845 1374 τοῖς
2882 1308 3104 1376 ἀγαθοῖς
3150 1306 3492 1375 τελειότητα.
3529 1303 3797 1374 Σημαίνει

2186 1403 2292 1475 γὰρ
2325 1402 2398 1473 μὴ
2429 1404 2487 1456 ἐν
2513 1400 2656 1471 ἄλλῳ
2684 1399 2791 1453 τινὶ
2827 1398 2916 1452 τὸν
2943 1396 3214 1468 θησαυρὸν
3258 1397 3393 1465 αὐτῇ
3429 1390 3796 1465 παρεσκευά-

2187 1493 2332 1554 σθαι,
2387 1491 2501 1545 ἀλλ’
2557 1491 2730 1562 αὐτὴν
2785 1486 2922 1544 εἶναι
2973 1488 3243 1560 θησαυρὸν
3291 1486 3526 1556 ἑαυτῆς,
3591 1482 3800 1544 ruont;

2186 1584 2390 1653 ἀγαθοῦ
2421 1582 2771 1656 παρασκευὴν
2805 1584 2861 1636 ἐν
2897 1583 3064 1652 ἑαυτῇ
3107 1579 3496 1652 περιέχουσαν.
3551 1577 3653 1639 Ὡς
3696 1576 3796 1645 γὰρ

2186 1677 2265 1745 τῷ
2294 1675 2516 1747 λεπύρῳ
2542 1675 2855 1746 περιέχεται
2887 1674 2984 1744 τῆς
3030 1674 3156 1745 ῥόας
3199 1673 3258 1726 τὸ
3288 1669 3588 1739 ἐδώδιμον·
3625 1668 3799 1727 οὕτως

2189 1766 2516 1819 ἐνδείκνυται
2555 1764 2632 1835 τῷ
2673 1764 2980 1835 φαινομένῳ
3008 1763 3194 1817 κάλλει
3227 1759 3318 1813 τοῦ
3349 1759 3472 1829 βίου
3518 1757 3618 1809 τὸν
3657 1755 3800 1809 ἐνὼν

2187 1857 2357 1928 αὐτῆς
2382 1857 2653 1928 θησαυρὸν
2681 1855 3049 1928 περιέχεσθαι.
3082 1850 3249 1916 Οὗτος
3279 1847 3372 1904 οὖν
3395 1851 3556 1902 ἐστιν
3588 1851 3623 1900 ὁ
3668 1865 3799 1917 κρυ-

2189 1950 2318 2012 πτὸς
2344 1949 2614 2021 θησαυρὸς
2639 1949 2746 2002 τῶν
2771 1947 3022 2014 ἐλπίδων,
3042 1949 3070 2000 ὀ
3089 1945 3216 2009 ἴδιος
3233 1941 3441 2014 καρπὸς
3465 1940 3573 2010 τῆς
3591 1939 3800 2008 ψυχῆς.

2189 2047 2217 2096 ὁ
2244 2042 2322 2113 τῷ
2351 2042 2590 2114 ἐναρέτῳ
2631 2040 2728 2112 βίῳ
2769 2041 3020 2108 καθάπερ
3052 2039 3156 2091 τινὶ
3200 2037 3326 2108 ῥόας
3367 2032 3608 2102 λεπύρῳ
3639 2048 3802 2100 περι-

2190 2135 2576 2206 κρατούμενος.
2625 2133 2698 2186 Τὸ
2744 2133 2821 2194 δὲ,
2860 2131 3059 2196 Ἐκτὲς
3091 2129 3201 2196 τῆς
3246 2122 3618 2189 σιωπήσεώς
3657 2137 3801 2180 σειν,

2189 2225 2392 2295 ταύτην
2414 2219 2564 2295 οἶμαι
2587 2222 2683 2294 τὴν
2708 2222 2945 2275 διάνοιαν
2967 2219 3124 2290 ἔχειν,
3143 2219 3225 2273 ὅτι
3246 2217 3303 2269 Ὀ
3321 2214 3550 2276 ἔπαινός
3578 2230 3683 2264 σου
3702 2213 3806 2263 οὐκ

2190 2318 2255 2370 ὲκ
2293 2316 2397 2370 τῶν
2420 2314 2761 2385 φαινομένων
2781 2312 3031 2366 τοσοῦτόν
3064 2313 3231 2374 ἐστιν,
3259 2309 3358 2362 ὅσα
3521 2305 3679 2371 λόγῳ
3700 2321 3805 2372 μη·

2190 2409 2407 2464 νύεταιο
2439 2407 2572 2461 ἀλλὰ
2599 2407 2817 2477 μᾶλλον,
2856 2406 2957 2458 ὅσα
2998 2404 3175 2473 σιωπῇ
3218 2399 3656 2468 ἀποκέκρυπται
3705 2396 3806 2464 τὴν

2188 2501 2283 2555 τοῦ
2312 2500 2471 2569 λόγου
2507 2497 2864 2567 διαφεύγοντα
2905 2496 3156 2566 μήνυσιν.
3189 2493 3400 2559 Ὠσπερ
3460 2488 3578 2558 γὰρ
3609 2487 3680 2539 τὸ
3715 2487 3808 2538 ἐκ·

2189 2595 2280 2658 τὸς
2301 2593 2394 2646 τοῦ
2413 2591 2569 2660 λόγου
2597 2592 2630 2661 ἡ
2657 2590 2834 2659 σιωπὴ
2860 2589 3079 2651 νοεῖται,
3111 2584 3252 2638 οὕτω
3281 2581 3344 2634 τὸ
3379 2579 3545 2641 ἐκτὸς
3579 2576 3804 2645 σιωπῆς

2189 2687 2280 2740 τὸν
2312 2686 2468 2753 λόγον
2512 2684 2646 2737 νοῶν
2693 2700 2798 2747 τις,
2847 2681 2944 2751 ούχ
2983 2677 3382 2749 ἁμαρτήσεται.
3431 2672 3658 2725 Ἐκεῖνο
3694 2670 3808 2738 γὰρ

2191 2779 2484 2850 σιωπῶμεν
2508 2819 2522 2843 ,
2565 2776 2593 2830 ὃ
2636 2776 2725 2830 διὰ
2795 2774 2902 2827 τῶν
2957 2772 3215 2844 ῥημάτων
3283 2764 3671 2833 ἀδυνατοῦμεν

2191 2871 2460 2942 αγγεῖλαι.
2493 2871 2557 2924 Et
2597 2865 2689 2923 οὖν
2739 2867 2799 2921 τὸ
2838 2864 2993 2928 ἐκτὸς
3027 2862 3237 2916 ἐκείνου
3267 2861 3301 2930 ἡ
3344 2856 3534 2927 σιωπὴ
3564 2857 3805 2914 νοεῖται,

2189 2964 2250 3016 τὸ
2280 2963 2435 3026 ἐκτὸς
2468 2962 2675 3031 σιωπῆς
2705 2956 2993 3012 ἀκόλουθον
3023 2954 3238 3015 πάντως
3261 2951 3351 3003 τὸν
3380 2949 3545 3016 λόγον
3560 2947 3808 3000 οῖεσθαι.

2191 3053 2452 3106 Ούκοῦνό
2484 3049 2675 3114 εἰπὼν,
2709 3051 2791 3103 ὅτι
2841 3047 3044 3110 Ἐκτὸς
3089 3041 3195 3110 τῆς
3241 3035 3612 3103 σιωπήσεώς
3657 3051 3802 3094 σου,

2188 3144 2348 3197 τοῦτο
2375 3143 2563 3212 σαφῶς
2591 3142 2669 3213 τῷ
2700 3141 2844 3209 λόγῳ
2877 3137 3224 3209 παρίστησιν,
3255 3133 3336 3185 ὅτι
3369 3129 3514 3184 καλὰ
3549 3127 3653 3199 μέν
3687 3129 3810 3178 ἐστι

2191 3236 2284 3289 καὶ
2321 3235 2531 3307 μεγάλα
2561 3234 2632 3288 τὰ
2664 3233 2741 3303 τῷ
2773 3231 2915 3301 λόγῳ
2949 3227 3178 3299 φανῆναι
3223 3222 3527 3292 δυνάμενα,
3564 3221 3675 3273 ὅσα
3708 3220 3806 3270 ἐκ·

2189 3328 2278 3392 τός
2303 3329 2417 3381 ἐστι
2450 3327 2548 3397 τῆς
2578 3322 2897 3395 σιωπήσεώς
2928 3339 3042 3374 σου.
3079 3318 3160 3372 Τὰ
3185 3317 3241 3370 δὲ
3278 3313 3372 3368 τοῦ
3409 3313 3580 3381 λόγου
3610 3311 3805 3372 ἐκτὸς,

2191 3417 2260 3470 τὰ
2293 3420 2360 3489 τῇ
2391 3418 2568 3487 σιωπῇ
2605 3413 3011 3484 καλυπτόμενα,
3040 3409 3109 3463 τὰ
3145 3405 3358 3481 ἄρρητά
3392 3421 3450 3455 τε
3496 3401 3598 3455 καὶ⁵
3635 3401 3810 3453 ἀνεκ-

2194 3508 2438 3579 φώνητα,
2472 3508 2690 3570 πάντως
2729 3505 2823 3560 καὶ
2851 3501 3269 3575 θαυμασιώτερα
3294 3497 3403 3550 τῶν
3433 3493 3813 3564 ἐκφωνουμέ-

2197 3620 2304 3656 νων
2333 3602 2503 3655 ἐστίν.

512 3693 662 3746 clara
691 3690 910 3761 quidem
941 3699 994 3744 et
1027 3704 1224 3760 magna
1261 3705 1408 3753 esse,
1432 3704 1555 3760 qua:
1584 3690 1817 3745 indicari
1846 3693 2096 3748 oratione
2133 3697 2379 3766 possint,
2405 3697 2549 3768 quod
2584 3695 2841 3750 nimirum
2871 3700 3025 3748 extra
3060 3687 3338 3745 silentium
3406 3682 3598 3753 posita
3667 3682 3807 3738 sint.

513 3784 736 3839 silentio
761 3798 893 3840 vero
945 3789 1092 3837 tecta
1121 3790 1177 3837 et
1222 3781 1547 3847 inell‘abilia,
1601 3783 1784 3840 modis
1867 3785 2126 3841 omnibus

514 3877 791 3932 feruntur.

583 3969 742 4025 Nunc
767 3970 930 4024 etiam
976 3969 1093 4034 illa,
1144 3984 1268 4039 quae
1301 3978 1627 4039 sequuntur,
1660 3970 1949 4025 audiamus
1993 3989 2091 4025 en-

515 4064 689 4119 comia
728 4103 745 4130 ,
807 4076 1041 4131 quorum
1118 4062 1392 4116 sententia
1483 4063 1790 4117 consimilis
1872 4069 1958 4119 est
2013 4062 2089 4117 illi

515 4164 700 4228 puteo,
748 4153 909 4223 cujus
932 4167 996 4208 os
1025 4162 1421 4207 commemorat
1456 4153 1686 4208 historia
1727 4153 1906 4223 lapide
1937 4156 2088 4224 gravi

515 4254 599 4306 sic
631 4247 903 4304 munitum
948 4244 1141 4308 fuisse,
1196 4254 1257 4298 ut
1290 4244 1580 4300 dilliculter
1611 4245 1732 4315 ejus
1780 4261 1921 4316 aqua
1976 4248 2089 4301 frui

517 4345 708 4416 puella:
743 4348 1033 4413 pascentes
1067 4347 1292 4410 possent
1329 4359 1339 4392 :
1367 4339 1544 4394 donec
1572 4355 1637 4395 eo
1662 4341 1877 4397 delatus
1903 4339 2090 4407 Jacob,

517 4437 752 4506 lapidem
801 4433 870 4488 ab
919 4447 1014 4487 ore
1053 4431 1203 4501 putei
1246 4429 1562 4494 submovit,
1602 4437 1658 4485 et
1702 4445 1843 4501 aqua
1872 4431 2095 4500 repletis

518 4529 685 4591 vasis,
721 4542 787 4581 ex
827 4524 1030 4595 quibus
1069 4522 1326 4577 biberunt
1364 4536 1578 4590 greges,
1611 4521 1741 4576 fecit
1785 4529 1844 4576 ut
1881 4522 2098 4577 abunde

517 4634 578 4673 se
639 4625 768 4687 potu
814 4613 1216 4668 recrearent".
1276 4613 1343 4666 Et
1380 4627 1502 4681 qua:
1557 4612 1774 4667 tandem
1809 4613 1900 4666 illa
1937 4621 2089 4676 sunt,
2126 4609 2169 4664 D

517 4725 641 4780 quae
695 4709 792 4762 tali
831 4721 955 4762 cum
1001 4715 1166 4775 puteo
1200 4706 1634 4774 comparamus?
1675 4704 1966 4776 Sexaginta
2009 4723 2096 4760 re-

519 4801 658 4870 gina:
683 4808 825 4858 sunt,
853 4805 902 4850 et
932 4795 1195 4865 octoginta
1243 4793 1569 4858 concubium,
1607 4802 1655 4847 et
1689 4792 2095 4863 juvencularum

521 4908 625 4946 non
655 4899 735 4945 est
777 4904 1048 4943 numerus.
1110 4884 1228 4940 Una
1261 4895 1340 4940 est
1389 4885 1631 4938 columba
1671 4902 1810 4949 mea,
1862 4886 2095 4955 perfecta

522 4999 658 5036 mea.
691 4978 858 5035 Unica
889 4989 969 5034 est
999 4979 1160 5032 matri
1210 4993 1340 5041 suae,
1397 4977 1564 5030 electa
1596 4977 1679 5031 illi
1732 4994 1850 5048 qua:
1895 4979 2092 5046 peperit

522 5093 660 5130 eant.
699 5073 834 5140 Quis
869 5072 1037 5144 igitur
1067 5071 1226 5126 nobis
1246 5069 1481 5140 lapidem
1533 5070 1888 5125 obscuritatis
1927 5071 2092 5138 huju:

522 5168 790 5224 volvendo
837 5164 1218 5222 submovebit?
1270 5163 1396 5233 quis
1445 5162 1756 5217 abditarum
1833 5177 2097 5217 sensuum

523 5277 720 5332 aquam
755 5257 1074 5321 exantlabit,
1107 5270 1228 5327 quae
1259 5255 1479 5327 quidem
1513 5271 1689 5326 usque
1719 5255 1857 5309 adeo
1899 5257 2006 5311 sita
2040 5256 2097 5312 in

526 5351 802 5425 profundo
827 5358 936 5414 est,
984 5356 1045 5404 ut
1077 5358 1268 5404 nostra
1321 5364 1439 5403 eam
1473 5347 1614 5403 ratio
1655 5355 1890 5417 nequeat
1933 5349 2099 5403 attin-

530 5446 696 5514 gere?
723 5444 1016 5499 Enimvero
1041 5453 1187 5498 recte
1216 5458 1301 5498 me
1339 5442 1523 5498 facere
1550 5441 1809 5505 arbitror,
1842 5457 1967 5497 cum
2000 5458 2096 5497 ve-

531 5537 661 5591 stris
683 5537 905 5592 auribus
931 5543 1189 5592 testatum
1222 5533 1385 5600 t‘acio,
1403 5534 1787 5604 cogitationem
1815 5533 2008 5587 horum
2045 5535 2101 5588 in

533 5626 684 5680 solos
710 5625 838 5682 illos
861 5624 1078 5689 cadere,
1126 5637 1273 5694 quos
1298 5625 1590 5694 Apostolus
1639 5623 1728 5677 his
1777 5624 1962 5680 verbis
2009 5641 2102 5695 ap-

601 5798 649 5834 ”
678 5796 723 5853 il
747 5799 853 5853 Cor
911 5817 1031 5868 xtn,
1057 5801 1118 5858 3.
1193 5801 1237 5832 ⁶¹
1267 5800 1312 5855 (ἱ
1351 5817 1404 5856 n.
1435 5817 1588 5868 xxiv,
1631 5801 1696 5856 10
1725 5816 1847 5872 sqq.

2204 3790 2414 3859 majora
2439 3797 2494 3843 ct
2523 3786 2934 3842 admirabiliora
2967 3799 3091 3839 esse
3114 3784 3202 3845 iis,
3225 3794 3348 3851 quae
3365 3776 3628 3832 oratione
3669 3790 3807 3845 pro-

2281 3971 2630 4040 Ἀκούσωμεν
2679 3969 2736 4021 δὲ
2795 3967 2889 4020 καὶ
2942 3963 3050 4017 τῶν
3113 3961 3310 4031 ἐφεξῆς
3369 3959 3618 4012 ἐπαίνων
3651 3998 3668 4021 ,
3737 3952 3811 4012 ὧν

2196 4067 2232 4133 ἠ
2264 4065 2472 4118 διάνοια
2511 4063 2588 4133 τῷ
2621 4062 2721 4132 τῆς
2768 4058 3008 4128 ἱστορίας
3053 4055 3196 4110 ἔοικε
3243 4054 3460 4123 φρέατι.
3507 4045 3676 4122 ᾧπέρ
3727 4070 3808 4115 τις

2195 4155 2341 4219 λίθος
2371 4154 2583 4224 ἐπέχων
2609 4153 2671 4206 τὸ
2707 4152 2946 4222 στόμιον.
2975 4148 3179 4219 ἄπορον
3225 4149 3368 4198 ποιεῖ
3402 4146 3528 4208 ταῖς
3573 4162 3808 4216 ποιμαι-

2200 4246 2419 4310 νούσαις
2461 4245 2560 4317 τὴν
2610 4244 2899 4315 μετουσίαν
2948 4239 3041 4294 τοῦ
3099 4239 3315 4302 ὓδατος·
3365 4236 3480 4290 ἀλλ’
3531 4239 3562 4289 ὁ
3601 4236 3807 4290 Ἰακευὸ

2202 4341 2430 4402 ἐπιστὰς
2457 4335 2805 4410 ἀναμοχλίζει
2845 4353 2904 4387 τε
2934 4334 3028 4387 τοῦ
3079 4331 3298 4401 στομίου
3347 4330 3439 4383 τὸν
3487 4329 3671 4394 λίθον,
3715 4332 3808 4383 καὶ

2205 4434 2384 4505 πλήρη
2412 4432 2480 4486 τὰ
2507 4432 2828 4501 ποτιστήρια
2854 4429 3084 4497 ποιήσας
3115 4423 3208 4477 τοῦ
3234 4422 3445 4485 ὓδατος,
3481 4422 3662 4475 ἔδωκε
3693 4425 3806 4485 τοῖς

2205 4523 2482 4595 θρέμμασι
2534 4523 2651 4574 κατ’
2701 4519 2944 4584 ἐξουσίαν
2996 4514 3327 4586 ἐντρυφῆσαι
3367 4512 3474 4564 τῶν
3512 4512 3805 4582 ναμάτων.

2195 4616 2237 4666 Τ
2245 4617 2328 4667 ίνα
2353 4615 2531 4666 τοίνυν
2557 4612 2724 4676 ἐστὶν,
2763 4610 2799 4664 ἃ
2830 4608 2908 4679 τῷ
2936 4605 3160 4675 τοιούτῳ
3189 4603 3384 4674 φρέατι
3433 4602 3810 4672 προσεικάζο-

2204 4717 2340 4771 μεν;
2375 4699 2699 4766 Ἐξήκοντά
2724 4701 2843 4752 εἱσι
2864 4698 3255 4761 βασίλισσαι,
3289 4691 3388 4745 καὶ
3419 4689 3813 4760 ὀγδοήκοντα

2198 4793 2528 4855 παλλακαὶ,
2572 4791 2843 4856 νεάνιδες
2890 4785 2978 4843 ὧν
3009 4791 3120 4843 οὐκ
3165 4787 3336 4841 ἐστιν
3364 4783 3640 4853 ἀριθμός.
3691 4788 3814 4840 Μία

2196 4881 2330 4935 ἐστὶ
2377 4880 2697 4950 περιστερά
2740 4897 2881 4949 μου,
2940 4879 3137 4933 τελεία
3177 4893 3320 4946 μου.
3369 4875 3494 4928 Mt'a
3548 4874 3693 4928 ἐστὶ
3737 4874 3812 4942 τῇ

2193 4976 2373 5046 μητρὶ
2403 4973 2613 5041 αὐτῆς,
2647 4970 2961 5038 ἐκλεκτική
2993 4971 3125 5024 ἐστι
3156 4968 3232 5037 τῇ
3277 4967 3546 5035 τεκούσῃ
3579 4967 3806 5031 αὑτήν.

2199 5071 2296 5133 Τίς
2337 5063 2431 5122 οὖν
2470 5070 2601 5140 ἡμῖν
2644 5063 2963 5118 ἀποκυλίσει
2995 5061 3094 5132 τῆς
3132 5059 3418 5129 ἀσαφείας.
3449 5056 3667 5127 ταύτης
3716 5056 3805 5109 τὸν

2199 5161 2380 5226 λίθον;
2413 5159 2508 5222 Τίς
2535 5157 2849 5228 ἐξαντλήσει
2882 5155 2990 5210 τῶν
3020 5153 3306 5225 νοημάτων
3335 5151 3396 5203 τὸ
3434 5148 3590 5220 ὓδωρ
3628 5149 3803 5209 οὕτως

2201 5256 2259 5307 ἐν
2296 5253 2449 5324 βάθει
2486 5253 2899 5322 κατακείμενον,
2947 5248 3022 5310 ὡς
3063 5246 3348 5315 ἀνέφικτον
3380 5237 3525 5295 εἶναι
3558 5241 3640 5312 τῷ
3668 5243 3802 5311 ἡμε-

2201 5346 2344 5416 τέρῳ
2370 5344 2514 5414 λόγῳ
2539 5360 2553 5408 ;
2598 5342 2756 5396 Ἀλλά
2787 5358 2875 5412 μοι
2908 5337 3088 5402 καλῶς
3131 5337 3273 5407 ἔχειν
3316 5333 3464 5387 δοκεῖ
3489 5332 3656 5386 τοῦτο
3684 5334 3801 5392 ταῖς

2207 5438 2395 5500 ἀκοαῖς
2425 5435 2579 5506 ὑμῶν
2603 5429 3096 5505 διαμαρτύρασθαι,
3142 5431 3222 5482 ὃτι
3269 5425 3330 5479 τὸ
3371 5423 3553 5478 ταῦτα
3600 5423 3800 5493 γνῶναι

2213 5527 2387 5598 μόνων
2413 5525 2635 5580 ἐκείνων
2663 5525 2829 5591 ἐστὶν,
2862 5523 2996 5594 πρὸς
3039 5520 3134 5584 οὓς
3177 5536 3340 5590 φησιν
3370 5519 3401 5571 ὁ
3439 5515 3796 5577 Ἀπόστολος·

2210 5623 2292 5676 ὅτι
2325 5621 2424 5675 Ἐν
2449 5618 2629 5674 παντί
2659 5617 3112 5682 ἐπλουτίσθητε,
3143 5613 3212 5667 ἐν
3259 5609 3442 5666 παντὶ
3479 5609 3666 5679 λόγῳ,
3703 5605 3801 5660 καὶ
