3850 6224
161 275 322 331 1109

1213 273 1277 328 ΙΝ
1303 273 1602 330 CANTICA
1637 271 1905 330 CANTIC.
1949 273 2227 330 HOMILIA
2264 273 2380 329 XV.

3297 272 3436 360 illo

153 395 248 446 ἐν
277 392 445 461 πάσῃ
489 390 727 462 γνώσει.
772 392 840 447 Ἦ
875 391 932 447 δὲ
965 393 1208 465 ἡμετέρα
1263 397 1424 449 πενία
1477 397 1584 450 τῶν
1638 413 1799 468 προ-4

1895 397 2036 452 pellat
2069 415 2083 450 :
2121 395 2185 450 In
2207 394 2447 449 omnibus
2477 392 2708 461 opulenti
2729 392 2861 462 facti
2892 393 3041 455 estis,
3071 391 3127 445 in
3156 391 3298 444 omni
3328 408 3438 446 ser-

157 485 446 556 κειμένων
470 483 563 538 τοῦ
592 485 752 555 λόγου
784 485 1072 558 θησαυρῶν
1114 487 1539 558 περιδράξασθαι
1579 489 1774 544 ἀδυνά-

155 593 286 640 τως
329 575 440 645 ἔχει
461 591 475 605 ·
506 575 642 646 πλὴν
673 575 749 640 ὡς
788 576 854 630 ἂν
882 577 976 630 τοῦ
1007 581 1103 646 τῆς
1135 579 1331 651 ἀργίας
1367 581 1772 652 κατακρίματος

159 667 285 730 ἔξω
336 666 644 737 γενοίμεθα,
691 667 781 720 διά
828 669 918 721 τὸν
966 671 1192 742 ὲρευνᾷν
1233 672 1332 734 τάς
1373 671 1596 739 Γραφάς
1643 673 1772 743 ἡμῖν

160 758 659 830 νομοθετήσαντα⁹
713 761 905 832 μικρόν
962 779 1084 816 τινα
1143 763 1236 816 καὶ
1296 763 1506 826 τούτοις
1575 764 1774 835 ἱδρῶτα

163 849 497 920 προσθεῖναι
551 849 608 903 οὐ
668 852 1094 922 κατοκνήσομεν.
1144 853 1326 922 Φαμὲν
1382 854 1558 906 τοίνυν
1599 853 1774 924 δόγμα

163 957 226 993 τι
261 942 376 994 τῶν
406 942 764 1014 ἀστειοτέρων
803 943 901 1013 τὴν
932 944 988 995 ὲν
1015 945 1129 1006 τοῖς
1159 947 1342 1015 ῥητοῖς
1392 943 1596 1008 τούτοις
1630 942 1775 1013 φιλο·

173 1032 377 1100 σοφίαν
407 1033 493 1087 διὰ
517 1033 624 1086 τῶν
656 1033 892 1088 ἐπαίνων
927 1034 1026 1103 τῆς
1058 1034 1277 1108 νύμφης
1315 1037 1448 1107 ἡμῖν
1480 1034 1775 1106 παρατίθε-

172 1120 329 1174 σθαι.
361 1123 433 1174 Τὸ
454 1123 512 1176 δὲ
541 1122 716 1193 δόγμα
744 1123 982 1176 τοιοῦτόν
1025 1125 1173 1177 ἐστιν
1199 1141 1215 1156 ⁸
1242 1125 1316 1178 Οὑ
1364 1125 1501 1194 μετά
1533 1126 1630 1195 τῆς
1673 1127 1772 1178 αὑ-

169 1212 283 1281 τῆς
315 1212 628 1276 ἀκολουθίας
656 1215 748 1267 καὶ
768 1214 973 1279 τάξεως
995 1215 1236 1279 κτίζεται
1261 1216 1327 1269 τὰ
1351 1215 1478 1269 ὄντα
1521 1217 1615 1270 καὶ
1641 1217 1776 1270 ἀνα-

174 1303 450 1367 κτίζεται.
491 1305 617 1357 Ὅτε
665 1306 762 1376 μὲν
800 1306 908 1377 γὰρ
957 1307 1075 1359 κατ’
1119 1306 1295 1377 ἀρχάς
1346 1307 1432 1360 διά
1483 1307 1583 1378 τῆς
1628 1307 1776 1370 θείας

173 1394 467 1464 δυνάμεως
493 1398 525 1466 ἡ
550 1397 648 1468 τῆς
679 1397 907 1461 κτίσεως
933 1397 1195 1466 ὑφίστατο
1226 1397 1407 1467 φύσις,
1439 1400 1522 1468 ἐφ’
1548 1397 1776 1452 ἑκάστου

181 1484 304 1536 τῶν
353 1485 519 1538 ὅντων
564 1487 900 1551 άδιαστάτως
947 1491 1014 1559 τῇ
1066 1489 1207 1560 ἀρχῇ
1258 1489 1667 1560 συναπηρτίσθη
1719 1489 1779 1542 τὸ

175 1579 387 1650 πέρας,
415 1581 548 1633 πᾶσι
578 1583 688 1644 τοῖς
715 1582 777 1633 ἐκ
808 1580 901 1634 τοῦ
935 1581 1009 1652 μὴ
1045 1580 1198 1644 ὄντος
1225 1583 1304 1646 είς
1331 1582 1392 1635 τὸ
1432 1579 1570 1636 εἶναι
1603 1599 1780 1653 παρα-

177 1671 502 1741 γενομένοις
527 1672 660 1742 όμοῦ
699 1675 764 1743 τῇ
806 1673 947 1744 ἀρχῇ
989 1673 1426 1746 συνανασχούσης
1453 1675 1554 1744 τῆς
1581 1674 1781 1727 τελειό-

180 1779 373 1832 τητος.
407 1763 500 1816 Ἓν
529 1763 584 1816 δὲ
609 1763 716 1818 τῶν
741 1765 1063 1818 κτισθέντων
1092 1767 1187 1819 καὶ
1211 1768 1244 1838 ἡ
1276 1767 1590 1839 ἀνθρωπίνη
1620 1767 1778 1837 φύσις
1810 1749 1852 1802 Β

181 1855 364 1918 ἐστὶν,
399 1855 515 1907 οὐδὲ
549 1855 685 1926 αὑτὴ
718 1855 838 1908 καθ’
868 1856 1159 1928 ὁμοιότητα
1193 1857 1301 1911 τῶν
1338 1858 1510 1913 ἄλλων
1545 1861 1609 1913 ὲκ
1647 1877 1780 1930 προ-

184 1945 421 2015 αγωγῆς
467 1946 802 2016 προελθοῦσα
852 1948 943 1999 ἐπὶ
982 1948 1042 2000 τὸ
1093 1950 1330 2004 τέλειον’
1378 1951 1492 2005 ἀλλ’
1537 1951 1645 2005 ἀπὸ
1681 1952 1780 2021 τῆς

186 2040 421 2114 πρώτης
487 2039 769 2113 ὑπάρξεως
844 2045 1256 2116 συμπλασθεῖσα
1320 2047 1388 2116 τῇ
1463 2045 1776 2116 τελειότητι.

203 2131 479 2200 Ἐγένετο
503 2132 628 2204 γάρ,
657 2134 732 2197 ῶς
768 2137 796 2187 ὁ
841 2136 1012 2203 Λόγος
1041 2136 1194 2206 φησὶ,
1238 2136 1362 2189 κατ’
1385 2138 1592 2190 εἰκόνα
1636 2138 1782 2192 Θεοῦ

191 2222 296 2276 καὶ
347 2223 648 2292 ὁμοίωσιν.
691 2225 868 2296 Ὅπερ
912 2225 1240 2279 ἐνδείκνυται
1295 2226 1356 2278 τὸ
1409 2226 1518 2280 τῶν
1564 2228 1783 2296 ἀγαθῶν

191 2312 495 2383 ἀκρότατόν
528 2329 587 2365 τε
617 2313 710 2366 καὶ
733 2314 1084 2370 τελειότατον.
1137 2314 1203 2368 Τί
1231 2315 1340 2385 γάρ
1373 2315 1440 2368 ἂν
1464 2316 1761 2388 ὑπέρτερον

194 2405 448 2475 εὑρεθείη
495 2405 595 2474 τῆς
639 2405 775 2476 πρὸς
824 2406 957 2458 Θεὸν
997 2407 1348 2476 ὁμοιώσεως;
1395 2407 1518 2459 Ἐπὶ⁴
1559 2408 1654 2478 μὲν
1695 2403 1786 2461 οὖν

192 2494 298 2563 τῆς
321 2492 539 2564 πρώτης
563 2495 810 2559 κτίσεως,
834 2495 1166 2560 ἀδιαστάτως
1189 2501 1253 2569 τῇ
1278 2499 1416 2570 ἀρχῇ
1447 2500 1784 2571 συνανεφάνη

194 2586 260 2638 τὸ
295 2584 488 2656 πέρας,
525 2585 619 2638 καὶ
645 2586 753 2638 ἀπὸ
784 2587 883 2656 τῆς
913 2587 1242 2658 τελειότητος
1270 2592 1302 2660 ἡ
1343 2590 1502 2659 φύσις
1532 2591 1624 2644 τοῦ
1651 2590 1787 2647 εἶναι

197 2675 426 2746 ήρξατο.
474 2676 688 2748 Ἐπειδὴ
736 2677 792 2730 δὲ
837 2678 914 2748 τῷ
961 2679 1175 2751 θανάτῳ
1225 2681 1313 2734 διὰ
1366 2682 1465 2751 τῆς
1512 2683 1650 2754 πρὸς
1693 2685 1789 2755 τὴν

200 2768 404 2821 κακίαν
435 2769 667 2838 σχέσεως
704 2772 1064 2835 οἱκειωθεῖσα,
1099 2773 1200 2843 τῆς
1246 2775 1304 2828 ὲν
1345 2774 1423 2844 τῷ
1457 2775 1646 2846 ἀγαθῷ
1678 2777 1792 2830 δια·

201 2862 376 2932 μονῆς
428 2862 713 2935 ἀπερρύηο
772 2865 872 2916 οὑκ
930 2863 1130 2935 ἀθρόαν
1189 2867 1308 2920 καθ’
1365 2869 1655 2940 ὁμοιότητα
1694 2871 1792 2938 τῆς

202 2955 518 3019 συστάσεως
552 2955 652 3026 τῆς
689 2955 910 3028 πρώτης
963 2958 1401 3028 ὲπαναλαμϐάνει
1453 2961 1550 3031 τὴν
1596 2961 1794 3014 τελειό-

1872 504 2044 551 mone,
2066 496 2114 541 et
2148 487 2202 540 in
2229 486 2371 540 omni
2399 485 2691 555 cognitione
2722 485 2788 538 ”.
2821 482 3020 538 Nostra
3049 497 3176 537 vero
3211 483 3440 552 penuria

1871 580 2187 651 propositos
2215 578 2376 634 nobis
2425 578 2481 632 in
2520 578 2670 633 hisce
2712 576 2894 632 verbis
2945 575 3234 632 thesauros
3286 589 3441 629 com-

1873 659 2211 744 prehendere
2260 669 2409 724 nullo
2440 667 2602 722 modo
2641 675 2838 736 potest.
2874 665 2952 722 Ne
2992 676 3174 722 tamen
3215 664 3444 734 ignaviae

1873 765 2324 829 condemnemur,
2363 776 2486 816 cum
2516 761 2602 815 lex
2635 759 2795 814 nobis
2829 759 2938 812 lata
2973 759 3065 821 sit,
3117 772 3239 828 quae
3279 771 3436 812 scru-

1873 857 2066 914 tandas
2086 872 2209 912 esse
2223 855 2456 910 Litteras
2481 867 2668 907 sacras
2705 851 2950 921 praecipit
2979 863 3301 920 :parumper
3335 847 3441 902 hac

1873 949 2037 1004 etiam
2079 947 2133 1001 in
2163 954 2315 1016 parte
2338 944 2554 1001 sudoris
2585 942 2843 998 adhibere
2858 956 2967 996 non
2990 939 3442 995 detrectabimns.

1876 1039 2119 1095 Dicimus
2169 1054 2298 1109 ergo
2329 1035 2779 1106 comprehensam
2832 1033 2918 1088 his
2949 1032 3133 1088 verbis
3191 1031 3445 1102 philoso-

1876 1133 2080 1202 phiam,
2112 1146 2206 1200 per
2221 1131 2320 1184 has
2351 1142 2566 1198 sponsae
2601 1125 2788 1180 laudes
2811 1127 3120 1194 elegantem
3158 1122 3448 1193 quamdam

1876 1224 2036 1278 nobis
2089 1222 2396 1276 doctrinam
2452 1233 2776 1290 proponere.
2817 1215 2893 1269 Ea
2933 1230 3065 1272 vero
3105 1223 3189 1270 est
3248 1213 3449 1284 hujus-

1877 1311 2189 1369 moditNon
2220 1312 2408 1368 eadem
2437 1312 2649 1366 ratione
2678 1321 2840 1379 atque
2875 1309 3072 1364 ordine
3119 1307 3448 1362 universum

1877 1406 1983 1461 hoc
2009 1411 2063 1458 et
2090 1411 2333 1460 creatum
2368 1412 2452 1458 est
2482 1409 2536 1456 et
2569 1409 2882 1456 renovatur.
2933 1398 3065 1452 Nam
3095 1412 3219 1452 cum
3259 1410 3446 1450 rerum

1877 1496 2034 1552 initio
2062 1495 2112 1549 vi
2130 1494 2371 1550 numinis
2399 1494 2568 1548 divini
2582 1507 2704 1548 esse
2719 1500 3028 1546 creatnrum
3047 1497 3242 1542 natura
3261 1486 3448 1556 capit,

1878 1588 1936 1642 in
1966 1601 2022 1640 re
2038 1585 2280 1656 qualibet
2311 1599 2418 1638 una
2447 1598 2572 1637 cum
2611 1581 2884 1650 principio
2917 1579 3036 1634 sine
3057 1578 3170 1631 ullo
3188 1576 3452 1646 temporis

1880 1680 2058 1749 spatio
2098 1678 2222 1733 linis
2249 1678 2410 1732 etiam
2433 1675 2806 1747 perfectioque
2839 1673 2916 1728 rei
2945 1671 3276 1740 conjunctns
3317 1667 3452 1722 fuit:

1880 1786 2005 1824 cum
2025 1770 2275 1824 universa
2292 1767 2358 1823 de
2380 1767 2551 1821 nihilo
2566 1765 2830 1836 producta
2850 1778 2972 1818 cum
2993 1761 3261 1834 principio
3279 1757 3457 1830 perfe-

1881 1863 2116 1916 etionem
2133 1861 2297 1915 etiam
2316 1875 2472 1915 suam
2503 1863 3000 1926 consequerentur.
3034 1853 3330 1907 Estautem
3353 1851 3460 1904 bu-

1881 1969 2040 2008 mana
2069 1967 2286 2023 quoque
2316 1959 2509 2005 natura
2530 1950 2746 2004 illorum
2771 1949 3090 2008 innumero,
3119 1959 3240 2014 quae
3272 1950 3456 1997 creata

1883 2055 2028 2109 sunt,
2065 2054 2118 2100 et
2151 2042 2375 2114 perinde
2427 2050 2487 2096 ut
2549 2041 2772 2110 reliquae
2819 2055 2907 2094 res
2938 2053 3047 2092 non
3089 2033 3351 2106 paulatim
3389 2031 3458 2086 ad

1883 2137 2272 2209 perfectionem
2307 2149 2464 2190 suam
2503 2134 2802 2195 contendit,
2851 2131 2946 2186 sed
3010 2129 3198 2184 statim
3233 2141 3300 2181 ex
3348 2139 3459 2194 quo

1883 2231 2120 2300 primum
2145 2243 2266 2284 esse
2302 2227 2490 2296 cmpit,
2530 2226 2771 2295 perfecta
2808 2223 2928 2277 fuit.
2971 2221 3141 2274 Aiunt
3173 2218 3316 2273 enim
3350 2215 3461 2270 Lit-

1884 2331 2014 2377 tera:
2039 2337 2208 2377 sacrm
2245 2339 2258 2373 :
2289 2319 2491 2373 Factus
2522 2328 2599 2372 est
2623 2318 2774 2372 homo
2806 2314 2872 2369 ad
2900 2313 3181 2383 imaginem
3209 2309 3301 2364 Dei
3321 2317 3369 2362 et
3395 2309 3464 2362 si-

1888 2414 2326 2468 militudinem".
2345 2411 2559 2478 Quibus
2589 2409 2764 2463 verbis
2801 2405 3075 2460 indicatur
3099 2404 3300 2457 bonum
3319 2400 3462 2454 inter

1887 2506 2068 2559 omnia
2093 2504 2233 2558 bona
2260 2515 2533 2556 summum
2563 2505 2616 2553 et
2635 2495 3115 2567 perfectissimum.
3141 2487 3284 2554 Quid
3311 2487 3458 2541 enim

1890 2597 2116 2668 reperiri
2163 2595 2338 2665 possit
2381 2589 2740 2650 similitudine
2777 2587 2944 2642 Deum
2988 2583 3262 2639 referente
3287 2577 3463 2636 subli-

1891 2690 2073 2745 mius?
2120 2690 2308 2758 itaque
2359 2693 2507 2756 patet
2566 2685 2621 2737 in
2671 2681 2844 2752 prima
2872 2677 3151 2732 creatione
3199 2672 3318 2728 sine
3351 2669 3464 2723 ullo

1892 2781 2155 2851 temporis
2181 2779 2469 2835 intervallo
2506 2791 2613 2829 una
2654 2788 2780 2829 cum
2809 2769 3083 2842 principio
3111 2765 3272 2820 linem
3300 2763 3462 2816 etiam

1893 2873 2235 2944 apparuisse,
2281 2883 2477 2939 resque
2527 2874 2744 2922 creatas
2786 2879 2816 2917 a
2855 2861 3186 2931 perfectione
3207 2855 3462 2926 coepisse.

1893 2965 2255 3032 Posteaquam
2305 2974 2436 3014 vero
2466 2965 2662 3011 natura
2697 2961 2923 3026 propter
2965 2950 3312 3005 affectionem
3335 2959 3466 3015 erga

200 3065 364 3118 τητα,
400 3047 512 3100 ἀλλ’
540 3047 643 3118 ὁδῷ
676 3065 780 3101 τινι
812 3049 1054 3120 πρόεισιν
1085 3051 1177 3102 ἐπὶ
1205 3050 1265 3104 τὸ
1299 3051 1501 3120 μεῖζον,
1535 3052 1623 3105 διά
1653 3069 1794 3116 τινος

1895 3057 2250 3111 vitiositatem
2279 3052 2437 3106 morti
2460 3049 2700 3109 addicta,
2731 3048 2799 3102 de
2819 3042 3227 3116 perseverantia
3252 3041 3307 3094 in
3324 3040 3468 3094 bono

203 3139 529 3203 ἀκολουθίας
565 3140 658 3192 καὶ
695 3140 899 3204 τάξεως
942 3143 1060 3194 κατ’
1093 3141 1271 3210 ὀλίγον
1309 3143 1793 3215 ἀποσκευαζομένη

203 3231 309 3300 τὴν
343 3231 477 3301 πρὸς
509 3232 577 3284 τά
605 3233 820 3285 ἐναντία
857 3233 1244 3302 προσπάθειαν.
1283 3234 1404 3290 Ἐπὶ
1440 3234 1536 3305 μὲν
1564 3235 1672 3306 γὰρ
1699 3237 1794 3306 τῆς

206 3321 434 3392 πρώτης
465 3325 824 3390 κατασκευῆς,
855 3324 1005 3376 οὐδὲν
1041 3320 1108 3394 ἦν
1139 3324 1198 3377 τὸ
1237 3324 1442 3377 κωλύον
1476 3325 1796 3396 συνδραμεῖν

203 3417 276 3484 τῇ
308 3414 518 3481 γενέσει
543 3415 602 3467 τὸ
627 3417 726 3486 τῆς
756 3414 968 3480 φύσεως
989 3415 1210 3478 τέλειον,
1243 3417 1442 3479 κακίας
1470 3417 1569 3470 οὐκ
1596 3416 1760 3487 οὔσης
1779 3433 1793 3448 ³

207 3507 306 3558 ἐπὶ
355 3506 412 3558 δὲ
465 3506 562 3575 τῆς
604 3506 860 3578 δευτέρας
911 3505 1438 3576 ἀναστοιχειώσεως,
1489 3507 1799 3576 ἀναγκαίως

209 3600 245 3669 ἡ
283 3598 684 3669 διαστηματικὴ
720 3600 1056 3670 παράστασις
1085 3601 1540 3670 συμπαρομαρτεί
1579 3601 1646 3669 τῇ
1695 3600 1798 3650 ὲπ-

208 3689 569 3759 ακολουθήσει
615 3691 750 3760 πρὸς
790 3690 851 3742 τὸ
890 3689 1102 3762 πρῶτον
1143 3691 1344 3759 ἀγαθὸν
1393 3689 1795 3760 ἀνατρεχούσῃ’

208 3779 348 3832 διότι
397 3781 462 3849 τῇ
520 3778 675 3850 ὑλικῇ
722 3779 1064 3851 προσπαθείᾳ
1107 3780 1416 3834 συνδεθεῖσα
1467 3780 1554 3832 διά
1605 3779 1802 3842 κακίας

210 3871 375 3940 ἡμῶν
407 3873 440 3940 ἡ
473 3871 698 3933 διάνοια,
732 3871 850 3924 κατ’
878 3870 1077 3940 ὀλίγον,
1109 3871 1296 3942 ῶσπερ
1327 3871 1509 3940 φλοιοῦ
1544 3889 1686 3934 τινος
1709 3870 1801 3923 τοῦ

213 3962 562 4033 περιέχοντος
602 3963 688 4016 διὰ
733 3964 832 4033 τῆς
886 3963 1233 4034 ἀστειοτέρας
1278 3964 1502 4032 ἀγωγῆς
1557 3963 1804 4032 περιξυο-

219 4057 380 4127 μένη,
411 4054 508 4126 τὴν
532 4055 808 4125 συμφυΐαν
842 4056 1140 4109 ἀπωθεῖται
1163 4055 1258 4108 τοῦ
1296 4057 1556 4126 χείρονος.
1601 4055 1803 4108 Τούτου

215 4144 380 4214 χάριν
408 4143 608 4205 πολλὰς
635 4139 773 4195 εἶναι
803 4144 952 4213 παρά
978 4143 1055 4213 τῷ
1085 4144 1257 4214 Πατρὶ
1292 4144 1458 4214 μονὰς
1489 4144 1806 4215 μεμαθήκα-

221 4249 344 4302 μεν,
368 4233 507 4284 κατὰ
535 4231 634 4302 τὴν
661 4231 948 4299 ἀναλογίαν
980 4233 1078 4302 τῆς
1118 4233 1176 4285 ὲν
1207 4233 1418 4302 ἑκάστῳ
1451 4233 1586 4304 πρὸς
1616 4234 1675 4287 τὸ
1703 4251 1804 4286 κα-

220 4323 317 4376 λὸν
349 4322 602 4392 σχέσεως,
629 4323 722 4377 καὶ
749 4322 848 4391 τῆς
880 4322 975 4376 τοῦ
1009 4322 1246 4394 χείρονος
1275 4324 1644 4389 ἀποστάσεως,
1670 4327 1808 4378 ἐτοι-

1895 3146 2097 3203 excidit
2129 3161 2143 3199 :
2181 3160 2287 3198 non
2337 3142 2561 3213 perinde
2601 3149 2660 3194 ut
2703 3141 2756 3194 in
2789 3146 2913 3194 ortu
2948 3137 3148 3206 primo,
3179 3130 3470 3204 perfectio-

1897 3251 2022 3289 nem
2091 3233 2272 3287 subito
2303 3237 2610 3300 recuperat,
2647 3229 2740 3284 sed
2777 3229 2863 3281 via
2910 3226 3147 3297 quadam
3185 3223 3253 3277 ad
3287 3221 3468 3290 majus

1897 3325 2262 3396 progreditur,
2305 3322 2467 3392 idque
2499 3331 2869 3376 consentanea
2924 3318 3134 3372 ratione
3163 3324 3217 3370 et
3249 3313 3467 3376 ordine,

1899 3419 2026 3472 dum
2086 3417 2348 3486 paulatim
2392 3415 2735 3470 affectionem
2767 3422 2822 3468 et
2863 3410 3143 3466 contraria
3171 3406 3470 3476 proclivem

1899 3508 2214 3578 exstinguit.
2250 3507 2307 3561 In
2343 3508 2520 3577 prima
2547 3507 2691 3562 enim
2717 3502 2990 3558 creatione
3013 3500 3148 3555 nihil
3175 3505 3293 3553 erat
3328 3495 3472 3566 quod

1902 3601 2209 3670 impediret,
2265 3599 2559 3669 quominus
2613 3606 2822 3650 natura:
2869 3592 3130 3663 perfectio
3177 3605 3301 3644 cum
3349 3593 3472 3641 ortu

1902 3693 2080 3762 ipsius
2103 3698 2478 3751 concurreret,
2498 3703 2622 3742 cum
2648 3686 2797 3741 nulla
2824 3692 2972 3740 esset
2993 3681 3287 3737 vitiositas.
3320 3678 3390 3731 At
3419 3677 3476 3730 in

1903 3781 2006 3835 hac
2057 3780 2226 3834 altera
2265 3777 2612 3832 restitutione
2666 3774 2980 3831 necessario
3028 3771 3323 3825 comitatur
3355 3781 3474 3828 eos,

1903 3873 1996 3941 qui
2022 3873 2091 3927 ad
2123 3872 2356 3941 primum
2388 3868 2521 3924 illud
2557 3868 2761 3922 bonum
2797 3869 3107 3923 recurrunt,
3141 3873 3296 3914 mora
3320 3873 3475 3928 quae-

1905 3966 2029 4020 dam
2062 3973 2115 4019 et
2148 3963 2338 4018 dilatio
2363 3961 2624 4030 temporis
2654 3978 2665 4012 :
2695 3964 2982 4028 propterea
3013 3952 3159 4022 quod
3189 3966 3344 4004 mens
3376 3964 3478 4002 no-

1904 4065 2041 4124 stra,
2097 4071 2219 4126 qua:
2273 4055 2344 4109 ob
2397 4052 2749 4107 vitiositatem
2805 4047 3100 4103 constricta
3135 4049 3355 4096 tenetur
3410 4040 3480 4094 ab

1907 4149 2193 4205 affectione
2219 4146 2451 4217 quadam
2472 4141 2844 4215 propendente
2871 4140 2926 4193 in
2953 4153 3043 4192 res
3066 4149 3308 4197 crassas,
3341 4148 3478 4187 con-

1905 4240 2244 4311 junctioncm
2281 4252 2405 4292 cum
2449 4235 2616 4299 malo,
2668 4232 2825 4302 quasi
2870 4231 3134 4284 corticem
3191 4225 3479 4296 quemdam

1910 4329 2206 4385 obductum
2225 4327 2350 4391 sibi,
2370 4341 2466 4395 per
2486 4325 2770 4378 decentem
2799 4319 3014 4374 vivendi
3048 4318 3315 4371 rationem
3337 4315 3482 4368 velut

224 4411 539 4484 μαζομένης
567 4413 701 4465 πᾶσι
742 4413 840 4481 τῆς
886 4412 1224 4476 ἀντιδόσεως.
1259 4413 1316 4466 '0
1361 4414 1460 4484 μὲν
1493 4414 1600 4484 γάρ
1627 4433 1710 4478 τις
1745 4417 1799 4467 ὲν

1918 4420 2154 4488 undique
2189 4415 2482 4486 scalpendo
2519 4413 2782 4485 paulatim
2809 4411 3074 4465 detrahat.
3093 4407 3204 4460 Hac
3232 4406 3299 4460 de
3317 4421 3484 4461 causa

222 4508 370 4576 ἀρχῇ
392 4505 488 4574 τῆς
511 4504 602 4557 τοῦ
640 4503 902 4574 βελτίονός
947 4506 1062 4557 ἐστι
1100 4502 1372 4574 βρώσεως,
1399 4505 1522 4576 ἄρτι
1557 4507 1804 4577 καθάπερ

223 4598 294 4649 ὲκ
323 4594 483 4666 βυθοῦ
513 4612 654 4659 τινος
681 4594 774 4647 τοῦ
818 4595 957 4648 κατά
993 4595 1188 4647 κακίαν
1215 4594 1331 4665 βίου
1363 4596 1500 4667 πρὸς
1542 4595 1638 4666 τὴν
1676 4612 1806 4666 μετ-

223 4688 416 4740 ουσίαν
437 4686 539 4756 τῆς
564 4686 820 4756 ἀληθείας
842 4685 1240 4756 ἀνανηξάμενος
1256 4702 1269 4716 °
1297 4685 1374 4756 τῷ
1401 4686 1458 4739 δέ
1481 4704 1563 4750 τις
1587 4686 1809 4756 γέγονεν

227 4777 332 4845 ἤδη
372 4776 439 4828 δι’
473 4776 784 4843 ἐπιμελείας
822 4775 1102 4847 προσθήκη
1148 4775 1241 4828 τοῦ
1281 4777 1613 4847 κρείττονοςο
1654 4777 1810 4840 ἄλλος

231 4869 510 4921 ἐπιπλεῖον
540 4868 626 4922 διὰ
649 4870 746 4939 τῆς
779 4867 1072 4937 ἐπιθυμίας
1095 4867 1204 4922 τῶν
1239 4867 1456 4937 ἀγαθῶν
1494 4869 1774 4940 ὲπηυξήθη
1797 4886 1810 4900 ο

231 4963 266 5014 ὁ
302 4961 360 5013 δὲ
401 4961 572 5030 μέσης
605 4960 716 5032 ἕλει
750 4962 848 5028 τῆς
876 4961 982 5012 τῶν
1011 4959 1228 5030 ὑψηλῶν
1256 4961 1600 5024 ἀναϐάσεωςο
1633 4961 1815 5031 ἕτερος

1911 4516 2074 4568 etiam
2133 4511 2332 4564 multas
2377 4508 2521 4576 apud
2552 4505 2764 4559 Patrem
2815 4503 2964 4556 illum
3005 4501 3321 4558 mansiones
3361 4511 3484 4552 esse

1915 4601 2310 4673 accepimus",
2334 4601 2532 4669 quippe
2557 4596 2702 4667 quod
2732 4610 2828 4665 pro
2861 4594 3070 4648 ratione
3104 4588 3488 4661 propensionis

1914 4697 1982 4752 ad
2012 4696 2239 4756 bonum,
2276 4699 2329 4747 et
2352 4692 2641 4746 abscessus
2675 4704 2705 4741 a
2727 4687 2892 4751 malo,
2921 4689 3121 4754 cuique
3146 4696 3359 4736 merces
3388 4695 3486 4750 pa-

1919 4795 2037 4842 rata
2066 4787 2158 4841 sit.
2193 4785 2349 4838 Alius
2400 4782 2544 4838 enim
2592 4782 2770 4835 adhuc
2811 4787 2894 4833 est
2920 4778 2976 4830 in
3001 4777 3177 4845 primo
3205 4772 3491 4829 electionis

1919 4879 2046 4934 boni
2071 4877 2248 4940 initio,
2303 4884 2362 4929 ut
2403 4874 2495 4944 qui
2528 4888 2719 4928 recens
2753 4887 2784 4924 a
2831 4869 3000 4923 fundo
3030 4867 3153 4920 vitae
3179 4865 3392 4918 vitiosa:
3422 4863 3489 4915 ad

1921 4969 2169 5025 veritatis
2219 4967 2527 5041 fruitionem
2556 4962 2877 5025 emerserit;
2937 4960 3076 5012 alius
3107 4956 3359 5012 studioso
3393 4968 3490 5006 co-

235 5055 334 5108 καὶ
356 5053 416 5105 τὸ
445 5054 606 5122 μέσον
632 5054 975 5124 παρέδραμεν
995 5071 1007 5083 ·
1036 5055 1142 5106 εἰσὶ
1171 5054 1227 5106 δέ
1257 5071 1398 5116 τινες
1426 5054 1518 5107 καὶ
1540 5054 1589 5106 οἱ
1615 5053 1816 5107 τούτων

239 5146 465 5208 ἑαυτοὺς
493 5145 894 5216 ὑπεράραντες·
944 5145 1091 5200 ἄλλοι
1139 5145 1420 5208 κάκείνους
1467 5144 1788 5215 παρήλασαν
1807 5161 1820 5175 ο

237 5238 336 5291 καὶ
363 5238 501 5308 ὑπὲρ
527 5235 746 5300 τούτους
777 5237 951 5308 ἕτεροι
982 5239 1117 5308 πρὸς
1141 5237 1232 5290 τὸν
1253 5237 1364 5291 ἀνω
1385 5236 1580 5307 δρόμον
1617 5239 1823 5290 συντεί-

240 5345 453 5383 νονται·
497 5329 589 5382 καὶ
635 5329 771 5391 ὅλως
817 5329 956 5382 κατά
993 5329 1088 5400 τὴν
1130 5327 1380 5397 ποικίλην
1419 5328 1527 5380 τῶν
1570 5329 1826 5401 προαιρέ-

243 5436 384 5471 σεων
435 5418 693 5490 διαφοράν
737 5419 966 5472 ἕκαστον
1006 5422 1034 5472 ὁ
1080 5419 1210 5482 Θεὸς
1257 5421 1313 5472 ὲν
1355 5417 1433 5488 τῷ
1474 5418 1585 5489 ἰδίῳ
1617 5418 1828 5489 δέχεται

241 5514 506 5581 τάγματι,
537 5511 603 5565 τὰ
643 5512 780 5582 πρὸς
826 5511 979 5578 ἀξίαν
1014 5510 1346 5582 ἀποπληρῶν
1383 5513 1494 5572 τοῖς
1542 5512 1693 5577 πᾶσι,
1727 5515 1821 5566 καὶ

1924 5070 2052 5115 natu
2083 5061 2194 5128 jam
2217 5058 2344 5114 boni
2403 5057 2636 5126 quadam
2686 5052 3004 5108 accessione
3059 5055 3113 5102 et
3151 5047 3491 5101 incremento

1921 5163 2115 5207 auctus
2149 5159 2232 5205 est
2267 5165 2281 5201 :
2316 5149 2457 5202 alius
2480 5147 2642 5202 etiam
2675 5143 2910 5214 amplius
2941 5141 3011 5196 ob
3040 5138 3369 5209 singularem
3397 5136 3491 5189 bno

1923 5259 2120 5299 norum
2171 5239 2525 5310 cupiditatem
2585 5246 2668 5290 est
2719 5240 3051 5290 consecutus
3096 5246 3108 5280 :
3147 5227 3292 5282 alius
3339 5219 3498 5294 quasi

1926 5335 2160 5388 medium
2190 5333 2292 5386 iter
2315 5324 2732 5384 conscensionis
2767 5322 2831 5376 ad
2877 5321 2970 5374 illa
3007 5316 3264 5372 sublimia
3309 5310 3495 5366 confe-

1924 5423 2034 5487 cit;
2071 5421 2212 5474 alius
2252 5421 2415 5474 etiam
2449 5415 2687 5470 medium
2723 5412 2828 5466 hoc
2848 5403 3020 5464 cursu'
3038 5403 3334 5478 praeteriit;
3359 5415 3495 5453 non-

1932 5512 2062 5569 nulli
2087 5519 2139 5566 et
2164 5510 2262 5565 hos
2285 5515 2633 5579 superarunt,
2650 5517 2787 5574 quos
2808 5513 3000 5555 rursus
3021 5498 3108 5558 alii
3132 5501 3258 5551 sunt
3280 5500 3498 5570 pimlerw

316 5687 407 5742 ⁸³1
436 5688 561 5745 Cor.
590 5704 628 5756 I,
659 5689 712 5744 5.
789 5690 833 5724 “
859 5688 992 5745 Gen.
1037 5705 1074 5756 l,
1108 5688 1198 5744 26.
1275 5689 1320 5720 "
1341 5686 1496 5744 Joan.
1524 5705 1633 5757 xw,
1667 5689 1719 5742 2.
