3812 6228
334 204 465 260 ιιιι

1601 206 1660 266 S.
1701 209 2031 269 GREGORII
2066 211 2361 271 NYSSENI

3465 213 3616 272 ΙίΙῖ

330 316 545 387 gressi;
594 318 1060 377 contendentibus
1098 321 1226 379 item
1281 325 1406 381 aliis
1438 341 1606 397 supra
1642 329 1743 386 hos
1770 345 1904 401 quo-

2069 333 2262 403 ινάγων
2283 337 2392 399 τοῖς
2423 334 2775 408 ὑψηλοτέροις
2810 335 2909 399 τὰς
2952 334 3063 389 τῶν
3094 332 3319 403 ἀγαθῶν
3353 334 3616 404 ἀμοιϐὰς.

330 423 440 479 que
474 408 543 462 ad
576 410 776 466 altiora
816 429 830 463 :
865 411 1100 485 denique
1133 417 1278 473 Deus
1338 422 1565 476 omnino
1600 436 1703 492 pro
1734 423 1916 477 varie-

331 507 444 557 tate
495 501 781 559 industria:
832 505 1204 577 singulorum,
1241 525 1345 566 suo
1394 514 1695 583 quemlibet
1718 513 1914 569 ordine

333 590 554 662 recipit,
583 594 783 663 cuique
809 606 1014 650 sortem
1042 613 1118 652 ex.
1138 598 1312 668 ipsius
1344 601 1611 670 dignitate
1642 602 1912 666 tribuens,

334 681 717 754 bonorumque
760 689 1237 757 compensationes
1270 698 1379 745 tam
1433 694 1501 746 ad
1539 693 1912 758 sublimiores,

334 791 500 845 quam
538 776 825 833 inferiores
869 781 1310 839 accommodans.
1360 783 1687 855 Hltjnsmodi
1721 800 1918 857 quam-

336 867 462 922 dam
493 872 1015 928 commentationem
1059 875 1272 931 institui
1311 879 1611 950 propositis
1646 879 1701 932 in
1730 879 1915 935 verbis

337 961 758 1029 existimamus,
821 966 1241 1038 animarumque
1298 969 1594 1025 discrimen
1656 971 1913 1033 indicari.

336 1067 460 1123 quae
498 1068 762 1123 sponsum
798 1056 1102 1112 intuentur.
1128 1058 1264 1113 Nam
1296 1062 1433 1116 alias
1454 1072 1617 1116 vocat
1646 1062 1917 1131 iuvencu-

336 1144 441 1207 las,
469 1161 702 1215 quarum
734 1148 1025 1205 multitudo
1072 1167 1364 1207 numerum
1391 1170 1608 1209 omnem
1642 1164 1864 1226 superat
1898 1174 1912 1210 :

338 1239 475 1295 alias
503 1242 841 1298 concubinas
866 1260 881 1310 ;
910 1244 1046 1298 alias
1080 1248 1317 1314 reginas.
1337 1248 1785 1303 Concubinarum
1810 1264 1917 1303 nu-

340 1348 551 1387 merum
595 1334 897 1391 decadibus
960 1345 1087 1391 octo
1151 1338 1379 1406 deﬁniit,
1432 1355 1556 1394 cum
1605 1341 1917 1411 reginarum

338 1440 602 1482 numerus
627 1430 1302 1501 sexagenariumexplent.
1331 1432 1399 1486 At
1435 1448 1598 1504 supra
1629 1434 1918 1489 universas

340 1517 507 1573 hasce
547 1518 784 1574 collocat
834 1522 1053 1576 unicam
1105 1523 1256 1577 illam
1288 1524 1698 1595 perfectamque
1717 1525 1921 1578 colum-

339 1609 488 1675 bam,
528 1624 690 1681 quam
730 1615 903 1668 solam
936 1615 1120 1681 matri,
1143 1622 1196 1669 et
1245 1616 1477 1671 electam
1511 1632 1636 1672 esse
1666 1614 1916 1686 genitriei

2017 426 2112 480 καὶ
2135 426 2463 498 συμμετρῶν
2487 426 2753 480 ἐλάττοσι.
2779 424 2966 480 Ταῦτα
2987 424 3077 478 διὰ
3095 425 3204 478 τῶν
3231 422 3621 494 προκειμένων

2021 517 2199 590 ῥητῶν
2242 518 2547 588 φιλοσοφεῖν
2596 518 2686 572 τὸν
2736 518 2893 587 λόγον
2941 518 3342 588 ὑπενοήσαμεν,
3370 516 3474 586 τὴν
3501 515 3620 568 δια-

2018 608 2190 681 φορὰν
2230 609 2340 662 τῶν
2369 609 2577 680 ψυχῶν,
2617 610 2674 664 αϊ
2709 609 2845 683 πρὸς
2883 611 2972 663 τὸν
3020 608 3253 680 νυμφίον
3286 607 3513 679 ὁρῶσιν,
3555 608 3616 659 ὲν

2016 699 2130 761 τοῖς
2184 698 2496 769 εἰρημένοις
2544 700 2678 769 ἡμῖν
2735 696 3127 751 διαστείλαντα.
3186 696 3302 761 Τὰς
3362 696 3465 767 μὲν
3504 697 3620 767 γὰρ

2017 788 2273 862 ὀνομάζει
2303 792 2567 856 νεάνιδας,
2607 790 2706 863 τὴν
2751 789 2846 844 τοῦ
2894 787 3131 862 ἀριθμοῦ
3180 788 3346 858 φύσιν
3382 788 3473 842 διὰ
3514 787 3619 841 τοῦ

2019 881 2258 954 πλήθους
2288 882 2525 947 νικώσαις
2548 900 2562 915 ·
2604 884 2768 945 ἄλλας
2813 883 2871 937 δὲ
2912 881 3242 945 παλλακίδας
3263 896 3277 909 ⁸
3320 881 3417 933 καὶ
3448 879 3621 942 ἄλλας

2021 973 2294 1044 βασιλίδας
2325 970 2464 1028 εἷναί
2507 992 2671 1044 φησιν
2717 998 2732 1013 -
2764 972 3088 1027 ὀκτωδεκάδι
3115 972 3223 1025 τῶν
3267 970 3622 1026 παλλακίδιον

2017 1065 2110 1118 τὸν
2141 1065 2372 1136 ἀριθμὸν
2414 1064 2759 1137 περιγράψας
2780 1080 2794 1094 ’
2819 1063 2919 1127 τὰς
2941 1062 2998 1116 δὲ
3038 1061 3319 1132 βασιλίδας
3342 1060 3619 1114 συντελεῐν

2020 1156 2189 1210 είπὼν
2242 1160 2320 1221 είς
2373 1155 2656 1227 ἑξήκοντα,
2692 1156 3015 1227 ὑπερτίθησι
3065 1153 3253 1207 πασῶν
3306 1152 3410 1224 τὴν
3454 1154 3512 1205 ἐν
3550 1153 3621 1223 τῇ

2025 1249 2208 1320 μονάδι
2236 1249 2617 1320 θεωρουμένην
2653 1249 2862 1302 τελείαν
2902 1246 3253 1320 περιστεράν,
3285 1248 3355 1315 ἣν
3388 1248 3485 1300 καὶ
3524 1245 3622 1316 μό-

2021 1358 2118 1412 νην
2156 1342 2220 1413 τῇ
2254 1342 2439 1413 μητρὶ,
2475 1341 2569 1395 καὶ
2598 1341 2917 1413 ἐκλεκτικὴν
2953 1337 3091 1396 εἶναι
3134 1343 3201 1413 τῇ
3232 1337 3481 1410 τεκούσῃ
3517 1339 3620 1391 αὐ-

2020 1433 2117 1505 τὴν
2146 1432 2524 1503 ἀποφαίνεται.
2573 1432 2758 1488 Ταῦτα
2804 1428 2895 1488 οὖν
2940 1433 3028 1488 διὰ
3059 1434 3167 1487 τῶν
3210 1432 3373 1486 θείων
3423 1429 3623 1497 λογίων

2024 1527 2164 1579 νοεῖν
2189 1524 2513 1597 ὲναγόμεθα,
2540 1526 2623 1579 ὅτι
2663 1526 2712 1579 οἱ
2757 1527 2854 1597 μὲν
2884 1526 3006 1597 ἄρτι
3038 1524 3229 1595 νηδύος
3263 1524 3415 1587 τινος
3437 1524 3539 1593 τῆς
3562 1523 3625 1575 ὲν

2027 1615 2180 1687 βάθει
2230 1618 2488 1688 κειμένης
2534 1617 2752 1689 ἀπάτης
2799 1616 2905 1684 ἔξω
2944 1617 3257 1687 γενόμενοι,
3312 1613 3627 1685 ἀρτιγενεῖς

343 1717 457 1758 sua;
491 1680 831 1772 pronuntiat.
857 1705 1045 1775 Itaque
1082 1723 1179 1777 per
1206 1709 1321 1763 οπο
1348 1708 1535 1763 divina
1568 1680 1792 1760 oracula
1838 1705 1921 1761 di-

2069 1724 2167 1771 ινες
2195 1680 2364 1773 ὄντες,
2404 1680 2501 1760 καὶ
2541 1680 3133 1782 οὗπω’διηρθρωμένοι
3173 1707 3233 1759 ἐν
3282 1680 3499 1768 ἑαυτοῖς
3530 1703 3624 1756 τὸν

343 1795 574 1862 scimus,
603 1798 898 1852 nonnullos
928 1798 1020 1867 qui
1051 1814 1161 1853 non
1183 1799 1257 1852 ita
1289 1798 1498 1868 pridem
1536 1798 1684 1853 velut
1715 1812 1779 1851 ex
1803 1796 1923 1850 alvo

341 1885 578 1957 quadam
609 1887 664 1941 in
697 1887 806 1942 imo
829 1889 921 1943 siti
950 1890 1159 1944 erroris
1182 1888 1504 1959 prodierint,
1538 1888 1805 1958 quasique
1838 1902 1926 1941 re-

343 1990 474 2031 cens
510 1975 667 2039 editi,
711 1977 941 2032 necdum
968 1981 1237 2033 sermonis
1255 1979 1530 2032 articulati
1564 1991 1793 2046 capaces
1814 1976 1927 2031 sint

342 2080 564 2140 propter
600 2070 976 2126 asscnsionem
1025 2068 1145 2124 ﬁdei
1178 2085 1287 2124 non
1329 2070 1465 2125 satis
1500 2083 1528 2121 a
1555 2070 1766 2123 ratione
1788 2082 1927 2121 con-

343 2159 639 2227 ﬁrmatam,
682 2176 914 2216 numero
950 2161 1197 2215 inﬁnitos
1220 2176 1342 2216 esse
1375 2179 1389 2215 :
1426 2160 1630 2230 quippe
1649 2160 1743 2229 qui
1781 2159 1928 2214 salu-

343 2262 518 2307 tarem
575 2252 797 2323 quidem
854 2252 933 2307 illi
977 2266 1286 2308 sermonem
1335 2252 1584 2323 mysterii
1620 2250 1763 2307 sacri
1805 2265 1929 2306 esse

344 2343 716 2411 crediderunt,
750 2360 861 2399 non
897 2353 1081 2400 tamen
1113 2360 1210 2415 per
1242 2344 1531 2401 scientiam
1553 2344 1844 2415 quamdam
1873 2352 1928 2399 et

344 2437 728 2492 cettitudinem
753 2438 822 2491 ab
854 2438 975 2509 ipso
1002 2452 1255 2493 sermone
1288 2435 1611 2509 profectam,
1648 2439 1802 2508 quasi
1838 2454 1928 2492 so-

344 2532 457 2587 lido
517 2533 842 2589 innitentem
923 2532 1279 2588 fundamento
1349 2531 1637 2586 veritatem
1700 2531 1923 2585 habent.

343 2626 524 2697 Atque
555 2626 637 2681 hac
668 2632 797 2683 sunt
836 2626 941 2682 illae
963 2626 1248 2696 appellatae
1276 2625 1606 2695 juvenculzr,
1640 2624 1788 2695 quod
1808 2625 1928 2695 pri—

345 2732 489 2773 mam
519 2719 697 2774 adhuc
713 2727 924 2775 aetatem
956 2718 1295 2789 spiritualem
1328 2726 1514 2789 agant.
1547 2717 1803 2787 quodque
1832 2731 1930 2787 per

347 2804 469 2862 ﬁdei
509 2820 819 2862 sermonem
843 2806 1310 2877 genitae,ncedum
1338 2807 1703 2861 conveniente
1747 2806 1926 2861 incre-

346 2908 532 2959 mento
585 2898 854 2971 ejusmodi
911 2899 1069 2955 factae
1101 2899 1233 2963 sint,
1268 2905 1324 2953 ut
1355 2898 1440 2952 vel
1464 2904 1677 2951 aetatem
1723 2898 1929 2967 nuptiis

346 3002 618 3049 maturam
649 2993 955 3062 attigerint,
985 2991 1071 3046 vel
1111 2992 1166 3046 in
1196 2990 1374 3045 virum
1402 2989 1704 3059 perfectum
1739 3004 1929 3044 evase-

346 3088 490 3151 rint,
529 3085 613 3140 vel
660 3099 972 3140 mensuram
1017 3083 1226 3152 nuptiis
1268 3090 1410 3153 apta:
1445 3080 1623 3135 aetatis
1661 3087 1927 3134 assecuta:

347 3179 480 3243 sint,
513 3186 573 3232 ut
598 3192 663 3232 ex
698 3176 793 3233 Dei
822 3186 970 3232 metu
1006 3176 1149 3231 ferre
1186 3183 1405 3230 uterum
1451 3175 1687 3244 pOsSinl,
1723 3182 1779 3228 et
1816 3174 1928 3243 Spi-

346 3270 516 3323 ritum
547 3268 743 3323 salutis
774 3266 1016 3337 gignere.
1071 3264 1337 3320 Nimirum
1375 3266 1553 3320 adhuc
1593 3275 1814 3335 propter
1837 3265 1925 3318 iu-

2027 1799 2183 1868 λόγον
2208 1801 2574 1871 χωρήσαντες,
2614 1802 2680 1871 τῇ
2722 1800 3034 1872 ἀλογωτέρᾳ
3092 1797 3497 1868 συγκαταθέσει
3523 1798 3626 1867 τῆς

2026 1890 2263 1955 πίστεως
2289 1894 2348 1945 ὲν
2377 1892 2589 1963 ἀπείρῳ
2610 1891 2938 1964 θεωροῦνται
2964 1890 3189 1962 πλήθει·
3221 1892 3495 1961 σωτήριον
3521 1889 3624 1959 μὲν

2025 1977 2161 2035 εἶναι
2178 1983 2605 2046 πεπιστευκότες
2629 1981 2722 2035 τοῦ
2765 1982 3061 2053 μυστηρίου
3089 1981 3180 2033 τὸν
3211 1980 3396 2049 λόγον,
3416 1980 3480 2033 ού
3515 1978 3626 2049 μὴν

2025 2074 2305 2145 ἐπιστήμῃ
2325 2073 2430 2127 τινὶ
2451 2075 2546 2128 καὶ
2574 2076 2640 2145 τῇ
2668 2073 2754 2128 διὰ
2785 2074 2880 2127 τοῦ
2908 2074 3069 2142 λόγου
3100 2070 3446 2144 πληροφορίᾳ
3477 2072 3624 2142 ἱδρυ-

2030 2165 2198 2237 μένην
2226 2164 2439 2235 ἔχοντες
2471 2165 2527 2219 ἐν
2558 2167 2768 2229 ἑαυτοῖς
2796 2165 2894 2237 τὴν
2913 2164 3194 2235 ἀλήθειαν.
3211 2160 3384 2217 Abeat
3405 2165 3541 2216 εἰσιν
3564 2161 3622 2215 αί

2026 2258 2406 2329 όνομασθεῖσαι
2435 2257 2691 2322 νεάνιδες,
2716 2258 2805 2310 διὰ
2834 2257 2896 2312 τὸ
2924 2258 3050 2312 νέαν
3075 2258 3227 2326 ἄγειν
3260 2256 3362 2327 τὴν
3389 2271 3624 2324 πνευμα·

2027 2349 2183 2421 τικὴν
2211 2349 2448 2421 ἡλικίαν,
2476 2350 2532 2404 αἳ
2567 2350 2906 2419 γεννηθεῖσαι
2936 2349 3014 2420 τῷ
3046 2350 3190 2419 λόγῳ
3219 2348 3320 2418 τῆς
3362 2348 3621 2409 πίστεως,

2028 2445 2238 2499 οὐδέπω
2280 2445 2368 2498 διὰ
2397 2445 2499 2514 τῆς
2537 2444 2884 2516 καθηκούσης
2924 2444 3204 2514 αὐξήσεως
3244 2442 3495 2496 τοιαῦται
3535 2457 3625 2507 γε·

2027 2535 2267 2603 γόνασιν,
2294 2536 2370 2599 ὡς
2403 2537 2495 2589 ἐπὶ
2522 2536 2715 2607 γάμων
2747 2535 2931 2608 ἀκμὴν
2960 2534 3266 2608 προελθεῖν,
3297 2533 3393 2587 καὶ
3418 2531 3622 2602 φθάσαι

2029 2629 2109 2691 εἰς
2135 2626 2303 2699 ἄνδρα
2334 2628 2558 2693 τέλειον,
2594 2630 2675 2691 εἰς
2704 2628 2900 2699 μέτρον
2928 2627 3168 2698 γαμικῆς
3197 2625 3435 2697 ἡλικίας.
3462 2624 3623 2675 Ὥστε

2027 2718 2101 2789 τῷ
2158 2718 2306 2790 φόϐῳ
2360 2718 2454 2772 τοῦ
2510 2717 2714 2790 Κυρίου
2776 2717 3035 2772 δύνασθαι
3091 2715 3473 2786 κυοφορῆσαι,
3533 2711 3626 2765 καὶ

2029 2809 2243 2879 πνεῦμα
2278 2809 2549 2881 σωτηρίας
2584 2807 3088 2878 παιδοποιήσασθαι.
3126 2808 3265 2861 Ἀλλ’
3300 2807 3382 2860 ἔτι
3420 2802 3500 2875 τῷ
3527 2821 3628 2874 νη-

2029 2903 2135 2973 πίῳ
2174 2919 2235 2955 τε
2275 2904 2370 2956 καὶ
2405 2902 2586 2956 ἀτελεῖ
2619 2904 2719 2974 τῆς
2750 2902 3005 2965 διανοίας,
3035 2899 3352 2974 ἀλογωτέρᾳ.
3386 2915 3506 2960 πως
3544 2914 3630 2949 συ-

2032 2991 2166 3056 ζῶσι
2194 2994 2260 3063 τῇ
2286 2992 2542 3046 διαθέσει.
2594 2993 2741 3064 Πλὴν
2793 2991 2930 3046 ἀλλὰ
2975 2992 3069 3044 καὶ
3115 2985 3259 3045 οὗτοι
3299 2989 3412 3043 τῶν
3459 2987 3629 3052 σωζο-

2033 3084 2208 3156 μένων
2254 3085 2383 3150 είσὶ,
2416 3083 2598 3148 καθώς
2632 3102 2794 3156 φησιν
2834 3085 2863 3135 ὀ
2895 3085 3215 3156 Προφήτης·
3253 3083 3335 3137 ὅτι
3387 3081 3629 3151 Ἀνθρίὶν-

2031 3188 2186 3241 πους
2226 3174 2327 3228 καὶ
2370 3173 2558 3243 κτήνη
2608 3174 2850 3242 σώσεις,
2885 3176 3088 3242 Κύριεσ
3128 3173 3301 3244 κτήνη
3344 3172 3528 3240 λέγων
3568 3171 3631 3223 τὸ

2034 3265 2367 3340 ἀλογώτερον
2401 3268 2564 3339 μέρος
2602 3266 2711 3321 τῶν
2745 3265 3085 3337 σωζομένων.

349 3361 578 3416 fantiam
609 3369 664 3415 et
708 3358 1179 3429 imperfectionem
1266 3357 1489 3424 mentis,
1532 3372 1656 3412 cum
1727 3356 2012 3413 aﬁ'ectione
2049 3360 2283 3431 quadam
2306 3361 2557 3416 nonnihil
2589 3361 2749 3416 bruta
2784 3360 2908 3413 vitae
2933 3355 3382 3414 consuetudinem
3399 3351 3627 3408 habent-

350 3449 455 3505 Sed
490 3459 671 3504 tamen
704 3449 868 3502 etiam
901 3449 955 3502 hi
985 3456 1324 3509 sunteorum
1350 3448 1402 3502 in
1451 3463 1703 3513 numero,
1765 3449 1860 3519 qui
1916 3451 2143 3506 salutem
2162 3463 2591 3522 consequuntur,

2682 3449 3140 3523 quemadmodum
3191 3446 3466 3517 Propheta
3512 3446 3625 3502 ait:

353 3544 610 3599 Homines
630 3554 681 3599 et
697 3544 945 3614 jumenta
973 3542 1233 3607 servabis,
1272 3543 1492 3598 Domine
1514 3543 1585 3604 ",
1609 3545 1823 3611 Quibus
1863 3547 2047 3603 verbis
2100 3549 2349 3618 iumenta
2374 3556 2535 3605 vocat
2586 3563 2803 3613 eorum,
2827 3545 2919 3616 qui
2941 3554 3251 3604 servantur,
3274 3549 3482 3612 partem
3504 3553 3635 3609 pro-

351 3638 476 3709 pius
515 3634 764 3690 nonnihil
801 3634 1147 3689 accedentem
1174 3632 1239 3687 ad
1266 3633 1447 3688 bruta.

420 3730 693 3786 Caeterum
758 3726 1005 3792 illorum,
1060 3726 1117 3780 in
1164 3725 1368 3795 quibus
1409 3724 1771 3778 conveniente
1822 3733 1937 3779 stu-

352 3823 444 3881 dio
490 3835 649 3877 mens
701 3826 862 3875 aucta
911 3825 1036 3882 est,
1086 3818 1291 3888 quique
1350 3817 1635 3872 infantiam
1699 3817 1934 3886 relique-

349 3926 501 3984 runt,
533 3916 734 3989 duplex
756 3914 838 3968 hic
872 3911 1168 3967 discrimen
1185 3910 1469 3965 discimus.
1492 3908 1705 3989 Etenim
1737 3909 1935 3963 anima:

353 4014 489 4071 ﬁunt
510 3987 729 4083 quidem
743 4008 849 4062 illae
868 4003 1292 4074 coneorporales
1319 4001 1518 4066 Verbo,
1538 4006 1648 4054 tam
1673 3987 1754 4054 hac
1771 4016 1933 4070 quam

350 4110 457 4165 illa:
487 4126 500 4162 :
526 4117 718 4160 verum
749 4096 1031 4156 neunullaa
1073 4111 1168 4166 per
1207 4096 1529 4149 amatorium
1560 4091 1717 4162 quasi
1741 4107 1935 4163 quam-

353 4200 476 4254 dam
510 4196 852 4253 aﬂectionem
887 4206 1009 4245 cum
1035 4205 1101 4244 eo
1134 4187 1577 4258 conglutinantur
1607 4202 1621 4237 :
1658 4186 1816 4253 cujus
1842 4202 1932 4255 ge-

352 4291 503 4348 neris
552 4297 672 4345 erat
724 4281 948 4339 Davidis
1000 4288 1054 4336 et
1096 4278 1253 4334 Pauli
1312 4279 1534 4332 anima:
1564 4292 1796 4346 quarum
1842 4275 1934 4329 illa

353 4385 532 4453 inquit
563 4399 577 4436 :
606 4378 739 4432 Mihi
755 4391 870 4430 cum
895 4372 1005 4427 Deo
1032 4371 1387 4441 conglutinari
1417 4369 1607 4422 bonum
1634 4377 1710 4421 est
1731 4369 1801 4436 9’;
1824 4366 1938 4420 hazc

2105 3725 2226 3781 Τῶν
2266 3724 2322 3778 δὲ
2364 3725 2453 3779 διὰ
2493 3725 2594 3795 τῆς
2632 3722 2979 3793 καθηκούσης
3018 3719 3331 3790 ἐπιμελείας
3363 3719 3632 3792 αὐξηθέν-

2034 3834 2141 3871 των
2171 3820 2238 3889 τῇ
2268 3818 2494 3889 διανοίᾳ,
2535 3817 2630 3871 καὶ
2660 3814 3126 3869 καταλελοιπότων
3160 3813 3260 3884 ἤδη
3304 3812 3407 3883 τὴν
3440 3817 3634 3883 νηπιό-

2033 3927 2193 3979 τητα,
2220 3909 2410 3981 διπλῆν
2453 3909 2558 3962 ὑπὸ
2606 3906 2889 3975 τοῦλόγου
2937 3906 3036 3977 τὴν
3077 3904 3341 3975 διαφορὰν
3377 3904 3632 3957 διδασκό-

2039 4004 2197 4074 μεθα.
2246 4001 2490 4054 Γίνονται
2550 3999 2647 4071 μὲν
2705 3998 2815 4070 γὰρ
2881 3999 2938 4051 αἱ
2991 3997 3158 4067 ψυχαὶ
3204 3996 3300 4049 καὶ
3350 3995 3632 4065 σύσσωμοι

2039 4093 2117 4163 τῷ
2156 4094 2334 4161 Λόγῳ,
2367 4091 2460 4144 καὶ
2516 4082 2676 4143 αὗται
2731 4090 3015 4142 κάκεῖναι·
3066 4085 3178 4139 ἀλλ’
3233 4086 3289 4137 αἱ
3345 4084 3449 4155 μὲν
3494 4086 3633 4156 Epu-

2041 4188 2166 4257 τικῇ
2191 4202 2294 4237 τινι
2323 4183 2557 4237 διαθέσει
2592 4180 3027 4253 προσκολλῶνται
3048 4196 3060 4207 ·
3111 4179 3199 4231 οἵα
3228 4172 3300 4247 ἦν
3332 4178 3367 4247 ή
3397 4176 3495 4229 τού
3530 4180 3629 4229 Δα-

2043 4279 2158 4340 6ὶδ,
2192 4280 2285 4333 καὶ
2326 4280 2359 4351 ἡ
2403 4276 2498 4332 τοῦ
2549 4275 2760 4329 Παύλου
2799 4274 2980 4345 ψυχή·
3033 4276 3066 4345 ή
3112 4273 3211 4344 μὲν
3259 4273 3501 4342 λέγουσα
3537 4273 3630 4331 τὸ,

2046 4370 2208 4441 Ἐμοὶ
2233 4370 2302 4424 δὲ
2328 4370 2392 4423 τὸ
2425 4366 2919 4439 προσκολλᾶσθαι
2940 4366 3020 4431 τῷ
3044 4365 3165 4430 Θεῷ
3187 4366 3420 4434 ἀγαθόν
3439 4365 3628 4419 ἐστιν·

355 4452 489 4529 vero
513 4491 528 4528 :
552 4470 722 4526 Nemo
763 4468 1001 4538 sejunget
1030 4481 1124 4518 nos
1147 4482 1177 4517 a
1204 4463 1484 4516 dilectione
1508 4460 1625 4523 Dei,
1657 4471 1865 4529 quwest
1885 4460 1926 4511 in

2069 4481 2078 4532 ι
2103 4463 2159 4516 δὲ
2181 4462 2261 4521 τὸ,
2297 4460 2505 4525 Οὐδεὶς
2532 4459 2771 4529 χωρίσει
2802 4455 2959 4527 ἡμᾶς
2981 4456 3099 4511 ἀπὸ
3132 4455 3242 4525 τῆς
3262 4455 3511 4526 ἀγάπης
3532 4455 3631 4509 τοῦ

360 4565 573 4621 Christo
596 4563 727 4618 Jesu
749 4580 766 4618 :
799 4578 900 4615 non
920 4562 1048 4621 vita,
1068 4573 1169 4610 non
1198 4573 1361 4617 mors,
1382 4572 1485 4608 non
1514 4553 1654 4626 quod
1683 4568 1936 4623 prerscns,

358 4675 465 4714 non
496 4655 633 4727 quod
690 4655 930 4724 futurum
962 4662 1064 4713 est,
1101 4665 1202 4702 non
1233 4649 1518 4717 quidquam
1550 4662 1732 4700 earum
1761 4661 1938 4699 rerum

356 4766 475 4821 qua:
511 4748 777 4803 exsistunt
808 4743 875 4796 ’⁸.
906 4741 1040 4795 Aliae
1093 4746 1272 4792 autem
1318 4737 1571 4806 supplicii
1601 4744 1748 4790 metu
1780 4736 1939 4789 adul-

358 4841 485 4898 terii
539 4850 771 4895 conatus
824 4836 999 4890 vitant
1034 4846 1200 4887 :nam
1246 4840 1300 4885 et
1329 4830 1463 4900 ipsa:
1497 4837 1719 4883 manent
1751 4828 1940 4882 incor-

361 4944 536 5005 ruptae
593 4933 648 4986 in
701 4929 1014 4999 integritate
1045 4941 1111 4980 ac
1151 4923 1628 4988 sanctiﬁcatione;
1669 4922 1764 4977 sed
1793 4930 1939 4977 metu

361 5027 535 5097 magis
552 5038 714 5095 quam
738 5020 1010 5077 desiderio
1042 5019 1291 5071 adductae
1316 5014 1578 5086 ﬂagitium
1608 5015 1815 5068 nullum
1845 5014 1944 5067 ad-

362 5122 609 5176 mittunt.
638 5115 771 5183 Qua:
800 5114 966 5184 igitur
1002 5126 1091 5181 per
1121 5109 1466 5164 aﬁ‘ectionem
1497 5106 1790 5178 quamdam
1820 5121 1946 5175 per-

366 5213 648 5268 tectiorem
678 5205 954 5262 desiderio
974 5205 1307 5271 incorrupta:
1338 5198 1668 5269 integritatis
1699 5212 1823 5251 cum
1852 5197 1943 5251 Dei

365 5303 602 5375 puritate
626 5297 786 5370 quasi
833 5295 1283 5354 commiscentur,
1310 5296 1513 5362 reginae
1534 5299 1757 5361 propter
1791 5289 1942 5358 regni

368 5393 688 5450 serietatem
724 5387 1088 5460 appellantur.
1120 5385 1251 5451 Quae
1282 5391 1461 5438 autem
1494 5383 1767 5436 minarum
1796 5388 1941 5435 metu

370 5487 627 5541 virtutem
683 5484 891 5546 colunt,
948 5479 1271 5535 concubina:
1311 5482 1596 5530 vocantur.
1640 5472 1752 5528 Nec
1795 5471 1942 5526 enim

2041 4552 2330 4622 Χριστοῦ·
2359 4554 2430 4605 οὑ
2460 4550 2592 4618 ζωὴ,
2619 4552 2691 4604 οὐ
2714 4548 2989 4614 θάνατος.
3019 4550 3089 4603 οὐ
3115 4547 3177 4600 τὸ
3206 4547 3430 4616 παρὸν,
3470 4550 3542 4600 οὺ
3572 4547 3632 4597 τὸ

2039 4644 2291 4714 μέλλον,
2309 4646 2418 4697 οὐκ
2444 4644 2599 4697 ἄλλο
2633 4660 2686 4695 τι
2716 4640 2835 4696 τῶν
2852 4642 3043 4695 ὄντων
3070 4639 3270 4694 οὐδέν.
3305 4640 3376 4692 Ai
3403 4639 3465 4691 δὲ
3490 4639 3631 4708 φόϐῳ

2045 4735 2318 4799 κολάσεως
2346 4736 2445 4797 τάς
2479 4735 2730 4806 μοιχικὰς
2758 4735 3126 4805 ἀποφεύγουσι
3153 4731 3371 4803 πείρας.
3397 4732 3632 4785 Μένουσι

2045 4827 2153 4899 γὰρ
2189 4830 2246 4881 έν
2292 4828 2568 4899 ἀφθαρσίᾳ
2613 4829 2705 4880 καὶ
2749 4823 3004 4895 ἁγιασμῷ
3038 4825 3131 4878 καὶ
3158 4819 3317 4877 αὗται
3342 4839 3357 4852 “
3394 4822 3535 4877 ἀλλᾶ
3565 4821 3634 4891 τῷ

2047 4921 2197 4991 φόϐῳ
2234 4919 2488 4992 μᾶλλονῆ
2521 4920 2598 4990 τῷ
2629 4918 2777 4990 πόθῳ
2825 4913 3338 4985 παιδαγωγούμεναι
3371 4917 3545 4985 μόνῳ,
3578 4916 3634 4966 τὸ

2048 5013 2218 5066 κακὸν
2246 5011 2306 5064 ού
2354 5011 2757 5082 προσδέχονται.
2798 5012 2863 5063 Ai
2896 5010 2992 5080 μὲν
3024 5007 3115 5063 οὖν
3160 5008 3246 5062 διὰ
3277 5009 3379 5079 τῆς
3427 5007 3633 5060 τελειο-

2046 5105 2207 5174 τέρας
2243 5102 2535 5167 διαθέσεως
2570 5103 2718 5173 πόθῳ
2748 5103 2848 5173 τῆς
2883 5101 3190 5173 ἀφθαρσίας
3240 5100 3634 5171 ἀνακραθεῑσαι

2050 5199 2113 5266 τῇ
2152 5195 2247 5249 τοῦ
2283 5195 2417 5248 Θεοῦ
2462 5194 2813 5266 καθαρότητι,
2846 5192 3152 5263 βασίλισσαι
3179 5191 3268 5245 διὰ
3296 5193 3398 5262 τὴν
3445 5209 3625 5245 κοινω-

2050 5288 2168 5340 νίαν
2197 5287 2296 5357 τῆς
2344 5288 2622 5357 βασιλείας
2672 5284 3154 5357 κατονομάζονται.
3195 5284 3305 5349 Τὰς
3338 5283 3396 5337 δὲ
3430 5284 3516 5355 τῷ
3540 5285 3632 5356 τῆς

2050 5376 2280 5446 ἀπειλῆς
2310 5376 2582 5449 φόὸῳτὴν
2625 5377 2827 5448 ἀρετὴν
2890 5373 3247 5439 ὲκπονούσας,
3301 5372 3632 5438 παλλακίδας

2052 5467 2307 5539 ὀνομάζει
2346 5471 2374 5522 ό
2412 5468 2589 5533 λόγος.
2629 5466 2797 5523 Οὔπω
2835 5468 2944 5541 γάρ
2981 5484 3065 5532 τις
3102 5465 3284 5521 αὐτῶν
3318 5462 3511 5539 μήτηρ
3545 5466 3616 5537 βα

441 5666 495 5700 ’ί
526 5665 671 5721 Dsal.
697 5676 859 5720 xxxv,
884 5661 937 5715 Ἰ.
1012 5661 1055 5691 ³⁷
1094 5657 1241 5713 Psal.
1284 5673 1455 5723 Lxxu,
1503 5656 1595 5711 28.
1670 5654 1717 5686 ’⁸
1756 5652 1914 5707 Rom.
1942 5667 2058 5716 vm,
2087 5650 2291 5718 28,29.
