3850 6224
163 324 314 384 1895

1185 318 1256 379 ΙΝ
1292 317 1595 377 CANTICA
1636 311 1907 371 CANTIC.
1951 313 2241 373 HOMILI‘A
2273 316 2393 373 XV.

3290 304 3431 364 HN

155 445 364 508 σιλέως
385 461 479 499 και
502 444 757 509 κοινωνὸς
777 444 880 517 τῆς
900 444 1058 510 ἀξίας
1080 443 1331 513 γενέσθαι
1352 440 1591 503 δυνατῶς
1612 437 1745 508 ἔχει.

1873 440 2069 493 llarum
2125 439 2234 494 ulla
2288 444 2464 492 mater
2522 433 2667 503 regis
2709 446 2773 488 ac
2823 427 3107 501 dignitatis
3155 426 3431 499 particeps

154 534 297 599 Πῶς
340 536 449 607 γάρ
504 537 571 591 ἂν
621 536 894 608 δυνηθείη,
938 538 972 607 ἡ
1022 536 1249 607 μηδέπω
1298 530 1642 588 άναλαὸοὖσα
1693 532 1751 582 ὲν

159 624 338 697 ἑαυτῇ
376 625 436 678 τὸ
487 626 781 679 ἀδέσποτον
835 627 928 680 καὶ
975 625 1308 697 αὐτοκρατὲς
1353 623 1448 676 τοῦ
1495 621 1750 694 ἐναρέτου

163 721 517 789 φρονήματος
534 735 548 749 ·
578 719 715 773 ἀλλὰ
733 719 963 788 δουλικῷ
988 718 1137 787 φόϐῳ
1165 718 1265 786 τῆς
1289 716 1397 770 τῶν
1425 715 1609 768 κακῶν
1638 731 1752 767 κοι-

162 810 368 873 νωνίας
400 811 776 882 ἀφισταμένης
811 810 1212 882 ’Υποδείγματα
1240 810 1296 863 δὲ
1317 808 1426 862 τῶν
1449 807 1752 880 εἰρημένων

163 905 341 968 ἐστὶν,
374 905 467 958 ἐπὶ
507 906 605 976 μὲν
639 905 747 959 τῶν
782 904 1084 976 βασιλίδων,
1111 905 1173 959 τὸ
1211 902 1352 957 κατὰ
1384 903 1510 966 τοὺς
1542 901 1642 971 τῆς
1663 901 1752 953 δε-

166 996 297 1063 ξιᾶς
324 997 564 1061 στάσεως
587 997 941 1068 ἠξιωμένους,
967 997 1103 1068 πρὸς
1127 995 1220 1061 οὓς
1250 998 1278 1049 ὁ
1312 995 1561 1067 βασιλεὺς
1582 994 1748 1062 λέγει·

165 1088 373 1151 Δεῦτε,
403 1090 458 1141 οἱ
486 1086 875 1157 εὐλογημένοι
902 1087 1010 1142 τοῦ
1038 1087 1267 1155 Πατρός
1286 1104 1428 1156 μου,
1449 1089 1753 1154 κληρονο-

158 1179 407 1249 μήσατε
444 1180 562 1249 τὴν
605 1180 1056 1250 ἡτοιμασμένην
1086 1180 1229 1250 ὑμῖν
1256 1180 1583 1245 ,βασιλείαν
1603 1198 1617 1212 ·
1659 1177 1750 1231 τοῦ

164 1270 227 1325 δὲ
255 1271 506 1340 δευτέρου
542 1271 635 1324 καὶ
662 1270 953 1341 ὑφειμένου
987 1272 1263 1340 τάγματος
1294 1266 1402 1323 εἷεν
1430 1270 1497 1323 ἂν
1534 1270 1752 1333 ἐκεῖνοι,

167 1363 315 1436 πρὸς
343 1363 437 1427 οὓς
477 1362 625 1431 λέγει
664 1363 694 1415 ὁ
726 1363 965 1437 Κύριος·
1008 1364 1309 1430 Φοϐήθητε
1354 1362 1464 1417 τὸν
1504 1365 1654 1434 μετὰ
1686 1365 1752 1416 τὸ

163 1454 518 1511 ἀποκτεῖναι
571 1457 791 1527 ἔχοντα
847 1456 1138 1521 ἐξουσίαν
1184 1457 1465 1526 ἐμϐαλεῖν
1504 1459 1591 1522 εἰς
1640 1456 1755 1523 τὴν

165 1548 426 1619 γέενναν
467 1549 574 1603 τοῦ
609 1552 816 1619 πυρός.
856 1546 1075 1623 Ταύτην
1106 1549 1164 1603 δέ
1206 1566 1295 1621 μοι
1322 1550 1471 1603 δοκεῖ
1512 1549 1609 1620 τὴν
1634 1548 1753 1601 δια-

168 1641 368 1713 στολὴν
398 1640 505 1695 τῶν
558 1645 652 1698 δύο
691 1644 1007 1713 ταγμάτων,
1055 1645 1088 1714 ἡ
1138 1642 1281 1696 κατὰ
1323 1641 1450 1704 τοὺς
1491 1640 1756 1713 ἀριθμοὺς

163 1730 401 1803 διαφορά
427 1733 768 1801 παραδηλοῦν
795 1733 860 1787 δι’
882 1733 1221 1802 αἰνίγματος.
1251 1732 1376 1797 Πῶς
1394 1731 1550 1785 τοῦτό
1576 1749 1714 1803 φημι
1737 1748 1751 1797 ;

1855 532 1971 587 ﬁeri
2006 539 2203 602 potest.
2241 529 2344 596 Qui
2381 527 2524 583 enim
2542 533 2729 597 posset
2764 523 2876 586 illa,
2903 537 3025 592 quae
3052 518 3284 576 necdum
3310 533 3429 573 eam

1855 624 2223 681 conditionem
2277 630 2572 677 consecuta
2619 627 2725 679 est,
2770 623 2829 669 ut
2868 615 3073 668 nullius
3125 608 3433 674 dominatui

1857 717 2103 785 subjecta
2132 716 2225 779 sit,
2280 728 2381 768 nec
2412 725 2687 768 summum
2722 707 3012 778 imperium
3044 706 3290 759 honesta:
3319 702 3434 756 ela-

1856 809 2021 863 tionis
2051 807 2267 876 adepta,
2292 805 2384 860 sed
2423 810 2566 857 metu
2596 801 2780 857 servili
2816 814 2845 853 a
2880 798 3142 853 societate
3172 795 3429 848 vitiorum

1855 900 2137 958 discedit?
2191 899 2395 953 Horum
2444 904 2627 949 autem
2684 909 2807 962 quae
2849 892 3131 955 diximus,
3180 886 3433 956 exempla

1855 1004 2005 1057 sunt,
2056 994 2124 1049 de
2179 990 2382 1061 reginis
2415 987 2630 1059 quidem
2661 986 2759 1049 illi,
2809 985 2901 1056 qui
2927 984 2993 1037 ad
3035 983 3282 1036 dextram
3317 979 3433 1033 col-

1854 1086 2017 1142 locati
2080 1095 2384 1146 uterentur,
2420 1082 2487 1136 ad
2535 1094 2672 1149 quos
2723 1094 2817 1134 rex
2859 1079 2980 1131 ait:
3036 1075 3238 1135 Venite,
3280 1071 3434 1126 benev

1853 1181 1985 1235 dicri
2008 1178 2193 1234 Patris
2214 1179 2336 1237 mei,
2373 1162 2634 1245 possidete
2656 1182 2902 1243 paratum
2936 1169 3078 1225 vobis
3108 1184 3324 1238 regnum
3348 1167 3429 1220 ":

1856 1276 2083 1332 alterius
2117 1288 2269 1337 vero,
2324 1280 2378 1326 et
2429 1269 2705 1324 inferioris
2746 1265 2957 1320 ordinis
3000 1263 3309 1331 exemplum
3354 1255 3432 1312 illi

1857 1367 2081 1428 fuerint,
2133 1364 2198 1418 ad
2240 1378 2379 1433 quos
2414 1361 2675 1415 Dominus
2732 1355 2912 1425 inquit
2961 1373 2974 1408 :
3015 1352 3212 1406 Timete
3254 1349 3430 1412 illum,

1854 1458 2263 1528 quipomtatem
2294 1451 2470 1512 habet,
2501 1458 2559 1503 ut
2592 1459 2937 1517 posteaquam
2968 1439 3238 1503 occiderit,
3270 1437 3433 1491 etiam

1856 1548 1909 1601 in
1935 1552 2222 1617 gehennam
2250 1544 2386 1613 ignis
2415 1538 2718 1609 conjiciat‘.
2739 1538 2919 1607 Atque
2947 1533 3054 1587 hoc
3084 1530 3316 1585 duorum
3351 1541 3436 1579 or-

1857 1639 2044 1695 dinum
2073 1636 2369 1691 discrimen
2402 1632 2648 1686 indicare
2693 1627 2823 1681 mihi
2850 1639 2943 1696 per
2966 1625 3194 1692 aenigma
3221 1616 3436 1672 videtur

1858 1735 1976 1804 ipsa
2006 1732 2060 1785 in
2124 1728 2369 1783 numeris
2399 1724 2708 1780 diversitas.
2740 1719 2841 1786 Qui
2889 1719 2994 1772 hoc
3025 1711 3289 1784 inquam?
3327 1707 3435 1764 Sex

170 1795 285 1884 Ἐξ.
321 1795 456 1875 εἰσιν
502 1795 736 1887 ἐντολαὶ,
763 1824 829 1878 δι’
854 1818 932 1878 ὧν
967 1795 1293 1896 ἠ’-βασιλεία
1322 1795 1415 1878 τοῦ
1463 1795 1599 1878 Θεού
1636 1795 1754 1890 ’τοῖς

1866 1795 2082 1883 omnino
2119 1829 2389 1893 praecepta
2451 1823 2599 1881 sunt,
2649 1829 2741 1885 per
2781 1810 2919 1882 qua!
2944 1822 3174 1877 regnum
3208 1810 3436 1875 paratur

164 1913 367 1980 δεξιοῖς
408 1912 773 1981 έτοιμάζεται.
806 1916 1163 1988 Λογισώμεθα
1197 1916 1400 1971 τούτων
1441 1917 1669 1970 ἕκαστον
1694 1917 1757 1970 τὸ

165 2003 488 2059 δεσποτικὸν
512 2002 651 2061 εἶναι
678 2007 960 2074 τάλαντον,
984 2007 1012 2061 δ
1037 2010 1303 2081 προσήκει
1330 2009 1480 2080 παρὰ
1505 2008 1600 2061 τοῦ
1623 2010 1759 2077 ἀγα-

168 2094 270 2150 θοῦ
318 2098 409 2151 καὶ
460 2098 651 2152 πιστοῦ
698 2101 907 2155 οἰκέτου
947 2099 1483 2170 δεκαπλασιασθῆναι
1527 2100 1615 2154 διὰ
1657 2101 1756 2171 τῆς

169 2187 455 2258 ἐργασίας,
487 2190 573 2242 ἵνα
603 2189 777 2255 οὕτως
804 2192 1016 2263 εἰσέλθῃ
1063 2193 1141 2256 εἰς
1170 2192 1270 2264 τὴν
1310 2192 1485 2263 χαρὰν
1518 2191 1612 2245 τοῦ
1640 2192 1757 2245 Κυ-

177 2278 294 2347 ρίου
326 2280 512 2342 αὐτοῦ,
546 2284 602 2336 ὲν
633 2283 833 2353 ὀλίγοις
864 2285 1055 2349 πιστὸς
1087 2285 1351 2358 εὑρεθεὶς,
1381 2285 1473 2339 καὶ
1502 2286 1594 2338 ἐπὶ
1631 2284 1759 2338 πολ-

170 2370 285 2424 λῶν
307 2372 722 2445 καθιστάμενος.
761 2378 823 2430 Εἰ
850 2378 1030 2432 τοίνυν
1060 2377 1147 2432 διά
1188 2378 1298 2432 τῶν
1343 2377 1403 2442 ἒξ
1434 2377 1639 2432 τούτων
1670 2380 1758 2431 ὲν-

169 2463 346 2517 τολῶν
371 2465 403 2534 ἡ
431 2464 532 2534 τῆς
574 2467 847 2538 βασιλείας
874 2469 1081 2539 γίνεται
1104 2473 1169 2542 τῇ
1214 2469 1358 2540 ψυχῇ
1391 2469 1641 2524 κοινωνία
1660 2488 1674 2502 ·
1697 2470 1759 2524 τὸ

170 2550 230 2606 δὲ
256 2555 464 2609 τέλειον
484 2556 583 2628 τῆς
608 2560 869 2631 ἐργασίας
896 2562 980 2628 ἐφ’
1000 2560 1240 2631 ἑκάστης
1268 2561 1384 2614 ἐστί
1406 2560 1467 2614 τὸ
1491 2560 1761 2615 δεκαπλα-

176 2644 362 2700 σιάσαι
420 2646 519 2719 τὴν
567 2649 804 2720 ἐντολὴν,
855 2650 1037 2715 καθὼς
1085 2651 1188 2722 ἔφη
1239 2655 1267 2705 ὁ
1318 2652 1519 2722 ἀγαθὸς
1576 2653 1762 2719 δοῦλος

173 2734 405 2803 ἐκεῖνος,
439 2739 519 2792 δτι
540 2738 682 2819 Δέκα
706 2741 942 2795 τάλαντα
964 2742 1025 2796 τὸ
1053 2742 1109 2797 ἓν
1139 2759 1233 2797 σου
1256 2744 1514 2798 τάλαντον
1543 2763 1760 2819 κατειρ-

172 2829 412 2895 γάσατο·
445 2816 769 2903 εὑρίσκομεν
799 2835 862 2885 ὲκ
879 2832 972 2886 τοῦ
1003 2834 1296 2888 ἀκολούθου
1322 2835 1420 2907 τὴν
1453 2836 1581 2906 μίαν
1609 2816 1763 2907 βασί-

173 2914 389 2985 λισσαν,
422 2923 502 2985 εἰς
529 2922 789 2994 ἑξήκοντα
824 2923 1228 2996 πλατυνομένην
1250 2942 1266 2957 ·
1302 2927 1402 2998 τὴν
1431 2927 1518 2981 διὰ
1550 2927 1644 2981 τοῦ
1672 2929 1761 2981 δε-

173 3012 593 3083 καπλασιασμοῦ
622 3015 729 3068 τῶν
758 3013 817 3080 ἒξ
844 3017 1068 3069 ἐντολῶν
1107 3019 1161 3080 ἐς
1213 3019 1496 3073 κοινωνίαν
1529 3020 1628 3090 τῆς
1664 3020 1761 3091 βα-

1859 1920 1948 1981 iis,
1981 1916 2072 1988 qui
2122 1891 2193 1970 ad
2245 1913 2492 1968 dextram
2535 1907 2893 1962 collocantur.
2930 1902 3252 1955 Statuamus
3293 1891 3437 1963 apud

1858 1987 2415 2079 animum,quodlibet
2434 2005 2627 2057 horum
2648 2015 2770 2054 csse
2791 1999 3054 2051 talentum
3081 1992 3210 2046 illud
3243 1987 3434 2050 herile,

1857 2104 2001 2175 quod
2038 2097 2365 2171 negotiando
2390 2094 2528 2150 efﬁci
2547 2108 2578 2146 a
2602 2094 2746 2146 bono
2770 2104 2833 2144 ac
2867 2087 3014 2143 ﬁdeli
3039 2083 3246 2139 famulo
3276 2079 3438 2134 decu-

1858 2171 1949 2269 plo
1976 2193 2211 2263 amplius
2238 2187 2516 2250 convenit,
2546 2193 2605 2239 ιιι
2642 2185 2745 2237 hoc
2768 2180 2928 2235 modo
2951 2179 3006 2231 in
3043 2174 3302 2246 gaudium
3335 2171 3441 2225 Do-

1858 2265 1991 2345 mini
2017 2288 2102 2344 sui
2143 2281 2500 2355 ingrediatur,
2541 2285 2794 2347 repertus
2839 2273 2893 2326 in
2929 2268 3141 2339 exiguis
3164 2265 3360 2321 ﬁdelis.
3384 2266 3439 2314 et

1860 2388 2148 2454 propterea
2201 2375 2387 2429 multis
2439 2369 2751 2442 praefectus.
2796 2363 2853 2419 Si
2889 2376 3020 2432 ergo
3066 2374 3161 2429 per
3201 2357 3318 2412 hate
3343 2368 3439 2407 sex

1858 2449 2129 2548 prae—cepta
2176 2466 2329 2537 regni
2367 2465 2549 2519 anima
2600 2460 2656 2514 lit
2688 2459 2982 2530 particeps,
3019 2464 3072 2509 et
3114 2452 3168 2506 in
3191 2449 3439 2520 quolibet
3537 2451 3544 2459 ’

1859 2538 2055 2623 horum
2086 2566 2329 2632 quaestus
2373 2570 2437 2610 ac
2476 2551 2777 2621 negotiatio
2808 2544 3047 2618 perfecm
3074 2554 3177 2605 est,
3210 2538 3440 2593 manda-

1862 2667 1976 2712 tum
2012 2631 2192 2724 ipsum
2244 2648 2400 2719 quasi
2425 2643 2734 2713 decuplare,
2768 2633 3228 2709 quemadmodum
3261 2631 3439 2685 bonus

1862 2751 1952 2805 ille
1979 2750 2171 2803 servus
2205 2742 2301 2803 ait,
2334 2752 2502 2794 unum
2537 2734 2651 2789 heri
2683 2732 2767 2788 sui
2801 2729 3063 2784 talentum
3094 2725 3281 2780 decem
3306 2722 3441 2774 alio-

1862 2855 1981 2897 runt
2007 2838 2331 2891 talentorum
2390 2830 2602 2883 lucrum
2639 2820 3001 2893 acquisivisse
3033 2833 3046 2869 :
3073 2823 3443 2870 consentanea

1815 2929 1818 2932 ’
1864 2930 2098 3004 quadam
2156 2927 2367 2980 ratione
2418 2918 2744 2989 reperimus,
2786 2914 2840 2967 in
2886 2909 3173 2978 sexaginta
3223 2904 3442 2973 reginas

1865 3040 2028 3081 unam
2085 3020 2233 3073 illam
2281 3026 2599 3069 excrescere
2639 3024 2655 3061 :
2702 3021 2822 3076 quae
2871 3018 2967 3073 per
3006 2996 3440 3066 decuplationeut

177 3103 386 3168 σιλείας
417 3105 874 3176 παραδεχθεῶαν·
908 3108 984 3172 ὡς
1016 3108 1217 3171 πολλὰς
1242 3106 1380 3163 εἶναι
1401 3111 1498 3183 τὴν
1534 3085 1757 3185 μίαντῷ

1866 3135 1954 3177 sex
2001 3109 2381 3167 mandatorum
2426 3103 2482 3157 in
2524 3099 2673 3170 regni
2716 3096 3032 3153 societatem
3079 3088 3331 3144 venerit:
3366 3085 3443 3138 ita

175 3196 505 3269 πολυτρόπῳ
536 3199 845 3270 χαρακτῆρι
877 3200 984 3254 τῶν
1032 3201 1262 3255 ἐντολῶν
1308 3203 1756 3274 ὲμμερισθεῖσαν,

175 3290 275 3343 καὶ
299 3289 513 3361 ἑκάστῳ
532 3291 641 3344 τῶν
665 3293 1103 3364 κατορθωμάτων
1129 3294 1439 3359 ἰδιαζόντως
1465 3299 1762 3369 ἐμμορφω-

178 3380 388 3437 θεῖσαν.
412 3382 597 3446 Οὕτως
615 3380 707 3438 οὖν
733 3385 812 3448 εἰς
832 3384 1092 3456 ἐξήκοντα
1118 3386 1395 3456 βασιλίδας
1417 3390 1449 3458 ἡ
1478 3388 1574 3458 μία
1597 3407 1762 3444 κατα-

180 3475 484 3545 μερίζεται,
528 3475 664 3547 πρὸς
692 3477 759 3530 τὰ
802 3477 916 3548 εἴδη
963 3478 1071 3531 τῶν
1109 3480 1337 3532 ἐντολῶν
1378 3481 1758 3553 διαιρουμένη·

177 3566 515 3635 καὶγίνεται
561 3568 815 3634 κοινωνὸς
862 3570 959 3642 τῆς
1001 3571 1094 3625 τοῦ
1136 3571 1374 3644 Χριστοῦ
1423 3572 1761 3646 βασιλείαςή

178 3659 392 3730 νύμφη,
442 3660 613 3731 δῆμος
653 3660 938 3731 βασιλίδων
976 3665 1009 3734 ἡ
1061 3664 1160 3734 μία
1206 3665 1567 3737 γεγενημένη,
1616 3667 1763 3738 ἡδιὰ

177 3749 454 3895 ἒοσούτων
479 3750 589 3805 τῶν
615 3752 757 3807 κατά
786 3753 887 3817 τὰς
927 3753 1147 3818 ἐντολὰς
1171 3753 1497 3825 ἀξιωμάτων
1523 3755 1764 3829 ἀριθμη-

219 3860 361 3895 εισα.
1190 3862 1193 3865 ·
1404 3854 1411 3859 ’

219 3854 361 3896 sica.
1190 3862 1193 3865 '
1404 3854 1411 3859 '

254 4044 321 4097 Ei
346 4043 404 4096 δὲ
426 4042 525 4115 τὴν
558 4042 720 4108 ἑξάδα
750 4044 860 4097 τῶν
889 4043 1115 4097 ἐντολῶν
1141 4045 1198 4098 ἐν
1231 4046 1330 4115 μιᾷ
1358 4044 1498 4099 κατὰ
1519 4045 1580 4099 τὸ
1611 4044 1770 4099 δέκα-

182 4134 414 4189 πλάσιον
437 4135 842 4207 γεωργηθεῖσαν
862 4135 1041 4206 ψυχὴν
1074 4136 1163 4190 διὰ
1186 4136 1295 4189 τῶν
1324 4137 1587 4209 ἑξήκοντα
1617 4139 1772 4208 βασι-

181 4228 346 4282 λίδων
368 4227 726 4299 σημαίνεσθαι
747 4227 813 4280 δι’
839 4228 1179 4300 αἰνίγματος,
1206 4229 1305 4283 οὐκ
1325 4229 1428 4295 ἔξω
1448 4231 1539 4284 τοῦ
1564 4233 1770 4298 εἰκότος

185 4321 601 4390 ὑπενοήσαμεν·
643 4318 949 4383 ἀκολούθως
977 4320 1072 4372 καὶ
1096 4319 1189 4374 διὰ
1211 4320 1319 4374 τῶν
1352 4322 1678 4393 ὀγδοήκοντα
1711 4324 1772 4377 τὸ

1863 3223 1922 3267 ut
1951 3205 2133 3261 multa:
2156 3201 2265 3256 sint
2305 3210 2411 3251 una
2438 3194 2527 3248 illa
2564 3207 2660 3262 per
2684 3187 3040 3259 multiplicem
3060 3180 3440 3237 mandatorum

1862 3304 2237 3359 characterem
2285 3290 2481 3351 divisa,
2508 3292 2563 3341 et
2619 3285 2671 3338 iu
2711 3281 2955 3354 quolibet
2994 3290 3157 3347 opere
3182 3271 3445 3344 pra‘claro

1860 3393 2214 3467 peculiariter
2274 3385 2423 3440 velut
2479 3393 2759 3451 expressa.
2812 3372 2927 3428 Hoc
2985 3371 3151 3441 igitur
3181 3365 3344 3420 modo
3387 3365 3445 3417 in

1863 3486 2146 3559 sexaginta
2207 3478 2430 3550 reginas
2477 3490 2587 3529 una
2628 3469 2914 3527 dividitur.
2948 3461 3250 3520 secundum
3292 3474 3446 3512 man-

1861 3554 2111 3635 datorum
2143 3572 2354 3642 species
2378 3566 2636 3622 distincta
2669 3568 2722 3617 et
2744 3566 3058 3619 numerata;
3098 3554 3277 3623 sitque
3317 3565 3445 3619 par-

1862 3673 2038 3740 ticeps
2103 3665 2257 3736 regni
2293 3660 2500 3717 Christi
2538 3670 2766 3727 sponsa.
2808 3650 2967 3722 quasi
3016 3647 3167 3702 natio
3195 3643 3443 3715 quaedam

1864 3765 2174 3837 reginarum
2205 3757 2374 3819 facta,
2399 3767 2522 3824 quae
2552 3749 2708 3819 prius
2766 3759 2873 3800 una
2911 3751 3050 3805 erat,
3082 3739 3210 3794 dum
3234 3752 3331 3807 per
3369 3743 3450 3789 tot

1865 3828 2156 3927 dignitates
2218 3847 2431 3903 ratione
2479 3841 2862 3897 mandatorum
2913 3829 3254 3889 numerando
3288 3828 3447 3899 quasi

1866 3946 2284 4016 multiplicatur.

1936 4057 2055 4113 Jam
2086 4057 2131 4112 si
2166 4055 2311 4109 hunc
2329 4049 2710 4107 mandatorum
2735 4040 3012 4098 senarium
3045 4052 3152 4091 una
3178 4037 3233 4090 in
3267 4035 3449 4087 anima

1868 4152 2016 4208 velut
2053 4148 2329 4204 excultum
2360 4143 2425 4197 ad
2458 4139 2751 4210 decuplum
2787 4148 2985 4201 usque,
3018 4146 3113 4200 per
3143 4129 3263 4182 illas
3286 4140 3448 4180 sexa-

1868 4245 2018 4315 ginta
2072 4241 2290 4310 reginas
2330 4237 2384 4290 in
2407 4235 2696 4305 aenigmate
2738 4225 3035 4298 signiﬁcari
3074 4237 3183 4276 non
3222 4234 3451 4290 prorsus

1872 4312 2109 4389 absurde
2156 4328 2521 4396 conjecimus,
2576 4317 2938 4376 consimiliter
2978 4312 3139 4366 etiam
3174 4324 3270 4379 per
3307 4313 3454 4360 octo-

185 4412 288 4480 τῆς
311 4409 535 4481 Ὀγδὸης
565 4412 862 4481 μυστήριον
890 4412 1328 4483 παραδηλοῦσθαί
1358 4431 1535 4484 φαμεν
1563 4414 1650 4467 διὰ
1675 4414 1764 4468 τοῦ

1874 4427 2021 4497 ginta
2065 4419 2362 4489 signiﬁcari
2415 4410 2833 4470 obscuriuscule
2870 4404 3191 4477 mysterium
3238 4397 3455 4453 Octavus

188 4502 379 4573 ὁμοίου
422 4503 777 4575 αἰνίγματος·
824 4504 960 4576 πρὸς
1007 4504 1074 4576 ἢν
1112 4505 1398 4575 βλέποντες
1426 4508 1477 4559 οἰ
1516 4507 1592 4578 τῷ
1624 4509 1764 4578 φόϐῳ

1877 4517 2108 4571 dicimus
2141 4510 2306 4569 simili
2354 4506 2591 4579 quodam
2627 4502 2934 4571 aenigmate,
2963 4496 3028 4550 ad
3061 4508 3222 4563 quam
3281 4488 3455 4557 respi-

191 4594 721 4665 παιδαγωγούμενοι,
773 4595 873 4666 τῆς
904 4596 1014 4650 τῶν
1056 4596 1241 4651 κακῶν
1271 4599 1554 4662 κοινωνίας
1581 4599 1775 4669 ἀπείρ-

190 4702 403 4754 γονται.
433 4684 620 4749 Οὕτως
645 4685 755 4756 γὰρ
784 4689 842 4739 ἐν
881 4689 998 4749 ταῖς
1027 4685 1364 4759 ψαλμῳδίαις
1400 4688 1693 4760 ἐμάθομεν,
1718 4692 1775 4742 ὲν

191 4772 281 4840 αἷς
311 4777 678 4848 προτέτακται
709 4777 797 4831 διά
823 4777 923 4848 τῆς
953 4779 1315 4850 ἐπιγραφῆςὴ
1340 4779 1550 4849 ὐγδόη·
1585 4797 1776 4850 μαστι-

190 4870 476 4940 γουμένων
504 4869 561 4922 δὲ
599 4869 857 4941 ἄντικρύς
894 4871 1029 4924 εἰσιν
1057 4872 1112 4924 αἰ
1149 4872 1342 4939 φωναὶ,
1374 4870 1452 4941 τῷ
1482 4871 1631 4943 φὸὖῳ
1666 4870 1775 4924 τῶν

192 4959 565 5032 ἐλπιζομένων
619 4963 698 5026 είς
742 4961 889 5015 ἔλεον
937 4962 1034 5032 τὴν
1083 4962 1252 5034 ἀκοὴν
1311 4964 1775 5034 ὲπικάμπτουσαι.

191 5053 331 5121 Φησὶ
354 5052 465 5123 γὰρ
487 5052 622 5122 πρὸς
642 5055 734 5105 τὸν
758 5053 985 5123 φοϐερὸν
1010 5052 1199 5125 κριτὴν
1221 5055 1248 5107 ὁ
1277 5054 1412 5123 πρὸς
1432 5053 1529 5125 τὴν
1554 5054 1779 5126 Ὀγδόην

197 5143 440 5223 βλέπων·
479 5144 677 5210 Κύριε,
702 5142 787 5212 μὴ
825 5142 907 5208 τῷ
938 5142 1100 5214 θυμῷ
1122 5160 1237 5198 σου
1276 5144 1529 5216 ἐλέγξῃς
1549 5162 1644 5215 με,
1665 5163 1780 5215 pn-

198 5236 268 5290 δὲ
291 5235 366 5305 τῇ
404 5236 551 5306 ὀργῇ
572 5253 687 5291 σου
723 5236 1054 5305 παιδεύσῃς
1080 5254 1176 5307 με.
1217 5237 1510 5306 Ἐλέησόν
1531 5256 1628 5308 με,
1662 5240 1781 5293 K15-

203 5347 311 5401 ριε,
347 5330 436 5384 ὅτι
465 5329 730 5398 ἀσθενής
767 5333 881 5400 εἰμι
906 5347 920 5360 ·
955 5331 1125 5384 ἴασαι
1159 5347 1257 5399 με,
1308 5332 1502 5399 Κύριε,
1537 5331 1624 5385 ὅτι
1649 5331 1781 5385 ἐτα-

194 5423 397 5494 ράχθη
426 5424 498 5477 τὰ
525 5422 675 5478 ὀστᾶ
713 5441 853 5492 μου.
886 5421 996 5476 Καὶ
1029 5422 1128 5475 ὅσα
1166 5424 1230 5477 ἐκ
1259 5421 1350 5476 τοῦ
1385 5422 1676 5477 ἀκολούθου
1702 5423 1780 5492 τῷ

199 5516 484 5588 ἀδεκάστῳ
503 5518 662 5589 κριτῇ
690 5515 778 5569 διὰ
796 5517 896 5588 τῆς
929 5516 1206 5587 ἱκετηρίας
1243 5514 1595 5587 προτείνεται,
1623 5516 1679 5567 ὲν
1698 5511 1779 5581 οἷς

200 5610 297 5664 καὶ
325 5608 386 5664 τὺ
429 5610 505 5681 μὴ
535 5605 673 5662 εἶναι
713 5606 849 5662 Θεοῦ
891 5609 1107 5679 μνήμην
1135 5609 1191 5660 ὲν
1232 5605 1309 5675 τῷ
1346 5606 1559 5677 θανάτῳ
1590 5605 1775 5677 ὀδύρεο

277 5788 325 5823 ⁹⁹
358 5789 525 5845 Matth
579 5805 705 5852 xxv,
737 5788 827 5845 '54.
904 5789 918 5820 ³
954 5786 1084 5842 Luc.
1121 5800 1221 5850 xit,
1246 5784 1280 5840 5
1357 5785 1375 5815 '
1398 5781 1543 5842 Psal.
1575 5799 1643 5851 vI,
1667 5784 1704 5838 2
1728 5798 1847 5854 sqq.

1875 4611 2084 4664 cientes
2108 4604 2183 4659 illi
2211 4605 2305 4673 qui
2339 4608 2487 4675 metu
2525 4596 2699 4659 ducti,
2742 4591 3009 4646 malorum
3030 4601 3059 4639 a
3084 4584 3345 4639 societate
3373 4596 3455 4633 ar-

1876 4709 2087 4756 centur.
2119 4697 2231 4751 Hoc
2249 4697 2394 4749 enim
2424 4674 2488 4746 ex
2518 4687 2745 4759 psalmis
2796 4678 3302 4737 animadvertimus.
3334 4674 3457 4741 qui-

1879 4796 1980 4848 bus
2030 4792 2083 4845 in
2133 4786 2492 4856 inscriptione
2535 4779 2828 4853 praeiigitur
2863 4774 3082 4830 Octava:
3130 4783 3372 4828 nomen;
3404 4773 3459 4818 et

1878 4900 2040 4940 voces
2073 4883 2204 4952 ipsa:
2227 4887 2355 4934 sunt
2379 4891 2608 4948 prorsus
2636 4886 2824 4927 eorum
2857 4868 2951 4938 qui
2984 4874 3128 4920 metu
3144 4861 3458 4915 futurorum

1881 4978 2148 5031 malorum
2185 4973 2339 5044 quasi
2388 4969 2751 5039 ilagellantur,
2797 4961 3039 5027 adeoque
3073 4955 3139 5008 ad
3166 4952 3459 5007 commise-

1879 5069 2144 5121 rationem
2169 5042 2328 5117 aures
2357 5060 2604 5115 ﬂectunt.
2637 5056 2726 5110 Ait
2756 5054 2899 5109 enim
2948 5048 3245 5105 terribilem
3278 5042 3344 5096 ad
3374 5042 3460 5111 ju-

1880 5158 2054 5213 dicem
2094 5158 2161 5220 is,
2195 5155 2288 5225 qui
2338 5151 2406 5206 ad
2447 5149 2704 5205 Octavam
2731 5144 2957 5213 respicit
2990 5158 3003 5192 :
3037 5138 3274 5198 Domine,
3317 5150 3379 5187 ne
3406 5134 3460 5185 in

1878 5247 2060 5315 furore
2097 5255 2185 5297 tuo
2220 5258 2413 5313 arguas
2445 5257 2540 5302 me,
2570 5253 2729 5307 neque
2767 5237 2820 5288 in
2868 5238 2951 5286 ira
2983 5242 3075 5284 tua
3117 5226 3462 5295 castigaveris

1886 5356 1983 5394 me.
2000 5337 2250 5392 Miserere
2271 5336 2392 5397 mei,
2422 5332 2661 5395 Domine,
2677 5332 2801 5398 quia
2817 5326 3004 5382 debitis
3032 5340 3147 5378 sum
3165 5338 3183 5376 :
3200 5337 3335 5375 sana
3359 5335 3464 5378 me,

1885 5430 2129 5491 Domine,
2154 5429 2280 5499 quia
2335 5422 2651 5479 conturbata
2699 5432 2819 5475 sunt
2869 5436 2991 5472 ossa
3030 5433 3148 5469 mea
3181 5415 3222 5469 ¹.
3251 5411 3464 5476 Quibus

1888 5522 2025 5576 adde
2047 5529 2245 5575 Caetera
2286 5531 2624 5588 qutecunque
2650 5514 2908 5581 deinceps
2938 5511 3260 5575 incorrupto
3287 5501 3467 5572 iudici

1888 5611 2249 5683 supplicando
2272 5607 2560 5681 proponit:
2585 5606 2729 5661 inter
2752 5611 2949 5660 caetera
2971 5599 3265 5669 deplorans
3296 5593 3469 5649 etiam
