3812 6228
398 301 538 357 1115

1627 301 1685 357 S.
1727 299 2059 357 GREGORII
2089 300 2383 358 NYSSENI

3523 303 3646 359 IIIS

396 409 685 482 boc,quod
718 412 771 464 in
822 418 998 466 morte
1036 411 1184 466 nulla
1215 411 1312 466 Dei
1357 413 1431 466 sit
1467 414 1800 468 recordatio.
1833 412 1970 468 Nam

2091 432 2183 467 ται.
2216 413 2342 477 Πῶς
2391 411 2500 484 γὰρ
2526 412 2593 466 ἃν
2634 413 2718 483 εἴη
2744 413 2966 467 δυνατὸν
3014 415 3129 478 τοῖς
3170 413 3439 486 κλαυθμῷ
3471 432 3531 468 τε
3572 433 3650 470 και

394 506 488 573 qui
527 505 641 562 ﬁeri
674 505 869 574 possit,
906 517 964 559 ut
991 505 1026 559 ii
1055 505 1149 574 qui
1201 505 1268 560 ad
1317 506 1581 576 ejulatum
1632 513 1686 560 et
1730 506 1976 560 dentium

396 597 685 652 stridorem
741 597 1090 651 condemnati
1148 609 1300 664 sunt,
1363 614 1430 653 ex
1465 599 1846 653 recordatione
1883 596 1977 650 Dei

399 690 635 743 ltetitiam
666 690 1009 758 percipiant?
1045 688 1176 742 Nam
1208 691 1318 744 alio
1349 692 1403 745 in
1439 691 1559 744 loco
1591 690 1857 760 Propheta
1889 689 1978 743 di-

397 783 492 845 cit,
528 781 962 834 recordationem
993 777 1084 834 Dei
1120 781 1361 834 laetitiam
1385 782 1625 836 excitare
1645 781 1688 834 ⁸.
1722 780 1845 833 Hth
1877 781 1980 850 igi-

397 877 488 922 tur
516 877 570 922 et
597 869 703 921 alia
740 869 1054 936 hujusmodi
1095 870 1205 924 Deo
1235 887 1549 940 proponens
1595 873 1662 932 is,
1693 873 1786 941 qui
1820 871 1977 926 Octa-

396 974 518 1010 vam
552 958 764 1022 metuit,
805 959 1026 1014 tandem
1073 962 1242 1016 sentit
1275 977 1334 1016 se
1387 962 1778 1017 misericordiae
1810 965 1978 1032 parti-

396 1049 574 1116 cipem
599 1048 736 1109 ﬁeri,
778 1063 902 1102 cum
938 1050 1045 1104 ait:
1071 1049 1330 1103 Exaudfit
1355 1068 1529 1105 vocem
1552 1052 1791 1119 ploratus
1811 1054 1909 1107 mei
1935 1053 1976 1108 ’⁵.

398 1139 535 1191 Cum
587 1147 770 1193 autem
821 1141 981 1195 multi
1044 1143 1208 1196 utiles
1245 1153 1422 1198 metus
1465 1146 1640 1199 sacris
1683 1146 1734 1198 in
1760 1144 1979 1200 Litteris

398 1230 769 1293 declarentur,
825 1241 946 1286 esto
985 1233 1040 1286 in
1073 1234 1162 1288 bis
1189 1236 1376 1301 etiam,
1438 1246 1495 1290 ut
1525 1237 1750 1306 perinde
1784 1252 1846 1291 ac
1881 1254 1979 1292 sex

400 1322 491 1374 illa
523 1322 773 1376 mandata
798 1339 974 1390 usque
1017 1325 1083 1379 ad
1113 1326 1406 1397 decuplum
1443 1337 1788 1392 excrescant,
1818 1330 1893 1383 ita
1923 1339 1980 1383 ut

398 1412 447 1466 is
475 1413 567 1481 qui
599 1428 663 1466 ex
685 1411 1025 1469 Psalmorum
1057 1416 1196 1470 libro
1221 1418 1625 1490 didicerit,quo
1656 1430 1811 1490 pacto
1833 1429 1980 1476 recte

398 1505 524 1572 quis
584 1501 754 1557 Deum
791 1515 1028 1569 metuat,
1067 1509 1324 1562 nimirum
1353 1510 1702 1578 deﬂectenth
1742 1527 1772 1566 a
1812 1515 1976 1578 malo,

401 1606 458 1650 et
493 1597 742 1651 faciendo
792 1601 1031 1653 bonum'I
1065 1619 1076 1654 :
1106 1602 1193 1656 hic
1217 1617 1345 1671 ergo
1399 1619 1510 1658 rem
1567 1605 1736 1659 divini
1774 1614 1974 1670 metus,

400 1690 559 1761 quasi
617 1691 911 1759 quamdam
974 1692 1057 1745 vel
1105 1694 1333 1756 minam,
1373 1695 1458 1748 vel
1499 1695 1784 1758 talentum,
1814 1711 1980 1766 nego-

400 1783 588 1836 tiando
615 1781 798 1836 decies
825 1784 1146 1851 ampliorem
1167 1783 1384 1840 eﬂiciat.
1412 1786 1532 1852 Quo
1555 1787 1664 1850 ﬁet,
1698 1796 1758 1841 ut
1794 1789 1976 1842 anima

403 1875 584 1926 locum
626 1875 873 1945 qregina
910 1877 1207 1929 secundum
1236 1877 1511 1940 obtinens,
1549 1894 1670 1948 qua:
1700 1888 1844 1933 metu
1867 1895 1977 1933 non

399 1966 694 2021 dilectione
748 1968 894 2035 quod
929 1969 1132 2021 bonum
1170 1978 1253 2023 est
1289 1968 1438 2032 facit,
1469 1970 1534 2024 ad
1567 1971 1976 2041 octogenarium

402 2073 578 2127 usque
634 2073 923 2113 numerum
983 2068 1295 2126 excrescat,
1358 2062 1658 2130 quamlibet
1740 2065 1977 2133 speciem

401 2163 618 2212 eorum,
659 2164 781 2217 qua:
812 2163 879 2202 ex
922 2158 1067 2203 metu
1109 2159 1255 2204 recte
1288 2149 1444 2216 (iuuit,
1488 2151 1772 2208 inconfuse
1799 2169 1863 2208 ac
1896 2153 1982 2206 di-

402 2237 605 2292 stincte
653 2237 1061 2304 demonstrans,
1093 2237 1338 2309 adeoque
1374 2241 1464 2294 hic
1492 2250 1685 2296 octava
1719 2257 1846 2296 cum
1888 2243 1982 2297 de-

401 2328 566 2398 cuplo
624 2330 1098 2398 multiplicabitur,
1133 2347 1306 2400 eaque
1344 2334 1556 2387 ratione
1599 2333 1710 2397 illa,
1755 2348 1877 2402 qua:
1917 2349 1980 2386 ex

403 2428 550 2473 metu
586 2420 839 2475 servilem
869 2421 922 2474 in
958 2421 1203 2487 ruodum,
1235 2438 1343 2476 non
1384 2439 1450 2477 ex
1500 2438 1687 2478 amore
1724 2440 1980 2492 sponsam

402 2510 631 2564 decente
676 2509 744 2562 ad
794 2511 997 2588 bonum
1047 2513 1281 2576 accedit,
1315 2513 1623 2566 concubina
1671 2529 1770 2582 pro
1796 2515 1983 2584 regina

403 2599 508 2666 sit;
566 2615 665 2669 per
711 2609 916 2655 metum
951 2601 1186 2667 Octavae,
1211 2619 1371 2672 quem
1401 2604 1466 2657 ad
1491 2607 1782 2675 decuplum
1814 2622 1986 2674 usque

404 2693 523 2747 suis
557 2693 866 2747 actionibus
929 2696 1304 2764 ampliﬁcavit,
1336 2697 1401 2748 ad
1442 2713 1728 2752 numerum
1767 2706 1988 2767 octoge-

403 2786 621 2839 narium
649 2801 822 2856 usque
842 2788 1185 2855 perveniens.
1214 2787 1391 2857 Atque
1422 2789 1565 2842 hanc
1595 2789 1983 2854 concubinam,

403 2880 471 2932 ad
508 2891 720 2949 tempus
749 2883 966 2950 aliquod
1005 2885 1213 2954 spurio.
1254 2901 1362 2939 non
1408 2885 1646 2956 ingenuo
1677 2895 1836 2955 partu
1867 2903 1986 2940 mo—

405 2983 520 3021 rem
554 2969 685 3023 hero
706 2987 808 3025 suo
831 2987 1128 3040 gerentem,
1164 2975 1370 3028 dictum
1416 2976 1556 3031 illud
1589 2977 1833 3030 historiae
1867 2993 1990 3047 per-

2081 505 2312 576 βρυγμῷ
2351 505 2924 575 καταδεδικασμένοις,
2949 505 3048 576 τὴν
3085 508 3150 560 ἐκ
3185 507 3284 578 τῆς
3321 507 3549 578 μνήμης
3571 507 3651 559 τοῦ

2078 595 2212 650 Θεοῦ
2258 595 2597 668 εὐφροσύνην
2640 595 2988 664 ὲγγίνεσθαις
3031 597 3218 660 Οὕτως
3255 597 3507 661 εἰπόντος
3552 598 3654 650 ἑτέ-

2081 687 2214 757 ρωθι
2245 686 2339 740 τοῦ
2372 689 2678 756 Προφήτου,
2710 687 2790 739 ὅτι
2819 690 2853 757 ἡ
2887 688 3074 758 μνήμη
3110 687 3203 740 τοῦ
3217 688 3356 743 Θεοῦ
3395 689 3658 758 εὐφροσύο

2079 798 2174 850 νην
2207 783 2368 833 ποιεῖ.
2405 778 2587 832 Ταῦτα
2619 775 2712 831 οὖν
2736 779 2828 832 καὶ
2866 778 3000 832 ἄλλα
3031 778 3256 831 τοιαῦτά
3279 797 3404 832 τινα
3456 797 3663 849 προτει-

2079 869 2300 937 νόμενος
2325 870 2353 921 ό
2381 866 2630 929 δεδοικὼς
2659 867 2754 938 τὴν
2783 866 3028 936 Ὀγδόην,
3065 868 3122 919 ὲν
3163 867 3417 937 αἰσθήσει
3446 869 3550 936 τῆς
3577 868 3660 920 τοῦ

2078 959 2259 1021 ἐλέους
2284 959 2491 1028 γίνεται
2526 959 2811 1029 μετουσίας
2835 958 3007 1026 λέγων
3031 976 3044 988 ·
3065 959 3147 1010 ὅτι
3185 961 3540 1024 Ε’ὶσήκουσε
3561 958 3660 1026 τῆς

2078 1050 2283 1121 φωνῆς
2329 1051 2434 1105 τοῦ
2479 1050 2788 1121 κλαυθμοῦ
2829 1068 2971 1120 μου.
3007 1050 3224 1103 Πολλῶν
3266 1052 3326 1105 δὲ
3375 1052 3662 1124 μακαρίων

2079 1142 2258 1211 φόϐων
2284 1143 2388 1195 ὑπὸ
2407 1143 2505 1214 τῆς
2531 1143 2694 1211 ἁγίας
2719 1142 3062 1214 δηλουμένων
3084 1143 3330 1214 Γραφῆς,
3362 1144 3452 1215 εἴη
3485 1144 3553 1198 ἂν
3577 1145 3662 1198 καὶ

2078 1234 2172 1286 ἐπὶ
2199 1233 2402 1286 τούτων
2430 1232 2702 1300 ἀναλόγως
2731 1235 2848 1296 ταῖς
2871 1233 2931 1297 ἓξ
2955 1234 3208 1301 ἐντολαῖς,
3235 1237 3268 1304 ἠ
3298 1237 3395 1288 ἐπὶ
3421 1236 3488 1288 τὸ
3513 1237 3661 1288 δεκα-

2080 1323 2304 1376 πλάσιον
2329 1321 2553 1394 αὔξησις
2571 1340 2586 1354 ·
2609 1322 2748 1376 ὥστε
2773 1324 2866 1376 τὸν
2891 1324 3206 1395 διδαχθέντα
3232 1327 3386 1397 παρὰ
3407 1325 3517 1396 τῆς
3536 1327 3660 1396 ψαλ-

2082 1415 2306 1485 μῳδίας,
2331 1416 2447 1478 πῶς
2475 1415 2832 1487 κατορθοῦται
2863 1416 2893 1467 ὁ
2915 1416 3009 1469 τοῦ
3031 1419 3236 1490 Κυρίου
3261 1418 3451 1488 φόϐος,
3484 1422 3551 1472 ἐκ
3575 1420 3658 1472 τοῦ

2079 1508 2322 1562 ἐκκλῖναι
2358 1509 2454 1578 μὲν
2486 1508 2594 1561 ἀπὸ
2632 1508 2824 1572 κακοῦ,
2872 1513 3046 1563 ποιεῖν
3072 1511 3128 1564 δὲ
3171 1514 3240 1566 τὰ
3284 1513 3510 1581 ἀγαθά·
3557 1507 3659 1566 οἷόν

2077 1617 2198 1654 τινα
2227 1602 2382 1670 μνᾶν,
2424 1599 2456 1669 ἢ
2487 1600 2768 1664 τάλαντον,
2795 1600 3223 1657 δεκαπλασιάσαι
3245 1603 3336 1656 διὰ
3365 1605 3471 1674 τῆς
3499 1607 3657 1674 ἐργα-

2081 1693 2202 1756 σίας
2229 1693 2288 1744 τὸ
2326 1692 2514 1763 χρῆμα
2541 1692 2638 1744 τοῦ
2667 1692 2812 1745 θείου
2849 1693 3034 1761 φόϐου.
3074 1695 3184 1748 Καὶ
3210 1694 3386 1756 οὕτως
3416 1697 3520 1766 τὴν
3550 1695 3662 1748 δεν-

2080 1783 2408 1854 τερεύουσαν
2439 1783 2577 1854 μετὰ
2605 1783 2702 1855 τὴν
2732 1783 2978 1854 βασιλίδα
3003 1783 3179 1856 ψυχὴν
3210 1784 3246 1852 ἢ
3268 1786 3422 1856 φόϐῳ
3451 1787 3546 1838 καὶ
3569 1790 3661 1840 οὐκ

2079 1873 2266 1944 ἀγάπῃ
2313 1873 2374 1926 τὸ
2429 1874 2590 1927 καλὸν
2639 1873 3057 1946 κατεργάζεται,
3098 1875 3234 1946 πρὸς
3288 1875 3381 1928 τὸν
3431 1875 3660 1946 ἀριθμόν

2081 1964 2189 2017 τῶν
2223 1965 2552 2035 ὀγδοήκοντα
2593 1966 2980 2036 πλατυνθῆναι,
3009 1967 3235 2020 ἕκαστον
3267 1963 3408 2029 εἶδος
3441 1967 3552 2018 τῶν
3581 1966 3663 2018 διὰ

2080 2057 2242 2126 φόϐου
2273 2056 2721 2127 κατορθουμένων
2748 2059 2840 2110 ἐπὶ
2855 2057 2948 2109 τοῦ
2981 2057 3096 2128 βίου
3121 2056 3319 2126 ἑαυτῆς
3341 2055 3663 2126 ἀσυγχὺτως

2079 2166 2136 2201 τε
2168 2149 2262 2202 καὶ
2288 2150 2718 2221 ἀκεκρυμμένως
2741 2151 3089 2203 δεικνύουσα·
3115 2150 3192 2213 ὡς
3222 2152 3317 2201 καὶ
3345 2151 3441 2201 ἐπὶ
3466 2149 3663 2219 ταύτης

2079 2241 2180 2311 τῆς
2215 2241 2404 2312 ὀγδόης
2436 2241 2611 2310 λόγον,
2644 2244 2711 2312 τῇ
2761 2241 2895 2310 πρὸς
2926 2242 2986 2294 τὸ
3027 2241 3392 2294 δεκαπλάσιον
3441 2240 3662 2310 αὐξήσει

2083 2351 2146 2386 συ
2155 2333 2579 2403 μπλατυνθῆναι,
2601 2333 2694 2386 καὶ
2719 2332 2972 2400 γενέσθαι
2991 2332 3141 2401 φόϐῳ
3157 2331 3414 2400 δουλικῷ,
3434 2333 3530 2384 καὶ
3552 2331 3664 2400 οὐχὶ

2081 2424 2242 2492 ἔρωτι
2273 2423 2526 2493 νυμφικῷ
2573 2423 2651 2493 τῷ
2683 2423 2872 2492 ἀγαθῷ
2918 2423 3413 2494 προσεγγίςυυσαν,
3457 2422 3662 2476 παλλα-

2082 2518 2182 2586 κὴν
2211 2517 2331 2569 ἀντὶ
2360 2517 2456 2586 τῆς
2483 2516 2768 2586 βασιλίδοςο
2791 2516 2878 2568 διὰ
2904 2516 2996 2568 τὸν
3023 2515 3122 2584 τῆς
3141 2514 3372 2586 Ὀγδόης
3405 2512 3590 2583 φόϐον,
3609 2513 3665 2566 δν

2081 2607 2454 2670 δεκαπλασίως
2489 2609 2546 2659 ὲν
2583 2611 2692 2670 τοῖς
2721 2606 3136 2677 κατορθώμασιν
3168 2606 3431 2678 ηὔξησεν,
3470 2608 3552 2668 είς
3577 2606 3664 2658 τὸν

2083 2700 2312 2770 ἀριθμὸν
2357 2699 2711 2753 συντελοῦσαν
2763 2699 2872 2752 τῶν
2920 2700 3271 2770 ὀγδοήκοντα.
3307 2701 3414 2751 Ἦν
3461 2697 3664 2752 κελεύει

2085 2793 2180 2844 καὶ
2211 2795 2239 2845 ό
2279 2793 2374 2861 τῆς
2413 2791 2651 2862 ἱστορίας
2691 2791 2848 2859 λόγος
2877 2790 3037 2861 νόθῳ,
3074 2790 3419 2861 προσκαίρῳ,
3445 2790 3539 2841 καί
3568 2789 3665 2840 οὐκ

2086 2886 2292 2951 εὐγενεῖ
2315 2884 2458 2953 τόκῳ
2499 2884 2940 2954 ὑπηρετήσασαν,
2973 2883 3049 2954 μὴ
3094 2885 3360 2936 συνοικεῖν
3407 2883 3486 2943 εἰς
3516 2879 3665 2941 τέλος

2086 2979 2152 3045 τῇ
2188 2975 2441 3046 βασιλίδι⁹
2472 2974 2548 3038 ὡς
2577 2975 2677 3028 οὐκ
2707 2974 2875 3044 οὔσης
2900 2977 2963 3028 ἐκ
2991 2974 3084 3028 τοῦ
3111 2975 3226 3027 ῖσου
3249 2974 3352 3043 τῆς
3385 2972 3667 3042 βασιλικῆς

407 3068 571 3128 petuo
601 3077 725 3115 cum
787 3065 972 3132 regina
1005 3065 1203 3135 degere
1246 3067 1440 3121 iisdem
1479 3068 1531 3120 in
1560 3068 1771 3122 aedibus
1799 3076 1984 3134 vetat;

2091 3067 2450 3138 κληρονομίας
2475 3069 2540 3138 τῇ
2572 3066 2790 3138 δουλικῇ
2814 3069 2944 3137 γονῇ
2976 3066 3113 3138 πρὸς
3151 3067 3240 3119 τὸν
3273 3065 3564 3134 ἐλεύθερον
3584 3064 3669 3161 τόν

405 3151 550 3218 quod
579 3154 794 3209 servilis
832 3154 972 3210 fetus
1003 3157 1070 3210 ad
1099 3157 1466 3212 haereditatem
1495 3160 1646 3226 regni
1677 3175 1800 3214 cum
1837 3159 1990 3228 inge-

416 3259 526 3295 nuo
574 3254 730 3312 partu
766 3246 888 3313 ejus
926 3263 1022 3317 par
1083 3264 1190 3300 non
1249 3248 1466 3302 habeat.
1524 3247 1744 3316 Ejicito,
1793 3249 1989 3316 inquit,

407 3333 660 3385 ancillam
689 3345 738 3387 et
777 3336 944 3402 ﬁfium
969 3337 1104 3403 ejus.
1128 3336 1240 3391 Nec
1266 3340 1404 3392 enim
1442 3338 1654 3391 aucillw
1683 3338 1827 3406 ﬁlius
1869 3355 1990 3392 cum

407 3427 645 3492 ingenua!
673 3425 787 3494 [ilio
820 3427 1178 3482 lm'redilatem
1210 3429 1376 3482 adibit
1408 3432 1448 3485 θ,
1486 3429 1641 3494 Quod
1679 3429 1722 3484 si
1753 3429 1839 3482 cui
1879 3429 1992 3484 haec

409 3535 764 3573 numerorum
809 3521 861 3574 in
895 3523 1198 3591 propositis
1234 3523 1416 3578 verbis
1449 3522 1822 3577 consideratio
1878 3538 1988 3576 non

408 3610 546 3664 nihil
571 3627 692 3666 esse
717 3613 972 3675 violenta,
1001 3616 1271 3686 quasique
1295 3624 1436 3668 torta
1460 3614 1710 3679 videtur;
1747 3616 1792 3670 is
1823 3616 1986 3670 velim

405 3703 510 3756 sibi
558 3715 776 3760 revocet
812 3708 866 3758 in
921 3719 1180 3768 mentem,
1217 3708 1288 3762 ab
1317 3708 1478 3761 initio
1517 3723 1618 3762 nos
1651 3715 1988 3776 protestatos

407 3809 553 3859 esse,
583 3811 690 3849 non
724 3812 883 3865 posse
912 3797 1198 3850 veritatem
1246 3814 1346 3853 nos
1384 3799 1439 3851 in
1500 3800 1604 3852 hoc
1657 3813 1855 3868 genere
1903 3812 1991 3852 as—

2095 3167 2213 3211 κον.
2239 3157 2496 3209 Ἔκϐαλε
2511 3153 2638 3222 γὰρ,
2658 3171 2728 3222 φη
2737 3153 2807 3218 σὶ,
2823 3152 2938 3221 τὴν
2957 3151 3289 3218 παιδίσκην
3306 3151 3407 3203 καὶ
3421 3151 3530 3204 τόν
3543 3149 3672 3204 υιὸν

2095 3246 2305 3316 αὐτῆς.
2331 3249 2411 3300 Οὐ
2425 3246 2532 3315 γὰρ
2550 3246 2632 3315 μὴ
2665 3243 3091 3314 κληρονομήσῃ
3115 3248 3148 3298 ό
3187 3243 3319 3309 υἱός
3347 3243 3461 3310 τῆς
3482 3243 3671 3296 παιδί-

2094 3355 2252 3407 σκης
2259 3339 2410 3410 μετὰ
2434 3338 2538 3392 τοῦ
2561 3339 2690 3392 υἱοῦ
2707 3337 2817 3405 τῆς
2842 3337 3178 3404 ἐλευθέρας.
3195 3337 3256 3388 Εἰ
3277 3336 3336 3388 δέ
3364 3353 3474 3388 τινι
3505 3335 3674 3404 βιαιο-

2089 3433 2223 3503 τέρα
2277 3431 2524 3500 φαίνεται
2575 3432 2608 3500 ἡ
2657 3432 2736 3492 εἰς
2783 3428 2876 3482 τὸν
2921 3429 3273 3500 προκείμενον
3319 3431 3435 3492 τοῖς
3489 3428 3672 3499 putat;

2092 3522 2322 3594 ἀριθμὸν
2351 3522 2570 3594 θεωρία,
2595 3519 2993 3592 ἀναμνησθήτω
3025 3522 3107 3573 ὅτι
3133 3521 3226 3573 καὶ
3257 3521 3376 3573 κατ’
3411 3520 3590 3590 ἀρχὰς
3615 3519 3674 3570 τὺ

2097 3615 2171 3685 μὴ
2202 3613 2455 3668 δύνασθαι
2487 3616 2666 3684 τυχεῖν
2692 3613 2786 3682 τῆς
2817 3615 2874 3667 ἐν
2903 3612 3110 3675 τούτοις
3138 3611 3390 3682 ἀληθείας
3426 3612 3675 3680 ἐμαρτυ-

2097 3703 2325 3776 ράμεθα,
2361 3702 2611 3756 τοσοῦτον
2647 3703 2804 3774 μόνον
2839 3703 3099 3772 ἅψασθαι,
3130 3705 3254 3756 ὅσον
3299 3704 3376 3774 μὴ
3417 3703 3675 3773 ἀγύμνα-

2102 3813 2200 3848 στα
2233 3795 2352 3848 καθ’
2385 3795 2504 3847 ὅλου
2539 3794 2916 3865 παραδραμεῖν
2936 3795 3003 3849 τὰ
3033 3795 3350 3864 αἰνίγματα.

411 3891 591 3957 sequi,
646 3905 710 3943 ac
749 3900 1038 3960 propterea
1094 3893 1174 3946 sic
1205 3894 1486 3964 attigimus
1521 3893 1637 3948 lucc
1683 3897 1994 3964 aenigmata,
2035 3899 2094 3945 ut
2150 3906 2218 3945 ne
2270 3905 2500 3961 prorsus
2561 3891 2712 3944 nullo
2745 3891 2998 3961 impenso
3045 3890 3226 3946 studio
3297 3890 3676 3962 praetermitte-

410 3989 618 4037 rentur.

498 4072 604 4127 Sed
645 4081 823 4129 tamen
881 4075 927 4130 si
983 4074 1206 4130 dilectio
1260 4075 1743 4146 (quemadmodum
1784 4074 1986 4128 alicubi

411 4168 777 4238 perscriptum
831 4169 935 4235 est)
975 4170 1132 4239 plane
1179 4169 1396 4224 tandem
1454 4178 1657 4224 metum
1707 4168 1889 4238 ejiciat
1944 4167 1988 4229 ",

415 4267 770 4329 mutatusque
823 4268 1000 4315 metus
1043 4261 1263 4316 dilectio
1304 4261 1431 4328 ﬁat;
1482 4271 1596 4316 tum
1646 4275 1778 4316 vero
1807 4260 1989 4314 unitas

2161 4071 2310 4142 Πλὴν
2355 4070 2404 4123 εί
2437 4067 2541 4134 ἔξω
2586 4069 2734 4140 βάλοι
2766 4071 2858 4123 τὸν
2901 4070 3066 4138 φόϐον
3111 4072 3144 4140 ἡ
3189 4071 3377 4142 ἀγάπη
3430 4074 3675 4138 talem,

2091 4161 2233 4215 κατὰ
2275 4160 2336 4214 τδ
2383 4161 2785 4231 γεγραμμένον,
2823 4160 2917 4212 καὶ
2970 4161 3356 4230 μετα-ποιηθεὶς
3410 4164 3442 4216 ὁ
3492 4164 3674 4233 φόϐος,

2092 4253 2282 4322 ἀγάπη
2312 4251 2556 4318 γένοιτο·
2605 4251 2728 4304 τότε
2771 4249 3084 4320 εὑρίσκεται
3117 4250 3282 4321 μονὰς
3326 4251 3390 4304 τὸ
3429 4254 3674 4322 σωζόμε-

413 4366 538 4408 esse
579 4353 881 4421 reperietur
913 4353 986 4415 id,
1019 4353 1161 4422 quod
1197 4353 1430 4409 salutem
1461 4353 1840 4422 consequitur,
1869 4366 1985 4406 om-

2094 4363 2204 4408 vov,
2233 4345 2290 4396 ὲν
2322 4345 2387 4414 τῇ
2423 4344 2558 4412 πρὸς
2611 4342 2668 4395 τὺ
2709 4341 2866 4412 μόνον
2909 4341 3110 4410 ἀγαθὸν
3154 4342 3422 4413 συμφυῖα,
3459 4345 3675 4398 πάντων

415 4445 577 4498 nibus
609 4445 750 4499 inter
780 4462 838 4500 se
866 4447 1037 4499 unitis
1076 4447 1130 4499 in
1182 4446 1649 4517 conglutinatione
1705 4460 1827 4498 cum
1881 4459 1992 4498 uno

415 4549 479 4588 ac
510 4536 626 4589 solo
656 4537 822 4602 bono,
859 4552 958 4606 per
988 4537 1134 4590 illam
1189 4552 1310 4606 quae
1345 4537 1398 4589 in
1434 4536 1684 4589 columba
1703 4543 1786 4590 est
1815 4535 1994 4604 perfe-

415 4625 673 4679 ctionem.
692 4625 825 4680 Nam
852 4626 1163 4696 hujusmodi
1188 4627 1445 4696 quiddam
1468 4644 1534 4682 ex
1559 4627 1738 4681 verbis
1762 4641 1996 4695 sequen-

414 4719 564 4773 tibus
591 4720 968 4789 intelligimus,
1000 4735 1125 4773 cmn
1159 4720 1235 4773 ait
1264 4738 1276 4773 ι
1316 4719 1430 4773 Una
1460 4728 1536 4773 est
1569 4719 1807 4772 columba
1860 4736 1995 4782 mea,

413 4808 647 4876 perfecta
674 4827 806 4864 mea.
847 4807 1014 4863 Unica
1041 4821 1119 4864 est
1143 4812 1301 4863 matri
1335 4827 1467 4870 sua).
1528 4811 1693 4864 electa
1754 4811 1838 4864 illi
1881 4827 1998 4878 qua:

415 4902 609 4963 peperit
637 4918 774 4956 eam.
810 4902 985 4971 Atque
1010 4902 1114 4955 hoc
1143 4902 1197 4956 iu
1223 4901 1514 4971 Evangelio
1547 4918 1643 4973 per:
1667 4917 1850 4957 vocem
1886 4901 1992 4954 Do-

415 4991 548 5043 mini
587 4992 747 5046 nobis
778 4991 1050 5046 illusrius
1083 4991 1416 5046 declaratur.
1451 4991 1663 5046 Etenim
1698 4992 1789 5046 iile
1823 4991 1994 5045 bene-

417 5081 651 5146 dicendo
677 5084 782 5135 vim
807 5098 1023 5137 omnem
1055 5082 1343 5151 discipulis
1376 5082 1492 5137 suis
1523 5082 1834 5146 conferens,
1868 5097 1992 5135 cum

417 5174 522 5226 alia
580 5175 717 5226 bona
771 5175 953 5229 verbis
995 5175 1126 5233 illis.
1181 5174 1380 5243 quibus
1427 5172 1493 5226 ad
1527 5171 1740 5226 Patrem
1796 5172 1993 5234 utitur,

417 5265 610 5317 tribuit
637 5265 817 5335 dignis
841 5286 856 5321 :
885 5277 998 5319 tum
1021 5267 1185 5320 etiam
1220 5265 1368 5319 addit
1404 5265 1526 5327 hoc,
1555 5265 1700 5334 quod
1723 5265 1992 5319 bonorum

417 5365 585 5422 caput
633 5373 694 5411 ac
728 5374 940 5412 summa
973 5369 1078 5417 est.
1118 5373 1227 5412 non
1274 5357 1509 5426 amplius
1537 5371 1634 5411 eos
1667 5358 1726 5408 in
1767 5356 1997 5410 diversi-

421 5455 535 5500 tate
567 5449 798 5516 quadam
840 5450 1192 5507 electionum.
1227 5448 1602 5516 multipliciter
1639 5447 1848 5501 divisos
1882 5446 1996 5499 fore

425 5537 481 5590 in
510 5536 757 5594 faciendo
795 5540 863 5595 dc
897 5542 1041 5596 bono
1062 5541 1272 5609 judicio
1294 5584 1307 5606 ,
1353 5541 1447 5596 sed
1478 5555 1669 5596 omnes
1713 5555 1882 5595 unum
1915 5539 1999 5592 l'u-

2094 4437 2340 4506 ἁλλήλοις
2392 4433 2716 4501 ἑνωθέντων,
2750 4433 2840 4487 διὰ
2880 4434 2980 4505 τῆς
3013 4434 3154 4487 κατὰ
3195 4434 3292 4505 τὴν
3343 4437 3676 4508 περιστερὰν

2093 4527 2443 4596 τελειότητος.
2478 4523 2729 4578 Τοιοῦτον
2769 4526 2876 4597 γάρ
2907 4543 2960 4578 τι
2998 4525 3222 4596 νοοῦμεν
3253 4526 3319 4578 ὲκ
3349 4525 3446 4578 τοῦ
3485 4528 3677 4596 ἐφεξῆς

2093 4620 2274 4687 λόγου,
2301 4621 2358 4682 ὃς
2390 4634 2583 4687 φησιν’
2618 4619 2699 4670 ὅτι
2729 4619 2846 4670 Μία
2874 4617 3007 4670 ἐστὶ
3046 4616 3368 4685 περιστερὰ
3408 4637 3553 4686 μου.
3586 4637 3676 4672 τε-

2094 4711 2227 4765 λειά
2255 4727 2394 4778 μου.
2436 4708 2556 4761 Μία
2586 4707 2717 4761 ἐστὶ
2759 4707 2834 4775 τῇ
2889 4708 3071 4777 μητρὶ
3101 4708 3310 4777 αὐτῆς,
3354 4709 3674 4776 ἐκλεκτική

2096 4803 2228 4854 ἐστι
2265 4796 2340 4868 τῇ
2382 4798 2643 4865 τεκούσῃ
2685 4796 2898 4862 αὐτὴν.
2933 4799 3109 4868 Ὅπερ
3155 4800 3210 4850 ἐν
3241 4798 3318 4867 τῷ
3359 4799 3678 4867 Εὐαγγελὲῳ

2097 4892 2182 4944 διὰ
2216 4891 2316 4960 τῆς
2341 4889 2432 4943 τοῦ
2466 4889 2669 4960 Κυρίου
2719 4889 2902 4959 φωνῆς
2936 4889 3261 4958 σαφέστερον
3287 4888 3674 4958 ἑρμηνεύεται.

2099 4985 2285 5037 Πᾶσαν
2314 4983 2423 5052 γὰρ
2454 4983 2567 5044 τοῖς
2597 4979 2861 5050 μαθηταῖς
2889 4979 3083 5033 ἑαυτοῦ
3109 4980 3392 5032 ἐναποτιθέ
3401 4997 3565 5050 μενος
3591 4979 3677 5032 διὰ

2098 5078 2197 5147 τῆς
2245 5077 2490 5145 εὐλογίας
2519 5077 2767 5142 δύναμιν,
2793 5076 2862 5128 τά
2887 5091 2947 5126 τε
2987 5073 3122 5126 ἄλλα
3158 5072 3245 5125 διὰ
3277 5071 3385 5124 τῶν
3416 5071 3556 5141 πρὸς
3589 5071 3678 5124 τδν

2103 5172 2320 5242 Πατέρα
2348 5171 2522 5239 λόγων
2551 5170 2732 5239 ἁγαθά
2763 5171 2874 5231 τοῖς
2907 5169 3081 5234 ἁγίοις
3113 5163 3417 5236 χαρίζεται,
3453 5163 3678 5234 προσ-τί-

2102 5263 2225 5332 θησι
2255 5261 2310 5315 δὲ
2349 5261 2457 5314 τῶν
2479 5260 2696 5328 ἀγαθῶν
2730 5260 2791 5312 τὸ
2826 5257 3136 5326 κεφάλαιον,
3165 5256 3222 5308 τὸ
3251 5253 3446 5324 μηκέτι
3479 5253 3680 5313 αὐτοὺς

2101 5357 2158 5407 ὲν
2185 5355 2411 5424 διαφορᾷ
2454 5371 2557 5406 τινι
2596 5351 2964 5423 προαιρέσεων
2994 5349 3052 5400 ὲν
3094 5349 3159 5417 τῇ
3192 5347 3320 5417 περὶ
3364 5343 3458 5396 τοῦ
3511 5340 3678 5396 καλοῦ

2103 5446 2282 5517 κρίσει
2314 5445 2553 5514 πολλαχῇ
2585 5440 2986 5512 διασχίζεσθαιο
3025 5439 3139 5492 ἀλλ’
3167 5437 3223 5489 ἓν
3259 5435 3520 5504 γενέσθαι
3555 5436 3681 5491 τοὺς

2105 5539 2329 5602 πάντας,
2355 5534 2435 5606 τῷ
2478 5535 2559 5588 ἑνὶ
2601 5535 2694 5588 καὶ
2727 5532 2872 5603 μόνῳ
2899 5528 3085 5599 ἀγαθῷ
3128 5527 3509 5598 συμφυένταςο
3540 5522 3680 5576 ὥστε

505 5720 528 5750 ³
563 5719 704 5774 Psal.
737 5735 921 5785 turi,
956 5722 1006 5774 .l.
1083 5720 1105 5752 ⁸
1140 5720 1282 5776 Psal.
1315 5739 1386 5786 vi,
1415 5723 1465 5779 9.
1544 5723 1563 5754 '
1595 5719 1740 5778 Psal.
1771 5736 1964 5784 xxxur,
2003 5717 2065 5773 l5
2162 5718 2181 5747 ⁸
2214 5718 2347 5772 ϐίη.
2373 5733 2483 5781 ιιι,
2517 5715 2617 5780 1ος
2659 5711 2776 5768 Gal.
2805 5727 2876 5775 Iv,
2911 5708 2998 5764 30.
3078 5707 3141 5761 ⁷1
3181 5705 3336 5762 ³0³11-
3372 5720 3449 5763 ιν.
3483 5705 3572 5758 '3-
