3812 6228
241 339 380 394 Hl'l

1251 335 1320 392 IN
1369 336 1668 394 CANTICA
1694 334 1966 392 CANTIC.
2002 335 2284 394 HOMILIA
2324 339 2439 394 XV.

3342 339 3484 395 1118

233 451 327 506 διὰ
355 451 450 522 τῆς
476 449 568 503 τοῦ
609 449 921 520 Πνεῦματος
961 449 1054 504 τοῦ
1101 453 1258 520 ἁγίου
1304 452 1574 523 ἐνότητος,
1625 450 1806 513 καθώς

1910 463 2086 519 turos,
2119 455 2210 508 uni
2247 454 2323 508 illi
2366 468 2430 508 ac
2463 452 2564 508 soli
2601 453 2743 508 bono
2781 453 3148 523 agglutinatos
3174 473 3187 509 :
3211 454 3284 508 ita
3310 464 3363 508 ut
3386 469 3484 516 per

235 560 402 612 φησιν
433 543 462 594 ὀ
499 541 838 605 Ἀπόστολος,
869 541 946 613 τῷ
993 543 1274 613 συνδέσμῳ
1313 543 1414 611 τῆς
1445 544 1665 613 εἰρήνης
1691 543 1809 594 δια-

236 632 617 702 σφιγχθέντας,
653 632 711 686 ἓν
735 633 892 704 σῶμα
923 633 1171 702 γενέσθαι
1199 637 1324 697 τοὺς
1365 636 1592 697 πάντας,
1630 634 1721 686 καὶ
1753 634 1810 685 ἓν

236 720 473 791 πνεῦμα,
498 721 585 775 διὰ
605 725 733 792 μιᾶς
763 723 972 786 ἐλπίδος
990 725 1067 787 είς
1094 724 1161 793 ἣν
1182 723 1510 794 ἐκλήθησαν.
1535 722 1749 776 Βέλτιον
1763 723 1808 776 δ’

233 811 300 862 ἂν
331 813 413 884 εἴη
459 814 627 877 αὑτὰς
655 815 748 868 ἐπὶ⁸
790 816 985 879 λέξεως
1019 816 1357 886 παραθέσθαι
1411 817 1510 879 τάς
1539 815 1688 877 θείας
1714 813 1808 867 τοῦ

235 903 566 972 Εὑαγγελίου
593 908 791 974 φωνάς.
824 908 946 961 Ἵνα
967 909 1188 974 πάντες
1213 907 1283 961 ἓν
1305 903 1457 962 ὦσιν
1481 906 1673 972 καθὼς
1701 907 1806 968 σὺ,

232 995 448 1064 Πάτερ,
482 997 552 1050 ἐν
589 999 738 1068 ἐμοὶ,
787 999 948 1068 κάγὼ
977 1001 1047 1052 ἐν
1077 1001 1214 1054 σοί·
1240 1001 1340 1052 ἵνα
1379 1000 1478 1053 καὶ
1521 1000 1689 1053 αὐτοὶ
1738 998 1810 1051 ἓν

231 1081 362 1139 ὦσι.
402 1088 474 1139 Τὸ
499 1087 554 1140 δὲ
597 1089 902 1143 συνδετικὸν
931 1092 1030 1161 τῆς
1073 1091 1324 1161 ἐνότητος
1363 1091 1648 1161 ταύτης,ἠ
1684 1089 1808 1154 δόξα

235 1176 390 1228 ἐστί·
421 1178 576 1242 δόξαν
609 1179 665 1232 δὲ
691 1179 939 1248 λέγεσθαι
967 1182 1028 1234 τὸ
1069 1181 1293 1252 Πνεῦμα
1326 1182 1385 1234 τὸ
1411 1181 1586 1249 ἅγιον,
1617 1183 1716 1233 οὐκ
1744 1182 1808 1236 ἄν

232 1285 319 1332 τις
356 1269 466 1324 τῶν
497 1273 921 1342 ἐπεσκεμμένων
945 1273 1208 1332 ἀντείποι,
1244 1272 1380 1342 πρὸς
1406 1273 1576 1336 αύτάς
1599 1272 1807 1342 βλέπων

231 1357 334 1421 τὰς
366 1359 462 1411 τοῦ
500 1362 704 1433 Κυρίου
735 1364 935 1432 φωνάς.
968 1361 1092 1430 Τὴν
1119 1362 1308 1426 δόξαν
1335 1361 1463 1432 γὰρ,
1512 1362 1695 1432 φησιν,
1729 1359 1808 1426 ἢν

229 1446 462 1513 ἔδωκάς
480 1467 601 1518 μοι,
623 1451 851 1505 δέδωκα
873 1452 1096 1518 αὐτοῖς.
1127 1453 1336 1506 Ἔδωκε
1362 1451 1470 1521 γὰρ
1493 1452 1568 1515 ὠς
1591 1451 1808 1522 ἀληθῶς

231 1538 345 1597 τοῖς
385 1539 650 1608 μαθηταῖς
673 1539 927 1612 τοιαύτην
953 1541 1130 1606 δόξαν,
1156 1544 1184 1594 ό
1203 1541 1371 1595 εἰπὼν
1412 1541 1546 1612 πρὸς
1573 1541 1768 1598 αὐτούς
1790 1557 1803 1571 ο

230 1627 455 1682 Λάϐετε
484 1630 724 1700 Πνεῦμα
743 1631 933 1702 ἅγιον.
966 1633 1162 1688 Ἐλαῦε
1187 1635 1242 1689 δὲ
1280 1635 1479 1706 ταύτην
1507 1633 1604 1704 τὴν
1625 1633 1804 1699 δόξαν,

231 1719 300 1788 ἢν
329 1720 558 1774 πάντοτε
589 1717 703 1792 εἶχε
732 1724 837 1794 πρὸ
858 1724 951 1777 τοῦ
980 1725 1070 1778 τὸν
1110 1727 1313 1796 κόσμον
1341 1721 1499 1786 εἶναι.
1524 1726 1552 1778 ὁ
1588 1727 1686 1796 τὴν
1714 1726 1805 1777 ἁν-

231 1783 510 1878 θρωπίνην
541 1783 702 1879 φύσίν
735 1783 1310 1886 περιϐαλλόμενοςίῆς
1345 1783 1690 1885 δοξασθείσης
1716 1814 1805 1866 διὰ
1837 1783 1880 1843 Β

230 1899 324 1951 τοῦ
348 1898 680 1968 Πνεύματος,
716 1905 807 1956 ἐπὶ
831 1906 938 1958 πᾶν
961 1905 1024 1958 τὸ
1063 1907 1319 1974 συγγενὲς
1345 1909 1378 1978 ἡ
1410 1908 1507 1976 τῆς
1534 1907 1689 1976 δόξης
1712 1905 1804 1958 τοῦ

230 1993 277 2042 Π
293 1992 548 2061 ιεύματος
571 1994 801 2058 διάδοσις
825 1996 1051 2065 γίνεται,
1087 2001 1194 2054 ἀπὸ
1227 2001 1333 2053 τῶν
1365 2000 1621 2070 μαθητῶν
1642 2000 1808 2071 ἀρξα-

231 2080 395 2149 μένη.
425 2082 522 2134 Διά
557 2081 714 2136 τοῦτό
752 2102 916 2155 φησι·
963 2087 1080 2155 Τὴν
1106 2088 1295 2153 δόξαν
1322 2089 1403 2156 ἢν
1428 2089 1656 2154 ἔδωκάς
1677 2108 1802 2158 μοι,

227 2173 462 2227 δέδωκα
474 2175 694 2241 αὐτοῖς.
707 2177 836 2232 Ἵνα
851 2172 1002 2231 ὦσιν
1019 2178 1109 2244 ἐν,
1124 2180 1319 2244 καθὼς
1334 2181 1503 2249 ἡμεῖς
1513 2180 1582 2233 ἐν
1597 2182 1802 2250 ἐσμεν.

241 2269 393 2336 Ἐγὼ
411 2269 481 2322 ὲν
502 2270 725 2335 αὐτοῖς,
762 2270 859 2324 καὶ
881 2270 965 2323 σὺ
993 2270 1062 2322 ἐν
1087 2270 1234 2338 ἐμοὶ,
1265 2271 1364 2322 ἵνα
1387 2265 1498 2323 ὦσι
1523 2273 1807 2323 τετελειωο

221 2360 400 2429 μένοι
441 2363 529 2424 εις
553 2361 620 2414 τὸ
651 2361 739 2415 ἓν.
783 2362 843 2414 Ὁ
871 2361 1048 2414 τοίνυν
1077 2363 1140 2413 ἐκ
1177 2361 1276 2430 μὲν
1318 2361 1510 2432 νηπίου
1555 2361 1689 2432 πρὸς
1715 2362 1807 2414 ἄν·

224 2451 329 2521 δρα
360 2452 564 2506 τέλειον
596 2451 920 2522 ἀναδραμὼν
954 2451 1040 2505 διὰ
1079 2453 1180 2524 τῆς
1209 2452 1507 2523 αὐξήσεως,
1545 2453 1637 2504 καὶ
1672 2451 1806 2520 φθά-

227 2561 329 2608 σας
362 2545 442 2606 είς
468 2543 529 2596 τδ
554 2546 747 2614 μέτρον
769 2545 867 2614 τῆς
894 2544 1091 2615 νοητῆς
1117 2544 1356 2616 ἡλικίας,
1381 2546 1445 2597 ἐκ
1473 2543 1529 2596 δὲ
1558 2544 1656 2613 τῆς
1693 2543 1807 2596 δού-

223 2635 324 2706 λης
353 2653 415 2688 τε
457 2637 549 2688 καὶ
583 2638 680 2702 τῆς
711 2635 1034 2700 παλλακίδος
1074 2634 1173 2706 τὴν
1213 2635 1310 2706 τῆς
1353 2633 1625 2704 βασιλείας
1651 2631 1806 2696 ἀξίαν

229 2729 584 2800 μεταλαϐών·
629 2729 878 2792 δεκτικὸς
919 2729 976 2781 δὲ
1021 2730 1119 2800 τῆς
1164 2729 1258 2781 τοῦ
1302 2723 1615 2798 Πνεύματος
1646 2727 1807 2798 δόξης

225 2821 518 2889 γενόμενος
540 2818 607 2871 δι’
641 2818 906 2882 ἀπαθείας
939 2821 1030 2872 καὶ
1062 2818 1448 2890 καθαρότητος,
1476 2811 1631 2882 οὗτός
1663 2821 1805 2872 ἐστιν

225 2912 259 2979 ἠ
293 2909 476 2962 τελεία
507 2910 826 2979 περιστερὰ,
870 2909 1006 2978 πρὸς
1035 2909 1099 2979 ἢν
1125 2910 1154 2961 ὁ
1182 2907 1412 2976 νυμφίος
1450 2909 1555 2978 ὁρᾷ
1601 2907 1801 2974 λέγων·

223 2997 306 3050 ὅτι
340 2998 460 3050 Μία
480 2996 610 3049 ἐστὶ
632 2996 951 3064 περιστερά
965 3015 1106 3066 μου,
1139 2999 1339 3052 τελεία
1366 2997 1503 3066 μοῦ.
1533 2997 1652 3050 Μιά
1674 2995 1806 3050 ἐστὶ

223 3087 303 3156 τῇ
331 3088 512 3158 μητρὶ
546 3088 757 3155 αὐτῆς,
790 3086 1107 3154 ἐκλεκτική
1143 3089 1274 3141 ἐστι
1304 3087 1378 3155 τῇ
1407 3087 1671 3154 τεκούσῃ
1698 3087 1804 3140 αὑ·
1835 3127 1876 3181 C

223 3177 366 3246 τήν.
398 3179 512 3230 Ούκ
543 3177 842 3247 ἀγνοοῦμεν
876 3177 931 3231 δὲ
963 3179 1181 3240 πάντως
1211 3178 1309 3247 τὴν
1343 3179 1556 3248 μητέρα
1583 3179 1680 3248 τῆς
1711 3196 1808 3230 πε-

228 3269 507 3338 ριστερᾶς,
537 3269 600 3320 ἐκ
623 3267 716 3320 τοίἳ
744 3268 956 3339 καρποῦ
979 3268 1038 3321 τὸ
1061 3267 1274 3339 δένδρον
1301 3269 1684 3340 γνωρίσαντες.
1722 3269 1808 3334 Ὠς

224 3359 339 3430 γὰρ
365 3359 650 3431 ἄνθρωπον
679 3359 1025 3429 θεασάμενοι,
1070 3359 1129 3423 ἐξ
1166 3357 1451 3430 ἀνθρώπου
1480 3360 1643 3415 αὑτὸν
1669 3356 1807 3413 εἶναι

225 3451 330 3503 οὐκ
360 3450 801 3521 ἀμφιϐάλλομεν·
833 3450 974 3504 οὓτω
1001 3451 1096 3504 καὶ
1128 3451 1225 3520 τῆς
1261 3451 1526 3522 ἐκλεκτῆς
1558 3469 1809 3523 περιστε-

228 3544 334 3612 ρᾶς
363 3543 461 3612 τὴν
493 3545 700 3612 μητέρα
738 3541 1042 3611 ζητοῦντες,
1069 3542 1170 3595 οὐκ
1209 3543 1375 3613 ἀλλην
1424 3543 1545 3598 τινὰ
1583 3544 1616 3616 ἢ
1663 3545 1808 3598 ἐκεί-

226 3653 328 3706 νην
365 3635 464 3704 τὴν
498 3633 824 3704 περιστερὰν
852 3635 1174 3703 ἐνοήσαμεν.
1208 3633 1298 3704 Τῷ
1329 3635 1436 3706 γὰρ
1473 3636 1646 3706 τέκνῳ
1669 3637 1808 3690 πάν-

224 3745 340 3790 τως
377 3729 410 3796 ὴ
453 3726 545 3780 τοῦ
587 3727 972 3798 γεγεννηκότος
1012 3729 1388 3800 ἐπιθεωρεῖται
1433 3729 1612 3798 φύσις.
1661 3731 1810 3783 Ἐπεὶ

226 3817 325 3871 οὖν
351 3818 412 3870 τὸ
433 3835 660 3889 γεγεπινη
671 3818 830 3888 μένον
863 3821 927 3872 ἐκ
948 3818 1040 3872 τοῦ
1068 3819 1206 3872 Πνεύ
1215 3837 1382 3889 ματος
1405 3819 1629 3890 Πνεῦμά
1655 3822 1769 3873 ἐστι
1790 3839 1802 3851 ·

227 3910 532 3983 περιστερά
557 3910 613 3964 δὲ
649 3912 710 3963 τὸ
749 3911 968 3965 τέκνον·
1027 3912 1326 3983 περιστερά
1357 3912 1414 3964 δέ
1457 3913 1673 3976 πάντως
1713 3916 1806 3970 καὶ

227 4005 262 4073 ἠ
291 4003 391 4056 τοῦ
441 4004 630 4056 τέκνου
667 4004 851 4075 μήτηρ
897 4005 1064 4064 ἐστὶν,
1097 4006 1130 4074 ή
1177 4004 1272 4056 ἐπὶ
1319 4002 1409 4056 τὸν
1452 4004 1718 4075 Ἰορδάνην
1751 4005 1810 4069 ἐξ

229 4092 482 4164 οὐρανῶν
509 4096 851 4160 καταπτᾶσα,
886 4093 1068 4158 καθὼς
1113 4095 1363 4164 Ἰωάννης
1395 4095 1527 4165 φησὶ
1554 4095 1647 4148 κα)⁸
1670 4113 1812 4167 μαρ-

228 4187 475 4259 τύρεται.
507 4185 722 4256 Ταύτην
779 4187 1173 4265 μακαρίζουσιν
1222 4187 1280 4240 ai
1318 4187 1575 4251 νεάνιδες,
1605 4189 1810 4260 ταύτην

230 4278 448 4331 αίνοῦσι
504 4277 774 4330 παλλακαὶ
827 4278 919 4330 καὶ
980 4277 1308 4347 βασίλισσαι.
1360 4275 1547 4340 Κοινὸς
1597 4278 1706 4350 γὰρ
1745 4281 1810 4332 ἐκ

233 4371 434 4434 παντὸς
471 4369 748 4440 τάγματος
773 4369 1054 4440 πρόκειται
1082 4371 1280 4434 πάσαις
1312 4375 1430 4434 ταῖς
1453 4370 1652 4442 ψυχαῖς
1687 4372 1810 4443 δρό-

1913 549 2176 601 unitatem
2201 547 2382 602 sancti
2416 547 2645 615 spiritus
2671 545 3152 617 (quemadmodum
3185 546 3483 615 Apostolus

1911 640 2006 708 ait)
2031 638 2178 707 pacis
2201 639 2482 692 constricti
2510 654 2674 701 nexu,
2699 651 2897 705 corpus
2924 651 3092 689 unum
3118 636 3479 698 ﬁantomnes,

1909 741 1962 787 et
1996 747 2140 786 unus
2179 731 2428 800 spiritus,
2473 745 2568 800 per
2618 746 2765 798 spem
2807 744 2992 789 unam,
3025 729 3079 782 in
3107 743 3270 798 quam
3303 728 3480 780 vocati

1909 825 2018 880 sint
2050 825 2092 877 ⁸.
2131 823 2420 878 Enimvero
2485 825 2691 877 rectius
2736 822 3062 882 fect-rimus,
3113 821 3160 874 si
3211 820 3279 874 de
3317 820 3484 872 verbo

1910 917 1976 971 ad
2010 918 2235 972 verbum
2266 918 2412 984 ipsas
2436 915 2708 983 Evangelii
2735 915 2949 968 divinas
2965 929 3098 968 sane
3123 928 3286 967 voces
3314 927 3483 982 appo-

1908 1010 2200 1063 suerimus.
2243 1006 2306 1060 Ut
2335 1023 2531 1068 omnes,
2569 1005 2765 1074 inquit,
2823 1006 2925 1057 sint
2953 1001 3484 1072 unum,quemadmo—

1908 1104 2032 1156 dum
2065 1111 2140 1162 tu,
2182 1101 2254 1153 mi
2293 1099 2473 1162 Pater,
2503 1099 2558 1150 in
2586 1115 2664 1150 me
2696 1113 2771 1161 es,
2801 1105 2848 1149 et
2880 1113 2969 1166 ego
3001 1097 3052 1147 in
3079 1105 3126 1148 te
3161 1110 3178 1148 :
3208 1105 3262 1146 ut
3289 1103 3337 1148 et
3377 1093 3481 1159 ipsi

1908 1209 2070 1248 unum
2124 1193 2232 1245 sint
2265 1192 2317 1244 in
2356 1189 2504 1244 nobis
2531 1192 2572 1243 ⁹.
2604 1187 2779 1256 Hujus
2805 1194 2986 1239 autem
3048 1185 3276 1238 unitatis
3308 1200 3483 1240 nexus

1907 1292 1992 1341 est
2024 1283 2212 1354 gloria.
2254 1279 2515 1349 Spiritum
2538 1289 2717 1333 autem
2775 1286 3027 1334 sanctum
3058 1275 3320 1344 appellari
3367 1275 3483 1345 glo-

1907 1375 2069 1432 riam.
2103 1386 2262 1426 nemo
2285 1369 2698 1439 prudentiorum
2749 1367 2986 1435 negabit,
3016 1368 3063 1421 si
3115 1367 3233 1436 ipsa
3268 1364 3480 1418 Domini

1905 1467 2070 1520 verba
2096 1463 2416 1522 intuebitur,
2448 1476 2570 1512 cum
2605 1459 2679 1512 ait
2731 1478 2744 1512 :
2804 1458 3043 1512 Gloriam
3087 1474 3244 1527 quam
3287 1456 3480 1509 dedisti

1907 1557 2058 1619 mihi,
2115 1553 2235 1608 dedi
2277 1553 2374 1607 eis.
2436 1551 2642 1604 Revera
2687 1551 2828 1602 enim
2891 1548 3138 1602 eamdem
3192 1546 3482 1614 discipulis

1907 1643 2134 1714 gloriam
2165 1638 2334 1700 dedit,
2358 1653 2482 1691 cum
2523 1637 2588 1690 ad
2620 1652 2714 1690 eos
2753 1636 2962 1689 diceret
2995 1654 3006 1688 :
3042 1635 3272 1702 Accipite
3310 1631 3483 1700 Spiri-

1909 1743 2018 1786 tum
2047 1741 2285 1785 sanctum
2317 1730 2382 1784 ¹⁰.
2419 1728 2593 1797 Atque
2615 1727 2756 1780 hanc
2792 1726 3046 1796 gloriam,
3087 1739 3249 1792 quam
3301 1731 3480 1776 tamen

1907 1838 2120 1892 semper
2150 1821 2338 1875 habuit
2370 1820 2523 1890 prius
2544 1819 2707 1873 etiam
2747 1832 2908 1886 quam
2943 1815 3182 1869 mtindus
3217 1813 3305 1866 hic
3337 1814 3484 1867 exsi-

1905 1920 2092 1975 steret,
2124 1910 2331 1979 accepit
2359 1907 2409 1960 id
2434 1909 2715 1977 temporis.
2756 1922 2879 1959 cum
2905 1913 3153 1958 naturam
3187 1905 3482 1957 humanam

1904 2003 2187 2065 indueret;
2217 2016 2324 2069 qua
2351 1999 2570 2069 quidem
2613 2014 2710 2068 per
2735 1996 3000 2067 Spiritum
3035 2003 3285 2050 sanctum
3317 1995 3484 2063 glori-

1904 2095 2088 2156 ﬁcata,
2115 2090 2376 2162 quidquid
2413 2089 2537 2142 huic
2567 2094 2854 2158 cognatum
2895 2095 2981 2140 est
3011 2087 3215 2154 gloria},
3245 2081 3484 2151 Spiritus

1905 2186 1963 2240 lit
2004 2185 2298 2254 particeps,
2357 2179 2500 2234 facto
2547 2179 2614 2232 ab
2670 2177 2938 2248 apostolis
2973 2177 3152 2230 initio.
3207 2175 3358 2228 lianc
3409 2175 3482 2228 ch

1905 2289 2129 2331 causam
2178 2274 2254 2326 ait
2285 2291 2298 2326 :
2329 2271 2565 2325 Gloriam
2595 2285 2756 2339 quam
2786 2268 2982 2321 dedisti
3008 2266 3156 2328 mihi,
3185 2266 3306 2320 dedi
3353 2266 3429 2320 eis
3461 2280 3484 2316 .°

1905 2376 1960 2419 ut
1996 2365 2100 2418 sint
2138 2379 2320 2424 unum,
2358 2358 2790 2430 quemadmodum
2831 2374 2925 2410 nos
2954 2374 3117 2409 unum
3140 2373 3323 2410 sumus
3351 2371 3483 2426 :ego

1905 2456 1961 2509 in
1998 2455 2093 2520 eis,
2126 2463 2175 2506 et
2221 2462 2276 2504 tu
2310 2452 2363 2504 in
2393 2466 2470 2504 me
2519 2466 2537 2502 :
2568 2459 2625 2502 ut
2655 2449 2761 2502 sint
2800 2438 3168 2500 consummati
3202 2448 3256 2500 in
3296 2463 3480 2500 unum.

1906 2546 2268 2612 Quamobrem
2311 2542 2378 2601 is.
2427 2541 2519 2610 qui
2566 2541 2633 2594 de
2660 2554 2832 2608 puero
2863 2539 2916 2592 in
2964 2539 3142 2593 virum
3177 2538 3481 2606 perlectum

1906 2636 2248 2706 augescendo
2275 2634 2468 2691 evasit.
2499 2633 2565 2685 ad
2593 2645 2905 2686 mensuram
2921 2630 3259 2685 aetatisillius
3289 2645 3484 2700 perve-

1905 2731 2007 2792 nit.
2040 2743 2202 2798 quam
2236 2735 2417 2781 mente
2449 2724 2806 2794 intelligimus
2836 2742 2848 2776 ε
2878 2738 2910 2777 e
2955 2723 3230 2792 mancipio
3269 2731 3322 2777 et
3350 2738 3484 2778 con-

1906 2818 2291 2896 cubina_regi:e
2322 2815 2610 2886 dignitatis
2652 2815 2926 2884 particeps
2982 2813 3162 2868 factus
3197 2821 3282 2868 est
3313 2833 3329 2870 :
3385 2814 3483 2868 de-

1906 2913 2073 2980 nique
2103 2925 2270 2979 capax
2293 2909 2477 2979 gloriae
2497 2906 2738 2976 Spiritus
2770 2907 2949 2962 sancti
2981 2922 3079 2977 per
3106 2914 3306 2962 statum
3339 2920 3369 2959 a
3398 2905 3482 2959 vi-

1907 3002 2000 3056 tiis
2027 3000 2284 3056 omnibus
2324 2999 2583 3062 alienum,
2634 3014 2837 3068 perque
2888 2998 3182 3068 puritatem
3221 3016 3234 3050 :
3266 2997 3356 3050 hic
3383 2996 3485 3066 igi-

1908 3099 1999 3146 tur
2023 3100 2107 3147 est
2155 3091 2397 3161 perlecta
2453 3089 2543 3143 illa
2603 3090 2878 3150 columba,
2933 3090 3000 3142 ad
3033 3104 3196 3158 quam
3245 3105 3484 3158 sponsus

1911 3185 2152 3252 respicit,
2184 3198 2305 3235 cum
2339 3182 2416 3234 ait
2476 3197 2488 3233 :
2531 3178 2648 3232 Una
2680 3188 2758 3234 est
2789 3178 3033 3233 columba
3078 3195 3216 3243 mea,
3250 3178 3483 3248 perfecta

1910 3293 2046 3328 mea.
2082 3273 2249 3327 Unica
2290 3283 2366 3326 est
2402 3273 2564 3324 matri
2605 3287 2734 3335 sate,
2768 3271 2933 3324 electa
2999 3271 3080 3324 illi
3125 3287 3240 3342 qua?
3288 3271 3486 3338 peperit

1907 3383 2045 3421 eam.
2076 3364 2260 3434 Neque
2284 3379 2412 3418 vero
2444 3379 2568 3417 esse
2595 3363 2755 3418 nobis
2785 3363 3080 3416 obscurum
3109 3371 3308 3433 potest,
3338 3377 3487 3430 qum-

1910 3473 2033 3512 nam
2093 3456 2164 3510 sit
2223 3455 2488 3509 columbae
2543 3454 2691 3510 illius
2739 3463 2941 3519 mater;
3001 3469 3124 3507 cum
3181 3469 3247 3507 ex
3303 3453 3486 3507 fructu

1910 3564 2205 3619 agnoscere
2252 3547 2503 3602 arborem
2560 3547 2738 3600 liceat.
2790 3544 2861 3600 Ut
2899 3546 3046 3601 enim
3089 3547 3308 3600 homine
3360 3561 3488 3600 con-

1910 3650 2098 3711 specto
2137 3655 2244 3692 non
2284 3639 2602 3693 dubitamus
2631 3645 2814 3692 ortum
2855 3652 2978 3692 esse
3035 3636 3186 3690 illum
3218 3637 3285 3690 ab
3320 3637 3490 3692 homi-

1909 3749 2016 3787 ne:
2055 3731 2136 3786 sic
2165 3745 2288 3782 cum
2329 3729 2514 3783 electa:
2563 3727 2728 3796 hujus
2778 3726 3046 3781 columba
3085 3735 3314 3780 matrem
3341 3741 3490 3794 qua:-

1909 3822 2106 3882 rimus,
2160 3834 2267 3872 non
2302 3817 2463 3871 aliam
2498 3815 2816 3886 quamdam,
2851 3815 2947 3870 sed
2999 3815 3309 3869 columbam
3345 3815 3488 3868 hanc

1907 3929 2032 3968 esse
2063 3910 2435 3979 intelligimus.
2462 3908 2597 3962 Nam
2631 3908 2686 3962 in
2715 3908 2824 3962 lilio
2853 3909 3097 3977 parentis
3128 3908 3358 3961 omnino
3389 3923 3487 3961 na~

1909 4013 2031 4058 tura
2069 4000 2429 4070 conspicitur.
2487 3998 2666 4065 Quare
2694 4015 2817 4053 cum
2881 3997 2957 4060 id,
2995 3997 3142 4068 quod
3181 4015 3244 4052 ex
3279 3999 3488 4068 Spiritu

1907 4094 2168 4167 gignitur,
2224 4093 2297 4146 sit
2352 4090 2620 4160 Spiritus;
2654 4097 2707 4144 et
2735 4105 2866 4144 vero
2921 4091 3030 4144 ﬁlia
3076 4105 3201 4144 cum
3233 4090 3485 4144 columba

1909 4187 1981 4242 sit
2015 4205 2026 4240 :
2063 4185 2288 4239 omnino
2327 4185 2494 4238 etiam
2539 4192 2718 4238 mater
2767 4183 2930 4250 hujus
2959 4191 3044 4237 est
3085 4182 3338 4236 columba
3371 4182 3485 4242 illa,

1909 4293 2029 4346 quae
2058 4277 2125 4330 de
2170 4277 2310 4330 caelo
2347 4274 2412 4328 ad
2469 4273 2762 4328 Jordanem
2797 4273 3092 4336 devolavit,
3141 4274 3492 4342 quemadmo-

1909 4373 2043 4428 dum
2072 4369 2311 4424 Joannes
2346 4376 2605 4423 testatur.
2641 4367 2794 4420 Hanc
2846 4366 3013 4431 igitur
3048 4364 3259 4419 felicem
3293 4364 3492 4435 prmdi-

235 4479 335 4531 μος
379 4461 515 4531 πρὸς
557 4461 657 4532 τὴν
697 4460 950 4531 τοιαύτην
1002 4461 1396 4532 μακαριότητα.
1453 4463 1544 4515 Διό
1603 4478 1803 4532 φασιν

1911 4472 2036 4517 cant
2079 4460 2420 4530 juvenculaa,
2476 4459 2616 4512 hanc
2675 4458 3030 4523 concubina,
3090 4457 3232 4510 hanc
3289 4454 3490 4523 reginze

233 4549 479 4604 Ἴδοσαν
509 4546 704 4616 αὐτὴν
759 4548 1094 4618 θυγατέρες,
1125 4548 1223 4602 καὶ
1252 4550 1656 4617 μακαριοῦσιν
1699 4552 1810 4603 αὺ-

231 4643 350 4712 τήν
368 4661 380 4672 ·
407 4640 714 4696 παλλακαὶ
735 4640 834 4694 καὶ
857 4641 1223 4705 βασίλισσαι
1244 4641 1616 4696 αἱνέσουσιν.
1645 4643 1809 4708 Φύσις

229 4734 288 4788 δὲ
317 4734 470 4788 πᾶσά
499 4736 614 4786 ἐστι
649 4735 784 4804 πρὸς
813 4732 874 4785 τὸ
905 4732 1174 4804 μακάριόν
1201 4750 1260 4786 τε
1294 4735 1388 4788 καὶ
1421 4735 1808 4806 ἐπαινούμενον

229 4828 299 4896 τῇ
334 4824 598 4896 ἐπιθυμίᾳ
625 4823 1014 4876 συντείνεσθαι.
1042 4824 1205 4876 Ὥστε
1236 4825 1283 4876 εί
1326 4825 1686 4896 μακαρίζουσι
1713 4827 1810 4897 τὴν

232 4914 565 4987 περιστερὰν
599 4915 654 4967 αἱ
696 4913 1008 4984 θυγατέρες.
1052 4913 1374 4985 ἐπιθυμοῦσι
1409 4917 1622 4979 πάντως
1651 4920 1805 4987 γενέ-

234 5007 360 5060 σθαι
393 5006 712 5077 περιστεραί⁵
737 5006 830 5060 καὶ
851 5002 1027 5060 αὗται.
1070 5008 1178 5060 Καὶ
1201 5007 1263 5059 τὸ
1289 5009 1552 5062 αἰνεῖσθαι
1581 5009 1679 5081 τὴν
1710 5028 1807 5064 πε-

237 5097 491 5169 ριστερὰν
519 5097 668 5168 παρά
695 5095 803 5150 τῶν
841 5096 1202 5161 παλλακίδων,
1235 5098 1532 5168 τεκμήριόν
1568 5101 1684 5153 ἐστι
1712 5101 1807 5154 τοῦ

233 5188 328 5242 καὶ
355 5188 554 5251 ταύτας
597 5187 730 5259 πρὸς
754 5186 815 5240 τὸ
842 5187 1228 5257 ἐπαινούμενον
1254 5188 1352 5256 τὴν
1381 5189 1616 5261 σπουδὴν
1642 5189 1803 5260 ἔχειν·

233 5280 340 5343 ἕως
369 5279 433 5332 ἂν
475 5280 692 5333 πάντων
738 5279 796 5332 ἐν
841 5280 1168 5349 γενομένων,
1201 5278 1308 5333 τῶν
1348 5280 1485 5350 πρὸς
1517 5281 1608 5333 τὸν
1644 5283 1808 5336 αὑτὸν

236 5373 438 5425 σκοπὸν
467 5371 566 5442 τῆς
601 5371 895 5442 ἐπιθυμίας
941 5371 1261 5442 βλεπόντων,
1296 5372 1566 5445 μηδεμιᾶς
1611 5374 1669 5424 ἐν
1706 5391 1810 5445 μη-

234 5463 346 5515 δενὶ
373 5463 567 5528 κακίας
597 5463 1035 5533 ὑπολειφθείσης,
1061 5463 1284 5533 γένηται
1312 5464 1340 5515 ὁ
1379 5463 1510 5527 Θεὸς
1537 5464 1608 5517 τὰ
1635 5466 1810 5519 πάντα

235 5554 299 5609 ιν
336 5557 489 5620 πᾶσι,
537 5557 650 5620 τοῖς
692 5555 782 5610 διὰ
805 5557 905 5626 τῆς
944 5556 1192 5624 ἑνότητός
1225 5554 1470 5626 ἀλλήλοις
1511 5557 1570 5608 ἐν
1605 5559 1673 5627 τῇ
1716 5557 1808 5610 τοῦ

314 5731 340 5764 ⁸
377 5730 579 5802 Ephcs.
607 5747 680 5794 tv,
715 5733 768 5786 5.
843 5733 864 5764 ⁹
891 5729 1049 5786 Joan.
1093 5746 1228 5799 xvn,
1254 5732 1315 5786 Ql
1354 5749 1474 5803 sqq.

1910 4554 2152 4607 laudant.
2202 4552 2415 4604 Etenim
2447 4548 2758 4603 communis
2784 4547 3002 4617 quidem
3049 4548 3338 4602 animabus
3371 4546 3493 4599 uni-

1908 4645 2088 4700 versis
2113 4641 2180 4696 ad
2206 4640 2602 4696 beatitudinem
2625 4639 2787 4692 talem
2811 4654 3009 4695 cursus
3034 4639 3350 4709 propositus
3381 4645 3486 4690 est.

1906 4737 2204 4806 Propterea
2260 4732 2444 4788 verbis
2507 4730 2661 4784 hisce
2711 4737 2998 4784 utuntur:
3054 4729 3309 4783 Viderunt
3335 4727 3489 4780 illam

1911 4829 2058 4897 ﬁlim,
2093 4826 2398 4893 beatamque
2414 4820 2774 4892 prmdicarunt
2795 4837 2953 4886 eam;
2996 4823 3191 4892 regina:
3225 4830 3272 4874 et
3297 4837 3490 4874 concu-

1912 4921 2046 4974 binae
2077 4918 2368 4972 laudarunt
2433 4929 2570 4968 eam.
2621 4911 2826 4968 Omnes
2862 4927 3043 4968 autem
3103 4915 3185 4968 sic
3216 4929 3244 4965 a
3293 4921 3489 4968 natura

1911 5011 2212 5081 comparati
2263 5016 2412 5070 sunt,
2469 5015 2528 5060 ut
2567 5008 2866 5076 cupiditate
2916 5004 3083 5058 animi
3134 5005 3202 5058 ad
3228 5004 3302 5066 id,
3343 5005 3490 5074 quod

1911 5104 2130 5157 beatum
2161 5108 2245 5156 est
2277 5099 2631 5160 aclaudatur,
2665 5097 3019 5153 contendant.
3043 5095 3409 5162 Quamobrem
3444 5096 3492 5150 si

1912 5195 2224 5249 columbam
2257 5192 2398 5245 hanc
2423 5193 2542 5245 lilia:
2567 5191 2781 5246 beatam
2821 5189 3140 5259 praedicant,
3175 5189 3402 5244 omnino
3437 5197 3492 5243 et

1911 5288 2044 5356 ipsa:
2069 5284 2181 5338 ﬁeri
2215 5283 2481 5337 columba:
2527 5282 2946 5350 concupiscunt.
3015 5280 3202 5335 Itidem
3256 5278 3400 5348 quod
3459 5294 3492 5333 a

1914 5375 2237 5431 concubinis
2262 5383 2317 5429 et
2347 5373 2552 5443 reginis
2580 5373 2835 5426 columba
2861 5373 3136 5437 laudatur,
3169 5380 3499 5443 argumento

1914 5479 2019 5531 est,
2058 5469 2155 5524 bas
2179 5482 2394 5537 quoque
2421 5465 2702 5520 studiosas
2732 5466 2880 5521 illius
2907 5480 3028 5521 esse
3057 5466 3201 5533 quod
3241 5466 3501 5535 praedica-

1917 5569 2048 5626 tur;
2079 5559 2254 5616 donec
2294 5556 2512 5614 tandem
2567 5557 2636 5612 iis
2655 5557 2914 5613 omnibus
2977 5573 3146 5612 unum
3185 5557 3366 5624 lactis,
3399 5557 3501 5628 qui

1557 5735 1602 5765 '°
1627 5731 1788 5789 Joan.
1817 5750 1906 5795 ιι,
1952 5733 2040 5789 29..
