3812 6228
297 296 437 357 “£9
1530 303 1591 360 S.
1632 300 1961 360 GREGORII
1999 304 2296 361 NYSSENI
3430 302 3576 359 “20

287 415 360 470 ad
378 415 630 473 eamdem
662 417 924 475 desiderii
948 418 1509 490 metamtrespleiunt,
1541 428 1598 477 et
1626 421 1779 477 nulla
1815 422 1870 476 in

1992 423 2182 493 ιγαθοῦ
2211 423 2464 496 κοινωνίᾳ
2510 424 3003 497 συγκεκραμένοιςο
3032 422 3090 476 ὲν
3115 418 3338 492 Χριστῷ
3390 417 3577 489 Ἰησοῦ

288 508 443 564 nullo
480 510 782 567 vitiositate
833 522 1154 580 superante,
1211 511 1397 566 omnia
1423 509 1568 566 Deus
1613 513 1872 567 omnibus

1992 513 2057 584 ιῷ
2087 515 2280 587 Κυρίῳ
2326 515 2502 586 ἡμῶν,
2536 509 2582 585 ᾧ
2620 518 2654 587 ἡ
2680 515 2829 582 δόξα,
2854 516 2949 570 καὶ
2977 514 3039 570 τὸ
3067 514 3290 586 κράτος,
3328 512 3413 576 είς
3440 511 3579 573 τοὺς

290 597 401 666 ﬂat,
435 610 705 673 quotquot
728 617 825 672 per
854 605 1118 660 unitatem
1175 605 1321 658 inter
1344 617 1407 658 se
1444 603 1501 657 in
1534 603 1662 657 boni
1694 605 1872 659 socie-

1992 604 2185 672 ιίῶνας
2215 607 2324 661 τῶν
2346 605 2577 662 αἰώνων.
2617 609 2812 679 Ἀμήν.

291 699 403 746 tite
431 694 766 750 coalescunt.
791 695 960 763 quue
982 696 1037 750 in
1068 695 1293 752 Christo
1337 693 1469 751 Iesu
1505 694 1735 750 Domino
1783 703 1976 752 nostro
2004 713 2021 752 :
2057 702 2149 754 eui
2213 701 2385 769 gloria
2450 708 2505 756 et
2560 701 2874 770 imperium,
2907 713 3056 755 nunc
3079 705 3135 754 et
3155 712 3397 768 semper,
3426 707 3487 752 et
3516 711 3576 750 In

294 786 511 842 seculis
549 787 801 844 inﬁnitis.
842 790 1037 844 Amen.

310 977 3569 1015 ww

1737 1132 1876 1187 ΤΟΥ
1911 1131 2117 1186 ΑΓΙΟΥ

1296 1319 2038 1407 ΓΡΗΓΟΡΙΟΥ
2089 1318 2589 1405 ΝΥΣΣΗΣ

1080 1538 1323 1651 ΕΙΣ
1410 1535 1728 1729 ΤΗΝ
1789 1532 2765 1650 ΠΡΟΣΕΥΧΗΝ.

1231 1946 1326 2033 S.
1412 1941 1994 2036 GBEGORII
2118 1942 2626 2035 NYSSENI

1005 2186 1186 2300 DE
1272 2184 2004 2302 OBATIONE
2083 2110 2843 2298 DOMINICA.

1319 2424 1763 2481 LAURENTIO
1801 2424 1957 2481 SIFA
1969 2424 2069 2482 ΝΟ
2109 2423 2198 2480 IN
2209 2425 2496 2481 TERPRE
2509 2420 2618 2483 TE.

901 2727 1161 2784 ORATIO
1207 2728 1250 2787 l.

2612 2729 2827 2784 ΛΟΓΟΣ
2863 2731 2942 2782 A'.

350 2822 568 2879 Orandi
599 2821 758 2877 nobis
797 2821 1104 2876 doctrinam
1156 2821 1380 2878 divinus
1438 2839 1622 2879 sermo
1682 2826 1869 2887 tradit,

292 2930 390 2984 per
428 2927 589 2984 quam
650 2928 710 2966 se
763 2910 945 2980 dignis
996 2910 1284 2982 discipulis
1324 2912 1517 2967 orandi
1582 2914 1869 2969 scientiam

292 3008 538 3064 studiose
566 3021 629 3059 ac
659 3005 804 3060 serio
845 3006 1277 3075 requirentibus,
1315 3007 1591 3077 quomodo
1624 3009 1870 3063 divinum

293 3098 537 3153 auditum
570 3097 869 3152 conciliare
898 3113 995 3166 per
1031 3097 1196 3151 verba
1237 3100 1508 3155 orationis
1558 3101 1869 3160 conveniat.

290 3191 535 3261 exponit.
573 3189 682 3259 Ego
730 3204 860 3244 vero
908 3198 1124 3258 sumpta
1156 3189 1386 3245 audacia
1425 3193 1681 3263 exiguum
1715 3194 1875 3263 quid.

293 3282 418 3336 dam
453 3280 706 3350 adjiciam
739 3280 827 3339 iis.
860 3296 982 3350 qua:
1008 3282 1213 3351 scripta
1248 3291 1398 3348 sunt,
1430 3284 1577 3353 quod
1609 3284 1872 3340 nimirum

294 3388 403 3428 llOﬂ
430 3372 707 3441 QIIOIDOdO
742 3388 904 3427 orare
937 3382 1222 3444 oporteat,
1270 3391 1514 3441 pmsens
1568 3388 1874 3434 conventus

293 3462 574 3517 docendus
624 3462 717 3525 sit,
769 3462 862 3517 sed
897 3464 1043 3532 quod
1102 3466 1328 3519 omnino
1367 3475 1616 3535 oporteat
1672 3485 1871 3531 orare;

292 3557 437 3626 quod
479 3555 545 3610 ad
592 3555 738 3627 vulgi
800 3571 965 3612 aures
1027 3558 1269 3612 nondum
1306 3559 1539 3616 fortasse
1592 3564 1872 3631 pervenit:

292 3646 604 3716 neglectum
636 3646 782 3700 enim
822 3647 876 3700 in
909 3648 1017 3702 vita
1054 3659 1217 3719 atque
1251 3651 1576 3722 aplerisque
1609 3653 1875 3709 omissum

294 3750 514 3801 sacrum
543 3736 649 3792 hoc
684 3745 739 3791 et
764 3738 1010 3793 divinum
1073 3753 1236 3810 opus,
1273 3742 1450 3797 oratio
1499 3752 1605 3798 est.
1658 3742 1735 3800 De
1772 3744 1877 3801 hoc

293 3824 484 3896 igitur,
515 3825 661 3895 quod
703 3834 952 3896 oporteat
995 3831 1222 3884 omnino
1259 3831 1491 3886 orationi
1535 3832 1873 3901 incumbere,

296 3923 357 3970 ut
388 3916 566 3987 inquit
586 3918 904 3988 Apostolus,
933 3919 1077 3975 haud
1115 3922 1353 3977 alienum
1388 3924 1521 3978 mihi
1570 3940 1695 3982 esse
1724 3926 1878 3982 vide-

293 4016 388 4063 tur
411 4008 477 4073 “,
513 4010 768 4079 primum,
801 4020 1067 4080 quantum
1096 4012 1218 4081 ejus
1251 4012 1366 4068 ﬁeri
1384 4014 1599 4084 poterit,
1628 4018 1876 4072 oratione

298 4099 490 4155 testari
548 4108 713 4170 atque
765 4100 1003 4156 docere:
1051 4101 1250 4159 deinde
1307 4119 1439 4160 vero
1490 4104 1687 4161 divina:
1749 4110 1870 4164 voci
1900 4076 1944 4134 ϐ

295 4190 516 4245 modum
552 4191 712 4246 nobis
746 4193 1060 4260 exponenti,
1095 4195 1373 4263 quomodo
1415 4195 1647 4252 Domino
1677 4214 1870 4269 preca-

295 4281 497 4336 tionem
524 4279 722 4336 oﬂ‘erre
761 4280 975 4348 deceat,
1017 4299 1237 4353 operam
1272 4286 1424 4342 dare.
1483 4285 1651 4344 Video
1700 4292 1869 4356 enim,

293 4372 438 4440 quod
475 4371 735 4426 omnibus
777 4373 942 4426 rebus
984 4372 1288 4446 (cazteris)
1324 4376 1377 4430 in
1415 4381 1666 4446 praesenti
1717 4389 1874 4437 aetate

294 4459 470 4528 magis
499 4459 768 4528 studetur,
806 4476 931 4516 cum
963 4463 1106 4519 alius
1151 4464 1219 4519 ad
1253 4466 1400 4520 aliud
1457 4468 1699 4524 studium
1753 4474 1875 4526 ani-

293 4563 443 4603 mum
477 4552 859 4620 converterit;
904 4555 1175 4611 orationis
1231 4574 1361 4613 vero
1399 4560 1637 4629 bonum,
1691 4565 1874 4620 studio

294 4639 399 4693 sibi
431 4640 683 4698 homines
710 4659 819 4698 non
847 4643 1068 4701 habent.
1105 4647 1473 4719 Negotiationi
1500 4654 1743 4710 diluculo
1784 4658 1872 4712 in-

295 4732 458 4787 stitor
486 4735 774 4800 incumbit,
806 4753 1015 4794 merces
1054 4756 1182 4796 snas
1217 4745 1525 4801 ementibus
1553 4758 1680 4804 ante
1711 4759 1873 4807 cate-

294 4836 387 4878 ros
413 4823 665 4878 eumdem
694 4834 965 4895 quaestum
999 4840 1317 4887 exercentes
1342 4835 1606 4892 exhibere
1644 4849 1874 4895 conten-

295 4913 461 4980 dens,
481 4921 543 4970 ut
573 4918 864 4984 prawc-ntis
897 4920 1046 4984 aliis,
1075 4920 1441 4981 desiderantis
1469 4942 1652 4982 emere
1679 4945 1873 4986 neces-

296 5007 517 5062 sitatem
570 5020 936 5081 praeoccupet,
998 5023 1054 5069 et
1113 5030 1275 5071 suum
1332 5018 1555 5073 vendat.
1611 5019 1875 5078 Similiter

296 5096 462 5149 etiam
489 5106 723 5165 emptor,
753 5098 881 5153 dum
913 5102 1179 5171 providet,
1208 5119 1277 5160 ne
1316 5104 1387 5160 ab
1412 5106 1521 5161 alio
1555 5117 1867 5177 praeventus

298 5184 504 5240 frustra
533 5188 774 5255 requirat
805 5189 879 5250 id.
916 5206 1024 5260 quo
1070 5208 1211 5264 opus
1257 5195 1457 5260 habet;
1490 5212 1601 5252 non
1645 5199 1710 5252 ad
1745 5216 1871 5254 ora-

297 5274 487 5338 tionis,
515 5276 609 5331 sed
638 5280 702 5333 ad
738 5280 1072 5357 venditionis
1126 5285 1331 5347 locum.
1394 5288 1570 5342 forum
1628 5291 1876 5346 videlicet

300 5379 484 5419 rerum
517 5368 815 5433 venalium,
848 5376 1042 5428 currit.
1079 5375 1259 5446 Atque
1281 5380 1537 5434 omnibus
1566 5382 1684 5450 pari
1739 5383 1877 5437 lucri

302 5456 557 5527 cupidine
585 5461 783 5530 captis,
813 5468 1124 5533 proximum
1166 5472 1468 5538 praevenire
1499 5475 1878 5530 contendenti-

301 5547 429 5615 bus,
467 5565 562 5620 per
601 5552 833 5608 aliarum
869 5572 1053 5614 rerum
1092 5560 1274 5616 studia
1322 5564 1626 5633 subripitur
1665 5570 1881 5640 tempus

374 5707 415 5740 “
447 5707 604 5766 lieni.
640 5728 738 5779 xu,
777 5712 863 5768 Η.

2044 2821 2359 2894 Πῳσευχῆς
2387 2822 2518 2892 ἡμῖν
2544 2820 2894 2874 διδασκαλίαν
2926 2823 2955 2874 ὁ
2998 2819 3138 2886 θεῖος
3162 2821 3462 2892 ὑφηγεῖται
3488 2823 3565 2881 Αύ-

1972 2932 2088 2985 γος,
2122 2913 2188 2967 δι’
2218 2908 2286 2984 ἧς
2314 2915 2428 2977 τοῖς
2455 2911 2626 2978 ἀξίοις
2650 2912 2812 2964 αὑτοῦ
2847 2911 3133 2982 μαθηταῖς,
3164 2916 3279 2977 τοῖς
3312 2917 3373 2967 ἐν
3398 2932 3566 2969 σπου-

1971 3007 2035 3079 δῇ
2068 3007 2167 3076 τὴν
2217 3004 2418 3074 γνῶσιν
2464 3004 2565 3074 τῆς
2614 2992 2924 3075 προσευχῆς
2975 3005 3362 3074 ἐπιζητοῦσιν,
3415 3009 3568 3073 ὅπως

1972 3096 2302 3151 οἰκειοῦσθαι
2333 3097 2602 3165 προσήκει
2632 3094 2731 3166 τὴν
2768 3094 2916 3149 θείαν
2946 3095 3132 3166 ἀκοὴν,
3166 3097 3256 3151 διὰ
3304 3098 3417 3151 τῶν
3464 3103 3565 3171 ῥη-

1978 3188 2163 3259 μάτων
2196 3187 2296 3257 τῆς
2319 3186 2627 3258 προσευχῆς
2653 3186 2985 3241 ὑποτίθεται.
3024 3187 3167 3255 Ἐγὼ
3192 3188 3250 3241 δὲ
3280 3189 3564 3261 τολμήσας

1978 3278 2173 3351 μικρὸν
2195 3278 2612 3350 ἁντιπροσθείην
2643 3280 2757 3341 τοῖς
2784 3280 3192 3349 γεγραμμένοις
3211 3297 3226 3310 ·
3269 3282 3352 3334 ὅτι
3395 3284 3457 3335 οὐ
3502 3281 3565 3335 τδ

1976 3369 2093 3432 πῶς
2132 3368 2214 3422 δεῖ
2257 3366 2655 3438 προσεύχεσθαι
2698 3366 2788 3420 τὸν
2832 3367 3075 3439 παρόντα
3108 3367 3368 3439 σύλλογον
3414 3369 3565 3425 διδά-

1978 3459 2200 3513 σκεσθαι
2222 3460 2349 3531 χρὴ,
2370 3458 2485 3511 ἀλλ’
2505 3460 2585 3513 ὅτι
2611 3459 2692 3512 δεῖ
2707 3459 2923 3522 πάντως
2948 3460 3344 3531 προσεύχεσθαι
3372 3479 3389 3493 ·
3421 3464 3566 3535 ὅπερ

1976 3550 2126 3605 οὔπω
2147 3551 2287 3621 τάχα
2315 3551 2556 3604 δέδεκται
2588 3552 2621 3622 ἡ
2655 3548 2762 3604 τῶν
2787 3550 2998 3603 πολλῶν
3031 3552 3166 3623 ἀκοή
3258 3553 3564 3624 Ἠμέληται

1976 3642 2086 3713 γὰρ
2115 3644 2172 3694 ὲν
2203 3641 2281 3712 τῷ
2313 3641 2413 3711 βίῳ
2459 3641 2554 3695 καὶ
2601 3643 2851 3713 παρεῖται
2883 3646 2995 3706 τοῖς
3042 3644 3256 3708 πολλοῖς
3301 3646 3365 3698 τὸ
3412 3648 3567 3716 ἱερὸν

1975 3733 2134 3786 τοῦτο
2176 3735 2271 3787 καὶ
2303 3732 2483 3786 ἔνθεον
2526 3732 2707 3803 ἔργον,
2752 3734 2786 3804 ὴ
2834 3737 3135 3805 προσευχή,
3188 3737 3326 3807 Περὶ
3369 3737 3565 3790 τούτου

1977 3823 2156 3876 τοίνυν
2179 3823 2324 3876 δοκεῖ
2361 3840 2450 3894 μοι
2473 3821 2652 3886 καλῶς
2683 3821 2848 3892 ἔχειν,
2886 3824 3123 3894 πρῶτον,
3154 3826 3230 3890 ὡς
3254 3826 3372 3879 ἐστι
3405 3826 3569 3880 δυνα-

1976 3918 2089 3983 τὸν,
2120 3915 2263 3986 λόγῳ
2294 3913 2788 3986 διαμαρτύρασθαι,
2816 3914 2876 3967 τὸ
2904 3914 3014 3968 δεῖν
3044 3915 3262 3979 πάντως
3290 3918 3356 3985 τῇ
3391 3933 3567 3988 προσ.

1978 4012 2112 4081 ευχῇ
2137 4011 2586 4081 προσκαρτερεῖν,
2608 4007 2791 4072 καθώς
2813 4025 2978 4079 φησιν
3000 4009 3027 4059 ὁ
3065 4009 3387 4073 Ἀπόστολος
3406 4026 3419 4037 ·
3457 4006 3567 4063 εἷθ’

1975 4101 2146 4166 οὕτως
2174 4101 2402 4155 ἀκοῦσαι
2441 4101 2540 4171 τῆς
2574 4098 2725 4163 θείας
2771 4102 2976 4171 φωνῆς,
3020 4102 3120 4171 τῆς
3165 4100 3568 4171 ὑποτιθεμένης

1977 4196 2108 4265 ἡμῖν
2139 4193 2378 4265 τρόπον,
2413 4192 2561 4255 ὅπως
2604 4190 2711 4263 χρὴ
2755 4190 3051 4263 προσάγειν
3104 4189 3184 4261 τῷ
3230 4192 3426 4263 Κυρίῳ
3465 4193 3569 4263 τὴν

1976 4286 2183 4357 δέησιν.
2245 4282 2387 4354 Ὀρῶ
2419 4282 2528 4354 γάρ
2557 4282 2638 4335 ὅτι
2669 4282 2846 4336 πάντα
2880 4282 3079 4353 μᾶλλον
3110 4284 3168 4337 ἐν
3210 4284 3289 4355 τῷ
3335 4286 3567 4357 παρόντι

1980 4372 2338 4437 σπουδάζεται
2392 4373 2512 4443 βίῳ,
2562 4371 2723 4426 ἄλλου
2769 4374 2908 4444 πρὸς
2938 4372 3066 4425 ἄλλο
3108 4390 3159 4425 τι
3196 4376 3263 4444 τῇ
3297 4375 3446 4446 ψυχῇ
3475 4394 3568 4429 τε-

1979 4464 2294 4536 τραμμὲνου
2314 4475 2330 4491 ⁹
2362 4463 2423 4515 τὸ
2441 4461 2499 4515 δὲ
2527 4462 2627 4533 τῆς
2653 4463 2819 4534 εὐχῆς
2846 4462 3048 4531 ἀγαθὸν
3073 4463 3161 4517 διὰ
3192 4465 3432 4537 σπουδῆς
3452 4470 3568 4531 τοῖς

1980 4556 2286 4628 ἀνθρώποις
2313 4557 2413 4609 οὐκ
2441 4555 2606 4608 ἐστιν.
2671 4554 3013 4626 Ἐπορθρίζει
3042 4558 3162 4619 ταῖς
3208 4557 3504 4629 ἐμπορίαις
3532 4560 3566 4612 δ

1979 4651 2245 4721 κάπηλος,
2282 4648 2389 4719 πρὸ
2432 4646 2541 4700 τῶν
2570 4648 2878 4718 ὁμοτέχνων
2920 4647 3011 4699 τὸν
3052 4650 3250 4701 οἰκεῖον
3298 4649 3565 4715 ἐπιδεῖξαι

1977 4745 2088 4806 τοῖς
2109 4740 2436 4812 ὠνουμένοις
2465 4738 2801 4807 φιλονεικῶν,
2833 4739 2907 4803 ὡς
2938 4739 3005 4793 ἂν
3033 4740 3295 4810 προλάϐοι
3324 4742 3417 4796 τοῦ
3450 4744 3563 4797 δεο-

1983 4836 2143 4907 μένου
2172 4834 2268 4906 τὴν
2295 4832 2502 4904 χρείαν,
2533 4831 2853 4901 ὑποφθάσας
2882 4833 3009 4895 τοὺς
3034 4832 3247 4897 ἄλλους,
3276 4837 3373 4887 καὶ
3396 4836 3458 4889 τὸ
3481 4839 3560 4889 oi-

1980 4931 2124 4982 κείον
2148 4926 2604 4997 ἀπεμπολήσειεν.
2648 4924 2921 4988 Ὡσαύτως
2949 4924 3041 4978 καὶ
3074 4925 3103 4977 ὁ
3138 4925 3479 4996 ὠνούμενος,
3501 4928 3565 4981 τὸ

1982 5020 2057 5091 μὴ
2080 5019 2401 5090 διαμαρτεῖν
2422 5016 2516 5070 τοῦ
2544 5016 2681 5088 πρὸς
2706 5003 2811 5088 τὴν
2836 5015 3022 5086 χρείαν
3057 5019 3113 5069 ἐν
3143 5018 3224 5085 τῷ
3253 5018 3565 5090 προληφθῆ-

1978 5127 2064 5164 ναι
2093 5111 2219 5180 παρ’
2251 5108 2437 5179 ἐτέρου
2467 5106 2573 5179 πρὸ
2599 5105 2891 5176 ὀφθαλμῶν
2934 5105 3091 5177 ἔχων,
3123 5107 3223 5159 οὐκ
3252 5108 3346 5160 ἐπὶ
3381 5109 3442 5161 τὸ
3469 5108 3561 5160 εὐ-

1983 5203 2226 5272 κτήριον,
2259 5199 2372 5252 ἀλλ’
2408 5199 2501 5251 ἐπὶ
2527 5196 2589 5251 τὸ
2617 5199 2917 5268 πρατήριω
2955 5199 3159 5269 τρέχει.
3212 5196 3316 5250 Καὶ
3346 5200 3562 5252 πάντων

1984 5293 2082 5364 τὴν
2134 5293 2254 5363 ῐσην
2301 5290 2439 5361 πρὸς
2489 5287 2552 5342 τὸ
2595 5288 2786 5359 κέρδος
2834 5289 3065 5359 ἐχόντων
3112 5288 3431 5358 ἐπιθυμίαν,
3467 5290 3562 5342 καὶ

1985 5385 2186 5455 φθάσαι
2221 5382 2310 5437 τὸν
2335 5381 2506 5444 πέλας
2530 5380 2993 5450 φιλονεικούντων,
3025 5378 3297 5451 ὲξεκλάπη
3330 5381 3417 5433 διὰ
3451 5380 3562 5433 τῶν

1984 5472 2433 5542 σπουδαζομένων
2457 5473 2491 5542 ὴ
2521 5470 2621 5540 τῆς
2650 5470 2956 5540 προσευχῆς
2983 5468 3101 5540 ὥρα
3143 5469 3225 5532 εὶς
3263 5470 3365 5541 τὴν
3394 5473 3559 5541 ἐμπο-

1985 5567 2105 5639 ρίαν
2158 5561 2532 5636 μετατεθεῖσα.
2584 5560 2771 5624 Οὕτως
2814 5561 2843 5614 ὁ
2889 5559 3273 5631 χειροτέχνηςο
3317 5558 3491 5623 οὕτως
3527 5561 3560 5615 ὁ
