3812 6228
186 337 326 394 ιιῑιι

1157 335 1246 390 DE
1285 335 1636 392 ORATIUNE
1670 333 2024 394 DOMINICA.
2064 373 2134 382 —
2173 339 2433 396 ORATIO
2459 339 2496 392 l.

3321 333 3462 389 “22

184 464 320 521 περι
364 447 552 516 λόγους
602 448 971 521 ἠσχολημένος
1007 465 1022 480 ⁶
1071 450 1245 515 οὕτως
1295 451 1324 504 ό
1369 449 1726 522 δικαζόμενος
1754 467 1768 481 ’

1915 453 2145 507 rationis
2173 454 2239 508 ad
2273 454 2694 525 negotiationem
2727 452 3080 506 translatum.
3127 449 3202 503 Ita
3262 449 3462 504 artifex

181 539 362 604 οὕτως
387 543 416 594 ό
447 541 688 606 δικάζειν
717 541 926 612 λαχὼν,
975 543 1102 614 περὶ
1127 543 1200 598 τά
1241 547 1298 600 ἐν
1331 549 1520 619 χερσὶν
1545 546 1774 608 ἕκαστος

180 635 309 697 ὅλος
325 636 391 704 τῇ
415 634 616 706 σπουδῇ
648 634 848 706 ῥέπων,
870 635 1192 706 ὲκλὲλησται
1212 639 1312 710 τῆς
1333 640 1472 694 κατὰ
1491 639 1591 710 τὴν
1609 637 1774 709 εὐχὴν

183 727 474 797 ἐργασίας.
519 727 723 798 ζημίαν
749 729 953 800 κρίνων
983 730 1122 800 πρὸς
1156 731 1219 785 τὸ
1258 733 1616 803 προκείμενον
1644 733 1772 785 ἐαυ-

181 819 289 889 τῷ,
321 821 418 890 τὴν
447 821 575 892 περὶ
613 820 708 873 τὸν
749 821 883 874 Θεὸν
925 822 1207 892 ἀσχολίαν.
1249 824 1434 877 υίεται
1471 825 1581 895 γάρ
1614 827 1642 878 ὁ
1677 825 1774 896 μὲν

181 912 288 982 τὴν
331 912 524 984 τέχνην
571 912 794 982 μετιὼν.
848 915 1016 985 ἀργόν
1044 932 1095 967 τι
1126 915 1318 986 χρῆμα
1353 918 1448 970 καὶ
1495 917 1775 988 ἄπρακτον

182 1000 349 1066 εἶναι,
379 1004 479 1074 τὴν
523 1003 673 1057 Θείαν
721 1004 861 1075 πρὸς
898 1005 960 1058 τὸ
1005 1005 1364 1076 προκείμενον
1417 1006 1772 1078 συμμαχίανο

181 1098 266 1151 διὸ
301 1098 616 1152 καταλιπὼν
641 1098 740 1170 τὴν
770 1099 956 1171 εὐχὴν,
991 1101 1048 1154 ἐν
1072 1103 1196 1163 ταῖς
1229 1101 1386 1172 χερσὶ
1410 1100 1511 1164 τάς
1554 1101 1777 1166 ἐλπίδας

181 1190 436 1256 τίθεται,
490 1191 823 1262 ἀμνημονῶν
885 1191 980 1245 τοῦ
1053 1192 1347 1258 δεδωκότος
1417 1193 1514 1256 τὰς
1562 1196 1772 1265 χεῖρας.

194 1279 475 1344 Ὡσαύτως
515 1283 611 1337 καὶ
655 1283 684 1334 ό
731 1282 825 1336 τὸν
853 1282 1010 1352 λόγον
1040 1283 1108 1336 δι’
1132 1283 1451 1356 ἐπιμελείας
1496 1284 1778 1356 κατορθῶν

181 1370 389 1440 ἐαυτῷ,
420 1371 481 1423 ού
517 1371 792 1440 λογίζεται
823 1372 915 1425 τὸν
947 1373 1222 1426 δεδωκότα
1267 1373 1359 1426 τὸν
1405 1373 1564 1442 λόγον
1599 1388 1613 1403 ⁸
1661 1373 1776 1427 ἀλλ’

178 1461 262 1525 ὡς
291 1463 485 1517 ἐαυτὸν
530 1466 610 1528 εἰς
653 1465 753 1534 τὴν
780 1464 942 1534 φύσιν
970 1465 1176 1538 ταύτην
1208 1465 1570 1537 παραγαγὼν,
1603 1464 1779 1529 οὕτως

182 1555 366 1626 ἐαυτῷ
417 1557 513 1609 καὶ
549 1557 670 1618 ταῖς
711 1555 821 1608 τῶν
856 1555 1115 1628 μαθητῶν
1143 1557 1467 1629 προσανέχει
1498 1554 1774 1619 σπουδαῖς,

180 1645 338 1699 οὐδὲν
369 1645 540 1716 αὐτῆς
560 1645 655 1698 τοῦ
685 1645 820 1699 Θεοῦ
845 1645 1129 1717 ἐνεργείας
1153 1646 1302 1716 αύτῷ
1325 1646 1652 1719 γενήσεσθαι
1669 1646 1778 1701 τῶν

181 1737 410 1806 ἀγαθῶν
437 1737 694 1809 νομίζων,
725 1740 1122 1810 προτιμοτέραν
1153 1743 1386 1793 ποιεῖται
1416 1741 1515 1811 τῆς
1543 1756 1778 1812 προσευο

1873 550 1928 598 et
1949 547 2258 614 operarius,
2324 545 2397 599 ita
2439 546 2532 616 qui
2601 545 2821 600 dicendi
2874 545 3121 600 studium
3177 551 3459 605 sectatur,

1874 629 2187 701 litterisque
2241 649 2306 686 ac
2359 634 2669 704 disciplinis
2717 635 3040 688 liberalibus
3074 647 3296 703 operam
3330 631 3460 696 dat,

1879 725 1956 780 ita
1981 727 2222 794 litigator
2249 746 2262 782 :
2292 731 2366 782 ita
2395 731 2483 783 cui
2507 730 2792 799 judicandi
2817 744 3018 783 munus
3040 728 3283 790 obvenit,
3311 725 3464 794 quis-

1874 834 1981 889 que
2019 819 2074 873 in
2120 820 2196 883 id,
2225 821 2369 891 quod
2416 825 2470 876 in
2523 823 2779 878 manibus
2833 823 3020 888 habet,
3077 821 3263 876 studio
3308 827 3462 876 totus

1875 910 2202 967 incumbens
2252 914 2601 969 obliviscitur
2630 929 2852 986 cperam
2890 914 3022 968 dare
3073 912 3331 977 orationi,
3364 911 3464 965 da-

1874 1016 2130 1056 mnosum
2167 1003 2234 1057 ad
2267 1019 2380 1060 rem
2413 1006 2746 1076 propositam
2787 1005 2890 1061 sibi
2946 1005 3173 1069 ducens,
3211 1005 3257 1060 si
3313 1007 3462 1059 circa

1875 1091 2046 1147 Deum
2079 1105 2388 1164 occupatus
2421 1097 2514 1150 sit.
2538 1095 2673 1150 Nam
2717 1099 2810 1168 qui
2846 1107 3021 1152 artem
3056 1097 3277 1168 quidem
3304 1111 3464 1150 exer-

1876 1193 1983 1251 cet,
2019 1187 2266 1246 inutilem
2302 1189 2598 1258 quamdam
2631 1197 2685 1244 et
2711 1189 3043 1244 iuellicacem
3084 1205 3199 1244 rem
3240 1187 3309 1243 ad
3336 1203 3464 1258 pro-

1875 1278 2116 1348 positum
2145 1294 2310 1348 opus,
2331 1273 2579 1334 divinum
2603 1281 2870 1335 auxilium
2898 1295 3019 1336 esse
3041 1289 3226 1351 putat;
3252 1281 3463 1334 idcirco

1875 1372 2083 1427 omissa
2117 1375 2388 1435 oratione,
2431 1373 2489 1428 in
2538 1373 2795 1428 manibus
2826 1389 2977 1443 spem
3033 1374 3206 1443 ponit,
3254 1372 3464 1427 oblitus

1877 1464 2096 1518 interim
2138 1463 2280 1534 ejus,
2315 1465 2407 1533 qui
2436 1479 2634 1520 manus
2661 1465 2832 1520 dedit.
2857 1462 3122 1519 Similiter
3154 1465 3318 1519 etiam
3348 1465 3461 1527 ille,

1879 1557 1972 1626 qui
2036 1555 2284 1610 adhibita
2325 1571 2482 1622 cura,
2528 1557 2832 1612 orationem
2867 1557 3082 1628 egregie
3135 1559 3414 1626 componit
3444 1596 3460 1620 ,

1876 1663 1987 1701 non
2020 1649 2230 1718 cogitat
2260 1648 2328 1702 de
2377 1664 2463 1716 eo,
2489 1648 2581 1719 qui
2612 1649 2716 1704 sibi
2771 1649 3077 1704 orationem
3119 1648 3307 1704 dedit:
3365 1649 3464 1705 sed

1878 1739 2038 1810 quasi
2066 1740 2308 1809 seipsum
2359 1741 2416 1794 in
2474 1740 2618 1794 hanc
2671 1735 2923 1794 naturam
2990 1742 3330 1809 produxerit,
3387 1742 3465 1796 ita

181 1830 285 1900 χῆς
320 1829 421 1901 τὴν
451 1830 709 1901 σπουδὴν,
751 1831 842 1883 τὸν
870 1831 1031 1884 αὐτὸν
1061 1831 1262 1903 τρόπον
1287 1830 1458 1884 καὶτὰ
1476 1831 1639 1885 λοιπά
1670 1831 1776 1884 τῶν

1912 1833 1996 1886 uis
2021 1846 2359 1903 suorumque
2389 1833 2791 1902 discipulorum
2821 1833 3020 1887 studiis
3070 1834 3314 1889 intentus
3355 1843 3462 1896 est,

180 1921 640 1993 ἐπιτηδευμάτων
669 1924 926 1994 ἐκκρούει
965 1921 1061 1994 τὴν
1091 1924 1218 1994 περὶ
1251 1923 1319 1977 τὰ
1357 1923 1526 1994 μείζω
1558 1924 1652 1977 καὶ
1683 1922 1778 1976 οὐ-

182 2014 352 2084 ράνια
377 2013 480 2084 τῆς
507 2015 685 2086 ψυχῆς
716 2014 995 2085 ἀσχολίαν,
1024 2017 1092 2086 τῇ
1111 2014 1222 2067 τῶν
1249 2013 1576 2084 σωματικῶν
1604 2031 1663 2066 τε
1686 2013 1780 2067 καὶ⁹

178 2107 392 2177 γηΐνων
424 2107 686 2176 φροντίδι.
737 2107 836 2159 Διὰ
877 2105 1037 2160 τοῦτο
1081 2106 1250 2178 πολλὴ
1283 2107 1424 2160 κατά
1454 2106 1546 2160 τὸν
1589 2105 1702 2176 βίον
1741 2107 1777 2178 ή

179 2197 453 2270 ἁμαρτία,
486 2199 575 2252 ἀεὶ
600 2202 721 2262 ταῖς
746 2198 1085 2270 προσθήκαις
1114 2199 1207 2251 ἐπὶ
1228 2198 1286 2251 τὸ
1312 2196 1496 2269 μεῖζον
1517 2197 1775 2265 αῦξουσα,

179 2291 393 2353 πάσαις
433 2294 555 2355 ταῖς
604 2291 976 2362 ἀνθρωπίναις
1021 2291 1280 2354 σπουδαῖς
1323 2290 1775 2362 ἐμπεπλεγμένη,

178 2383 318 2436 διότι
353 2383 490 2454 λήθη
525 2383 618 2436 τοῦ
644 2383 778 2437 Θεοῦ
814 2386 1150 2455 κατακρατεῖ
1171 2383 1280 2437 τῶν
1317 2385 1554 2446 πάντων,
1591 2384 1686 2436 καὶ⁹
1719 2384 1778 2437 τὸ

176 2475 282 2546 τῆς
319 2477 487 2547 εὐχῆς
532 2475 737 2545 ἀγαθὸν
766 2479 879 2540 τοῖς
907 2475 1216 2548 ἀνθρώποις
1247 2477 1359 2529 τῶν
1405 2475 1776 2548 σπουδαζομέ-

177 2585 287 2620 νων
330 2568 393 2620 ob
447 2568 867 2636 συνεφάπτεται·
899 2570 966 2638 τῇ
1007 2568 1248 2638 ἐμπορία
1291 2568 1698 2639 συνεισέρχεται
1742 2569 1776 2640 ἡ

179 2658 490 2725 πλεονεξία.
536 2660 824 2724 Πλεονεξία
857 2659 912 2712 δέ
945 2661 1092 2713 ἐστιν
1124 2659 1558 2731 είδωλολατρεία.
1591 2659 1778 2724 Οῦτως

178 2751 207 2803 ὁ
229 2751 484 2820 γεωργὸς
512 2750 573 2802 οὐ
603 2753 722 2814 ταῖς
745 2750 1076 2819 ἀναγκαίαις
1101 2749 1312 2822 χρείαις
1344 2754 1652 2822 συμμετρεῖ
1679 2752 1777 2824 τὴν

177 2844 494 2912 γεωπονίαν
518 2861 532 2875 ·
590 2843 706 2896 ἀλλ’
759 2843 848 2896 ἀεὶ
892 2843 1028 2915 πρὸς
1072 2843 1142 2897 τὰ
1191 2842 1360 2896 πλείω
1398 2842 1498 2913 τὴν
1541 2843 1779 2914 σπουδὴν

178 2938 543 3001 ἐπεκτείνων,
577 2935 779 3008 πολλὴν
807 2935 988 2990 δίδωσι
1010 2939 1076 3008 τῇ
1101 2936 1347 3006 ἁμαρτίᾳ
1375 2935 1470 2989 τοῦ
1497 2935 1778 3005 ἐπιτηδεύ·

181 3047 361 3102 ματος
386 3029 610 3096 εἴσοδον,
632 3031 744 3092 τοῖς
764 3028 1065 3099 ἀλλοτρίοις
1096 3026 1586 3097 ἐκπλατυνόμενος.
1612 3025 1776 3079 Ὅθεν

1881 1939 1944 1978 ac
1980 1923 2118 1977 nihil
2147 1924 2252 1980 sibi
2293 1924 2364 1980 ab
2397 1925 2604 1978 auxilio
2639 1925 2733 1979 Dei
2769 1925 3037 1978 bonorum
3096 1927 3464 1981 obventurum

1878 2030 2003 2070 esse
2035 2015 2382 2080 existimans,
2410 2015 2652 2071 studium
2674 2016 2924 2077 oratione
2951 2017 3314 2086 praestabilius
3342 2030 3467 2072 esse

1879 2110 2052 2165 ducit.
2089 2109 2170 2164 Ad
2205 2110 2458 2165 eumdem
2496 2110 2718 2165 modum
2775 2110 2941 2165 etiam
2991 2111 3196 2181 reliqua
3256 2111 3464 2176 studia,

1879 2200 2080 2264 ol'licia,
2128 2208 2295 2271 atque
2327 2201 2589 2256 exercitia
2635 2201 2779 2264 vitae,
2811 2217 2943 2256 cura
2976 2202 3348 2272 corporalium
3400 2215 3467 2256 ac

1881 2301 2227 2349 terrenarum
2261 2309 2469 2359 rerum,
2518 2293 2935 2362 occupationem
2968 2293 3135 2347 animi
3186 2294 3334 2348 circa
3376 2309 3468 2349 res

1879 2386 2117 2454 majores
2175 2394 2343 2457 atque
2387 2386 2646 2440 ctelestes
2693 2394 2998 2440 excernunt
3059 2393 3113 2438 et
3163 2385 3467 2454 expellunt.

1879 2475 2090 2530 Idcirco
2131 2475 2375 2530 abundat
2431 2475 2487 2529 in
2543 2475 2653 2528 vita
2713 2481 3002 2544 peccatum
3058 2474 3470 2542 adiectionibus

1880 2583 2095 2637 semper
2128 2567 2184 2621 in
2232 2567 2411 2635 majus
2443 2581 2769 2636 augescens,
2827 2573 2880 2620 et
2913 2566 3169 2621 omnibus
3206 2566 3468 2623 humanis

1879 2660 2078 2714 studiis
2142 2659 2518 2729 implicatum,
2583 2658 2841 2728 quoniam
2895 2658 3100 2712 oblivio
3154 2657 3247 2712 Dei
3317 2665 3471 2714 tenet

1877 2767 2090 2816 omnes,
2123 2759 2178 2805 et
2201 2751 2472 2806 orationis
2501 2751 2704 2805 bonum
2747 2750 2914 2806 rebus
2956 2750 3119 2805 seriis
3165 2751 3234 2804 ab
3289 2749 3470 2804 homi-

1881 2846 2046 2900 nibus
2083 2860 2190 2898 non
2228 2844 2393 2899 simul
2421 2844 2734 2901 adhibetur.
2764 2842 2884 2898 Una
2933 2859 3058 2897 cum
3096 2843 3473 2912 negotiatione

1879 2935 2183 3006 ingreditur
2240 2935 2490 2989 avaritia.
2540 2933 2780 2986 Avaritia
2837 2946 2968 2987 vero
3025 2931 3465 2985 simulacrorum

1878 3027 2062 3082 cultus
2096 3032 2182 3081 est
2204 3025 2296 3078 η’.
2343 3025 2419 3079 lta
2453 3025 2692 3096 agricola
2717 3023 3108 3094 agriculturam
3141 3021 3471 3077 necessariis

178 3125 234 3176 αί
265 3121 701 3192 δυσθεράπευτοι
745 3120 970 3190 φύονται
1006 3119 1348 3189 φιλονεικίαι,
1385 3119 1514 3189 περὶ
1539 3117 1648 3171 τῶν
1677 3118 1776 3189 τῆς

1921 3121 2075 3177 sibus
2101 3134 2210 3173 non
2247 3118 2493 3178 metitur.
2527 3115 2623 3172 sed
2655 3116 2723 3170 ad
2765 3115 2924 3185 plura
2957 3113 3201 3169 studium
3255 3128 3474 3183 semper

178 3215 283 3286 γῆς
341 3215 484 3286 ὅρων
527 3214 994 3285 ἀντεγειρομένων
1027 3213 1308 3284 ἀλλήλοις,
1355 3212 1466 3265 τῶν
1515 3217 1582 3283 τῇ
1613 3211 1776 3282 ὁμοία

179 3309 326 3378 νόσῳ
379 3308 477 3379 τῆς
520 3307 836 3374 πλεονεξίας
883 3305 1337 3378 κεκρατημένων.
1401 3303 1681 3358 Ἐντεῦθεν
1727 3303 1777 3356 οἱ

180 3397 372 3469 θυμοὶ,
404 3399 498 3452 καὶ
524 3399 580 3451 αἱ
612 3398 749 3470 πρὸς
775 3397 837 3450 τὸ
865 3397 1034 3451 κακὸν
1069 3397 1259 3469 ὁρμαὶ,
1291 3398 1386 3450 καὶ
1420 3397 1476 3449 αἱ
1505 3395 1777 3466 καταλλή-

179 3491 289 3544 λων
325 3489 726 3560 ἐπιχειρήσεις,
770 3489 963 3558 αἵματι
992 3488 1086 3540 καὶ
1120 3487 1266 3557 φόνῳ
1315 3486 1576 3549 πολλάκις
1622 3484 1779 3539 καθί-

182 3598 439 3636 στανται.
487 3580 757 3644 Ὡσαύτως
803 3582 860 3634 αί
894 3581 1023 3653 περὶ
1061 3580 1132 3634 τά
1162 3579 1489 3651 δικαστήρια
1529 3577 1776 3640 σπουδαὶ,

180 3675 303 3737 ταῖς
334 3672 697 3744 πολυτρόποις
723 3672 1022 3746 ἁμαρτίαις
1055 3670 1409 3743 ὑπηρετοῦσι,
1444 3670 1640 3742 μυρίας
1678 3669 1780 3739 τῆς

183 3763 407 3827 ἀδικίας
439 3763 766 3834 συνηγορίας
793 3765 1166 3835 εὑρίσκουσαι.
1215 3763 1273 3817 '0
1301 3762 1614 3835 δικαστὴςῆ
1638 3763 1780 3816 ἑκὼν

184 3855 326 3927 πρὸς
362 3855 424 3908 τὸ
468 3855 662 3926 λῆμμα
689 3855 781 3909 τὸν
823 3855 917 3909 τοῦ
958 3854 1166 3908 δικαίου
1199 3854 1364 3924 ζυγὸν
1397 3855 1707 3920 ἀπέκλινεν,
1740 3853 1774 3926 ἢ

183 3946 462 4010 ἀκουσίως
483 3949 550 4017 τῇ
574 3947 866 4018 περιεργίᾳ
895 3947 1004 4000 τῶν
1031 3945 1128 4017 τὴν
1153 3946 1412 4015 ἀλήθειαν
1440 3941 1780 4017 συγχεόντων

186 4037 634 4110 παρακρουσθεὶς
672 4038 770 4109 τὴν
808 4038 1024 4092 ἀδικίαν
1054 4037 1348 4109 ἐκύρωσεν.
1381 4039 1492 4092 Καὶ
1523 4039 1579 4092 τί
1607 4040 1672 4093 ἄν
1697 4057 1780 4104 τις

185 4129 254 4182 τὰ
276 4127 406 4182 καθ’
430 4128 660 4180 ἕκαστον
685 4128 856 4196 λέγοι,
890 4128 956 4181 δι’
983 4125 1058 4182 ὧν
1088 4131 1122 4199 ἠ
1166 4129 1408 4201 ἁμαρτία
1443 4129 1780 4200 πολυσχιδῶς

187 4219 282 4274 καὶ
322 4218 679 4289 πολυτρόπως
711 4221 778 4289 τῇ
813 4217 1130 4292 ἀνθρωπίνῃ
1174 4219 1285 4291 ζωῇ
1332 4221 1778 4292 καταμίγνυται;

188 4299 295 4370 Ἦς
327 4307 504 4360 αἴτιον
525 4307 677 4360 οὐδὲν
709 4307 898 4379 ἕτερόν
921 4309 1090 4372 ἐστιν,
1119 4308 1153 4380 ἢ
1183 4309 1244 4362 τὸ
1273 4310 1348 4381 μὴ
1377 4312 1782 4384 συμπαραλαμ-

188 4397 450 4452 ὁάνεσθαι
493 4398 646 4470 παρὰ
679 4399 790 4453 τῶν
831 4399 1135 4471 ἀνθρώπων
1187 4401 1286 4472 τὴν
1319 4401 1414 4456 τοῦ
1460 4402 1595 4458 Θεοῦ
1635 4422 1780 4476 συμυ

190 4490 426 4544 πάθειαν
457 4491 592 4562 πρὸς
628 4491 697 4544 τὰ
723 4493 781 4544 ἐν
805 4492 962 4565 χερσὶ
990 4491 1420 4564 σπουδαζόμενα.

1882 3210 2200 3272 intendens,
2250 3208 2380 3262 dum
2439 3206 2634 3260 alienis
2685 3205 2890 3260 ﬁnibus
2952 3203 3289 3274 usurpandis
3337 3219 3476 3260 suos

1881 3315 2045 3371 agros
2077 3302 2244 3357 latius
2274 3299 2503 3370 profert,
2555 3307 2815 3367 magnum
2859 3296 3068 3351 aditum
3105 3303 3332 3366 peccato
3371 3295 3474 3350 ad-

1879 3408 2076 3449 versus
2105 3392 2240 3446 illud
2274 3390 2514 3446 studium
2551 3398 2714 3459 atque
2749 3388 3062 3443 institutum
3105 3390 3229 3441 vitae
3259 3385 3477 3457 patefa-

1881 3488 1979 3542 cit.
2017 3485 2171 3541 Unde
2205 3485 2394 3540 sedatu
2436 3491 2603 3554 atque
2630 3482 2940 3552 compositu
2973 3481 3226 3538 diiliciles
3281 3483 3476 3537 oriun-

1881 3585 1973 3632 tur
1997 3577 2383 3632 contcntioncs
2415 3583 2470 3630 et
2504 3575 2662 3639 lites,
2694 3575 2763 3628 de
2797 3573 2998 3629 Iinibus
3033 3589 3290 3644 agrorum
3330 3575 3481 3631 inter

1883 3686 2004 3727 sese
2030 3682 2250 3724 mutuas
2276 3666 2688 3723 controversias
2743 3667 3121 3722 excitantibus
3153 3668 3241 3733 iis,
3273 3667 3366 3738 qui
3398 3667 3478 3722 si-

1884 3761 1999 3815 mili
2025 3759 2272 3814 avaritiae
2303 3759 2494 3813 morbo
2527 3765 2805 3812 tenentur.
2830 3745 3118 3820 Hinc'irm,
3145 3757 3275 3811 hinc
3303 3759 3480 3828 impe-

1884 3861 1975 3907 tus
2010 3851 2076 3905 ad
2111 3849 2315 3903 malum
2344 3889 2359 3913 ,
2407 3848 2536 3902 hinc
2567 3848 2798 3902 aliorum
2833 3849 3098 3902 adversus
3148 3849 3286 3900 alios
3315 3861 3479 3902 cona-

1884 3957 1976 4000 tus
2023 3959 2054 3997 a
2086 3941 2356 4012 sanguine
2392 3948 2446 3996 et
2479 3940 2626 3995 caade
2687 3955 3063 4010 saepenumero
3111 3941 3327 3995 initium
3375 3955 3482 3996 suo

1883 4044 2062 4092 munt.
2119 4034 2389 4090 Similiter
2437 4048 2618 4103 opera:
2649 4033 2974 4103 iudiciariae,
3034 4032 3164 4087 dum
3215 4040 3479 4088 sexcenta

1884 4137 2051 4198 atque
2107 4126 2322 4180 infinita
2377 4124 2689 4195 iniquitatis
2747 4132 2802 4179 et
2836 4124 3128 4194 iniustitia:
3162 4125 3478 4195 patrocinia

1883 4219 2238 4290 excogitant,
2298 4217 2472 4271 variis
2539 4215 2780 4288 peccatis
2860 4215 3236 4272 subscrviunt.
3296 4214 3476 4271 Judex

1886 4297 1982 4370 aut
2017 4329 2117 4370 sua
2153 4317 2350 4382 sponte
2387 4310 2456 4363 ad
2483 4318 2752 4379 quaestum
2789 4307 3018 4377 justitia:
3053 4307 3248 4362 libram
3287 4308 3474 4363 detor-

1893 4415 2046 4478 quet,
2080 4412 2175 4458 aut
2202 4413 2395 4459 contra
2439 4403 2774 4456 voluntatem
2831 4401 2998 4455 nimia
3057 4401 3361 4456 subtilitate
3411 4416 3476 4456 ac

1809 4493 1861 4553 D
1896 4498 2180 4566 diligentia
2206 4508 2548 4566 supervacua
2575 4492 2860 4548 veritatem
2886 4492 3344 4547 confundentium
3379 4492 3477 4547 de-

190 4589 407 4651 ceptus,
452 4579 599 4650 quod
647 4579 914 4648 injustum
947 4587 1000 4635 et
1066 4580 1314 4651 iniquum
1349 4592 1454 4648 est,
1500 4583 1772 4651 decernit,
1814 4588 2145 4658 comprobat
2172 4595 2339 4656 atque
2377 4587 2689 4638 contirmat.
2726 4581 2790 4636 Et
2855 4583 2984 4653 quid
3028 4585 3218 4638 attinet
3284 4585 3476 4655 singu-

191 4673 662 4742 latimexponere,
696 4672 899 4741 quibus
928 4671 1093 4728 rebus
1125 4673 1525 4743 multipliciter,
1583 4678 1886 4750 multisque
1952 4677 2132 4733 modis
2197 4684 2480 4746 peccatqu
2567 4675 2819 4728 humanae
2865 4677 2988 4728 vitae
3042 4673 3479 4729 commiscetur?

191 4765 355 4834 cujus
389 4763 599 4834 peccati
646 4763 796 4817 nulla
839 4763 946 4817 alia
999 4779 1165 4817 causa
1197 4772 1304 4828 est,
1339 4781 1503 4834 quam
1541 4768 1690 4838 quod
1723 4771 1792 4824 ad
1833 4786 1919 4835 ea,
1955 4785 2078 4840 qua:
2116 4769 2168 4821 iu
2213 4767 2468 4821 manibus
2536 4766 2760 4830 habent,
2809 4777 2862 4820 et
2940 4765 3186 4820 studiose
3238 4773 3476 4822 tractant

193 4857 435 4928 negotia,
469 4856 716 4910 divinum
738 4856 901 4911 etiam
933 4856 1198 4910 auxilium
1231 4857 1482 4914 homines
1533 4875 1641 4914 non
1699 4862 1864 4918 simul
1894 4862 2155 4917 adhibent
2184 4867 2238 4915 et
2268 4865 2579 4914 assumunt.

277 4951 406 5005 Ἐάν
433 4949 568 5021 εὐχὴ
603 4951 702 5020 τῆς
750 4950 992 5020 σπουδῆς
1031 4953 1443 5023 προηγήσηται,
1475 4955 1508 5025 ἡ
1537 4956 1786 5028 ἁμαρτία

197 5043 430 5117 πάροδον
464 5042 605 5099 κατά
641 5046 742 5114 τῆς
778 5043 959 5115 ψυχῆς
992 5044 1089 5115 οὐχ
1117 5045 1360 5117 εὑρήσει.
1399 5047 1512 5117 Τῆς
1544 5049 1651 5120 γὰρ
1689 5049 1784 5104 τοῦ

196 5136 333 5189 Θεοῦ
362 5137 582 5208 μνήμης
610 5137 669 5189 ἐν
701 5139 767 5207 τῇ
808 5136 1008 5208 καρδίᾳ
1037 5136 1470 5210 καθιδρυμένης,
1513 5139 1785 5212 ἄπρακτοι

201 5227 456 5297 μένουσιν
481 5229 534 5280 αἱ
559 5226 654 5281 τοῦ
677 5229 1052 5297 ἀντικειμένου
1077 5228 1312 5283 ἐπίνοιαι
1339 5247 1351 5261 ·
1389 5231 1666 5303 πανταχοῦ
1686 5233 1788 5304 τῆς

199 5319 544 5390 δικαιοσύνης
579 5321 637 5373 ἐν
665 5322 778 5384 τοῖς
806 5319 1342 5392 ἀμφισϐητουμένοις
1373 5322 1784 5394 μεσιτιυούσης.

213 5414 430 5484 Ἐπέχει
464 5413 674 5468 καὶτὸν
706 5413 950 5485 γεωργὸν
983 5415 1085 5485 τῆς
1125 5415 1400 5486 ἁμαρτίας
1425 5417 1459 5487 ἡ
1486 5419 1784 5490 προσευχὴν

200 5508 257 5558 ἐν
301 5507 465 5577 ὀλίγῳ
513 5506 615 5577 τῆς
658 5507 762 5577 γῆς
807 5506 934 5570 τοὺς
966 5507 1212 5578 καρποὺς
1261 5506 1661 5575 πλεονάζουσα,
1709 5509 1785 5572 ὡς

205 5599 398 5669 μηκέτι
449 5600 517 5669 τῇ
560 5597 654 5652 τοῦ
703 5598 947 5664 πλείονος
996 5598 1264 5672 ἐπιθυμίᾳ
1312 5599 1638 5654 συνεισιέναι
1681 5599 1780 5672 τὴν

275 5761 343 5794 ¹¹⁸
370 5762 586 5819 Coloss.
617 5779 700 5825 ιιι.
737 5764 788 5820 5.

1963 4956 2121 5024 Quod
2150 4955 2195 5011 si
2225 4955 2403 5009 oratio
2445 4954 2725 5024 negotium
2782 4954 3149 5034 praecesserit.
3188 4963 3476 5024 peccatum

1890 5050 2157 5106 adversus
2208 5049 2448 5102 animam
2491 5048 2701 5102 aditum
2732 5063 2840 5100 non
2900 5047 3163 5102 inveniet.
3197 5045 3291 5101 Dei
3325 5048 3477 5102 enim

1891 5141 2154 5196 memoria
2181 5141 2236 5194 in
2283 5140 2452 5195 corde
2481 5139 2588 5193 lixa
2625 5149 2790 5210 atque
2836 5138 3086 5206 fundata,
3138 5139 3296 5194 irrita
3341 5155 3477 5194 con-

1889 5234 2011 5288 silia
2041 5232 2344 5288 adversarii
2380 5240 2628 5298 manent,
2657 5232 2876 5303 justitia
2917 5248 3039 5288 sese
3071 5233 3304 5288 mediam
3350 5234 3480 5290 ubi-

1890 5342 1998 5395 que
2063 5324 2455 5380 controversiis
2519 5324 2954 5396 iuterponente;
3018 5325 3275 5396 prohibet
3345 5325 3477 5382 item

1893 5418 2186 5488 agricolam
2219 5433 2246 5469 a
2281 5423 2505 5486 peccato
2549 5417 2748 5484 oratio,
2813 5418 2871 5472 in
2917 5418 3115 5488 exiguo
3138 5419 3254 5490 agri
3313 5420 3478 5475 modo

1891 5509 2109 5564 fructus
2145 5508 2542 5578 multiplicans,
2580 5525 2649 5564 ne
2672 5516 2864 5580 postea
2901 5510 3138 5580 amplius
3189 5525 3299 5564 una
3346 5524 3473 5565 cum

1895 5601 2019 5672 plus
2055 5599 2290 5656 habendi
2329 5601 2626 5671 cupiditate
2664 5611 2946 5672 peccatum
3000 5602 3354 5676 ingrediatur.
3400 5603 3475 5658 Ita
