1925 3112
188 152 262 181 1125

809 152 838 179 S.
860 150 1025 178 ῦηεοοίιιι
1045 150 1191 179 κῖεωδῖι

1740 149 1813 176 ΗΞὲ

189 211 291 242 viator,
307 208 345 236 ita
361 209 409 244 qui
425 209 627 244 expeditionem
645 209 686 237 vel
701 209 810 244 nuptias
821 212 899 244 parat
915 218 921 235 :
938 209 974 235 ita

1027 209 1174 244 ἁμαρτίαν.
1187 208 1282 240 Οὕτως
1294 210 1310 237 ὸ
1320 208 1469 245 ὀδοιπόρος.
1485 206 1570 238 οὕτως
1582 207 1596 234 ό
1606 206 1653 233 ἐπὶ
1665 207 1814 242 στρατείαν

189 255 348 291 quicunque
361 255 482 282 animum
505 255 540 282 ad
564 255 674 290 aliquod
699 255 838 290 negotium
863 254 974 288 adjecit.

189 299 214 327 si
242 306 305 326 cuin
331 299 456 326 oratione
476 300 618 334 quodlibet
644 303 717 334 agat.
740 306 871 334 prospero
894 303 977 334 atque

188 342 261 370 {elici
277 350 408 371 successu
423 344 594 379 negotiarum
613 351 628 371 a
655 343 794 379 peccando
808 343 973 376 abducetur,

188 389 266 416 nullo
279 388 437 417 adversario
454 390 572 416 animam
595 389 628 416 ad
658 389 754 416 vitium
772 388 907 416 trahente.
926 388 975 416 Sin

188 437 281 460 autem
300 433 396 460 relicto
410 433 480 463 Deo.
504 434 613 468 negotio
631 437 703 460 totus
732 433 855 461 intentus
881 433 974 466 fuerit,

187 479 301 505 omnino
318 486 430 505 necesse
441 483 492 510 est.
514 483 543 505 ul
556 487 570 505 a
590 478 644 505 Deo
662 482 783 505 remotus
798 487 860 506 cum
875 479 974 506 adver—

189 525 263 551 sario
278 532 391 559 prorsus
408 531 540 552 versetur.
563 524 674 552 Recedit
699 529 788 551 autem
803 532 818 551 a
847 524 913 557 Deo,
928 524 973 559 qui

189 580 237 607 per
253 574 403 599 orationem
425 580 485 599 sese
510 572 564 599 Deo
580 580 633 599 non
651 572 803 606 conjungit.
823 572 893 607 Ergo
922 573 974 598 hoc

189 618 266 652 prius
281 619 404 645 oratione
415 619 530 645 docendi
544 619 622 649 estis,
639 619 711 652 quod
730 626 837 652 semper
854 625 933 644 orare
948 622 974 644 et

188 671 244 691 non
258 664 401 698 defatigari
415 669 538 698 oporteat
548 665 580 690 ¹¹.
596 663 648 690 Per
662 664 813 690 orationem
824 664 895 690 enim
912 672 973 690 cum

190 709 246 737 Deo
265 718 325 737 esse
339 710 484 744 contingit.
502 712 536 736 At
551 710 596 744 qui
613 718 674 737 cum
693 710 748 737 Deo
761 714 812 743 est,
829 710 863 736 ab
879 710 975 736 adver-

188 756 264 782 sario
282 760 403 782 remotus
420 760 473 782 est.
491 755 585 782 Oratio
601 755 739 790 pudicitiae
760 755 917 789 prmsidium
934 758 974 781 at-

187 809 242 835 que
260 805 381 828 tutamen
397 805 449 831 est,
464 801 510 827 ira:
525 801 688 832 moderatio,
707 802 843 835 superbia:
870 799 974 827 sedatio

188 852 271 881 atque
288 847 433 881 repressio,
452 847 615 880 iniuriarum
645 847 748 873 tenacis
764 847 901 873 memoria:
928 854 975 872 ex-

189 893 326 927 purgatio,
342 893 450 919 invidiae
480 892 644 927 prolligatio,
673 891 814 926 injustitia:
839 891 973 921 sublatio,
991 882 1011 910 Β

189 939 337 974 impietatis
353 939 500 965 correctio.
523 938 618 965 Oratio
634 946 783 973 corporum
811 937 896 964 robur
921 940 973 969 est,

189 984 359 1011 abundantia
372 983 481 1015 domus,
496 988 568 1010 recta
584 984 655 1017 juris
669 992 700 1010 ac
718 984 806 1018 legum
823 983 850 1009 in
865 982 975 1008 civitate

188 1030 360 1060 constitutio,
379 1030 452 1063 regni
466 1029 549 1060 vires,
572 1029 633 1055 belli
657 1030 818 1063 troplucum,
838 1028 913 1063 pacis
930 1035 974 1054 se—

189 1076 310 1105 curitas,
340 1074 531 1101 dissidentium
564 1075 736 1106 conciliatio,
764 1075 974 1108 coniunctorum

189 1121 371 1147 conservatio.
391 1120 486 1147 Oratio
498 1121 665 1155 virginitatis
681 1121 799 1155 sigillum
812 1126 863 1151 est,
880 1120 976 1146 matri-

189 1166 272 1193 monii
292 1166 369 1197 ﬁiles,
387 1166 539 1193 viatoribus
555 1171 682 1197 scutum,
710 1166 904 1193 dormientium
927 1175 975 1193 eu-

189 1217 263 1243 stos,
291 1212 461 1246 vigilantium
487 1212 598 1243 liducia,
626 1212 806 1247 agricolarum
836 1212 973 1244 fertilitas.

190 1257 375 1291 navigantium
394 1257 478 1283 salus.
500 1257 594 1283 Oratio
624 1265 733 1284 reorum
749 1263 776 1284 et
791 1265 902 1284 causam
932 1258 975 1284 di-

189 1295 309 1328 centium
324 1302 449 1334 patrona,
469 1301 613 1328 noxiorum
625 1309 657 1328 ac
672 1302 827 1328 vinctorum
845 1303 976 1329 relaxatio

190 1351 271 1381 atque
299 1348 409 1378 solutio,
442 1347 615 1382 fatigatorum
642 1348 766 1382 requies.
799 1350 973 1375 [merentium

189 1393 353 1423 consolatio,
365 1392 539 1427 gaudentium
553 1393 636 1418 animi
652 1392 808 1424 delectatio,
824 1393 975 1426 lugentium

189 1437 329 1469 solatium,
350 1438 460 1471 nuptias
481 1437 702 1463 contrahentiutn
726 1445 838 1468 corona,
860 1437 975 1463 natalilii

190 1482 251 1509 festi
264 1483 421 1515 celebratio,
432 1483 605 1510 morientium
626 1482 721 1510 funus.
741 1482 846 1515 Oratio,
859 1491 975 1509 conver-

190 1528 260 1554 satio
276 1527 525 1562 sermocinatioque
547 1535 609 1554 cum
637 1527 691 1555 Deo
719 1532 771 1560 est,
803 1529 890 1555 visum
907 1528 974 1556 eﬂ‘u-

190 1573 322 1607 sicutium
339 1573 545 1607 contemplatio,
568 1581 662 1600 eorum
684 1582 745 1609 qum
772 1575 975 1609 concupiscun-

189 1624 245 1650 tur,
260 1624 334 1646 certa
348 1618 433 1646 lides:
448 1618 569 1652 ejusdem
586 1627 647 1646 cum
665 1621 769 1655 angelis
784 1621 895 1648 honoris
912 1629 976 1648 con—

190 1664 269 1697 ditio,
284 1665 418 1691 bonorum
435 1672 598 1699 progressus
615 1670 641 1691 et
658 1666 867 1697 incrementum,
891 1668 976 1693 malo-

191 1718 251 1737 rum
280 1710 435 1741 subversio,
469 1715 643 1744 peccatorum
669 1712 834 1742 emendatio,
854 1720 975 1747 pnesen-

191 1756 259 1782 tium
288 1756 414 1786 fructus,
449 1755 601 1782 futurorum
633 1757 851 1790 comprehensio.
883 1757 976 1784 Oratio

190 1801 265 1828 Iona:
281 1802 389 1836 quidem
414 1805 504 1827 cetum
530 1801 641 1828 domum
671 1802 760 1829 effecit
774 1803 814 1829 ":
834 1804 975 1830 Ezechiam

193 1855 255 1875 vero
271 1855 301 1874 ei
324 1848 409 1882 portis
426 1848 522 1874 mortis
540 1848 572 1874 ad
594 1848 678 1875 vitam
707 1849 814 1875 reduxit
829 1850 867 1876 “2
887 1851 976 1876 trihus

191 1897 281 1920 autem
304 1893 525 1920 adolescentibus
553 1893 579 1920 in
599 1898 711 1920 ventum
739 1899 876 1921 rorantem
901 1895 977 1921 [lam-

191 1947 263 1965 mam
284 1939 417 1966 convertit
430 1939 470 1971 ¹⁸;
500 1938 632 1966 lsraeliiis
653 1940 786 1968 adversus
810 1941 976 1968 Amalecilas

191 1984 339 2018 trophazum
358 1985 444 2012 erexit
460 1985 492 2016 “,
512 1989 539 2011 et
554 1989 663 2012 centum
691 1986 833 2020 octoginta
854 1987 976 2022 quinque

192 2030 275 2056 iutilia
291 2030 467 2065 Assyriorum
483 2038 535 2057 una
550 2036 631 2058 nocte
644 2032 736 2066 gladio
752 2033 882 2060 invisibili
915 2041 977 2068 pro-

191 2076 288 2103 stravit
301 2077 333 2103 ".
353 2077 441 2111 Atque
455 2082 582 2104 sexcenta
599 2084 696 2112 praeter
717 2079 772 2106 haec
793 2088 826 2106 ex
848 2080 891 2110 iis,
916 2088 976 2114 qua:

188 2122 244 2156 jam
258 2122 428 2152 acciderunt.
440 2123 563 2156 exempla
582 2123 644 2150 licet
659 2124 798 2151 invenire:
816 2125 914 2160 quibus
925 2133 975 2160 pa-

192 2169 245 2195 lam
261 2168 299 2199 ﬁt,
316 2169 431 2195 nihilex
449 2170 492 2200 iis,
507 2178 568 2203 qme
589 2178 636 2204 per
652 2170 724 2197 hanc
740 2171 823 2198 vitam
847 2172 976 2198 coluntur

1025 255 1042 290 ἢ
1060 254 1148 289 γάμον
1163 254 1353 289 στελλόμενοςο
1372 254 1459 286 οὕτως
1471 254 1525 285 πᾶς
1539 252 1661 280 ὁστισοῦν
1672 252 1728 278 τῶν
1743 251 1815 286 πρός

1024 308 1051 326 τι
1064 301 1114 335 τὴν
1129 300 1216 336 ὁρμὴν
1234 300 1360 335 ἐχόντων,
1376 301 1401 327 ει
1415 299 1474 335 μετ’
1489 299 1573 334 εὐχῆς
1586 298 1700 325 ἕκαστον
1721 297 1816 332 πράτ-

1024 353 1106 375 τοιτο.
1122 346 1155 381 τῇ
1173 345 1241 380 πρὸς
1256 345 1286 372 τὸ
1311 345 1526 381 σπουδαζόμενον
1543 343 1632 379 εὐοδίςι
1655 343 1703 370 τοῦ
1722 343 1816 378 ἁμαρ-

1024 391 1114 417 τάνειν
1129 391 1366 426 ἀπατραπήσεται,
1389 390 1495 422 οὐδενὸς
1518 388 1637 416 ἐναντίου
1658 388 1708 422 τὴν
1723 387 1817 423 ψυχὴν

1024 436 1092 469 πρὸς
1113 434 1199 467 πάθος
1224 435 1408 467 καθέλκοντος.
1431 436 1463 462 Εἰ
1481 434 1510 461 δὲ
1533 433 1653 465 ἀποστὰς
1673 432 1722 459 τοῦ
1744 431 1816 458 Θεοῦ

1024 481 1083 512 ὅλος
1098 482 1201 515 γένοιτο
1216 482 1264 515 τῆς
1279 481 1410 516 σπουδῆς,
1426 481 1532 515 ἀνάγκη
1548 480 1620 506 πᾶσα
1635 479 1681 505 τὸν
1696 477 1750 510 ἔξω
1767 476 1815 503 τοῦ

1025 527 1092 553 θεοῦ
1105 528 1168 554 όντα
1183 529 1210 554 ὲν
1223 536 1261 562 τῳ
1277 527 1389 562 ἐναντίῳ
1404 527 1512 558 πάντως
1525 523 1605 552 εἶναι.
1619 523 1776 559 Χωρίζεται
1786 522 1832 551 Bk.

1024 573 1070 599 τοῦ
1094 574 1171 605 Θεοῦ,
1189 575 1203 600 ό
1221 573 1258 609 μὴ
1272 574 1413 605 συνάπτων
1426 572 1520 599 ἑαυτὸν
1540 572 1583 598 διὰ
1605 570 1763 607 προσευχῆς
1775 568 1817 604 τῷ

1024 619 1094 653 Θεῷ.
1117 619 1221 645 Οὐκοῦν
1238 619 1316 645 τοῦτο
1330 619 1383 654 χρὴ
1409 618 1540 654 πρότερον
1561 617 1634 652 ἡμᾶς
1655 614 1818 650 διδαχθῆναι

1024 665 1062 700 τῷ
1077 665 1157 700 λόγῳ,
1172 666 1213 691 ὅτι
1227 666 1268 691 δεῖ
1287 665 1400 691 πάντοτε
1416 663 1624 699 προσεύχεσθαι,
1642 661 1690 688 καὶ
1707 661 1746 696 μὴ
1769 661 1817 686 ὲκ-

1025 711 1129 735 κακείν.
1160 710 1206 736 Ἐκ
1228 710 1282 744 γὰρ
1306 709 1352 735 τοῦ
1375 708 1571 744 προσεύχεσθαι
1589 706 1760 742 περιγίνεται
1785 703 1817 730 τὺ

1013 752 1094 789 ’μετὰ
1116 754 1183 781 Θεοῦ
1209 754 1286 781 εἶναι.
1307 755 1336 780 '0
1358 754 1385 780 δὲ
1409 754 1477 789 μετὰ
1490 753 1556 780 Θεοῦ
1569 753 1617 784 ὢν,
1630 752 1676 778 τοῦ
1691 753 1815 778 ἀντικει-

1027 801 1107 835 μένου
1122 801 1293 837 κεχώρισται.
1312 801 1452 837 Προσενχὴ
1468 800 1643 835 σωφροσύνης
1659 799 1717 825 ἐστὶ
1731 798 1817 832 (pola-

1026 847 1146 881 κτήριον,
1162 847 1247 882 θυμοῦ
1265 848 1444 881 παιδαγωγία,
1461 847 1545 881 τύφου
1566 843 1727 880 καταστολὴ.
1744 852 1815 879 μνη-

1028 891 1152 923 σικακίας
1179 892 1344 927 καθάρσιον,
1370 892 1468 926 φθόνου
1498 890 1677 926 καθαίρεσις,
1706 888 1817 919 ἀδικίας

1026 936 1174 971 ἀναίρεσις.
1195 938 1322 968 ἀσεϐείας
1341 937 1534 972 ἐπανόρθωσις.
1555 935 1696 971 Προσευχὴ
1721 934 1816 969 σωμά-

1025 989 1079 1007 των
1103 982 1175 1008 ἐστὶν
1202 983 1288 1017 ἰσχὺς,
1307 983 1394 1014 οίκίας
1417 982 1537 1018 εύθηνία,
1560 981 1665 1012 πόλεως
1687 979 1815 1014 εὐνομία,

1027 1027 1164 1060 βασιλείας
1179 1029 1286 1062 κράτος,
1304 1029 1420 1064 πολέμου
1437 1028 1575 1064 τρόπαιον,
1592 1028 1704 1062 εἰρήνης
1723 1026 1815 1060 ἀσφά-

1026 1073 1103 1103 λεια,
1127 1074 1180 1100 τῶν
1203 1074 1351 1100 διεστώτων
1376 1074 1539 1109 συναγωγὴ,
1561 1073 1613 1100 τῶν
1637 1072 1814 1099 συνεστώτων

1025 1119 1149 1154 διαμονή.
1174 1120 1314 1155 Προσευχὴ
1329 1120 1477 1155 παρθενίας
1496 1119 1554 1145 ἐστὶ
1576 1118 1706 1154 σφραγὶς,
1723 1117 1813 1153 γάμου

1026 1165 1126 1195 πίστις,
1144 1164 1292 1199 ὁδοιπόροις
1307 1165 1396 1196 ὅπλον,
1425 1163 1601 1199 κοιμωμένων
1616 1162 1714 1197 φύλαξ,
1730 1163 1814 1198 ἐγρη-

1026 1210 1144 1244 γορότων
1166 1210 1278 1245 θάρσος,
1303 1210 1432 1246 γεωργῶν
1457 1211 1580 1246 εύφορία,
1597 1209 1814 1244 ναυτιλλομένων

1027 1256 1156 1289 σωτηρία.
1182 1255 1321 1290 Προσευχὴ
1343 1256 1508 1291 κρινομένων
1524 1256 1682 1292 συνήγορος,
1702 1255 1813 1290 δεδεμέ-

1026 1309 1077 1326 νων
1089 1301 1189 1332 ἄνεσις,
1203 1303 1381 1336 κεκμηκότων
1397 1302 1559 1333 ἀνάπαυσις,
1572 1301 1751 1336 λυπουμένων
1763 1309 1813 1326 πα-

1027 1348 1154 1382 ραμυθία,
1174 1348 1320 1382 χαιρόντων
1335 1347 1461 1382 θυμηδία,
1484 1347 1653 1374 πενθούντων
1671 1346 1813 1382 παράκληη

1027 1401 1077 1424 σις,
1094 1394 1252 1428 γαμούντων
1269 1393 1407 1427 στέφανος,
1423 1393 1567 1426 γενεθλίων
1587 1392 1679 1428 ἑορτὴ,
1695 1392 1813 1426 ἀποθνη-

1028 1439 1144 1464 σκόντων
1160 1439 1292 1472 ὲντάῳιον.
1310 1438 1451 1474 Προσευχὴ
1466 1438 1533 1465 Θεοῦ
1552 1438 1655 1472 ὁμιλία,
1670 1438 1725 1464 τῶν
1736 1438 1814 1473 ἀορά-

1027 1493 1080 1509 των
1109 1483 1208 1518 θεωρία
1228 1493 1234 1498 ·
1262 1484 1314 1510 τῶν
1334 1484 1539 1519 ἐπιθυμούντων
1562 1484 1745 1520 πληροφορία,
1760 1484 1813 1510 τῶν

1026 1530 1148 1563 ἀγγέλων
1164 1530 1300 1565 ὁμοτιμία,
1318 1530 1372 1556 τῶν
1388 1530 1477 1557 καλῶν
1492 1529 1627 1566 προκοπὴ,
1648 1529 1704 1556 τῶν
1720 1529 1814 1556 κακῶν

1027 1576 1176 1611 ἀνατροπὴ,
1193 1577 1246 1602 τῶν
1262 1577 1470 1612 ἁμαρτανόντων
1484 1577 1633 1612 διόρθωσις,
1647 1576 1704 1603 τῶν
1714 1576 1813 1611 παρόν-

1026 1631 1080 1648 των
1093 1623 1249 1653 ἀπόλαυσις,
1266 1623 1319 1648 τῶν
1338 1622 1487 1657 μελλόντων
1499 1622 1654 1653 ὑπόστασις.
1672 1620 1814 1658 Προσευχὴ

1026 1669 1065 1703 τῷ
1081 1669 1129 1703 μὲν
1150 1669 1235 1704 Ἰωνᾷ.
1253 1669 1283 1694 τὸ
1298 1669 1378 1703 κῆτος
1391 1666 1463 1694 οἷκον
1477 1668 1615 1703 ἐποίησεν·
1632 1667 1678 1694 τὸν
1692 1667 1721 1694 δὲ
1742 1667 1814 1699 Ἑζε-

1027 1715 1088 1741 κίαν
1102 1715 1190 1740 αὐτῶν
1206 1715 1296 1741 πυλῶν
1309 1714 1354 1741 τοῦ
1369 1715 1482 1741 θανάτου
1500 1714 1567 1750 πρὸς
1580 1714 1629 1749 τὴν
1643 1712 1718 1749 ζωὴν
1731 1714 1814 1740 {mv-

1027 1761 1129 1794 ήγαγεν
1139 1769 1145 1775 ·
1160 1762 1215 1792 τοῖς
1232 1760 1259 1786 δὲ
1276 1761 1348 1795 τρισὶ
1360 1760 1431 1792 νέοις
1446 1761 1485 1792 εἰς
1497 1759 1604 1795 πνεῦμα
1615 1759 1751 1796 δροσῶδες
1765 1759 1814 1795 τὴν

1028 1807 1112 1840 φλόγα
1143 1806 1270 1841 ἔτρεψεν·
1298 1807 1344 1832 καὶ
1364 1808 1419 1839 τοῖς
1454 1806 1633 1842 Ἰσραηλίταις
1663 1805 1737 1832 κατὰ
1760 1805 1814 1832 τιῖιν

1034 1853 1221 1887 ’Λμαληκιτῶν
1244 1853 1374 1888 ἀνέστησε
1396 1853 1543 1889 τρόπαιον·
1576 1852 1623 1879 καὶ
1643 1851 1695 1884 τὰς
1717 1851 1814 1879 ἑκατὸν

1027 1898 1189 1933 ὀγδοήκοντα
1213 1898 1259 1924 καὶ
1277 1898 1358 1924 πέντε
1383 1897 1503 1932 χιλιάδας
1523 1896 1577 1923 τῶν
1597 1896 1748 1932 Ἀσσυρίων
1766 1897 1815 1932 μιᾷ

1027 1944 1103 1970 νυκτὶ
1116 1945 1148 1979 τῇ
1164 1944 1272 1979 ἀοράτῳ
1285 1944 1417 1979 ῥομφαίᾳ,
1433 1943 1632 1979 κατέστρωσεν.
1654 1942 1710 1978 καὶ
1727 1942 1815 1978 μυρία

1027 1990 1096 2025 πρὸς
1109 1990 1214 2021 τούτοις
1237 1991 1308 2018 ιττιν
1323 1990 1413 2024 εὑρεῖν
1431 1990 1464 2016 ἐκ
1485 1988 1539 2015 τῶν
1620 1988 1814 2024 γεγενημένων

1026 2037 1060 2063 τὰ
1082 2036 1277 2070 ὑποδείγματα,
1293 2035 1326 2061 δι’
1342 2032 1379 2061 ὦν
1405 2034 1521 2070 φανερὸν
1535 2034 1656 2068 γίνεται,
1677 2034 1709 2060 τὸ
1731 2034 1814 2070 μηδὲν

1026 2082 1075 2116 τῆς
1098 2082 1248 2117 προσευχῆς
1270 2078 1338 2107 εἶναι
1362 2081 1416 2107 τῶν
1447 2080 1516 2107 κατὰ
1541 2080 1590 2116 τὴν
1615 2079 1689 2115 ζωὴν
1715 2080 1814 2116 τιμίων

1026 2128 1171 2163 ἀνώτερον.
1196 2127 1276 2153 Ἀλλὰ
1293 2127 1387 2163 καιρὸς
1410 2126 1443 2154 ἂν
1460 2126 1504 2162 εἴη
1521 2127 1588 2162 πρὸς
1601 2126 1686 2160 αὐτὴν
1698 2126 1750 2162 ἢδη
1764 2126 1814 2163 τήν

1027 2174 1178 2209 προσευχὴν
1191 2173 1371 2208 ἀσχοληθῆναι
1383 2180 1390 2188 ·
1409 2172 1506 2208 μᾶλλον
1521 2172 1551 2198 δὲ
1568 2172 1664 2207 μικρὸν
1674 2171 1717 2198 ἔτι
1728 2180 1813 2208 προσ-

190 2218 217 2240 ct
234 2214 259 2240 in
274 2214 361 2248 pretio
377 2220 450 2245 sunt,
475 2215 593 2241 orationi
624 2221 764 2249 praestare.
785 2215 838 2243 Sed
868 2221 974 2251 tempus

1029 2218 1118 2253 θῶμεν
1134 2218 1172 2253 τῷ
1193 2218 1274 2253 λόγῳ,
1287 2218 1327 2244 ὅτι
1339 2217 1442 2244 πολλῶν
1454 2217 1500 2243 καὶ
1514 2217 1692 2244 παντοδαπῶν
1702 2217 1812 2251 ἀγαθῶν

191 2259 282 2288 fuerit.
299 2259 355 2293 jam
376 2259 427 2293 ipsi
455 2260 572 2286 orationi
600 2268 711 2295 operam
739 2262 825 2289 dare:
849 2262 975 2297 quininio

191 2302 331 2337 paululum
349 2304 429 2330 etiam
447 2305 569 2331 sermoni
589 2305 680 2332 adhuc
707 2306 879 2339 adjiciamus,
903 2307 974 2341 quod

190 2356 252 2375 cum
274 2348 359 2374 multa
373 2356 405 2374 ac
420 2349 495 2375 varia
513 2356 527 2374 a
556 2349 646 2375 divina
677 2350 765 2384 gratia
794 2351 864 2377 bona
896 2352 974 2378 nobis

189 2393 348 2427 obtigerint,
360 2401 444 2419 unum
462 2394 513 2421 hoc
525 2394 558 2421 ad
575 2396 784 2422 retributionem
797 2404 902 2428 eorum,
914 2406 974 2432 qua:

189 2438 356 2473 accepimus,
382 2438 523 2470 habemus,
545 2444 574 2466 ut
590 2448 638 2474 per
655 2442 805 2469 orationem
831 2444 933 2476 pariter
948 2448 974 2470 et

189 2484 339 2520 gratiarum
358 2484 505 2517 actionem,
528 2484 732 2513 benefactorem
755 2495 971 2515 remunerentur.

231 2529 366 2558 Existimo
376 2531 467 2566 igitur,
475 2531 547 2566 quod
555 2531 578 2558 si
587 2532 628 2558 vel
637 2538 773 2567 pertotam
790 2533 872 2559 vitam
891 2541 974 2560 orau-

188 2575 223 2602 do
236 2580 318 2609 atque
333 2576 436 2609 gratias
450 2575 556 2609 agendo
569 2577 826 2605 sermocinationem
839 2587 900 2605 cum
919 2579 974 2606 Deo

188 2620 392 2651 continuemus,
409 2623 515 2646 tantum
534 2621 568 2648 ab
583 2629 625 2652 ea,
647 2630 729 2656 quam
746 2622 803 2649 ﬁeri
820 2632 868 2658 par
888 2629 972 2657 esset,

187 2666 368 2693 retributione
385 2666 506 2693 abfuturi
524 2668 621 2699 simus,
636 2673 768 2703 quantum
783 2670 806 2697 si
822 2678 871 2697 nec
885 2671 972 2698 omni-

188 2718 224 2738 no
238 2711 348 2746 quidem
365 2711 399 2738 ab
428 2712 507 2739 initio
538 2714 707 2741 remunerari
724 2714 925 2742 benefactorem
944 2716 973 2742 in

225 2811 247 2826 ¹¹
263 2809 330 2837 Luc.
346 2819 423 2843 xuii,
442 2811 468 2838 ί.

191 2844 212 2862 ¹¹¹
228 2844 259 2873 ιν
278 2845 343 2879 Reg.
368 2853 425 2878 xu,
439 2847 482 2873 55.

509 2813 529 2829 "
553 2813 614 2842 .lon.
633 2816 691 2849 “,3
710 2823 772 2851 sqq.
810 2817 832 2832 ιδ
844 2816 877 2844 IV
898 2816 963 2852 Reg.
982 2824 1028 2850 xx,
1043 2816 1132 2852 Ssqq.

1030 2264 1104 2299 παρὰ
1133 2264 1182 2299 τῆς
1218 2263 1293 2294 θείας
1319 2263 1429 2298 χάριτος
1453 2263 1519 2298 ἡμῖν
1554 2261 1754 2297 ὑπαρξάντων,
1783 2262 1812 2288 ἓν

1027 2310 1104 2337 τοῦτο
1124 2309 1191 2344 πρὸς
1213 2309 1346 2336 ἀντίδοσιν
1365 2305 1402 2335 ὧν
1426 2308 1576 2343 εἰλήφαμεν
1591 2308 1702 2343 Εχομεν,
1725 2307 1757 2335 to
1769 2308 1812 2335 διὰ

1028 2354 1181 2389 προσευχῆς
1195 2361 1224 2380 τε
1248 2353 1295 2380 καὶ
1318 2353 1491 2389 εὐχαριστίας
1506 2353 1549 2379 τὸν
1570 2352 1718 2388 εὐεργέτην
1734 2352 1809 2388 apei-

1027 2401 1132 2426 ὕεσθαι.

1063 2533 1211 2568 Λογίζομαι
1234 2534 1322 2559 τοίνυν
1341 2534 1383 2560 ὅτι
1397 2533 1449 2560 κᾶν
1463 2533 1537 2568 πάσῃ
1550 2534 1582 2568 τῇ
1607 2531 1663 2568 ζωῇ
1680 2531 1730 2568 τὴν
1745 2532 1811 2568 πρὸς

1026 2579 1071 2604 τὸν
1096 2579 1162 2605 Θεὸν
1185 2579 1292 2614 ὁμιλίαν
1309 2579 1573 2615 συμπαρατείνωμεν
1587 2578 1811 2614 εὐχαριστοῦντες

1027 2626 1073 2651 καὶ
1086 2625 1306 2660 προσευχόμενοι,
1322 2625 1447 2653 τοσοῦτον
1463 2625 1513 2660 τῆς
1529 2624 1600 2652 κατὰ
1614 2624 1664 2660 τὴν
1677 2624 1812 2652 ἀντίδοσιν

1027 2670 1105 2702 ἀξίας
1119 2670 1330 2706 ἀπολειπόμεθα,
1348 2671 1410 2698 ὅσον
1426 2671 1451 2697 εί
1475 2670 1542 2706 μηδὲ
1556 2669 1606 2705 τὴν
1626 2671 1716 2706 ἀρχὴν
1739 2670 1811 2698 ἀντι,

1028 2715 1117 2742 δοῦναι
1131 2716 1169 2751 τῷ
1183 2716 1314 2754 εὐεργέτῃ
1328 2716 1567 2753 προεθυμήθημεν.
1591 2715 1635 2742 Ἑν
1650 2715 1727 2752 τρισὶ
1739 2715 1811 2752 τμή-

1174 2818 1194 2834 ι⁸
1208 2816 1276 2845 Dan.
1293 2824 1312 2849 l,
1330 2815 1366 2844 ‘23
1379 2823 1441 2852 sqq.
1481 2815 1503 2832 ¹⁸
1514 2814 1601 2843 Exod.
1614 2822 1683 2849 ml,
1701 2814 1731 2842 Η
1749 2822 1808 2851 αις.
