3850 6224
151 341 297 398 “9.5

1095 333 1184 388 DE
1215 331 1568 389 ORATIONE
1606 329 1958 386 DOMlNlCA.
1999 364 2062 374 —
2102 329 2359 388 ORATIO
2398 329 2440 384 1.

3274 327 3412 384 ιιεσ

153 470 291 526 μασι
330 450 394 505 τὸ
426 449 675 522 χρονικδν
705 449 986 520 μετρεῖται
1015 446 1310 517 διάστημα,
1355 446 1434 517 τῷ
1475 461 1738 516 παρῳχη-

1849 447 2084 499 animum
2148 445 2580 499 induxissemus.
2640 441 2699 496 ln
2763 448 2878 497 tres
2934 450 3118 512 partes
3173 444 3412 510 spatium

150 544 296 607 κότι,
329 541 408 613 τῷ
457 540 731 606 ἐνεστῶτι,
765 541 860 593 καὶ
889 537 970 609 τῷ
1003 537 1268 609 μέλλοντι.
1331 538 1420 590 Ἐν
1451 539 1565 600 τοῖς
1591 536 1740 607 τρισὶ

152 635 369 698 τούτοις
416 635 450 705 ὴ
497 633 785 704 εὐεργεσία
830 631 926 684 τοῦ
979 631 1188 701 Κυρίου
1240 629 1733 700 καταλαμϐάνεται.

166 722 297 777 Ἐὰν
321 722 384 775 τὸ
413 720 644 784 ἐνεστὼς
673 719 885 791 λογίσῃ,
914 723 970 774 ἐν
1000 719 1148 790 αὐτῷ
1181 718 1281 790 ζῇς
1306 736 1321 750 ⁸
1375 720 1470 772 ἐὰν
1509 719 1570 772 τὸ
1616 718 1742 790 μέλ-

152 815 270 878 λον,
306 813 512 875 ἐκεῖνός
561 829 644 864 σοι
676 812 785 866 τῶν
815 810 1282 881 προσδοκωμένων
1314 811 1466 874 ἐλπίς
1489 826 1503 840 ο
1557 811 1652 864 ἐάν
1681 809 1741 862 τὸ

154 905 452 976 παρελθὸν,
480 904 580 956 οὐκ
610 902 672 957 ἂν
699 899 768 975 ἦς
798 904 927 974 πρὶν
955 903 1020 956 ἀν
1053 903 1181 974 παρ’
1212 903 1424 956 ἐκείνου
1465 902 1736 970 γενέσθαι.

157 997 574 1068 Εὐηργετήθης,
606 996 738 1050 αὐτὸ
766 995 825 1048 τὸ
850 995 1099 1063 γενέσθαι
1133 995 1263 1065 παρ’
1297 995 1504 1047 ἐκείνου
1539 993 1736 1052 λαϐὼν.

157 1091 255 1142 καὶ
281 1089 571 1156 γενόμενος
600 1085 995 1158 εὐηργετήθης,
1039 1087 1097 1138 ἐν
1128 1085 1276 1156 αὐτῷ
1305 1085 1413 1151 ζῶν
1443 1085 1534 1138 καὶ
1563 1085 1742 1138 κινού-

161 1195 346 1248 μενος,
378 1174 560 1238 καθώς
587 1192 750 1244 φησιν
775 1177 803 1227 ὸ
843 1174 1161 1235 Ἀπόστολος
1182 1190 1195 1203 ·
1224 1174 1278 1225 αί
1303 1173 1412 1226 τῶν
1441 1172 1742 1243 μελλόντων

156 1269 375 1332 ἐλπίδες
414 1269 514 1339 τῆς
557 1267 726 1338 αὐτῆς
749 1267 1030 1339 ἐνεργείας
1063 1267 1346 1338 ἤρτηνται.
1393 1266 1465 1318 Σὺ
1495 1263 1552 1317 δὲ
1583 1263 1742 1334 μόνον

157 1361 254 1413 τοῦ
285 1359 578 1422 ἐνεστῶτος
622 1353 674 1410 εἴ
719 1357 928 1428 κύριος.
977 1357 1141 1408 Ὥστε
1174 1355 1275 1409 κάν
1312 1355 1603 1418 διαπαντὸς
1649 1354 1742 1406 εὐ-

157 1452 438 1525 χαριστῶν
462 1451 540 1522 τῷ
571 1451 690 1522 Θεῷ
721 1451 795 1522 μὴ
819 1451 1093 1522 διαλίπῃς,
1125 1449 1282 1520 μόγις
1317 1449 1411 1502 τοῦ
1451 1448 1744 1510 ἐνεστῶτος

157 1541 568 1614 ἀποπληρώσῃς
597 1540 696 1612 τὴν
744 1539 925 1610 χάριν,
970 1539 1092 1591 οὐτε
1140 1537 1233 1590 τοῦ
1286 1538 1587 1608 μέλλοντος,
1621 1535 1743 1589 οὔτε

157 1634 254 1689 τοῦ
285 1633 674 1705 παρῳχηκότος
700 1632 943 1685 ἐπίνοιαν
971 1629 1298 1701 ἐξευρίσκων
1327 1628 1448 1681 τινὰ
1479 1629 1612 1699 πρὸς
1647 1628 1744 1700 τὴν

157 1725 270 1776 τῶν
300 1723 763 1795 χρεωστουμένων
796 1721 1086 1775 ἀντίδοσιν.
1145 1721 1336 1789 Ἡμεῖς
1385 1717 1442 1772 δέ
1490 1719 1743 1772 τοσοῦτον

156 1818 260 1886 τῆς
299 1786 442 1869 3ξᾷτά
473 1786 702 1885 δύναμιν
754 1812 1100 1885 εὐχαριστίας
1134 1786 1575 1881 ἀπολειπόμενοι,
1621 1810 1741 1862 οὐδὲ
1775 1786 1817 1848 Β

160 1910 292 1980 περὶ
343 1909 402 1962 τὸ
443 1908 666 1960 δυνατὸν
731 1904 1176 1976 εὐγνωμονοῦμεν
1205 1944 1220 1968 ,
1266 1903 1327 1956 οὐ
1374 1902 1517 1970 λέγω
1563 1904 1743 1954 πᾶσαν

160 2001 374 2072 ἡμέραν
399 2041 414 2061 ,
463 1999 576 2052 ἀλλ’
609 1999 730 2052 οὐδέ
772 1996 1060 2050 πολλοστὸν
1094 1996 1194 2066 τῆς
1232 1995 1444 2066 ἡμέρας
1486 1995 1550 2064 τῇ
1601 1993 1743 2047 κατά

158 2092 292 2144 Θεὸν
325 2089 762 2161 ἀποκληροῦντες
793 2087 975 2159 σχολῇ.
1005 2087 1100 2150 Τίς
1137 2104 1225 2158 μοι
1255 2085 1352 2152 τὴν
1379 2087 1483 2156 γῆν
1511 2084 1744 2138 ὑπεστό-

165 2201 326 2254 ρεσε;
387 2183 483 2246 Τίς
530 2182 760 2252 βάσιμον
804 2181 873 2233 δι’
920 2178 1164 2242 ἐπινοίας
1216 2178 1314 2250 τὴν
1365 2178 1535 2250 ὐγράν
1582 2177 1744 2246 φύσιν

160 2274 454 2344 ὲποίησενς
503 2273 598 2334 Τίς
631 2270 798 2342 ἐπηξέ
831 2289 918 2342 μοι
960 2270 1051 2323 τὸν
1086 2270 1310 2341 οὐρανὸν
1338 2268 1414 2331 ὡς
1449 2267 1740 2337 καμάραν;

161 2366 258 2429 Τίς
300 2365 551 2435 δᾳδουχεί
586 2382 674 2435 μοι
702 2363 800 2434 τὴν
826 2363 918 2416 τοῦ
953 2363 1105 2434 ἡλίου
1131 2360 1430 2432 λαμπάδας
1485 2358 1578 2422 Τίς
1611 2359 1746 2410 ἀπο-

163 2455 371 2508 στέλλει
403 2455 581 2524 πηγὰς
612 2457 668 2506 ἐν
698 2451 1003 2523 φάραγξιν;
1033 2453 1128 2516 Τίς
1155 2451 1418 2521 ἡτοίμασε
1447 2451 1558 2512 τοῖς
1578 2464 1746 2501 ποτα-

164 2548 284 2616 μοῖς
311 2546 414 2608 τὰς
451 2545 694 2610 διόδους;
748 2543 844 2606 Τίς
898 2561 987 2614 μοι
1038 2543 1135 2610 τὴν
1181 2540 1288 2593 τῶν
1334 2539 1543 2608 ἀλόγων
1593 2538 1745 2602 ζώων

162 2637 472 2709 ὑπηρεσίαν
515 2635 851 2700 ὐπέζευξενς
900 2635 996 2698 Τίς
1046 2651 1112 2705 με
1165 2633 1312 2686 κόνιν
1359 2631 1562 2701 ἄψυχον
1593 2631 1743 2690 ὄντα,

157 2729 310 2800 ζωῆς
335 2745 397 2781 τε
428 2728 522 2782 καὶ
553 2726 790 2790 διανοίας
819 2727 1062 2797 μετέχειν
1093 2726 1375 2796 ἐποίησεν;
1405 2724 1500 2787 Τίς
1523 2723 1613 2776 τὸν
1641 2740 1745 2788 πη·

159 2820 251 2874 λδν
277 2819 489 2880 τοῦτον,
523 2820 643 2872 κατ’
671 2818 852 2871 εἰκόνα
880 2817 973 2870 τοῦ
1006 2818 1149 2872 θείου
1197 2820 1540 2888 χαρακτῆρος
1577 2815 1745 2885 ἐμόρ-

158 2927 382 2980 φωσεν;
431 2911 527 2975 Τίς
561 2911 912 2980 συγχεθεῖσαν
943 2912 1000 2962 ἐν
1048 2910 1172 2979 ἐμοὶ
1215 2908 1303 2961 διὰ
1344 2906 1444 2978 τῆς
1477 2907 1748 2978 ἁμαρτίας

161 3001 260 3072 τὴν
305 3000 458 3054 θείαν
492 3002 675 3055 είκόνα
714 3002 874 3055 πάλιν
903 3003 982 3064 είς
1026 3001 1124 3070 τὴν
1154 2997 1388 3070 ἀρχαίαν
1435 2998 1747 3068 ἐπανήγαγε

163 3093 326 3164 χάριν
347 3109 362 3155 ;
387 3093 490 3155 -Τίς
519 3092 888 3157 ἐξοικισθέντα
919 3109 984 3162 με
1015 3090 1111 3144 τοῦ
1146 3088 1493 3160 παραδείσου,
1530 3089 1625 3142 καὶ
1652 3087 1745 3142 τοῦ

164 3147 329 3247 ξύλου
351 3147 626 3254 τῆςξωξις
653 3183 757 3248 ἐξω
785 3147 1090 3253 γενόμενον,
1117 3147 1328 3250 καὶΙτῷ
1360 3147 1618 3252 βαράθρῳ
1645 3181 1743 3252 τῆς
1773 3147 1815 3203 C

163 3274 362 3344 ὑλικῆς
386 3274 530 3344 ζωῆς
563 3275 1032 3344 συγκαλυφθέντα,
1078 3275 1170 3326 ἐπὶ
1200 3272 1298 3343 τὴν
1329 3271 1551 3344 πρώτην
1599 3272 1745 3324 ἕλκει

165 3364 582 3435 μακαριότητα;
623 3367 743 3417 Οὐκ
775 3365 945 3418 ἐστιν
984 3367 1016 3417 ὀ
1053 3361 1305 3427 συνιὼν,
1345 3362 1508 3433 φησὶν
1543 3362 1747 3432 ήΓρα-

163 3455 262 3525 φή.
293 3451 374 3506 Ἦ
399 3456 508 3525 γάρ
528 3453 595 3508 ἀν
625 3454 762 3526 πρὸς
786 3454 958 3507 ταῦτα
981 3454 1234 3526 ὁρῶντες,
1286 3453 1516 3524 ἄληκτον
1555 3452 1621 3505 ἂν
1655 3453 1750 3504 καὶ

161 3546 592 3604 ἀκατάπαυστον
612 3548 670 3600 ἐν
691 3547 854 3600 παντὶ
879 3545 956 3616 τῷ
983 3542 1080 3616 τῆς
1109 3543 1252 3616 ζωῆς
1279 3544 1628 3615 διαστήματι,
1650 3543 1749 3614 τὴν

162 3635 519 3708 εὐχαριστίαν
566 3635 1028 3706 ἀπεπληροῖῳεν·
1082 3635 1200 3688 νυνὶ
1227 3635 1283 3688 δὲ
1325 3634 1461 3705 πρὸς
1497 3634 1656 3704 μόνον
1688 3633 1750 3686 τὸ

164 3729 353 3784 ὑλικὸν
382 3729 536 3782 πᾶσα
581 3729 766 3799 σχεδὸν
806 3729 1106 3801 ἐγρήγορεν
1144 3729 1178 3797 ή
1223 3726 1534 3798 ἀνθρωπίνη
1566 3725 1746 3795 φύσις.

163 3819 315 3890 Πρὸς
342 3817 501 3872 τοῦτο
530 3821 562 3890 ἡ
604 3819 806 3890 σπουδή
833 3836 845 3849 ’
901 3822 958 3872 ἐν
985 3817 1159 3888 τούτῳ
1190 3819 1223 3888 ἡ
1249 3816 1528 3888 προθυμία
1558 3830 1574 3846 ⁶
1621 3817 1751 3888 περὶ

160 3909 339 3966 ταῦτα
359 3911 455 3964 καὶ
476 3911 510 3981 ἡ
538 3911 722 3983 μνήμη
751 3911 848 3964 καὶ
884 3913 918 3981 ἡ
948 3911 1103 3974 ἐλπὶς
1134 3909 1515 3978 καταγίνεται·
1548 3909 1750 3973 ἀῦπνός

162 4000 286 4051 ἐστι
317 4000 412 4051 καὶ
437 3999 736 4070 ἀκοίμητος
769 4000 904 4071 πρὸς
938 4001 1037 4070 τὴν
1059 3999 1155 4052 τοῦ
1186 3999 1430 4063 πλείονος
1454 3999 1750 4070 ἐπιθυμίαν

161 4093 197 4160 ἡ
231 4089 552 4161 ἀνθρωπίνη
579 4091 742 4159 φύσις
773 4093 828 4144 ἐν
853 4093 1016 4145 παντὶ
1050 4092 1354 4162 πράγματι,
1379 4093 1436 4144 ἐν
1455 4084 1499 4159 ᾧ
1525 4092 1749 4146 δυνατόν

162 4182 317 4232 ἐστιν
341 4179 689 4250 ἐξευρεθῆναι
719 4181 781 4234 τὸ
819 4181 980 4234 πλέον
1003 4197 1018 4212 ⁸
1069 4182 1178 4235 εἴτε
1207 4181 1346 4236 κατὰ
1374 4183 1537 4254 τιμήν
1567 4199 1626 4236 τε
1657 4185 1751 4238 καὶ

158 4271 348 4337 δόξαν,
381 4272 489 4324 εἴτε
518 4272 660 4326 κατά
680 4273 778 4344 τὴν
805 4273 914 4327 τῶν
945 4274 1242 4345 χρημάτων
1267 4274 1604 4345 περιουσίαν,
1638 4277 1749 4330 εἴτε

161 4364 311 4418 κατά
343 4365 444 4436 τὴν
470 4365 565 4418 τοῦ
599 4365 772 4437 θυμοῦ
799 4368 972 4431 νόσον,
1009 4366 1284 4437 πανταχοῦ
1321 4367 1456 4438 πρὸς
1481 4367 1544 4420 τὸ
1586 4368 1748 4422 πλέον

162 4460 224 4510 ἐν
276 4457 485 4522 τούτοις
517 4462 552 4530 ἡ
602 4459 761 4528 φύσις
811 4461 1016 4531 βλέπει.
1075 4461 1196 4515 Τῶν
1239 4460 1296 4513 δὲ
1339 4461 1606 4533 ἀληθινῶν
1651 4462 1746 4516 τοῦ

1841 539 2110 608 temporis
2145 537 2450 602 dividitur;
2493 538 2546 589 in
2577 537 2934 605 praeteritum,
2967 550 3214 605 przesens
3243 543 3299 588 ct
3328 535 3413 590 fu-

1841 638 2053 683 turum.
2091 628 2149 684 ln
2185 629 2364 684 tribus
2399 628 2486 683 his
2511 627 2834 683 beneﬁcium
2869 626 3082 680 Domini
3111 626 3416 696 depreheno

1839 720 2037 787 ditur;
2079 721 2125 774 si
2180 720 2324 790 quod
2377 735 2621 789 praesens
2671 728 2756 774 est
2813 719 3273 778 consideraveris,
3317 733 3418 787 per

1842 814 2023 884 ipsum
2057 812 2233 867 vivis:
2280 811 2325 866 si
2367 805 2645 874 futurum,
2693 811 2784 864 ille
2833 811 2928 864 tibi
2965 825 3154 864 earum
3208 825 3414 871 rerum,

1841 921 1961 976 quae
1993 913 2122 959 sunt
2150 905 2203 957 in
2227 905 2658 974 exspectatione,
2688 918 2814 972 spes
2841 911 2924 958 est
2946 920 2959 956 :
2980 901 3024 956 si
3058 902 3416 972 praeteritum,

1841 1013 1951 1053 non
1991 1012 2169 1059 esses,
2211 996 2315 1051 nisi
2343 997 2492 1066 prius
2513 997 2580 1050 ab
2603 997 2693 1049 illo
2723 995 2899 1050 factus
2932 1011 3104 1050 esses.
3132 994 3186 1048 ld
3212 994 3416 1064 ipsum,

1845 1089 1991 1160 quod
2024 1097 2188 1144 natus
2235 1105 2320 1150 es,
2386 1089 2455 1143 ab
2508 1090 2599 1142 illo
2633 1088 2954 1143 beneﬁcium
3005 1088 3286 1158 accepisti.
3338 1087 3418 1140 Ac

1843 1191 2138 1252 postquam
2183 1190 2347 1235 natus
2395 1196 2478 1242 es,
2532 1179 2797 1235 beneﬁcio
2845 1179 3108 1242 alﬁceris,
3157 1179 3285 1233 dum
3322 1194 3421 1248 per

1843 1273 1996 1327 illum
2027 1280 2082 1327 et
2114 1272 2274 1334 vivis,
2308 1281 2362 1328 et
2401 1273 2660 1337 moveris,
2708 1281 2766 1327 ut
2819 1273 2996 1340 inquit
3037 1269 3416 1340 Apostolus".

1847 1361 2050 1417 Rerum
2096 1362 2402 1416 futurarum
2436 1378 2564 1432 spes
2595 1377 2661 1417 ex
2696 1362 2887 1416 eadem
2925 1361 3162 1416 efﬁcacia
3198 1361 3416 1429 pendet.

1847 1451 1928 1506 Tu
1961 1468 2092 1507 vero
2121 1453 2294 1507 solius
2326 1453 2617 1521 praesentis
2646 1467 2873 1522 compos
2903 1467 2984 1507 es.
3029 1452 3219 1521 Itaque
3253 1451 3298 1506 si
3337 1450 3420 1505 vel

1845 1560 1943 1614 per
1968 1559 2130 1599 omne
2160 1559 2333 1614 usque
2362 1551 2578 1614 tempus
2604 1544 2727 1598 vitae
2750 1545 2955 1613 gratias
2985 1558 3148 1613 agere
3175 1541 3285 1596 Deo
3310 1557 3419 1595 non

1845 1634 2232 1695 intermiseris,
2266 1635 2352 1686 vix
2391 1633 2677 1701 pra'sentis
2710 1634 2973 1699 temporis
3036 1631 3266 1701 gratiam
3325 1647 3421 1686 ex-

1845 1723 2060 1794 plebis:
2109 1739 2232 1776 cum
2271 1722 2488 1776 interim
2525 1723 2730 1776 nullam
2783 1722 3050 1776 rationem
3111 1719 3422 1790 excogitare

1847 1816 2049 1886 possis,
2085 1830 2192 1884 qua
2220 1814 2303 1868 vel
2336 1813 2505 1868 futuri
2533 1814 2616 1867 vel
2649 1813 2906 1882 praeteriti
2941 1813 3205 1881 temporis
3234 1810 3421 1866 debita

1843 1915 2292 1976 compensentur.
2323 1904 2436 1959 Nos
2467 1913 2673 1970 autem,
2708 1905 2800 1974 qui
2833 1911 3047 1957 tantum
3087 1903 3354 1957 absumus
3392 1920 3423 1956 a

1845 2006 2115 2068 potestate
2146 1996 2340 2050 debitae
2374 1996 2674 2065 gratiarum
2697 1995 2966 2062 actionis,
2999 2009 3068 2048 ne
3099 1994 3152 2046 in
3199 2009 3265 2048 eo
3298 1995 3426 2064 qui-

1843 2088 1992 2154 dem,
2019 2087 2164 2157 quod
2196 2102 2224 2140 a
2258 2087 2415 2140 nobis
2449 2087 2563 2141 ﬁeri
2594 2094 2795 2156 potest,
2832 2084 3000 2138 animi
3032 2085 3421 2152 gratitudinem

1845 2185 2196 2249 praestamus,
2228 2193 2336 2232 non
2367 2177 2494 2231 dico
2532 2185 2707 2231 totum
2740 2176 2914 2237 diem,
2947 2175 3040 2230 sed
3071 2191 3139 2230 ne
3173 2177 3424 2246 exiguam

1844 2269 2066 2339 quidem
2097 2269 2204 2322 diei
2267 2275 2475 2338 partem
2531 2267 2808 2321 vocationi
2840 2266 3037 2320 divina:
3095 2267 3422 2321 tribuentes.

1845 2357 1981 2424 Quis
2012 2357 2144 2411 mihi
2179 2366 2380 2411 terram
2409 2356 2758 2412 substravit?
2788 2354 2924 2421 Quis
2959 2356 3201 2425 perviam
3252 2371 3428 2410 soter-

1845 2451 1921 2503 tia
1953 2456 2119 2519 atque
2145 2448 2417 2502 industria
2452 2455 2706 2519 naturam
2739 2447 3016 2501 humidam
3081 2445 3251 2501 fecit?
3291 2445 3427 2512 Quis

1848 2541 1962 2594 ﬁin
2003 2540 2133 2594 mihi
2171 2540 2369 2594 ccelum
2394 2547 2657 2608 tanquam
2690 2538 3008 2593 cau'ieram?
3041 2537 3177 2604 Quis
3209 2538 3428 2607 praefert

1847 2634 1982 2688 mihi
2015 2633 2187 2687 facem
2229 2633 2407 2689 solis?
2441 2632 2577 2699 Quis
2611 2633 2810 2686 emittit
2850 2631 3028 2687 fontes
3059 2633 3114 2686 in
3161 2633 3430 2686 convalli-

1846 2725 1994 2780 bus?
2025 2724 2159 2790 Quis
2187 2725 2400 2793 paravit
2443 2725 2698 2779 amnibus
2728 2725 2930 2786 alveos,
2971 2739 3066 2792 per
3125 2739 3266 2794 quos
3326 2722 3428 2777 ἀε-

1845 2815 2116 2870 currant?
2154 2814 2290 2880 Quis
2327 2814 2462 2868 mihi
2496 2815 2786 2868 brutorum
2825 2812 3143 2866 animalium
3179 2811 3430 2866 ministe-

1845 2911 1985 2963 rium
2021 2907 2299 2976 subjecit?
2325 2906 2460 2972 Quis
2491 2921 2576 2959 me
2605 2919 2728 2958 cum
2765 2905 2943 2974 pulvis
2997 2904 3279 2958 inanimus
3332 2919 3422 2958 es-

1847 3016 1983 3064 sem,
2017 3000 2138 3054 vita:
2167 2999 2371 3068 pariter
2396 3005 2450 3051 et
2485 2998 2682 3051 mentis
2715 2997 3033 3064 participem
3063 2995 3238 3050 fecit?
3281 2994 3418 3060 Quis

1850 3094 1953 3148 hoc
1982 3093 2152 3146 lutum
2206 3091 2274 3146 ad
2311 3090 2603 3160 imaginem
2647 3089 2832 3159 ﬁgurae
2879 3088 3076 3142 divinae
3127 3086 3426 3142 formavit?

1853 3185 1986 3251 Quis
2018 3182 2311 3252 imaginem
2341 3181 2582 3236 divinam
2618 3195 2714 3249 per
2744 3190 3029 3249 peccatum
3074 3179 3130 3232 in
3163 3194 3250 3232 me
3294 3194 3430 3232 con-

1849 3277 2028 3331 fusam
2058 3275 2124 3328 ad
2161 3273 2454 3343 pristinum
2491 3288 2685 3327 rursus
2715 3271 2964 3326 decorem
3000 3271 3260 3326 reduxit?
3285 3270 3424 3337 Quis

1848 3383 1934 3423 me
1962 3367 2176 3437 pulsum
2208 3365 2487 3435 paradiso,
2525 3371 2579 3418 et
2611 3364 2758 3431 ligno
2784 3364 2909 3416 vitae
2947 3363 3246 3432 privatum,
3285 3371 3340 3417 et
3373 3365 3429 3416 in

1849 3459 2168 3513 barathrum
2205 3456 2508 3510 materialis
2539 3455 2662 3509 vitae
2697 3456 3032 3516 demersum,
3092 3457 3156 3509 ad
3193 3456 3428 3525 primam

1847 3551 2017 3604 trahit
2050 3547 2483 3604 beatitudinem?
2515 3545 2637 3600 Non
2675 3555 2751 3599 est
2791 3547 2882 3616 qui
2914 3547 3216 3617 intelligat,
3249 3549 3431 3618 inquit

1852 3640 2138 3711 Scriptura
2164 3643 2226 3696 ".
2262 3639 2398 3696 Nam
2428 3639 2696 3709 profecto,
2729 3641 2775 3694 si
2797 3641 2908 3694 haec
2941 3639 3428 3709 perpenderemus,
3485 3701 3489 3706 ,

1851 3735 2224 3789 continentem
2260 3741 2314 3787 et
2338 3732 2640 3790 assiduam.
2673 3748 2769 3802 per
2794 3748 2958 3787 omne
2992 3733 3116 3786 vita:
3151 3733 3390 3802 spatium
3413 3772 3429 3793 ,

1850 3827 2149 3897 gratiarum
2185 3825 2455 3879 actionem
2493 3832 2882 3894 praestaremus
2912 3841 2926 3875 :
2961 3837 3107 3877 nunc
3139 3837 3269 3878 vero
3299 3823 3351 3877 in
3377 3823 3429 3876 id

1856 3921 2058 3983 solum,
2120 3917 2265 3987 quod
2326 3915 2610 3970 materiale
2665 3921 2770 3978 est,
2808 3915 2988 3970 omnis
3039 3915 3429 3984 propemodum

1855 4010 2098 4064 humana
2141 4007 2385 4078 invigilat
2423 4015 2636 4060 natura.
2683 4005 2802 4059 Huc.
2842 4005 3113 4060 intentum
3167 4005 3430 4067 studium,

1849 4102 1907 4156 in
1938 4101 2042 4156 hoc
2070 4108 2333 4169 occupata
2361 4097 2530 4151 animi
2563 4098 2939 4168 promptitudo
2967 4104 3132 4168 atque
3175 4097 3432 4152 alacritas

1851 4202 1973 4251 est:
2008 4194 2154 4248 circa
2188 4192 2302 4246 haec
2335 4199 2391 4246 et
2425 4191 2690 4246 memoria
2725 4199 2777 4245 et
2821 4205 2947 4259 spes
2974 4197 3262 4254 versatur;
3309 4206 3434 4258 per-

1849 4287 2068 4358 vigilet
2115 4285 2387 4339 insomnis
2417 4283 2482 4336 ad
2520 4283 2644 4352 plus
2690 4282 2924 4338 habendi
2969 4281 3323 4351 cupiditatem
3378 4281 3434 4335 in

1851 4378 2002 4432 omni
2030 4377 2273 4446 negotio,
2307 4375 2361 4428 in
2388 4390 2498 4444 quo
2519 4373 2872 4427 commodum
2902 4372 3203 4442 excogitari
3231 4380 3430 4439 potest,

1853 4471 2091 4524 humana
2123 4474 2317 4521 natura
2350 4473 2474 4528 est;
2506 4465 2622 4519 sive
2656 4461 2725 4518 dc
2759 4464 2968 4518 honore
3000 4471 3054 4517 et
3089 4462 3285 4531 gloria.
3319 4463 3434 4516 sive

162 4547 305 4601 Θεοῦ
356 4549 595 4617 ἀγαθῶν,
643 4551 800 4620 λόγος
847 4552 1042 4616 οὐδεὶς,
1083 4550 1206 4604 οὐτε
1252 4551 1358 4606 τῶν
1387 4554 1744 4624 φαινομένων,

1853 4562 1920 4617 de
1955 4560 2115 4630 copia
2144 4557 2502 4628 pecuniarum
2532 4563 2763 4625 agatur:
2799 4555 2917 4616 sive
2946 4571 3007 4609 ea
3035 4570 3122 4609 res
3162 4555 3434 4624 pertineat

159 4637 292 4692 οὔτε
325 4637 433 4692 τῶν
463 4640 904 4711 ἐπηγγελμένων.
971 4641 1130 4695 Ἀλλά
1172 4642 1362 4713 καιρὸς
1411 4641 1477 4696 ἂν
1527 4645 1612 4714 εἴη
1653 4645 1747 4697 καὶ

159 4729 277 4784 τῶν
303 4731 405 4800 τῆς
429 4733 738 4804 προσευχῆς
769 4733 1028 4805 ῥημάτων
1051 4734 1310 4800 κατιδεῖν,
1343 4735 1420 4798 ὼς
1448 4735 1563 4790 ἐστι
1585 4736 1746 4790 δυνα-

160 4821 280 4882 τὸν.
314 4821 413 4892 τὴν
437 4822 695 4879 διάνοιαν.

1853 4652 1920 4706 ad
1961 4652 2056 4705 iraa
2113 4649 2388 4711 morbum,
2444 4647 2498 4700 in
2541 4646 2627 4702 his
2659 4645 2917 4700 omnibus
2971 4645 3039 4700 ad
3082 4638 3432 4698 commodum

1852 4750 2048 4796 natura
2077 4739 2324 4808 respicit.
2364 4736 2633 4792 Verorum
2669 4744 2852 4791 autem
2888 4735 2980 4791 Dei
3017 4737 3283 4791 bonorum
3316 4735 3440 4788 nul-

1860 4834 1910 4886 la
1945 4833 2086 4886 ratio
2113 4831 2366 4896 habetur,
2409 4845 2588 4899 neque
2633 4830 3037 4899 apparentium,
3080 4842 3257 4897 neque
3302 4841 3434 4896 pro-

162 4912 497 4968 missorum.
564 4912 669 4970 Sed
715 4926 929 4987 tempus
989 4915 1177 4984 fuerit,
1236 4917 1402 4971 etiam
1455 4919 1749 4975 verborum
1826 4923 2093 4979 orationis
2145 4929 2412 4993 quantum
2461 4922 2583 4991 ejus
2656 4920 2774 4975 ﬁeri
2818 4928 3033 4990 potest,
3083 4918 3436 4974 considerare

162 5004 520 5059 sententiam.

234 5095 408 5165 Δῆλον
430 5095 538 5168 γὰρ
557 5097 723 5152 ὅτιτὸ
749 5101 932 5170 τυχεῖν
957 5093 1032 5154 ὧν
1053 5101 1376 5174 βουλόμεθα,
1411 5101 1500 5155 διὰ
1527 5100 1622 5154 τοῦ
1657 5119 1758 5172 μα-

163 5185 280 5238 θεῖν
296 5186 445 5250 ὅπως
464 5190 728 5260 προσήκει
746 5191 1012 5245 ποιεῖσθαι
1030 5192 1127 5263 τὴν
1144 5194 1382 5264 αἴτησιν,
1397 5191 1754 5262 περιγίνεται.

1925 5097 2284 5167 Perspicuum
2315 5102 2402 5150 est
2439 5095 2612 5157 enim,
2649 5093 2796 5165 quod
2830 5094 2876 5149 si
2907 5093 3267 5151 didicerimus
3291 5112 3435 5166 quo-

1854 5189 2016 5244 modo
2045 5188 2366 5259 petitionem
2415 5184 2656 5241 formare
2694 5187 3008 5252 conveniat,
3043 5187 3230 5242 licebit
3271 5190 3435 5245 nobis

162 5275 265 5340 Τίς
292 5271 388 5329 οὖν
417 5278 451 5347 ὴ
479 5277 700 5349 διδαχής
732 5284 1230 5353 Προσευχόμενοι,
1263 5283 1416 5352 φησὶ,
1443 5281 1528 5350 μὴ
1547 5282 1745 5345 ,βαττο

1853 5295 1977 5348 qua:
2021 5279 2280 5334 volumus
2342 5277 2660 5347 impetrare.
2705 5277 2967 5342 Quaenam
3026 5285 3113 5332 est
3158 5279 3327 5348 igitur
3369 5296 3434 5334 ea

162 5367 498 5436 λοτυήσητε,
528 5369 730 5440 ὥσπερ
753 5375 809 5426 οί
830 5373 1076 5428 ἐθνικοί.
1112 5374 1337 5428 Δοκοῢσι
1361 5375 1468 5444 γὰρ
1492 5373 1572 5426 ὅτι
1599 5375 1656 5425 ἐν
1683 5375 1748 5442 τῇ

163 5459 464 5532 πολυλογίᾳ
485 5462 663 5518 αὐτῶν
683 5465 1218 5538 είσακουσθήσονται.
1252 5467 1404 5537 Τάχα
1428 5465 1524 5536 μὲν
1543 5459 1635 5517 οὖν
1655 5463 1742 5516 αὐτ

163 5549 317 5604 τόθεν
342 5551 456 5622 ἔχει
473 5553 535 5608 τὸ
563 5556 730 5625 σαφὲς
755 5558 906 5629 ἡτῆς
928 5557 1274 5622 διδασκαλίας
1299 5556 1522 5624 διάνοια,
1546 5554 1750 5626 γυμνό-

238 5733 282 5765 ¹⁸
318 5735 442 5790 Act.
469 5750 604 5802 xvu,
629 5736 720 5792 28.
799 5738 844 5772 "
871 5737 1030 5795 Rom.
1066 5755 1147 5806 Ill,
1190 5741 1276 5798 ll.

1354 5740 1401 5773 ²⁹
1433 5737 1620 5795 Matth.
1654 5751 1729 5802 νι,
1771 5734 1824 5791 7.

1851 5368 2142 5424 doctrina?
2167 5368 2416 5433 Orontes,
2437 5368 2636 5437 inquit,
2665 5384 2728 5421 ne
2761 5369 2880 5423 sitis
2907 5368 3237 5438 βαττολόγοι,
3275 5372 3436 5424 siculi

1859 5460 2098 5530 gentiles.
2131 5459 2485 5514 Arbitrantur
2510 5458 2656 5514 enim
2681 5474 2739 5514 se
2782 5469 3000 5530 propter
3023 5463 3433 5532 multiloquium

1860 5567 2021 5607 suum
2077 5552 2394 5608 cxauditum
2447 5552 2513 5607 iri
2548 5552 2616 5608 ²⁰.
2660 5551 2736 5608 Ac
2782 5555 3052 5610 sententia
3081 5555 3303 5627 quidem
3336 5556 3436 5610 do-
