3812 6228
468 293 600 347 ΗΞἹ

1697 295 1757 351 S.
1792 292 2121 351 GREGORII
2158 292 2455 349 NYSSENI

3585 288 3706 343 “38

459 410 654 463 ctrinae
684 408 917 465 forsitan
954 425 1052 481 per
1079 424 1203 466 sese
1233 412 1523 481 perspicua
1557 422 1664 479 est,
1704 421 1895 482 utpote
1927 428 2001 466 nu

2135 428 2293 483 τερον
2322 415 2453 484 ἡμῖν
2496 411 2801 476 ὲκτεθεῖσα,
2840 410 2937 464 καὶ
2961 408 3114 463 οὐδὲν
3144 408 3373 478 δεομένη
3404 407 3510 478 τῆς
3532 406 3709 459 λεπτο-

457 498 546 553 dis
594 500 779 554 verbis
828 501 989 556 nobis
1028 503 1299 571 exposita,
1340 518 1440 557 nec
1477 504 1643 557 ullam
1690 504 2034 558 subtiliorem

457 589 778 645 desiderans
850 592 1371 665 considerationem,
1444 603 1811 665 praeterquam
1889 591 2036 664 quod

455 698 635 752 operte
668 685 900 752 pretium
935 693 1020 740 est
1051 701 1314 756 quaarere,
1336 687 1465 756 quid
1505 686 1778 756 signiticet
1807 685 2034 741 verbum

456 771 801 843 Battologiw,
874 783 934 828 ut
990 777 1267 832 intellecta
1333 778 1624 843 sententia,
1682 778 1917 831 vitemus
1980 776 2034 830 id

453 867 600 935 quod
660 867 890 921 vetitum
943 877 998 923 et
1062 869 1411 925 interdictum
1463 877 1570 925 est.
1620 869 1853 925 Videtur
1905 883 2035 939 ergo

455 958 589 1011 mihi
629 961 904 1030 castigare
942 962 1278 1017 inﬂationem
1310 970 1477 1031 atque
1509 970 1781 1016 tumorem
1807 962 2028 1024 mentis,

449 1064 776 1120 eorumque,
832 1054 929 1123 qui
982 1069 1102 1110 sese
1156 1054 1314 1109 vanis
1358 1054 1757 1124 cupiditatibus
1810 1053 2033 1107 innuer-

449 1152 604 1209 gunt,
654 1146 950 1212 reprimere
980 1155 1144 1216 atque
1175 1161 1531 1217 compescere
1560 1147 1941 1209 ambitionem,
1976 1154 2031 1202 et

449 1231 658 1287 idcirco
696 1237 1039 1305 peregrinam
1090 1244 1146 1291 et
1182 1253 1378 1291 novam
1414 1239 1558 1292 banc
1587 1239 1886 1292 dictionem
1934 1253 2031 1292 ex-

447 1324 721 1394 c0gitasse
754 1328 820 1380 ad
854 1329 1185 1398 arguendam
1237 1330 1533 1384 amentiam
1576 1345 1789 1392 eorum.
1824 1330 1919 1401 qui
1944 1346 2030 1385 va-

447 1429 641 1469 narum
696 1419 901 1486 pariter
958 1430 1012 1474 et
1071 1420 1348 1474 inutilium
1395 1436 1580 1476 rerum
1633 1423 2029 1491 cupiditatibus

444 1506 700 1564 diﬂluunt
744 1520 906 1581 atque
952 1512 1360 1571 distrahuntur.
1404 1514 1541 1568 Nam
1604 1515 1887 1583 cordatus,
1930 1517 2030 1571 do-

444 1604 573 1654 ctus
625 1607 680 1654 et
730 1603 993 1671 prudens,
1011 1612 1067 1658 et
1096 1605 1383 1661 utilitatem
1418 1607 1523 1662 sibi
1561 1610 1896 1678 propositam
1931 1611 2022 1665 ha-

441 1689 580 1747 bens
634 1708 853 1758 sermo,
901 1696 1125 1766 proprie
1185 1714 1369 1753 sermo
1417 1699 1748 1763 dicitur;at
1776 1718 1896 1772 quae
1927 1720 2025 1773 per

442 1782 660 1838 inanem
706 1786 1043 1856 voluptatem
1094 1790 1494 1858 cupiditatibus
1534 1793 1693 1847 vanis
1731 1794 1890 1863 qttasi
1928 1811 2023 1851 su-

442 1875 800 1943 perfunditur
841 1879 1042 1942 oratio,
1089 1895 1199 1934 non
1227 1882 1464 1951 amplius
1491 1883 1670 1953 λόγος,
1700 1884 1755 1939 id
1788 1893 1872 1939 est
1906 1902 2024 1941 ser-

439 1981 563 2027 mo.
597 1969 693 2024 sed
739 1969 1063 2042 βαττολογία
1100 1983 1186 2029 est
1212 1976 1403 2045 (quasi
1429 1978 1604 2042 dicas,
1636 1980 1837 2050 lingua:
1866 1982 2024 2037 volu-

439 2054 647 2122 bilitas,
680 2073 735 2115 et
774 2077 952 2117 vanus
1002 2064 1208 2136 sermo)
1259 2076 1316 2120 ut
1361 2069 1563 2137 aliquis
1591 2068 1779 2127 Graece
1823 2073 2021 2129 melius

436 2159 675 2206 mentem
729 2154 1016 2224 explicans
1065 2154 1542 2227 dixerit,cp).uapla
1571 2183 1582 2216 :
1613 2162 1717 2217 hoc
1746 2171 1830 2218 est
1860 2168 2020 2235 quasi

440 2244 595 2299 dicas
648 2244 1059 2301 eﬂ'ervescentia
1129 2255 1291 2319 atque
1342 2250 1574 2306 ell'utitio
1633 2271 1647 2308 :
1704 2252 1870 2326 λῆρος
1925 2258 2020 2310 καὶ

437 2333 738 2406 φλήναφος,
803 2336 907 2392 hoc
959 2346 1044 2393 est
1072 2339 1432 2397 deliramenta
1476 2352 1639 2413 atque
1668 2361 1843 2416 nugae,
1877 2363 1942 2402 ac
1969 2350 2019 2404 si

432 2421 580 2488 quod
607 2424 759 2478 aliud
795 2427 1130 2482 vocabulum
1154 2428 1422 2499 ejusmodi
1455 2432 1878 2503 signiﬁcationis
1908 2449 2015 2493 est.

432 2510 575 2580 Quid
607 2513 776 2584 igitur
826 2516 988 2572 nobis
1036 2533 1221 2573 sermo
1260 2522 1537 2577 consulit?
1564 2523 1642 2579 Ne
1684 2526 1827 2582 idem
1871 2545 2020 2584 com-

431 2608 717 2663 mittamus
769 2609 823 2662 in
859 2617 1105 2680 tempore
1137 2613 1481 2679 orationum,
1524 2617 1706 2686 qualis
1744 2620 1797 2673 in
1833 2631 2017 2678 mente

430 2698 766 2755 furiosorum
801 2716 866 2755 ac
893 2702 1190 2759 delirorum
1227 2705 1463 2760 absurda
1494 2710 1834 2778 perturbatio
1882 2730 2017 2769 con-

429 2790 612 2845 ﬂatur.
673 2790 1145 2858 Quemadmodum
1222 2798 1369 2851 enim
1438 2808 1620 2855 mente
1693 2801 2014 2872 imperfecta

428 2883 642 2954 pnediti
668 2925 682 2951 ,
731 2901 840 2939 non
872 2888 1116 2957 cogitant
1146 2899 1206 2941 ut
1233 2889 1440 2960 aliquid
1499 2891 1602 2946 sibi
1645 2909 1709 2947 ex
1743 2899 2012 2953 sententia

426 2974 707 3039 obveniat,
741 2977 836 3031 sed
879 2992 978 3046 pro
1025 2978 1261 3032 arbitrio
1294 2980 1588 3036 felicitates
1610 2984 1878 3052 quasdam
1905 2986 2011 3040 sibi

2135 503 2301 572 τέρας
2352 506 2758 571 κατανοήσεως,
2808 502 2947 573 πλὴν
2992 500 3144 567 ἄξιον
3190 499 3478 564 ἐξετάσαι,
3520 496 3583 549 τί
3628 513 3708 565 ση-

2139 598 2319 666 μαίνει
2358 599 2455 669 τῆς
2507 597 2858 669 βαττολοεγίας
2900 596 2963 649 τὸ
3007 597 3195 667 ῥῆμα,
3238 593 3316 658 ὡς
3348 594 3418 648 ἂν
3461 592 3710 663 μαθόντες

2134 688 2233 761 τὴν
2283 690 2542 757 διάνοιαν,
2599 691 2706 756 ἔξω
2757 689 2851 744 τοῦ
2901 686 3353 761 άπηγορευμένου
3398 685 3707 755 γενοίμεθα.

2134 785 2296 835 Δοκεῖ
2342 783 2522 838 τοίνυν
2577 802 2667 855 μοι
2713 782 3068 853 σωφρονίζειν
3112 781 3215 852 τὴν
3263 779 3587 851 χαυνότητα
3630 776 3712 847 τῆς

2132 873 2374 939 διανοίας
2398 915 2411 939 ,
2445 876 2539 929 καὶ
2581 876 2889 930 συστέλλειν
2920 873 3030 928 τῶν
3057 876 3178 937 ταῖς
3228 872 3491 943 ματαίαις
3535 868 3712 922 ἐπιθυ-

2136 964 2289 1035 μίαις
2315 966 2748 1036 ἐμϐαθυνόντων,
2787 968 2882 1022 καὶ
2909 966 2998 1021 διὰ
3017 966 3175 1020 τοῦτο
3199 965 3298 1036 τὴν
3328 965 3492 1033 ξένην
3518 960 3713 1031 ταύτην

2133 1057 2234 1126 τῆς
2290 1057 2491 1123 λέξεως
2538 1061 2885 1132 καινοτομίαν
2924 1057 3319 1129 ἐξευρηκέναι,
3368 1056 3469 1109 ἐπὶ
3513 1053 3713 1123 ἐλέγχῳ

2131 1146 2233 1217 τῆς
2265 1147 2449 1212 ἀνοίας
2474 1148 2584 1201 τῶν
2611 1150 2740 1221 περί
2764 1149 2834 1203 τά
2860 1148 3110 1218 ἀνωφελῆ
3139 1164 3201 1200 τε
3232 1146 3330 1201 καὶ
3365 1145 3582 1216 μάταια
3606 1144 3713 1206 ταῖς

2132 1237 2445 1308 ἐπιθυμίαις
2475 1238 2858 1310 διαχεομένων.
2901 1238 2960 1292 Ὁ
2988 1238 3097 1309 γὰρ
3122 1237 3348 1308 ἔμφρων
3368 1246 3433 1289 τε
3475 1235 3577 1289 καὶ
3602 1250 3711 1289 συν·

2129 1330 2269 1393 ετὸς,
2301 1331 2396 1385 καὶ
2448 1331 2585 1403 πρὸς
2621 1332 2681 1385 τὸ
2717 1333 2987 1403 χρήσιμον
3017 1330 3230 1401 βλέπων
3269 1328 3431 1396 λόγος
3452 1368 3471 1391 ,
3515 1327 3711 1397 κυρίως

2128 1420 2348 1489 λέγεται
2380 1420 2538 1490 λόγος
2557 1439 2571 1451 -
2599 1423 2628 1475 ό
2655 1421 2713 1475 δὲ
2738 1424 2858 1486 ταῖς
2890 1421 3263 1490 ἀνυπάρκτοις
3289 1417 3621 1488 ἐπιθυμίαις
3638 1415 3711 1469 διά

2126 1515 2224 1584 τῆς
2252 1514 2625 1568 ἀνυποστάτου
2655 1514 2845 1585 ἡδονῆς
2866 1512 3240 1583 ὲπιχεόμενος,
3261 1510 3365 1563 οὒκ
3392 1507 3519 1562 ἐστι
3542 1505 3709 1574 λόγος

2126 1606 2264 1660 ἀλλὰ
2301 1606 2654 1677 βαττολογία’
2687 1607 2763 1670 ὡς
2797 1608 2862 1660 ἄν
2904 1623 2991 1670 τις
3040 1601 3506 1673 Ἑλληνικώτερον
3544 1601 3710 1672 ἑρμη-

2127 1699 2298 1751 νεύων
2331 1700 2475 1753 είποι
2502 1698 2593 1753 τὸν
2613 1698 2758 1762 νοῦν,
2792 1698 3053 1770 φλυαρία,
3079 1699 3174 1751 καὶ
3200 1697 3370 1768 λῆρος
3397 1695 3497 1749 καὶ
3518 1695 3711 1763 φλήναο

2129 1791 2257 1859 φος¹,
2287 1791 2381 1845 καί
2417 1792 2473 1845 εῐ
2507 1810 2562 1844 τι
2608 1791 2737 1846 ἄλλο
2763 1792 2863 1862 τῆς
2906 1790 3164 1861 τοιαύτης
3194 1789 3503 1859 σημασίας.
3537 1787 3605 1840 Τί
3629 1782 3710 1839 οὖν

2124 1883 2257 1953 ἡμῖν
2297 1883 2653 1955 συμϐουλεύει
2681 1887 2710 1937 ὁ
2734 1884 2927 1953 λόγος;
2967 1884 3042 1955 μὴ
3076 1883 3274 1937 ταύτὸν
3294 1881 3534 1951 πάσχειν
3553 1881 3613 1932 ὲν
3641 1877 3707 1948 τῷ

2123 1976 2301 2050 καιρῷ
2330 1977 2436 2031 τῶν
2469 1976 2812 2049 προσευχῶν,
2858 1970 2971 2029 οἷον
3002 1978 3062 2029 ὲν
3098 1977 3165 2046 τῇ
3207 1974 3318 2026 τῶν
3352 1973 3575 2042 νηπίων
3605 1970 3709 2024 δια-

2122 2068 2242 2140 νοίᾳ
2291 2069 2607 2122 συνίσταται
2650 2067 2841 2132 πάθος.
2892 2068 3100 2139 Ὠσπερ
3135 2066 3244 2136 γάρ
3275 2065 3327 2119 οἰ
3369 2062 3590 2126 ἀτελεῖς
3618 2063 3707 2134 τὴν

2121 2159 2392 2225 διάνοιαν,
2422 2161 2522 2232 οὐχ
2554 2162 2704 2225 ὅπως
2735 2159 2803 2214 ἄν
2828 2176 2882 2213 τι
2914 2159 3127 2227 γένοιτο
3152 2158 3263 2210 τῶν
3303 2155 3453 2211 κατὰ
3485 2154 3706 2225 γνώμην

2121 2254 2300 2308 αὐτῶν
2333 2253 2662 2317 ἐπινοοῦσιν,
2686 2252 2821 2306 ἀλλὰ
2852 2253 2976 2305 κατ’
3012 2249 3262 2315 ἐξουσίαν
3296 2248 3603 2319 εὐκληρίας
3633 2264 3706 2299 τι-

2120 2347 2220 2409 νὰς
2248 2347 2465 2409 ἑαυτοῖς
2500 2345 2926 2410 ἀναπλάττουσι,
2961 2343 3273 2415 θησαυροὺς
3300 2344 3400 2396 καὶ
3433 2341 3704 2411 βασιλείας

2120 2439 2216 2491 καὶ
2251 2438 2436 2501 πόλεις
2466 2437 2707 2506 μεγάλας
2738 2438 2860 2499 ταῖς
2889 2433 3284 2507 προσηγορίαις
3314 2434 3505 2487 αὐτῶν
3527 2434 3703 2485 ἐπονο-

2122 2528 2443 2600 μαζομένας
2476 2528 2879 2599 ὑποτιθέμενοι.
2915 2529 2994 2588 εἰς
3022 2529 3198 2579 ἐκεῖνο
3228 2521 3371 2578 εἶναι
3402 2527 3469 2595 τῇ
3503 2522 3704 2593 διανοίᾳ

2120 2621 2506 2690 φαντάζονται.
2539 2621 2676 2691 ὅπερ
2706 2619 2772 2673 ἂν
2804 2619 2990 2680 αὐτοῖς
3019 2619 3052 2687 ή
3089 2616 3392 2687 ματαιότης
3424 2614 3539 2667 τῶν
3564 2614 3704 2679 λογιο

2119 2714 2273 2784 σμῶν
2303 2713 2596 2784 ὑπογράφῃ
2618 2727 2630 2738 ·
2677 2711 2783 2764 εἰσί
2822 2711 2880 2764 δέ
2908 2727 3055 2773 τινες
3086 2710 3137 2762 οἳ
3180 2707 3276 2762 καὶ
3310 2706 3703 2775 νεανικώτερον

2115 2805 2212 2875 τῆς
2253 2803 2614 2875 ματαιότητος
2639 2801 2842 2871 ταύτης
2874 2796 3388 2867 ἀντιλαμϐάνονται,
3416 2795 3516 2847 καὶ
3540 2793 3703 2862 ὑπερ-

2117 2896 2314 2960 ϐάντες
2356 2895 2425 2948 τά
2467 2895 2640 2966 μέτρα
2682 2895 2782 2963 τῆς
2830 2891 3067 2962 φύσεως,
3112 2886 3306 2960 πτηνοὶ
3355 2884 3698 2955 γίνονται.ἢ

2116 2985 2260 3041 κατὰ
2307 2986 2434 3048 τοὺς
2484 2984 2723 3054 ἀστέρας
2763 2980 3096 3051 λάμπουσιν.
3149 2976 3183 3046 ἦ
3240 2973 3345 3045 ὅρη
3388 2972 3483 3026 διά
3524 2970 3701 3043 χειρὸς

428 3071 660 3138 lingunt.
694 3068 986 3124 thesauros
1017 3077 1073 3125 et
1108 3072 1351 3141 nuptias,
1383 3081 1437 3127 et
1461 3090 1649 3145 regna,
1677 3091 2011 3148 magnasque

2128 3079 2397 3150 φέρουσιν.
2431 3075 2578 3148 ἥτὺν
2605 3072 2838 3145 οὐρανὸν
2871 3073 3082 3133 ἑαυτοῖς
3114 3065 3475 3129 ὀδοποιοῦσιν,
3507 3066 3544 3135 ἢ
3572 3063 3700 3135 πρὸς

426 3159 675 3228 ipsorum
742 3161 1204 3231 appellationibus
1272 3166 1694 3234 cognominatas
1759 3172 2012 3228 civitates

428 3250 535 3306 sibi
613 3260 1007 3321 proponentes,
1062 3252 1116 3305 in
1155 3266 1222 3308 eo
1263 3269 1324 3309 se
1352 3259 1560 3311 versari
1600 3258 1654 3312 in
1685 3269 1868 3316 mente
1911 3277 2012 3317 sua

426 3341 820 3413 imaginantur,
857 3344 1228 3413 quodcunque
1259 3348 1653 3416 c0gitationum
1687 3354 1900 3409 vanitas
1930 3355 2012 3410 eis

427 3436 784 3505 suggesserit,
823 3436 1072 3490 nonnulli
1112 3452 1245 3491 vero
1277 3440 1440 3493 etiam
1490 3441 1876 3501 vehementius
1908 3447 2012 3502 hac

425 3529 670 3583 vanitate
699 3530 939 3598 correpti
979 3537 1131 3595 sunt,
1168 3544 1234 3584 ac
1286 3532 1508 3586 modum
1552 3541 1764 3589 naturae
1812 3551 2011 3607 super-

423 3620 624 3691 gressi,
691 3622 776 3676 vel
832 3622 1086 3677 volucres
1136 3624 1435 3688 exsistunt,
1483 3626 1569 3681 vel
1612 3629 1896 3684 stellarum
1952 3632 2010 3687 in

426 3713 646 3765 modum
687 3713 893 3776 lucent,
932 3715 1017 3769 vel
1051 3726 1266 3771 montes
1293 3716 1347 3771 in
1370 3718 1628 3774 manibus
1655 3728 1890 3791 gestant,
1922 3725 2008 3779 vel

425 3805 629 3859 caelum
662 3805 763 3859 sibi
794 3805 1040 3874 pervium
1068 3805 1299 3872 faciunt,
1343 3809 1426 3862 vel
1464 3809 1529 3864 ad
1560 3810 1881 3867 innumeros
1910 3829 2007 3869 us-

422 3911 531 3965 que
560 3910 735 3950 annos
759 3898 952 3950 vivunt
971 3897 1202 3967 juvenes
1226 3916 1293 3953 ex
1316 3899 1544 3957 senibus
1575 3903 1871 3959 evadentes
1902 3923 1914 3959 :
1945 3921 2009 3962 ac

422 4004 768 4058 quascunque
808 3987 921 4042 alia
951 3990 1084 4045 talia
1119 3992 1296 4061 magis
1333 3993 1687 4058 vecordibus,
1729 3995 2006 4052 builarum

425 4083 481 4136 in
516 4082 759 4149 modum,
796 4097 939 4139 vana
978 4091 1144 4153 atque
1206 4084 1391 4139 inania
1434 4086 1691 4156 ﬁgmenta
1735 4088 1793 4141 in
1838 4090 2007 4144 corde

424 4174 838 4243 ingenerantur.
894 4171 967 4228 Ut
1020 4168 1190 4244 igitur
1220 4175 1276 4229 in
1328 4176 1494 4230 rebus
1522 4176 1780 4246 gerendis
1808 4177 1855 4231 is
1907 4179 2005 4248 qui

423 4280 533 4319 non
559 4280 622 4320 ea
683 4267 908 4336 cegitat,
966 4280 1064 4336 per
1114 4282 1238 4336 qua:
1288 4267 1390 4322 sibi
1428 4267 1754 4323 deliberanti
1797 4269 2002 4339 aliquid

424 4356 553 4410 boni
601 4358 904 4427 contingat,
954 4358 1048 4412 sed
1112 4357 1273 4414 vanis
1324 4359 1722 4429 cupiditatibus
1770 4361 2004 4431 nequid—

2120 3170 2410 3243 μυριοστὸν
2444 3167 2758 3239 διαρκοῦσιν
2795 3163 2937 3226 ἕτος,
2973 3163 3087 3215 νέοι
3117 3162 3183 3214 ὲκ
3204 3158 3457 3213 παλαιῶν
3487 3157 3701 3227 γινόμε-

2114 3280 2194 3316 νοι
2214 3280 2229 3293 ⁸
2263 3260 2296 3331 ἢ
2325 3261 2427 3319 ὅσα
2466 3258 2602 3313 ἄλλα
2627 3255 2859 3309 τοιαῦτα
2894 3256 3010 3316 τοῖς
3038 3248 3502 3320 νηπιωδεστέροις
3531 3249 3700 3300 τίκτει

2113 3349 2514 3423 πομφολυγὼδη
2536 3350 2630 3402 καὶ
2651 3348 2874 3401 διάκενα
2893 3349 2924 3416 ἡ
2953 3344 3150 3416 καρδία
3181 3342 3305 3410 ποιή
3315 3340 3702 3410 ματα.“ίὶσπερ

2112 3446 2291 3499 τοίνυν
2330 3445 2388 3497 ὲν
2412 3445 2523 3505 τοῖς
2564 3442 2891 3511 πράγμασιν
2921 3441 2950 3491 ό
3001 3436 3076 3507 μὴ
3116 3433 3289 3489 ταῦτα
3307 3431 3703 3502 λογιζόμενος.

2113 3538 2180 3591 δι’
2208 3530 2283 3590 ὧν
2317 3534 2382 3589 ἂν
2414 3533 2624 3603 γένοιτό
2652 3549 2704 3585 τι
2742 3530 2947 3600 ἀγαθὸν
2972 3527 3084 3579 τῶν
3120 3524 3555 3597 βουλευομένων,
3588 3523 3704 3576 ἀλλ’

2112 3619 2506 3692 ὲμματαιάζων
2542 3622 2663 3683 ταῖς
2696 3618 3070 3688 ἀνυπάρκτοις
3098 3614 3440 3685 ἐπιθυμίαις,
3472 3613 3705 3685 ἀνόητός

2110 3729 2196 3776 τις
2216 3714 2331 3765 ἐστι
2356 3712 2452 3765 καὶ
2472 3710 2675 3776 ἅθλιος,
2701 3710 2794 3764 τὸν
2808 3708 2903 3763 τοῦ
2925 3708 3130 3779 πρᾶξαί
3153 3723 3206 3760 τι
3225 3705 3336 3760 τῶν
3355 3704 3706 3759 λυσιτελούν-

2111 3821 2221 3857 των
2280 3802 2679 3874 βουλεύσασθαι
2731 3799 2944 3871 καιρὸν,
2994 3802 3107 3862 τοῖς
3163 3796 3436 3860 ἐνυπνίοις
3490 3796 3706 3858 τούτοις

2111 3895 2563 3969 προσαναλίσκων
2584 3912 2599 3925 ·
2640 3893 2816 3957 οὕτως
2841 3894 2871 3946 ό
2913 3894 2970 3945 έν
2999 3888 3179 3960 καιρῷ
3211 3888 3533 3959 προσευχῆς
3566 3887 3702 3958 πρὸς

2109 3988 2180 4042 τά
2218 3986 2568 4058 συμφέροντα
2604 3989 2671 4058 τῇ
2699 3984 2846 4056 ψυχῇ
2881 3983 2957 4054 μὴ
2998 3982 3330 4051 τεταμένος,
3380 3979 3524 4033 ἀλλὰ
3567 3980 3703 4048 πρὸς

2108 4080 2207 4143 τὰς
2252 4077 2521 4150 ἐμπαθεῖς
2561 4078 2662 4148 τῆς
2705 4076 2944 4137 διανοίας
2971 4075 3214 4144 κινήσεις
3256 4069 3699 4124 συνδιατίθεσθαι

2107 4171 2199 4223 τὸν
2215 4170 2347 4224 Θεὸν
2375 4169 2566 4236 ἀξιῶν,
2594 4168 2762 4240 λῆρός
2784 4167 2869 4230 τίς
2890 4170 3039 4219 ἐστιν
3086 4165 3163 4227 ὡς
3189 4162 3408 4234 άληθῶς
3437 4163 3534 4216 καὶ
3563 4163 3693 4232 βατ-

2106 4260 2358 4327 το).όγος,
2383 4259 2489 4312 τῶν
2529 4259 2676 4313 ἰδίων
2714 4258 3094 4329 ματαιοτὴτων
3123 4255 3392 4326 συνεργὸν
3423 4254 3519 4306 καὶ
3548 4256 3693 4322 ὑπη-

2113 4354 2273 4424 ρέτην
2325 4354 2416 4406 τὸν
2460 4351 2596 4405 Θεὸν
2643 4350 2890 4420 γίνεσθαι
2942 4348 3397 4421 προσευχόμενος.
3462 4344 3597 4400 Οἷόν
3648 4364 3699 4399 τι

423 4463 589 4516 quam
627 4449 978 4513 immoratur,
1013 4449 1215 4505 stultus
1253 4451 1476 4521 quidem
1528 4459 1582 4507 et
1609 4453 1776 4509 miser
1810 4463 1915 4520 est,
1947 4455 2005 4509 in

2128 4443 2253 4512 λέγω
2276 4458 2289 4472 ·
2319 4442 2580 4514 Πρόσεισί
2612 4459 2697 4505 τις
2722 4440 2812 4495 διὰ
2851 4438 3164 4510 προσευχῆς
3193 4437 3273 4508 τῷ
3304 4437 3464 4508 Θεῷ,
3496 4438 3597 4491 καὶ
3626 4438 3697 4506 μὴ

423 4542 540 4597 haec
603 4542 874 4597 insomnia
932 4543 1280 4597 occasionem
1328 4542 1737 4599 deliberationis
1795 4545 2002 4616 aliquid

424 4632 642 4704 agendi,
695 4633 843 4702 quod
908 4647 976 4687 ex
1034 4647 1137 4686 usu
1190 4634 1284 4698 sit,
1329 4633 1617 4690 insumens
1657 4654 1669 4690 :
1707 4636 1784 4689 ita
1814 4636 1906 4706 qui
1946 4636 2001 4690 in

424 4735 667 4794 tempore
719 4724 986 4780 orationis
1034 4726 1090 4780 in
1139 4740 1203 4780 ea
1242 4740 1364 4795 qua:
1415 4727 1612 4781 anima:
1661 4727 1999 4795 conducunt,

422 4819 674 4873 intentus
725 4834 834 4873 non
877 4826 983 4884 est,
1020 4820 1116 4874 sed
1144 4820 1361 4875 vitiosis
1383 4828 1437 4876 et
1460 4820 1797 4890 perturbatis
1830 4822 2001 4877 animi

424 4912 512 4967 sui
551 4909 791 4966 motibus
834 4908 1003 4965 Deum
1039 4912 1270 4982 obsequi
1304 4913 1566 4983 postulat,
1612 4920 1847 4983 nugator
1873 4913 1999 4984 qui-

423 5003 546 5057 dem
589 5016 778 5056 revera
828 5009 993 5071 atque
1040 5000 1342 5057 blaterator
1373 5003 1697 5072 est,quippe
1722 5004 1814 5073 qui
1856 5011 2000 5070 oret,

422 5101 484 5147 ut
532 5091 676 5149 Deus
718 5107 947 5147 suarum
994 5092 1322 5162 ineptiarum
1361 5101 1415 5148 et
1444 5095 1749 5149 vanitatum
1783 5093 2003 5164 adjutor

423 5197 478 5240 et
506 5185 760 5240 minister
792 5185 904 5237 liat.
932 5183 1106 5250 Quale
1129 5183 1391 5255 quiddam
1428 5185 1685 5254 (exempli
1713 5185 1911 5257 gratia)
1945 5185 2002 5240 in

423 5274 663 5329 medium
704 5272 873 5328 all‘ero
899 5273 1159 5329 :Accedit
1194 5273 1397 5344 aliquis
1431 5273 1499 5328 ad
1532 5273 1700 5328 Deum
1737 5290 1834 5345 per
1877 5289 2005 5329 ora-

424 5362 653 5425 tionem,
683 5370 736 5416 et
771 5377 879 5415 non
912 5375 1178 5432 perpensa
1207 5361 1351 5433 apud
1389 5363 1632 5417 animum
1666 5362 2005 5418 sublimitate

424 5454 681 5527 potentiae
712 5455 778 5509 ad
804 5469 970 5523 quam
1010 5455 1246 5519 accedit,
1278 5455 1531 5524 turpibus
1556 5463 1610 5510 et
1644 5454 1885 5510 sordidis
1909 5468 2004 5524 pe-

425 5544 718 5599 titionibus
760 5544 1102 5613 majestatem
1151 5545 1393 5600 divinam
1447 5545 1743 5600 dedecorat
1794 5545 2004 5614 impru-

425 5635 587 5691 dens.
619 5634 687 5691 Ut
719 5637 764 5692 si
795 5638 918 5706 quis
946 5653 1059 5707 prze
1090 5638 1257 5692 nimia
1294 5640 1615 5710 pau‘pertate
1653 5647 1748 5692 aut
1779 5636 2003 5692 rustici-

426 5738 537 5785 tate
595 5744 725 5786 vasa
768 5745 834 5785 cx
881 5730 995 5786 luto
1026 5729 1237 5799 ﬁctilia,
1272 5732 1513 5801 pretiosa
1570 5740 1754 5800 putet;
1808 5728 2005 5786 deinde

2110 4537 2522 4608 κατανοήσαςτῇ
2541 4534 2748 4605 διανοίᾳ
2759 4535 2819 4588 τὸ
2840 4533 2971 4602 ὕψος
2990 4531 3088 4601 τῆς
3103 4525 3443 4603 δυνάμεως
3468 4530 3702 4601 προσέρ-

2110 4645 2284 4700 χεται,
2310 4626 2564 4680 λανθάνει
2593 4625 2937 4697 καθυϐρίζων
2960 4624 3021 4677 τὸ
3048 4623 3276 4694 μέγεθος
3297 4624 3423 4684 ταῖς
3447 4624 3700 4691 αἰσχραῖς

2110 4721 2204 4774 καὶ
2233 4722 2520 4782 ταπειναῖς
2549 4717 2658 4771 τῶν
2689 4719 2984 4788 αἰτήσεων.
3009 4716 3223 4784 Ὠσπερ
3257 4714 3324 4768 ἃν
3352 4716 3409 4767 εἰ
3426 4732 3509 4779 τις
3542 4716 3616 4767 τά
3637 4717 3701 4766 ἐκ

2110 4810 2281 4881 πηλοῦ
2314 4809 2484 4879 σκεύη
2509 4808 2576 4861 δι’
2606 4805 2908 4878 ὑπερϐολὴν
2938 4803 3127 4866 πενίας
3153 4801 3187 4873 ἢ
3221 4802 3513 4870 ἀγροικίας
3538 4804 3702 4873 τίμια

2107 4897 2366 4968 νομίζων,
2414 4896 2604 4949 ἔπειτα
2656 4895 2867 4965 βασιλεῖ
2907 4890 3244 4964 προσελθὼν,
3297 4890 3571 4954 πλούτους
3607 4892 3703 4945 καὶ

2111 4987 2396 5057 ἀξιώματα
2434 4987 2708 5057 διανέμειν
2748 4983 3166 5056 προαιρουμένῳ
3186 4999 3200 5013 ·
3228 4985 3259 5035 ὁ
3290 4983 3349 5036 δὲ
3378 4982 3700 5036 καταλιπὼν

2109 5080 2212 5143 τὰς
2242 5078 2528 5150 βασιλικὰς
2561 5078 2832 5149 αἰτήσεις,
2860 5075 3005 5141 άξιοί
3026 5075 3118 5128 τὸν
3143 5074 3401 5127 τοσοῦτον
3426 5073 3506 5143 τῷ
3534 5073 3702 5140 ἀξιώ-

2112 5188 2275 5241 ματι,
2322 5171 2495 5242 πηλὸν
2542 5170 2918 5225 διαπλάσαντα
2966 5166 3191 5238 ποιῆσαί
3235 5183 3293 5219 τι
3332 5166 3446 5219 τῶν
3494 5166 3697 5233 ἐκείνῳ

2111 5263 2668 5335 καταθυμίωνόῦτως
2706 5262 2799 5317 καὶ
2830 5264 2859 5315 ό
2895 5260 3239 5321 ἀπαιδεύτως
3285 5261 3350 5328 τῇ
3384 5259 3519 5329 εὐχῇ
3556 5259 3698 5329 χρὼ-

2114 5371 2275 5426 μενος
2294 5395 2308 5420 ,
2339 5354 2400 5407 οὐ
2422 5354 2559 5426 πρὸς
2593 5354 2655 5406 τὸ
2681 5352 2812 5421 ὕψος
2834 5350 2928 5404 τοῦ
2965 5350 3198 5412 διδόντος
3219 5348 3415 5401 ἑαυτὸν
3438 5349 3661 5416 ἐπαίρει
3676 5384 3694 5407 ,

2109 5448 2249 5501 ἀλλὰ
2297 5446 2434 5516 πρὸς
2466 5445 2527 5499 τὸ
2557 5446 2813 5499 ταπεινόν
2838 5460 2901 5498 τε
2933 5445 3028 5496 καὶ
3060 5444 3247 5512 γήϊνον
3272 5440 3377 5510 τῆς
3406 5439 3547 5502 ἰδίας
3578 5442 3694 5494 ἐπι·

2109 5538 2311 5609 θυμίας
2333 5538 2433 5607 τὴν
2464 5536 2614 5593 θείαν
2635 5536 2868 5605 δύναμιν
2890 5532 3194 5604 καταϐῆναι
3229 5530 3387 5584 ποθεῖ
3407 5546 3422 5560 ⁸
3447 5530 3551 5583 καὶ
3576 5530 3695 5583 τού-

2109 5648 2202 5685 του
2234 5632 2396 5703 χάριν
2416 5630 2515 5694 τάς
2538 5628 2808 5701 ἐμπαθεῖς
2835 5627 3013 5699 ὁρμάς
3033 5624 3304 5697 προτείνει
3333 5621 3413 5692 τῷ
3433 5621 3537 5684 τὰς
3558 5640 3693 5692 καρ-

2111 5725 2227 5791 δίας
2278 5724 2551 5796 βλέποντι,
2598 5725 2699 5796 οὺχ
2729 5724 2877 5788 ὅπως
2913 5720 2980 5776 ἂν
3014 5715 3372 5789 θεραπεύσειε
3408 5712 3476 5767 τά
3510 5715 3691 5769 ἄτοπα
