3812 6228
113 301 260 356 “9.9

1088 294 1175 348 DE
1213 290 1571 349 ORATIONE
1609 289 1962 345 DOMlNlCA.
1998 319 2068 328 —
2097 289 2358 344 ORATIO
2393 289 2432 342 I.

3259 290 3391 345 “50

107 422 216 493 τῆς
247 420 490 482 διανοίας
523 418 797 488 κινήματα
819 431 834 446 ·
862 415 977 470 ἀλλ’
1002 415 1150 480 ὅπως
1177 416 1244 470 ἂν
1275 414 1442 486 χείρω
1470 401 1612 482 γένοι

1905 425 2086 480 regem
2120 409 2328 465 solidas
2372 409 2593 464 divitias
2630 419 2684 463 et
2728 406 3026 479 dignitates
3057 407 3393 465 distribuere

110 513 198 576 είς
219 512 384 584 ἔργον
423 511 522 580 τῆς
557 509 800 579 πονηρᾶς
826 507 1006 578 ὁρμῆς
1037 506 1125 559 διὰ
1151 507 1251 577 τῆς
1286 505 1574 575 συνεργίας
1607 501 1703 556 τοῦ

109 605 254 658 Θεοῦ
291 601 719 675 προσελθούσης.
761 598 983 670 Ἐπειδὴ
1025 597 1134 669 γὰρ
1163 599 1191 650 6
1225 598 1372 650 δεῖνα
1403 597 1582 658 λυπεῖ,
1612 595 1705 648 καί

115 714 212 764 μοι
251 695 521 749 διάκειται
553 690 833 763 δυσμενῶς
873 691 906 762 ἡ
956 691 1187 761 καρδία,
1240 688 1486 753 Πάταξον
1525 688 1705 748 αὐτὸν,

113 787 194 857 τῷ
234 787 359 858 Θεῷ
392 787 568 854 λέγει,
602 785 761 855 μόνον
790 783 890 838 ούκ
933 784 1112 836 ἐκεῖνο
1152 781 1310 853 βοῶν,
1346 783 1428 836 δτι
1469 781 1542 834 Τὸ
1576 781 1708 850 ἐμὸν

112 879 293 942 πάθος
329 880 387 931 ἐν
437 878 518 931 σοὶ
553 875 828 945 γενέσθω,
874 877 907 946 ἡ
947 873 1081 946 ἐμοῦ
1128 873 1298 928 κακία
1345 873 1438 926 ἐπὶ
1486 872 1548 926 σὲ
1587 871 1707 925 δια-

108 971 289 1041 δήτω.
349 971 434 1034 Ὠς
465 969 573 1040 γάρ
608 971 665 1021 ἐν
688 971 806 1031 ταῖς
840 967 1212 1040 ἀνθρωπίναις
1242 967 1442 1039 μάχαις
1465 968 1564 1020 ούκ
1594 966 1710 1019 ἐστι

113 1058 486 1130 συμμαχῆσαί
505 1075 629 1111 τινα
662 1056 740 1128 τῷ
768 1057 849 1110 ἐνὶ
882 1057 1058 1128 μέρει,
1085 1057 1160 1129 μὴ
1191 1055 1710 1128 συμπαροξυνθέντα

113 1150 196 1220 τῷ
247 1149 594 1221 ὀργιζομένῳ
651 1149 794 1203 κατά
841 1147 935 1202 τοῦ
988 1148 1496 1220 προσπαλαίοντος·
1566 1145 1710 1200 οὕτω

111 1240 283 1310 δῆλον
321 1241 404 1294 δτι
432 1241 460 1291 6
490 1239 634 1293 κατά
659 1239 752 1292 τοῦ
787 1238 982 1311 ἐχθροῦ
1013 1238 1104 1292 τὸν
1134 1238 1266 1292 Θεὸν
1301 1238 1488 1302 κινῶν,
1517 1255 1710 1310 συνορ-

107 1330 380 1402 γισθῆναι
419 1329 760 1402 παρακαλεῖ,
791 1329 885 1383 καὶ
935 1327 1029 1381 τοῦ
1064 1327 1239 1398 θυμοῦ
1283 1327 1538 1382 κοινωνὸν
1565 1328 1713 1396 γενέ-

110 1423 267 1475 σθαι.
305 1422 476 1475 Τοῦτο
502 1422 557 1475 δέ
581 1423 701 1474 ἐστι
727 1421 788 1474 τὸ
817 1422 897 1484 είς
923 1419 1094 1483 πάθος
1124 1423 1309 1472 πεσεῖν
1337 1420 1398 1473 τὸ
1416 1419 1590 1482 Θεῖον,
1617 1421 1712 1474 καὶ

106 1513 264 1567 κατά
293 1513 577 1584 ἄνθρωπον
597 1511 929 1583 διατεθῆναι,
954 1512 1049 1566 καὶ
1076 1512 1157 1575 είς
1184 1510 1420 1583 θηριώδη
1446 1512 1711 1582 ἀπήνειαν

106 1609 175 1662 ἐκ
209 1609 320 1679 τῆς
353 1607 562 1678 ἀγαθῆς
599 1607 816 1676 φύσεως
854 1604 1306 1677 μεταποιηθῆναι.
1346 1603 1530 1668 Οὕτως
1561 1605 1590 1658 6
1627 1603 1712 1657 δοο

106 1700 413 1772 ξομανῶν·
463 1699 638 1763 οὕτως
679 1699 709 1751 ὁ
748 1700 806 1751 ἐν
861 1696 1215 1770 ὑπερηφανίᾳ
1250 1697 1311 1750 τὸ
1354 1697 1516 1750 πλέον
1564 1697 1710 1768 ἔχειν

1813 513 2065 573 paratum
2119 502 2368 565 accedat,
2422 509 2586 570 atque
2635 502 2859 557 omissis
2895 502 2962 555 iis
2993 502 3180 565 rebus,
3211 518 3332 571 quae
3362 518 3395 556 a

1813 606 1942 661 rege
1971 591 2082 660 peti
2112 591 2330 651 solent,
2389 598 2540 643 tanta
2585 590 2853 661 dignitate
2883 591 3171 661 praeditum
3214 600 3392 663 roget,

1814 691 1875 736 ut
1920 697 1987 737 ex
2028 682 2142 735 luto
2178 682 2408 737 subacto
2457 690 2620 751 atque
2660 683 2994 736 concinnato
3037 683 3240 737 efficiat
3292 685 3396 738 ali-

1812 775 1968 844 quid,
2001 774 2149 845 quod
2189 775 2296 829 sibi
2341 775 2492 828 cordi
2525 775 2596 828 sit
2643 793 2656 828 :
2695 775 2770 829 ita
2814 776 2977 829 etiam
3013 775 3059 829 is
3093 777 3184 845 qui
3223 777 3398 845 impe-

1813 868 1918 921 rite
1943 868 2114 920 utitur
2136 866 2405 928 orationc,
2442 883 2551 920 non
2580 867 2646 921 ad
2678 867 2860 922 dantis
2895 866 3242 922 altitudinem
3276 882 3398 922 sese

1812 957 1975 1027 erigit
2001 997 2016 1023 ,
2045 955 2141 1012 sed
2172 956 2238 1011 ad
2269 956 2544 1022 sordidas,
2575 955 2815 1012 humiles
2851 965 2904 1012 et
2943 964 3148 1011 terram
3179 959 3399 1028 sapiena

1817 1057 1898 1103 tes
1923 1049 2256 1117 cupiditates
2288 1064 2420 1104 suas
2452 1050 2694 1103 divinam
2729 1052 3031 1120 potentiam
3064 1051 3400 1106 descendere

1815 1142 2111 1204 desiderat,
2148 1153 2310 1212 atque
2341 1144 2504 1213 hujus
2533 1145 2607 1199 rei
2643 1144 2816 1214 gratia
2848 1144 3079 1201 vitiosos
3105 1156 3157 1199 et
3182 1153 3398 1212 pertur-

1813 1235 1975 1290 batos
2007 1234 2176 1288 animi
2217 1236 2452 1304 impetus
2481 1243 2534 1288 et
2575 1243 2755 1290 motus
2795 1236 2964 1290 corda
2993 1237 3243 1291 cernenti
3278 1251 3401 1305 pro-

1816 1327 1943 1387 fert,
1977 1341 2089 1380 non
2131 1334 2190 1380 ut
2248 1341 2405 1381 sanet
2457 1327 2726 1383 absurdos
2763 1329 2931 1382 animi
2964 1337 3168 1391 motus,
3205 1329 3300 1383 sed
3337 1334 3398 1381 ut

1815 1418 2024 1471 auxilio
2059 1417 2176 1481 Dei,
2209 1429 2602 1490 repraesentan
2631 1436 2800 1491 pravo
2840 1422 3063 1491 impetu,
3094 1420 3398 1477 deteriores

1815 1508 2151 1566 efficiantur.
2181 1509 2456 1576 Quoniam
2507 1513 2655 1566 enim
2702 1513 2793 1568 ille
2824 1514 3091 1570 molestus
3119 1523 3204 1569 est
3235 1522 3400 1583 atque

1813 1599 1938 1651 odio
1962 1614 2059 1653 cor
2101 1616 2280 1655 meum
2315 1601 2546 1666 laborat,
2579 1603 2810 1658 Percutc
2836 1620 2983 1670 eum,
3015 1604 3082 1658 ad
3108 1605 3277 1661 Deum
3312 1606 3400 1660 di-

1816 1690 1921 1753 cit,
1964 1689 2126 1744 modo
2178 1707 2288 1746 non
2328 1691 2464 1748 illud
2509 1695 2754 1750 clamans
2785 1714 2798 1750 :
2832 1696 2984 1752 Meus
3017 1698 3186 1751 animi
3219 1705 3400 1753 motus

104 1791 407 1863 ἐπιθυμῶν
426 1806 441 1821 °
476 1794 504 1846 6
529 1792 586 1845 ἐν
613 1793 680 1862 τῇ
715 1790 1021 1862 διαδικασίᾳ
1049 1789 1184 1860 πρὸς
1211 1789 1310 1860 τὴν
1346 1789 1502 1861 νίκην
1538 1807 1609 1842 σπ

1895 1789 1944 1835 te
1973 1781 2064 1848 sit,
2093 1797 2159 1836 ac
2189 1798 2309 1838 mea
2335 1785 2541 1838 malitia
2566 1795 2729 1857 atque
2750 1790 2992 1858 nequitia
3027 1789 3094 1843 ad
3132 1798 3186 1845 te
3220 1798 3400 1846 trans—

102 1885 220 1938 δων
255 1903 271 1917 ’
297 1886 327 1938 6
369 1884 427 1938 ἐν
459 1887 573 1948 τοῖς
610 1885 904 1954 γυμνικοῖς
948 1883 1122 1952 ἀγῶσι
1162 1881 1301 1953 πρὸς
1323 1881 1416 1935 τὸν
1455 1881 1717 1950 στέφανον

104 1976 480 2047 ἐπειγόμενος
500 1992 514 2006 ⁸
542 1976 570 2027 ὁ
599 1977 657 2029 ἐν
680 1975 930 2046 θεάτροις
959 1974 1057 2046 τῆς
1090 1971 1368 2043 εὐφημίας
1402 1971 1717 2025 ἀντιποιούο

107 2088 285 2141 μενος
301 2088 315 2101 ·
348 2069 608 2133 πολλάκις
627 2069 683 2122 δὲ
706 2069 801 2122 καὶ
825 2069 854 2121 ὁ
875 2067 1010 2140 πρὸς
1034 2067 1095 2122 τὸ
1123 2066 1394 2128 λυσσῶδες
1415 2067 1516 2136 τῆς
1539 2067 1718 2138 νεότη-

103 2180 204 2226 τος
246 2160 428 2225 πάθος
468 2158 802 2232 ἐκτετηκώς.
855 2159 1062 2222 Πάντες
1108 2150 1255 2210 οῦτοι
1307 2157 1406 2228 οὐχ
1454 2158 1602 2220 ὅπως
1651 2157 1718 2211 ἂν

105 2253 221 2317 ἔξω
285 2251 385 2306 τοῦ
444 2251 874 2322 ἐπικρατοῦντος
937 2249 1373 2322 ἀρρωστήματος
1435 2248 1712 2317 γένοιντο,

108 2342 467 2415 προσάγουσι
500 2340 620 2411 Θεῷ
664 2339 765 2403 τὰς
795 2340 1010 2410 δεήσεις
1033 2379 1049 2400 ,
1084 2338 1200 2393 ἀλλ’
1229 2339 1376 2402 ὅπως
1409 2338 1473 2392 ἂν
1506 2339 1585 2402 εἰς
1617 2337 1716 2390 πέ-

106 2451 216 2504 ρας
261 2435 450 2497 αὐτοῖς
479 2434 512 2504 ἡ
548 2433 703 2496 νόσος
729 2431 870 2485 ἔλθοι
897 2449 910 2462 ·
952 2433 1046 2486 καὶ
1075 2431 1134 2485 τὸ
1161 2432 1482 2502 διαμαρτεῖν
1510 2429 1717 2482 τούτων

107 2529 240 2580 ἀντὶ
296 2528 585 2598 συμφορᾶς
632 2526 864 2588 ἕκαστος
921 2525 1241 2596 κρίνοντες,
1299 2521 1716 2595 βαττολογοῦσιν

101 2617 313 2680 ὅντως.
335 2618 595 2688 συνεργὸν
610 2617 711 2687 τῆς
731 2615 872 2671 κατὰ
883 2616 973 2670 τὸν
991 2617 1114 2670 νοῦν
1134 2615 1445 2688 ἀρρωστίας
1463 2613 1718 2682 γενέσθαι

104 2713 204 2765 τὸν
233 2711 383 2766 Θεὸν
413 2710 747 2775 ἱκετεύοντες
772 2726 785 2740 ⁸
825 2710 920 2765 καὶ
951 2710 1013 2764 τὸ
1053 2711 1273 2764 πάντων
1299 2708 1682 2780 χαλεπώτατον
1701 2750 1717 2775 ,

105 2804 195 2857 ὅτι
221 2802 374 2874 πρὸς
399 2801 494 2866 τὰς
517 2803 768 2866 ἐναντίας
788 2801 966 2873 ὁρμάς
983 2801 1250 2855 κινεῖσθαι
1273 2803 1335 2854 τὸ
1353 2802 1508 2854 Θεῖον
1538 2801 1720 2866 αὐτοῖς

109 2893 518 2965 ἐπιθυμοῦσιν,
552 2895 632 2957 είς
660 2893 959 2964 ἀγριότητα
986 2893 1082 2946 καὶ
1109 2892 1520 2964 φιλανθρωπίαν
1565 2894 1720 2964 μερί-

104 2984 311 3049 ζοντες
348 2983 448 3037 τοῦ
486 2983 620 3037 Θεοῦ
667 2983 766 3055 τὴν
811 2983 1110 3055 ἐνέργειαν.
1150 2986 1247 3039 Ὃν
1285 2985 1395 3056 γάρ
1433 2984 1591 3038 ἵλεων
1624 2985 1719 3038 καὶ

102 3079 302 3148 πρᾶον
344 3075 695 3147 ἐπιζητοῦσιν
739 3077 953 3142 ἑαυτοῖς
1000 3073 1172 3142 εἶναι,
1217 3077 1404 3131 τοῦτον
1433 3080 1628 3150 πικρόν
1658 3097 1718 3132 τε

107 3171 215 3224 καὶ
249 3169 446 3240 ἀπηνῆ
473 3170 585 3233 τοῖς
607 3169 822 3240 ἐχθροῖς
855 3169 1038 3222 αὐτῶν
1069 3171 1441 3242 ἐπιδειχθῆναι
1473 3189 1721 3242 παρακα-

104 3263 330 3317 λοῦσιν.
366 3263 432 3314 Ὠ
472 3261 574 3330 τῆς
605 3261 790 3322 ἀνοίας
818 3261 928 3315 τῶν
973 3261 1476 3332 βαττολογούντωνί
1509 3265 1558 3316 εί
1605 3262 1720 3336 γὰρ

103 3355 363 3417 ἐκείνοις
395 3355 608 3425 ἀπηνὴς
634 3356 664 3408 6
691 3353 823 3418 Θεὸς
843 3396 859 3420 ,
889 3353 1011 3408 οὐδὲ
1036 3356 1119 3408 σοὶ
1157 3355 1373 3420 πάντως
1397 3356 1622 3426 ἥμερος.
1658 3355 1721 3409 Et

103 3446 162 3500 ὣ
192 3447 300 3498 ἐπὶ
331 3444 430 3498 σοῦ
457 3442 594 3517 πρὸς
624 3443 775 3498 ἔλεον
797 3445 974 3517 ῥέπει,
1006 3446 1146 3499 κατά
1170 3462 1235 3513 γε
1259 3446 1358 3517 τὴν
1387 3448 1486 3516 σὴν
1507 3446 1719 3511 ἐλπίδα,

103 3537 239 3600 πῶς
288 3537 361 3591 ἂν
421 3535 778 3607 μεταϐάλοιτο
826 3537 963 3607 πρὸς
1014 3537 1322 3591 τούναντίον
1364 3541 1445 3600 είς
1496 3539 1722 3609 πικρίαν

110 3628 505 3702 μεθαρμόξων
559 3629 652 3682 τὸν
682 3629 871 3694 ἕλεον;
916 3628 1078 3681 Ἀλλὰ
1112 3629 1218 3700 πρὸ
1256 3629 1438 3701 χειρὸς
1473 3630 1582 3685 τῶν
1610 3634 1723 3703 ἐρι-

107 3722 332 3777 πικῶν
371 3723 407 3794 ἡ
449 3722 585 3793 πρὸς
620 3722 681 3776 τὸ
722 3721 960 3775 τοιοῦτον
985 3722 1278 3785 ἀντίθεσις.
1308 3723 1485 3787 Εὐθὺς
1513 3723 1621 3795 γὰρ
1644 3725 1724 3787 είς

110 3813 466 3885 συνηγορίαν
498 3814 596 3884 τῆς
625 3812 836 3866 ἐαυτῶν
876 3813 1104 3884 πικρίας
1140 3813 1241 3876 τὰς
1281 3816 1346 3867 ἐκ
1378 3817 1477 3885 τῆς
1507 3833 1720 3886 προφη-

105 3906 275 3969 τείας
316 3905 502 3973 φωνάς
533 3904 966 3976 παρατίθενται·
1007 3904 1099 3957 τὸν
1128 3904 1294 3958 Δαόὶδ
1322 3905 1567 3960 ἐκλιπεῖν
1598 3908 1724 3969 τοὺς

105 3993 491 4066 ἁμαρτωλοὺς
526 3993 796 4047 ποθοῦντα
819 4034 834 4058 ,
866 3993 960 4046 καὶ
1001 3994 1266 4066 αἰσχύνην
1320 3995 1412 4049 καὶ
1456 3995 1724 4066 ἐντροπὴν

107 4086 229 4139 τῶν
284 4083 500 4154 ἐχθρῶν
535 4084 966 4155 κατευχόμενον·
1010 4085 1102 4137 τὸν
1158 4086 1428 4158 Ἰερεμίαν
1471 4087 1597 4140 ἰδεῖν
1625 4087 1726 4158 τὴν

110 4176 285 4248 παρὰ
321 4174 444 4246 Θεῷ
475 4175 756 4247 ἐκδίκησιν
782 4179 846 4230 ἐκ
879 4176 988 4230 τῶν
1023 4178 1282 4232 ἐναντίων
1319 4179 1722 4250 ἐπιθυμοῦντα·

109 4270 213 4322 τὸν
263 4269 427 4340 Ὠσηὲ
463 4269 678 4341 μήτραν
717 4269 1083 4337 ἀτεκνοῦσαν,
1116 4273 1212 4326 καὶ
1246 4275 1485 4344 μαστοὺς
1524 4275 1726 4345 ξηροὺς

107 4361 356 4433 δοθῆναι
407 4364 521 4424 τοῖς
562 4361 776 4432 ἐχθροῖς
822 4363 1096 4434 δεόμενον.
1133 4365 1244 4418 Καὶ
1283 4364 1457 4418 πολλὰ
1500 4365 1725 4419 τοιαῦτα

110 4453 418 4526 σποράδην
445 4455 676 4525 κείμενα
702 4458 823 4519 ταῖς
845 4457 1032 4524 ἁγίαις
1066 4457 1313 4528 Γραφαῖς
1342 4456 1720 4526 ἀναλέγονται,

110 4546 519 4615 συνιστάμενοι
545 4546 606 4598 τὸ
630 4546 738 4598 δεῖν
774 4546 883 4600 τῶν
913 4548 1172 4601 ἐναντίων
1208 4547 1590 4618 κατεύχεσθαι,
1632 4551 1726 4602 καὶ

108 4639 222 4709 τῆς
267 4639 484 4691 ἑαυτῶν
515 4637 740 4709 πικρίας
776 4640 1035 4711 συνεργὸν
1054 4638 1310 4708 γενέσθαι
1341 4639 1433 4693 τοῦ
1471 4639 1606 4692 Θεοῦ
1629 4639 1728 4712 τὴν

107 4730 473 4801 άγαθότητα.
510 4731 648 4784 Ἀλλ’
672 4733 833 4803 ἡμεῖς
851 4733 926 4797 ὡς
951 4733 1016 4786 ἂν
1039 4735 1104 4787 ἐκ
1125 4733 1362 4806 παρόδου
1389 4734 1514 4796 τοὺς
1540 4737 1603 4787 ἐκ
1629 4736 1729 4805 τῆς

109 4823 398 4896 τοιαύτης
449 4827 708 4897 ἀφορμῆς
749 4825 887 4896 πρὸς
929 4825 990 4878 τὸ
1030 4827 1271 4879 ἐναντίον
1325 4824 1728 4896 ὁδηγουμένους

112 4917 457 4988 παύσαιμεν
500 4915 982 4986 βαττολογοῦντας,
1005 4914 1172 4969 τοῦτο
1210 4917 1339 4988 περὶ
1359 4917 1594 4970 ἑκάστου
1622 4916 1730 4969 τῶν

114 5026 236 5079 μνη
245 5007 629 5077 μονευθέντων
651 5005 1106 5077 παραθησόμεθα.

110 5097 526 5157 confusionem
599 5097 843 5152 inimicis
886 5096 1282 5164 imprecantem
1314 5095 1356 5125 ²¹
1387 5115 1399 5149 :

1816 1877 1925 1925 eat.
1980 1869 2051 1926 Ut
2096 1873 2241 1935 enim
2291 1876 2346 1929 in
2393 1876 2676 1931 hominum
2721 1879 2863 1934 inter
2910 1896 2972 1936 se
3014 1882 3248 1951 prreliis,
3290 1897 3403 1937 non

1817 1970 1998 2031 potest
2041 1964 2244 2034 aliquis
2291 1966 2385 2020 uni
2413 1967 2556 2037 parti
2599 1969 2864 2025 auxilium
2903 1971 3077 2039 ferre,
3138 1973 3245 2029 nisi
3292 1990 3405 2029 una

1817 2069 1943 2109 cum
1974 2055 2250 2113 irascente
2295 2059 2460 2114 simul
2507 2061 2562 2114 in
2594 2061 2976 2119 adversarium
3004 2065 3316 2124 concitatus
3349 2076 3405 2121 ct

1817 2149 2186 2205 exacerbatus
2241 2151 2354 2205 sit:
2390 2153 2464 2206 ita
2534 2153 2886 2223 perspicuum
2953 2166 3060 2221 est,
3111 2158 3259 2228 quod
3308 2160 3401 2229 qui

1822 2237 1994 2294 Deum
2049 2252 2358 2298 commovet
2395 2243 2663 2300 adversus
2699 2245 3008 2307 inimicum.
3052 2265 3177 2304 eum
3216 2261 3399 2322 rogat,

1819 2339 1881 2384 ut
1929 2347 2038 2386 una
2075 2332 2371 2395 irascatur,
2405 2344 2460 2389 et
2492 2335 2586 2390 ine
2617 2338 2804 2391 socius
2834 2337 2947 2392 flat.
2992 2339 3047 2392 ld
3081 2349 3263 2396 autem
3295 2354 3402 2407 est,

1818 2428 1873 2479 in
1904 2429 2372 2495 perturbationem
2411 2430 2657 2485 incidere
2707 2447 2910 2486 numen
2945 2434 3216 2497 divinum,
3244 2445 3296 2491 et
3321 2437 3405 2490 af-

1823 2517 1910 2571 fici
1960 2534 2114 2573 more
2154 2521 2418 2584 humano,
2467 2531 2632 2592 atque
2677 2537 2742 2578 ex
2779 2524 2922 2578 bona
2953 2540 3147 2580 natura
3192 2527 3244 2580 in
3277 2527 3408 2583 feri-

1821 2624 1948 2662 nam
1985 2612 2252 2666 szevitiam
2305 2616 2692 2670 transmutari.
2741 2616 2822 2670 lta
2851 2620 2944 2689 qui
2989 2620 3178 2689 gloriae.
3211 2621 3407 2679 insana

1821 2702 2078 2771 cupidine
2127 2713 2390 2771 vexatur;
2435 2706 2509 2760 ita
2556 2709 2652 2778 qui
2702 2711 2959 2780 superbia
2989 2713 3260 2768 excellere
3285 2725 3406 2770 stu-

1821 2793 1959 2860 det;
2008 2795 2102 2865 qui
2161 2797 2214 2850 in
2256 2797 2510 2866 judiciali
2555 2802 2954 2871 disceptatione
2995 2804 3063 2858 ad
3114 2807 3405 2862 victoriam

1821 2881 2084 2951 festinat;
2143 2889 2236 2958 qui
2276 2890 2331 2943 in
2381 2891 2655 2961 gymnicis
2695 2894 3096 2950 certaminibus
3136 2897 3203 2952 ad
3241 2913 3408 2953 coro-r

1823 2992 1948 3031 nam
1981 2987 2272 3048 properat;
2323 2982 2414 3050 qui
2452 2983 2506 3036 in
2539 2983 2771 3040 theatris
2805 2983 3016 3042 faustas
3057 2989 3408 3044 acclamatio-

1825 3086 1922 3125 nes
1973 3069 2214 3126 aliectat.
2252 3071 2407 3144 Ssepe
2443 3085 2624 3131 autem
2654 3077 2819 3132 etiam
2863 3079 2910 3134 is
2937 3080 3031 3149 qui
3060 3089 3285 3151 propter
3319 3083 3398 3137 in-

1826 3180 2021 3219 sanum
2055 3165 2368 3234 juventutis
2413 3169 2668 3223 morbum
2699 3172 3042 3228 contabescit
3075 3193 3087 3228 :
3133 3189 3324 3230 omnes
3353 3177 3406 3230 hi

1826 3273 1935 3311 non
1990 3267 2050 3312 ut
2095 3275 2180 3324 eo,
2236 3275 2349 3329 quo
2390 3270 2669 3330 tenentur,
2720 3263 2914 3319 morbo
2943 3263 3263 3330 liberentur,
3297 3266 3408 3322 Deo

1825 3364 2016 3419 preces
2045 3350 2302 3418 offerunt,
2346 3353 2442 3408 sed
2491 3363 2552 3408 ut
2608 3353 2681 3408 ad
2736 3353 2899 3410 ﬁnem
2947 3356 3174 3412 morbus
3216 3372 3406 3412 eorum

1826 3441 2180 3512 perducatur,
2229 3452 2285 3500 et
2331 3445 2692 3514 compleatur.
2725 3448 2906 3517 Atque
2939 3448 3055 3503 haec
3083 3449 3130 3504 si
3160 3449 3410 3505 obtinere

1827 3549 1937 3587 non
1981 3535 2219 3604 possint,
2254 3536 2638 3592 calamitosum
2669 3539 2906 3609 quisque
2939 3541 3045 3596 sibi
3069 3539 3407 3608 judicantes.

1828 3623 2100 3680 blaterant
2143 3642 2355 3695 revera,
2406 3636 2468 3682 ut
2492 3628 2692 3685 mentis
2718 3645 2833 3685 sua:
2865 3632 3039 3686 morbi
3069 3633 3288 3702 adjutor
3316 3635 3409 3700 sit,

1826 3717 1937 3773 Deo
1984 3719 2362 3788 supplicantes
2398 3739 2413 3777 :
2453 3737 2518 3776 ac
2542 3722 2692 3792 quod
2740 3724 2986 3778 omnium
3022 3725 3408 3795 gravissimum

1826 3818 1932 3875 est,
1969 3811 2036 3864 ad
2091 3828 2259 3882 quam
2312 3815 2551 3870 maxime
2594 3816 2904 3872 contrarios
2946 3827 3128 3873 motus
3165 3819 3407 3874 divinum

1828 3917 2029 3956 numen
2073 3905 2177 3958 sibi
2237 3907 2447 3960 moveri
2484 3909 2910 3977 concupiscunt,
2957 3909 3010 3964 in
3046 3909 3314 3967 feritatem
3358 3920 3414 3968 ct

1828 3993 2243 4061 humanitatem,
2267 3995 2572 4051 efficaciam
2601 3996 2692 4052 Dei
2723 3998 3040 4067 partientes.
3069 3999 3238 4066 Quem
3264 4001 3410 4055 enim

1829 4087 2125 4156 prepitium
2154 4095 2210 4142 et
2238 4087 2428 4143 mitem
2475 4089 2581 4143 sibi
2621 4105 2743 4146 esse
2785 4090 3122 4159 desiderant,
3163 4108 3288 4148 eum
3322 4109 3413 4148 as-

1830 4192 2018 4247 perum
2050 4185 2106 4232 et
2163 4179 2430 4234 immitem
2476 4180 2718 4237 inimicis
2773 4183 2891 4238 suis
2937 4183 3052 4238 fieri
3103 4193 3320 4254 rogant.
3369 4184 3414 4239 O

1831 4265 2218 4321 blaterantium
2251 4268 2620 4324 dementiam!
2655 4271 2789 4325 Nam
2824 4275 2869 4328 si
2905 4271 3049 4328 Deus
3089 4274 3195 4329 illis
3237 4274 3416 4328 immi—

1830 4359 1924 4421 tis,
1974 4375 2042 4413 ne
2085 4360 2184 4414 tibi
2242 4361 2464 4430 quidem
2527 4378 2756 4432 prorsus
2818 4365 3068 4435 placidus
3125 4366 3249 4420 erit.
3315 4363 3412 4418 Sin

1833 4459 2014 4504 autem
2068 4453 2123 4505 in
2174 4460 2245 4516 te,
2286 4461 2348 4507 ut
2398 4463 2550 4509 certe
2597 4471 2816 4525 speras,
2871 4457 2938 4512 ad
2974 4456 3412 4512 misericordiam

1831 4559 2137 4614 propensus
2185 4556 2317 4601 est:
2369 4548 2648 4616 quomodo
2693 4549 2748 4602 in
2795 4549 3134 4603 contrarium
3173 4549 3411 4602 mutabi-

1831 4643 1942 4702 tur,
1973 4637 2037 4690 ad
2066 4637 2329 4691 saevitiam
2358 4639 2800 4693 misericordiam
2833 4641 3170 4695 traducens?
3211 4640 3316 4696 Sed
3345 4641 3414 4694 ad

1831 4727 1934 4782 hoc
1958 4729 2013 4782 in
2051 4737 2304 4800 promptu
2331 4731 2808 4786 contentiosorum
2843 4732 3120 4802 oppesitio
3153 4740 3259 4786 est.
3280 4731 3412 4785 Pro-

1829 4821 1980 4875 tinus
2030 4823 2175 4875 euim
2238 4822 2304 4876 ad
2358 4823 2820 4892 patrocinandum
2867 4840 2981 4879 suae
3017 4825 3304 4877 acerbitati
3350 4840 3417 4879 ex

1829 4915 2118 4983 prophetia
2158 4914 2481 4986 desumptas
2532 4932 2698 4972 voces
2744 4926 3060 4987 proponunt
3099 4936 3110 4970 :
3158 4915 3418 4970 Davidem

1839 5005 2071 5060 deficere
2112 5017 2430 5075 peccatores
2480 5009 2916 5072 desiderantem,
2968 5016 3023 5063 et
3073 5008 3336 5078 pudorem
3367 5016 3423 5062 et

1472 5093 1792 5160 Jeremiam,
1835 5096 2130 5151 vindictam
2161 5109 2215 5154 et
2247 5115 2439 5169 poenas
2474 5116 2504 5154 a
2546 5100 2658 5156 Deo
2692 5103 2759 5156 de
2793 5102 3129 5157 adversariis
3173 5111 3424 5171 sumptas

112 5199 328 5253 videre
378 5194 689 5264 cupientem
719 5194 766 5226 ¹²
812 5213 825 5248 :
865 5191 1063 5249 Oscam
1146 5190 1365 5243 vulvam
1413 5190 1657 5245 sterilem
1714 5198 1770 5244 et
1809 5189 1978 5244 ubera
2018 5195 2168 5247 sicca
2251 5193 2491 5248 inimicis
2520 5195 2639 5249 dari
2685 5205 2965 5265 rogantem
2998 5195 3064 5247 ’³.
3123 5196 3200 5249 Ac
3249 5196 3424 5248 multa

112 5292 266 5347 talia
299 5288 508 5358 passim
551 5285 606 5342 in
623 5288 832 5343 sanctis
868 5284 1173 5356 Scripturis
1203 5285 1379 5354 posita
1421 5285 1710 5354 colligunt,
1749 5285 1896 5354 quod
1936 5285 2271 5342 adversariis
2337 5290 2656 5360 imprecari,
2697 5300 2750 5345 et
2779 5306 2893 5344 suae
2927 5290 3175 5359 ipsorum
3201 5291 3425 5344 szevitim

111 5383 442 5441 bonitatem
505 5380 602 5436 Dei
661 5380 987 5450 adiutricem
1043 5378 1354 5433 adsciscere
1421 5386 1694 5448 oporteat,
1725 5379 2141 5435 concludentes.
2175 5380 2380 5437 Verum
2421 5399 2544 5445 nos,
2580 5391 2641 5438 ut
2663 5384 2840 5439 obiter
2867 5399 3080 5446 eorum,
3119 5383 3212 5454 qui
3244 5399 3311 5438 ex
3342 5392 3422 5438 ta-

115 5480 157 5533 li
197 5474 508 5530 occasione
552 5475 610 5529 in
661 5473 1002 5529 contrarium
1041 5470 1407 5536 deducantur,
1469 5471 1670 5540 ineptis
1723 5487 1789 5526 ac
1828 5472 1985 5528 vanis
2031 5475 2382 5532 sermonibus
2439 5479 2602 5533 linem
2638 5478 3012 5550 imponamus,
3054 5477 3160 5531 hoc
3200 5474 3267 5528 ad
3311 5475 3427 5530 sin-

112 5578 290 5651 gula,
333 5587 456 5644 quae
495 5581 794 5627 memorata
830 5578 982 5634 sunt,
1014 5571 1070 5624 in
1097 5569 1338 5624 medium
1371 5568 1726 5624 adducemus.

197 5757 256 5790 ³⁸
301 5753 448 5812 Psal.
481 5771 532 5808 ix
556 5793 570 5814 ,
605 5753 630 5806 l
664 5769 789 5824 sqq.
865 5753 910 5782 ²²
947 5750 1148 5805 Jerem.
1189 5766 1221 5806 ι
1245 5791 1258 5818 ,
1297 5750 1382 5807 l7.
1461 5750 1505 5783 ’³
1545 5748 1667 5806 Ose.
1699 5765 1752 5805 Ix
1777 5791 1791 5818 ,
1821 5749 1854 5803 ti
1886 5765 2007 5820 sqq.

464 5846 737 5910 Ρλτιιοι..
763 5847 883 5909 Gn.
917 5845 1118 5906 XLIV
1121 5885 1138 5910 ι

3022 5843 3101 5902 36
