3812 6228
427 247 556 307 “3|

1662 236 1720 293 S.
1751 233 2079 291 GREGORII
2119 231 2412 290 .NYSSENI

3562 227 3702 283 “32

492 358 687 412 Nullus
725 371 791 410 ex
827 368 950 408 vere
985 353 1215 418 sanctis,
1249 367 1279 406 a
1325 363 1518 406 sancto
1562 351 1770 422 Spiritu
1803 351 2006 405 divini.

2183 350 2368 412 Οὐδεὶς
2397 347 2505 402 τῶν
2533 346 2748 417 άληθῶς
2777 347 2969 414 ἁγίων,
3002 344 3112 398 τῶν
3243 343 3383 414 ἁγίῳ
3411 344 3702 415 Πνεύματι

311 435 329 450 ’
420 461 510 505 tus
541 447 780 510 aﬂlatis,
831 460 1065 516 quorum
1113 445 1260 499 dicta
1310 443 1494 498 divina
1530 444 1880 498 ordinatione
1933 441 2000 495 ad

420 539 854 594 admonitionem
891 536 1297 604 insequentium
1347 536 1629 590 hominum
1687 536 1998 606 perscripta

423 637 574 692 sunt,
598 627 805 696 aliquid
843 625 970 678 mali
1003 625 1106 679 sibi
1143 625 1325 679 studio
1359 625 1621 681 habuisse
1652 626 2003 680 demonstra-

422 720 614 785 liitur;
650 719 742 774 sed
789 719 1055 780 omnium,
1100 733 1221 788 qua:
1267 718 1334 771 ab
1369 718 1504 788 ipsis
1546 719 1693 772 dicta
1725 727 1875 782 sunt,
1910 719 2000 772 in-

423 811 598 865 lentio
629 819 791 878 atque
824 809 1115 864 consilium
1155 817 1366 879 spectat
1398 809 1465 862 ad
1517 809 1914 863 correctionem
1949 817 2005 862 et

423 901 859 956 ememlationem
897 899 1222 954 vitiositatis
1251 908 1416 969 atque
1447 899 1687 964 malitiae,
1720 914 1842 968 qua:
1871 906 2004 952 tunc

423 998 479 1050 in
511 1006 703 1049 natura
739 994 973 1065 vigebat.
1004 991 1474 1058 Quemadmodum
1532 993 1698 1062 igitur
1745 992 1857 1058 ille,
1907 991 2004 1061 qui

424 1096 565 1151 orat,
619 1102 688 1140 ne
726 1087 836 1141 sint
887 1093 1240 1155 aegrotantes.
1296 1101 1362 1138 ne
1410 1085 1522 1139 sint
1575 1092 1837 1153 egentes,
1892 1099 2002 1137 non

426 1176 1036 1236 lmminuminteritum,
1071 1174 1166 1229 sed
1213 1175 1388 1228 morbi
1437 1183 1492 1230 et
1530 1176 1794 1244 egeslatis
1837 1174 2006 1229 aboli-

425 1271 625 1324 tionem
663 1267 777 1321 ﬁeri
809 1267 960 1335 cupit
992 1285 1006 1318 :
1040 1267 1113 1318 ita
1141 1265 1327 1326 etiam,
1368 1265 1495 1319 dum
1527 1268 1761 1336 quisque
1787 1274 2008 1321 sancto-

425 1376 548 1415 rum
582 1366 764 1421 orant,
801 1366 862 1411 ut
893 1358 967 1420 id,
1002 1357 1146 1427 quod
1180 1366 1392 1412 natura:
1421 1358 1710 1412 adversum
1743 1367 1794 1412 et
1819 1357 2006 1411 inimi-

427 1468 554 1504 cum
611 1459 734 1514 est,
788 1449 855 1502 ad
907 1448 1188 1503 interitum
1248 1449 1572 1518 redigatur,
1636 1448 2005 1520 suspicionem

430 1539 862 1608 imperitioribus
911 1540 1173 1609 prtebent,
1224 1540 1382 1608 quasi
1446 1540 1711 1594 adversus
1758 1539 2008 1594 homines

429 1633 656 1687 saeviant
707 1639 762 1686 et
815 1632 1122 1685 exacerbati
1179 1631 1310 1685 sint.
1365 1629 1499 1684 Nam
1555 1640 1612 1686 et
1659 1630 2003 1687 Psalmorum

2107 441 2577 512 θεοφορουμένων,
2607 432 2682 492 ὧν
2704 439 2761 493 αι
2799 439 2984 509 ῥήσεις
3015 436 3156 489 κατὰ
3197 436 3348 490 θείαν
3382 437 3703 506 οἰκονομίαν

2105 535 2187 598 εἰς
2248 533 2534 586 νουθεσίαν
2578 531 2688 584 τῶν
2730 528 2932 598 ἐφεξῆς
2983 528 3393 599 ἀνεγράφησαν,
3447 529 3546 581 ἐπί
3598 547 3698 583 τινι

2106 624 2262 695 κακῷ
2304 625 2402 695 τὴν
2445 623 2679 692 σπουδὴν
2719 622 2858 693 έχων
2891 620 3332 691 ἐπιδειχθήσεται
3355 637 3371 650 ’
3414 619 3560 672 ἀλλὰ
3599 625 3699 684 πᾶς

2105 718 2288 780 αὐτοῖς
2312 718 2340 770 ό
2365 717 2566 779 σκοπὸς
2607 714 2715 768 τῶν
2739 715 2942 782 λόγων,
2974 713 3112 785 πρὸς
3135 711 3424 784 διόρθωσιν
3458 713 3566 784 τῆς
3595 716 3700 779 ἐμ-

2105 807 2529 877 πολιτευομένης
2570 809 2634 877 τῇ
2668 805 2828 876 φύσει
2856 805 3055 867 κακίας
3090 803 3296 874 βλέπει.
3340 805 3561 874 Ὠσπερ
3594 806 3700 858 τοί-

2106 917 2203 953 νυν
2248 901 2277 952 ό
2320 899 2614 969 εὐχόμενος
2645 896 2718 968 μὴ
2745 892 2884 950 εἶναι
2912 895 3225 962 νοσοῦντας,
3263 896 3339 966 μὴ
3369 891 3517 948 εἶναι

2109 990 2372 1062 χεύοντας
2396 1031 2410 1053 ,
2444 990 2504 1042 ού
2528 989 2636 1042 τῶν
2661 987 2966 1059 ἀνθρώπων
2996 987 3300 1058 ἀναίρεσιν,
3323 986 3462 1039 ἀλλὰ
3488 987 3593 1056 τῆς
3628 988 3704 1040 νό-

2109 1099 2203 1134 σου
2231 1081 2324 1134 καὶ
2351 1079 2450 1150 τῆς
2488 1079 2762 1149 πτωχείας
2787 1078 3095 1150 ἀφανισμὸν
3118 1078 3376 1149 ἐπιθυμεῖ
3398 1080 3664 1148 γενέσθαι
3686 1098 3700 1112 ·

2105 1172 2248 1226 οὕτω
2281 1173 2374 1225 καὶ
2400 1171 2510 1224 τῶν
2545 1171 2714 1239 ἁγίων
2739 1171 2990 1234 ἕκαστος,
3027 1171 3088 1223 τὸ
3112 1174 3178 1242 τῇ
3203 1170 3362 1240 φύσει
3390 1171 3593 1244 ἐχθρὸν
3612 1173 3704 1225 καὶ

2107 1265 2365 1336 πολέμιον
2424 1266 2505 1327 είς
2564 1263 2869 1335 ἀφανισμὸν
2922 1262 3094 1316 ἐλθεῖν
3133 1263 3200 1317 δι’
3244 1264 3410 1334 εὐχῆς
3461 1263 3702 1336 ἔχοντες,

2109 1358 2362 1411 ὑπόνοιαν
2394 1359 2507 1419 τοῖς
2549 1355 3022 1427 ἀπαιδευτοτέροις
3051 1357 3405 1426 παρέχουσιν,
3442 1356 3522 1420 ὡς
3563 1357 3704 1409 κατά

2109 1447 2413 1518 ἀνθρώπων
2434 1446 2847 1518 πικραινόμενοί
2874 1463 2932 1499 τε
2957 1447 3052 1499 καὶ
3080 1447 3526 1516 χαλεπαίνοντες.
3556 1449 3626 1500 ὐ
3647 1465 3704 1500 τε

2109 1539 2218 1612 γὰρ
2235 1539 2537 1612 Ψαλμῳδὸς
2553 1536 2744 1604 εἰπὼν,
2759 1539 2840 1592 ὅτι
2860 1537 3205 1592 Ἐκλίποιεν
3223 1539 3563 1607 ἁμαρτωλοὶ
3589 1540 3703 1593 ἀπὸ

2080 1640 2090 1656 ³
2110 1631 2220 1699 τῆς
2249 1628 2360 1701 τῆς
2398 1630 2496 1683 καὶ
2521 1629 2753 1697 ἄνομοι,
2794 1627 2954 1683 ὥστε
2991 1628 3078 1699 μὴ
3110 1629 3410 1699 ὑπάρχειν
3441 1633 3701 1697 αὐτούς·

430 1725 666 1792 scriptor
696 1739 820 1777 cum
867 1723 1006 1777 dixit
1050 1721 1368 1777 :Tollantur
1413 1732 1715 1791 peccatores
1749 1730 1799 1776 et
1842 1724 2011 1794 iniqui

2132 1724 2210 1794 τὴν
2243 1721 2517 1796 ἁμαρτίαν
2540 1721 2812 1777 ἐκλείπειν
2837 1724 2932 1776 καὶ
2955 1722 3182 1793 ἀνομίαν
3208 1721 3452 1793 εὔχεται.
3491 1725 3567 1777 Οὐ
3605 1725 3703 1796 γάρ

429 1817 493 1868 de
527 1825 690 1880 terra,
723 1826 780 1868 ut
810 1831 914 1868 non
958 1816 1063 1868 sint
1091 1815 1176 1879 ’δς
1212 1825 1272 1870 ut
1310 1826 1594 1886 peccatum
1641 1825 1696 1872 et
1748 1818 2009 1888 iniquitas

429 1906 711 1968 deliciam,
743 1914 885 1958 orat.
922 1903 1038 1958 Non
1089 1905 1236 1959 enim
1289 1906 1452 1960 homo
1498 1905 1783 1961 hominum
1834 1907 2011 1963 hostis

427 2007 554 2052 est:
590 1997 683 2052 sed
717 1997 904 2052 liberte
936 1997 1236 2052 voluntatis
1287 2007 1469 2054 motus
1509 1999 1575 2052 ad
1627 2000 1927 2070 nequitiam
1956 2008 2012 2055 et

428 2088 716 2151 malitiam,
767 2089 886 2140 loco
938 2086 1112 2142 hostis
1175 2088 1460 2142 constituit
1513 2087 1567 2142 id
1613 2087 1760 2159 quod
1813 2097 2010 2143 natura

427 2179 784 2247 conjunctum
815 2187 920 2231 est.
957 2176 1028 2231 Ut
1067 2178 1270 2231 malum
1308 2179 1471 2249 igitur
1499 2179 1738 2245 deﬁciat,
1771 2191 1912 2236 orat.
1942 2181 2012 2236 At

429 2267 593 2322 homo
619 2267 818 2320 malum
849 2283 957 2321 non
980 2276 1087 2322 est.
1114 2266 1401 2333 Quomodo
1423 2271 1567 2324 enim
1592 2270 1797 2324 malum
1822 2270 2008 2337 fuerit,

429 2358 484 2414 id
511 2358 656 2428 quod
689 2359 818 2412 boni
847 2359 1205 2413 simulacrum
1252 2370 1306 2414 et
1338 2360 1741 2416 imitamentum
1782 2363 1912 2418 est?
1937 2362 2012 2416 lla

427 2454 594 2505 etiam
627 2452 672 2507 si
704 2452 967 2520 pudorem
1011 2461 1065 2507 et
1102 2451 1482 2508 confusionem
1531 2454 1773 2511 inimicis
1813 2455 2013 2526 impre-

429 2549 604 2602 cetur,
663 2538 906 2594 ostendit
955 2539 1054 2594 tibi
1104 2549 1382 2593 catervam
1417 2540 1884 2610 adversariorum,
1918 2545 2012 2614 qui

429 2630 499 2682 ab
561 2629 818 2685 invisibili
876 2629 1102 2684 inimico
1169 2640 1422 2694 stantes,
1481 2633 1648 2686 vitam
1714 2633 2012 2688 humanam

429 2733 768 2792 oppugnant.
805 2721 1108 2792 De-quibus
1143 2723 1309 2777 etiam
1343 2719 1550 2778 Paulus
1589 2725 1809 2795 planius
1833 2728 2012 2795 loqui-

431 2823 544 2877 tur,
576 2816 776 2868 luctam
803 2815 966 2868 nobis
995 2829 1116 2870 esse
1147 2815 1338 2871 dicens
1360 2815 1626 2873 adversus
1650 2820 2013 2891 principatus,

430 2906 697 2962 adversus
724 2914 1022 2977 potestates
1042 2915 1096 2960 et
1124 2915 1367 2963 rectores
1394 2909 1560 2978 hujus
1589 2912 1800 2976 mundi,
1827 2911 2017 2966 adver-

433 3015 533 3052 sus
591 2999 908 3068 spirituales
979 2999 1357 3069 improbitates
1445 3001 1501 3055 in
1569 3004 1887 3060 coelestibus
1944 3005 2010 3058 “.

2110 1814 2399 1887 ἄνθρωπος
2435 1813 2739 1885 ἀνθρώπων
2789 1814 3080 1884 πολέμιος,
3114 1815 3230 1868 ἀλλ’
3269 1817 3303 1886 ἡ
3330 1816 3477 1868 κατά
3509 1817 3705 1868 κακίαν

2109 1907 2210 1976 τῆς
2241 1906 2612 1979 προαιρέσεως
2648 1906 2863 1976 κίνησις
2899 1907 2975 1970 είς
3009 1905 3206 1979 ἐχθροῦ
3232 1907 3390 1974 τάξιν
3413 1908 3480 1961 τὸ
3503 1910 3572 1978 τῇ
3607 1907 3706 1975 φύ-

2113 2016 2196 2051 σει
2229 1997 2573 2070 συνημμένον
2608 1997 2960 2069 κατέστησεν.
2997 1998 3072 2051 Τὸ
3111 1999 3283 2053 κακὸν
3311 1998 3499 2052 τοίνυν
3532 1999 3706 2052 ἐκλεί-

2113 2109 2238 2144 πειν
2269 2090 2486 2161 εὔχεται
2506 2133 2520 2157 ,
2551 2092 2582 2146 ό
2612 2089 2668 2143 δέ
2696 2088 2982 2160 ἄνθρωπος
3028 2090 3200 2144 κακὸν
3237 2091 3340 2145 οὐκ
3373 2090 3524 2144 ἐστιν
3547 2105 3564 2120 ο
3589 2090 3708 2154 πῶς

2111 2183 2221 2256 γὰρ
2262 2183 2328 2236 ἂν
2366 2185 2450 2254 εἴη
2493 2183 2663 2237 κακὸν
2700 2183 2795 2236 τοῦ
2829 2184 3034 2252 ἀγαθοῦ
3083 2185 3146 2237 τὸ
3183 2184 3475 2254 όμοίωμας
3519 2184 3704 2246 Οὕτως

2113 2277 2215 2331 κᾶν
2241 2275 2503 2347 αἰσχύνην
2533 2277 2629 2330 καὶ
2658 2276 2926 2348 ἐντροπὴν
2954 2276 3062 2330 τῶν
3094 2274 3306 2347 ἐχθρῶν
3345 2277 3702 2347 κατεύχηται,

2117 2368 2362 2421 δείκνυσί
2395 2386 2476 2420 σοι
2509 2369 2568 2421 τὸ
2593 2372 2780 2438 στῖφος
2805 2369 2914 2421 τῶν
2949 2369 3226 2432 ἐναντίων,
3251 2369 3364 2421 τῶν
3392 2372 3458 2421 ἐκ
3486 2369 3582 2422 τοῦ
3616 2371 3704 2422 ὼ)-

2117 2459 2281 2531 ράτου
2315 2457 2510 2530 ἐχθροῦ
2542 2461 2606 2529 τῇ
2659 2459 2976 2530 ἀνθρωπίνῃ
3007 2458 3538 2530 προσπολεμούντων
3565 2457 3700 2529 ζωῇ.

2113 2551 2250 2622 Περὶ
2279 2544 2354 2604 ῶν
2389 2551 2482 2604 καὶ
2521 2552 2549 2602 ὁ
2583 2550 2794 2613 Παῦλος
2829 2551 3167 2621 γυμνότερον
3191 2549 3533 2621 διεξέρχεται
3563 2591 3576 2612 ,
3607 2551 3706 2619 τὴν

2114 2643 2292 2713 πάλην
2320 2642 2492 2710 λέγων
2529 2638 2668 2695 εἶναι
2708 2644 2843 2712 ἡμῖν
2889 2641 3026 2711 πρὸς
3059 2640 3158 2704 τὰς
3193 2643 3388 2712 ἀρχὰς,
3423 2641 3568 2712 πρὸς
3607 2643 3704 2705 τάς

2115 2736 2363 2802 ἐξουσίας
2389 2736 2627 2799 καὶτοὺς
2657 2734 3106 2805 κοσμοκράτορας
3127 2733 3221 2786 τοῦ
3252 2735 3459 2805 κόσμου
3487 2734 3702 2795 τούτου.

2116 2826 2254 2898 πρὸς
2293 2826 2360 2880 τὰ
2393 2825 2738 2897 πνευματικά
2781 2827 2880 2897 τῆς
2914 2826 3182 2896 πονηρίας
3226 2828 3283 2879 ἐν
3321 2829 3435 2888 τοῖς
3465 2828 3702 2896 ἐπουρα-

2116 2917 2267 2980 νίοις.
2302 2917 2413 2979 Τὰς
2449 2917 2825 2986 δαιμονιὼδεις
2865 2916 3160 2978 ἐπιϐουλὰς
3186 2958 3200 2979 ,
3233 2917 3300 2969 δι’
3332 2910 3407 2970 ὧν
3437 2919 3705 2986 ἐπάγεται

2117 3013 2229 3073 τοῖς
2263 3008 2570 3080 ἀνθρώποις
2602 3009 2669 3062 τὰ
2698 3009 2908 3079 πονηρά
2946 3009 3084 3081 πρὸς
3133 3008 3413 3081 ἁμαρτίαν
3450 3008 3704 3080 συμπτώ-

434 3089 812 3145 Ιὶςιιηιοηῐεοιιε
863 3090 1009 3146 enim
1073 3091 1346 3158 insidias,
1397 3109 1496 3162 per
1550 3111 1690 3163 quas
1739 3097 2010 3152 malitiosa

2132 3119 2267 3173 ματα
2297 3144 2311 3167 ,
2365 3101 2645 3172 συντυχίαι
2698 3100 3006 3169 θυμὼδεις,
3063 3100 3369 3172 ἐπιθυμιῶν
3419 3101 3698 3173 ἀφορμαὶ,

433 3181 754 3236 hominibus
807 3181 900 3235 ad.
933 3193 1219 3252 peccatum
1273 3186 1610 3242 adhibentur
1659 3187 2014 3254 oﬂ'endicula,

434 3287 767 3340 congressus
798 3272 1072 3335 iracundi,
1103 3274 1465 3344 cupiditatum
1501 3280 1743 3340 occasio,
1776 3280 2014 3344 invidize,

434 3362 568 3426 odii,
611 3362 900 3432 superbire,
946 3364 1207 3419 taliumve
1262 3367 1530 3420 malorum
1577 3368 1848 3424 materia:
1902 3370 2019 3425 haec

434 3470 559 3506 cum
585 3470 814 3523 magnus
837 3453 1111 3524 Propheta
1134 3456 1282 3512 videt
1310 3457 1751 3530 uniuscujusque
1775 3461 2014 3516 animam

435 3546 750 3601 insidiando
797 3547 1355 3614 circumcursitantia,
1395 3549 1461 3604 ad
1525 3552 1788 3620 pudorem
1842 3552 2016 3621 redigi

436 3647 716 3708 precatur,
748 3641 840 3709 qui
869 3640 955 3695 his
983 3640 1225 3697 inimicis
1259 3641 1615 3712 imprecatur.
1671 3643 1788 3699 Hoc
1834 3652 2015 3698 autem

437 3731 571 3785 nihil
603 3742 690 3787 est
723 3733 897 3796 aliud,
925 3749 1090 3802 quam
1122 3742 1179 3786 ut
1214 3733 1331 3802 ipse
1377 3744 1646 3790 servetur.
1679 3736 2019 3790 Naturaliter

437 3826 582 3878 enim
611 3823 833 3885 accidit,
870 3832 928 3878 ut
967 3825 1036 3886 is,
1070 3824 1163 3893 qui
1195 3825 1250 3878 in
1285 3826 1590 3881 certamine
1632 3826 1795 3881 lucta:
1837 3827 2020 3882 victus

435 3918 531 3979 sit,
576 3916 648 3969 ob
701 3915 914 3984 lapsqu
987 3931 1148 3970 suum
1201 3915 1486 3984 pudeﬁat:
1556 3917 2018 3986 quemadmodum

438 4009 617 4061 victor
651 4017 843 4059 contra
892 4014 1114 4076 propter
1142 4007 1428 4061 victoriam
1477 4008 1708 4063 laetatur.
1761 4009 1839 4064 Ac
1869 4009 2017 4080 quod

441 4098 556 4152 lucc
599 4098 671 4150 ita
713 4113 835 4152 sese
889 4099 1152 4160 habeant,
1205 4099 1475 4155 orationis
1523 4099 1698 4154 forma
1747 4099 2012 4156 declarat.

444 4188 772 4242 Erubescant
825 4189 1008 4255 enim,
1063 4189 1278 4260 inquit,
1345 4201 1395 4244 et
1461 4190 1860 4258 confundantur
1927 4193 2017 4262 qui

439 4290 682 4350 quaerunt
736 4281 970 4333 animam
1025 4297 1196 4334 meam
1225 4283 1290 4334 ".
1323 4281 1442 4337 Non
1489 4282 1636 4337 enim
1684 4284 2019 4354 imprecatur

440 4374 528 4433 iis,
556 4373 647 4444 qui
694 4373 954 4426 damnum
1005 4373 1061 4427 in
1114 4377 1361 4444 pecuniis
1402 4377 1602 4431 all'erre
1646 4392 1744 4446 per
1791 4377 2019 4432 insidias

439 4473 753 4517 conantur:
785 4471 880 4515 aut
916 4463 1005 4525 iis,
1037 4465 1129 4532 qui
1162 4464 1230 4519 de
1261 4465 1458 4521 ﬁnibus
1498 4481 1754 4536 agrorum
1796 4476 2019 4520 contro-

440 4558 679 4609 versiam
712 4561 935 4606 movent
963 4573 976 4608 :
1004 4562 1098 4607 aut
1123 4555 1211 4618 iis,
1232 4558 1325 4626 qui
1365 4557 1419 4610 in
1444 4566 1610 4625 caput
1631 4557 1752 4626 ejus
1778 4558 2016 4627 aliquam

441 4647 704 4700 malitiam
770 4645 1100 4715 designant:
1153 4647 1250 4703 sed
1304 4649 1727 4718 qui‘adversus
1781 4651 2018 4703 animam

441 4737 676 4793 insidias
710 4744 974 4792 struunt:
1009 4739 1206 4792 anima:
1236 4749 1417 4794 autem
1452 4740 1727 4806 insidiari,
1756 4741 1888 4812 quid
1937 4749 2023 4794 est

440 4832 610 4892 aliud,
641 4831 747 4884 nisi
780 4846 810 4882 a
838 4828 948 4884 Deo
985 4830 1276 4886 alienare?
1305 4832 1478 4887 Porro
1503 4850 1614 4888 non
1641 4835 1801 4889 aliter
1834 4833 2023 4887 anima

439 4923 681 4976 humana
728 4938 756 4972 a
803 4920 913 4974 Deo
945 4921 1239 4990 alienatur,
1273 4940 1436 4993 quam
1470 4941 1567 4995 per
1595 4924 1848 4978 vitiosam
1890 4922 2022 4978 alie-

438 5018 702 5069 ctionem.
738 5013 1006 5079 Quoniam
1032 5014 1196 5084 igitur
1223 5032 1424 5072 numen
1453 5017 1700 5072 divinum
1731 5018 2023 5089 perturba-

442 5108 612 5161 tionis
642 5122 706 5160 ar.
735 5107 851 5159 vitii
884 5121 1101 5176 semper
1132 5124 1329 5178 expers
1361 5112 1586 5180 est,qui
1619 5112 1672 5164 in
1696 5109 1832 5165 vitio
1858 5119 2022 5179 atque

441 5194 862 5263 perturbatione
910 5208 1125 5263 semper
1189 5187 1481 5262 versatur,
1544 5213 1573 5252 a
1631 5199 2022 5266 conjunctione

441 5286 614 5339 divini
642 5285 886 5338 numinis
911 5295 1249 5356 segregatur.
1272 5287 1350 5342 Ne
1383 5290 1549 5360 igitur
1579 5289 1631 5344 id
1661 5291 1764 5345 sibi
1783 5290 2019 5352 accidat,

443 5380 708 5449 pudorem
737 5377 1070 5432 adversariis
1111 5379 1466 5452 imprecatur.
1504 5382 1619 5439 Hoc
1665 5395 1845 5439 autem
1886 5384 2024 5438 nihil

441 5472 592 5526 aliud
623 5479 728 5531 est,
753 5483 918 5539 quam
953 5469 1240 5528 victoriam
1278 5475 1389 5530 sibi
1450 5478 1518 5532 de
1553 5477 1805 5541 hostibus
1835 5491 2024 5547 preca-

2119 3191 2314 3260 φθόνου
2345 3190 2440 3244 καὶ
2470 3191 2661 3261 μίσους
2689 3191 2784 3244 καὶ
2809 3189 3190 3260 ὑπερηφανίας
3208 3229 3224 3250 ,
3253 3191 3349 3242 xui.
3383 3190 3494 3242 τῶν
3529 3189 3701 3242 τοιού-

2117 3302 2226 3337 των
2258 3283 2444 3338 κακῶν
2475 3283 2750 3346 ὑπόθεσις·
2780 3283 2952 3336 ταῦτα
2979 3282 3120 3354 ὁρῶν
3157 3283 3188 3334 ό
3210 3282 3387 3353 μέγας
3408 3282 3704 3354 Προφήτης

2119 3375 2216 3446 τὴν
2258 3374 2490 3428 ἐκάστου
2527 3374 2703 3445 ψυχὴν
2731 3374 2798 3426 δι’
2830 3374 3123 3444 ἐπιϐουλῆς
3154 3375 3553 3445 περιτρέχοντα
3572 3416 3588 3439 ,
3632 3377 3706 3438 είς

2125 3466 2385 3538 αἰσχύνην
2426 3465 2600 3519 ἐλθεῖν
2627 3465 2864 3536 εὔχεται,
2901 3468 2930 3519 ό
2954 3465 3096 3520 κατὰ
3122 3466 3230 3519 τῶν
3257 3465 3467 3536 ἐχθρῶν
3503 3467 3710 3520 τούτων

2127 3559 2435 3630 εὐχόμενος.
2468 3559 2640 3612 Τοῦτο
2659 3558 2713 3613 δέ
2742 3559 2857 3612 ἐστι
2875 3559 2935 3612 τὸ
2950 3557 3160 3631 durib]
3175 3558 3528 3630 διασωθῆναι.
3561 3560 3713 3613 Κατὰ

2127 3651 2286 3721 φύσιν
2309 3651 2418 3722 γὰρ
2441 3653 2702 3721 ἐπάγεται
2724 3651 2801 3723 τῷ
2831 3651 3115 3722 ἡττηθέντι
3141 3652 3284 3705 κατὰ
3305 3652 3404 3723 τὴν
3436 3652 3627 3722 πάλην
3656 3652 3716 3705 τδ

2124 3743 2546 3816 ἐπαισχυνθῆιαι
2570 3746 2648 3815 τῷ
2677 3745 2928 3816 πτώματι
2951 3745 3137 3808 αὐτοῦ,
3169 3747 3244 3807 ὡς
3274 3747 3368 3800 καὶ
3389 3747 3465 3817 τῷ
3485 3748 3716 3800 νικῶντι

2123 3834 2184 3887 τὸ
2222 3835 2315 3888 ἐπὶ
2359 3837 2427 3906 τῇ
2466 3836 2594 3908 νίκῃ
2633 3836 2982 3904 ἀγάλλεσθαι.
3034 3840 3144 3893 Καὶ
3183 3841 3266 3895 ὅτι
3316 3840 3491 3894 ταῦτα
3543 3841 3716 3904 οὓτως

2125 3925 2258 3995 ἔχει,
2282 3926 2431 3996 δηλοῖ
2450 3927 2548 3996 τῆς
2567 3928 2734 3998 εὐχῆς
2759 3929 2820 3981 τὸ
2848 3923 3004 3993 εἶδος.
3029 3931 3560 4000 Αίσχυνθήτωσαν
3589 3934 3716 4004 γὰρ.

2129 4015 2298 4086 φησὶ,
2329 4015 2430 4068 καὶ
2465 4015 2939 4084 ἐντραπήτωσαν
2987 4022 3041 4073 οἱ
3081 4020 3395 4088 ζητοῦντές
3426 4039 3560 4090 μου
3607 4022 3717 4087 τὴν

2128 4105 2361 4174 ψυχήν.
2393 4107 2466 4159 (lt)
2500 4107 2610 4178 γὰρ
2651 4109 2974 4180 κατεύχεται
3013 4110 3121 4163 τῶν
3156 4113 3237 4175 είς
3269 4115 3583 4183 χρημάτων
3624 4115 3715 4183 ζη-

2133 4196 2261 4266 μίαν
2309 4196 2785 4264 ἐπιϐουλευόντων,
2826 4201 2859 4271 ἢ
2891 4202 3018 4274 περὶ
3058 4206 3161 4274 γῆς
3205 4204 3346 4274 ὅρων
3380 4205 3714 4276 διαμφισϐηο

2128 4290 2385 4355 τούντων,
2410 4291 2443 4361 ἢ
2475 4291 2584 4344 τῶν
2610 4293 2750 4346 κατὰ
2773 4293 2866 4346 τοῦ
2895 4292 3148 4366 σώματος
3179 4297 3341 4349 αὐτοῦ
3368 4300 3582 4352 κακίαν
3603 4301 3714 4352 ist-.-

2054 4419 2099 4478 ο
2128 4380 2487 4451 δεικνυμένων
2509 4383 2664 4436 τινά·
2711 4383 2848 4438 ἀλλὰ
2875 4385 2985 4438 τῶν
3014 4387 3189 4458 ψυχὴν
3229 4388 3712 4443 ἐπιϐουλευόντων.

2127 4471 2236 4541 Τῆς
2272 4471 2331 4524 δέ
2376 4471 2553 4543 ψυχῆς
2602 4474 2864 4546 ἐπιϐουλὴ
2891 4475 2972 4539 τίς
2999 4475 3163 4548 ἄλλη,
3201 4480 3250 4531 εί
3281 4478 3356 4548 μὴ
3387 4479 3532 4532 Θεοῦ
3561 4481 3712 4533 ἀλλο-

2127 4564 2380 4635 τρίωσις;
2424 4565 2821 4638 Ἀλλοτριοῦται
2842 4568 2898 4621 δὲ
2922 4569 3030 4621 ἀπὸ
3052 4568 3186 4622 Θεοῦ
3216 4570 3542 4642 ἀνθρωπίνη
3576 4573 3713 4642 ψυχὴ

2128 4657 2228 4708 ούκ
2262 4655 2456 4719 ἄλλως,
2489 4657 2521 4727 ἢ
2547 4657 2634 4710 διὰ
2663 4661 2760 4729 τῆς
2783 4659 3059 4730 ἐμπαθοῦς
3085 4661 3398 4726 διαθέσεως.
3448 4665 3605 4718 Ἐπεὶ
3630 4661 3713 4718 οὖν

2131 4746 2337 4811 ἀπαθὲς
2375 4750 2435 4802 τὸ
2465 4749 2618 4802 Θεῖον
2648 4751 2900 4816 πάντοτε,
2940 4754 2968 4806 ὀ
2995 4753 3080 4805 ἀεὶ
3112 4754 3170 4806 ἐν
3210 4754 3373 4807 πάθει
3398 4759 3714 4828 γινόμενος,

2131 4840 2230 4908 τῆς
2263 4839 2394 4911 πρὸς
2430 4841 2490 4894 τὸ
2515 4841 2667 4896 Θεῖον
2710 4843 3001 4911 συναφείας
3029 4844 3493 4915 ἀποσχοινίζεται.
3543 4851 3630 4913 Ὡς
3657 4849 3714 4902 ἄν

2128 4925 2222 4983 οὖν
2255 4930 2329 5000 μὴ
2373 4929 2528 4983 τοῦτο
2558 4931 2718 4985 πάθοι
2741 4970 2757 4994 ,
2792 4931 3056 5002 αἰσχύνην
3097 4933 3207 4986 τῶν
3253 4935 3714 4992 ἀντιπαλαιόντων

2133 5021 2375 5092 εὔχεται.
2427 5022 2598 5075 Τοῦτο
2634 5022 2692 5075 δὲ
2730 5023 2882 5076 οὐδὲν
2925 5023 3054 5077 ἄλλο
3077 5026 3246 5089 ἐστὶν,
3271 5027 3306 5097 ἢ
3343 5029 3528 5100 ἐαυτῷ
3568 5032 3713 5098 νίκην

2127 5113 2268 5168 κατά
2299 5113 2407 5166 τῶν
2449 5114 2722 5184 πολεμίων
2765 5115 3116 5182 ἐπεύξασθαι·
3166 5119 3215 5171 οἱ
3261 5119 3319 5172 δέ
3363 5120 3620 5194 πολέμιοι
3659 5125 3712 5175 τὰ

2129 5207 2275 5278 πάθη
2303 5209 2458 5261 εἰσιν.
2492 5207 2676 5272 Οῦτως
2704 5211 2734 5263 ὁ
2779 5209 3048 5280 Ἱερεμίας
3072 5211 3231 5284 ζῆλον
3268 5213 3371 5283 τῆς
3409 5216 3711 5279 θεοσεϐείας

2133 5296 2293 5367 ἔχων,
2325 5297 2806 5370 είδωλομανοῦντος
2832 5302 3132 5374 τηνικαῦτα
3161 5304 3256 5357 τοῦ
3289 5303 3567 5374 βασιλέως
3587 5348 3603 5368 .
3631 5308 3711 5361 καὶ

2132 5388 2242 5442 τῶν
2273 5389 2598 5463 ὑποχειρίων
2630 5393 2781 5464 αὑτῷ
2809 5395 3337 5469 συνδιατραφέντων,
3367 5400 3473 5453 οὐκ
3511 5399 3645 5454 ἴδιόν
3670 5416 3711 5452 τι

2131 5479 2426 5553 θεραπεύει
2449 5483 2640 5554 πάθος,
2658 5484 2793 5542 ἀλλὰ
2815 5488 2945 5560 περὶ
2972 5487 3066 5542 τοῦ
3083 5488 3262 5544 κοινοῦ
3283 5490 3397 5544 τῶν
3418 5491 3711 5564 ἀνθρώπων

509 5649 560 5688 ³⁸
594 5652 738 5710 Psal.
767 5671 818 5711 ix
843 5699 857 5723 ,
894 5660 978 5717 l8.
1053 5662 1098 5694 ²³
1142 5658 1340 5731 Ephes.
1375 5674 1426 5715 \‘l
1451 5697 1466 5724 ,
1499 5657 1586 5713 12.
1663 5658 1710 5746 ’ᾖ
1748 5653 1895 5712 Psal.
1929 5669 2012 5723 vl,
2050 5653 2138 5712 11.
