3812 6228
33 339 115 398 ['53
932 329 1020 384 DE
1057 325 1409 384 ORATIONE
1445 323 1796 378 DOMINICA.
1835 350 1907 360 —
1941 318 2200 374 ORATIO
2233 319 2276 370 Ι.
3093 311 3234 370 ΗΜ

34 453 238 528 ροσάγει
283 449 382 522 τὴν
431 448 636 522 δέησιν,
695 449 764 517 τῇ
817 447 960 499 κατὰ
1005 445 1116 500 τῶν
1162 443 1599 512 ἀσεϐησάντωνὶ

1731 436 1966 491 :hostes
1997 447 2128 490 vero
2173 429 2622 503 perturbationes
2669 438 2728 485 et
2775 429 2910 484 vitia
2960 436 3108 483 sunt.
3141 429 3237 486 Sic

33 523 143 618 ruﬁ.
195 543 342 598 ἅπαν
392 540 824 614 σωφρονισθῆναι
875 540 1044 606 ἀξιῶν
1081 540 1142 593 τὸ
1193 538 1551 608 ἀνθρώπινον.

1709 529 1926 584 :remias
1986 526 2300 582 vehementi
2361 536 2416 580 et
2485 523 2700 579 ardenti
2759 523 2988 592 pietatis
3051 537 3240 578 amore

33 603 262 701 Ξεάύτως
289 636 350 690 δὲ
379 603 542 690 atat-ii
570 603 878 704 προφητης,
921 603 982 696 dc
1021 632 1114 686 καὶ
1154 603 1558 699 πολυγονοῦσαν

1709 621 1952 686 raeditus,
1978 619 2180 674 insano
2204 617 2624 673 simulacrorum
2661 615 2834 670 cultui
2863 614 3049 670 dedito
3092 630 3239 684 rege.

33 733 102 784 ίτε
121 730 218 801 τὴν
247 727 452 783 κακίαν
489 729 548 780 ὲν
588 728 701 789 τοῖς
755 723 1116 794 Ἰσραηλίταις
1141 721 1302 792 ὁρῶν,
1335 719 1560 790 ἀτεκνίᾳ

1709 714 1754 766 ui
1793 721 1924 768 tunc
1983 712 2286 782 regnabat,
2331 717 2388 765 et
2441 709 2681 765 subditis
2729 708 2920 763 eodem
2970 721 3096 762 cum
3147 707 3244 761 illo

33 800 203 886 ικαίως
221 820 596 884 καταδικάζει,
613 817 824 880 καὶτὰς
847 815 1052 886 πικρὰς
1075 813 1242 885 θηλὰς
1261 814 1361 884 τῆς
1381 814 1561 884 ἁμαρ-

1709 818 1850 858 rrore
1881 803 2145 856 involutis
2187 817 2404 871 unaque
2458 800 2757 870 perversis,
2803 815 2914 854 non
2957 800 3244 870 proprium

33 916 102 978 ἔας
125 912 458 984 ξηρανθῆναι
493 909 773 980 βούλεται,
796 909 874 972 ὡς
903 908 968 962 ἂν
1003 909 1138 977 μήτε
1179 906 1414 959 τίκτοιτο
1449 905 1563 967 τοῖς

1709 894 1896 965 liquod
1927 892 2337 947 incommodum
2369 901 2546 954 curat,
2579 891 2675 945 sed
2707 905 2806 960 pro
2836 889 3114 944 communi
3143 888 3250 940 ho-

34 982 291 1075 νθρὼποις
313 1003 374 1055 τὸ
403 1001 572 1056 κακὸν
591 1041 606 1065 ,
640 1001 778 1070 μήτε
807 998 1082 1068 τρέφοιτο.
1123 996 1220 1049 Διὰ
1251 993 1410 1048 τοῦτο
1433 1010 1564 1064 προ-

1709 987 1876 1040 ιὶηιιιι)
1907 986 2053 1040 bono
2085 983 2193 1040 Deo
2224 997 2419 1054 preces
2452 982 2634 1046 offert,
2679 997 2878 1052 rogans
2905 989 2962 1035 ut
3011 996 3108 1050 per
3145 982 3252 1033 im-

37 1073 182 1168 ήτης,
212 1096 324 1159 Δὸς
341 1093 571 1157 αὐτοῖς,
603 1091 758 1161 φησὶ,
790 1091 992 1156 Κύριε,
1019 1085 1256 1158 μήτραν
1281 1084 1566 1140 ἀτενινοῦ-

1709 1086 1876 1141 etum,
1899 1076 1995 1145 qui
2025 1075 2288 1130 adversus
2313 1089 2428 1139 eos,
2459 1073 2554 1144 qui
2595 1073 2874 1143 impietate
2897 1087 2956 1127 se
2981 1073 3252 1126 contami-

155 1188 250 1242 καὶ
274 1186 548 1256 μαστοὺς
571 1185 818 1252 ξηροὺς.
852 1182 962 1235 Καὶ
985 1179 1040 1233 εἴ
1063 1197 1146 1242 τις
1177 1179 1333 1241 ἄλλος
1371 1179 1428 1230 ὲν
1455 1179 1568 1239 τοῖς

1711 1175 1916 1229 assent.
1947 1167 2342 1235 susciperetur,
2373 1165 2692 1220 universum
2723 1179 2898 1235 genus
2945 1163 3250 1217 humanum

34 1281 160 1349 γίοις
195 1255 446 1350 εὑρεθείη
477 1275 712 1340 τοιοῦτος
747 1275 934 1342 λόγος,
969 1271 1144 1343 θυμοῦ
1178 1287 1300 1324 τινα
1333 1285 1571 1338 κατηγο-

1709 1259 1738 1314 d
1770 1259 2060 1314 sanitatem
2093 1257 2448 1312 reduceretur
2470 1257 2536 1309 ’⁷.
2571 1255 2841 1310 Similiter
2869 1263 3051 1309 autem
3082 1255 3252 1309 etiam

44 1329 158 1349 r"-
200 1329 446 1350 "r""’l
693 1329 710 1340 '
822 1329 832 1342 '
883 1329 933 1336 "
1043 1329 1055 1343 ‘
1463 1329 1502 1338 "

39 1375 114 1426 ίαν
137 1373 233 1426 καὶ
274 1371 552 1441 σημασίαν
581 1369 740 1438 ἔχων,
771 1367 907 1438 πρὸς
935 1365 1032 1436 τὴν
1057 1363 1312 1435 τοιαύτην
1353 1363 1570 1425 πάντως

1713 1349 1942 1418 ropheta
1968 1346 2161 1411 Oseas,
2210 1362 2336 1402 cum
2371 1347 2516 1402 inter
2569 1347 2847 1402 Israelitas
2891 1345 3252 1400 vitiositatem

33 1471 226 1522 ιάνοιαν
257 1465 473 1535 βλέπει,
503 1463 538 1534 ἢ
571 1462 804 1532 ὲξορίζοι
843 1460 906 1514 τὸ
935 1459 1132 1523 κακὸν,
1165 1459 1266 1512 οὐκ
1299 1455 1572 1527 ὲπιτρίϐοι

1709 1449 1835 1511 tque
1863 1440 2126 1494 malitiam
2153 1447 2284 1494 tunc
2309 1439 2602 1494 fecundam
2643 1453 2766 1493 esse
2804 1437 3032 1504 videret,
3059 1439 3256 1492 merito

33 1561 80 1610 δν
101 1557 199 1612 ave
207 1573 408 1627 ρωπον.
433 1553 578 1619 Θεὸς
595 1552 858 1608 θάνατον
879 1552 990 1604 οὐκ
1003 1549 1312 1614 ἐποίησεν.
1331 1545 1574 1608 Ἀκούεις

33 1649 90 1718 ἧς
123 1648 447 1716 ἀποφάσεως
469 1665 485 1713 ;
510 1645 635 1708 Πῶς
657 1639 752 1697 οὖν
782 1644 862 1706 είς
886 1641 978 1694 τὸν
999 1640 1144 1694 κατὰ
1163 1639 1272 1692 τῶν
1309 1638 1454 1690 ἰδίων
1479 1637 1578 1690 αύ-

33 1740 83 1794 οὖ
109 1739 314 1810 ἐχθρῶν
349 1739 576 1793 θάνατον
603 1734 940 1806 παρακαλεῖν
973 1731 1162 1802 ἔμελλε
1188 1730 1280 1783 τὸν
1304 1729 1458 1792 Θεὸν,
1485 1729 1576 1781 τὸν

1676 1533 1964 1590 sterilitate
1987 1547 2082 1588 eos
2115 1533 2463 1598 condemnat,
2509 1541 2562 1588 et
2595 1533 2794 1586 acerba
2831 1531 3038 1602 peccati
3087 1533 3256 1586 ubera

1677 1640 1932 1680 arescere
1955 1625 2091 1687 vult,
2122 1633 2181 1678 ut
2209 1641 2386 1694 neque
2409 1634 2754 1688 nasceretur,
2791 1639 2973 1694 neque
3019 1625 3258 1678 aleretur

1681 1718 1884 1772 malum
1917 1718 2250 1772 hominibus.
2285 1718 2497 1773 Idcirco
2547 1719 2814 1788 prOpheta
2852 1735 2864 1770 :
2899 1717 3000 1782 Da,
3057 1719 3258 1786 inquit,

34 1831 92 1899 ἧς
261 1827 492 1881 θανάτου
533 1789 814 1895 ἐνεργείας
849 1789 1168 1892 ἀλλότριοικ
1199 1821 1274 1873 υὺ
1315 1819 1576 1890 τέρπεται

1709 1809 1812 1872 llis,
1847 1808 2092 1870 Domine,
2119 1809 2328 1864 vulvam
2357 1811 2609 1870 sterilem.
2647 1819 2696 1865 et
2722 1810 2882 1864 ubera
2915 1810 3057 1863 sicca
3084 1809 3151 1861 “.
3185 1811 3264 1863 Ac

34 1921 82 1972 π’
119 1916 364 1987 ἀπωλείᾳ.
395 1915 634 1980 ζώντων.
685 1911 848 1964 Ἀλλὰ
896 1907 1252 1978 βαττολογῶν,
1297 1906 1390 1960 καὶ
1435 1905 1578 1958 κατὰ

34 2011 102 2064 ῶν
133 2011 276 2064 ἰδίων
307 2007 520 2078 ἐχθρῶν
544 2007 644 2076 τὴν
667 2003 764 2058 τοῦ
789 2001 926 2056 Θεοῦ
949 1999 1138 2070 φιλανθ
1149 1998 1358 2070 ρωπίαν
1399 2013 1580 2068 παρα-

33 2103 184 2165 εινῶν,
215 2098 610 2170 ὲπιτερφθῆναι
640 2099 761 2159 ταῖς
786 2091 1154 2152 ἀνθρωπίναις
1177 2089 1338 2144 αὐτὸν
1367 2103 1574 2160 συμφο-

33 2197 124 2256 αῖς
148 2191 520 2261 ἐγκελεύεται.

1680 1901 1728 1956 si
1759 1901 1884 1970 quis
1914 1901 2054 1956 alius
2079 1901 2136 1954 in
2165 1901 2377 1956 sanctis
2405 1902 2681 1972 ejusmodi
2718 1917 2898 1959 sermo
2927 1901 3262 1964 inveniatur,

1683 1993 1782 2066 qui
1827 1993 1968 2048 iram
2013 1995 2198 2064 aliquo
2243 1995 2408 2050 modo
2441 2003 2632 2067 arguat
2659 2003 2823 2066 atque
2867 1993 3159 2066 signiticet,
3196 1993 3266 2046 ad

1685 2085 1958 2154 ejusmodi
2001 2087 2225 2141 omnino
2255 2087 2581 2142 sententiam
2639 2095 2868 2156 spectat,
2899 2099 3022 2157 quae
3070 2084 3268 2138 vitium

1687 2177 1942 2246 expellat,
1965 2193 2074 2234 non
2106 2180 2380 2236 hominem
2409 2181 2689 2236 conficiat.
2735 2179 2964 2234 Mortem
2991 2178 3130 2232 Deus
3163 2191 3269 2230 non

33 2287 124 2339 scit
154 2287 222 2340 ".
281 2282 456 2338 Audis
520 2277 892 2336 sententiam?
938 2272 1223 2342 Quomodo
1281 2271 1448 2342 igitur
1495 2268 1553 2323 in
1617 2277 1847 2324 mortem
1891 2285 2120 2328 suorum
2171 2273 2346 2343 ipsius
2391 2273 2742 2328 inimicorum
2787 2279 3079 2343 rogaturus
3121 2275 3270 2324 esset

33 2379 198 2443 leum,
222 2374 318 2446 qui
351 2389 383 2428 a
409 2373 602 2428 mortis
624 2369 865 2428 elﬁcacia
891 2369 1104 2423 alienus
1131 2365 1252 2421 est?
1277 2362 1398 2418 Non
1430 2361 1734 2417 delectatur
1766 2361 2072 2431 perditione
2103 2364 2374 2420 vivorum.
2402 2365 2470 2418 At
2501 2365 2548 2421 is
2579 2365 2672 2435 qui
2704 2363 2955 2429 blaterat,
2993 2371 3049 2418 et
3081 2363 3270 2417 adver-

33 2490 100 2530 .us
123 2487 260 2527 suos
287 2470 542 2525 inimicos
564 2466 962 2522 humanitatem
995 2463 1090 2518 Dei
1119 2462 1380 2523 concitat,
1421 2459 1672 2514 hortatur
1706 2473 1851 2522 eum,
1882 2467 1944 2513 ut
1973 2461 2375 2518 calamitatibus
2413 2461 2695 2517 hominum
2724 2464 3042 2520 delectetur.

83 2561 224 2615 Ἀλλ’
257 2561 362 2633 ἥδη
390 2561 553 2624 τινὲς,
585 2561 742 2630 φησὶ,
784 2559 878 2612 καὶ
920 2557 1106 2630 ἀρχῶν
1133 2557 1228 2610 καὶ
1269 2551 1464 2624 τιμῶν,
1495 2550 1590 2604 καὶ

33 2654 236 2708 πλούτου
286 2651 624 2723 ἠξιώθησαν,
671 2653 804 2721 εὑχῇ
845 2651 979 2722 πρὸς
1030 2647 1188 2702 τοῦτο
1227 2645 1585 2718 χρησάμενοι,

33 2748 98 2798 Lai.
129 2743 405 2814 θεοφιλεῖς
437 2739 576 2795 εἶναι
613 2741 704 2795 διὰ
731 2745 832 2812 τῆς
857 2742 1112 2810 τοιαύτης
1143 2738 1435 2810 εὐκληρίας
1485 2735 1591 2787 ὑπ-

37 2837 326 2908 νοήθησαν.
382 2833 508 2897 Πῶς
555 2829 647 2886 οὖν
691 2833 976 2903 ἀπείργεις
1003 2833 1171 2902 ἡμᾶς,
1200 2828 1343 2883 εἴποι
1385 2844 1468 2889 τις
1502 2825 1591 2890 ἂν,

33 2931 132 3000 τερὶ
162 2930 277 2982 τῶν
301 2926 560 2980 τοιούτοιν
596 2925 894 2997 προσάγειν
939 2924 1018 2995 τῷ
1047 2922 1166 2992 Θεῷ
1203 2921 1301 2986 τὰς
1344 2921 1591 2989 δεήσεις;

33 3021 140 3074 ιλλὰ
167 3021 232 3074 τὸ
263 3021 366 3090 μὲν
389 3017 566 3073 πάντα
596 3017 746 3081 θείας
773 3016 1005 3086 ἐξῆφθαι
1031 3014 1247 3085 βουλῆς,
1265 3014 1359 3066 καὶ
1389 3011 1595 3065 ἄνωθεν

39 3113 411 3184 ίκονομεῖσθαι
453 3112 544 3164 τδν
583 3110 706 3182 τῇδε
749 3111 885 3181 βίον,
935 3111 1097 3164 παντὶ
1145 3109 1302 3177 δῆλόν
1331 3109 1468 3169 ἐστι,
1502 3103 1598 3158 καὶ

34 3209 106 3260 rint
134 3208 202 3261 ἄν
233 3223 320 3260 τις
353 3203 596 3258 ἀντείποι
627 3203 704 3272 τῷ
747 3203 910 3272 λόγῳ.
951 3201 1072 3254 Τῶν
1106 3200 1163 3253 δὲ
1196 3198 1452 3252 τοιούτων
1499 3197 1597 3265 τῆς

39 3297 176 3366 ὀχῆς
213 3295 656 3366 κατορθωμάτων
713 3293 878 3356 ἄλλας
933 3293 1112 3355 αἰτίας
1157 3290 1456 3362 ἐμάθομεν,
1501 3289 1600 3358 οὐχ

33 3386 84 3447 in;
113 3383 302 3453 ἀγαθὰ
333 3381 551 3446 πάντως
583 3382 678 3435 τοῦ
712 3380 846 3434 Θεοῦ
896 3379 1068 3432 ταῦτα
1111 3381 1222 3440 τοῖς
1267 3375 1476 3429 αἰτοῦσι
1511 3373 1598 3425 νέ-

33 3494 206 3539 ιοντος
227 3493 244 3509 ο
281 3475 398 3529 ἀλλ’
429 3475 504 3538 ὡς
537 3473 604 3528 ἂν
643 3473 734 3527 διὰ
763 3472 970 3526 τούτων
1021 3471 1302 3542 βεϐαιωθῇ·
1323 3473 1434 3532 τοῖς
1475 3471 1601 3523 ἐπι-

33 3569 391 3638 ωλαιοτέμροις
411 3569 446 3637 ή
473 3567 608 3638 πρὸς
641 3565 732 3620 τὸν
763 3565 896 3618 Θεὸν
921 3563 1123 3628 πίστις,
1155 3567 1250 3618 καὶ
1281 3565 1400 3616 κατ’
1425 3564 1604 3631 ὀλίγον

33 3679 71 3714 :v
105 3663 228 3724 ταῖς
263 3657 620 3730 μικροτέραις
645 3656 754 3708 τῶν
783 3658 1072 3727 αἰτήσεων,
1101 3655 1164 3708 τὸ
1203 3656 1493 3708 ἐπακούειν
1515 3655 1605 3708 τὸν

33 3753 150 3805 ὒεὸν
177 3751 292 3804 τῶν
323 3749 546 3803 ἱκεσιῶν
582 3751 648 3819 τῇ
681 3752 846 3819 πείρᾳ
879 3747 1260 3818 μανθάνοντες,
1290 3745 1605 3816 ἀνέλθοιμέν

33 3860 150 3898 τοτε
183 3843 325 3914 πρὸς
355 3841 456 3911 τὴν
487 3840 594 3894 τῶν
625 3837 845 3908 ὑψηλῶν
892 3855 956 3892 τε
1005 3839 1100 3892 καί¹
1149 3837 1468 3907 θεοπρεπῶν
1501 3837 1606 3890 δω-

33 3936 288 4006 πςμάτων
339 3932 660 4002 ἐπιθυμίαν.
713 3931 980 4002 Καθάπερ
1020 3931 1114 3982 ἐπὶ
1167 3931 1274 3982 τῶν
1324 3929 1608 4000 ἡμετέρων

33 4027 228 4078 τέκνων
243 4023 460 4094 ὁρῶμεν
479 4039 493 4052 ·
511 4022 548 4076 ἃ
564 4021 699 4084 τέως
720 4021 818 4091 μὲν
831 4024 896 4092 τῇ
923 4021 1150 4093 μητρῷα
1169 4021 1305 4092 θηλῇ
1336 4019 1610 4090 προσφύε-

33 4131 140 4175 ται,
172 4115 300 4166 ὅσον
335 4113 504 4182 χωρεί
529 4113 562 4181 ἡ
609 4109 792 4180 φύσις,
824 4110 1078 4164 τοσοῦτον
1103 4111 1253 4180 παρὰ
1281 4111 1381 4179 τῆς
1417 4126 1609 4179 γεννη-

33 4203 272 4273 ςαμένης
311 4201 690 4271 ἐπιζητοῦντα·
727 4204 774 4254 εἰ
806 4201 862 4254 δὲ
891 4202 1286 4273 ὑπανδρυνθείη
1309 4201 1370 4253 τὸ
1394 4207 1607 4271 νήπιον,

33 4294 108 4346 ιαί
139 4309 274 4344 τινα
308 4290 607 4361 προσλάϐοι
651 4290 742 4344 τοῦ
778 4291 1109 4359 φθέγγεσθαι
1149 4291 1396 4362 δύναμιν,
1441 4307 1611 4344 κατα-

33 4387 218 4454 ρρονεῖ
250 4381 356 4452 μὲν
396 4383 496 4452 τῆς
530 4382 724 4455 θηλῆς,
751 4384 903 4454 ζητεῖ
943 4384 998 4436 δέ
1027 4400 1080 4436 τι
1115 4383 1372 4446 τοιοῦτον,
1409 4383 1441 4452 ἢ
1475 4399 1610 4453 προ-

33 4475 242 4544 ιὸμιον,
277 4471 311 4543 ἣ
353 4473 586 4542 ἱμάτιον,
619 4475 653 4544 ἦ
680 4491 800 4526 τινα
822 4473 1066 4536 τοιαῦτα,
1103 4467 1185 4537 οἷς
1211 4475 1240 4526 ὁ
1269 4473 1377 4525 τῶν
1406 4473 1611 4545 νηπίων

33 4563 310 4634 ιφθαλμιὺς
338 4563 692 4634 ἐπιτέρπεται
712 4580 729 4595 ·
768 4565 988 4618 ἐπειδὰν
1015 4566 1072 4618 δὲ
1101 4566 1180 4628 εἰς
1213 4565 1427 4635 ἠλικίαν
1457 4565 1606 4636 ἔλθῃ,

33 4657 106 4708 ιαὶ
139 4653 462 4725 συναυξηθῇ
500 4655 575 4725 τῷ
600 4654 866 4726 σώματιὴ
899 4655 1126 4720 διάνοια,
1152 4657 1272 4710 τότε
1305 4657 1484 4718 πάσας
1511 4655 1613 4718 τὰς

33 4745 285 4807 παιδικὰς
329 4743 627 4813 ἐπιθυμίας
660 4744 993 4808 καταλιπὼν,
1036 4745 1103 4799 τὰ
1151 4746 1230 4815 τῷ
1266 4747 1456 4818 τελείῳ
1495 4746 1613 4816 βλέ-

33 4854 196 4890 εοντα
233 4835 336 4905 βίῳ
367 4837 520 4907 παρὰ
551 4835 659 4888 τῶν
691 4837 890 4904 γονέων
928 4839 1244 4908 αἰτήσεται·
1276 4837 1419 4891 οὕτω
1465 4839 1557 4890 καί
1584 4839 1612 4890 ὁ

33 4929 150 4990 leo;
195 4925 396 4990 ἐθίζων
433 4927 525 4980 τὸν
568 4927 852 4999 ἄνθρωπον
889 4929 977 4982 διὰ
1011 4929 1227 4982 πάντων
1272 4931 1408 5000 πρὸς
1449 4930 1611 4983 αὐτὸν

33 5021 272 5080 λέπειν,
322 5019 408 5072 διὰ
453 5019 612 5074 τοῦτο
654 5020 916 5084 πολλάκις
959 5022 1080 5074 οὐδὲ
1113 5022 1222 5074 τῶν
1274 5023 1616 5094 μικροτέρων

43 5112 296 5181 ὶτήσεων
333 5109 564 5180 ἀνήκοος
597 5109 828 5176 γίνεται,
855 5111 932 5173 ὡς
959 5111 1028 5164 ἂν
1059 5113 1152 5162 ἐπὶ
1182 5115 1247 5182 τῇ
1278 5113 1386 5164 τῶν
1419 5111 1618 5181 ὑψηλο-

34 5201 198 5272 έρων
235 5199 508 5272 ἐπιθυμίᾳ
545 5201 635 5256 διὰ
665 5203 764 5272 τῆς
809 5205 866 5257 ἐν
898 5206 1007 5266 τοῖς
1055 5206 1266 5274 μικροῖς
1300 5205 1617 5274 εὐεργεσίας

35 5295 104 5345 ὸν
149 5293 500 5362 τετυχηκότα
532 5294 628 5364 τῆς
658 5293 879 5364 χάριτος
921 5294 1368 5365 προσκαλέσαιτο.
1411 5297 1522 5350 Καὶ
1551 5297 1616 5350 σὺ

34 5385 226 5448 οἱνυν,
255 5386 308 5438 εί
339 5386 366 5438 ὁ
415 5385 562 5439 δεῖνα
604 5386 794 5454 γέγονε
841 5386 960 5458 θείᾳ
997 5388 1224 5459 προνοίᾳ
1252 5387 1525 5458 γνώριμός
1555 5405 1616 5440 τε

34 5477 104 5528 ,αὶ
161 5475 535 5546 περίϐλεπτος
585 5477 644 5543 ἐξ
691 5478 1090 5550 ἀφανεστέρων,
1143 5478 1174 5548 ἦ
1229 5478 1356 5532 ἄλλο
1399 5497 1450 5532 τι
1509 5479 1616 5532 τῶν

34 5567 164 5622 κατὰ
193 5567 288 5620 τὸν
311 5565 422 5620 θίον
443 5567 632 5620 τοῦτον
662 5569 1102 5639 ἐπιζητουμένων
1127 5571 1414 5640 ἐκτῦσατο,
1444 5573 1617 5644 ἀρχὴν

73 5747 140 5780 ³⁷
188 5745 250 5797 ,1.-
283 5763 396 5802 eu.
435 5765 486 5814 τ,
521 5749 544 5802 1
585 5765 704 5818 sqq.
781 5749 827 5782 ³⁸
867 5750 992 5806 Οεθ.
1025 5766 1114 5813 ιιι,
1153 5751 1234 5805 14.

1773 2549 1969 2606 Verum
2005 2553 2143 2624 jam,
2169 2555 2370 2626 inquit,
2406 2555 2660 2611 nonnulli
2700 2557 2866 2611 etiam
2917 2555 3266 2626 principatus

1697 2651 1752 2696 et
1775 2642 2053 2710 honores,
2101 2656 2152 2702 et
2209 2648 2426 2705 divitias
2474 2651 2754 2704 consecuti
2808 2659 2979 2710 sunt,
3026 2649 3276 2701 oratione

1698 2736 1766 2790 ad
1791 2737 1894 2790 hoc
1928 2738 2033 2803 usi,
2079 2747 2134 2794 et
2171 2741 2241 2795 ob
2279 2740 2548 2810 ejusmodi
2587 2741 2919 2807 felicitatem,
2963 2741 3074 2796 Deo
3120 2741 3276 2797 chari

1699 2842 1822 2882 esse
1842 2830 2142 2884 existimati
2169 2840 2320 2887 sunt.
2345 2832 2633 2898 Quomodo
2657 2833 2822 2904 igitur
2857 2834 3117 2904 prohibes
3142 2849 3270 2898 nos.

1701 2920 1902 2976 dixerit
1957 2923 2180 2993 aliquis,
2215 2925 2284 2980 de
2315 2925 2592 2996 ejusmodi
2629 2928 2794 2982 rebus
2841 2943 3032 2997 preces
3075 2927 3276 2983 oflerre

1717 3009 1860 3065 Deo?
1916 3014 2210 3070 Enimvero
2243 3017 2426 3071 omnia
2473 3019 2695 3088 quidem
2745 3020 2982 3090 pendere
3018 3037 3046 3073 a
3093 3021 3279 3076 divino

1707 3103 1958 3168 consilio,
1987 3113 2150 3175 atque
2169 3121 2407 3177 superne
2438 3111 2550 3180 regi
2577 3107 2720 3165 hanc
2753 3113 2918 3165 vitam
2979 3121 3279 3180 terrenam,

1706 3211 1868 3250 nemo
1923 3197 2138 3266 ignorat
2175 3220 2186 3253 :
2231 3216 2334 3255 nec
2375 3202 2672 3272 quisquam
2717 3203 2956 3258 orationi
3002 3207 3260 3261 contradi

1703 3288 1864 3352 xerit,
1895 3287 1989 3344 sed
2027 3290 2220 3344 talium
2262 3293 2531 3348 orationis
2572 3309 2932 3349 successuum
2965 3295 3103 3352 alias
3149 3311 3286 3350 cau-

1708 3395 1800 3435 sas
1862 3381 2500 3438 didicimusznimirum
2557 3385 2704 3455 quod
2757 3401 2864 3440 non
2921 3389 3076 3457 quasi
3130 3388 3278 3444 bona

1707 3487 1934 3540 prorsus
1972 3474 2283 3542 petentibus
2323 3475 2439 3530 haec
2483 3474 2626 3532 Deus
2667 3477 2893 3545 tribuat,
2931 3479 3026 3535 sed
3057 3489 3117 3534 ut
3153 3481 3287 3536 sim-

1705 3563 2024 3631 plicioribns
2061 3579 2158 3634 per
2191 3565 2308 3620 hac
2355 3565 2554 3621 fiducia
2593 3583 2723 3640 erga
2769 3569 2936 3624 Deum
2971 3572 3288 3628 stabiliatur

1705 3663 1758 3707 et
1787 3653 2164 3719 conﬁrmetur,
2189 3671 2253 3711 ac
2285 3659 2546 3726 paulatim
2583 3676 2680 3732 per
2723 3661 2962 3717 minores
2993 3665 3287 3733 petitiones

1707 3742 2044 3810 experientia
2078 3743 2220 3814 'ipsa
2264 3745 2569 3810 discentes,
2619 3751 2763 3818 quod
2821 3753 3096 3822 supplices
3141 3753 3287 3810 Deus

1707 3835 1984 3900 exaudiat,
2013 3838 2289 3906 erigamur
2311 3840 2531 3894 tandem
2553 3841 2846 3912 aliquando
2871 3845 2937 3898 ad
2967 3845 3285 3900 sublimium

1709 3924 1916 3993 pariter
1956 3933 2010 3978 et
2058 3925 2226 3980 Deum
2275 3927 2588 3983 decentium
2642 3930 2910 3986 donorum
2953 3934 3289 3990 desiderium

1710 4025 1874 4085 atque
1911 4016 2290 4087 cupiditatem.
2327 4021 2796 4086 Quemadmodum
2838 4025 2890 4078 in
2927 4027 3132 4082 nostris
3163 4027 3292 4082 libe-

1711 4109 1789 4164 ris
1819 4109 2084 4174 videmus,
2117 4111 2210 4180 qui
2257 4112 2414 4167 initio
2464 4113 2684 4183 quidem
2731 4117 2990 4174 uberibus
3025 4123 3292 4176 maternis

1713 4201 2007 4266 adhaerent,
2052 4211 2314 4272 quantum
2358 4214 2552 4259 natura
2596 4209 2762 4278 capit,
2799 4217 3011 4265 tantum
3047 4227 3075 4266 a
3117 4223 3293 4268 matre

1713 4291 2077 4361 requirentes.
2111 4291 2266 4360 Quod
2308 4295 2353 4349 si
2400 4295 2582 4353 infans
2618 4300 2936 4366 adoleverit,
2965 4311 3018 4356 et
3050 4303 3290 4372 aliquam

1715 4382 2028 4438 facultatem
2061 4385 2318 4455 loquendi
2360 4387 2588 4458 adeptus
2613 4389 2798 4452 fuerit,
2838 4408 3128 4448 mammam
3169 4397 3294 4464 qui-

1643 4505 1688 4560 D
1716 4476 1838 4530 dem
1877 4477 2108 4546 respuit,
2147 4478 2342 4547 quaerit
2379 4489 2558 4534 autem
2611 4483 2812 4551 aliquid
2861 4483 3165 4553 ejusmodi,
3211 4489 3294 4544 vel

1717 4583 1930 4622 comam
1961 4571 2354 4639 apposititiam,
2383 4571 2466 4626 vel
2509 4573 2754 4642 pallium,
2792 4577 2874 4630 vel
2916 4578 3096 4647 aliqua
3139 4582 3296 4646 talia,

1717 4661 1918 4728 quibus
1947 4659 2239 4714 infantium
2269 4664 2415 4718 oculi
2438 4665 2811 4732 delectantur;
2839 4670 2932 4722 sed
2974 4671 3064 4724 ubi
3098 4671 3166 4725 ad
3205 4673 3299 4726 lir-

1717 4750 1945 4806 miorem
1978 4759 2192 4806 aetatem
2235 4759 2564 4824 pervenerit,
2593 4769 2646 4812 et
2681 4775 2836 4814 mens
2872 4778 2974 4814 una
3009 4777 3132 4815 cum
3175 4779 3299 4818 cor-

1715 4859 1850 4914 pore
1880 4846 2135 4913 creverit,
2168 4855 2300 4902 tunc
2332 4852 2590 4908 omnibus
2636 4853 2942 4922 puerilibus
2983 4858 3183 4912 studiis
3222 4867 3304 4912 at-

1717 4951 1826 5006 que
1854 4935 2148 4992 desideriis
2180 4940 2425 5004 omissis,
2451 4959 2513 4998 ea
2541 4959 2662 5014 qua:
2691 4945 2762 4999 ad
2790 4945 3091 5016 perfectam
3131 4951 3300 5005 vitam

1719 5035 1998 5098 spectant,
2046 5044 2076 5082 a
2127 5031 2450 5098 parentibus
2516 5037 2790 5104 petiturus
2827 5047 2962 5092 est:
3008 5039 3083 5092 ita
3134 5041 3298 5096 etiam

1719 5119 1886 5183 Deus,
1917 5120 2012 5190 qui
2045 5135 2146 5191 per
2198 5123 2386 5177 omnia
2429 5127 2708 5180 hominem
2742 5129 2808 5182 ad
2861 5146 2983 5184 sese
3025 5131 3304 5201 respicere

1719 5211 2047 5275 assuefacit,
2087 5212 2293 5267 idcirco
2321 5231 2696 5284 saepenumero
2735 5235 2804 5272 ne
2837 5221 3148 5276 minoribus
3181 5223 3305 5292 qni-

1721 5302 1843 5356 dem
1877 5303 2239 5371 petitionibus
2267 5321 2428 5360 aures
2452 5308 2698 5376 praebere
2727 5310 2963 5376 fastidit,
2995 5321 3053 5365 ut
3079 5314 3150 5367 ad
3182 5315 3305 5370 sub-

1725 5392 2002 5448 Iimiorum
2042 5411 2232 5450 rerum
2259 5398 2618 5462 desiderium,
2658 5417 2756 5470 per
2793 5418 3088 5471 parvarum
3115 5420 3300 5460 rerum

1723 5487 2070 5557 largitionem
2121 5504 2270 5552 eum,
2326 5491 2419 5559 qui
2454 5492 2557 5545 hoc
2605 5493 2932 5549 beneficium
2971 5509 3302 5555 consecutus

1725 5575 1916 5643 fuerit,
1961 5580 2177 5634 invitet.
2205 5579 2360 5634 Ettu
2397 5581 2589 5652 igitur,
2642 5585 2688 5640 si
2728 5585 2820 5642 ille
2861 5595 2916 5642 et
2973 5589 3066 5644 ille
3120 5589 3305 5646 divina

1313 5753 1356 5783 ”
1398 5752 1524 5824 Sap.
1559 5769 1597 5822 ι,
1633 5754 1720 5816 15.
