3812 6228
590 305 734 364 1135
1867 300 1926 356 S.
1967 298 2309 358 GREGORII’
2334 301 2628 361 NYSSEN!
3697 308 3754 361 illi
3776 314 3777 397 χ

587 421 939 495 providentia
965 420 1174 476 nobilis
1203 427 1260 475 et
1284 417 1525 476 illustris
1558 417 1813 475 obscuris
1849 420 2092 489 parentit

2278 420 2312 490 ἢ
2353 419 2605 486 πλοῦτον,
2643 421 2677 492 ἢ
2711 419 3093 497 περιφᾲνειαν,
3129 420 3243 475 νόει
3270 419 3367 474 τὸν
3416 418 3704 483 maxumin
3727 442 3764 479 ra

586 528 744 574 ortus
772 516 967 580 evasit,
1014 522 1109 569 aut
1140 514 1348 585 aliquid
1392 513 1538 569 aliud
1590 530 1656 571 ex
1696 514 1769 569 iis
1805 511 1994 576 rebus,
2049 529 2083 583 q

2280 512 2559 579 ἀπόδειξις
2590 512 2693 583 τῆς
2728 513 2974 585 μεγάλης
3018 512 3302 587 δυνάμεως
3343 512 3443 567 τοῦ
3491 511 3628 566 Θεοῦ
3654 515 3678 584 ἡ
3703 518 3769 586 api

587 627 679 666 res
706 627 800 679 per
837 611 979 665 hanc
1000 610 1173 664 vitam
1204 615 1563 679 expetuntur,
1611 606 1933 678 acquisivit.
1970 607 2090 676 prin

2279 599 2453 655 ταῦτα
2483 601 2864 672 φιλανθρωπία
2886 601 3118 671 γίνεται.
3164 603 3254 658 ἵνα
3291 602 3382 657 διά
3410 600 3509 657 τοῦ
3534 606 3689 673 τυχεῖν
3715 606 3770 659 in

586 711 802 774 patum,
860 703 946 757 vel
974 700 1225 763 divitias,
1277 707 1374 754 aut
1416 698 1833 764 claritudinem,
1882 697 2091 755 consid¢

2280 693 2548 749 παιδικῶν
2590 693 2945 767 ἀθυρμάτων,
2972 695 3100 768 περὶ
3127 694 3238 749 τῶν
3269 694 3538 767 μειζόνων
3562 696 3648 749 καὶ
3663 697 3774 749 tsi»

583 808 829 864 quonam
861 793 977 848 haec
1029 799 1304 862 spectent,
1350 791 1638 856 nimirum,
1696 790 1846 860 quod
1881 806 1976 858 per
2025 804 2088 845 ea

2275 786 2451 859 τέρων
2476 789 2837 860 προσαγάγῃς
2864 786 2940 858 τῷ
2969 788 3147 860 Πατρὶ
3171 787 3271 852 τὰς
3298 790 3567 860 αἰτήσεις.
3604 788 3776 843 Titinii

585 898 710 952 qua:
740 884 889 939 circa
928 882 1028 937 has
1057 897 1146 934 res
1173 888 1423 951 apparet,
1457 880 1869 936 humanitatem
1902 881 1958 933 in
1996 878 2090 934 rei:

1902 881 1958 933 in
1996 878 2169 935 rebus
2279 880 2429 934 ἐστιν
2455 880 2556 935 ὅσα
2589 883 2671 945 είς
2705 881 2884 954 ψυχὴν
2918 883 3074 955 φέρει
3101 882 3163 936 τὸ
3194 882 3406 952 κέρδος.

587 977 805 1047 magnis
837 975 935 1031 tibi
970 976 1214 1044 potentia
1241 975 1334 1031 Dei
1358 974 1796 1036 demonstratur,
1820 982 1883 1029 ut
1912 989 2010 1044 per
2077 973 2206 1038 hoc,
2249 975 2397 1045 quod
2469 975 2957 1041 animadverteris,
2989 991 3093 1033 nec
3123 976 3373 1031 ludicras
3400 974 3626 1045 quidem
3648 989 3778 1045 λειω

584 1069 721 1125 riles
752 1083 841 1122 res
877 1066 1084 1122 frustra
1134 1081 1163 1120 a
1201 1065 1311 1123 Dco
1340 1067 1477 1138 peti,
1510 1066 1580 1122 de
1649 1066 1959 1136 majoribus
1996 1080 2063 1120 ac
2127 1065 2563 1135 perfectioribus
2589 1068 2740 1124 Patri
2777 1083 2968 1137 preces
3011 1066 3255 1135 offeras;
3306 1067 3427 1122 haec
3490 1076 3662 1123 autem
3708 1052 3778 1127 sul

586 1178 675 1223 ea,
698 1176 821 1232 quas
851 1160 1051 1214 anima:
1096 1159 1310 1214 lucrum
1350 1158 1609 1215 aﬂ‘erunt.

657 1252 873 1308 Etenim
905 1253 1295 1309 stultissimum
1328 1249 1517 1316 fuerit,
1551 1252 1599 1307 si
1628 1250 1767 1322 quis
1797 1252 2071 1307 accedens
2094 1249 2162 1306 ad

2345 1249 2458 1303 Καὶ
2493 1249 2603 1322 γάρ
2628 1245 2695 1302 ἂν
2725 1248 2813 1319 εἴη
2840 1246 2949 1303 τῶν
2970 1247 3355 1317 ἀλογωτάτων,
3394 1248 3721 1320 προσελθόντα
3741 1250 3777 1321 τῇ

585 1344 780 1408 Deum,
820 1359 851 1398 a
886 1344 1224 1413 sempiterno
1267 1343 1606 1413 temporaria
1656 1351 1834 1414 roget,
1886 1358 1916 1397 a
1950 1343 2090 1398 caele

2275 1340 2395 1412 Θεῷ
2427 1341 2609 1415 ζητεῖν
2647 1339 2802 1413 παρά
2847 1337 2945 1394 τοῦ
2993 1340 3164 1394 ἀϊδίου
3210 1339 3282 1393 τά
3338 1341 3659 1411 πρόσκαιρα,

582 1444 826 1500 terrena,
849 1433 920 1488 ab
941 1430 1226 1488 Altissimo
1249 1432 1478 1487 humilia
1504 1445 1559 1489 et
1588 1434 1827 1504 abjecta,
1846 1436 1916 1490 ab
1951 1451 2042 1501 eo,
2076 1452 2087 1489 ι

2274 1431 2372 1487 τοῦ
2426 1431 2752 1504 ἐπουρανίου
2795 1431 2865 1486 τὰ
2888 1431 3128 1500 ἐπίγεια,
3166 1430 3318 1503 παρὰ
3364 1430 3462 1484 τοῦ
3511 1432 3777 1503 Ὑψίστουτέ

585 1539 817 1596 regnum
850 1524 1118 1577 cmlorum
1144 1524 1398 1596 largitur,
1432 1525 1576 1581 hanc
1598 1536 1872 1582 terrenam
1904 1535 1960 1583 et
1989 1527 2090 1581 hur

2279 1524 2614 1597 χαμαίζηλα,
2645 1523 2800 1596 παρὰ
2825 1524 2921 1578 τοῦ
2952 1523 3234 1595 βασιλείαν
3260 1524 3504 1595 οὐρανῶν
3528 1525 3777 1597 Bruchqu

587 1617 693 1672 lem
748 1616 1112 1683 felicitatem;
1176 1618 1249 1673 ab
1271 1634 1337 1673 eo
1381 1618 1477 1689 qui
1514 1619 1749 1690 largitur
1783 1635 1845 1675 ea
1878 1636 2003 1690 qua!
2031 1635 2092 1675 er

2279 1617 2378 1689 τὴν
2428 1619 2625 1690 γηῒνην
2660 1616 2866 1688 ταύτην
2912 1617 3008 1672 καὶ
3048 1617 3311 1689 ταπεινὴν
3347 1617 3658 1689 εὐκληρίαν,
3696 1620 3777 1691 περί

586 1725 698 1764 non
731 1719 985 1780 possunt,
1011 1709 1079 1764 ad
1114 1710 1375 1780 exiguum
1407 1719 1627 1782 tempus
1659 1713 1965 1768 alienarum
1987 1729 2091 1769 reri

2280 1709 2376 1763 τοῦ
2410 1710 2748 1781 ἁναφαίρετα
2780 1708 3161 1782 χαριζομένου,
3188 1708 3289 1780 τὴν
3334 1711 3391 1763 ἐν
3430 1709 3605 1781 ὀλίγῳ
3638 1711 3777 1771 tiri-ii

587 1816 752 1856 usum
783 1820 797 1854 :
830 1816 1063 1870 quarum
1094 1799 1410 1855 necessaria
1446 1799 1666 1871 quidem
1700 1800 2004 1871 ademptio,
2047 1810 2092 1855 te

2275 1799 2506 1873 λοτρίων
2556 1800 2774 1873 χρῆσιν,
2835 1792 2911 1853 ὦν
2977 1797 3249 1866 ἀναγκαία
3306 1799 3409 1869 μὲν
3467 1802 3500 1871 ἡ
3564 1800 3777 1871 dempta:

587 1894 843 1963 porarius
885 1909 1014 1947 vero
1065 1891 1420 1959 usufructus,
1476 1901 1532 1948 et
1574 1892 1887 1964 periculosa
1937 1892 2092 1947 admil

2274 1891 2610 1963 πρόσκαιρος
2655 1890 2715 1943 δὲ
2752 1890 2786 1960 ἡ
2819 1888 3144 1952 ἀπόλαυσις,
3196 1889 3541 1954 ἐπικίνδυνος
3570 1890 3624 1944 δὲ
3646 1893 3675 1961 ἡ

588 1983 787 2038 stratio
816 1991 921 2037 est.
952 1981 1192 2038 Pulchre
1218 1991 1404 2036 autem
1440 1997 1539 2051 per
1572 1980 1943 2051 adiectionem
1989 1988 2093 2036 ostt

2274 1982 2438 2054 νομία
2458 2000 2473 2014 ·
2497 1981 2676 2047 καλῶς
2710 1982 2768 2035 δὲ
2800 1981 3103 2052 παρίστησι
3141 1982 3207 2051 τῇ
3236 1980 3525 2053 προσθήκῃ
3560 1984 3621 2035 τὸ

585 2075 668 2130 dit
701 2073 1124 2138 absurditatem,
1173 2088 1300 2129 cum
1334 2073 1511 2127 dixit:
1557 2072 1709 2129 Sicut
1736 2069 1979 2144 gentiles.
2030 2069 2090 2124 N:

2273 2074 2467 2142 εἰπὼν,
2508 2075 2737 2142 ’Ὥσπερ
2785 2074 2842 2129 οἱ
2874 2072 3120 2128 ἐθνικοί.
3168 2072 3242 2126 Τὸ
3273 2070 3382 2145 γὰρ
3413 2072 3548 2143 περὶ
3579 2072 3640 2126 τὰ
3670 2074 3777 2143 μή

584 2166 638 2219 in
670 2181 760 2220 res
793 2174 1118 2236 apparentes
1165 2163 1412 2221 studium
1454 2161 1712 2218 conferre
1761 2163 2046 2233 proprium
2085 2188 2089 2211 l

2275 2183 2414 2237 μενα
2440 2166 2539 2237 τὴν
2570 2165 2808 2236 σπουδὴν
2833 2164 2979 2235 ἔχειν
3009 2164 3141 2218 ἴδιόν
3170 2165 3288 2217 ἐστι
3319 2162 3431 2217 τῶν
3469 2165 3714 2236 μηδεμίαν
3733 2158 3777 2243 ἢ

581 2273 797 2319 eorum,
827 2261 922 2329 qui
958 2259 1165 2311 nullam
1196 2256 1300 2312 sibi
1340 2255 1515 2310 futuri
1561 2255 1748 2311 saeculi
1779 2270 1933 2325 spem
1967 2270 2086 2324 pro;

2275 2254 2562 2325 μέλλοντος
2600 2254 2797 2318 αἰῶνος
2846 2255 3057 2319 ἐαυτοῖς
3088 2254 3501 2324 ὑποτιθεμένων
3550 2250 3777 2323 Halani

583 2356 743 2412 nunt,
777 2364 887 2404 non
915 2349 1108 2420 judicii
1134 2357 1362 2414 metum,
1380 2363 1492 2403 non
1526 2349 1793 2419 gehennae
1822 2347 2022 2408 minas,
2055 2362 2088 2401 n

2272 2346 2507 2417 κρίσεως
2563 2346 2748 2416 φὸὕον,
2808 2346 2883 2419 μὴ
2933 2348 3161 2418 γεέννης
3205 2347 3475 2417 ἀπειλὴν,
3520 2346 3597 2419 μὴ
3642 2348 3777 2415 arsit]

582 2443 853 2499 bonorum
883 2441 1376 2513 exspectationem,
1414 2456 1524 2495 non
1556 2440 1710 2495 aliud
1743 2438 2049 2509 quidquam
2075 2454 2087 2493 ι

2272 2435 2625 2509 προσδοκίαν,
2676 2435 2752 2508 μὴ
2785 2436 2913 2490 ἄλλο
2964 2454 3017 2491 τι
3070 2436 3183 2491 τῶν
3220 2437 3367 2491 κατά
3420 2436 3530 2509 τὴν
3579 2438 3777 2503 eam

579 2548 701 2586 rum
735 2547 857 2602 quae
905 2540 1151 2602 tempore
1203 2530 1632 2586 resurrectionis
1685 2516 2008 2600 sperantur,
2069 2545 2084 2584 ι

2272 2525 2671 2597 ἐλπιζομένων,
2721 2526 2773 2580 οῖ
2806 2526 3167 2598 βοσκημάτων
3214 2527 3373 2597 δίκην
3407 2528 3554 2599 πρὸς
3588 2528 3666 2582 τὸν
3704 2544 3777 2596 τις

578 2623 743 2679 sicuti
785 2615 1079 2694 pecora’ad
1131 2629 1465 2692 praesentem
1508 2620 1678 2675 vitam
1722 2620 1923 2675 intenti
1983 2635 2083 2691 quc

2272 2618 2397 2672 ύντα
2429 2618 2666 2690 ὁρῶντες
2709 2618 2861 2690 βίον,
2910 2620 3049 2692 ὅπερ
3081 2619 3150 2674 ἂν
3198 2619 3386 2692 λαιμῷ
3417 2622 3520 2675 καὶ
3734 2620 3777 2689 si

577 2731 802 2786 cunque
833 2714 979 2786 gula:
1016 2728 1081 2768 ac
1110 2713 1310 2774 ventri,
1333 2712 1678 2783 reliquisque
1715 2712 1969 2782 corporis
2004 2711 2082 2766 vol

2272 2713 2387 2775 ταῖς
2435 2710 2652 2776 λοιπαῖς
2687 2709 2783 2765 τοῦ
2817 2710 3067 2783 σώματος
3100 2711 3467 2783 ἡδυπαθείαις
3515 2702 3777 2786 χαρίζπή

575 2809 820 2879 ptatibus
847 2808 1138 2878 indulgere
1182 2805 1420 2876 possint,
1473 2805 1528 2860 id
1581 2806 1640 2860 in
1683 2811 1840 2875 parte
1886 2804 2080 2859 honori

2272 2802 2422 2857 τοῦτο
2451 2804 2509 2857 ἐν
2545 2801 2765 2873 ἀγαθῶν
2807 2801 3050 2875 κρίνουσι
3090 2805 3276 2876 μοίρᾳ,
3334 2805 3371 2877 ἢ
3430 2806 3499 2860 τὺ
3553 2802 3777 2879 πρωτεῦεῆ

575 2899 784 2961 locant,
821 2900 906 2955 vel
936 2897 1315 2969 principatum
1370 2896 1517 2953 inter
1580 2896 1797 2966 aliquos
1856 2904 2068 2960 tenere,

2272 2911 2449 2960 τινων,
2480 2896 2577 2951 καὶ
2608 2894 2669 2948 τὸ
2708 2894 2849 2966 ὑπὲρ
2881 2897 3005 2959 τοὺς
3029 2895 3251 2961 λοιποὺς
3280 2898 3630 2968 νομισθῆναι,
3662 2898 3689 2968 ἢ
3714 2896 3777 2969 ξολ

576 2991 804 3062 reliquis
834 2998 1100 3061 praestare
1145 2989 1340 3053 videri,
1374 2989 1459 3044 vel
1532 2988 1724 3043 multis
1766 2986 2033 3041 incubare
2077 2997 2081 3035 ι

2272 2988 2379 3052 λοῖς
2405 2987 2835 3059 ὲπικαθευδῆσαι
2861 2987 3169 3053 ταλάντοις,
3198 2988 3234 3061 ἦ
3283 2990 3342 3043 ετ
3373 3006 3433 3045 τι
3472 2990 3599 3046 ἄλλο
3622 2990 3705 3057 τῆς

576 3082 774 3144 lentis,
821 3089 914 3134 aut
943 3079 990 3133 si
1023 3079 1158 3150 quid
1191 3078 1340 3133 aliud
1365 3077 1433 3132 de
1453 3077 1618 3146 hujus
1646 3076 1834 3132 saeculi
1875 3073 2081 3129 fraudil

2272 3083 2427 3154 τικῆς
2458 3083 2675 3154 ἀπάτης
2719 3082 2902 3138 ἐστίν·
2929 3079 3014 3147 οἷς
3065 3085 3120 3137 εῐ
3164 3102 3252 3149 τις
3294 3085 3367 3140 ἂν
3406 3087 3551 3161 λέγῃ
3593 3090 3701 3158 api

575 3180 692 3225 cst:
718 3172 919 3240 quibus
943 3171 991 3225 si
1024 3172 1151 3241 quis
1182 3169 1250 3225 de
1298 3169 1484 3223 futura
1519 3184 1616 3238 spe
1646 3168 1816 3230 dicat,
1859 3168 2021 3237 plane
2063 3182 2080 3219 ι

2272 3171 2570 3243 μελλούσης
2602 3172 2836 3237 ἐλπίδος.
2863 3172 3027 3245 λῆρος
3065 3174 3330 3247 ἄντικρυς
3365 3171 3515 3231 εἶναι
3559 3178 3701 3239 chi,
3726 3178 3777 3239 =1

576 3272 730 3332 gatur
763 3277 887 3317 esse
928 3261 1165 3322 videtur,
1218 3260 1538 3331 paradisum
1592 3267 1649 3314 et
1690 3274 1945 3329 regnum,
1973 3266 2081 3312 etc

2272 3263 2517 3334 ράδεισον
2557 3263 2653 3317 καὶ
2686 3261 2981 3333 βασιλείαν,
3013 3263 3109 3318 καὶ
3138 3265 3389 3337 οὐρανῶν
3432 3268 3709 3339 διαγωγὴ-ι,
3733 3264 3777 3331 ἠ

574 3352 767 3407 lestem
822 3353 1239 3417 habitationem,
1298 3359 1353 3407 et
1405 3350 1679 3419 ejusmodi
1731 3365 1821 3405 res
1860 3365 2073 3420 expone

2272 3353 2336 3406 τὰ
2368 3354 2592 3408 τοιαῦτα
2635 3354 3064 3428 διεξερχόμενος.
3110 3357 3331 3430 Ἐπειδὴ
3364 3360 3552 3415 τοίνυν
3582 3361 3695 3415 ἴδιόν
3720 3361 3777 3423 ἑή

575 3444 847 3511 Quoniam
871 3446 1036 3516 igitur
1065 3445 1351 3516 proprium
1383 3452 1468 3500 est
1499 3442 1831 3512 eorum,qui
1869 3457 2020 3510 spem
2050 3457 2080 3495 ιι

2272 3445 2374 3497 τῶν
2419 3444 2494 3517 μὴ
2535 3446 2767 3517 ἐχόντων
2800 3446 2991 3501 ἐλπίδα
3030 3440 3092 3500 τὸ
3129 3452 3578 3522 προστετηκέναι
3614 3454 3674 3522 τῇ
3703 3446 3777 3520 ﬁt

580 3535 807 3597 habent,
859 3545 920 3591 ut
974 3536 1235 3607 praesenti
1274 3534 1401 3590 vita.-
1447 3533 1827 3589 adhaerescant
1866 3539 1920 3587 et
1961 3531 2084 3586 addi

2272 3536 2402 3611 θύσῃ
2432 3535 2570 3609 ζωῇ,
2610 3537 2790 3602 καλῶς
2817 3537 2887 3591 τὰ
2914 3538 3146 3608 περιττά
3172 3542 3268 3594 καὶ
3294 3544 3513 3611 μάταια
3545 3544 3642 3615 τῆς
3663 3540 3777 3615 ἐς.τῆ

582 3631 722 3692 sint,
747 3636 897 3684 recte
917 3643 1255 3698 supervacua
1279 3642 1344 3681 ac
1370 3642 1509 3681 vana
1531 3625 1825 3689 desideria,
1854 3639 1974 3694 qua:
2006 3623 2087 3678 vol

2272 3629 2415 3697 μίας,
2444 3629 2481 3683 ἃ
2513 3629 2581 3682 δι’
2609 3629 2777 3701 εὐχῆς
2807 3630 3010 3685 οἴονται
3057 3632 3359 3703 κατορθοῦν
3387 3635 3611 3700 ἑαυτοῖς
3647 3638 3691 3689 οἱ
3716 3620 3777 3701 πί

572 3722 709 3792 ptati
775 3720 990 3775 addicti
1038 3736 1136 3791 per
1191 3721 1501 3775 orationem
1551 3734 1610 3775 se
1661 3716 2018 3773 confecturos
2057 3734 2077 3771 s

2272 3720 2462 3792 ήδονοι,
2495 3721 2605 3775 τῶν
2634 3722 2863 3776 ἐθνικῶν
2894 3724 2925 3775 ὁ
2950 3722 3106 3792 λόγος
3134 3720 3272 3779 εἷναί
3303 3743 3467 3794 φησι,
3481 3729 3598 3781 τῶν
3621 3728 3777 3796 vagiit

574 3828 698 3869 esse
736 3820 952 3881 putant,
993 3813 1277 3883 gentilium
1308 3828 1451 3877 esse,
1506 3810 1793 3882 Scriptura
1832 3809 1991 3873 dicit,
2042 3824 2079 3864 et

2272 3830 2372 3866 των
2406 3814 2472 3867 ἐκ
2494 3812 2588 3867 τοῦ
2621 3815 3015 3887 προσλιπαρεῖν
3048 3817 3178 3888 περὶ
3205 3817 3318 3871 τῶν
3343 3819 3575 3874 ἀτόπων

574 3906 913 3960 stimantium
957 3922 1017 3961 se
1050 3905 1117 3961 de
1152 3906 1319 3962 rebus
1383 3905 1641 3960 absurdis
1683 3904 1908 3961 assidue
1959 3919 2025 3959 ac
2076 3924 2079 3957 ε

2272 3905 2358 3958 ἐπὶ
2405 3904 2476 3959 τά
2529 3905 2606 3978 μὴ
2653 3906 2841 3962 δέοντα
2891 3908 2953 3963 τὸ
3010 3908 3165 3963 Θεῖον
3214 3909 3383 3975 ἐξειν.
3434 3911 3666 3965 Δοκοῦσι

573 3999 702 4054 dulo
736 3999 978 4069 rogando
1000 4008 1397 4054 consecuturos
1423 4014 1568 4062 esse,
1595 4005 1655 4052 ut
1686 4012 1890 4051 numen
1912 3996 2078 4051 divini

2272 3996 2464 4067 φησὶν,
2521 3998 2603 4052 ὅτι
2654 4001 2713 4054 ἐν
2772 4003 2839 4072 τῇ
2905 4002 3203 4074 πολυλογίᾳ
3254 4002 3446 4057 αὐτῶν
3508 3996 3777 4077 atoma

572 4092 654 4145 eis
683 4091 750 4145 ad
783 4107 871 4146 res
894 4107 1004 4146 non
1034 4098 1215 4146 rectas
1241 4105 1417 4161 neque
1440 4088 1784 4144 necessarias
1827 4088 2032 4143 auxilio
2064 4104 2077 4142 ε

2271 4104 2468 4143 σονται.
2522 4087 2682 4143 Ἀλλὰ
2730 4090 2906 4145 ταῦτα
2953 4092 3054 4163 μὲν
3097 4092 3134 4146 ἃ
3181 4092 3264 4146 δεῖ
3303 4092 3630 4161 γινώσκειν,
3669 4083 3776 4157 Ei

572 4183 905 4239 Existimant
943 4184 1087 4237 enim
1107 4223 1122 4245 ,
1168 4183 1377 4251 inquit,
1410 4198 1470 4237 se
1500 4188 1721 4252 propter
1750 4180 2077 4250 multiloquit

2262 4178 2628 4252 ἐξητάσαμεν,
2658 4181 3038 4255 ἐδιδάχθημεν.
3070 4184 3204 4237 Οῖαν
3235 4184 3291 4239 δὲ
3319 4192 3602 4258 προσήκει
3638 4184 3698 4254 τῷ

522 4310 541 4352 3
575 4291 734 4329 suum
771 4261 1088 4329 cxauditum
1122 4276 1211 4330 iri.
1246 4272 1441 4328 Verum
1480 4272 1596 4326 haec
1630 4272 1875 4342 quidem,
1903 4286 2025 4339 quae

2265 4272 2563 4343 προσάγειν
2607 4273 2707 4345 τὴν
2750 4275 2955 4346 δέησιν,
2997 4278 3056 4330 ἐν
3103 4280 3216 4341 τοῖς
3243 4279 3453 4349 ἐφεξῆς
3492 4280 3732 4345 ﬁxo-Mys

575 4368 749 4433 gitare
773 4375 934 4434 atque
969 4362 1303 4434 perpendere
1333 4368 1572 4430 oportet,
1603 4377 1700 4431 per
1728 4375 1815 4423 ea,
1838 4375 1962 4430 quae
1994 4375 2080 4415 scr

2271 4364 2446 4436 χάριτι
2491 4365 2586 4419 τοῦ
2633 4366 2841 4439 Κυρίου
2878 4368 3034 4439 ἡμῶν
3069 4370 3244 4439 Ἰησοῦ
3272 4373 3551 4443 Χριστοῦ,
3586 4366 3680 4441 ᾦξε
3712 4365 3776 4428 53

575 4454 670 4507 tati
703 4469 895 4509 sumus
932 4463 987 4508 et
1032 4452 1394 4516 ostendimus,
1443 4450 1622 4506 edocti
1668 4465 1860 4505 sumus
1893 4452 2080 4520 :qualt

2272 4454 2355 4506 καὶ
2381 4456 2444 4508 τὸ
2471 4454 2694 4527 κράτος.
2731 4456 2811 4518 εἰς
2840 4458 2968 4521 τοὺς
2997 4458 3200 4523 αἰῶνας
3228 4459 3340 4512 τῶν
3378 4461 3626 4517 αἰώνων.

573 4553 754 4598 autem
806 4545 1093 4599 conveniat
1164 4543 1362 4598 oﬂ‘crre
1409 4541 1520 4597 Deo
1563 4541 1957 4611 precationem,
2009 4542 2062 4595 in
2134 4546 2495 4614 sequentibus
2556 4547 2869 4616 audiamus,
2920 4553 3099 4623 gratia
3184 4549 3408 4606 Domini
3506 4551 3673 4608 nostri

566 4636 792 4699 Christi,
826 4636 914 4690 cui
953 4635 1123 4707 gloria
1157 4646 1209 4689 et
1242 4634 1529 4703 imperium
1572 4635 1626 4688 in
1670 4633 1870 4689 saecula
1909 4635 2258 4689 saeculorum.
2303 4638 2499 4694 Amen.

1173 4756 1430 4813 ORATIO
1482 4757 1543 4811 ll.

2878 4768 3099 4822 ΛΟΓΟΣ
3134 4768 3211 4824 B'.
3299 4768 3304 4773 ’

924 4870 1090 4925 Pater
1117 4881 1312 4934 noster,
1336 4871 1429 4939 qui
1454 4887 1508 4925 es
1537 4870 1591 4924 in
1624 4870 1789 4925 caelis.

2525 4879 2717 4948 Πάτερ
2750 4879 2920 4949 ἡμῶν
2949 4884 2982 4934 ό
3018 4881 3088 4934 ἐν
3114 4882 3239 4950 τοῖς
3271 4887 3590 4955 οἰῬαῒ-οἷς.

632 4993 773 5049 Cum
799 5008 1032 5065 magnus
1060 4993 1150 5047 ille
1179 4992 1393 5063 Moyses
1421 4993 1486 5048 ad
1517 5009 1638 5049 eam
1670 5009 1953 5050 sacrorum
1981 4996 2137 5052 disci-

2332 5002 2461 5057 Ὅτε
2496 5005 2774 5076 προσῆγεν
2798 5007 2828 5059 ὁ
2857 5006 3034 5078 μέγας
3060 5008 3307 5078 Μωῦσῆς
3345 5014 3415 5082 τῇ
3450 5014 3609 5067 κατὰ
3642 5013 3695 5066 τὸ

570 5088 797 5158 plinam,
857 5102 980 5156 qua:
1041 5085 1096 5139 in
1154 5093 1341 5141 monte
1400 5086 1814 5155 instituebatur,
1884 5092 2075 5161 popult

2272 5096 2622 5168 ιυσταγωγίᾳ
2649 5099 2741 5151 τὸν
2786 5097 3124 5170 Ἰσραηλίτην
3157 5098 3308 5163 λαὸν,
3355 5105 3420 5156 οὐ
3466 5094 3777 5177 apd-spati

561 5179 922 5236 lsraeliticum
955 5178 1270 5240 adduceret,
1322 5193 1431 5232 non
1480 5180 1634 5249 prius
1668 5196 1764 5236 eos
1798 5184 2066 5252 apparitio

2272 5185 2379 5247 τοὺς
2425 5187 2526 5255 τῆς
2572 5184 2891 5255 θεοφανείας
2930 5186 3181 5257 ἠξίωσεν,
3235 5188 3371 5259 πρὶν
3407 5192 3617 5266 ἁγνείᾳ
3658 5208 3704 5246 τε

562 5271 658 5326 Dei
692 5270 887 5341 dignos
937 5267 1226 5339 judicavit,
1276 5284 1448 5341 quam
1506 5270 1712 5325 indicta
1763 5272 2067 5328 observatio

2272 5277 2701 5349 πριρραντισμῴ
2746 5278 3104 5349 νομοθετῆσαι
3139 5278 3218 5351 τῷ
3407 5286 3481 5339 τὸ
3527 5274 3777 5354 καθάριΞῆ

562 5364 856 5426 castitatis,
888 5369 943 5417 et
978 5364 1299 5432 aspersione
1322 5377 1497 5432 aquai,
1544 5365 1751 5433 p0pulo
1802 5365 2067 5434 puriﬁcati

2272 5368 2346 5420 ιαὶ
2377 5367 2499 5421 οὐδὲ
2526 5368 2698 5432 οὕτως
2729 5368 3040 5441 ἐθάρσησαν
3084 5371 3187 5441 τῆς
3229 5371 3387 5439 θείας
3432 5370 3777 5448 δυνάμεωςεῆ

561 5472 686 5512 nem
731 5456 847 5527 lege
874 5454 1149 5510 sanxisset
1180 5473 1194 5508 :
1231 5469 1295 5508 ac
1328 5468 1396 5506 ne
1450 5454 1531 5510 sic
1559 5455 1780 5524 quidem
1817 5455 2014 5511 divina:
2041 5472 2066 5525 ι]

2272 5457 2571 5527 ιμφάνειαν,
2603 5458 2743 5512 ἀλλὰ
2773 5459 2911 5529 πρὸς
2942 5461 3052 5514 πᾶν
3085 5459 3536 5533 κατεπλάγησαν
3576 5466 3637 5519 τὸ

561 5548 744 5603 tentia:
806 5547 1200 5617 apparitionem
1231 5546 1635 5610 sustinuerunt,
1676 5545 1771 5601 sed
1812 5547 1879 5601 ad
1923 5562 2066 5601 omm

2272 5565 2432 5612 ιενον,
2460 5550 2522 5603 τὸ
2552 5549 2682 5620 πῦρ,
2713 5549 2807 5602 τὸν
2838 5549 3055 5622 γνόφον,
3083 5551 3177 5605 τὸν
3215 5553 3453 5621 καπνὸν,
3494 5556 3603 5620 τὰς

561 5638 753 5694 faciem
787 5647 841 5693 ct
893 5647 1175 5706 aspectum
1226 5652 1440 5701 eorum,
1499 5652 1622 5707 quae
1669 5638 2024 5707 apparebant,

2272 5658 2350 5706 ἀς
2371 5657 2384 5671 '
2419 5641 2512 5695 καὶ
2534 5642 2671 5713 πρὸς
2685 5640 2906 5708 τούτους
2936 5642 3097 5697 πάλιν
3127 5644 3545 5717 ἀποστραφεὶς,
3562 5650 3711 5717 esse.
3727 5644 3777 5693 ἃ

556 5728 762 5800 ignem,
792 5726 862 5785 ad
893 5729 1199 5800 caliginem,
1234 5729 1300 5783 ad
1332 5728 1562 5793 fumum,
1609 5728 1674 5782 ad
1708 5729 1888 5796 tubas,
1919 5736 2061 5784 atton

2271 5731 2547 5823 νομοθέτην
2575 5734 2758 5799 αὐτοῖς
2790 5735 3018 5807 μεσίτην
3046 5736 3294 5807 γενέσθαι
3338 5736 3438 5792 τοῦ
3477 5740 3627 5794 θείου
3650 5735 3771 5810 ﬁlii“

3775 4632 3777 4705 l

3775 4728 3777 4785 l

3775 4824 3777 4877 l

3775 4902 3777 4967 ι

3775 5000 3778 5071 l

3775 5094 3778 5155 ι

3775 5178 3778 5263 ι

3775 5274 3778 5339 ι

3775 5370 3778 5441 l

3775 5454 3778 5539 l

3775 5544 3778 5633 l
