3812 6228
15 371 152 426 1157

943 375 1033 430 DE
1071 373 1420 430 ORATIONE
1461 375 1812 434 DOMlNlCA.
1853 399 1920 422 -ι-
1958 377 2216 435 ORATIO
2255 377 2316 434 ll.

3131 373 3268 431 Ηῧὸ

15 500 208 552 ματος,
239 483 318 548 ὡς
355 487 453 557 οὑχ
497 489 684 560 ἱκανῆς
736 490 901 563 οὑσης
949 493 1050 562 τῆς
1097 493 1378 564 δυνάμεως
1421 496 1599 548 αὑτῶν

1707 507 1864 566 atque
1895 499 2128 568 perculsi
2158 507 2288 553 sunt
2317 516 2330 552 :
2365 503 2420 550 et
2461 495 2526 549 ad
2559 509 2679 550 sese
2712 509 2907 550 rursus
2937 495 3162 555 reversi,
3192 495 3268 548 le—

15 574 380 643 προσεγγίσαι
406 577 484 648 τῷ
515 577 654 649 Θεῷ,
687 580 780 632 καὶ
803 581 952 634 θείαν
981 583 1282 652 ἐμφάνειαν
1318 584 1591 650 δέξασθαι.

17 667 82 716 ’0
104 667 162 719 6‘s
194 667 462 740 ἡμέτερος
500 670 814 740 νομοθέτης,
851 672 944 724 καὶ
973 674 1173 743 Κύριος
1199 674 1356 744 ἡμῶν
1394 675 1596 744 Ἰησοῦς

15 758 270 826 Χριστὸς,
327 761 624 830 προσάγειν
660 764 808 831 ἡμᾶς
860 767 924 835 τῇ
979 766 1098 838 θείᾳ
1138 769 1316 838 χάριτι
1367 768 1594 840 μέλλων,

15 850 132 919 aiax!
167 852 385 904 Σίναιον
415 855 546 922 ἡμῖν
577 853 702 924 ὅρος
731 855 809 924 τῷ
837 857 980 928 λόγῳ
1007 860 1393 928 παραδείκνυσι
1415 861 1597 932 γνόφῳ

15 941 452 1012 κεκαλυμμένον,
485 945 576 997 καὶ
610 947 744 1016 πυρὶ
779 948 1190 1016 καπνιζόμενον,
1220 952 1340 1004 οὑδὲ
1370 953 1598 1020 σαλπίγ-

15 1049 124 1096 γων
171 1033 382 1102 φωνὰς,
417 1036 628 1106 ἄσημόν
671 1054 725 1090 τι
755 1040 846 1092 καὶ
885 1043 1324 1112 καταπληκτικὸν
1353 1045 1598 1114 ἀπηχού-

15 1137 132 1184 τας,
161 1123 288 1175 οὐδὲ
329 1125 650 1196 τριημέροις
691 1128 954 1195 ἁγνείαις,
991 1132 1084 1183 καὶ
1115 1131 1264 1184 ὕδατι
1313 1132 1482 1203 ῥύπον
1507 1135 1599 1187 ὲκ-

16 1213 272 1266 πλύνοντι
319 1215 420 1286 τὴν
469 1216 648 1288 ψυχὴν
703 1220 1036 1291 ἐκκαθάρας,
1093 1223 1212 1276 οὐδὲ
1267 1227 1448 1278 πᾶσαν
1499 1227 1600 1298 τὴν

17 1306 316 1374 ῖκκλησίαν
349 1308 408 1360 ὲν
435 1312 499 1378 τῇ
551 1310 800 1381 ὑπωρείᾳ
833 1313 1166 1380 καταλιπὼν,
1201 1316 1280 1367 ἐνὶ
1318 1317 1464 1386 μόνῳ
1500 1317 1598 1386 τὴν

21 1393 198 1445 ἑνοδον
253 1395 347 1446 ἐπὶ
391 1396 490 1466 τὴν
533 1399 779 1468 κορυφὴν
812 1399 906 1452 τοῦ
941 1401 1100 1471 ὅρους
1149 1401 1452 1474 χαρίζεται,
1499 1406 1596 1478 τὴν

23 1484 444 1556 εεκαλυμμένην
489 1487 568 1558 τῷ
611 1490 796 1561 γνόφῳ
827 1489 904 1561 τῷ
941 1497 1038 1564 τήν
1075 1493 1236 1560 δόξαν
1267 1493 1400 1548 Θεοῦ
1443 1513 1598 1566 περι-

25 1573 312 1640 ιρύπτοντι
335 1591 350 1608 ο
383 1575 521 1631 ἀλλὰ
562 1578 778 1649 πρῶτον
830 1581 928 1652 μὲν
966 1584 1083 1636 ἀντὶ
1115 1584 1208 1637 τοῦ
1252 1585 1408 1656 ὅρους
1436 1588 1596 1641 αὑτὸν

27 1665 204 1732 ινάγει
231 1666 326 1718 τὸν
353 1667 598 1738 οὐρανὸν,
632 1669 792 1740 βατὺν
819 1675 932 1736 τοῖς
969 1673 1274 1743 ἀνθρώποις
1301 1677 1462 1730 αὑτὸν
1507 1677 1597 1730 διὰ

35 1755 106 1824 ἧς
133 1757 346 1827 ἀρετῆς
377 1763 756 1831 καταστήσας’
787 1763 970 1818 ἔπειτα
1013 1765 1068 1819 δὲ
1099 1767 1160 1819 οὑ
1197 1767 1396 1832 θεατὰς
1438 1769 1596 1840 μόνον

35 1845 108 1913 ἧς
139 1845 298 1911 Θείας
325 1849 626 1921 δυνάμεως,
665 1853 804 1907 ἀλλὰ
853 1856 945 1908 καὶ
975 1859 1262 1921 κοινωνοὺς
1292 1859 1598 1930 όιπεργάιῖζε⁸
1631 1855 1670 1908 Β

37 1951 122 2000 αι,
159 1937 260 1990 καὶ
302 1941 383 2004 είς
414 1943 732 2010 συγγένειαν
753 1947 954 2016 τρόπον
981 1949 1100 2002 τινὰ
1138 1951 1238 2020 τῆς
1271 1951 1600 2023 ὑπερκειμέ-

35 2045 106 2096 ης
139 2029 358 2096 φύσεως
385 2033 511 2097 τοὺς
533 2037 854 2106 προσιόντας
883 2039 1005 2106 ἄγει
1025 2057 1038 2068 ·
1073 2041 1192 2094 οὑδὲ
1223 2043 1406 2113 γνόφῳ
1433 2061 1602 2098 κατα-

16 2121 252 2190 ’ρύπτει
305 2123 406 2194 τὴν
457 2127 829 2197 ὑπερέχουσαν
878 2131 1056 2196 δόξαν,
1105 2132 1181 2196 ὡς
1225 2134 1602 2207 δυσθεώρητον

37 2215 120 2273 οἷς
147 2212 512 2284 άναζητοῦσιν
557 2213 719 2285 εἶναι,
757 2220 891 2274 ἀλλὰ
921 2221 1001 2292 τῷ
1041 2223 1302 2293 τηλαυγεί
1330 2230 1467 2296 φωτὶ
1499 2227 1601 2299 τῆς

41 2303 368 2368 δασκαλίας
395 2306 488 2360 τὸν
531 2308 728 2377 γνόφον
773 2315 1177 2380 καταφωτίσας,
1213 2317 1306 2369 ἐπὶ
1338 2317 1599 2390 λαμπρᾶς

42 2393 233 2464 ίθρίας
286 2399 398 2459 τοῖς
453 2397 714 2471 καθαροῖς
759 2401 858 2473 τὴν
897 2405 1142 2475 καρδίαν,
1180 2407 1280 2478 τὴν
1324 2407 1600 2478 ἄφραστον

31 2486 170 2548 -ἱξαν
200 2487 544 2558 καθορᾶσθαι
589 2491 874 2562 ἐποίησεν·
927 2495 1071 2566 ὕδωρ
1110 2497 1167 2549 δὲ
1204 2500 1597 2570 περιρραίνειν,

29 2593 104 2626 ne
153 2577 216 2639 ἐξ
249 2576 549 2647 ἀλλοτρίων
588 2583 866 2652 ναμάτων,
915 2585 1050 2638 ἀλλὰ
1087 2587 1148 2640 τὸ
1171 2589 1228 2640 ὲν
1260 2591 1392 2659 ἡμῖν
1419 2591 1599 2654 αὑτοῖς

45 2667 290 2738 ιαόρύον
356 2670 672 2739 χαρίζεται,
725 2673 835 2726 εἴτε
885 2675 984 2739 τὰς
1028 2677 1137 2731 τῶν
1184 2679 1475 2750 ὀφθαλμῶν
1517 2699 1602 2746 τις

57 2777 156 2827 γει
191 2762 404 2830 πηγάς,
437 2764 547 2816 εἴτε
593 2765 692 2835 τὴν
737 2766 985 2837 καθαρὰν
1012 2769 1112 2838 τῆς
1151 2773 1380 2843 καρδίας
1423 2776 1602 2827 συνεί-

55 2867 184 2908 ςσιν,
225 2849 502 2919 μηδεμίαν
533 2851 646 2906 ἰλὺν
674 2854 782 2906 άπὸ
809 2856 905 2926 τῆς
942 2858 1166 2928 ἐννόμου
1209 2861 1317 2914 τῶν
1345 2864 1600 2934 γαμετῶν

53 2940 254 3004 ιιλίας,
307 2941 424 2995 ἀλλ’
456 2943 564 2995 ἀπὸ
615 2945 798 3017 πάσης
836 2948 1026 3019 ὑλικῆς
1071 2969 1132 3004 τε
1183 2954 1277 3006 καὶ
1324 2957 1602 3026 ἐμπαθοῦς

33 3033 309 3096 .ιθὲσεως
359 3034 758 3108 νομοθετήσας,
823 3038 966 3093 οὑτω
1035 3045 1300 3113 προσάγει
1359 3047 1446 3100 διὰ
1500 3049 1600 3118 τῆς

53 3124 330 3194 ιοαευχῆς
354 3123 436 3194 τῷ
465 3125 603 3196 Θεῷ.
637 3127 784 3200 Αὕτη
813 3131 920 3203 γάρ
953 3133 1059 3186 τῶν
1091 3137 1352 3206 ῥημάτων
1380 3141 1412 3208 ἡ
1444 3140 1602 3194 δύνα-

16 3231 110 3291 ,Ας,
143 3215 214 3267 δι’
250 3208 332 3268 ὧν
357 3217 478 3286 οὐχὶ
513 3219 696 3287 φωνάς
719 3237 871 3284 τινας
902 3223 960 3276 ἐν
1007 3225 1296 3292 συλλαϐαῖς
1326 3231 1602 3298 ἐκφωνου-

21 3339 28 3389 Ῑ
67 3321 175 3366 νας
213 3303 570 3375 μανθάνομεν
611 3305 700 3359 διὰ
721 3308 816 3360 τοῦ
850 3309 1030 3378 λόγου,
1067 3312 1183 3366 ἀλλ’
1217 3315 1459 3369 ἐπίνοιαν
1503 3321 1602 3389 τῆς

16 3447 48 3462 ,,
171 3397 278 3492 τον
314 3395 449 3450 Θεὸν
478 3397 796 3464 ἀναϐάσεως
821 3401 896 3492 ρι’
921 3402 1129 3475 ὑψηλῆς
1172 3406 1448 3471 πολιτείας
1472 3427 1601 3464 κατ-

16 3542 46 3552 ,,
65 3488 378 3559 ιθωμένην.

1700 589 2013 656 gislatorem
2053 588 2338 657 rogabant,
2370 595 2428 640 ut
2459 585 2506 640 is
2536 585 2801 639 mediator
2833 582 2971 652 ipsis
3014 591 3069 636 et
3097 582 3269 634 inter-

1699 681 1925 735 nuntius
1953 681 2149 734 divinm
2185 679 2478 733 voluntatis
2505 678 2816 740 exsisteret,
2844 675 3000 744 quasi
3025 675 3272 743 ipsorum

1704 770 1843 822 vires
1878 769 1942 822 ad
1975 766 2522 836 appropinquandum
2568 763 2696 830 Deo,
2723 763 3072 832 divinumque
3105 777 3272 831 appa-

1699 862 1952 914 ritionem
1991 859 2388 928 excipiendam,
2425 857 2558 912 satis
2595 857 2802 910 idoneae
2833 853 3280 920 sullicientcsque’

1699 967 1808 1005 non
1837 951 2104 1006 essent”.
2131 951 2200 1004 At
2233 959 2420 1004 noster
2453 950 2752 1019 legislator,
2785 947 3052 1001 Dominus
3082 955 3270 999 noster

1697 1037 1858 1096 Jesus
1895 1040 2172 1104 Christus,
2209 1039 2276 1093 ad
2312 1039 2550 1092 divinam
2600 1038 2826 1108 gratiam
2873 1052 2974 1090 nos
3005 1035 3270 1090 adductu-

1700 1149 1816 1194 rus,
1847 1149 1952 1186 non
1981 1141 2220 1186 montem
2254 1130 2402 1185 Sinai
2442 1131 2600 1185 nobis
2643 1131 2871 1200 caligine
2897 1128 3191 1182 obductmn
3217 1134 3273 1180 et

1702 1227 1824 1294 igne
1853 1224 2205 1293 l'mnigantem
2258 1223 2505 1276 oratione
2537 1229 2933 1291 prmmonstrat,
2981 1234 3156 1287 neque
3189 1227 3274 1271 tu—

1701 1319 1893 1371 barum
1927 1331 2090 1371 voces
2126 1317 2421 1369 obscurum
2460 1315 2718 1384 quiddam
2765 1325 2927 1382 atque
2975 1311 3270 1366 terriﬁcum

1703 1417 2042 1468 resonantes.
2095 1423 2272 1476 neque
2314 1405 2478 1460 tridui
2529 1406 2804 1467 castitate,
2831 1414 2883 1458 et
2917 1417 3055 1472 aqua
3083 1401 3280 1455 sordes

1699 1503 1915 1556 eluente
1942 1502 2176 1554 animam
2208 1507 2493 1570 expurgat,
2527 1513 2701 1566 neque
2737 1497 2882 1549 omni
2913 1496 3177 1548 concione
3204 1492 3273 1546 ad

1699 1593 1910 1647 radices
1944 1591 2144 1646 montis
2175 1591 2383 1654 relicta,
2415 1590 2508 1643 uni
2547 1589 2652 1643 soli
2681 1587 2747 1640 ad
2777 1601 3041 1640 cacumen
3069 1584 3272 1638 montis

1699 1685 1928 1753 caligine
1967 1683 2192 1752 gloriam
2227 1681 2317 1735 Dei
2365 1687 2578 1750 tegente
2622 1676 3042 1741 circumfusum,
3083 1689 3274 1729 ascen-

1700 1791 1819 1830 sum
1873 1775 2123 1843 largitur,
2175 1772 2268 1828 sed
2301 1773 2536 1842 primum
2589 1769 2808 1840 quidem
2855 1783 2953 1838 pro
2987 1776 3171 1820 monte
3202 1765 3271 1819 ad

1701 1865 1878 1936 ipsum
1909 1867 2132 1933 cmlum,
2194 1864 2337 1934 quod
2375 1879 2471 1934 per
2498 1863 2753 1916 virtutem
2791 1860 3038 1930 pervium
3095 1857 3278 1910 homi-

1700 1955 1860 2011 nibus
1888 1955 2084 2018 ell‘ecit,
2114 1953 2391 2018 subducit;
2411 1951 2607 2006 deinde
2622 1965 2754 2004 vero
2785 1965 2894 2002 non
2940 1955 3278 2016 spectatores

1701 2049 1878 2102 solum
1911 2046 2106 2102 divina:
2135 2046 2406 2115 potentiae,
2434 2041 2789 2097 verumetiam
2822 2039 3003 2094 socios
3052 2045 3107 2092 et
3151 2053 3278 2107 par-

1702 2139 1892 2209 ticipes
1942 2137 2092 2202 facit,
2131 2147 2183 2192 et
2217 2137 2281 2191 ad
2324 2135 2710 2198 cognationem
2743 2129 3146 2202 quodammodo
3182 2144 3280 2183 su-

1701 2243 1883 2300 pernae
1927 2235 2135 2282 naturae
2191 2225 2515 2281 accedentes
2573 2222 2725 2277 ducit
2768 2239 2782 2276 :
2821 2235 2998 2290 neque
3036 2218 3277 2288 caligine

1700 2322 2100 2391 praecellentem
2152 2319 2382 2390 gloriam
2435 2315 2745 2378 abscondit,
2800 2322 2859 2367 ut
2900 2313 3274 2382 contemplatu

1699 2413 1934 2468 dillicilis
1969 2411 2374 2482 requirentibus
2404 2407 2474 2462 sit
2507 2425 2518 2461 :
2554 2407 2647 2462 sed
2674 2407 2824 2460 claro
2847 2405 3053 2458 lumine
3083 2403 3280 2459 doctri-

1699 2523 1783 2560 nae
1817 2505 2047 2575 caligine
2085 2503 2359 2564 discussa,
2399 2501 2452 2553 in
2492 2499 2672 2552 lucida
2712 2511 2776 2550 ac
2806 2494 3092 2566 splendida
3125 2509 3278 2547 sere-

1701 2598 1869 2650 nitate
1913 2611 2050 2665 puro
2085 2593 2250 2648 corde
2286 2591 2529 2660 praeditis
2566 2587 2993 2644 iuenarrabilem
3045 2587 3275 2655 gloriam

1701 2685 2146 2756 conspiciendam
2211 2683 2442 2754 praebet;
2494 2694 2690 2748 aquam
2735 2687 2916 2731 autem
2971 2676 3036 2729 ad
3086 2689 3277 2742 asper-

1702 2775 1960 2848 gendum,
2013 2791 2123 2830 non
2175 2790 2240 2828 ex
2295 2772 2488 2827 alienis
2527 2770 2681 2835 rivis,
2735 2768 2829 2822 sed
2865 2769 2920 2821 in
2949 2765 3106 2820 nobis
3145 2763 3281 2834 ipsis

1701 2869 2088 2924 seaturientem
2119 2865 2370 2934 largitur,
2434 2864 2548 2918 sive
2597 2861 2880 2915 oculorum
2929 2857 3054 2927 quis
3101 2856 3280 2909 fontes

1701 2959 1867 3022 dicat,
1930 2959 2046 3014 sive
2077 2971 2270 3028 puram
2332 2954 2516 3009 cordis
2568 2950 2963 3007 conscientiam
3007 2949 3214 3002 nullum
3248 2963 3280 3000 a

1703 3049 1997 3104 vitiositate
2046 3058 2208 3116 atque
2248 3045 2457 3098 malitia
2503 3043 2690 3096 limum
2741 3039 3090 3094 invehentem
3129 3051 3278 3089 :non

1705 3143 1879 3197 solum
1917 3149 2096 3194 autem
2129 3155 2157 3191 a
2191 3137 2338 3191 licita
2365 3151 2600 3190 uxorum
2628 3131 3053 3192 consuetudine,
3077 3127 3173 3184 sed
3212 3129 3282 3182 ab

1707 3232 1854 3286 omni
1894 3229 2157 3282 materiali
2197 3227 2403 3296 pariter
2434 3239 2500 3278 ac
2540 3223 2735 3276 vitiosa
2786 3219 3074 3273 affectione
3125 3219 3279 3271 insti-

1708 3331 1820 3376 tuta
1846 3321 2102 3392 puritate.
2133 3320 2208 3374 ita
2249 3333 2344 3389 per
2375 3317 2680 3371 orationem
2714 3312 2965 3368 homines
3008 3308 3076 3363 ad
3108 3307 3280 3363 Deum

1708 3413 1945 3468 adducit.
1979 3410 2105 3466 Haec
2138 3417 2221 3466 est
2259 3409 2405 3466 enim
2441 3407 2732 3463 verborum
2776 3406 2880 3468 vis,
2930 3403 3130 3474 quibus
3171 3415 3284 3454 non

1707 3521 1869 3560 voces
1891 3503 2181 3574 quasdam,
2234 3517 2357 3572 quae
2409 3515 2506 3571 per
2565 3498 2802 3569 syllabas
2842 3495 3288 3565 pronuntientur,

25 3595 90 3664 __,r
135 3595 474 3636 sermonem
512 3581 802 3651 discimus,
871 3583 968 3640 sed
997 3586 1264 3641 rationem
1289 3590 1617 3650 ascendendi
1645 3597 1714 3651 ad
1769 3595 1961 3662 Deum,
2019 3611 2114 3667 per
2155 3595 2389 3652 sublime
2457 3593 2768 3646 institutum
2811 3588 2940 3642 vitae
2978 3583 3284 3640 confectam

21 3661 40 3718 ί
75 3673 438 3744 expeditam.

70 3767 312 3831 Ἔξεστι
359 3765 418 3817 δὲ
465 3764 534 3818 δι’
561 3765 742 3819 αὑτῶν
785 3767 1030 3838 τῶν’τῆς
1078 3771 1390 3841 προσευχῆς
1429 3770 1604 3839 λόγων

31 3849 94 3920 ξ)
125 3860 300 3912 θείαν
332 3859 720 3936 μυσταγωγίαν
747 3862 1097 3931 κατανοῆσαι.
1137 3863 1314 3916 Ὅταν
1354 3865 1609 3931 προσεύ-

73 3955 220 4016 σθε,
245 3950 442 4020 φησίν·
471 3937 770 4014 οὑκέἴπεν,
800 3953 968 4004 Ὅταν
986 3952 1242 4024 εὕχησθε,
1271 3956 1407 4021 ἀλλ’,
1433 3959 1610 4011 Ὅταν

77 4041 470 4108 οσεύχησθεο
499 4039 574 4102 ὼς
601 4039 692 4093 τοῦ
725 4041 866 4094 κατὰ
907 4042 1007 4112 τὴν
1046 4041 1212 4112 εὐχὴν
1239 4043 1338 4115 ἤδη
1373 4061 1612 4114 προκατ.

16 4133 44 4208 Ϊλ
79 4133 328 4202 ιωθῆναι
382 4133 772 4201 προσήκοντος,
832 4133 962 4202 πρὶν
1023 4132 1112 4186 διὰ
1157 4134 1261 4204 τῆς
1303 4137 1610 4206 προσευχῆς

16 4224 236 4302 λίθεῷ
269 4221 660 4292 προσεγγίσαι.
699 4222 795 4287 Τίς
839 4223 896 4276 δὲ
943 4222 1052 4275 τῶν
1085 4224 1366 4294 ὀνομάτων
1407 4225 1611 4280 τούτων

16 4305 32 4332 ί
179 4316 253 4368 τὸ
285 4313 688 4384 σημαινόμενόν
727 4316 845 4368 ἐστι
883 4314 1148 4386 διαφοράς
1179 4317 1460 4387 Ὄτιεὺχὴ
1508 4317 1610 4387 μέν

17 4399 142 4476 “iw
177 4405 510 4474 ἐπαγγελία
539 4405 684 4468 τινὸς
721 4405 828 4458 τῶν
859 4407 978 4458 κατ’
1007 4405 1336 4479 εὑσέὸει[ανι
1357 4409 1611 4479 ἀφιερου-

1782 3771 1933 3826 Licet
1966 3779 2146 3826 autem
2175 3783 2272 3840 per
2305 3769 2425 3839 ipsa
2473 3767 2638 3822 verba
2665 3767 2931 3823 orationis
2953 3784 3290 3839 cognoscere

1713 3865 1953 3918 divinam
1977 3877 2259 3918 sacrorum
2294 3860 2644 3930 disciplinam
2667 3869 2830 3932 atque
2863 3862 3284 3917 institutionem.

1715 3957 1844 4011 Cum
1869 3954 2250 4024 oratis,inquit
2269 3953 2335 4018 “,
2365 3969 2476 4007 non
2501 3953 2656 4017 dixit,
2673 3955 2800 4006 ὅταν
2827 3952 3080 4025 εῠχησθε,
3105 3955 3156 4009 id
3180 3967 3286 4016 est,

1718 4065 1840 4102 cum
1876 4055 2001 4102 vota
2034 4045 2234 4111 facitis,
2256 4046 2374 4114 sed,
2397 4049 2527 4102 ὅταν
2543 4047 2940 4120 προσεύχησθε,
2969 4049 3022 4102 id
3049 4057 3132 4103 est
3163 4065 3287 4102 cum

1716 4141 1918 4200 oratis;
1953 4137 2112 4206 quasi
2141 4137 2216 4200 id,
2241 4137 2388 4208 quod
2430 4135 2494 4190 ad
2519 4145 2704 4192 votum
2753 4139 3006 4206 pertinet,
3047 4137 3286 4192 oﬂicium

1711 4231 1822 4300 jam
1879 4238 2006 4283 ante
2067 4229 2366 4298 priestitum
2426 4243 2548 4283 esse
2602 4229 2912 4290 conveniat,
2965 4229 3286 4297 priusquam

1717 4337 1811 4391 per
1839 4321 2140 4375 orationem
2179 4319 2328 4375 Deus
2360 4321 2606 4374 adeatur.
2663 4317 2768 4372 Sed
2804 4333 3052 4389 quamam
3089 4318 3285 4372 horum

1717 4415 2018 4476 nominum,
2053 4411 2196 4482 quod
2248 4411 2314 4466 ad
2364 4409 2819 4480 signiﬁcationem
2869 4411 3087 4474 attinet,
3139 4409 3288 4463 dide-

33 4481 48 4566 θ’
91 4515 202 4556 ων⁴
243 4497 537 4568 προσευχὴ
557 4497 614 4550 δὲ
643 4497 860 4568 αἴτησις
877 4497 1117 4566 ἀγαθῶν,
1156 4499 1293 4568 μετὰ
1329 4500 1600 4569 ἱκετηρίας

1712 4502 1924 4556 rentia?
1955 4481 2111 4572 εὐχή,
2149 4501 2201 4554 id
2237 4509 2340 4562 est,
2399 4507 2583 4554 votum
2637 4499 2854 4568 quidem
2887 4497 3180 4568 promissio
3208 4507 3291 4552 cst

16 4581 42 4612 ⁷³·
73 4583 418 4662 ἰσαγομένη
445 4589 582 4659 Θεῷ.
627 4590 780 4642 Ἐπεὶ⁴
807 4585 900 4643 οὖν
933 4591 1244 4662 παρρησίας
1275 4593 1406 4662 ἡμῖν
1426 4592 1608 4662 χρεία,

16 4671 46 4707 ly,
87 4705 118 4740 ν
153 4681 498 4756 προσίωμεν
531 4681 671 4752 Θεῷ,
715 4681 816 4744 τὰς
859 4682 998 4753 ὑπὲρ
1044 4682 1152 4735 τῶν
1191 4683 1610 4736 λυσιτελούντων

87 4777 304 4849 eripiet;
337 4771 675 4842 ποιούμενοι,
711 4773 1025 4840 ἀναγκαίως
1055 4773 1116 4825 τὸ
1145 4772 1286 4826 κατὰ
1315 4772 1412 4843 τὴν
1448 4773 1610 4844 εὐχὴν

89 4867 436 4938 ιηγήσεται,
509 4861 596 4914 ἵνα
645 4861 706 4915 τὺ
769 4865 898 4933 παρ’
947 4861 1154 4915 ἑαυτῶν
1181 4861 1610 4924 -ὲκτελέσαντες,

51 4977 170 5024 ,ως
229 4953 601 5026 Θαρσοῦντες,
649 4954 712 5007 τὸ
763 4953 914 5023 παρὰ
964 4953 1058 5006 τοῦ
1112 4953 1246 5006 Θεοῦ
1303 4952 1608 5006 ἀντιλαϐεῖν

23 5055 42 5130 '_
74 5051 376 5130 ‘hawpzv.
427 5047 518 5099 Διό
543 5063 708 5118 φησιν
745 5049 774 5100 ό
813 5046 1124 5117 Προφήτης,
1153 5046 1234 5099 ὅτι
1275 5045 1392 5112 Τάς
1427 5045 1612 5114 εὐχάς

19 5125 108 5190 έδν
133 5139 468 5200 ἀποδώσω
503 5154 624 5199 σοι.
658 5138 732 5204 ἀς
777 5137 1072 5192 διέστειλε
1115 5137 1190 5191 τὰ
1241 5140 1415 5208 χείλη
1454 5155 1606 5207 pov-

93 5283 106 5304 ι
143 5233 483 5299 Εὐξασθε,
511 5231 610 5286 καὶ
645 5230 898 5284 ἀπόδοτε
931 5231 1126 5299 Κυρίῳ
1159 5230 1240 5296 τῷ
1273 5231 1394 5296 Θεῷ
1415 5232 1604 5301 ἡμῶν.

39 5325 62 5348 ⁷·
97 5369 104 5382 .
141 5322 448 5393 πολλαχοῦ
489 5325 586 5392 τῆς
617 5323 840 5394 Γραφῆς
877 5321 974 5392 τὴν
1001 5320 1256 5390 τοιαύτην
1303 5321 1450 5373 ἔστιν
1483 5321 1608 5374 ἰδεῖν

16 5405 72 5478 ξε
117 5421 320 5492 εὐχῆς
365 5415 662 5484 σημασίαν,
693 5415 768 5476 ὡς
796 5415 996 5483 γνῶναι
1041 5416 1208 5485 ἡμᾶς,
1239 5415 1318 5467 ὅτι
1347 5413 1480 5484 εὐχὴ
1510 5416 1608 5485 μὲν

41 5509 130 5586 εἶα,
165 5505 384 5571 καθὼς
419 5505 652 5577 εῐρηται,
686 5508 1034 5578 χαριστήριος
1075 5507 1412 5577 δωροφορίας
1439 5507 1610 5574 ἐπαγ-

15 5595 80 5648 ίτέ
101 5609 172 5658 'a-
211 5603 258 5672 ἡ
291 5597 358 5652 δὲ
397 5596 693 5668 προσευχὴ,
725 5597 825 5668 τὴν
857 5597 996 5668 μετὰ
1022 5596 1120 5667 τὴν
1145 5597 1488 5668 ἐκπλήρωσιν
1509 5599 1608 5666 τῆς

1712 4589 1950 4658 alicujus
1977 4589 2076 4652 rei,
2103 4603 2224 4658 quae
2263 4588 2486 4656 pietatis
2515 4589 2736 4642 nomine
2782 4586 3066 4642 dedicetur
3103 4597 3158 4642 et
3195 4602 3288 4643 sa-

1711 4683 1821 4736 cris
1871 4679 2522 4750 όθειίηειυΐτπροσευχή
2559 4687 2763 4744 autem,
2819 4677 2872 4732 id
2919 4686 3023 4742 est,
3088 4678 3286 4744 oratio,

1713 4780 1796 4828 est
1830 4773 2018 4842 petitio
2051 4774 2347 4835 bonorum,
2396 4785 2518 4840 quae
2572 4768 2682 4824 Deo
2723 4785 2845 4825 cum
2887 4770 3290 4839 supplicatione

1713 4865 1968 4920 oll'ertur.
1997 4863 2270 4930 Quoniam
2323 4864 2492 4933 igitur
2524 4861 2726 4916 ﬁducia
2757 4861 2938 4927 nobis,
3003 4871 3062 4915 ut
3115 4861 3288 4914 libere

1713 4959 2020 5028 loquamur,
2052 4962 2303 5025 opusest,
2323 4969 2448 5008 cum
2478 4953 2832 5023 supplicaturi
2856 4967 2952 5022 pro
2985 4951 3290 5006 commodis

1711 5047 1916 5103 nostris
1947 5047 2012 5100 ad
2045 5045 2212 5100 Deum
2259 5043 2592 5109 accedimus,
2653 5044 2985 5108 necessario,
3024 5041 3174 5112 quod
3215 5042 3285 5095 ad

1713 5147 1894 5194 votum
1934 5139 2190 5209 pertinet,
2221 5135 2458 5191 olﬁcium
2499 5137 2789 5205 praecedet,
2843 5143 2898 5189 ut
2930 5151 3016 5198 co,
3073 5134 3218 5203 quod
3257 5149 3288 5187 a

1718 5231 1876 5286 nobis
1900 5229 2150 5300 praestari
2181 5229 2429 5294 decebat,
2461 5227 2638 5283 oliicio
2669 5225 2864 5290 functi,
2920 5227 2995 5280 ita
3021 5225 3288 5294 deincegs

1715 5324 2054 5385 conﬁdenter
2105 5323 2334 5376 invicem
2383 5335 2416 5374 a
2483 5320 2594 5374 Deo
2640 5320 2961 5375 beneﬁcium
3014 5327 3288 5387 petamus.

1716 5413 2078 5479 Quamobrem
2109 5410 2378 5480 Propheta
2415 5428 2426 5462 :
2473 5407 2608 5461 Vata
2641 5425 2776 5470 mea,
2843 5407 3041 5476 inquit,
3089 5407 3292 5474 persal—

1718 5521 1835 5557 vam
1883 5503 1998 5568 tibi,
2059 5517 2177 5572 qua:
2226 5498 2370 5553 labia
2419 5515 2536 5552 mea
2597 5497 3124 5566 nuncupaverunt";
3181 5503 3286 5550 et:

1732 5597 1860 5649 Vota
1898 5596 2076 5664 facile,
2100 5610 2161 5647 ac
2193 5591 2468 5660 persolvite
2507 5590 2732 5644 Domino
2761 5589 2870 5642 Deo
2903 5597 3074 5642 vestro
3103 5587 3172 5642 ³³.
3211 5588 3292 5643 A3

16 5777 112 5874 τίς·
155 5777 360 5840 Exod.
395 5794 525 5845 xu,
563 5779 629 5834 13
655 5794 772 5851 sqq.
853 5780 890 5810 ³³
937 5777 1125 5834 Matth.
1159 5792 1246 5848 vi,
1283 5777 1348 5847 7;
1391 5777 1520 5832 Luc.
1556 5793 1600 5831 xi

1711 5818 1722 5831 .
1804 5777 1846 5806 "
1885 5774 2024 5830 l’sal.
2066 5791 2189 5841 va,
2225 5775 2310 5829 15.
2389 5775 2432 5806 ³³
2470 5772 2612 5829 Ρειιι.
2653 5786 2816 5838 Lxxv,
2850 5770 2938 5825 '12.
