3812 6228
529 295 674 351 H39

1782 298 1839 354 S.
1879 298 2210 357 GREGOBII
2243 297 2537 356 NYSSENI

515 416 704 469 multis
739 413 792 468 in
827 413 969 470 locis
1013 413 1312 485 Scriptura:
1338 415 1612 483 ejusmodi
1657 419 1758 490 τῆς
1791 421 1980 491 εὐχῆς.
2042 421 2097 475 id

2233 419 2531 489 παγγελίας
2559 419 2636 491 τῷ
2667 418 2786 490 Θεῷ
2815 416 3105 489 γινομένην
3133 416 3400 490 πρόσοδον
3424 417 3751 486 διερμηνεύῃ.

512 514 618 568 est,
650 505 760 559 voti
781 505 1254 576 signiﬁcationem
1293 509 1480 562 videre
1519 509 1667 574 licet,
1700 518 1762 562 nt
1787 525 2095 579 cognosca-

515 611 661 662 mus,
684 596 832 667 quod
865 606 1053 652 votum
1089 599 1310 668 quidem
1341 601 1433 662 sil,
1471 608 1531 654 ut
1554 601 1720 655 modo
1742 601 1949 655 dictum
1988 611 2096 666 est,

515 687 644 742 doni
674 705 777 759 pro
804 689 1108 759 gratiarum
1143 690 1359 744 actione
1391 689 1652 745 oderendi
1693 689 1837 745 facta
1857 693 2099 762 promis-

519 781 602 834 sio
631 781 936 852 επροσευχή
955 797 1100 848 vero,
1115 781 1166 834 id
1189 789 1273 835 est
1292 800 1304 835 :
1321 783 1522 849 oratio,
1541 799 1689 844 eum,
1715 784 1805 852 qui
1826 793 1951 852 post
1972 798 2102 852 pro-

519 872 675 926 missi
708 873 1080 942 impletionem
1121 873 1186 926 ad
1224 872 1390 928 Deum
1425 875 1503 937 fit,
1547 875 1757 928 aditum
1796 875 2100 945 signiﬁcat.

522 961 693 1017 Docet
753 965 918 1034 igitur
949 983 1051 1020 nos
1079 983 1287 1030 sermo,
1320 984 1391 1022 ne
1427 968 1583 1036 prius
1614 966 1820 1037 aliquid
1845 976 2100 1036 petamus

523 1069 555 1108 a
590 1055 720 1120 Deo,
752 1072 917 1126 quam
944 1057 1164 1126 aliquod
1186 1059 1236 1112 ei
1263 1073 1467 1113 munus
1490 1067 1777 1128 acceptum
1805 1068 1859 1113 et
1881 1067 2098 1129 gratum

523 1148 906 1202 obtulerimus.
947 1145 1158 1202 V'overe
1211 1151 1355 1203 enim
1417 1151 1573 1218 prius
1628 1157 1865 1219 oportet,
1902 1149 2102 1204 deinde

524 1255 684 1294 orare
723 1257 736 1292 :
775 1239 1002 1308 perinde
1051 1255 1115 1291 ac
1159 1241 1205 1293 si
1248 1241 1375 1308 quis
1410 1241 1560 1294 dicat
1603 1249 1904 1295 sementem
1946 1241 2104 1310 prius

524 1332 667 1394 ﬁeri,
692 1347 858 1401 quam
884 1331 1101 1386 fructus
1135 1332 1348 1402 percipi
1377 1342 1654 1401 oportere.
1697 1332 1840 1400 Ergo
1869 1331 1982 1384 voti
2014 1346 2103 1385 se-

526 1423 674 1475 mina
697 1423 851 1492 prius
887 1422 1151 1492 dejicere,
1203 1435 1370 1492 atque
1400 1423 1470 1477 ita
1503 1440 1568 1478 ex
1609 1422 1846 1492 dejectis
1875 1422 2104 1478 semini-

525 1512 631 1568 bus
655 1514 875 1568 adultas
923 1513 1035 1578 jam
1068 1523 1234 1584 atque
1285 1522 1530 1567 maturas
1590 1513 1775 1583 fruges
1825 1512 2105 1583 percipere

2201 510 2453 563 Διδάσκει
2486 505 2578 563 οὖν
2630 511 2827 580 ἡμεῖςὸ
2875 509 3053 577 λόγος,
3109 508 3184 579 μὴ
3212 507 3490 579 πρότερον
3536 507 3756 560 αἰτεῖσθεί

2201 619 2253 654 τι
2294 601 2444 672 παρά
2468 600 2562 654 τοῦ
2615 599 2772 666 Θεοῦ,
2801 600 2931 671 πρὶν
2963 599 3110 670 αὐτῷ
3150 616 3203 652 τι
3237 598 3344 651 τῶν
3380 598 3760 670 κεχαρισμὲνιη

2203 695 2599 765 δωροφορῆσαι.
2659 692 2932 758 Εῠξασθαι
2993 695 3103 761 γὰρ
3330 691 3631 763 πρότερον,
3675 687 3793 743 εἴτε

2206 783 2608 856 προσεύξασθαι
2629 801 2642 813 °
2675 785 2751 848 ὡς
2783 787 2836 838 εἰ
2861 802 2944 847 τις
2973 783 3122 851 λέγει
3150 782 3524 854 προηγεῖσθαι
3550 784 3646 852 τὴν
3669 799 3766 833 σπι-
3792 813 3793 816 η

2213 877 2310 946 ρὰν
2338 879 2435 946 τῆς
2468 877 2822 946 ἐπικαρπίας.
2860 874 3070 928 Οὐκοῦν
3111 875 3216 945 χρὴ
3241 873 3586 927 καταϐαλεῖν
3613 872 3766 941 πῄ·
3792 891 3793 926 1

2209 985 2301 1038 ρον
2328 971 2426 1040 τῆς
2453 969 2617 1039 εὐχῆς
2649 968 2717 1022 τὰ
2748 967 3060 1039 σπέρματα,
3109 969 3205 1019 καὶ
3245 965 3422 1028 οὕτως
3471 947 3793 1031 αὐξηθείπνὶ

2205 1060 2303 1131 τὴν
2332 1058 2638 1128 καταδολὴν
2667 1059 2775 1112 τῶν
2803 1059 3133 1130 σπερμάτων
3157 1056 3568 1127 καρπώσασθαι
3599 1055 3681 1107 διὰ
3702 1039 3793 1116 τὲςῘ

2206 1153 2517 1222 προσευχῆς
2562 1153 2660 1220 τὴν
2693 1151 2852 1222 χάριν
2899 1149 3382 1220 ἀντιλαμϐάνονται.
3429 1148 3527 1210 Ὠς
3573 1142 3663 1200 οὖν
3700 1150 3793 1222 e323

2151 1290 2155 1293 .
2207 1241 2475 1311 ἐσομένης
2519 1242 2576 1292 ἐν
2630 1240 2916 1312 παρρησία
2964 1243 3060 1312 τῆς
3117 1238 3434 1303 ἐντεύξεως,
3482 1240 3537 1290 εἰ
3596 1237 3664 1307 μὴ
3707 1239 3776 1288 ἐπὶ

2210 1332 2583 1403 προληφθείσῃ
2633 1333 2765 1403 εὐχῇ
2813 1351 2920 1385 τινι
2950 1333 3045 1385 καὶ
3091 1329 3400 1402 δωροφορίᾳ
3454 1331 3493 1400 ή
3549 1329 3775 1398 πρόπεῡς

2209 1423 2439 1491 γένοιτο,
2462 1425 2776 1493 ἀναγκαίως
2810 1427 2844 1496 ἠ
2887 1424 3020 1495 εὐχὴ
3058 1425 3156 1495 τῆς
3195 1423 3517 1493 προσευχῆς
3560 1420 3774 1490 πρητή-

2215 1531 2388 1568 σεται.

527 1610 763 1674 oportet,
837 1619 935 1673 per
984 1606 1288 1658 orationem
1364 1601 1864 1657 remunerationem
1920 1601 2262 1671 accipiendo.
2331 1605 2568 1661 Proinde
2633 1605 2790 1677 quasi
2855 1604 3192 1674 colloquium
3257 1617 3383 1656 cum
3426 1601 3634 1655 ﬁducia
3688 1599 3793 1652 fierii

527 1713 639 1751 non
672 1697 882 1766 possit,
915 1697 1023 1750 nisi
1064 1711 1158 1766 per
1199 1695 1519 1766 praecedens
1570 1694 1793 1759 aliquod
1839 1702 2028 1748 votum
2079 1701 2136 1748 et
2195 1694 2423 1764 donum,
2480 1699 2667 1755 aditus
2707 1698 2887 1754 iactus
2939 1698 3035 1760 sit,
3079 1696 3401 1752 necessario
3456 1703 3648 1748 votum
3683 1706 3778 1746 on-

529 1790 730 1842 tionem
764 1785 1053 1855 przccedet.

599 1879 768 1944 Quasi
787 1878 952 1946 igitur
968 1878 1080 1947 jam
1103 1877 1206 1932 hoc
1229 1877 1540 1933 confectum
1568 1885 1734 1942 esset,
1760 1877 2022 1932 Dominus
2043 1875 2112 1931 ad
2142 1882 2186 1938 Β

528 1968 825 2038 discipulos
860 1968 936 2021 ait
964 1985 979 2023 :
1016 1967 1148 2022 Cum
1177 1969 1370 2030 oratis,
1404 1967 1563 2022 dicite
1585 1984 1604 2020 :
1627 1967 1786 2021 Pater
1808 1977 2005 2027 noster.
2025 1967 2114 2037 qui

528 2079 582 2117 es
605 2062 661 2115 in
680 2060 824 2114 cretis
844 2060 910 2112 ³⁵.
935 2089 1008 2100 —
1030 2059 1161 2124 Quis
1182 2059 1328 2112 dabit
1351 2060 1481 2112 mihi
1497 2061 1612 2113 alas
1643 2069 1894 2130 tauquam
1916 2060 2117 2112 colum-

531 2153 1050 2222 baz?inquitalicubi
1081 2167 1311 2221 magnus
1335 2153 1425 2206 ille
1451 2151 1624 2206 David
1676 2154 1730 2206 in
1760 2153 1994 2210 Psalmis
2035 2153 2114 2206 ³⁵ε

529 2247 765 2302 dixerim
793 2246 957 2302 etiam
994 2245 1134 2315 ipse,
1166 2261 1352 2315 parem
1400 2259 1591 2299 vocem
1619 2245 1868 2300 emittere
1895 2260 2062 2301 ausus
2100 2266 2114 2300 :

531 2339 667 2406 Quis
726 2339 877 2394 dabit
908 2339 1041 2392 mihi
1076 2340 1192 2392 alas
1219 2339 1344 2392 illas
1372 2339 1438 2391 ad
1491 2338 1614 2401 hoc,
1647 2345 1707 2390 ut
1745 2338 1948 2406 possim
2009 2353 2116 2392 una

531 2447 658 2485 cum
693 2428 1035 2485 sublimitate
1092 2429 1422 2498 prrestantiae
1481 2428 1894 2497 majestatisque
1922 2429 2120 2483 verbo-

533 2537 656 2576 rum
685 2529 869 2575 mente
892 2520 1202 2586 subvolare,
1233 2526 1292 2572 ut
1316 2527 1521 2574 terram
1542 2518 1762 2588 quidem
1789 2535 2008 2573 omnem
2042 2535 2123 2574 re-

534 2614 802 2683 linquam,
832 2620 1223 2682 transeamque
1250 2627 1466 2666 omnem
1501 2626 1686 2666 aerem
1717 2611 1773 2664 in
1808 2611 1994 2664 medio
2025 2610 2118 2665 l‘u—

535 2721 684 2768 sum,
719 2719 987 2773 assequar
1016 2711 1198 2757 autem
1231 2703 1523 2757 aetheream
1549 2701 2042 2772 pulchritudinem,
2069 2711 2124 2756 et

536 2797 604 2850 ad
655 2797 836 2851 sidera
869 2795 1122 2859 evadam,
1185 2802 1240 2847 et
1308 2807 1524 2848 omnem
1569 2794 1624 2847 in
1697 2792 1766 2848 iis
1813 2793 2004 2848 ordine
2059 2808 2125 2846 ac

536 2889 751 2943 ratione
789 2886 1061 2957 digestum
1118 2893 1372 2938 ornatum
1430 2884 1762 2954 inspiciam,
1817 2898 1882 2937 ac
1943 2898 2014 2938 ne
2067 2884 2124 2937 in

538 2980 626 3034 liis
675 2979 896 3050 quidem
954 2979 1290 3041 consistam,
1350 2977 1447 3032 sed
1508 2977 1625 3031 haec
1677 2977 1843 3031 etiam
1895 2990 2119 3046 percur-

538 3087 681 3136 ram,
703 3080 759 3127 et
781 3079 937 3126 extra
961 3070 1166 3131 omnia,
1199 3084 1320 3140 qua:
1341 3076 1396 3124 et
1423 3075 1714 3124 moventur
1735 3075 1792 3122 et
1817 3075 2123 3132 mutantur,

539 3162 788 3224 evadam,
833 3169 996 3230 atque
1031 3161 1284 3216 stabilem
1319 3173 1585 3229 assequar
1616 3166 1868 3212 naturam
1925 3173 1990 3212 ac
2023 3172 2123 3228 po-

2297 1877 2384 1940 Ὠς
2404 1872 2496 1930 οὖν
2524 1877 2624 1948 ήδη
2646 1877 2838 1930 τούτου
2861 1873 3322 1946 κατορθωθέντος,
3347 1871 3488 1944 φησὶ
3523 1869 3660 1940 πρὸς
3684 1870 3778 1928 cui;

2218 1970 2468 2041 μαθητὰς
2509 1972 2537 2024 ὁ
2577 1970 2780 2040 Κύριος
2805 1988 2818 2001 ·
2869 1970 3056 2022 ’Ὅταν
3095 1966 3551 2034 προσεύχησθε,
3581 1961 3775 2027 ,λέγετε-

2215 2063 2405 2131 Πάτερ
2442 2060 2633 2131 ἡμῶν,
2663 2064 2696 2114 ό
2733 2062 2801 2113 ἐν
2828 2059 2953 2125 τοῖς
2978 2057 3361 2126 οὐρανοῖς-,σ-
3380 2055 3480 2120 Τίς
3509 2053 3683 2106 δώσει
3699 2065 3778 2119 μοι

2217 2154 2514 2224 πτέρυγας
2559 2153 2703 2206 ὡσεὶ
2745 2148 3138 2220 περιστερᾶς;
3184 2147 3318 2218 φησι
3359 2164 3464 2200 που
3499 2146 3600 2214 τῆς
3635 2143 3781 2209 ψαλμ-

2216 2248 2378 2319 ῳδξας
2407 2250 2435 2300 ὁ
2466 2247 2638 2316 μέγας
2667 2244 2857 2298 Δαὸίδ·
2897 2244 3107 2313 εἴποιμι
3135 2241 3179 2294 δ’
3200 2240 3266 2294 ἂν
3288 2239 3386 2292 καὶ
3412 2237 3585 2297 αὐτὸς
3616 2235 3783 2303 colui-

2219 2359 2320 2405 σας
2347 2340 2446 2412 τὴν
2482 2339 2602 2409 ῐσην
2637 2338 2852 2408 φωνήν·
2885 2337 2982 2399 Τίς
3017 2332 3175 2387 δώσει
3210 2350 3299 2404 μοι
3354 2330 3637 2400 πτέρυγας
3663 2326 3781 2377 ἑκεί-

2217 2450 2335 2496 νας,
2367 2431 2503 2503 πρὸς
2529 2429 2592 2483 τὸ
2633 2427 2928 2499 δυνηθῆναι
2971 2425 3050 2496 τῷ
3096 2425 3221 2495 ὕψει
3261 2424 3365 2494 τῆς
3405 2423 3520 2474 τῶν
3554 2418 3784 2491 ῥημάτων

2223 2523 2592 2596 μεγαλοφυῒας
2643 2522 3051 2591 συναναπτῆναι
3105 2517 3253 2572 κατὰ
3309 2517 3593 2579 διάνοιαν;
3645 2513 3784 2563 ’Ππε

2221 2617 2545 2670 καταλιπεῖν
2576 2615 2674 2685 μὲν
2694 2615 2794 2685 τὴν
2827 2613 2932 2684 γῆν
2955 2613 3155 2675 πᾶσαν,
3179 2607 3515 2681 διαπερᾶσαι
3547 2622 3605 2657 τε
3634 2607 3781 2655 πάντα

2220 2710 2312 2762 τὸν
2343 2713 2400 2762 ἐν
2433 2709 2585 2780 μέσῳ
2606 2708 2906 2779 κεχυμένον
2928 2707 3065 2779 ἀέρα
3083 2723 3096 2736 ·
3123 2703 3455 2759 καταλαϐεῖν
3479 2702 3539 2755 δέ
3573 2701 3631 2752 τὸ
3658 2698 3776 2750 αἰθέο

2225 2819 2339 2873 ριον
2374 2801 2589 2864 κάλλος.
2642 2800 2738 2854 καὶ
2775 2800 2868 2853 ἐπὶ
2895 2800 2965 2852 τὰ
2997 2799 3173 2871 ἄστρα
3223 2796 3454 2866 φθάσαι,
3496 2793 3593 2847 καὶ
3631 2791 3782 2843 πᾶσαν

2222 2893 2320 2964 τὴν
2347 2893 2404 2946 ἐν
2429 2893 2612 2954 αὐτοῖς
2639 2889 2996 2960 διακόσμησιν
3028 2886 3267 2942 κατιδεῖν
3293 2903 3306 2916 ’
3342 2883 3541 2952 στῆναι
3581 2881 3636 2934 δὲ
3671 2877 3780 2949 μηδὲ

2225 2987 2284 3038 ἐν
2312 2983 2544 3048 τούτοις,
2574 2982 2710 3037 ἀλλὰ
2734 2981 3019 3048 διεξελθεῖν
3041 2979 3136 3033 καὶ
3166 2978 3255 3031 διὰ
3287 2976 3520 3036 τούτων,
3551 2973 3642 3026 καὶ
3671 2969 3780 3022 πάνυ

2223 3096 2334 3132 των
2361 3077 2472 3130 τῶν
2504 3075 2838 3143 κινουμένων
2867 3073 2963 3127 καὶ
3003 3068 3425 3142 μεθισταμένων
3485 3064 3636 3126 ἐκτὸς
3663 3060 3780 3130 γενέ·

2229 3172 2376 3234 σθαι.
2409 3171 2505 3225 καὶ
2537 3167 2862 3222 καταλαϐεῖν
2881 3166 2981 3238 τὴν
3010 3162 3254 3216 ἐστῶσαν
3281 3160 3472 3230 φύσιν,
3489 3159 3586 3228 τὴν
3612 3158 3784 3225 datra-

541 3253 767 3308 tentiam
805 3251 1162 3316 immobilem,
1204 3259 1259 3305 et
1308 3249 1363 3304 in
1391 3250 1573 3318 seipsa
1627 3257 1911 3312 statutam,
1936 3249 2121 3312 ﬁxam,

2233 3222 2730 3335 δύναμιν,
2761 3258 2860 3329 τὴν
2887 3222 2980 3327 ἀῷν
3021 3255 3219 3324 ἐαυτῆς
3264 3222 3681 3322 καθιδρυμένην,
3703 3243 3785 3311 τὴν

541 3343 822 3398 fundatam
852 3350 1016 3411 atque
1041 3340 1334 3405 lirmatam,
1366 3343 1552 3394 omnia
1582 3339 1871 3394 ducentem
1927 3338 2130 3409 pariter

545 3432 981 3503 atquel‘erentem
995 3446 1335 3501 quaecunque
1352 3431 1647 3494 exsistunt,
1664 3430 2129 3500 omnia,inquam,

543 3541 669 3596 qua:
720 3525 790 3579 ab
832 3522 1188 3578 inenarrabili
1247 3523 1530 3577 voluntate
1585 3523 1786 3578 divina:
1845 3523 2132 3593 sapientiae

545 3618 814 3691 pendent;
845 3625 904 3671 ut
931 3619 997 3672 ab
1027 3616 1286 3686 omnibus
1307 3631 1428 3685 quae
1449 3618 1725 3672 alternant
1753 3626 1808 3671 et
1831 3626 2132 3676 mutantur,

547 3727 730 3768 mente
764 3713 957 3781 procul
1015 3719 1286 3774 remotus,
1340 3711 1397 3764 in
1454 3710 1780 3765 immutabili
1830 3712 2035 3782 pariter
2081 3719 2134 3767 et

547 3805 812 3860 immobili
843 3804 1037 3857 animae
1069 3811 1214 3858 statu
1245 3818 1390 3866 eum,
1427 3803 1521 3874 qui
1573 3817 1676 3858 nec
1704 3804 1927 3866 mutari,
1950 3818 2049 3858 nec
2079 3804 2134 3857 in

549 3900 781 3954 alterum
819 3897 1054 3966 perverti
1115 3905 1315 3966 potest,
1356 3913 1454 3967 per
1487 3897 1654 3951 animi
1693 3896 2022 3951 sententiam
2052 3905 2136 3949 at-

551 4005 660 4060 que
695 3988 963 4058 judicium
1021 3989 1174 4056 prius
1231 3988 1519 4043 conciliem
1563 3995 1618 4043 et
1657 3986 1982 4041 familiarem
2013 3987 2139 4042 red-

553 4082 680 4136 dam
708 4081 935 4136 :deinde
962 4096 1089 4136 vero
1119 4082 1354 4136 maxime
1385 4080 1640 4134 familiari
1670 4091 1723 4134 et
1743 4079 1918 4133 amica
1949 4079 2139 4149 appel-

552 4173 758 4227 latione
787 4174 1033 4227 invocem
1056 4188 1119 4227 ac
1133 4172 1308 4226 dicam
1332 4192 1346 4228 :
1368 4171 1564 4226 Pater?
1586 4170 1723 4226 Nam
1751 4171 1900 4242 quali
1934 4171 2138 4225 dicenti

555 4280 695 4332 opus
721 4265 1034 4320 estanimol
1075 4273 1275 4332 quanta
1313 4264 1544 4318 tiducia!
1586 4265 1735 4333 quali
1760 4265 2136 4320 conscientia!

555 4366 618 4413 ut
655 4359 747 4413 ubi
780 4357 972 4421 Deum,
1022 4356 1203 4427 quoad
1243 4356 1365 4426 ejus
1403 4357 1520 4411 ﬁeri
1554 4364 1756 4426 potest,
1799 4373 1896 4425 per
1923 4372 2017 4412 eas
2048 4371 2145 4426 ap-

557 4456 884 4525 pellationes
911 4469 1034 4524 qua:
1064 4455 1118 4506 in
1155 4453 1248 4506 illo
1287 4452 1826 4516 animadvertuntur,
1881 4453 1951 4507 ad
1982 4453 2146 4507 intel-

556 4549 762 4603 lectum
828 4545 1223 4602 inenarrabilis
1280 4545 1466 4616 gloriae
1521 4545 1680 4616 quasi
1746 4547 2140 4610 manuductus,

557 4649 742 4695 mente
775 4640 1097 4708 conceperit
1131 4649 1296 4710 atque
1330 4639 1611 4706 didicerit,
1637 4638 1784 4709 quod
1817 4638 2005 4693 divina
2038 4655 2138 4692 na-

557 4745 707 4797 tura,
738 4733 1112 4803 quodcunque
1141 4732 1362 4786 tandem
1404 4746 1469 4787 ea
1505 4732 1578 4786 sit
1609 4733 1752 4800 ipsa,
1785 4731 2006 4787 bonitas
2045 4732 2139 4793 sit,

559 4825 954 4888 sanctimonia,
1005 4826 1328 4891 exsultatio,
1371 4826 1642 4895 potentia,
1675 4825 1872 4895 gloria,
1906 4825 2138 4894 puritas,

558 4917 863 4981 :eternitas,
897 4931 1116 4987 semper
1145 4915 1337 4971 eodem
1369 4916 1530 4970 modo
1555 4925 1718 4986 atque
1737 4917 1995 4970 similiter
2019 4932 2142 4971 sese

562 5008 811 5064 habens:
845 5023 909 5063 ac
938 5024 1284 5078 quascunque
1325 5009 1455 5063 talia
1498 5011 1651 5064 circa
1681 5010 1924 5064 divinam
1975 5019 2139 5063 natu.

564 5115 682 5154 ram
715 5100 1120 5171 intelliguntur,
1165 5115 1289 5154 cum
1321 5109 1375 5154 et
1412 5100 1760 5170 perdivinam
1797 5101 2144 5170 Scripturam

564 5207 631 5246 ac
659 5192 915 5262 proprias
941 5191 1301 5260 cogitationes
1331 5191 1803 5258 animadverterit,
1837 5195 2033 5248 deinde
2068 5205 2146 5248 ta-

564 5285 673 5339 lem
709 5283 962 5337 emittere
987 5297 1202 5348 vocem,
1246 5292 1301 5338 et
1330 5300 1478 5343 eum,
1531 5285 1626 5356 qui
1663 5285 1791 5340 talis
1844 5286 1936 5348 sit,
1987 5301 2145 5341 suum

567 5383 780 5442 patrem
830 5373 1119 5428 nominare
1185 5377 1418 5432 audeat?
1441 5376 1806 5448 Perspicuum
1847 5388 1933 5434 est
1975 5382 2146 5444 enim,

570 5467 716 5535 quod
744 5465 791 5519 si
834 5466 1072 5536 alicujus
1126 5468 1507 5540 intelligentia:
1548 5472 1827 5542 particeps
1874 5473 1967 5540 sit,
2040 5488 2148 5526 non

572 5571 812 5610 ausurus
835 5557 928 5621 sit,
986 5574 1112 5612 cum
1149 5574 1256 5614 non
1285 5561 1477 5616 eadem
1533 5562 1697 5618 etiam
1744 5564 1798 5618 in
1845 5578 1907 5620 se
1937 5575 2148 5634 cernat,

646 5736 693 5772 “
731 5736 919 5790 Matth.
954 5752 1028 5798 vi,
1059 5737 1114 5790 9.
1192 5739 1235 5771 ³⁵
1275 5737 1418 5793 Psal.
1451 5752 1558 5803 LIV,
1594 5739 1644 5792 7.

2232 3357 2409 3411 πάντα
2427 3353 2666 3422 ᾶγουσάν
2692 3369 2752 3404 τε
2776 3351 2868 3404 καὶ
2890 3347 3182 3419 φέρουσαν,
3207 3345 3309 3397 ὅσα
3328 3344 3389 3396 ἐν
3417 3342 3498 3412 τῷ
3523 3335 3651 3392 εἷναὶ
3672 3339 3780 3390 ἐστι.

2235 3449 2412 3503 πάντα
2460 3447 2529 3500 τὰ
2554 3445 2648 3499 τοῦ
2672 3444 2950 3514 ἀφράστου
2976 3439 3277 3509 θελήματος
3308 3435 3412 3505 τῆς
3448 3433 3596 3495 θείας
3627 3428 3793 3496 σει-τείας

2236 3541 2437 3611 ἐξηρτη
2447 3540 2606 3609 μένα·
2629 3537 2769 3590 ὥστε
2791 3534 3010 3588 πάντων
3040 3530 3250 3584 ἁλλοιου
3259 3527 3441 3598 μένων
3458 3542 3520 3578 τε
3553 3523 3643 3576 καὶ
3684 3518 3793 3608 μεθ-η

2240 3631 2541 3702 ισταμένων
2581 3629 2771 3700 πόρρω
2801 3628 2868 3697 τῇ
2894 3625 3103 3695 διανοίᾳ
3127 3621 3444 3692 γενόμενος,
3481 3620 3540 3670 ἐν
3572 3614 3793 3683 ἀτρέπτῳ

2235 3742 2294 3778 τε
2325 3725 2420 3777 καὶ
2452 3721 2662 3776 άκλινεῖ
2687 3722 2754 3791 τῇ
2782 3720 2885 3790 τῆς
2926 3716 3105 3788 ψυχῆς
3149 3711 3510 3775 καταστάσει,
3542 3707 3629 3760 τὸν
3661 3707 3779 3772 ἇτρεο

2236 3834 2369 3870 πτον
2416 3814 2511 3868 καλ⁵
2557 3811 2916 3866 ἀναλλοίωτον
2945 3809 3034 3864 διὰ
3070 3809 3168 3878 τῆς
3194 3803 3424 3875 γνώμης
3449 3801 3697 3872 πρότερον
3722 3795 3778 3846 οὶ-

2237 3904 2590 3966 κειώσασθαι,
2653 3898 2751 3954 εἷθ’
2802 3899 2946 3953 οὕτω
2997 3899 3065 3968 τῇ
3126 3893 3437 3962 οἱκειοτάτῃ
3487 3882 3777 3960 rapam"???

2239 3994 2668 4050 ἐπικαλέσασθαι
2731 3991 2821 4046 καὶ
2882 3991 3076 4052 εἰπεῖν,
3138 3985 3370 4053 Πάτερ;
3417 3983 3554 4045 Οῖας
3600 3978 3692 4047 vi?
3724 3988 3782 4039 εν

2237 4089 2447 4158 λέγοντι
2509 4086 2667 4158 χρεία
2723 4083 2930 4154 ψυχῆςῑ
2979 4083 3112 4150 ὅσης
3172 4078 3272 4147 τῆς
3315 4071 3654 4147 παρῤησεκῖ
3693 4066 3778 4122 57-1;

2239 4183 2340 4252 τῆς
2374 4181 2727 4251 συνειδήσεως
2751 4177 2764 4228 ι
2786 4177 2904 4229 ’Ὶνα
2938 4173 3070 4226 Θεὸν
3095 4171 3313 4241 νοήσας,
3337 4168 3413 4230 ὼς
3445 4167 3563 4219 ἐστι
3584 4158 3770 4252 δυνατῷ,

2241 4276 2307 4328 ἐκ
2331 4275 2439 4327 τῶν
2482 4271 2881 4340 ἐπινοουμένων
2930 4266 3080 4336 αὐτῷ
3116 4256 3678 4337 προσηγοριῶνμπρὸς

2245 4367 2459 4421 σύνεσιν
2490 4367 2588 4436 τῆς
2638 4363 2918 4432 ἀφράστου
2964 4359 3121 4428 δόξης
3163 4353 3678 4428 χειραγωγούμενος,
3709 4339 3776 4391 καὶ

2249 4458 2436 4530 μαθὼν
2467 4458 2600 4525 ὃτιή
2636 4455 2755 4508 θεία
2783 4452 2965 4522 φύσις,
2998 4451 3027 4503 ὅ
3059 4449 3112 4501 τί
3154 4447 3285 4500 ποτέ
3318 4447 3472 4497 ἐστιν
3506 4441 3643 4502 αὐτὸ,
3675 4437 3775 4497 ἐτι·

2173 4583 2218 4638 D
2249 4526 2410 4622 θύτης
2465 4549 2630 4612 ἐστὶν,
2680 4544 2971 4615 ἁγιασμὸς,
3017 4541 3352 4611 ἀγαλλίαμα,
3388 4537 3633 4638 δύναμις,
3667 4526 3778 4630 ξ’ἓξιν

2249 4620 2577 4714 καθαρότης,
2610 4639 2869 4710 ὰῖδιότης,
2902 4637 2988 4690 ἀεὶ
3016 4634 3158 4688 κατὰ
3180 4633 3248 4686 τὰ
3276 4629 3416 4685 αὐτὰ
3449 4631 3542 4683 καὶ

2251 4737 2448 4807 ἔχουσα
2471 4776 2485 4796 .
2521 4735 2615 4786 καὶ
2661 4732 2762 4784 ὅσα
2820 4728 3043 4782 τοιαῦτα
3093 4725 3342 4794 νενόηται
3380 4720 3513 4790 περὶ
3555 4716 3642 4782 τὴν
3669 4711 3776 4812 θειαν

2252 4832 2434 4901 φύσιν,
2464 4829 2553 4882 διά
2576 4845 2635 4880 τε
2667 4827 2764 4896 τῆς
2793 4823 2942 4885 θείας
2970 4819 3196 4892 Γραφῆς
3242 4817 3336 4869 καὶ
3362 4813 3474 4866 τῶν
3502 4807 3701 4906 οἰκείων.
3717 4813 3775 4848 I19-

2251 4923 2466 4995 γισμῶν
2519 4919 2884 4989 κατανοήσας,
2934 4909 3056 4967 εἶτα
3102 4910 3365 4980 τολμήσει
3425 4905 3774 4995 xiv-10:12:!"

2253 4989 2514 5088 ἐτρίῖέσθαι
2555 5009 2760 5080 φωνὴν,
2811 5006 2905 5060 καὶ
2955 5003 3050 5056 τὸν
3082 4999 3324 5054 τοιοῦτον
3378 4989 3570 5047 ἐαυτοῦ
3606 4995 3772 5084 κατοίκ-

2253 5078 2424 5179 μάσαι
2455 5078 2705 5176 πατέρα,
2742 5101 2911 5171 Δῆλον
2938 5097 3070 5167 γὰρ»
3105 5095 3189 5146 δτι
3213 5092 3262 5143 εἰ
3301 5088 3520 5159 μετέχοι

2252 5199 2421 5261 νοίας,
2469 5197 2569 5250 οὐκ
2614 5194 2679 5247 ἂν
2731 5193 3024 5263 θαρσήσειε
3075 5187 3148 5258 μὴ
3191 5184 3262 5237 τὰ
3291 5179 3432 5234 αὐτὰ
3473 5175 3562 5230 καὶ
3587 5173 3635 5224 ἐν
3665 5175 3769 5266 αυοτεέ

2256 5289 2487 5360 βλέπων,
2525 5285 2738 5355 ἐκείνην
2762 5281 3022 5354 προέσθαι
3047 5277 3182 5350 πρὸς
3209 5274 3302 5327 τὸν
3335 5269 3473 5323 Θεὸν
3505 5266 3595 5334 τὴν
3620 5269 3766 5360 atme

2253 5356 2346 5437 ita).
2367 5383 2560 5434 εἰπεῖν·
2587 5377 2799 5446 Πάτερ.
2818 5375 2928 5444 Τῆς
2950 5373 3058 5442 γὰρ
3084 5368 3327 5438 πονηρᾶς
3350 5356 3649 5434 πράξεωςψτ
3671 5356 3766 5446 ἀῖξ·

2246 5475 2339 5538 θδς
2387 5471 2530 5527 κατά
2585 5470 2682 5541 τὴν
2734 5466 2945 5528 οὐσίαν,
3000 5463 3183 5531 πατὴρ
3238 5454 3497 5548 γενέσθαι

2248 5568 2362 5639 ἔχει
2380 5581 2395 5598 ·
2426 5565 2549 5620 οὗτε
2580 5539 2677 5619 τού
2709 5559 2851 5616 κατὰ
2880 5558 2971 5613 τὸν
3001 5555 3113 5626 βίον
3142 5539 3611 5622 βεϐηλωθέντος,’ΰ
3633 5539 3741 5599 Et?"

3653 298 3738 353 nu
3792 257 3793 260 γ
