3812 6228
79 396 204 457 ΠΗ

1031 400 1120 456 DE
1159 401 1511 458 ORATIONE
1552 397 1898 457 DOMINICA.
1937 430 2005 440 —-
2045 397 2304 455 ORATIO
2338 397 2407 456 Ῑῐ.

3210 399 3351 457 1142

78 517 198 572 οὗτε
240 518 338 574 τοῦ
378 518 868 590 περιτρεπομένου,
919 518 949 572 6
991 518 1378 582 ἀναλλοίωτοςο
1414 517 1538 572 οὔτε
1578 519 1654 571 τοῐ

1779 517 1921 570 illam
1953 532 2141 570 vocem
2173 516 2241 570 ad
2283 514 2454 570 Deum
2489 515 2765 579 emittere,
2825 530 2887 569 ac
2922 515 3127 584 dicere,
3162 515 3346 575 Pater.

75 610 438 681 vexptoﬁév-co;
479 609 540 674 ἐξ
594 610 893 680 ἁμαρτίας,
927 609 956 661 ὁ
995 609 1176 680 πατὴρ
1204 611 1300 680 τῆς
1335 610 1512 681 ζωῆς
1538 608 1663 663 οὔτε

79 701 182 752 τῶν
219 703 278 753 ἐν
333 703 446 763 τοῖς
499 699 696 753 πάθεσι
741 699 840 769 τῆς
876 699 1098 770 ἀτιμίας
1130 699 1601 770 άσχημονούντων,
1636 700 1665 750 6

79 793 319 864 καθαρὸς
343 792 436 844 καὶ
467 793 741 862 ἀκήρατος
767 807 781 821 ο
810 789 934 843 οὔτε
964 791 1058 844 τοῦ
1087 791 1430 854 πλεονέκτου,
1459 793 1486 844 6
1506 790 1654 862 εὐερ-

81 885 242 955 γέτης
267 901 283 915 ·
308 883 429 937 οὗτε
454 885 590 946 ὅλως
611 882 721 936 τῶν
759 883 816 935 ἐν
850 900 955 936 τινι
991 883 1150 954 κακῷ
1185 884 1609 956 εὑρισκομένων,
1637 885 1666 936 6

77 976 129 1027 ἐν
158 976 332 1029 παντὶ
363 975 550 1046 ἀγαθῷ
580 975 975 1047 θεωρούμενος.
1026 976 1090 1028 Εἰ
1122 975 1229 1047 γάρ
1264 993 1348 1039 τις
1373 975 1508 1044 πρὸς
1543 977 1666 1028 ἐαυ-

77 1067 159 1119 τὸν
185 1066 405 1137 βλέπων
455 1067 534 1120 ἔτι
580 1067 880 1138 καθαρσίου
921 1067 1193 1138 δεόμενος,
1239 1068 1334 1121 καὶ
1387 1066 1667 1149 μοχθηρὰν

78 1157 271 1210 ἑαυτοῦ
321 1157 624 1228 συνείδησιν
673 1157 1054 1226 ἐπιγινώσκων
1088 1156 1270 1229 πλήρη
1316 1156 1546 1229 κηλίδων
1575 1155 1668 1210 καὶ

79 1249 332 1320 πονηρῶν
352 1249 734 1319 ἐγκαυμάτων,
761 1250 892 1318 πρὶν
913 1249 1254 1321 καθαρθῆναι
1273 1249 1382 1302 τῶν
1410 1247 1668 1302 τοιούτων

75 1359 129 1395 τε
158 1343 260 1396 καὶ
275 1341 546 1395 τοσούτων
567 1341 777 1404 κακῶν,
795 1342 930 1412 πρὸς
963 1341 1061 1412 τὴν
1087 1341 1181 1394 τοῦ
1197 1340 1332 1394 Θεοῦ
1349 1340 1669 1409 συγγένειαν

76 1433 265 1486 ἑαυτὸν
325 1435 576 1498 είσποιοῖ,
638 1434 731 1486 καὶ
788 1432 966 1501 λέγοι,
1018 1432 1230 1502 Πάτερ,
1273 1433 1352 1504 τῷ
1409 1433 1602 1503 δικαίῳ
1640 1435 1669 1486 6

74 1528 278 1589 ἄδικος,
307 1526 386 1596 τῷ
419 1526 646 1596 καθαρῷ
669 1527 698 1578 ὁ
726 1525 1071 1597 ἀκάθαρτος·
1118 1524 1273 1598 ὕϐρις
1313 1527 1571 1596 ἄντικρυς
1603 1524 1668 1579 ἂν

75 1619 151 1688 εἴη
178 1619 282 1671 καὶ⁵
313 1617 551 1688 λοιδορία
598 1618 665 1671 τά
693 1619 935 1689 ῥήματα,
970 1619 1127 1690 εἴπερ
1161 1617 1263 1687 τῆς
1297 1618 1432 1680 ἰδίας
1465 1617 1670 1689 μοχθη-

77 1709 194 1778 ρίας
228 1709 446 1779 πατέρα
477 1711 569 1761 τὸν
621 1695 754 1761 Θεὸν
797 1707 1074 1778 ὀνομάζοι.
1120 1709 1184 1761 Ἦ
1209 1709 1316 1780 γὰρ
1343 1708 1437 1762 τοῦ
1465 1709 1669 1781 πατρὸς

75 1799 248 1870 φωνὴ,
277 1800 377 1869 τὴν
409 1801 588 1854 αἰτίαν
612 1799 707 1854 τοῦ
731 1799 790 1864 ἐξ
817 1800 983 1854 αὐτοῦ
1008 1800 1341 1864 ὑποστάντος
1381 1801 1671 1874 διασημαί-

1772 607 1906 663 Nam
1941 608 2200 679 improba:
2225 608 2528 663 voluntatis
2559 616 2726 678 atque
2758 608 3024 678 propositi
3043 616 3199 676 pater
3228 623 3354 664 esse

1774 699 1843 764 is,
1877 699 1971 770 qui
2003 715 2103 754 sua
2138 708 2337 754 natura
2369 700 2544 754 bonus
2575 685 2681 761 est,
2739 700 3065 754 naturaliter
3095 716 3205 753 non
3250 714 3353 769 po-

1775 797 1881 844 test
1910 811 1923 846 :
1962 807 2139 860 neque
2170 791 2278 844 vita
2307 791 2688 856 contaminati,
2720 798 2946 846 sanctus
2971 809 2984 844 :
3005 807 3186 860 neque
3208 791 3353 861 ejus,

1773 884 1866 953 qui
1896 883 2004 938 huc
2031 884 2161 938 illuc
2193 883 2611 954 circumagitur,
2640 883 2684 937 is
2699 883 2790 952 qui
2819 884 2962 938 alius
2993 883 3109 936 lteri
3130 897 3195 936 ac
3229 899 3353 936 mu-

1777 977 1880 1030 tari
1922 991 2030 1030 non
2073 983 2255 1046 potest
2299 991 2522 1046 :neque
2568 975 2884 1029 mortiﬁcati
2925 991 3020 1044 per
3048 983 3353 1043 peccatum,

1775 1074 1932 1136 pater
1953 1066 2113 1128 vitae;
2146 1081 2328 1134 neque
2349 1081 2566 1130 eorum,
2611 1066 2707 1134 qui
2757 1068 2905 1121 vitiis
2966 1065 3253 1136 probrosis
3300 1074 3358 1121 et

1774 1156 2159 1226 ignominiosis
2218 1156 2442 1226 impulsi
2487 1156 2666 1224 turpia
2723 1157 3098 1219 committunt,
3165 1157 3213 1213 is
3259 1156 3359 1227 qui.

1774 1264 1947 1319 purus
1974 1260 2027 1304 et
2063 1249 2273 1319 integer
2297 1259 2406 1316 est;
2439 1265 2616 1318 neque
2637 1253 2785 1304 avari
2818 1259 2870 1305 et.
2910 1251 3168 1320 raptoris,
3191 1251 3356 1304 bene-

1775 1342 1988 1411 factor;
2025 1359 2127 1398 nec
2155 1359 2343 1398 eorum
2376 1343 2635 1414 denique,
2660 1345 2754 1414 qui
2781 1346 2835 1398 in
2869 1345 3055 1413 aliquo
3088 1344 3233 1397 malo
3260 1342 3356 1398 de-

1775 1433 2215 1506 prehenduntur,
2251 1435 2298 1490 is
2332 1435 2428 1506 qui
2461 1437 2514 1490 in
2537 1436 2686 1490 omni
2726 1437 2872 1491 bono
2912 1437 3159 1490 cernitur
3191 1443 3356 1505 atque

1775 1527 2180 1590 consideratur,
2217 1541 2417 1597 parens
2445 1542 2570 1583 esse
2599 1535 2803 1598 potest.
2840 1528 2980 1581 Nam
3009 1527 3054 1582 si
3100 1528 3224 1595 quis
3258 1542 3356 1580 ex—

1779 1619 2021 1690 piatione
2055 1619 2217 1674 etiam
2248 1633 2396 1673 nunc
2437 1634 2579 1690 opus
2627 1619 2860 1682 habens,
2901 1619 3142 1688 seipsum
3186 1617 3359 1686 inspi-

1776 1709 1951 1775 ciens,
1995 1719 2050 1766 et
2082 1710 2342 1764 vitiosam
2392 1710 2789 1766 conscientiam
2839 1725 2995 1765 suam
3047 1724 3358 1779 agnoscens

1740 1811 1748 1815 ’
1777 1802 1991 1872 plenam
2031 1802 2286 1866 maculis,
2318 1811 2373 1857 et
2406 1803 2677 1858 scelerum
2713 1801 2861 1857 notis
2895 1801 3141 1870 injustis,
3175 1800 3358 1872 prius-

72 1908 167 1944 νει.
205 1890 422 1944 Οὐκοῦν
453 1892 481 1944 ὁ
519 1891 792 1962 μοχθηρὸς
836 1891 938 1962 τὴν
989 1891 1312 1962 συνείδησιν,
1369 1892 1418 1944 εξ
1459 1892 1654 1963 πατέρι

1779 1910 1940 1965 quam
1973 1909 2000 1947 a
2033 1902 2117 1949 tot
2161 1894 2442 1965 tantisque
2468 1895 2631 1950 malis
2661 1904 3002 1964 expurgatus
3041 1893 3134 1956 sit,
3174 1907 3232 1947 se
3260 1890 3358 1946 Dei

72 1983 270 2038 ἑαυτοῦ
305 1983 396 2036 τὸν
422 1983 557 2038 Θεὸν
585 1983 754 2052 λέγει,
788 1984 938 2036 οὐδὲν
959 1984 1145 2055 ἕτερον
1180 1985 1212 2055 ἢ
1252 1984 1362 2037 τῶν
1395 1984 1538 2038 ἰδίων
1565 2001 1666 2038 κα·-

73 2075 177 2127 κῶν
213 2074 461 2146 ἀρχηγόν
492 2091 550 2126 τε
574 2075 670 2127 καὶ
713 2074 885 2126 αἴτιον
922 2075 1085 2128 αὑτὸν
1109 2069 1249 2126 εἶναι
1277 2075 1664 2145 κατηγορήσει.

82 2166 240 2219 Ἀλλ’
266 2165 469 2231 οὐδεὶς
504 2167 785 2219 κοινωνία
811 2167 958 2234 φωτί
985 2167 1135 2235 πρὸς
1167 2168 1410 2232 σκότος,
1452 2166 1619 2238 φησὶν
1641 2169 1670 2220 6

84 2258 417 2321 Ἀπόστολος
441 2273 455 2287 °
481 2258 617 2312 ἀλλά
659 2258 738 2328 τῷ
765 2259 904 2328 φωτὶ
937 2261 1052 2328 φῶς
1082 2258 1545 2329 προσοικειοῖηαι,
1575 2259 1670 2312 καὶ

71 2348 146 2418 τῷ
210 2347 412 2419 δικαίῳ
469 2349 528 2402 τὸ
589 2349 825 2416 δίκαιον,
877 2350 969 2402 καὶ
1018 2349 1096 2419 τῷ
1157 2349 1308 2419 καλῷ
1358 2350 1420 2403 τὸ
1466 2349 1666 2412 καλὸν,

71 2437 162 2489 καὶ
238 2437 321 2507 τῷ
392 2436 655 2509 ἀφθάρτῳ
713 2439 774 2491 τὸ
837 2437 1132 2510 ἄφθαρτον.
1202 2438 1284 2490 Τὰ
1341 2439 1398 2492 δὲ
1453 2439 1671 2492 ἐναντία

71 2528 209 2597 πρὸς
257 2527 328 2581 τά
361 2527 594 2600 ὁμογενῆ
643 2532 861 2593 πάντως
895 2530 994 2601 τὴν
1030 2529 1348 2597 συγγένειαν
1404 2528 1538 2599 ἔχει.
1587 2531 1669 2583 Οὐ

71 2620 175 2689 γὰρ
210 2618 471 2673 δύναται
516 2619 770 2688 δένδρον
816 2620 1008 2674 καλὸν
1050 2621 1322 2689 καρποὺς
1367 2621 1672 2689 πονηροὺς

71 2710 292 2764 ποιεῖν.
349 2711 410 2764 Ei
455 2712 630 2765 τοίνυν
677 2711 1035 2783 βαρυκάρδιός
1071 2730 1155 2777 τις
1189 2712 1286 2780 ὣν,
1332 2714 1514 2778 καθώς
1567 2733 1672 2786 φη-

71 2820 153 2856 σιν
181 2805 220 2873 ἠ
279 2803 497 2872 Γραφὴ,
521 2805 616 2857 καὶ
639 2803 701 2856 τὸ
723 2786 918 2872 ψεύδος
969 2805 1167 2875 ζητῶν,
1213 2806 1530 2878 κατατολμᾷ
1563 2809 1672 2860 τῶν

71 2895 167 2963 τῆς
196 2899 516 2966 προσευχῆς
567 2899 849 2968 ῥημάτων,
897 2897 1214 2965 γινωσκέτω
1247 2899 1329 2951 ὅτι
1375 2900 1436 2952 ού
1463 2899 1552 2952 τὸν
1582 2900 1670 2952 ού-

72 2986 267 3055 ράνιον
288 2987 320 3038 6
342 2986 580 3051 τοιοῦτος
601 2989 820 3060 Πατέρα
837 2988 1010 3052 καλεῖ,
1029 2987 1166 3042 ἀλλά
1177 2988 1270 3042 τὸν
1297 2989 1670 3060 καταχθόνιοι),

67 3075 128 3139 ὃς
165 3078 340 3141 αὑτός
385 3095 445 3131 τε
492 3079 733 3149 ψεύστης
781 3081 918 3146 ἐστὶ,
959 3079 1180 3134 καὶτοῦ
1208 3082 1266 3134 ἐν
1299 3083 1514 3152 ἑκάστῳ
1545 3099 1673 3134 συν-

71 3171 377 3241 ισταμένου
420 3171 650 3240 ψεύδους
683 3172 869 3244 πατὴρ
923 3172 1154 3241 γίνεται,
1195 3175 1399 3237 ἐκεῖνος
1429 3174 1673 3246 ἁμαρτία

71 3267 169 3318 καὶ
192 3267 479 3337 ἁμαρτίας
509 3269 711 3340 πατήρ.
745 3268 841 3321 Διά
861 3267 1018 3322 τοῦτο
1045 3271 1094 3322 oi
1138 3270 1406 3340 ἐμπαθεῖς
1433 3272 1532 3341 τὴν
1571 3272 1676 3341 ψυ-

67 3359 193 3428 χὴν,
256 3358 434 3429 ὀργῆς
479 3359 649 3414 τέκνα
697 3361 848 3432 παρά
891 3361 986 3414 τοῦ
1039 3362 1362 3415 Ἀποστόλου
1401 3380 1676 3434 προσαγο-

70 3449 335 3519 ρεύονται
363 3466 377 3480 ⁸
405 3450 498 3503 καὶ
557 3452 588 3504 6
628 3451 729 3521 τῆς
763 3451 909 3521 ζωῆς
948 3452 1212 3518 ἀποστάς,
1259 3454 1535 3519 ἀπωλείας
1560 3456 1676 3520 υἱὸς

67 3539 408 3610 ὀνομάζεται
431 3557 445 3568 ·
489 3541 582 3596 καί
627 3560 713 3607 τις
767 3541 1051 3613 βλακώδης
1083 3544 1177 3597 καὶ
1216 3544 1529 3616 θηλυδρίας,
1564 3546 1678 3610 υίὸς

68 3631 359 3702 κορασίων
395 3631 839 3702 αὐτομολούντων
909 3634 1350 3706 προσηγορεύθη.
1404 3636 1677 3701 Ὡσαύτως

68 3727 166 3778 καὶ
194 3727 268 3778 ὲκ
289 3725 387 3779 τοῦ
426 3725 693 3790 ἐναντίου,
733 3728 782 3778 οἱ
823 3726 1067 3797 λαμπροὶ
1092 3729 1190 3798 τὴν
1222 3729 1544 3799 συνείδησιν,
1573 3730 1678 3783 υἱοὶ

69 3819 264 3887 φωτὸς
297 3817 396 3870 καὶ
431 3818 646 3890 ἡμέρας
675 3818 1173 3890 προσαγορεύονται
1206 3836 1220 3849 ’
1264 3820 1361 3874 καὶ
1397 3820 1679 3892 δυνάμεως

65 3910 181 3962 υἱοὶ
245 3910 452 3980 ἕτεροι,
507 3910 556 3962 οί
592 3910 728 3979 πρὸς
761 3910 860 3980 τὴν
900 3910 1052 3964 θείαν
1078 3911 1233 3981 ἰσχὺν
1256 3912 1486 3975 ἑαυτοὺς
1512 3910 1680 3965 τονώ-

69 4018 302 4064 σαντες.
338 4002 510 4054 Ὅταν
559 4002 738 4054 τοίνυν
771 4002 992 4072 Πατέρα
1035 4002 1124 4056 τὸν
1157 4003 1290 4055 Θεὸν
1323 4003 1502 4071 λέγειν
1531 4003 1678 4074 ἡμᾶς

66 4095 128 4146 ἐν
155 4097 228 4164 τῇ
259 4096 542 4165 προσευχῇ
587 4094 813 4165 διδάσκῃ
867 4097 896 4148 6
937 4095 1164 4166 Κύριος,
1195 4097 1346 4149 οὐδὲν
1369 4097 1554 4168 ἕτερον
1589 4114 1679 4167 μοι

65 4189 228 4240 δοκεῖ
268 4189 465 4247 ποιεῖν,
505 4187 538 4258 ἢ
563 4187 653 4239 τὸν
675 4187 878 4256 ὑψηλόν
909 4205 967 4240 τε
1006 4189 1099 4241 καὶ
1127 4188 1436 4258 ρμένον
1455 4188 1679 4259 νομοθε-

65 4283 190 4333 τεῖν
230 4279 352 4350 βίον
373 4296 388 4308 ·
419 4279 480 4331 ού
506 4279 616 4348 γὰρ
635 4279 698 4349 δὴ
721 4277 1010 4348 ψεύδεσθαι
1043 4280 1284 4333 διδάσκει
1313 4283 1461 4350 ἡμᾶς
1485 4283 1518 4350 ὴ
1549 4280 1681 4351 ἀλή-

65 4369 398 4438 Οεια,ὥστε
425 4368 606 4438 λέγειν
633 4370 663 4422 ὃ
695 4372 768 4441 μή
821 4372 1008 4441 ἐσμεν,
1052 4373 1148 4425 καί
1191 4372 1479 4444 ὀνομάζειν
1522 4372 1552 4426 ὃ
1605 4373 1681 4444 μὴ

65 4463 452 4533 πεφύκαμεν
517 4463 656 4516 ἀλλά
711 4465 933 4536 Πατέρα
986 4463 1239 4533 λέγοντες
1287 4467 1532 4531 ἑαυτῶν,
1590 4467 1681 4520 τὸν

64 4554 371 4626 ἄφθαρτον
391 4571 450 4606 τε
476 4555 570 4607 καὶ
595 4554 806 4609 δίκαιον
837 4555 930 4608 καὶ
971 4555 1194 4621 ἀγαθὸν,
1221 4556 1578 4627 ἐπαληθεύειν
1603 4556 1681 4626 τῷ

67 4649 182 4719 βίῳ
238 4649 347 4716 τὴν
391 4648 728 4717 ἀγχιστείαν.
765 4648 928 4719 Ὀρᾷς
976 4648 1110 4719 ὅσης
1155 4648 1286 4718 ἡμῖν
1325 4649 1681 4719 παρασκευῆς

65 4746 200 4796 ἐστι
235 4739 400 4812 χρεία
427 4757 442 4807 ;
481 4740 595 4792 οἴου
628 4739 742 4810 βίου
769 4757 784 4804 ;
823 4741 996 4810 πόσης
1029 4741 1124 4794 καὶ
1157 4743 1409 4810 ποταπῆς
1435 4742 1550 4793 ἐστι
1580 4741 1683 4811 τῆς

66 4833 356 4902 σπουδῆς,
389 4831 532 4886 ὥστε
559 4833 695 4886 ποτέ
739 4833 876 4904 πρὸς
907 4832 1067 4885 τοῦτο
1102 4833 1163 4885 τὸ
1191 4833 1388 4903 μέτρον
1411 4833 1511 4902 τῆς
1537 4837 1681 4905 παρέ

68 4923 287 4995 ῥησίας
327 4920 639 4992 ύψωθείσης
672 4921 830 4991 ἡμῶν
870 4923 969 4992 τῆς
1001 4921 1382 4992 συνειδήσεως,
1411 4923 1682 4994 τολμῆσαι

64 5016 266 5070 εἰπεῖν
292 5012 371 5083 τῷ
396 5013 535 5085 Θεῷ,
573 5015 655 5066 ὅτι
674 5013 903 5081 Πάτερ;
932 5015 994 5066 Ei
1024 5015 1133 5084 γάρ
1159 5015 1288 5085 περὶ
1322 5015 1390 5066 τά
1423 5016 1682 5086 χρήματα

65 5107 332 5177 βλέπεις,
365 5106 416 5158 εί
447 5105 576 5177 περὶ
620 5104 719 5175 τὴν
766 5105 1024 5175 βιωτικὴν
1057 5105 1272 5174 ἀπάτην
1309 5105 1680 5176 ἡσχολημένος

62 5200 228 5268 εἴης,
261 5199 298 5268 ἢ
338 5198 437 5268 τὴν
465 5197 526 5261 ἐξ
564 5196 868 5266 ἀνθρώπων
900 5195 1058 5261 δόξαν
1093 5181 1442 5268 ἀναζητοίης,
1491 5200 1541 5250 εί
1575 5198 1681 5250 τῶν

61 5289 401 5361 ἐπιθυμιῶν
423 5291 543 5352 ταῖς
572 5287 1012 5359 ἐμπαθεστέραις
1034 5288 1304 5353 δουλεύοις
1329 5306 1342 5319 ·
1377 5289 1568 5342 ἔπειτα
1585 5291 1682 5360 τὴν

59 5382 350 5451 τοιαύτην
404 5380 714 5452 προσευχὴν
752 5379 842 5433 διὰ
900 5380 1169 5449 στόματος
1205 5381 1390 5443 λάϐοις
1418 5398 1432 5412 ·
1481 5383 1534 5434 τί
1583 5383 1684 5434 οἴει

55 5481 234 5548 ἐρεῖν
253 5476 350 5528 τὸν
380 5477 462 5538 εἰς
489 5475 581 5528 τὸν
619 5474 732 5545 βίον
783 5473 1068 5544 βλέποντα,
1103 5475 1196 5527 καὶ
1236 5476 1334 5545 τῆς
1378 5476 1685 5545 προσευχῆς

58 5568 393 5631 ἑπαῖοντα;
432 5563 575 5633 Ἐγὼ
599 5563 854 5617 τοιούτων
881 5563 1042 5616 τινῶν
1063 5563 1324 5633 ῥημάτων
1354 5564 1572 5618 ἀκούειν
1605 5563 1688 5616 δο-

67 5660 186 5724 κῶ,
233 5657 439 5712 ὡσανεὶ
474 5655 572 5709 τοῦ
616 5653 752 5709 Θεοῦ
803 5655 939 5725 πρὸς
966 5654 1058 5707 τὸν
1108 5653 1350 5707 τοιοῦτον
1396 5653 1683 5722 λέγοντος·

1774 1985 2087 2058 cognationi
2122 1986 2351 2049 inserat,
2393 2001 2458 2042 ac
2496 1987 2646 2042 dicat
2676 2004 2689 2040 :
2714 1986 3064 2055 Pater,justo
3096 1984 3358 2054 injustus,

1776 2091 1917 2148 puro
1949 2077 2200 2149 impurus
2231 2097 2243 2133 :
2277 2079 2612 2134 contumelia
2653 2085 2818 2148 atque
2840 2076 3154 2132 convicium
3190 2076 3355 2145 plane

1775 2187 1840 2226 ea
1870 2173 2038 2227 verba
2073 2171 2303 2236 fuerint,
2353 2170 2624 2241 siquidem
2660 2186 2775 2225 suae
2821 2169 3084 2240 nequitia:
3138 2175 3354 2238 patrem

1781 2262 1946 2318 Deum
1987 2265 2252 2318 nominat.
2285 2261 2422 2317 Nam
2457 2265 2627 2332 patris
2656 2261 3253 2322 vocabu!um,causam
3285 2272 3354 2310 ex

1778 2357 1900 2426 ipso
1930 2356 2201 2427 procreati
2227 2355 2521 2426 significat.
2547 2353 2686 2423 Ergo
2708 2355 2756 2410 si
2784 2351 3126 2408 conscientia
3153 2349 3354 2403 vitiOsa

1778 2449 1902 2518 quis
1957 2448 2221 2518 prazditus
2275 2455 2484 2518 patrem
2551 2461 2710 2502 suum
2772 2445 2940 2500 Deum
2980 2443 3162 2506 dicat,
3220 2440 3358 2495 nihil

1779 2539 1949 2605 aliud,
1982 2555 2147 2610 quam
2183 2555 2410 2596 suorum
2460 2539 2729 2592 malorum
2771 2536 2927 2606 quasi
2964 2533 3268 2606 principem
3303 2539 3359 2586 et

1779 2641 2056 2686 auctorem
2091 2647 2214 2685 eum
2261 2629 2622 2684 insimulabit.
2659 2628 2728 2681 At
2753 2627 2901 2682 nulla
2924 2625 3222 2681 communio
3252 2622 3359 2678 luci

1779 2739 1897 2777 cum
1939 2721 2188 2782 tenebris,
2238 2721 2414 2791 inquit
2446 2719 2745 2786 Apostolus
2766 2718 2840 2784 ³⁶;
2878 2717 2973 2773 sed
2997 2732 3120 2772 cum
3155 2715 3361 2770 lumine

1779 2813 1962 2868 lumen
2012 2813 2384 2877 consociatur,
2427 2827 2552 2865 cum
2582 2811 2796 2880 justitia
2826 2808 3062 2879 justitia,
3091 2823 3216 2862 cum
3259 2807 3360 2861 ho-

1781 2911 1992 2960 nestate
2043 2903 2332 2967 honestas,
2398 2917 2524 2956 cum
2579 2901 2902 2970 incorrupto
2951 2899 3356 2967 incorruptum.

1779 2996 2066 3053 Contraria
2089 3010 2239 3060 vero,
2270 3009 2394 3048 cum
2427 2993 2515 3056 iis,
2543 3007 2666 3062 qua!
2690 2991 2936 3059 ejusdem
2958 2989 3174 3060 generis
3206 2993 3358 3050 sunt,

1781 3087 1940 3158 plane
1971 3084 2353 3155 cognationem
2402 3083 2622 3138 habent.
2658 3080 2784 3135 Non
2810 3081 2954 3134 enim
3001 3089 3168 3147 potest
3201 3076 3363 3130 arbor

1781 3175 1919 3229 bona
1975 3174 2146 3228 malos
2201 3174 2488 3241 producere
2545 3173 2753 3240 fructus
2781 3171 2846 3222 ³⁷.
2902 3169 2958 3224 Si
3013 3170 3138 3239 quis
3195 3169 3363 3240 igitur

1701 3275 1744 3332 ο
1778 3267 1929 3337 gravi
1971 3264 2240 3333 tardeque
2279 3260 2468 3325 corde,
2524 3268 2585 3314 ut
2635 3260 2813 3330 inquit
2843 3259 3148 3329 Scriptura,
3199 3266 3363 3328 atque

1777 3357 2123 3412 mendacium
2165 3366 2446 3424 quaerens,
2485 3351 2651 3406 audet
2689 3350 2954 3404 orationis
2983 3349 3150 3404 verba
3201 3364 3364 3403 usur-

1778 3466 1936 3522 pare,
1963 3449 2101 3504 sciat
2132 3448 2202 3511 is,
2234 3445 2382 3518 quod
2411 3461 2520 3500 non
2556 3444 2833 3500 cmlestem
2867 3441 3082 3497 Patrem
3120 3441 3363 3504 invocat,

1778 3540 1873 3595 sed
1910 3538 2206 3603 infernum,
2264 3539 2358 3607 qui
2406 3544 2461 3590 et
2495 3535 2614 3604 ipse
2671 3531 2906 3588 mendax
2945 3543 3052 3596 est,
3112 3540 3169 3588 et
3219 3532 3360 3602 ejus,

1777 3632 1924 3702 quod
1957 3632 2010 3686 in
2041 3644 2375 3700 unoquoque
2403 3627 2694 3692 conﬂatur,
2726 3625 2999 3682 mendacii
3037 3635 3190 3695 pater
3216 3627 3364 3681 exsio

1780 3725 1894 3789 stit,
1930 3724 2023 3779 ille
2052 3721 2145 3792 qui
2176 3727 2483 3792 peccatum,
2514 3727 2569 3773 et
2596 3718 2804 3789 peccati
2831 3725 2987 3787 pater
3012 3725 3098 3772 est
3122 3717 3186 3769 ⁸⁸.
3225 3716 3366 3770 Ρτοιο

1778 3825 1965 3887 pterea
1987 3813 2153 3868 animi
2179 3811 2473 3867 aﬂ‘ectibus
2496 3825 2560 3865 ac
2584 3807 3095 3880 perturbationibus
3113 3807 3362 3873 obnoxii,

1782 3907 1875 3962 ﬁlii
1907 3906 1998 3960 ira:
2025 3905 2093 3959 ab
2109 3903 2371 3972 Apostolo
2400 3902 2744 3972 appellantur
2767 3899 2842 3964 ³⁹;
2876 3907 2932 3953 et
2959 3898 3050 3968 qui
3075 3912 3103 3950 a
3134 3897 3242 3950 vita
3271 3896 3366 3952 de-

1781 3999 2023 4060 sciverit,
2054 3994 2378 4067 perditionis
2404 3993 2550 4048 litius
2578 3993 2896 4046 nominatur
2920 3989 3000 4052 ‘°;
3031 3988 3212 4042 mollis
3237 3989 3364 4043 item

1781 4091 2054 4161 quispiam
2087 4096 2143 4142 et
2171 4086 2540 4151 eii‘eminatus,
2597 4084 2740 4138 ﬁlius
2770 4081 3073 4152 puellarum
3116 4081 3365 4135 transfu-

1783 4183 2045 4253 gientium
2080 4179 2403 4249 appellatur.
2442 4175 2705 4230 Similiter
2751 4174 2914 4229 etiam
2966 4188 3030 4226 ex
3064 4172 3366 4235 contrario,

1782 4273 2122 4329 conscientia
2155 4273 2322 4333 lauta,
2368 4283 2504 4339 pura
2557 4282 2622 4320 ac
2653 4267 2932 4320 luculenta
2982 4263 3218 4333 praiditi,
3270 4263 3366 4317 ﬁlii

1783 4368 1924 4422 lucis
1955 4373 2009 4419 et
2040 4363 2144 4418 diei
2200 4362 2546 4433 appellantur
2567 4359 2642 4412 ’δίε
2697 4358 2892 4412 virium
2945 4355 3072 4410 item
3109 4355 3203 4410 ﬁlii
3251 4355 3366 4421 alii,

1783 4460 1876 4531 qui
1914 4458 1980 4512 ad
2020 4457 2265 4512 divinum
2296 4455 2465 4510 robur
2497 4468 2617 4508 sese
2646 4449 3004 4505 ﬁrmaverint.
3032 4449 3167 4502 Cum
3204 4449 3368 4520 igitur

1786 4563 1845 4608 ut
1867 4553 2080 4606 Patrem
2108 4549 2276 4603 Deum
2312 4548 2367 4601 iu
2392 4547 2642 4600 oratione
2670 4544 2941 4602 dicamus,
2976 4542 3241 4596 Dominus
3268 4557 3368 4597 nos

1786 4647 1964 4708 docet,
2007 4644 2142 4698 nihil
2175 4642 2310 4695 mihi
2344 4640 2522 4695 facere
2548 4637 2697 4691 aliud
2725 4637 2960 4696 videtur,
2995 4651 3158 4706 quam
3195 4634 3370 4688 subli-

1786 4753 1930 4792 mem
1961 4745 2017 4791 et
2047 4738 2211 4789 altam
2253 4733 2543 4788 instituere
2585 4738 2749 4800 atque
2783 4729 3142 4798 priescribere
3175 4729 3366 4794 vitam;

1785 4843 1896 4882 non
1919 4827 2064 4881 enim
2107 4827 2295 4892 utique
2330 4820 2547 4876 mentiri
2602 4834 2703 4873 nos
2735 4818 2936 4872 veritas
2970 4816 3149 4881 docet,
3199 4825 3258 4869 ut
3287 4815 3370 4869 di.-

1785 4935 1977 4976 camus
2011 4933 2114 4974 nos
2147 4931 2290 4980 esse,
2344 4914 2488 4983 quod
2537 4927 2646 4966 non
2690 4910 2888 4973 simus,
2941 4917 2995 4963 et
3029 4907 3368 4977 appellemus

1786 5029 1888 5070 nos
1923 5027 1988 5068 eo
2018 5009 2258 5068 nomine,
2291 5005 2436 5076 quod
2469 5015 2666 5058 natura
2717 4999 2877 5055 nobis
2906 4999 3229 5053 attributum
3260 5012 3366 5052 non

1786 5105 1879 5166 sit,
1921 5101 2017 5158 sed
2049 5108 2110 5155 ut
2142 5101 2271 5154 dum
2306 5099 2706 5164 incorruptum,
2736 5101 2788 5147 et
2812 5091 3044 5159 justum,
3081 5097 3135 5144 et
3163 5089 3367 5143 bonum

1786 5189 2005 5245 Patrem
2041 5197 2296 5244 nostrum
2344 5184 2602 5246 dicimus,
2637 5182 2760 5236 vita:
2807 5179 3118 5249 integritate
3147 5177 3371 5248 propin-

1787 5285 2052 5352 quitatem
2069 5281 2394 5340 referamus,
2411 5291 2640 5345 eamque
2651 5288 2832 5328 veram
2851 5287 2975 5327 esse
2991 5269 3364 5325 ostendamus.

1788 5375 1956 5431 Vides
1983 5381 2193 5445 quanto
2222 5372 2382 5426 nobis
2424 5385 2563 5438 opus
2597 5366 2668 5421 sit
2697 5363 3003 5434 apparatu?
3043 5361 3188 5432 quali
3225 5359 3368 5414 vita?

1789 5475 1997 5537 quanto
2034 5480 2098 5518 ac
2123 5463 2271 5534 quali
2305 5461 2518 5521 studio,
2562 5468 2621 5512 ut
2649 5458 2714 5512 ad
2749 5472 2872 5511 eum
2899 5454 3122 5509 modum
3157 5451 3368 5507 ﬁduciae

1785 5568 1968 5615 erecta
2011 5556 2235 5610 tandem
2277 5553 2616 5609 conscientia
2668 5556 2854 5603 nostra
2885 5548 2952 5601 ad
2987 5545 3156 5600 Deum
3187 5544 3369 5600 dicere

1788 5650 2112 5712 audeamus,
2153 5645 2486 5702 Pater?Nam
2514 5644 2560 5702 si
2585 5642 2851 5714 pecunias
2880 5649 3116 5710 spectes,
3148 5637 3192 5691 si
3223 5636 3368 5691 circa

143 5773 206 5804 ³⁸
248 5770 296 5827 11
328 5770 455 5828 Cor.
489 5786 576 5836 νι,
610 5769 677 5826 ιι
765 5769 809 5802 ³⁷
851 5767 1042 5824 Matth.
1078 5784 1178 5837 vn,
1210 5768 1296 5824 18.
1374 5769 1419 5801 ³³
1459 5767 1616 5825 Joau.
1651 5787 1654 5794 π

1779 5767 1844 5821 ιι.
1923 5766 1968 5798 θ’
2010 5763 2209 5834 Ephes.
2247 5779 2315 5828 ιι,
2345 5762 2406 5817 5..
2475 5759 2521 5794 ⁸ο
2559 5757 2720 5815 Joan.
2750 5770 2884 5823 xvu,
2920 5752 3003 5806 12.
3079 5751 3123 5782 δ’
3165 5746 3367 5820 Ephes.

52 5861 122 5909 ν.
159 5845 232 5900 8.
