3812 6228
385 318 529 376 H55

1651 318 1710 374 S.
1747 314 2073 373 GREGOBII
2104 315 2396 372 NYSSENI

3551 308 3679 363 ιιιι

387 432 682 487 saeculares
713 429 838 486 vitae
869 429 1093 487 fraudes
1124 440 1427 504 occupatus
1454 433 1554 498 sis,
1584 442 1680 487 aut
1703 448 1771 488 ex
1802 433 1982 487 homi-

2136 436 2304 507 ατέρα
2362 434 2544 496 καλεῖς
2605 434 2634 486 ὁ
2685 426 3137 500 κατεφθαρμένος
3175 425 3257 497 τῷ
3307 423 3412 495 βίῳ
3447 423 3549 477 τὸν
3588 425 3682 492 τῆς

389 523 552 580 nibus
577 524 804 595 gloriam
829 540 1078 596 quartas;
1117 525 1164 581 si
1197 526 1415 583 vitiosis
1443 527 1843 598 cupiditatibus
1864 542 1978 580 ser-

388 615 548 681 vias,
597 616 795 671 deinde
840 617 1111 686 ejusmodi
1148 619 1454 674 oralionem
1505 621 1560 672 in
1603 633 1699 673 ore
1751 618 1976 683 habeas,

391 708 526 778 quid
551 709 826 764 dicturum
860 725 982 765 esse
1009 717 1169 780 putas
1193 725 1345 773 eum,
1383 710 1477 780 qui
1507 711 1675 764 vitam
1708 719 1857 764 tuam
1895 712 1979 764 in-

394 809 598 864 tuetur,
650 808 704 855 et
747 802 1050 857 orationem
1096 802 1399 872 intelligit?
1444 801 1579 857 Nam
1609 818 1710 872 ego
1756 803 1978 872 quidem

391 893 665 961 ejusmodi
721 893 994 963 quaedam,
1053 893 1213 965 quasi
1266 893 1378 948 Deo
1422 893 1490 948 ad
1536 895 1695 947 talem
1739 894 1976 958 dicente,

394 986 526 1043 mihi
556 986 717 1040 verba
769 987 958 1040 videor
1003 985 1233 1042 audire:
1284 985 1498 1041 Patrem
1543 1001 1708 1040 vocas
1742 986 1833 1056 qui
1871 987 1980 1040 vita

391 1087 689 1145 corruptus
721 1093 803 1142 es,
844 1094 968 1132 eum
1003 1080 1100 1148 qui
1155 1077 1696 1147 incorruptibilitatis
1743 1085 1798 1132 et
1837 1077 1980 1132 inte.-

393 1169 607 1238 gritatis
634 1169 797 1224 Pater
825 1171 948 1225 est?
999 1170 1111 1225 Cur
1147 1171 1369 1226 sordida
1417 1179 1510 1223 tua
1542 1186 1675 1225 voce
1708 1172 1979 1225 contami-

393 1275 495 1316 nas
520 1278 719 1317 nomen
749 1263 1170 1332 incorruptum?
1200 1278 1300 1317 cur
1327 1261 1466 1317 falso
1496 1262 1592 1316 tibi
1619 1262 1847 1317 verbum
1874 1261 1980 1316 hoc

393 1355 668 1423 usurpas?
709 1354 822 1408 Cur
860 1364 1114 1408 naturam
1162 1355 1501 1424 impollutam
1535 1352 1879 1408 dedecoras?
1932 1353 1978 1406 si

396 1443 540 1496 filius
571 1458 725 1499 meus
762 1460 937 1508 esses,
975 1444 1113 1500 meis
1144 1445 1306 1499 bonis
1354 1459 1583 1515 prorsus
1628 1444 1793 1498 etiam
1831 1453 1979 1497 tuam

394 1536 562 1590 vitam
608 1538 877 1604 insignem
913 1553 1037 1593 esse
1063 1538 1384 1608 oportebat;
1435 1553 1546 1592 non
1596 1553 1839 1610 agnosco
1882 1554 1982 1592 na—

395 1638 530 1682 turae
556 1641 691 1682 mea:
719 1627 1010 1697 imaginem
1036 1628 1090 1681 in
1121 1636 1173 1682 te
1199 1646 1214 1694 ;
1249 1627 1691 1683 adversariorum
1721 1637 1852 1684 sunt
1877 1627 1981 1681 ista

395 1719 670 1790 insignia:
710 1734 834 1788 quae
859 1720 1094 1774 societas
1122 1720 1229 1773 luci
1257 1735 1382 1774 cum
1413 1720 1686 1775 tenebris?
1715 1735 1837 1790 qua:
1856 1719 1982 1773 vitae

396 1821 450 1867 et
481 1813 675 1868 mortis
729 1811 984 1882 cognatio
1034 1812 1162 1867 est?
1214 1827 1337 1882 quae
1382 1812 1733 1868 necessitudo
1786 1819 1981 1866 natura

397 1919 536 1974 puro
567 1919 692 1958 cum
719 1904 934 1973 impuro
964 1905 1293 1960 intercedit?
1319 1906 1553 1960 multum
1585 1907 1815 1963 interest
1840 1908 1984 1963 inter

398 1996 802 2052 henefactorem
826 2007 880 2052 et
906 2000 1203 2067 r‘aptorem.
1237 1998 1580 2055 lnsociabilis
1602 2001 1743 2055 inter
1765 2001 1984 2056 miseri-

398 2088 616 2144 cordem
643 2097 698 2144 et
721 2089 984 2143 immitem
1006 2091 1372 2148 contrarietas
1394 2091 1716 2148 intercedit:
1743 2095 1883 2149 alius
1899 2104 1984 2151 est

2079 527 2389 600 ἀφθαρσίας
2420 526 2673 597 Πατέρα;
2699 523 2766 576 Τι
2791 521 3040 594 μολύνεις
3057 522 3124 591 τῇ
3155 521 3383 591 ῥυπαρᾷ
3405 534 3508 570 σου
3537 519 3684 585 φωνῇ

2079 623 2141 674 τὸ
2165 625 2440 693 ἀκήρατον
2461 623 2670 692 όνομα;
2713 618 2780 671 Τί
2826 615 3139 686 καταψεύδῃ
3176 612 3270 668 τοῦ
3297 615 3594 684 ρήματος;
3623 611 3685 663 Ti

2079 715 2432 786 καθυϐρίζεις
2468 714 2568 786 τὴν
2601 712 2900 782 ἀμόλυντον
2935 709 3131 779 φύσινς
3185 708 3249 759 Εἰ
3288 706 3491 759 τέκνον
3523 701 3595 774 ἧς
3623 705 3688 756 σὺ

2078 806 2233 876 ἐμὸν,
2277 808 2342 860 ἐκ
2370 806 2479 860 τῶν
2517 804 2666 876 ἐμῶν
2698 801 2919 872 ἀγαθῶν
2951 800 3058 854 ἔδει
3092 799 3311 862 πάντως
3337 799 3435 851 καὶ
3467 796 3566 849 τὸν
3597 796 3688 848 σὺν

2081 896 2204 967 βίον
2258 894 2790 969 χαρακτηρίζεσθαι⁸
2836 892 2936 946 οὐκ
2993 889 3343 958 ἐπιγινώσκω
3386 888 3494 958 τῆς
3546 887 3691 956 ἐμῆς

2081 984 2300 1054 φύσεως
2333 988 2391 1039 ἐν
2427 987 2512 1038 σοὶ
2548 985 2644 1056 τήν
2696 982 2913 1037 εἰκόνα’
2970 981 3036 1033 ἐκ
3077 979 3183 1033 τῶν
3219 979 3488 1032 ἐναντίων
3509 979 3562 1029 οξ
3592 994 3694 1045 χα-

2085 1078 2384 1149 ρακτῆρες·
2417 1079 2501 1140 τίς
2531 1075 2785 1130 κοινωνία
2819 1075 2959 1144 φωτὶ
2981 1073 3118 1143 πρὸς
3157 1073 3348 1134 σκότος
3374 1089 3388 1136 ;
3423 1070 3516 1132 τίς
3541 1069 3695 1136 ζωῆς

2081 1168 2176 1220 καὶ
2207 1166 2437 1220 θανάτου
2472 1165 2764 1234 συγγένεια
2784 1180 2798 1228 ;
2819 1162 2904 1226 τίς
2930 1162 3199 1232 οἰκειότης
3230 1160 3309 1231 τῷ
3333 1158 3573 1228 καθαρῷ
3593 1161 3694 1226 τὴν

2081 1257 2244 1328 φύσιν
2276 1257 2412 1328 πρὸς
2436 1257 2496 1309 τὸ
2521 1253 2863 1325 ἁκάθαρτονς
2901 1252 3044 1304 Πολὺ
3078 1250 3173 1304 τοῦ
3204 1249 3507 1320 εὐεργέτου
3556 1247 3696 1316 πρῶ

2079 1351 2172 1404 τὸν
2198 1349 2527 1417 πλεονέκτην
2570 1346 2630 1399 τὸ
2659 1344 2843 1416 μέσον.
2875 1345 3141 1414 Ἀμικτος
3184 1346 3219 1414 ἡ
3259 1341 3353 1395 to?)
3391 1343 3695 1410 ἐλεήμονες

2081 1443 2177 1496 καὶ
2209 1440 2305 1494 τοῦ
2340 1438 2582 1509 ἀπηνοῦς
2618 1436 2930 1499 ἐναντίωσις
2950 1451 2964 1466 ο
2988 1435 3147 1498 ἄλλος
3178 1434 3362 1505 πατὴρ
3381 1433 3494 1485 τῶν
3520 1434 3582 1484 ἐν
3612 1432 3696 1484 σοὶ

2082 1535 2300 1589 κακῶν·
2325 1533 2392 1586 τὰ
2407 1533 2516 1604 γὰρ
2537 1531 2646 1601 ἐμὰ
2659 1530 2974 1601 γεννήματα
3008 1531 3120 1590 τοῖς
3143 1526 3423 1598 πατρῴοις
3461 1523 3696 1593 ἀγαθοῖς

2083 1624 2504 1690 καλλωπίζεται,
2537 1624 2726 1676 τέκνον
2761 1621 2856 1676 τοῦ
2886 1621 3177 1692 ἐλεήμονος
3218 1623 3248 1674 ὁ
3287 1619 3571 1689 ἐλεήμων,
3601 1618 3697 1670 καὶ

2082 1721 2178 1775 τοῦ
2204 1717 2445 1790 καθαροῦ
2461 1719 2489 1771 ὁ
2504 1715 2764 1786 καθαρὸς,
2784 1718 2812 1768 ὁ
2840 1713 3038 1785 φθόρος
3058 1713 3337 1784 ἀλλότριος
3357 1711 3454 1764 τοῦ
3476 1710 3700 1781 ἀφθαρ-

2087 1830 2202 1868 του·
2234 1815 2328 1867 καὶ
2342 1811 2403 1865 τὸ
2430 1810 2571 1874 ὅλον,
2606 1809 2666 1874 ἐξ
2689 1808 2897 1878 ἀγαθοῦ
2931 1806 3156 1876 ἀγαθὸς,
3180 1806 3275 1860 καὶ
3290 1808 3355 1858 ἐκ
3369 1802 3592 1858 δικαίου
3618 1803 3701 1855 Si-

2090 1923 2262 1970 καιος.
2282 1905 2455 1976 Ὑμᾶς
2475 1903 2532 1956 δὲ
2546 1903 2646 1955 οὐκ
2673 1899 2792 1957 οἶδα
2807 1901 2971 1954 πόθεν
2994 1900 3137 1954 ἐστέ.
3168 1897 3380 1952 Οὐκοῦν
3411 1895 3698 1950 ἐπικίνδυσ-

2089 2019 2178 2056 νον
2212 2000 2342 2072 πρὶν
2407 1995 2754 2069 καθαρθῆναι
2784 1994 2864 2065 τῷ
2890 1993 2990 2065 βίῳ
3008 1992 3109 2061 τῆς
3135 1990 3452 2062 προσευχῆς
3487 1987 3697 2056 Tum;

2089 2090 2518 2162 κατατολμῆσαι,
2553 2088 2646 2141 καὶ
2667 2086 2888 2157 Πατέρα
2912 2083 3104 2138 ἑαυτοῦ
3129 2083 3222 2136 τὸν
3243 2081 3379 2136 Θεὸν
3402 2081 3693 2149 ὀνομάσαι.

399 2192 552 2253 pater
577 2183 852 2246 vitiorum,
887 2200 1008 2254 quae
1037 2185 1090 2238 in
1124 2193 1174 2240 te
1200 2193 1330 2241 sunt
1355 2202 1369 2250 ;
1392 2200 1518 2240 nam
1535 2201 1655 2242 mea
1681 2189 1898 2246 soboles
1932 2189 2173 2260 paternis
2201 2187 2364 2242 bonis
2401 2185 2717 2247 decoratur,
2754 2179 2900 2234 filius
2920 2176 3294 2234 misericordis
3333 2175 3700 2248 misericors;

399 2277 594 2349 integri
623 2288 676 2332 et
716 2278 860 2346 puri,
897 2279 1108 2349 integer
1145 2287 1198 2334 et
1238 2296 1408 2351 purus
1443 2290 1566 2349 est;
1604 2295 1896 2354 corruptus
1925 2287 2138 2342 alienus
2169 2289 2254 2338 est
2320 2282 2390 2336 ab
2423 2281 2786 2350 incorrupto;
2851 2286 2907 2330 et
2939 2282 2999 2328 ut
3026 2272 3347 2329 summatim
3371 2271 3588 2331 dicam,
3627 2284 3693 2322 ex

399 2372 543 2427 bono
588 2370 787 2433 bonus,
811 2380 867 2424 et
901 2386 968 2426 ex
993 2373 1144 2441 justo
1169 2372 1356 2442 justus
1385 2374 1606 2440 editur;
1638 2392 1736 2430 vos
1786 2367 2109 2432 autemnon
2138 2377 2290 2438 novi,
2333 2373 2478 2428 unde
2515 2371 2656 2426 sitis.
2681 2369 2952 2437 Quocirca
2990 2367 3312 2438 priusquam
3357 2364 3566 2433 aliquis
3590 2362 3697 2415 vita

401 2447 650 2531 expiatus
679 2475 732 2520 et
762 2472 1098 2534 expurgatus
1117 2465 1208 2527 sit,
1233 2464 1600 2534 periculosum
1633 2475 1718 2522 est
1741 2468 1797 2521 in
1823 2469 1923 2523 hac
1939 2469 2189 2523 oratione
2206 2465 2467 2522 audacem
2489 2478 2633 2526 esse,
2660 2470 2714 2516 et
2743 2460 2959 2516 Patrem
2990 2473 3150 2514 suum
3178 2456 3351 2510 Deum
3386 2457 3695 2512 nominare.

478 2555 676 2614 Verum
706 2559 993 2612 audiamus
1024 2573 1219 2614 rursus
1251 2560 1421 2614 verba
1453 2561 1742 2627 orationis,
1794 2563 1842 2618 si
1876 2579 1986 2632 quo

404 2650 567 2705 modo
593 2650 731 2706 forte
760 2652 1040 2706 crebriore
1067 2652 1412 2720 repetitione,
1437 2668 1622 2707 rerum
1646 2655 1985 2709 occultarum

405 2744 676 2796 sententia
715 2759 744 2796 a
776 2743 934 2798 nobis
968 2743 1333 2798 animadverti
1364 2755 1528 2814 atque
1566 2747 1828 2816 cognosci
1856 2762 1983 2818 pos-

405 2834 498 2888 sit.
544 2835 706 2888 Pater
746 2845 944 2900 noster,
993 2837 1164 2905 quies
1210 2836 1266 2889 in
1295 2836 1463 2890 caelis.
1495 2835 1788 2892 Enimvero
1842 2839 1988 2910 quod

409 2926 518 2980 vita
551 2944 676 2981 cum
719 2927 923 2981 virtute
969 2928 1268 2997 conjuncta
1298 2926 1444 2983 Deus
1487 2929 1867 2985 conciliandus
1895 2932 1986 2992 sit,

408 3019 760 3073 mediocriter
791 3037 821 3073 a
857 3019 1016 3074 nobis
1043 3035 1140 3089 per
1169 3034 1256 3083 ea,
1307 3035 1428 3090 qua:
1463 3035 1628 3090 supra
1662 3021 1807 3076 dicta
1839 3030 1988 3085 sunt,

2173 2559 2334 2614 Ἀλλὰ
2382 2557 2708 2627 ἀκούσωμεν
2761 2553 2870 2607 τῶν
2926 2552 3026 2622 τῆς
3077 2549 3393 2622 προσευχῆς
3432 2547 3698 2618 ῥημάτων

2091 2655 2281 2718 πάλιν,
2325 2651 2488 2715 εἴτις
2531 2650 2640 2720 ἄρα
2695 2648 2911 2717 γένοιτο
2951 2647 3086 2715 ημῖν
3127 2641 3238 2695 τῶν
3288 2641 3548 2711 κρυφξων
3604 2637 3695 2690 τοῦ

2092 2745 2185 2800 νοῦ
2216 2744 2545 2813 κατανόησις
2575 2740 2663 2798 διὰ
2711 2742 2809 2809 τῆς
2841 2734 3236 2806 συνεχεστέρας
3269 2731 3693 2800 ἐπαναλήψεως.

2096 2840 2290 2908 Πάτερ
2311 2837 2502 2908 ἡμῶν,
2534 2839 2566 2891 ὁ
2602 2835 2673 2889 ἐν
2700 2835 2825 2900 τοῖς
2852 2830 3152 2900 οὐρανοῖς.
3174 2829 3304 2881 Ὀτι
3338 2830 3439 2899 μὲν
3472 2823 3566 2881 οὖν
3591 2827 3699 2896 χρὴ

2096 2933 2174 3004 τῷ
2201 2934 2320 2986 κατ’
2348 2929 2548 3001 ἀρετὴν
2585 2928 2686 2999 βίῳ
2717 2927 2810 2981 τὸν
2853 2926 2986 2980 Θεὸν
3013 2921 3427 2984 οἰκειώσασθαι,
3462 2920 3696 2991 μετρίως

2097 3025 2230 3093 ἡμῖν
2259 3021 2347 3075 διὰ
2377 3019 2487 3073 τῶν
2514 3017 2896 3090 προλαϐόντων
2945 3016 3238 3086 ἐξήτασται
3291 3013 3494 3079 λόγων.
3542 3007 3700 3061 Δοκεῖ

408 3117 694 3165 ostensum
725 3117 830 3164 est.
871 3108 979 3164 Sed
1017 3110 1274 3164 videntur
1311 3109 1444 3163 mihi
1476 3110 1593 3165 haec
1632 3110 1796 3166 verba
1830 3115 1990 3167 etiam

2136 3115 2156 3166 έ
2189 3131 2278 3184 μοι
2324 3112 2420 3166 καὶ
2460 3109 2766 3181 βαθυτέραν
2801 3108 2927 3162 τινὰ
2963 3107 3203 3162 διάνοιαν
3244 3101 3643 3174 ὑποσημαίνειν
3666 3102 3696 3153 ό

409 3198 824 3270 profundiorem
853 3199 1146 3270 quamdam
1169 3200 1497 3255 sententiam
1523 3200 1849 3272 designare;
1881 3202 1997 3257 hazc

410 3292 558 3345 enim
595 3299 650 3347 et
685 3291 895 3362 patriae,
945 3307 1012 3346 ex
1059 3307 1166 3362 qua
1194 3292 1520 3357 excidimus,
1573 3301 1628 3348 et
1656 3294 1998 3365 cognationis

411 3397 576 3452 quam
609 3383 922 3449 amisimus,
970 3382 1403 3439 recordationem
1447 3384 1608 3440 nobis
1652 3385 1996 3456 iugeneraut.

412 3474 628 3529 Etenim
661 3475 717 3528 in
754 3475 847 3529 illa
879 3477 1214 3541 narratione,
1241 3491 1404 3546 quam
1431 3475 1500 3532 de
1529 3476 1878 3534 adolescente
1903 3494 2001 3534 ex-

414 3567 592 3640 ponit,
619 3567 713 3639 qui
740 3568 923 3623 sedem
945 3569 1178 3638 patriam
1200 3570 1520 3640 reliquerat,
1539 3579 1594 3625 et
1621 3571 1690 3625 ad
1717 3572 2001 3641 porcinam

415 3661 580 3715 vitam
617 3659 930 3726 transierat,
965 3660 1355 3715 historicorum
1384 3675 1537 3716 more
1563 3662 1857 3718 abitionem
1883 3663 2003 3734 ejus

420 3763 477 3807 et
521 3754 709 3807 luxum
758 3754 1056 3817 narrando,
1116 3755 1396 3810 miseriam
1436 3755 1728 3810 humanam
1763 3755 2004 3813 Verbum

421 3845 684 3908 ostendit;
715 3859 824 3897 non
855 3852 1038 3898 autem
1070 3845 1222 3914 prius
1249 3861 1373 3900 eum
1405 3846 1474 3900 ad
1505 3848 1798 3918 pristinam
1833 3850 2006 3905 felici-

422 3945 589 3992 tatem
627 3937 859 4000 reducit,
891 3952 1056 4006 quam
1099 3953 1320 3992 sensum
1355 3941 1646 4010 praesentis
1677 3944 2007 3999 calamitatis

425 4019 786 4089 suscepisset,
838 4030 891 4074 et
925 4019 994 4073 ad
1022 4036 1143 4076 sese
1188 4037 1445 4078 reversus
1472 4026 1811 4094 poenitentia;
1840 4029 2009 4083 verba

424 4111 681 4166 meditari
727 4111 1025 4181 coepisset:
1092 4113 1208 4168 haec
1237 4124 1422 4170 autem
1452 4116 1638 4186 aliquo
1675 4118 1840 4174 modo
1883 4135 2008 4174 cum

423 4204 608 4259 verbis
658 4202 924 4258 orationis
963 4205 1358 4275 congruebant,
1413 4205 1629 4262 dicebat
1671 4209 1816 4263 enim
1856 4209 2006 4265 illic:

427 4297 614 4359 Pater,
643 4299 852 4364 peccavi
890 4297 944 4349 in
977 4297 1187 4364 calum,
1219 4308 1268 4352 et
1299 4315 1480 4354 coram
1510 4310 1558 4353 te
1578 4300 1655 4353 "z
1699 4316 1810 4354 non
1859 4301 2011 4370 adje—

427 4400 618 4467 cturus
663 4389 1002 4444 confessioni
1047 4398 1333 4461 peccatum
1365 4392 1421 4446 in
1455 4393 1680 4455 coelum,
1730 4393 1836 4446 nisi
1886 4409 2012 4464 per-

430 4496 629 4536 suasus
669 4481 772 4536 sibi
811 4481 1042 4552 patriam
1088 4498 1212 4539 esse
1247 4484 1472 4547 ccelum,
1522 4499 1633 4554 quo
1664 4485 1855 4539 relicto
1887 4501 2015 4554 pec-

430 4580 696 4627 caverat:
742 4582 1077 4644 quapropter
1119 4575 1284 4630 etiam
1333 4575 1605 4644 ejusmodi
1650 4576 2016 4633 confessionis

429 4664 713 4720 meditatio
729 4665 880 4720 aditu
895 4664 1110 4720 facilem
1129 4665 1176 4720 ei
1198 4676 1404 4736 patrem
1425 4666 1606 4732 efﬁcit,
1622 4668 1758 4722 adeo
1776 4676 1834 4721 ut
1849 4668 2014 4722 etiam

433 4766 747 4813 accurreret
764 4757 831 4812 ad
862 4774 1009 4820 eum,
1028 4767 1082 4813 et
1110 4759 1300 4814 osculo
1315 4760 1515 4813 collum
1545 4767 1824 4829 appeteret
1849 4758 2012 4829 (quod

431 4848 908 4918 rationalejugum
930 4849 1224 4919 significat,
1250 4865 1346 4918 per
1362 4849 1638 4918 Evangelii
1663 4851 2013 4906 traditionem

433 4941 665 5000 homini,
683 4939 776 5009 qui
791 4939 1024 5010 primum
1042 4941 1293 5009 pracepti
1308 4941 1499 5011 jugum
1516 4959 1574 4996 ex
1588 4949 1761 5005 uerat,
1780 4951 1834 4995 et
1852 4943 2022 5012 legem

327 5083 341 5106 κ
435 5030 720 5086 custodem
745 5030 1149 5100 repudiaverat,
1177 5047 1274 5102 per
1294 5047 1357 5087 os
1374 5033 1660 5103 injectum)
1680 5043 1844 5104 atque
1859 5033 2023 5088 etiam

435 5125 578 5179 stola
602 5121 970 5177 circumdaret
998 5138 1145 5188 eum,
1172 5139 1280 5177 non
1309 5125 1440 5192 alia,
1462 5126 1556 5181 sed
1582 5126 1779 5196 prima,
1801 5141 2028 5196 qua-per

436 5215 867 5271 inobedientiam
898 5214 1138 5270 nudatus
1164 5223 1302 5280 erat,
1336 5217 1499 5270 simul
1533 5228 1698 5286 atque
1736 5217 2026 5272 interdicta

440 5317 739 5378 gustasset,
789 5307 998 5361 nudum
1033 5322 1155 5363 sese
1187 5308 1561 5377 conspicatus.
1596 5309 1847 5364 Annulus
1894 5309 2022 5362 item

442 5402 499 5454 in
529 5400 698 5470 digito
719 5415 816 5470 per
844 5402 1183 5471 sculpturam
1209 5402 1346 5471 palze
1373 5402 1628 5473 imaginis
1650 5402 2026 5472 recuperatio-

443 5506 572 5546 nem
611 5492 906 5562 signilicat.
941 5492 1117 5547 Munit
1147 5501 1328 5548 autem
1363 5495 1526 5548 etiam
1585 5495 1752 5565 pedes
1813 5496 2026 5551 calcea-

446 5583 668 5648 mentis,
700 5600 767 5639 ne
795 5587 942 5641 nudo
969 5587 1231 5641 calcaneo
1280 5588 1447 5657 capiti
1499 5588 1770 5660 serpentis
1831 5602 2030 5660 appro-

522 5763 568 5794 “
605 5763 738 5819 Luc.
773 5781 862 5831 xv,
893 5765 982 5819 2|.
1060 5765 1105 5797 ⁵³
1133 5766 1269 5821 Gen.
1307 5781 1388 5828 Ill,
1422 5764 1507 5818 10.

2100 3203 2255 3273 λόγος
2281 3221 2296 3233 ·
2344 3201 2520 3256 ταῦτα
2560 3203 2670 3273 γὰρ
2710 3201 3019 3271 ὑπόμνησιν
3067 3201 3198 3270 ἡμῖν
3243 3199 3470 3268 ἐμποιεῖ
3504 3195 3602 3264 τῆς
3637 3209 3695 3246 τε

2103 3296 2363 3368 πατρίδος
2407 3290 2476 3366 ἦς
2514 3292 2976 3365 ἐκπεπτώκαμεν,
3016 3293 3111 3346 καὶ
3144 3291 3245 3363 τῆς
3288 3288 3592 3358 εὐγενείας,
3630 3282 3697 3358 ἧς

2103 3387 2513 3458 ἀπεϐλήθημεν.
2568 3387 2678 3439 Καὶ
2727 3385 2836 3454 γὰρ
2869 3384 3026 3455 ἐντῷ
3053 3383 3195 3437 κατά
3229 3382 3321 3434 τὸν
3356 3381 3478 3434 νέον
3507 3380 3700 3449 διηγή-

2107 3499 2258 3552 ματι,
2294 3481 2384 3533 τὸν
2414 3479 2728 3533 ἀποστάντα
2757 3480 2856 3550 τῆς
2887 3476 3150 3550 πατρῴας
3179 3475 3385 3539 ἑστίας,
3422 3475 3520 3528 καὶ
3563 3472 3701 3543 πρὸς

2102 3573 2194 3627 τὸν
2225 3570 2456 3642 χοιρώδη
2513 3569 2626 3641 βίον
2670 3569 3150 3642 αὐτομολήσαντα,
3192 3570 3291 3639 τὴν
3345 3567 3702 3640 ἀνθρωπίνην

2105 3664 2396 3734 ἀθλιότητα
2427 3663 2704 3716 δείκνυσιν
2736 3665 2764 3716 ό
2791 3663 2962 3732 Λόγος
3007 3661 3295 3733 ἱστορικῶς
3338 3661 3701 3732 διηγούμενος

2106 3758 2204 3829 τὴν
2237 3755 2597 3825 ἁποφοὶτησιν
2627 3755 2793 3808 αὑτοῦ
2815 3755 2912 3808 καὶ
2932 3754 3030 3825 τὴν
3056 3754 3324 3807 ἀσωτίαν⁸
3343 3755 3403 3806 οὐ
3431 3754 3706 3823 πρότεριν

2107 3848 2164 3900 δὲ
2187 3847 2346 3901 αὐτὸν
2377 3846 2639 3916 ἐπανάγει
2663 3847 2801 3918 πρὸς
2817 3847 2918 3917 τὴν
2944 3846 3002 3912 ἐξ
3024 3848 3200 3917 ἀρχῆς
3231 3844 3554 3916 εύκληρίαν,
3575 3849 3702 3914 πρὶν

2109 3940 2361 4010 αἴσθησιν
2398 3940 2560 4008 αύτὺν
2587 3941 2684 4010 τῆς
2745 3938 3027 4010 παρούσης
3062 3938 3352 3992 ἀναλαϐεῖν
3389 3939 3702 4007 συμφορᾶς,

2111 4034 2190 4095 εἰς
2212 4031 2403 4085 ἑαυτὸν
2433 4030 2625 4095 ἐλθεῖν,
2656 4031 2752 4086 καὶ
2779 4030 3077 4099 μελετῆσαι
3102 4029 3172 4082 τά
3201 4030 3300 4098 τῆς
3337 4028 3704 4099 μεταμελείας

2116 4127 2357 4196 ῥήματα.
2407 4123 2596 4180 Ταῦτα
2639 4123 2699 4176 δὲ
2749 4119 2818 4194 ἦν
2869 4123 3241 4193 συμϐαίνοντά
3299 4139 3418 4184 πως
3447 4125 3565 4184 τοῖς
3604 4119 3706 4187 τῆς

2113 4215 2424 4288 προσευχῆς
2454 4215 2664 4283 λόγοιςο
2695 4214 2865 4284 ἔφησε
2892 4215 3003 4287 γὰρ
3032 4217 3168 4268 ἐκεῖο
3199 4214 3410 4284 Πάτερ,
3437 4214 3705 4283 ἥμαρτον

2067 4364 2069 4366 ,
2114 4311 2202 4374 εὶς
2233 4307 2342 4362 τὸν
2365 4306 2628 4374 οὐρανὸν
2653 4307 2752 4362 καὶ
2775 4306 3032 4361 ἐνώπιόν
3055 4323 3174 4362 σου
3191 4324 3204 4336 ·
3242 4309 3342 4359 οὐκ
3359 4307 3424 4360 ἂν
3447 4305 3702 4378 προσθεὶς

2117 4403 2184 4472 τῇ
2229 4398 2615 4470 ἐξομολογήσει
2663 4399 2761 4469 τὴν
2786 4400 2867 4462 εἰς
2921 4399 3014 4452 τὸν
3036 4397 3264 4470 οὐρανὸν
3301 4399 3601 4468 ἁμαρτίαν,
3632 4397 3704 4466 μὴ

2120 4491 2484 4561 πεπεισμένος
2501 4491 2735 4562 πατρίδα
2763 4486 2902 4545 εἶναι
2926 4493 3016 4544 τὸν
3035 4492 3282 4562 οὐρανὸν,
3305 4491 3364 4543 ὃν
3391 4489 3702 4544 καταλιπὼν

2121 4583 2546 4654 ἐπλημμέλησε·
2575 4583 2665 4636 διὰ
2705 4583 2866 4636 τοῦτο
2914 4586 3009 4637 καὶ⁹
3056 4584 3381 4654 εὐπρόσιτον
3427 4583 3580 4652 αύτῷ
3618 4582 3706 4632 τὸν

2118 4675 2382 4745 πατέραή
2413 4672 2607 4742 μελέτη
2635 4673 2735 4742 τῆς
2773 4672 3031 4741 τοιαύτης
3065 4672 3507 4743 ἐξομολογήσεως
3537 4675 3702 4742 ἀπερ-

2118 4764 2368 4832 γάζεται,
2410 4763 2554 4816 ὥστε
2599 4764 2692 4817 καὶ
2723 4764 3098 4834 προσδραμεῖν
3121 4763 3291 4834 αὐτῷ,
3322 4765 3418 4817 καὶ
3445 4764 3704 4832 φιλήματι

2117 4856 2207 4908 τὸν
2230 4854 2500 4926 τράχηλον
2523 4853 2880 4919 δεξιώσασθαι
2917 4858 3076 4927 (ὅπερ
3099 4856 3355 4926 σημαίνει
3384 4856 3477 4908 τὸν
3496 4855 3706 4923 λογικὸν

2127 4947 2310 5016 ζυγὸν,
2368 4946 2461 5000 τὸν
2501 4945 2590 4999 διὰ
2636 4946 2905 5017 στόματος
2940 4947 3300 5017 ἐπιϐληθέντα
3328 4944 3408 5015 τῷ
3439 4946 3706 5016 ἀνθρώπῳ

2125 5037 2214 5089 διά
2266 5035 2369 5106 τῆς
2431 5036 2794 5106 εὐαγγελικῆς
2827 5036 3199 5108 παραδόσεως,
3248 5035 3327 5106 τῷ
3365 5035 3585 5087 ἐκδύντι
3613 5035 3707 5102 τὴν

2129 5127 2354 5200 πρώτην
2420 5129 2520 5200 τῆς
2578 5127 2801 5198 ἐντολῆς
2852 5128 3106 5199 ζεύγλην,
3165 5129 3259 5181 καὶ
3291 5126 3704 5196 ἀποσεισαμένῳ

2128 5220 2222 5272 τὸν
2252 5217 2593 5287 φυλάσσοντα
2633 5218 2842 5287 νόμον),
2873 5218 3173 5289 περιθεῖναι
3209 5218 3268 5271 δὲ
3303 5218 3457 5287 αὐτῷ
3493 5218 3588 5269 καὶ
3616 5216 3705 5284 τὴν

2134 5311 2347 5382 στολὴν,
2391 5310 2494 5362 οὐκ
2527 5309 2713 5380 ἄλλην,
2745 5309 2881 5363 ἀλλά
2918 5309 3016 5379 τὴν
3045 5309 3287 5380 πρώτην,
3321 5304 3389 5380 ἦς
3427 5307 3703 5375 ἐγυμνώθη

2131 5402 2218 5455 διὰ
2247 5404 2344 5472 τῆς
2378 5401 2686 5472 παρακοῆς,
2720 5400 2856 5470 ὁμοῦ
2895 5403 2960 5472 τῇ
2983 5400 3166 5468 γεύσει
3193 5401 3301 5452 τῶν
3331 5398 3704 5468 ἀπειρημὲιιιιν

2133 5491 2338 5562 γυμνὸν
2401 5492 2592 5544 ἑαυτὸν
2638 5491 2994 5563 θεασάμενος.
3026 5493 3095 5546 "0
3132 5509 3191 5546 τε
3252 5493 3385 5562 περὶ
3431 5491 3530 5562 τὴν
3565 5493 3698 5560 χεῖρα

2133 5583 2445 5651 δακτύλιος,
2489 5584 2579 5639 διὰ
2613 5584 2711 5655 τῆς
2757 5587 2815 5641 ἐν
2847 5588 2920 5656 τῇ
2949 5584 3205 5659 σφενδόνῃ
3245 5584 3459 5656 γλυφῆς
3501 5582 3596 5655 τὴν
3619 5583 3699 5650 τῆς
