3812 6228
128 365 282 423 11ιό

1073 367 1164 422 DE
1204 367 1554 424 ORATIONE
1597 368 1947 426 DOMINICA.
1993 401 2060 414 —
2096 370 2354 428 ORATIO
2393 371 2456 429 11.

3285 375 3421 432 ius

123 488 343 550 εἰκόνος
398 483 740 556 ἐπανάληψιν
799 485 1185 556 ὑποσημαίνει.
1245 485 1622 558 ’Δσφαλίζεται
1659 489 1752 549 δὲ,

1918 505 2119 558 quans,
2160 490 2370 546 incidat
2401 493 2454 545 in
2487 507 2757 548 morsum.
2793 493 3270 560 Quemadmodum
3320 499 3412 566 lgi-

124 580 230 633 καὶ
285 579 412 642 τοὺς
459 578 628 642 πόδας
664 580 776 642 τοῖς
805 578 1166 650 ὑποδήμασιν,
1205 580 1281 644 ὠς
1319 581 1386 635 ἂν
1430 583 1505 654 μὴ
1541 583 1723 652 γυμνῇ

124 673 197 741 τῇ
222 670 454 742 πτέρνῃ,
490 673 556 742 τῇ
597 670 806 742 κεφαλῇ
845 670 942 724 τοῦ
976 671 1153 742 ὄφεως
1189 673 1590 744 προσεγγίζων,
1629 676 1726 744 ἐμ-

127 763 314 834 πίπτῃ
338 762 418 832 τῷ
439 763 698 834 δήγματι.
734 764 944 834 Ὠσπερ
981 763 1160 817 τοίνυν
1198 767 1314 818 ἐκεῖ
1340 767 1440 836 τῆς
1466 765 1724 838 παρὰτοῦ

129 856 344 927 πατρὸς
399 855 805 927 φιλανθρωπίας
857 856 1006 910 αίτία
1044 857 1235 926 γέγονε
1275 857 1354 929 τῷ
1391 858 1496 929 νέῳ
1527 861 1562 930 η
1590 860 1727 930 πρὸς

128 947 236 1017 τὴν
285 945 544 1017 πατρῴαν
606 946 792 1000 ἐστίαν
828 947 1132 1018 ἐπιστροφὴ
1173 947 1350 1018 (αὕτη
1407 948 1464 1001 δέ
1513 950 1660 1002 ἐστιν
1697 949 1726 1000 ὁ

129 1040 369 1110 οὐρανὸς
405 1042 484 1102 είς
521 1039 580 1091 ὃν
618 1039 1144 1110 πεπλημμεληκέναι
1193 1041 1273 1112 τῷ
1313 1042 1481 1113 πατρὶ
1525 1041 1722 1111 λέγει),

131 1129 283 1183 οὕτω
321 1132 413 1183 καὶ
447 1129 680 1183 ἐνταῦθα
708 1131 854 1183 δοκεῖ
891 1148 979 1200 μοι
1022 1131 1288 1186 διδάσκων
1325 1134 1354 1184 ὁ
1392 1132 1597 1202 Κύριος
1635 1133 1726 1186 τὸν

131 1224 195 1274 ἐν
242 1224 356 1284 τοῖς
406 1223 654 1294 οὐρανοῖς
684 1225 1059 1277 ἐπικαλεῖσθαι
1099 1225 1347 1297 Πατέρα,
1391 1228 1608 1296 μνήμην
1644 1243 1726 1279 σοι

132 1315 414 1368 ποιεῖσθαι
466 1317 561 1386 τῆς
602 1314 813 1385 ἀγαθῆς
853 1316 1132 1387 πατρίδος,
1193 1317 1268 1381 ὠς
1311 1317 1378 1371 ἂν
1430 1319 1726 1388 ἐπιθυμίαν

134 1407 506 1478 σφοδροτέραν
544 1407 652 1459 τῶν
690 1408 870 1461 καλῶν
888 1410 1216 1480 ἐμποιήσας,
1239 1409 1554 1481 ἐπιστήσειέ
1579 1427 1638 1463 σε
1659 1413 1724 1482 τῇ

130 1499 244 1569 ὁδῷ
280 1503 346 1570 τῇ
379 1501 514 1572 πρὸς
550 1501 645 1572 τὴν
685 1501 914 1572 πατρίδα
955 1502 1116 1555 πάλιν
1157 1501 1527 1575 ἐπαναγούσῃ.
1579 1503 1727 1568 Ὁδὸς

131 1587 194 1640 δὲ
235 1590 269 1659 ἡ
301 1590 436 1660 πρὸς
479 1590 569 1643 τὸν
601 1591 828 1661 οὐρανὸν
877 1592 975 1661 τὴν
1025 1592 1372 1665 ἀνθρωπίνην
1415 1595 1576 1664 φύσιν
1627 1597 1727 1649 ἀν-

132 1681 369 1748 άγουσα,
395 1683 620 1753 οὐδεμία
632 1684 716 1747 τίς
753 1687 899 1738 ἐστιν
923 1685 1053 1755 ἄλλη
1070 1719 1084 1746 ,
1102 1688 1151 1739 εἰ
1187 1685 1260 1760 μὴ
1283 1688 1425 1758 φυγὴ
1466 1689 1559 1740 καὶ
1589 1689 1727 1740 ἀπό-

135 1789 331 1836 στασις
365 1773 472 1826 τῶν
536 1775 830 1847 περιγείων
880 1777 1098 1830 κακῶνο
1139 1777 1240 1848 τῆς
1291 1777 1348 1831 δὲ
1389 1779 1568 1849 φυγῆς
1617 1779 1728 1831 τῶν

134 1865 329 1918 κακῶν
366 1867 598 1932 ἐπίνοια,
644 1867 744 1920 οὐκ
778 1867 910 1940 ἄλλη
953 1868 1043 1939 μοί
1078 1886 1162 1934 τις
1199 1865 1340 1924 εἶναι
1377 1869 1542 1935 δοκεῖ,
1588 1871 1728 1942 πλὴν

131 1959 242 2031 τῆς
300 1959 436 2028 πρὸς
475 1959 567 2013 τὸν
605 1960 736 2014 Θεὸν
774 1961 1104 2030 ὁμοιώσεως.
1163 1962 1236 2015 Τὸ
1293 1962 1348 2015 δὲ
1397 1963 1729 2034 ὁμοιωθῆναι

131 2053 287 2124 Θεῷ,
323 2055 383 2106 τὸ
431 2053 639 2108 δίκαιόν
685 2071 744 2106 τε
797 2055 890 2107 καὶ
940 2055 1086 2108 ὅσιον
1124 2056 1218 2109 καὶ
1269 2055 1493 2124 ἀγαθὸν,
1530 2056 1626 2109 καὶ
1660 2058 1730 2111 τὰ

132 2143 368 2198 τοιαῦτά
401 2147 515 2198 ἐστι
553 2145 825 2213 γενέσθαι.
857 2139 956 2198 Ὧν
982 2147 1037 2198 εἴ
1067 2163 1173 2212 τις,
1216 2146 1293 2209 ὼς
1332 2146 1446 2200 ἐστι
1482 2147 1727 2212 δυνατὸν,

135 2239 267 2300 τοὺς
307 2237 657 2308 χαρακτῆρας
685 2237 931 2309 ἐναργῶς
957 2239 1014 2291 ἐν
1043 2238 1223 2309 ἑαυτῷ
1241 2239 1564 2301 τυπώσειεν,
1595 2240 1732 2309 ἀμο-

134 2330 270 2398 γητὶ
293 2328 434 2382 κατὰ
461 2329 522 2382 τὸ
547 2328 854 2398 αὐτόματον
884 2328 1020 2400 πρὸς
1041 2329 1132 2382 τὸν
1151 2329 1399 2400 οὐράνιον
1424 2328 1601 2400 χῶρον
1622 2329 1731 2381 ἀπὸ

132 2416 235 2469 τοῦ
297 2417 581 2487 περιγείου
638 2419 1037 2488 μεταστήσεται
1087 2419 1224 2488 βίου.
1269 2419 1343 2472 υὺ
1383 2424 1492 2490 γὰρ
1531 2421 1730 2490 τοπικὴ

131 2512 235 2565 τοῦ
279 2511 437 2564 Θεξου
491 2511 628 2583 πρὸς
681 2512 742 2564 τὸ
781 2510 1118 2583 ἀνθρώπινόν
1167 2513 1316 2566 ἐστιν
1353 2515 1386 2584 ἡ
1428 2513 1729 2578 διάστασις,

132 2604 283 2658 ὥστε
327 2604 464 2666 τινὸς
491 2608 736 2674 μηχανῆς
781 2621 842 2656 τε
879 2607 1011 2675 ἡμῖν
1049 2606 1143 2658 καὶ
1180 2604 1442 2668 ιέπινοίας
1477 2604 1730 2674 γενέσθαι

134 2697 356 2768 χρείαν,
390 2696 453 2748 τὸ
489 2696 624 2767 βαρύ
664 2713 724 2748 τε
779 2696 873 2750 καὶ
913 2695 1174 2767 ἐμϐριθὲς
1207 2697 1300 2750 καὶ
1339 2697 1539 2766 γεῶδες
1574 2696 1733 2748 τοῦτο

137 2789 369 2859 σαρκίον
406 2789 542 2860 πρὸς
580 2789 679 2859 τὴν
709 2787 996 2858 ἀσώματόν
1026 2806 1086 2841 τε
1104 2791 1206 2860 ,καὶ
1227 2789 1419 2860 νοερὰν
1456 2787 1734 2860 διαγωγὴν

137 2878 475 2950 μετοικίζειν
498 2897 511 2910 ο
553 2879 689 2932 ἀλλὰ
727 2881 934 2951 νοητῶς
961 2881 1062 2950 τῆς
1087 2880 1292 2950 ἀρετῆς
1312 2879 1406 2933 τοῦ
1435 2879 1606 2932 κακοῦ
1637 2897 1731 2933 κε-

135 2973 518 3044 χωρισμένης,
559 2975 617 3025 ἐν
669 2973 806 3045 μόνῃ
843 2976 908 3043 τῇ
949 2972 1265 3044 προαιρέσει
1304 2972 1400 3025 τοῦ
1444 2973 1730 3040 ἀνθρώπου

137 3068 344 3127 κεῖται,
409 3063 547 3135 πρὸς
606 3065 744 3136 ὅπερ
781 3063 846 3117 ἂν
887 3063 1192 3134 ἐπικλιθείη
1231 3066 1297 3135 τῇ
1347 3063 1632 3134 ἐπιθυμίᾳ,
1674 3064 1732 3116 ἐν

137 3155 343 3225 ἐκείνῳ
374 3148 533 3208 εἶναι.
587 3154 740 3207 Ἐπεὶ
766 3149 858 3208 οὖν
886 3154 1060 3218 οὐδεὶς
1097 3155 1287 3207 ἕπεται
1318 3155 1476 3218 πόνος
1517 3154 1731 3207 ἑλέσθαι

135 3248 202 3299 τὸ
229 3245 438 3314 ἀγαθὸν
490 3245 608 3317 (τῷ
641 3245 700 3300 δὲ
738 3245 949 3298 ἐλέσθαι
985 3246 1081 3298 καὶ
1117 3245 1177 3298 τὸ
1205 3247 1386 3315 τυχεῖν
1424 3245 1614 3298 ἕπεται
1654 3238 1730 3298 ὧν

135 3355 227 3402 τις
254 3337 580 3407 προείλετο),
617 3337 791 3403 ἔξεστί
824 3355 906 3394 σοι
938 3336 1100 3401 εὐθὺς
1137 3339 1196 3389 ἐν
1224 3343 1302 3408 τῳ
1329 3337 1542 3408 οὐρανῷ
1568 3333 1728 3400 εἶναι,

135 3431 231 3483 τὸν
256 3429 392 3482 Θεὸν
431 3431 488 3483 ἐν
507 3431 574 3500 τῇ
610 3429 1066 3500 διανοίᾳλαϐόντι.
1101 3428 1167 3482 Εἰ
1205 3429 1332 3499 γὰρ,
1366 3428 1547 3490 καθώς
1567 3445 1730 3497 φησιν

135 3523 166 3574 ό
211 3521 671 3592 Ἐκκλησιαστὴς,
720 3523 772 3574 '0
804 3523 948 3589 Θεὸς
977 3522 1047 3576 ἐν
1077 3520 1158 3586 τῷ
1191 3521 1446 3588 οὐρανῷ,
1477 3523 1541 3574 σὺ
1568 3521 1626 3573 δὲ
1652 3520 1732 3591 τῷ

137 3613 298 3684 Θεῷ,
342 3614 484 3667 κατὰ.
515 3613 606 3666 τὸν
653 3611 947 3686 Προφήτην
996 3614 1469 3686 προσεκολλήθηςο
1516 3616 1728 3689 ἀνάγκη

140 3711 298 3762 πᾶσα
338 3706 430 3760 τὸν
458 3706 536 3776 τῷ
571 3705 690 3776 Θεῴ
723 3707 1064 3778 συνημμένον
1097 3709 1213 3761 ἐκεῖ
1250 3704 1390 3760 εἶναι
1426 3709 1558 3761 ὅπου
1584 3710 1732 3763 ἐστὶν

137 3805 168 3855 ὁ
196 3802 356 3864 Θεός.
387 3799 703 3873 Προστάξας
727 3799 906 3853 τοίνυν
925 3800 984 3852 ὲν
1005 3803 1070 3871 τῇ
1093 3803 1366 3870 προσευχῇ
1391 3800 1568 3869 λέγειν
1596 3801 1732 3872 πρὸς

140 3894 344 3948 ἑαυτοῦ
381 3894 474 3948 τὸν
510 3893 664 3955 Θεὸν,
701 3891 852 3947 οὐδὲν
891 3892 1099 3964 ἓτερον,
1135 3893 1168 3964 ἢ
1209 3893 1524 3964 ὁμοιοῦσθαί
1564 3909 1624 3945 σε
1663 3895 1730 3963 τῇ

141 3987 444 4056 θεοπρεπεῖ
479 3983 724 4055 πολιτείᾳ
753 3983 831 4054 τῷ
866 3984 1104 4055 οὐρανίῳ
1135 3983 1344 4038 κελεύει
1372 3985 1568 4054 Πατρὶ,
1598 3984 1733 4038 καθ·

142 4080 292 4148 άπερ
332 4077 428 4130 καὶ
466 4075 845 4147 φανερώτερον
884 4075 1113 4147 ἑτέρωθι
1151 4075 1214 4129 τὸ
1247 4076 1486 4130 τοιοῦτον
1524 4093 1734 4148 παρεγ-

141 4173 288 4240 γυᾷ,
341 4169 551 4238 λέγων·
588 4170 846 4224 Γίνεσθε
887 4169 1132 4233 τέλειοι,
1189 4171 1273 4234 ὠς
1313 4169 1412 4224 καὶ
1460 4173 1494 4226 ό
1531 4169 1734 4240 Πατὴρ

140 4262 318 4333 ὑμῶν
356 4266 389 4316 ό
425 4262 696 4330 οὐράνιος
727 4262 954 4329 τέλειός
985 4263 1176 4316 ἐστιν.

217 4357 284 4408 Εἰ
356 4352 451 4410 οὖν
507 4358 842 4428 νενοήκαμεν
889 4356 988 4426 τῆς
1014 4355 1270 4428 τοιαύτης
1299 4356 1611 4428 προσευχῆς
1637 4355 1752 4426 τὴν,

1830 591 1920 634 tur
1951 583 2062 637 illic
2092 583 2338 638 reversio
2369 585 2434 638 ad
2472 586 2707 654 patriam
2740 587 2925 641 sedem
2950 597 3196 656 paternae
3227 588 3422 642 huma-

1827 671 2020 728 nitatis
2046 671 2382 727 adolescenti
2406 689 2574 729 causa
2603 675 2813 729 exstitit
2833 676 3031 745 (patria
3059 685 3238 731 autem
3262 678 3422 732 sedes

1826 772 1946 818 erat
1977 765 2201 829 ccelum,
2235 765 2290 819 in
2325 765 2473 833 quod
2509 782 2585 820 se-
2599 782 2862 836 peccasse
2890 767 2956 822 ad
2991 777 3202 840 patrem
3227 767 3379 836 dicit)
3409 783 3423 820 :

1829 855 1906 910 ita
1939 857 2105 911 etiam
2138 856 2228 910 hic
2256 857 2388 912 mihi
2423 858 2709 923 Dominus,
2735 859 2865 913 dum
2892 861 3171 916 cmlestem
3201 861 3417 916 Patrem

1828 946 2200 1004 invocandum
2231 963 2357 1003 esse
2395 948 2578 1010 docet.
2610 950 2810 1004 bonam
2869 951 3016 1005 illam
3073 953 3308 1021 patriam
3363 953 3419 1006 in

1830 1039 2152 1094 memoriam
2211 1039 2461 1110 redigere
2508 1041 2607 1095 tibi
2643 1040 2881 1107 videtur,
2920 1053 2978 1094 ut
3025 1043 3420 1099 vehementiori

1829 1129 2102 1184 bonorum
2135 1131 2336 1200 injecto
2357 1131 2634 1188 desiderio
2657 1135 2815 1188 sistat
2841 1145 2891 1188 Ie
2923 1149 3118 1189 rursus
3148 1139 3202 1190 in
3230 1136 3316 1189 via
3347 1138 3418 1191 a-l

1829 1223 2065 1291 patriam
2098 1224 2400 1278 reducenti.
2437 1223 2536 1278 Via
2569 1233 2751 1280 autem
2789 1241 2908 1295 qua:
2938 1237 3188 1282 naturam
3221 1229 3417 1282 huma-

1828 1331 1956 1371 nam
1991 1316 2061 1370 ad
2111 1317 2312 1372 caelum
2347 1317 2625 1382 subducit,
2676 1319 2824 1371 nulla
2864 1325 2947 1372 est
2975 1319 3104 1380 alia,
3155 1319 3263 1374 nisi
3293 1320 3421 1390 iuga

1829 1417 1883 1461 et
1923 1408 2114 1463 vitatio
2145 1410 2404 1463 vitiorum
2443 1418 2814 1465 terrenorum.
2868 1410 3038 1464 Porro
3083 1409 3224 1480 fuga:
3261 1411 3422 1466 vitio-

1828 1515 1951 1552 rum
1987 1501 2128 1554 ratio
2159 1501 2289 1556 mihi
2324 1517 2431 1556 non
2469 1502 2571 1556 alia
2615 1502 2740 1556 iniri
2783 1518 2944 1572 posse
2973 1503 3207 1567 videtur,
3253 1518 3420 1572 quam

1830 1591 1878 1647 si
1909 1590 2005 1646 Dei
2040 1591 2252 1646 similes
2281 1593 2597 1646 evadamus.
2650 1591 2765 1647 Deo
2795 1603 2982 1648 autem
3015 1594 3250 1650 similem
3277 1593 3417 1658 ﬁeri,

1828 1692 1914 1738 est
1937 1683 2150 1753 justum
2180 1685 2384 1753 pariter
2411 1699 2476 1738 ac
2506 1693 2781 1750 sanctum,
2813 1685 3039 1748 bonum,
3069 1693 3124 1740 ct
3149 1685 3420 1753 ejusmodi

1828 1775 2129 1830 virtutibus
2182 1774 2469 1844 praeditum
2530 1776 2678 1828 ﬁeri:
2741 1790 2976 1844 quarum
3032 1775 3320 1840 virtutum,
3374 1775 3422 1829 si

1829 1867 1978 1937 quis,
2012 1868 2194 1936 quoad
2222 1867 2344 1934 ejus
2377 1865 2492 1920 ﬁeri
2525 1873 2726 1935 potest,
2769 1864 3008 1936 insignia
3039 1863 3331 1919 manifesta
3364 1863 3423 1919 in

1831 1975 1955 2018 sese
1982 1959 2342 2028 impresserit,
2377 1958 2496 2012 sine
2524 1957 2727 2020 labore,
2777 1958 3041 2026 nulloque.
3067 1957 3288 2027 negotio
3328 1971 3425 2026 per

1832 2067 1893 2107 se
1920 2066 2130 2121 suaque
2161 2059 2358 2120 Sponte
2384 2065 2414 2102 a
2449 2058 2665 2104 terrena
2688 2050 2800 2103 vita
2831 2049 2898 2104 ad
2927 2050 3208 2104 ctelestcm
3241 2049 3423 2102 locum

1831 2142 2217 2199 transferetur.
2257 2140 2373 2196 Non
2406 2143 2552 2196 enim
2589 2141 2695 2195 loci
2737 2142 3026 2196 intervallo
3052 2157 3256 2195 numen
3283 2139 3429 2194 divi-

1831 2251 1964 2292 num
2003 2235 2074 2288 ab
2103 2234 2346 2288 humano
2383 2248 2584 2304 genere
2625 2234 2818 2296 distat,
2862 2240 2921 2286 ut
2953 2233 3136 2302 aliqua
3171 2231 3426 2286 machina

1833 2328 1995 2383 nobis
2022 2335 2188 2396 atque
2225 2326 2536 2396 excogitato
2568 2325 2803 2379 artiﬁcio
2833 2325 2904 2380 sit
2948 2340 3110 2394 opus,
3166 2338 3277 2392 quo
3309 2323 3427 2378 hinc

1833 2422 2038 2490 gravis,
2070 2419 2381 2490 ponderosa
2423 2428 2588 2488 atque
2627 2425 2846 2471 terrena
2878 2416 3180 2470 caruncula
3232 2415 3298 2468 ad
3337 2415 3425 2468 in-

1833 2527 2156 2583 corpoream
2203 2510 2413 2582 pariter
2454 2519 2509 2564 et
2547 2509 2976 2564 intellectualem
3033 2509 3424 2562 habitationem

1833 2608 2190 2667 traducatur;
2231 2603 2326 2659 sed
2359 2603 2566 2656 virtute
2597 2617 2626 2654 a
2660 2601 2814 2663 vitio,
2850 2608 3015 2670 prout
3057 2600 3423 2670 intelligentia

1833 2697 2040 2769 percipi
2067 2697 2252 2760 datur,
2302 2702 2579 2765 separata,
2616 2695 2669 2747 in
2703 2695 2821 2749 solo
2849 2695 3016 2748 animi
3047 2694 3272 2748 humani
3302 2708 3430 2764 pro-

1833 2793 2012 2861 posito
2041 2789 2208 2845 situm
2239 2795 2342 2852 est,
2399 2798 2456 2842 ut
2483 2802 2814 2858 quocunque
2845 2787 3145 2856 cupiditate
3185 2787 3426 2842 inclina-

1833 2893 1924 2939 tus
1945 2885 2038 2949 sit,
2075 2883 2130 2936 in
2161 2897 2228 2936 eo
2256 2891 2522 2935 versetur.
2554 2879 2826 2946 Quoniam
2859 2882 3028 2950 igitur
3054 2881 3238 2936 nullus
3271 2880 3432 2934 labor

1835 2976 2104 3032 sumendo
2137 2985 2300 3044 atque
2327 2973 2580 3044 eligendo
2605 2975 2750 3028 bono
2779 2974 2990 3038 subest,
3021 2981 3184 3043 atque
3207 2973 3432 3028 electio.

1835 3086 1959 3125 nem
1994 3070 2157 3124 etiam
2205 3067 2429 3137 adeptio
2477 3082 2883 3138 successusque
2922 3083 3152 3138 prosper
3179 3069 3433 3138 sequitur

1759 3178 1804 3236 ο
1834 3177 2048 3225 eorum,
2090 3177 2214 3231 qua:
2259 3160 2362 3214 sibi
2394 3159 2630 3229 quisque
2675 3160 2912 3228 sumpsit
2951 3167 3005 3214 et
3045 3159 3245 3230 elegit:
3303 3159 3432 3213 licet

1837 3253 1935 3308 tibi
1967 3253 2153 3306 statim
2196 3267 2322 3306 esse
2353 3251 2408 3304 in
2435 3251 2600 3315 cmlo,
2652 3250 2744 3304 ubi
2777 3250 2945 3305 Deum
2980 3251 3036 3305 in
3068 3259 3250 3306 mente
3274 3266 3436 3305 sum-

1837 3343 2036 3413 pseris.
2072 3341 2208 3397 Nam
2237 3342 2306 3404 si,
2339 3353 2398 3396 ut
2423 3337 2788 3396 Ecclesiastes
2816 3341 3017 3411 inquit,
3053 3341 3194 3395 Deus
3225 3343 3279 3394 in
3303 3343 3434 3395 caelo

1837 3437 2010 3492 est“:
2066 3445 2124 3489 tu
2159 3450 2290 3490 vero
2343 3433 2474 3499 Deo,
2517 3435 2822 3491 secundum
2858 3434 3216 3504 Prophetam,
3273 3432 3429 3503 quasi

1838 3527 2212 3599 agglutinatus
2243 3541 2304 3582 es
2333 3536 2388 3582 et
2417 3525 2668 3580 adhaeres
2686 3527 2765 3593 ⁸⁵;
2803 3525 3031 3579 omnino
3065 3539 3292 3579 necesse
3321 3532 3431 3586 est,

1841 3631 1899 3675 ut
1933 3619 2046 3674 Deo
2074 3618 2410 3689 coniunctus
2437 3618 2549 3672 illic
2588 3618 2679 3681 sit,
2732 3617 2824 3672 ubi
2853 3616 2998 3672 Deus
3024 3623 3130 3671 est.
3163 3615 3300 3670 Cum
3333 3615 3436 3686 igi-

1841 3722 1932 3767 tur
1957 3712 2298 3782 praeceperit,
2331 3720 2392 3764 ut
2438 3711 2494 3765 in
2528 3711 2780 3765 oratione
2808 3709 2979 3764 Deum
3010 3709 3228 3764 Patrem
3276 3716 3431 3762 tuum

1839 3805 2016 3869 dicas,
2043 3819 2155 3858 non
2195 3803 2386 3864 alium.
2425 3818 2590 3873 quam
2629 3818 2724 3872 per
2755 3803 3000 3857 divinum
3042 3802 3168 3856 vita:
3196 3801 3436 3856 institu-

1840 3909 1958 3954 tum
2001 3906 2054 3954 te
2083 3897 2300 3952 caelesti
2335 3894 2486 3949 Patri
2519 3895 2754 3950 similem
2789 3894 2904 3948 ﬁeri
2951 3894 3128 3962 jubet,
3165 3891 3432 3962 quemad-

1841 3991 2064 4045 modum
2111 3990 2275 4044 etiam
2324 3989 2454 4042 alibi
2504 3989 2746 4057 apertius
2788 3987 2841 4041 id
2888 3987 3144 4048 mandat,
3201 3985 3425 4038 dicens:

1843 4081 1976 4138 Sitis
2005 4081 2242 4150 perfecti,
2279 4081 2416 4134 sicut
2451 4081 2614 4134 etiam
2650 4079 2814 4133 Pater
2848 4088 3017 4132 vester
3047 4076 3274 4130 ccclesiis
3313 4090 3435 4145 per-

1845 4177 2012 4238 fectus
2051 4183 2129 4228 est
2154 4174 2221 4226 ⁸⁸.

1918 4356 1975 4411 Si
2015 4357 2181 4426 igitur
2208 4354 2581 4408 intelleximus
2610 4349 2879 4420 ejusmodi
2903 4347 3184 4412 ,orationis
3209 4355 3433 4403 senten-

142 4448 412 4508 διάνοιαν,
465 4448 656 4518 καιρὸς
689 4447 756 4502 ἂν
803 4447 889 4519 εἴη
929 4447 1365 4518 παρασκευάζειν
1401 4447 1612 4500 ἑαυτῶν
1637 4447 1737 4510 τὰς

1924 4465 1974 4501 m
2001 4487 2016 4512 ,
2074 4456 2291 4516 tempus
2341 4445 2509 4499 fuerit
2539 4443 2756 4497 animos
2791 4449 3010 4496 nostros
3063 4438 3433 4510 praeparandi,

141 4541 350 4612 ψυχὰς,
387 4541 529 4594 ὥστε
552 4541 684 4594 ποτέ
726 4540 998 4610 θαρσῆσαι
1026 4539 1128 4602 τὰς
1151 4540 1330 4606 φωνὰς
1368 4538 1568 4602 ταύτας
1606 4539 1736 4592 ἀνα·

143 4634 336 4688 λαϐεῖν
355 4632 445 4685 διὰ
483 4633 770 4704 στόματος,
795 4633 888 4685 καὶ
915 4633 1086 4684 εἰπεῖν
1112 4633 1169 4684 ὲν
1201 4631 1505 4702 παρρησίᾳ·
1546 4629 1738 4695 Πάτερ

143 4723 342 4795 ἡμῶν,
373 4728 405 4778 ό
429 4725 500 4779 ἐν
526 4723 650 4791 τοῖς
679 4723 976 4792 οὐρανοῖς.
1016 4724 1226 4793 Ὠσπερ
1262 4722 1372 4794 γὰρ
1401 4722 1610 4792 φανερὰ
1638 4723 1738 4792 τῆς

145 4816 290 4886 πρὸς
319 4813 410 4866 τὸν
453 4813 584 4867 Θεὸν
635 4814 954 4886 ὁμοιότητός
1005 4816 1119 4867 ἐστι
1151 4815 1220 4867 τὰ
1255 4813 1632 4885 γνωρίσματα,
1670 4813 1737 4866 δι’

145 4901 226 4962 ὦν
245 4907 364 4960 ἐστι
383 4907 568 4961 τέκνον
589 4907 723 4960 Θεοῦ
749 4906 1004 4976 γενέσθαι
1031 4908 1152 4961 τινὰ
1173 4907 1365 4976 (Ὅσοι
1386 4905 1495 4975 γὰρ
1514 4907 1738 4959 ἔλαϐον

147 4998 363 5058 αὑτὸν,
383 5000 567 5070 φησιν,
599 4998 820 5052 ἔδωκεν
841 4996 1050 5064 αὐτοῖς
1070 4998 1363 5060 ἐξουσίαν
1383 4997 1565 5050 τέκνα
1589 4994 1738 5050 Θεοῦ

149 5089 453 5162 γενέσθαιο
488 5091 754 5160 λαμϐάνει
786 5090 843 5144 δέ
873 5107 956 5154 τις
994 5091 1051 5142 ὲν
1075 5088 1252 5160 ἐαυτῷ
1278 5089 1370 5142 τὸν
1398 5089 1550 5151 Θεὸν,
1584 5090 1612 5141 ὁ
1639 5087 1740 5158 τὴν

150 5185 299 5239 κατὰ
349 5184 409 5236 τὸ
446 5183 650 5252 ἀγαθὸν
683 5181 966 5237 ἀναλαϐὼν
1019 5183 1352 5254 τελειότητα)
1373 5199 1389 5214 ο
1421 5180 1593 5245 οὕτως
1623 5180 1738 5234 ἐστι

148 5280 278 5332 τινὰ
329 5280 425 5332 καὶ
474 5279 568 5332 τοῦ
617 5279 856 5351 πονηροῦ
897 5282 1246 5351 χαρακτῆρος
1287 5279 1392 5333 ἴδια
1426 5282 1646 5349 σημεῖα,
1681 5280 1740 5330 ἐν

148 5367 233 5434 οἷς
258 5372 288 5422 ὁ
312 5372 624 5442 γενόμενος,
653 5373 764 5435 υἱὸς
788 5372 922 5425 Θεοῦ
943 5370 1080 5426 εἶναι
1112 5374 1171 5427 οὑ
1203 5372 1445 5434 δύναται,
1467 5372 1564 5440 τῆς
1588 5373 1741 5423 ἐναν-

148 5466 276 5528 τίας
315 5463 529 5532 φύσεως
572 5465 670 5536 τὴν
707 5465 890 5518 εἰκόνα
930 5465 1131 5536 φέρων.
1177 5463 1366 5516 Βούλει
1405 5463 1606 5531 γνῶναι
1645 5462 1740 5516 τοῦ

151 5555 398 5627 πονηροῦ
449 5559 798 5629 χαρακτῆρος
845 5559 913 5610 τὰ
953 5556 1256 5628 ίδιὼματα;
1309 5557 1366 5608 ὐ
1406 5555 1619 5623 φθόνος,
1680 5555 1743 5608 τὸ

155 5652 340 5720 μῖσος,
373 5649 669 5721 ήδιαϐολὴ,
713 5651 742 5702 ό
788 5649 977 5720 τῦφος,
1011 5650 1045 5720 ἡ
1084 5647 1389 5715 πλεονεξία,
1426 5650 1459 5718 ἡ
1491 5648 1743 5719 ἐμπαθὴς

227 5833 277 5866 ⁸³
315 5833 491 5890 Eccle.
523 5849 576 5901 v,
614 5832 662 5887 l.

739 5833 785 5864 “
825 5829 969 5888 Psal.
1008 5847 1194 5900 um,
1233 5830 1322 5887 28.
1400 5831 1443 5863 "
1483 5827 1671 5886 Matth.
1715 5846 1768 5898 ν,
1806 5830 1894 5887 48.

1840 4551 1900 4596 ut
1929 4538 2230 4611 aliquando
2278 4539 2578 4591 audeamus
2634 4536 2733 4590 has
2774 4549 2940 4588 voces
2983 4547 3202 4588 sumere
3252 4531 3306 4585 in
3343 4547 3434 4598 os,

1839 4649 1903 4688 ac
1932 4634 2119 4688 dicere
2144 4647 2272 4686 cutn
2305 4629 2527 4693 ﬁducia,
2561 4627 2725 4681 Pater
2754 4637 2951 4689 noster,
2981 4627 3071 4696 qui
3100 4641 3152 4679 es
3181 4625 3236 4677 in
3262 4624 3429 4678 caelis.

1840 4723 2316 4792 Quemadmodum
2364 4721 2511 4776 enim
2545 4719 2926 4774 similitudinis
2949 4734 3072 4772 cum
3115 4716 3224 4772 Deo
3254 4718 3431 4771 mani-

1842 4818 1979 4873 festa
2013 4827 2142 4872 sunt
2171 4815 2395 4878 indicia,
2435 4829 2531 4882 per
2561 4827 2683 4882 qua:
2728 4812 2873 4867 ﬁlius
2915 4811 3008 4866 Dei
3040 4810 3154 4864 ﬁeri
3180 4810 3305 4880 quis
3337 4825 3435 4878 po-

1842 4919 1948 4965 test
1981 4909 2279 4980 (Quotquot
2317 4907 2458 4961 enim
2502 4915 2804 4972 receperunt
2846 4920 2997 4967 eum,
3053 4903 3247 4973 inquit,
3287 4901 3434 4955 dedit

1840 5003 1914 5057 eis
1949 5009 2280 5069 potestatem,
2317 5007 2374 5050 ut
2413 4995 2517 5066 ﬁlii
2541 4995 2636 5050 Dei
2688 4997 2871 5064 ﬁerent
2894 4994 2977 5047 δτι
3013 4995 3208 5063 recipit
3247 5001 3434 5047 autem

1843 5090 2044 5157 aliquis
2074 5089 2128 5141 in
2165 5103 2290 5142 sese
2326 5084 2522 5146 Deum,
2569 5083 2663 5153 qui
2697 5082 2825 5136 boni
2861 5082 3250 5150 perfectionem
3282 5094 3433 5133 rece-

1843 5182 1992 5253 pit):
2021 5178 2097 5232 ita
2122 5177 2287 5232 etiam
2309 5175 2544 5247 improbi
2591 5174 2872 5230 simulacri
2903 5188 3002 5228 sua
3028 5171 3272 5241 quaedam
3301 5177 3432 5224 sunt

1844 5277 2032 5344 signa,
2089 5273 2292 5341 quibus
2344 5269 2642 5339 insignitus
2689 5283 2814 5322 esse
2858 5267 3002 5320 ﬁlius
3043 5263 3138 5318 Dei
3189 5277 3298 5316 non
3329 5275 3429 5332 po-

1843 5375 1950 5421 test
2005 5375 2195 5434 utpote
2254 5361 2546 5418 contrariaa
2611 5371 2820 5413 natura;
2869 5358 3160 5427 imaginem
3210 5369 3428 5426 gerens.

1849 5460 1941 5514 Vis
1984 5471 2319 5530 cognoscere
2361 5454 2598 5526 improbi
2636 5450 2917 5509 simulacri
2947 5448 3197 5520 proprias
3229 5450 3436 5502 notas?

1845 5553 2073 5615 invidia,
2093 5549 2304 5610 odium,
2327 5545 2627 5608 calumnia,
2660 5543 2937 5614 superbia,
2961 5539 3214 5601 avaritia,
3232 5536 3430 5592 vitiosa

1845 5645 2136 5716 cupiditas,
2192 5641 2369 5696 insani
2423 5640 2613 5710 gloriae
2655 5636 2830 5695 studii
2882 5634 3150 5690 morbus:
3208 5631 3324 5685 hac
3371 5635 3430 5682 et

1975 5829 2016 5862 ³⁷
2058 5826 2212 5882 Joan.
2261 5842 2312 5892 ι,
2359 5821 2440 5878 1‘2.
