3812 6228
356 322 492 381 ΗΠ

1593 323 1651 378 S.
1686 321 2018 379 GREGORII
2055 322 2348 381 NYSSENI

3497 324 3641 383 “63

354 439 627 511 ejusmodi
662 449 814 503 sunt,
844 440 1050 510 quibus
1081 439 1255 495 forma
1294 439 1592 497 adversarii
1646 446 1938 515 insignitur

2073 443 2328 515 πιΘυμία,
2391 443 2453 496 τὸ
2512 441 2652 497 κατὰ
2702 442 2802 512 τὴν
2859 442 3178 514 δοξομανίαν
3245 441 3637 516 sapam,“-

355 543 522 604 at'que
567 541 810 587 notatur.
849 533 1022 603 Cujus
1064 532 1233 604 igitur
1263 533 1482 589 animus
1524 535 1794 604 ejusmodi
1827 551 1943 590 ma-

355 628 499 682 culis
536 633 591 680 et
635 627 782 681 notis
830 625 1074 681 infectus
1113 633 1170 680 et
1219 627 1440 682 inustus
1475 636 1578 691 est,
1633 628 1678 682 si
1729 637 1940 698 patrem

357 719 718 783 invocaverit,
761 727 884 774 uter
915 719 964 774 ei
991 727 1143 790 pater
1171 721 1545 775 auscultabit?
1577 722 1836 776 nimirum
1869 723 1938 786 is,

357 812 451 882 qui
491 820 759 882 cognatus
797 820 879 866 est
908 812 1186 866 invocanti
1214 832 1226 866 :
1267 813 1312 867 is
1345 821 1529 868 autem
1563 829 1671 867 non
1707 814 1799 868 ille
1828 828 1943 868 cm-

359 906 536 970 lestis,
575 904 670 959 sed
703 905 1097 961 subterraneus
1121 915 1226 960 est.
1258 906 1432 976 Cujus
1459 907 1604 960 enim
1633 906 1784 977 signa
1814 923 1942 978 pro-

358 997 521 1050 simae
549 996 898 1066 cognationis
933 997 1095 1065 gerit,
1146 997 1238 1051 ille
1278 1013 1434 1052 suam
1467 997 1691 1050 omnino
1739 1012 1940 1066 cogna-

359 1091 564 1144 tionem
599 1099 876 1158 agnoscet.
922 1089 1190 1155 Quocirca
1233 1090 1468 1160 improbi
1511 1097 1674 1159 atque
1723 1088 1942 1143 scelesti

361 1181 602 1235 hominis
630 1182 831 1245 oratio,
869 1181 1112 1250 quandiu
1145 1182 1200 1235 in
1229 1181 1576 1250 improbitate
1605 1181 1791 1244 fuerit,
1824 1181 1943 1235 dia-

361 1270 470 1323 boli
503 1271 776 1324 invocatio
802 1281 915 1326 est:
956 1280 1010 1324 at
1041 1271 1184 1339 ejus,
1217 1273 1309 1340 qui
1339 1271 1613 1326 destiterit
1642 1272 1710 1326 ab
1739 1272 1944 1342 impro-

361 1361 554 1421 bitate.
587 1368 642 1415 et
674 1362 806 1415 vivit
851 1363 906 1416 in
943 1363 1209 1425 bonitate,
1248 1362 1451 1416 bonum
1483 1364 1697 1421 Patrem
1723 1379 1824 1417 vox
1858 1364 1943 1416 in-

359 1454 600 1508 VOeabit.
627 1453 764 1508 Cum
813 1455 980 1525 igitur
1010 1456 1415 1511 accesserimus
1447 1455 1513 1509 ad
1541 1453 1736 1519 Deum,
1787 1457 1942 1526 prius

361 1541 529 1596 vitam
570 1544 951 1614 inspiciamus,
996 1561 1064 1599 an
1097 1545 1308 1615 aliquid
1345 1544 1570 1616 dignum
1615 1547 1943 1616 cognatione

362 1635 547 1689 divina
587 1635 642 1689 in
695 1636 856 1690 nobis
897 1651 1185 1706 geramus;
1245 1636 1441 1692 deinde
1491 1652 1622 1692 vero
1671 1638 1941 1708 ejusmodi

363 1723 590 1780 verbum
639 1726 887 1796 proferre
920 1728 1258 1782 audeamus:
1303 1729 1395 1798 qui
1441 1730 1583 1784 enim
1612 1727 1828 1784 Patrem
1861 1730 1945 1785 di-

363 1829 491 1871 cere
525 1815 716 1885 jussit,
762 1818 1107 1872 mendacium
1139 1819 1322 1874 dicere
1348 1835 1456 1874 non
1489 1807 1757 1889 permisit.
1795 1820 1944 1888 Quo-
1973 1807 2017 1863 Β

364 1907 511 1960 circa
547 1908 641 1978 qui
691 1910 766 1962 ita
796 1909 963 1962 vitam
999 1909 1320 1976 instituerit,
1353 1918 1415 1964 ut
1441 1911 1681 1966 divinam
1727 1915 1942 1983 generis

364 1999 706 2056 nobilitatem
743 2002 924 2065 decet,
973 2002 1021 2056 is
1051 2010 1198 2056 recte
1243 2002 1308 2055 ad
1339 2003 1618 2058 ccelestem
1666 2004 1943 2060 civitatem

365 2099 600 2158 Spectat,
627 2101 682 2145 et
703 2089 916 2146 Patrem
939 2092 1204 2146 ctelorum
1234 2107 1439 2163 regem,
1461 2103 1516 2147 et
1535 2095 1764 2164 patriam
1789 2111 1944 2150 suam

364 2181 646 2251 caelestem
669 2182 960 2237 nominans
980 2183 1395 2238 beatitudinem.
1431 2182 1682 2250 Quonam
1709 2187 1946 2255 pertinet

365 2266 516 2322 illius
547 2268 766 2324 consilii
813 2270 1158 2340 propositum
1191 2279 1355 2342 atque
1399 2272 1676 2329 intentio?
1720 2273 1794 2327 Ea
1824 2291 1946 2345 qua:

367 2375 534 2431 supra
569 2369 718 2425 sunt,
750 2363 1062 2433 cogitanda,
1104 2363 1196 2418 ubi
1231 2363 1411 2420 Deus:
1447 2365 1560 2420 illic
1591 2364 1946 2423 fundamenta

367 2453 723 2511 habitationis
773 2471 886 2510 sua:
929 2456 1128 2526 cuique
1152 2457 1410 2526 jacienda
1451 2474 1608 2526 esse;
1663 2460 1774 2515 illic
1823 2461 1946 2518 tlte-

368 2559 564 2601 sauros
610 2546 961 2602 condendos:
1011 2549 1140 2602 illuc
1194 2565 1289 2604 cor
1322 2564 1481 2604 suum
1528 2566 1800 2621 quemque
1834 2561 1948 2607 tra-

369 2635 572 2692 ducere
603 2635 844 2706 debere;
887 2639 978 2694 ubi
1008 2640 1154 2694 enim
1196 2641 1510 2709 thesaurus,
1557 2642 1630 2697 ibi
1663 2645 1824 2698 etiam
1851 2660 1949 2700 cor

369 2725 560 2782 est“:
598 2729 667 2782 ad
701 2735 982 2798 paternam
1020 2731 1168 2784 omni
1205 2740 1453 2801 tempore
1487 2733 1948 2803 pulchritudinem

370 2816 727 2884 spectandum
751 2832 893 2880 esse,
927 2825 982 2873 et
1005 2818 1164 2888 juxta
1192 2819 1363 2885 illam,
1397 2836 1555 2876 suum
1585 2837 1950 2892 unumquem-

371 2923 480 2976 que
523 2908 768 2962 animum
821 2923 1089 2965 exornare
1136 2910 1358 2966 debere.
1415 2911 1539 2966 Non
1590 2923 1668 2967 est
1719 2915 1949 2984 acceptio

371 3017 719 3070 personarum
751 3002 892 3071 apud
922 3002 1111 3066 Deum,
1139 3003 1318 3075 inquit
1348 3003 1632 3076 Scriptura
1658 3009 1724 3061 "'.
1754 3007 1951 3061 Absint

374 3094 504 3146 item
545 3108 575 3147 a
627 3103 719 3148 tua
770 3095 942 3150 forma
993 3097 1127 3152 tales
1157 3099 1369 3153 sordes.
1420 3098 1504 3152 Ab
1544 3099 1748 3154 invidia
1787 3108 1952 3170 atque

2039 536 2214 590 ταῦτά
2250 539 2365 589 ἐστι
2405 535 2500 590 καὶ
2530 534 2859 602 τὰτοιαῦτα,
2875 530 3012 607 οίςὴ
3046 536 3228 608 μορφὴ
3257 533 3355 589 τοῦ
3388 536 3638 588 ἐναντίω

2040 627 2524 700 χαρακτηρίζεται.
2558 627 2618 680 '0
2649 625 2825 680 τοίνυν
2860 629 2980 690 ταῖς
3009 626 3284 690 τοιαύταις
3322 625 3517 697 κηλίσι
3540 626 3642 696 τὴν

2040 717 2216 789 ψυχὴν
2247 715 2670 788 ἐγκεκαυμένος,
2704 716 2801 770 ἐὰν
2840 717 3052 786 πατέρα
3091 715 3317 787 καλέσῃ,
3343 719 3505 779 ποῖος
3536 719 3641 768 αὑ-

2039 809 2135 864 τὸν
2181 811 2362 880 πατὴρ
2424 806 2823 873 ἐπακούσεται;
2864 807 3072 878 Δηλαδὴ
3109 809 3136 860 6
3184 808 3469 875 συγγενῶς
3502 808 3643 878 πρὸς

2041 902 2132 956 τὸν
2157 901 2458 970 κεκληκότα
2485 899 2623 970 ἔχων
2651 916 2664 929 ο
2693 891 2846 962 οὗτος
2881 899 2939 952 δέ
2972 901 3118 951 ἐστιν
3155 899 3254 968 οὐχ
3288 901 3316 951 6
3355 898 3638 968 οὐράνιος,

2042 998 2154 1051 ἀλλ’
2175 999 2204 1051 6
2231 996 2601 1067 καταχθόνιος.
2644 988 2718 1049 Οὗ
2766 996 2875 1066 γὰρ
2897 995 2964 1048 τά
3001 998 3201 1065 σημεῖα
3224 996 3384 1065 φέρει
3411 996 3514 1064 τῆς
3539 997 3643 1062 ἀγ’

2042 1091 2303 1161 χιστείας,
2354 1092 2558 1152 ἐκεῖνος
2585 1090 2802 1151 πάντως
2839 1087 2939 1158 τὴν
2980 1088 3112 1140 ἰδίαν
3145 1088 3470 1156 συγγένειαν
3517 1091 3644 1140 ἐπι-

2041 1179 2330 1249 γνώσεται.
2371 1179 2581 1234 Οὐκοῦν
2618 1181 2652 1251 ἡ
2699 1178 2794 1232 τοῦ
2827 1179 3065 1249 πονηροῦ
3095 1179 3288 1250 ἀνδρὸς
3324 1181 3640 1250 προσευχὴ,

2042 1273 2143 1336 ἕως
2165 1272 2229 1326 ἂν
2263 1274 2320 1324 ἐν
2341 1275 2406 1342 τῇ
2435 1272 2667 1343 πονηρίᾳ
2691 1265 2748 1345 ᾗ,
2774 1271 2868 1324 τοῦ
2901 1271 3149 1325 διαὸόλου
3173 1271 3465 1340 ἐπίκλησις
3497 1271 3646 1338 γίνεο

2041 1381 2132 1419 ται
2147 1382 2160 1396 ο
2188 1363 2280 1417 τοῦ
2318 1364 2376 1417 δὲ
2393 1364 2703 1433 ἀφεστῶτος
2733 1363 2832 1432 τῆς
2849 1363 3128 1434 πονηρίας,
3147 1363 3239 1415 καὶ
3256 1363 3314 1414 ἐν
3332 1361 3645 1432 ἀγαθότητι

2043 1456 2264 1521 ζῶντος,
2299 1455 2388 1508 τὸν
2433 1453 2637 1522 ἀγαθὸν
2675 1452 2896 1526 Πατέρα
2934 1455 2969 1524 ἡ
2997 1453 3147 1523 φωνὴ
3176 1452 3641 1523 προσκαλέσεται.

2045 1551 2212 1603 Ὅταν
2239 1548 2418 1601 τοίνυν
2459 1547 2771 1618 προσίωμεν
2814 1546 2894 1617 τῷ
2931 1545 3071 1616 Θεῷ,
3108 1546 3379 1617 πρότερον
3400 1545 3494 1596 τὸν
3526 1543 3651 1613 βίον

2042 1640 2525 1710 ἐπισκοπήσωμεν,
2573 1637 2626 1689 εί
2653 1655 2704 1691 τι
2732 1636 2833 1706 τῆς
2855 1636 3006 1699 θείας
3037 1635 3363 1705 συγγενείας
3403 1634 3561 1700 ἄξιον
3587 1634 3647 1685 ἐν

2045 1731 2255 1793 ἑαυτοῖς
2292 1727 2527 1800 φέρομεν
2547 1742 2563 1757 ⁶
2591 1721 2690 1780 εἷθ’
2731 1726 2874 1780 οὕτω
2917 1726 3008 1779 τὸν
3035 1725 3276 1778 τοιοῦτον
3312 1725 3475 1794 λόγον
3505 1724 3645 1794 θαρ-

2049 1821 2326 1890 σήσωμεν.
2363 1818 2421 1870 '0
2451 1816 2560 1889 γὰρ
2583 1816 2762 1884 λέγειν
2797 1817 3016 1888 Πατέρα
3044 1816 3375 1887 προστάξας,
3414 1815 3477 1867 τὸ
3506 1813 3644 1882 ψεῦ-

2048 1913 2137 1974 δος
2163 1911 2344 1979 λέγειν
2405 1911 2464 1962 οὐ
2530 1907 2926 1979 συνεχώρησεν.
2969 1907 3179 1961 Οὐκοῦν
3223 1910 3251 1960 ὀ
3306 1907 3411 1975 τῆς
3452 1905 3642 1971 θεῖκῆς

2049 2001 2328 2072 εὐγενείας
2367 1999 2533 2066 ἀξίως
2587 1998 3067 2068 πολιτευσάμενος,
3096 1993 3250 2060 οὗτος
3289 1995 3479 2058 καλῶς
3504 1995 3646 2066 πρὸς

2049 2095 2148 2164 τὴν
2167 2093 2414 2164 οὐράνιον
2453 2091 2604 2144 πόλιν
2627 2091 2750 2162 ὁρᾷ,
2783 2090 3002 2160 Πατέρα
3030 2107 3092 2142 τε
3121 2090 3210 2142 τὸν
3246 2089 3358 2142 τῶν
3388 2087 3646 2159 οὐρανῶν

2053 2184 2299 2256 βασιλέα,
2339 2184 2433 2236 καὶ
2469 2181 2701 2254 πατρίδα
2729 2180 2923 2234 ἑαυτοῦ
2951 2181 3049 2252 τὴν
3075 2181 3330 2251 οὐράνιον
3354 2179 3647 2246 ὀνομάζων

2055 2277 2550 2349 μακαριότητα.Είς
2574 2275 2626 2328 τί
2647 2275 2802 2346 φέρει
2822 2274 2920 2344 τῆς
2940 2291 3002 2326 συ
3011 2271 3245 2344 μεουλῆς
3267 2273 3297 2324 6
3317 2271 3551 2333 σκοπός
3574 2269 3641 2320 τὰ

2051 2369 2164 2423 ἄνω
2197 2370 2428 2440 φρονεῖν,
2471 2358 2532 2418 οὗ
2561 2368 2589 2419 ὁ
2611 2365 2770 2428 Θεός·
2794 2366 2911 2416 ἐκεῖ
2946 2361 3226 2430 θεμελίους
3247 2361 3348 2431 τῆς
3373 2361 3643 2429 οἰκήσεως

2052 2459 2246 2515 ἑαυτοῦ
2295 2456 2765 2513 καταϐάλλεσθαι·
2807 2457 2926 2509 ἐκεῖ
2973 2455 3100 2516 τοὺς
3138 2453 3452 2523 θησαυροὺς
3503 2452 3638 2503 ἁπο-

2051 2551 2295 2606 τίθεσθαι
2313 2566 2327 2580 ⁶
2369 2551 2486 2602 ἐκεῖ
2513 2548 2839 2619 μετοικίζειν
2863 2545 3053 2600 ἑαυτοῦ
3078 2543 3176 2615 τὴν
3205 2542 3639 2614 καρδίανῖυτπυ

2052 2645 2162 2712 γάρ
2217 2644 2364 2695 ἐστιν
2411 2643 2439 2693 ὁ
2485 2640 2775 2711 θησαυρὸς,
2827 2639 2944 2691 ἐκεῖ
3001 2639 3116 2690 ἐστι
3165 2637 3256 2690 καὶ
3311 2639 3346 2707 ἡ
3399 2633 3639 2704 καρδία’

2055 2733 2190 2804 πρὸς
2211 2731 2272 2785 τὸ
2299 2730 2560 2803 πατρικὸν
2594 2731 2786 2792 κάλλος
2812 2727 3100 2791 διαπαντὸς
3128 2727 3372 2797 βλέπειν,
3400 2725 3498 2778 καὶ
3521 2723 3638 2776 κατ’

2055 2823 2232 2875 ἐκεῖνο
2257 2819 2356 2890 τὴν
2387 2819 2522 2874 ἰδίαν
2550 2820 2913 2883 καλλωπίζειν
2931 2817 3130 2888 ψυχήν.
3153 2819 3273 2871 Οὐκ
3299 2817 3435 2870 ἐστι
3453 2827 3640 2883 προσ·

2055 2912 2378 2981 ωποληψία
2414 2911 2573 2980 παρὰ
2600 2910 2741 2979 Θεῷ,
2766 2913 2928 2982 φησὶν
2958 2915 2992 2984 ὴ
3016 2913 3224 2984 Γραφή.
3265 2909 3517 2963 Ἀπέστω
3546 2905 3638 2960 καὶ

2054 3007 2154 3076 τῆς
2183 3003 2284 3074 σῆς
2331 3003 2544 3075 μορφῆς
2583 3003 2613 3055 ὁ
2640 3003 2881 3065 τοιοῦτος
2917 3003 3105 3074 ῥύπος.
3155 3003 3354 3056 Φθόνου
3400 2999 3643 3070 καθαρὴν

2057 3098 2116 3150 τὸ
2153 3096 2327 3159 Θεῖον,
2377 3095 2471 3148 καὶ
2525 3096 2705 3166 πάσης
2749 3095 3037 3166 ἐμπαθῶς
3088 3095 3323 3165 κηλίδσς.
3384 3091 3541 3162 Μηδέ
3583 3107 3641 3142 σε

373 3185 446 3238 ab
478 3185 624 3238 omni
666 3186 780 3239 vitii
820 3195 949 3240 nota
984 3202 1178 3256 purum
1215 3197 1269 3244 et
1321 3190 1594 3259 integrum
1635 3207 1838 3246 numen
1863 3163 1954 3246 di-

2072 3186 2430 3250 ιαταστιζέτω
2455 3187 2524 3238 τὰ
2543 3163 2766 3239 τοιαῦτα
2787 3163 2966 3257 πάθη,
2997 3187 3070 3257 μὴ
3101 3163 3314 3255 φθόνος,
3349 3183 3423 3254 μὴ
3447 3182 3636 3266 τῦφᾝ,

373 3276 563 3330 vinum
595 3285 699 3334 est.
730 3276 808 3332 Ne
834 3286 887 3334 te
913 3280 1134 3349 quidem
1171 3280 1459 3352 designent
1485 3282 1755 3351 ejusmodi
1785 3284 1950 3339 vitia:

377 3383 488 3422 non
521 3369 743 3434 invidia,
792 3385 902 3425 non
948 3372 1244 3442 superbia:
1298 3389 1410 3428 non
1463 3374 1614 3429 aliud
1653 3375 1954 3447 quidquam

376 3474 601 3525 eorum,
638 3477 761 3531 qua:
802 3462 1046 3516 divinam
1085 3464 1548 3534 pulchritudinem
1592 3468 1844 3538 polluunt
1892 3486 1958 3526 ac

381 3549 605 3604 ﬁndant.
663 3549 721 3606 Si
769 3553 894 3608 talis
933 3553 1124 3623 fueris,
1183 3570 1254 3609 ne
1297 3557 1543 3611 verearis
1589 3557 1846 3614 familiari
1900 3572 1957 3615 et

379 3645 554 3698 antica
585 3659 715 3700 voce
748 3644 915 3700 Deum
965 3646 1244 3710 invocare.
1291 3658 1346 3703 et
1389 3647 1602 3704 Patrem
1640 3657 1794 3704 tuum
1829 3654 1958 3706 uui-

376 3735 525 3788 versi
574 3734 863 3792 Dominum
915 3737 1198 3794 nominare
1235 3741 1576 3795 :intuebitur
1616 3750 1669 3796 te
1719 3743 1960 3812 paternis

380 3825 578 3887 oculis.
623 3824 807 3882 divina
859 3829 998 3888 stola
1049 3830 1429 3896 circumdabit,
1484 3833 1687 3888 annulo
1719 3834 1957 3900 ornabit,

383 3917 618 3972 instruet
675 3934 740 3974 ae
799 3922 1125 3993 praeparabit
1207 3923 1546 3994 Evangelieis
1575 3925 1962 3983 calceamentis

385 4008 548 4076 pedes
576 4009 643 4063 ad
672 4026 928 4080 superum
963 4013 1099 4068 iter:
1138 4016 1388 4070 restituet
1416 4023 1468 4071 te
1503 4018 1711 4072 cmlesti
1751 4020 1960 4087 patriae,

2064 3279 2140 3352 μὴ
2158 3280 2288 3334 ἄλλο
2321 3297 2373 3333 τι
2413 3279 2521 3332 τῶν
2546 3279 2881 3349 μολυνόντων
2911 3279 2974 3333 τὸ
3003 3278 3231 3342 θεοειδές
3263 3277 3480 3338 κάλλος.
3521 3275 3644 3327 Ἐὰν

2059 3369 2300 3435 τοιοῦτος
2326 3367 2413 3445 ᾖς,
2439 3370 2712 3442 θάρσησον
2739 3373 2804 3439 τῇ
2827 3372 3004 3442 οἰκείᾳ
3033 3373 3180 3442 φωνῇ
3204 3370 3292 3422 τὸν
3317 3368 3451 3421 Θεὸν
3478 3382 3640 3434 προσ-

2061 3462 2413 3527 καλέσασθαι,
2439 3465 2534 3517 καὶ
2557 3462 2777 3533 Πατέρα
2799 3461 2990 3515 ἐαυτοῦ
3004 3461 3094 3515 τὸν
3111 3461 3205 3514 τοῦ
3226 3459 3426 3523 παντὸς
3438 3457 3641 3512 Δεσπό-

2059 3573 2159 3625 την
2174 3554 2454 3625 ὀνομάσαι.
2489 3555 2714 3625 Ὄψεταί
2747 3572 2804 3609 σε
2839 3555 3125 3624 πατρικοῖς
3150 3552 3468 3622 ὀφθαλμοῖς,
3496 3565 3644 3620 περιρ

2063 3648 2242 3702 στελεῖ
2259 3665 2318 3701 σε
2338 3651 2404 3718 τῇ
2428 3647 2546 3719 θείᾳ
2563 3649 2744 3720 στολῇ,
2784 3649 2878 3702 καὶ
2910 3648 3315 3718 κατακοσμήσει
3337 3645 3416 3715 τῷ
3443 3645 3640 3697 δακτυ-

2061 3740 2178 3810 λίῳ,
2203 3739 2520 3811 καταρτίσει
2543 3741 2667 3804 τοὺς
2689 3740 2853 3805 πόδας
2880 3738 3015 3811 πρὸς
3035 3730 3134 3809 τὴν
3151 3738 3263 3791 ἄνω
3285 3737 3518 3806 πορείαν
3534 3737 3646 3797 τοῖς

2062 3831 2438 3900 εὐαγγελικοῖς
2474 3832 2835 3904 ὑποδήμασιν,
2875 3833 3318 3903 ἀποκαταστήσει
3361 3848 3422 3884 σε
3449 3833 3517 3901 τῇ
3551 3829 3641 3882 οὐ·

2065 3925 2232 3994 ρανίῳ
2255 3924 2507 3995 πατρίδι⁶
2554 3926 2613 3978 ἐν
2650 3923 2868 3996 Χριστῷ
2914 3924 3090 3995 Ἰησοῦ
3119 3923 3198 3994 τῷ
3226 3923 3422 3994 Κυρίῳ
3461 3920 3637 3993 ἡμῶν.

2058 4009 2103 4085 ᾧ
2134 4017 2330 4086 πρέπει
2359 4018 2392 4086 ἡ
2422 4017 2546 4081 δόξα
2578 4018 2671 4070 καὶ
2704 4019 2765 4072 τὸ
2794 4018 2995 4090 κράτος
3033 4017 3113 4080 είς
3141 4017 3270 4081 τοὺς
3297 4018 3502 4081 αἰῶνας
3536 4017 3643 4071 τιῖιν

389 4115 488 4168 per
515 4101 796 4158 Christum
827 4102 1014 4159 Jesum
1051 4104 1340 4161 Dominum
1365 4117 1614 4164 nostrum
1642 4130 1655 4165 :
1681 4129 1840 4182 quem
1877 4114 1954 4170 de-

2072 4106 2290 4161 ιίώνων.
2328 4107 2521 4179 Ἀμήν.

384 4200 471 4247 cet
493 4194 668 4264 gloria
689 4205 742 4251 et
768 4197 1078 4267 imperiunm,
1103 4197 1158 4252 in
1182 4200 1379 4254 saecula
1403 4203 1748 4258 saeculorum.
1768 4205 1961 4262 Amen.

983 4353 1242 4410 οιιΑΤιΟ
1277 4356 1368 4413 Ill.

387 4501 762 4573 Sancti/iretur
799 4523 984 4560 nomen
1023 4516 1212 4572 tuum;
1254 4507 1496 4563 adveniat
1534 4527 1747 4582 regnum
1790 4522 1957 4571 tuum.

455 4663 566 4718 Lex
602 4680 722 4734 quae
752 4664 1059 4720 futurorum
1095 4667 1364 4720 bonorum
1399 4669 1643 4723 continet
1675 4672 1921 4725 umbram
1943 4713 1960 4737 ,

384 4761 440 4807 et
505 4755 701 4824 typieis
751 4756 1082 4824 quibusdam
1137 4758 1521 4826 mnigmatibus
1559 4769 1613 4812 et
1665 4762 1963 4818 involucris

385 4846 673 4900 veritatem
703 4846 1089 4916 prtesigniﬁcat
1121 4847 1166 4878 ⁵⁰
1186 4887 1202 4912 ,
1231 4863 1354 4900 cum
1389 4849 1441 4901 in
1473 4851 1747 4903 occultum
1780 4867 1844 4906 ac
1873 4870 1961 4908 re-

388 4944 596 4989 motqu
631 4936 819 5004 templi
854 4936 1070 5001 locum,
1104 4937 1250 5006 quod
1285 4937 1476 4991 ἄδυτον
1511 4939 1713 4994 dicitur
1741 4941 1853 4997 (ob
1881 4944 1962 5006 id,

384 5024 530 5095 quod
561 5039 648 5088 eo,
687 5033 883 5095 praeter
930 5026 1264 5090 sacerdotes,
1313 5027 1464 5083 adire
1506 5029 1588 5084 fas
1627 5046 1734 5085 non
1775 5034 1964 5101 esset),

384 5117 726 5171 sacerdotem
757 5115 869 5172 Deo
904 5132 1094 5186 preces
1128 5117 1437 5172 oblaturum
1475 5119 1813 5184 introducit,
1851 5126 1965 5194 pri-

387 5225 535 5262 mum
561 5209 778 5280 quidem
807 5209 1178 5279 piacularibus
1211 5210 1536 5280 quibusdam
1565 5213 1885 5281 sacriﬁciis,
1911 5227 1965 5272 et

384 5301 977 5370 cireumspersionibus
1001 5300 1354 5355 introiturum
1379 5302 1631 5371 puriﬁcat
1652 5312 1707 5358 et
1730 5305 1918 5360 lustrat
1945 5327 1958 5362 :

383 5390 580 5445 deinde
613 5391 703 5444 ubi
737 5406 861 5445 eum
893 5390 1033 5444 stola
1065 5390 1430 5455 sacerdotali,
1466 5405 1635 5454 auro,
1681 5407 1922 5460 purpura
1943 5432 1960 5458 ,

385 5484 723 5553 reliquisque
753 5483 963 5540 ﬂoridis
1004 5484 1255 5538 tinctura:
1295 5483 1574 5538 coloribus
1602 5484 1880 5554 eleganter
1909 5494 1965 5539 et

384 5574 588 5631 affabre
620 5574 763 5630 facta
802 5583 965 5646 atque
1006 5575 1281 5630 elaborata
1317 5575 1685 5640 exornaverit,
1714 5584 1964 5647 pectora-

355 5749 364 5764 '
457 5753 508 5788 ⁸⁸
545 5753 737 5810 Matth.
769 5772 858 5819 vt,
885 5755 974 5809 2|.
1053 5755 1098 5787 δ’
1136 5755 1297 5810 Itoni.
1329 5770 1404 5821 ll,
1437 5755 1520 5812 ll.

1596 5756 1642 5790 '°
1684 5755 1845 5813 llebr.
1875 5773 1904 5812 x
1928 5794 1944 5825 ,
1979 5757 2030 5818 1.

2687 4350 2906 4405 ΛΟΓΟΣ
2945 4355 3016 4412 I".

2079 4503 2444 4569 Ἀγιασθητω
2472 4497 2537 4552 τὸ
2578 4499 2765 4572 ὄνομὰ
2803 4519 2955 4557 σου·
3006 4502 3228 4559 ἐλθέτω
3275 4505 3317 4573 ἡ
3356 4503 3638 4569 ,Βασιλεία

2788 4590 2926 4627 σου.

2152 4667 2210 4718 '0
2258 4665 2356 4738 τὴν
2395 4668 2552 4721 σκιὰν
2598 4667 2705 4721 τῶν
2754 4665 3055 4737 μελλόντων
3111 4665 3334 4734 ἀγαθῶν
3380 4667 3637 4738 περιέχων

2071 4757 2250 4827 νόμος,
2281 4759 2374 4812 καί
2420 4777 2560 4814 τισιν
2604 4760 2888 4830 αἰνίγμασι
2933 4760 3184 4822 τυπικοῖς
3239 4758 3636 4829 προαναφωνῶν

2067 4847 2166 4918 τὴν
2213 4849 2495 4921 ἀλήθειαν,
2531 4851 2749 4906 ἐπειδὰν
2784 4852 2864 4914 εἰς
2911 4850 2972 4902 τὸ
3001 4850 3192 4903 ἄδυτον
3225 4851 3439 4918 εἰσάγει
3482 4866 3636 4921 προσο

2069 4940 2352 5010 ευξόμενον
2378 4941 2456 5011 τῷ
2484 4942 2604 5012 Θεῷ
2632 4942 2722 4994 τὸν
2751 4941 2920 5013 ἱερέα,
2952 4941 3166 5011 πρῶτον
3199 4942 3299 5012 μὲν
3331 4942 3638 5010 καθαρσίοις

2071 5031 2212 5092 τισὶ,
2249 5031 2342 5083 καὶ
2388 5033 2867 5102 περιῤῥαντισμοῖς
2919 5029 3206 5098 άφαγνίξει
3253 5030 3347 5083 τὸν
3391 5029 3637 5082 εἰσιόντα.

2072 5119 2204 5175 Εἶτα
2242 5125 2308 5193 τῇ
2339 5123 2586 5194 ἰερατικῇ
2619 5122 2776 5192 στολῇ
2806 5120 2990 5193 χρυσῷ
3020 5121 3113 5174 καὶ
3140 5119 3396 5192 πορφύρα
3419 5121 3510 5172 καὶ
3536 5119 3634 5176 τοῖς

2069 5214 2270 5276 λοιποῖς
2301 5213 2483 5266 ἄνθεσι
2519 5215 2618 5286 τῆς
2653 5215 2829 5284 βαφῆς
2858 5213 3149 5283 ἐκπρεπῶς
3176 5211 3521 5282 ἐξησκημένῃ
3543 5225 3630 5260 κα-

2067 5307 2452 5375 τακοσμήσας,
2501 5307 2603 5377 τήν
2663 5323 2723 5359 τε
2778 5304 3127 5378 περιστήθιον
3182 5302 3453 5356 ἐπιϐαλὼν
3501 5296 3631 5366 αὐτῷ

2074 5398 2289 5467 μίτραν,
2320 5398 2413 5450 καὶ
2446 5399 2570 5460 τοὺς
2593 5397 2848 5458 κώδωνας
2879 5397 2986 5449 τῶν
3017 5395 3341 5466 κρασπέδων
3368 5391 3503 5464 μετά
3535 5390 3630 5441 τῶν

2071 5487 2303 5558 ροῒσκων
2329 5487 2556 5558 ἐξάψας,
2599 5487 2805 5540 ἄνωθεν
2833 5487 2890 5540 δὲ
2924 5489 3042 5549 ταῖς
3070 5484 3309 5556 ἐπωμίσι
3328 5479 3630 5551 διασφίγξας

2069 5579 2160 5634 τὸν
2208 5578 2526 5650 ἐπενδύτην,
2577 5579 2670 5634 καὶ
2721 5577 2819 5649 τὴν
2874 5577 3116 5648 κεφαλὴν
3171 5574 3513 5636 καλλωπίσας
3562 5567 3630 5638 τῷ
