3812 6228
216 347 357 404 1149

1148 348 1240 405 DE
1283 349 1637 407 ORATIONE
1674 348 2024 408 DOMINICA.
2063 379 2140 392 -
2173 347 2431 406 ORATIO
2462 348 2551 405 ill.

3353 351 3489 409 1150

216 468 533 541 διαδήματι,
567 470 805 542 δαψιλῶς
824 491 882 527 τε
910 474 1011 547 τῆς
1048 475 1230 548 κόμης
1260 475 1538 548 καταχέας
1567 475 1660 530 τοῦ
1691 476 1796 547 μύ-

1926 491 2117 546 emque
2145 476 2362 530 mitram
2394 485 2449 532 et
2481 475 2710 531 fasciam
2753 475 2805 532 ei
2855 474 3142 547 iniecerit,
3186 491 3253 532 ac
3298 476 3495 533 tintin-

217 581 314 635 ρου
333 583 346 595 ·
373 563 546 628 οὕτως
572 565 735 620 αὐτὸν
764 568 1002 640 παράγει
1035 569 1129 622 ἐπὶ
1150 570 1211 622 τὸ
1241 569 1455 632 ἄδυτον,
1486 569 1585 633 τὰς
1626 570 1802 641 ἀπορο

219 656 418 725 ρήτους
468 655 777 726 ἱερουργίας
815 658 1228 714 ἐπιτελέσοντα⁶
1261 662 1289 713 ὁ
1330 658 1387 712 δὲ
1434 662 1806 731 πνευματικὸς

219 745 514 816 νομοθέτης
560 749 588 800 ὁ
628 748 832 819 Κύριος
871 749 1029 820 ἡμῶν
1070 750 1279 820 Ἰησοῦς
1314 749 1548 822 Χριστὸς
1595 754 1806 822 ἀπογυ-

223 834 371 902 μνῶν
386 834 495 887 τῶν
517 837 841 906 σωματικῶν
871 841 1350 913 προκαλυμμάτων
1368 842 1459 897 τὸν
1491 844 1674 913 νόμον,
1711 845 1806 898 καὶ

219 927 303 989 είς
323 926 383 980 τὸ
407 929 646 998 ἐμφανὲς
675 932 824 999 ἄγων
853 934 920 986 τά
954 934 1061 986 τῶν
1085 933 1272 988 τύπων
1299 936 1616 1006 αἰνίγματα,
1656 939 1808 1010 πρῶ-

218 1035 314 1070 τον
362 1019 461 1088 μὲν
505 1022 604 1091 οὐχ
658 1023 753 1076 ἕνα
790 1025 884 1076 τοῦ
937 1027 1135 1090 παντὸς
1186 1029 1487 1100 ἀποκρίνας
1532 1031 1692 1101 μόνον
1725 1034 1807 1091 είς

221 1111 440 1180 ὁμιλίαν
486 1114 608 1183 ἄγει
647 1115 800 1186 Θεῷ,
849 1117 985 1171 ἁλλά
1029 1121 1191 1174 παντ)⁴
1248 1124 1390 1176 κατά
1443 1124 1506 1177 τὸ
1547 1126 1659 1180 ἴσον
1707 1125 1806 1196 τὴν

219 1205 381 1270 ἀξίαν
415 1209 616 1278 ταύτην
647 1209 958 1279 χαρίζεται,
994 1213 1177 1286 κοινὴν
1219 1215 1441 1286 προθεὶς
1472 1219 1582 1281 τοῖς
1623 1217 1809 1288 βουλο-

223 1297 412 1366 μένοις
440 1297 538 1366 ri};
562 1300 862 1371 ἱερωσύνης
889 1302 988 1373 τὴν
1008 1305 1167 1375 χάριν
1188 1321 1200 1334 ⁸
1229 1305 1420 1360 ἔπειτα
1448 1308 1504 1360 δὲ
1525 1311 1626 1362 οὐκ
1657 1309 1810 1364 ἁλλο-

216 1387 363 1456 τρίῳ
412 1387 600 1458 κόσμῳ
630 1388 708 1460 τῷ
730 1393 793 1443 ἐκ
843 1391 1020 1463 βαφῆς
1069 1411 1213 1459 τινος
1250 1398 1344 1450 καὶ
1377 1399 1678 1470 ὑφαντικῆς
1711 1418 1808 1454 πε-

223 1481 546 1551 ριεργασίας
581 1481 959 1555 ὲξευρημένῳ,
983 1486 1042 1538 τὸ
1071 1486 1264 1552 κάλλος
1302 1489 1396 1542 τοῦ
1430 1491 1620 1561 ἱερέως
1650 1492 1802 1562 corpi-

221 1570 380 1634 ζεται
399 1613 414 1637 ,
449 1573 563 1626 ἀλλ’
597 1577 794 1628 οἰκεῖον
819 1576 968 1647 αὐτῷ
994 1578 1088 1630 καὶ
1124 1581 1345 1651 συμφυῆ
1376 1573 1691 1652 περιϐάλλει
1716 1584 1808 1638 τὸν

219 1664 461 1734 κόσμον,
488 1666 608 1719 ἀντὶ
647 1667 746 1737 τῆς
773 1668 1025 1739 ποικίλης
1052 1669 1364 1742 ἁλουργίδος
1396 1676 1515 1737 ταῖς
1539 1674 1648 1729 τῶν
1682 1678 1810 1747 ἁρε-

217 1755 336 1807 τῶν
374 1757 560 1828 χάρισι
597 1759 960 1830 περιανῦίζων
983 1777 998 1792 ⁸
1045 1767 1242 1834 κοσμεῖ
1267 1765 1324 1817 δὲ
1366 1767 1459 1820 καὶ
1488 1765 1550 1818 τὸ
1581 1769 1806 1838 στῆθος,

218 1847 284 1899 οὐ
322 1826 495 1919 γηΐνῳ
519 1826 738 1922 χρυσῶ,
775 1852 889 1905 ἀλλ’
921 1855 980 1907 ὲν
1021 1826 1283 1927 ἀκηράτῳ
1321 1858 1414 1910 καὶ
1439 1826 1809 1931 καθαρᾷσυνί
1841 1826 1888 1885 Β

218 1939 428 2011 ειδήσει
475 1943 535 1994 τὸ
563 1943 662 2012 τῆς
695 1943 918 2013 καρδίας
942 1945 1194 2017 ὼραῒζων
1217 1949 1433 2014 κάλλος.
1489 1950 1811 2025 Ἐναρμόζει

217 2040 279 2093 δὲ
323 2045 389 2112 τῇ
435 2042 602 2114 μίτρᾳ
633 2043 727 2097 καὶ
773 2043 1077 2100 πολυτελῶν
1112 2046 1276 2102 λίθων
1306 2050 1481 2118 αὐγάς
1504 2067 1518 2081 α
1556 2043 1716 2105 αὗται
1754 2051 1812 2104 δέ

218 2132 365 2182 εἰσιν
411 2134 465 2184 αί
516 2131 626 2185 τῶν
682 2134 850 2202 ἁγίων
902 2135 1132 2190 ἐντολῶν
1178 2137 1554 2209 λαμπηδόνες,
1609 2141 1684 2204 ὡς
1733 2141 1813 2212 τῷ

231 2223 548 2294 Ἀποστόλῳ
580 2225 744 2280 δοκεῖ.
794 2226 952 2280 Ἀλλά
977 2227 1072 2280 καὶ
1092 2231 1160 2298 τῇ
1193 2229 1526 2300 περισκελίδι
1553 2231 1615 2282 τὸ
1649 2230 1813 2302 μέρος

219 2315 440 2379 έκεῖνο,
491 2309 536 2382 ᾧ
581 2317 786 2388 κόσμος
831 2318 949 2371 ἐστὶ
985 2319 1047 2372 τὸ
1090 2319 1329 2373 τοιοῦτον
1375 2315 1470 2374 τοῦ
1517 2321 1814 2391 ἐνδύματος

220 2407 713 2476 κατασφαλίζεται.
751 2410 973 2475 Πάντως
1003 2412 1060 2465 δὲ
1103 2413 1204 2466 οὐκ
1251 2414 1468 2482 ἀγνοεῖς
1514 2414 1595 2468 ὃτι
1625 2414 1687 2467 τὸ
1715 2416 1813 2486 τῆς

221 2499 588 2570 σωφροσύνης
630 2502 1000 2586 περιϐόλαιον,
1045 2504 1250 2576 κόσμος
1294 2503 1389 2558 τοῦ
1434 2505 1675 2558 τοιούτου
1715 2507 1814 2577 μέ-

223 2608 360 2662 ρους
392 2593 539 2646 ἐστίν
560 2609 574 2622 ⁸
617 2594 938 2666 ἀπαρτήσας
989 2594 1044 2647 δὲ
1081 2595 1189 2649 τῶν
1219 2595 1540 2668 κρασπέδων
1571 2597 1665 2650 τοῦ
1698 2597 1814 2668 βίου

217 2686 356 2748 τοὺς
393 2685 616 2756 νοητοὺς
652 2687 902 2757 ῥοΐσκους
943 2704 1004 2739 τε
1034 2688 1129 2740 καὶ
1159 2689 1286 2752 τοὺς
1323 2685 1612 2752 κώδωνας·
1645 2689 1817 2743 ταῦτα

217 2775 281 2829 δὲ
314 2775 540 2840 εἰκότως
568 2777 634 2832 ἄν
662 2795 744 2842 τις
771 2777 842 2832 τά
870 2780 1121 2850 προφανῆ
1145 2779 1244 2850 τῆς
1277 2780 1398 2834 κατ’
1426 2780 1626 2852 ἀρετὴν
1665 2780 1816 2834 πολι-

219 2869 382 2933 τείας
426 2870 703 2940 νοήσειεν,
751 2870 828 2934 ὠς
859 2870 926 2924 ἂν
967 2872 1298 2942 ὲπίσημοςή
1353 2873 1496 2927 κατά
1523 2874 1622 2944 τὴν
1671 2871 1816 2946 ζωὴν

220 2961 436 3031 ταύτην
473 2963 668 3034 πορεία
696 2962 924 3032 γένοιτο.
964 2964 1180 3016 Τούτων
1223 2959 1318 3018 οὖν
1355 2964 1465 3018 τῶν
1498 2966 1817 3038 κρασπέδων

223 3054 440 3124 ἐξάψας
476 3056 598 3109 ἀντὶ
635 3056 732 3127 μὲν
761 3055 856 3109 τοῦ
889 3055 1154 3123 κώδωνος,
1186 3057 1278 3110 τδν
1306 3056 1503 3128 εὔηχον
1539 3057 1696 3127 λόγον
1718 3058 1818 3128 τῆς

1907 569 2107 624 nabula
2134 583 2199 622 ex
2237 568 2470 623 ﬁmbriis
2503 583 2629 623 cum
2667 568 3059 639 malogranatis
3096 567 3491 639 suspenderit:

1906 675 2145 730 superne
2195 675 2412 732 quoque
2460 661 2700 714 tunicam
2746 659 3094 730 epomidibus
3141 659 3496 715 constrinxe-

1905 751 2020 814 rit,
2057 761 2112 805 et
2145 749 2454 807 diademate
2488 760 2654 820 caput
2695 751 3082 816 cxoruaverit,
3124 751 3497 822 capillumque

1906 845 2130 916 largiter
2156 845 2341 901 infuso
2372 856 2653 915 unguento
2683 845 2941 900 imbuerit
2969 863 2982 898 :
3015 845 3090 899 ita
3121 845 3341 900 demum
3369 860 3494 898 eum

1908 936 1976 990 ad
2007 937 2228 1008 adytum
2257 953 2460 991 arcana
2481 938 2749 992 sacrificia
2773 944 3122 1006 peracturum
3150 935 3496 1006 producit".

1907 1030 1980 1082 At
2005 1030 2305 1100 spiritualis
2337 1031 2621 1100 legislator
2647 1030 2909 1093 Dominus
2938 1038 3126 1085 noster
3151 1029 3317 1086 Jesus
3341 1028 3498 1085 Chri-

1909 1130 2030 1176 stus
2050 1164 2064 1187 ,
2097 1124 2475 1192 corporalibus
2507 1125 2676 1194 legem
2708 1124 3030 1178 velamentis
3061 1123 3303 1192 spolians
3330 1132 3499 1192 atque

1910 1215 2236 1280 denudans,
2265 1226 2320 1271 et
2356 1216 2410 1269 in
2455 1229 2703 1286 apertqu
2746 1217 3033 1286 proferens
3076 1216 3366 1285 anigmata
3411 1225 3495 1268 at-

1909 1324 2015 1378 que
2065 1309 2346 1363 involucra
2403 1309 2752 1379 ﬁgurarum:
2805 1308 3044 1378 primum
3101 1306 3320 1377 quidem
3382 1321 3496 1361 non

1911 1416 2082 1454 unum
2119 1417 2186 1456 ex
2219 1403 2479 1456 universo
2504 1416 2739 1472 corpore
2766 1415 3100 1471 segregans,
3128 1401 3282 1454 illum
3314 1401 3495 1454 solum

1912 1493 1980 1547 ad
2015 1493 2348 1562 colloquium
2393 1493 2487 1547 Dei
2530 1492 2794 1547 adducit:
2843 1492 2938 1547 sed
2979 1507 3272 1546 commune
3302 1492 3496 1546 volen-

1910 1585 2060 1639 tibus
2091 1584 2384 1639 sacerdotii
2422 1584 2752 1640 beneﬁcium
2797 1599 2862 1637 ac
2895 1600 3097 1639 munus
3142 1599 3456 1654 proponens
3479 1623 3497 1650 ,

1911 1678 2136 1732 cuilibet
2169 1677 2312 1730 hanc
2339 1676 2660 1746 dignitatern
2693 1691 2760 1732 ex
2795 1691 2955 1746 aquo
2990 1676 3221 1745 largitur
3249 1694 3263 1730 :
3300 1677 3500 1731 deinde

1913 1784 2044 1824 vero
2089 1785 2197 1824 non
2247 1770 2426 1824 alieno
2462 1779 2695 1831 ornatu,
2730 1769 2822 1838 qui
2857 1785 2924 1823 ex
2969 1768 3213 1824 tinctura
3261 1768 3498 1839 quadam

1916 1871 1971 1918 et
2007 1862 2285 1932 superﬁun
2313 1877 2480 1932 opere
2514 1860 2759 1916 textorio
2803 1861 3112 1930 exquisitus
3161 1860 3266 1924 sit,
3315 1859 3499 1914 ﬁctam

1915 1955 2382 2026 pulchritudinem
2413 1953 2716 2008 sacerdotis
2739 1961 2980 2009 ostentat
3005 1971 3018 2006 :
3043 1951 3138 2008 sed
3170 1953 3391 2023 pr0prio
3415 1961 3500 2005 at-

1915 2063 2023 2118 que
2055 2049 2240 2102 nativo
2274 2062 2398 2100 eum
2443 2053 2767 2100 ornamento
2813 2043 3153 2108 circumdat,
3196 2059 3296 2114 pro
3346 2045 3500 2098 varia

1914 2150 2067 2195 veste
2095 2154 2373 2210 purpurea
2405 2139 2671 2192 virtutum
2714 2137 2909 2208 gratiis
2947 2137 3228 2192 excoleris.
3270 2137 3502 2191 instruit

1915 2239 2098 2285 autem
2133 2231 2298 2285 etiam
2331 2237 2524 2299 pectus
2556 2244 2666 2283 non
2700 2237 2918 2284 terreno
2951 2243 3120 2290 auro,
3152 2225 3249 2282 sed
3285 2227 3501 2296 integra

1916 2337 2166 2393 puraque
2196 2321 2536 2376 conscientia
2583 2321 3052 2392 pulchritudinem
3103 2318 3291 2374 cordis
3340 2333 3506 2372 exor-

1919 2433 2096 2471 nans:
2138 2425 2301 2484 atque
2328 2415 2456 2468 huic
2489 2413 2664 2468 mitra
2711 2413 3076 2482 pretiosorum
3113 2426 3330 2481 quoque
3365 2409 3504 2478 lapi-

1917 2506 2049 2562 dum
2083 2505 2323 2576 fulgores
2365 2504 2588 2574 adaptat
2629 2522 2642 2556 :
2686 2503 2741 2558 hi
2785 2511 2967 2557 autem
2997 2509 3317 2556 sanctorum
3347 2515 3504 2554 man-

1918 2599 2174 2653 datorum
2235 2595 2556 2666 splendores
2613 2602 2772 2659 sunt,
2826 2605 2884 2646 ut
2936 2593 3200 2663 Apostolo
3259 2591 3500 2646 videtur.

1918 2689 2235 2755 Quinetiam
2272 2687 2627 2741 femoralibus
2654 2685 2832 2738 munit
2862 2684 3010 2738 illam
3049 2691 3257 2752 partem
3279 2723 3295 2747 ,
3327 2681 3414 2736 cui
3448 2681 3503 2736 id

1919 2783 2224 2838 indumenti
2279 2796 2454 2850 genus
2502 2787 2827 2833 ornamento
2871 2785 2977 2831 est.
3032 2777 3271 2830 Prorsus
3318 2783 3503 2830 autem

1919 2891 2029 2930 non
2058 2875 2310 2945 ignoras,
2347 2872 2495 2943 quod
2525 2870 2805 2942 pudicitia
2841 2869 3178 2932 amiculum,
3209 2883 3502 2923 ornamen-

1920 2975 2036 3020 tum
2067 2965 2187 3032 ejus
2222 2965 2394 3035 partis
2425 2963 2515 3018 sit.
2543 2962 2678 3016 Cum
2707 2959 3058 3031 appendisset
3087 2968 3269 3013 autem
3294 2973 3361 3014 ex
3385 2959 3507 3012 flm-

1920 3055 2061 3111 briis
2108 3056 2230 3109 vita
2273 3054 2579 3125 spiritualia
2625 3051 3000 3122 nialogranata
3041 3057 3096 3104 et
3137 3048 3506 3103 tintinnabula

220 3147 488 3211 πίστεως·
521 3147 646 3200 ἀντὶ
675 3147 732 3201 δὲ
775 3147 868 3201 τοῦ
901 3149 1141 3220 ῥοΐσκον,
1168 3149 1268 3221 τὴν
1297 3151 1686 3222 κεκρυμμένην
1720 3155 1813 3223 τῆς

1926 3149 2052 3219 (per
2075 3148 2190 3202 hac
2213 3155 2394 3201 autem
2425 3155 2571 3199 recte
2595 3145 2720 3212 quis
2753 3145 3012 3214 praeclara
3038 3157 3206 3213 opera
3228 3143 3354 3196 vita
3376 3155 3503 3194 cum

225 3237 537 3310 μελλούσης
577 3239 790 3304 ἐλπίδος
833 3241 1186 3312 έτοιμασίαν,
1215 3243 1316 3314 τὴν
1347 3243 1440 3314 ιτῷ
1482 3245 1818 3316 στιφροτέρῳ

225 3328 337 3400 βίῳ
367 3329 812 3403 κεκαλυμμένην,
843 3330 988 3386 οὕτω
1017 3334 1256 3405 παράγει
1289 3333 1383 3387 ἐπὶ
1416 3335 1478 3388 τὸ
1503 3335 1692 3390 ἄδυτον
1722 3335 1817 3389 τοῦ

225 3420 384 3492 ίεροῦ
415 3422 509 3476 καὶ
531 3422 833 3478 ὲνδότατον.
871 3423 946 3476 Τὸ
984 3423 1040 3476 δὲ
1068 3423 1261 3479 ἄδυτον
1283 3426 1445 3480 τοῦτο
1477 3427 1579 3480 οὐκ
1609 3426 1818 3498 ἄψυχόν

223 3513 403 3594 ἐστιν,
434 3513 560 3566 οὔτε
588 3513 943 3586 χειρόδμητον
965 3532 979 3546 ·
1034 3516 1168 3570 ἀλλά
1199 3517 1260 3570 τὸ
1293 3518 1534 3588 κρυπτὸν
1559 3521 1659 3590 τῆς
1686 3538 1821 3589 καρ-

221 3605 356 3668 δίας
379 3605 537 3674 ήμῶν
572 3609 824 3676 ταμεῖον,
861 3608 957 3660 ἐὰν
989 3607 1206 3680 ἀληθῶς
1233 3609 1424 3663 ἄδυτον
1528 3613 1593 3682 τῇ
1627 3612 1817 3682 κακίᾳ,

225 3698 329 3753 καὶ
359 3701 474 3762 τοῖς
518 3702 774 3770 πονηροῖς
820 3700 1100 3772 λογισμοῖς
1138 3703 1488 3759 ἀνεπίϐατον.
1524 3707 1738 3775 Κοσμεῖ
1763 3706 1819 3759 δὲ

224 3792 335 3862 τὴν
369 3790 609 3862 κεφαλὴν
645 3792 724 3862 τῷ
749 3792 982 3864 οὐρανίῳ
1017 3795 1347 3866 φρονήματι,
1379 3797 1439 3849 οὐ
1473 3797 1820 3868 γραμμάτων

224 3883 404 3937 τύπον
458 3884 906 3956 ὲνσημηνάμενος
947 3886 1166 3957 πετάλῳ
1212 3886 1430 3958 χρυσῷ,
1492 3888 1609 3942 ἀλλ’
1656 3887 1820 3940 αὑτὸν

225 3977 327 4030 τὸν
361 3976 494 4030 Θεὸν
516 3978 835 4041 ἐντυπώσας
870 3981 928 4032 ὲν
955 3978 1033 4050 τῷ
1061 3980 1376 4051 ἡγεμονικῷ
1404 3979 1667 4051 λογισμῷ.
1703 3981 1820 4035 Μύ-

230 4087 330 4138 ρον
355 4069 410 4122 δὲ
440 4066 838 4132 κατασκεδάζει
882 4069 981 4140 τῆς
1026 4069 1226 4140 κόμης,
1257 4071 1318 4123 τὸ
1357 4071 1488 4141 παρ’
1519 4071 1691 4140 αὐτῆς
1737 4070 1822 4122 έν-

227 4161 388 4214 δοοεν
420 4161 522 4230 τῆς
550 4161 728 4233 ψυχῆς
751 4162 838 4215 διά
859 4162 967 4214 τῶν
991 4163 1205 4232 ἀρετῶν
1238 4162 1634 4234 μυρεψόμενον.
1662 4163 1822 4234 Θῦμα

229 4253 287 4306 δὲ
323 4253 421 4306 καὶ¹
455 4256 651 4326 ἱερεῖον
689 4256 988 4327 προσάγειν
1013 4255 1176 4308 αὑτὸν
1210 4256 1287 4326 τῷ
1315 4255 1435 4327 Θεῴ
1469 4258 1822 4328 παρασκευά-

231 4345 343 4411 ζει,
397 4347 487 4400 διὰ
523 4347 626 4418 τῆς
684 4349 952 4419 μυστικῆς
998 4348 1340 4419 ἱερουργίας,
1393 4348 1492 4402 οὐκ
1536 4348 1664 4402 ἄλλο
1696 4366 1749 4400 τι
1787 4349 1820 4422 ἢ

232 4441 452 4494 ἑαυτόν.
499 4441 556 4493 '0
602 4438 712 4510 γὰρ
762 4439 936 4503 οὕτως
981 4440 1134 4511 παρά
1173 4439 1266 4492 τοῦ
1298 4440 1505 4511 Κυρίου
1548 4439 1686 4509 πρὸς
1723 4440 1822 4510 τὴν

1922 3244 2124 3297 virtute
2152 3249 2289 3294 acta
2320 3236 2680 3300 intellexerit,
2710 3245 2771 3289 ut
2802 3235 3017 3304 insigne
3041 3250 3137 3305 per
3163 3233 3308 3288 hanc
3333 3235 3505 3288 vitam

1921 3338 2026 3392 iter
2054 3335 2190 3402 sit.)
2225 3333 2300 3386 Ex
2335 3332 2423 3387 his
2459 3331 2625 3401 igitur
2654 3328 2888 3383 ﬁmbriis
2913 3343 3040 3382 cum
3089 3341 3190 3398 pro
3232 3327 3507 3381 tintinna-

1919 3429 2052 3484 bulo
2077 3427 2298 3498 quidem
2332 3425 2472 3480 bene
2513 3431 2802 3477 sonantem
2852 3434 3163 3476 sermonem
3211 3417 3336 3474 ﬁdei
3389 3433 3512 3474 sus-

1921 3522 2238 3594 pendisset,
2271 3534 2372 3588 pro
2407 3516 2786 3587 malogranato
2817 3529 2950 3569 vero
2988 3505 3273 3567 occultam
3309 3510 3510 3567 futura

1925 3616 2039 3684 spei
2075 3610 2554 3682 promptitudinem
2575 3605 2744 3674 ,‘eam
2771 3648 2787 3673 ,
2822 3622 2944 3677 qua
2975 3604 3186 3660 duriori
3219 3604 3328 3660 vita
3367 3613 3509 3661 tecta

1923 3716 2036 3768 est,
2076 3706 2149 3758 ita
2179 3704 2398 3757 demum
2431 3701 2498 3754 ad
2534 3699 2758 3764 ἄδυτον,
2799 3705 2854 3753 et
2891 3697 3148 3752 intimum
3196 3695 3382 3766 templi
3430 3695 3512 3750 lo-

1923 3813 2047 3852 cum
2085 3794 2356 3866 producit.
2406 3793 2632 3845 ’Ἃδυτον
2670 3799 2854 3846 autem
2899 3789 3006 3844 hoc
3052 3803 3162 3844 non
3204 3788 3510 3843 inanimum

1926 3906 2102 3960 neque
2136 3905 2298 3943 manu
2343 3886 2589 3952 factum,
2639 3885 2732 3940 sed
2782 3899 3047 3938 arcanum
3093 3883 3278 3937 cordis
3332 3882 3510 3938 nostri

1925 3982 2200 4052 penetrale
2253 3990 2418 4050 atque
2460 3978 2721 4032 conclave
2770 3985 2893 4043 est;
2927 3976 2974 4031 si
3032 3990 3159 4029 vere
3186 3973 3414 4038 ἄδυτον,
3451 3973 3508 4028 id

1922 4084 2040 4139 est,
2077 4070 2496 4142 impenetrabile
2531 4069 2821 4139 nequitia,
2857 4075 2914 4123 et
2945 4067 3108 4122 malis
3153 4065 3510 4136 cogitationi-

1922 4169 2026 4223 bus
2059 4167 2404 4220 inaccessum
2436 4164 2531 4218 sit.
2563 4160 2738 4216 Ornat
2766 4161 2897 4214 item
2933 4169 3099 4228 caput
3133 4157 3347 4213 caelesti
3383 4172 3512 4211 sen-

1923 4276 2026 4324 su,
2062 4273 2172 4312 non
2211 4258 2517 4310 litterarum
2558 4255 2786 4324 ﬁguram
2821 4266 3000 4305 aurea
3054 4249 3270 4303 lamina
3319 4247 3512 4318 impri-

1925 4367 2116 4414 mens,
2148 4349 2244 4405 sed
2281 4350 2457 4417 ipsum
2507 4344 2674 4400 Deum
2723 4343 2778 4396 in
2814 4342 3104 4412 principali
3154 4341 3369 4396 ratione
3422 4341 3512 4394 in-

1926 4442 2204 4511 sculpens.
2273 4437 2623 4508 Unguentum
2687 4440 2870 4486 autem
2931 4431 3130 4502 capillo
3192 4430 3508 4502 inspergit,

233 4530 540 4602 ἱερωσύνην
569 4531 773 4601 ταύτην
803 4532 1088 4600 ἀγόμενος,
1123 4531 1183 4584 τὸ
1211 4531 1462 4602 φρόνημα
1495 4532 1594 4601 τῆς
1622 4531 1813 4604 σαρκὸς

1927 4533 2073 4604 quod
2107 4533 2174 4586 ab
2209 4533 2326 4603 ipsa
2360 4530 2541 4585 anima
2576 4543 2676 4598 per
2706 4528 2940 4580 virtutes
2977 4525 3310 4601 intrinsecus
3337 4521 3510 4577 conﬁ-

233 4621 520 4690 νεκρὼσας
567 4623 624 4673 ὲν
671 4623 736 4692 τῇ
789 4621 1034 4692 μαχαίρᾳ
1076 4620 1170 4674 τοῦ
1229 4621 1560 4692 πνεύματος,
1620 4623 1647 4675 ὃ
1697 4625 1816 4675 ἐστι

237 4712 396 4783 ῥῆμα
431 4712 596 4776 Θεοῦ,
633 4712 804 4777 οὕτως
837 4713 1069 4768 ἱλεοῦται
1096 4715 1187 4767 τὸν
1217 4714 1350 4766 Θεὸν
1382 4717 1440 4767 ὲν
1467 4718 1581 4779 τοῖς
1608 4714 1823 4778 ἀδύτοις

233 4805 556 4875 γενόμενος,
607 4807 796 4860 ἑαυτὸν
837 4807 923 4860 διὰ
951 4808 1053 4878 τῆς
1097 4808 1352 4876 τοιαύτης
1389 4808 1578 4871 Θυσίας
1611 4809 1822 4880 ἱερουρ-

233 4901 442 4970 γήσας,
495 4900 590 4952 καί
647 4902 1005 4972 παραστήσας
1055 4901 1118 4954 τὸ
1149 4901 1343 4954 ἑαυτοῦ
1387 4902 1575 4971 σῶμα,
1630 4902 1821 4955 θυσίαν

235 4991 416 5056 ζῶσαν
443 4993 602 5061 ἁγίαν
634 4994 926 5064 εὐάρεστον
961 4992 1039 5064 τῷ
1063 4994 1201 5064 Θεῷ.
1247 4994 1384 5048 Ἀλλ’
1407 4996 1526 5067 ἐρεῖ
1555 5013 1638 5060 τις
1665 4995 1816 5060 ἴσως,

237 5085 312 5156 μὴ
335 5083 509 5138 ταῦτα
530 5084 674 5139 κατὰ
699 5086 760 5138 τὸ
783 5086 1074 5158 πρόχειρον
1098 5085 1242 5156 ἔχειν
1263 5087 1360 5158 τὴν
1388 5088 1485 5158 τῆς
1509 5087 1818 5159 προσευχῆς

231 5178 473 5232 διάνοιαν
509 5178 610 5248 τῆς
655 5177 1026 5249 προκειμένης
1071 5179 1204 5249 ἡμῖν
1236 5181 1314 5242 εἰς
1343 5178 1630 5252 ἐξήγησιν·
1662 5197 1819 5250 περι-

232 5274 375 5324 νοεῖν
423 5271 482 5324 es
525 5272 674 5341 ἡμᾶς
716 5273 845 5335 τοὺς
880 5272 1152 5337 τοιούτους
1207 5275 1429 5342 λόγους,
1459 5274 1559 5326 οὐκ
1604 5275 1669 5326 ἐκ
1709 5273 1817 5326 τῶν

231 5362 448 5416 οἰκείων
481 5366 594 5426 τοῖς
631 5364 1012 5433 ὑποκειμένοις
1059 5365 1418 5437 ἁρμόζοντας.
1461 5365 1668 5420 Οὐκοῦν
1710 5366 1816 5420 πά-

233 5453 315 5507 λιν
358 5456 761 5528 ὑπομνησθήτω
795 5456 904 5510 τῶν
935 5457 1167 5528 πρώτων
1201 5460 1301 5528 τῆς
1333 5461 1640 5531 προσευχῆς
1669 5458 1816 5513 διδα-

235 5549 480 5618 γμάτων.
524 5550 584 5603 '0
618 5550 727 5622 γὰρ
757 5549 929 5614 οὕτως
969 5551 1161 5604 ἑαυτὸν
1193 5551 1636 5622 παρασκευάσας,
1673 5552 1815 5606 ὥστε

237 5643 295 5695 ὲν
322 5643 604 5716 παρρησία
636 5644 903 5715 τολμῆσαι
932 5645 1152 5717 Πατέρα
1191 5643 1384 5699 ἑαυτοῦ
1413 5645 1504 5699 τὸν
1540 5645 1673 5700 Θεὸν
1700 5647 1814 5700 ὀνο-

311 5819 356 5852 ⁸¹
398 5819 570 5878 Levit.
605 5840 734 5890 rm,
783 5823 832 5890 7,
868 5841 992 5894 sqq.

1926 4629 2070 4683 citur
2099 4645 2113 4682 :
2147 4635 2311 4695 atque
2339 4625 2504 4679 etiam
2537 4627 2808 4692 praparat
2851 4633 2975 4672 eum
2998 4659 3012 4684 ,
3052 4623 3111 4669 ut
3144 4615 3422 4670 victimam
3454 4622 3511 4668 et

1928 4719 2160 4774 hostiam
2193 4733 2290 4788 per
2319 4715 2609 4788 mysticum
2640 4711 2974 4770 sacriﬁcium
3002 4708 3199 4764 offerat
3228 4707 3359 4773 Deo,
3395 4722 3508 4761 non

1926 4812 2075 4866 aliud
2105 4810 2406 4881 quidquam
2437 4809 2542 4863 nisi
2591 4807 2858 4878 seipsum.
2895 4804 2998 4871 Qui
3045 4802 3193 4858 enim
3229 4802 3302 4855 ita
3335 4816 3364 4854 a
3400 4799 3510 4854 Do-

1925 4905 2077 4959 mino
2123 4903 2187 4956 ad
2247 4903 2350 4955 hoc
2399 4898 2732 4956 sacriﬁcium
2791 4914 2888 4968 per
2947 4894 3190 4967 gladium
3239 4892 3505 4962 spiritus,

1921 4997 2066 5068 quod
2098 5005 2184 5051 est
2216 4994 2442 5049 verbum
2484 4991 2576 5047 Dei
2601 5033 2614 5055 ,
2649 5006 2872 5046 sensum
2908 4987 3094 5044 carnis
3129 4983 3504 5048 mortiﬁcans,

1921 5088 2168 5148 ducitur,
2199 5085 2247 5140 is
2279 5085 2423 5138 intra
2462 5082 2624 5154 adyta
2666 5081 2835 5136 Deum
2873 5080 3091 5150 placat,
3130 5076 3374 5146 seipsum
3410 5090 3508 5146 per

1921 5182 2028 5236 tale
2080 5178 2413 5235 sacriﬁcium
2463 5175 2788 5238 immolatis,
2835 5186 3109 5240 suumque
3152 5183 3358 5239 corpus
3407 5166 3509 5223 ho-

1921 5273 2082 5328 stiam
2125 5271 2432 5331 viventem,
2479 5276 2758 5329 sanctam,
2805 5269 3084 5332 acceptam
3129 5259 3241 5315 Deo
3281 5259 3505 5314 sistens.

1927 5364 2034 5419 Sed
2072 5363 2307 5417 fortasse
2333 5359 2480 5414 dicet
2506 5357 2704 5427 aliquis
2725 5397 2740 5422 ,
2773 5371 2883 5410 non
2927 5355 3073 5419 hac,
3124 5360 3287 5422 prout
3329 5353 3508 5420 prima

1924 5456 2065 5512 faeie
2096 5460 2390 5526 appareat,
2421 5451 2748 5507 sententiam
2790 5448 3095 5509 orationis,
3133 5460 3298 5514 quam
3331 5460 3508 5515 expoo

1923 5549 2162 5607 nendam
2198 5547 2572 5616 suscepimus,
2609 5543 2933 5598 continere:
2969 5539 3065 5597 sed
3100 5556 3202 5595 nos
3231 5537 3509 5608 ejusmodi

1926 5657 2239 5706 sermones,
2269 5640 2361 5711 qui
2396 5639 2472 5695 rei
2501 5636 2795 5708 propositae
2820 5650 2882 5691 ex
2913 5633 3153 5706 propriis
3177 5633 3302 5704 ejus
3328 5630 3512 5689 verbis
