3812 6228
316 363 444 418 “5|

1518 368 1590 439 ξε.
1623 369 1947 429 GREGORII
1979 374 2024 430 Ν
2032 374 2273 433 YSSENI

3443 373 3590 429 H52

314 475 529 532 collecti
556 491 664 542 non
691 480 1053 547 conveniant,
1084 483 1453 540 comminisci.
1479 484 1892 544 Rcminiscatur

2013 495 2192 561 addat,
2219 488 2374 558 οὗτος
2401 493 2640 566 ἀκριϐῶς
2667 492 2974 564 περίκειται
2999 490 3096 561 τὴν
3123 490 3315 561 στολὴν
3338 491 3586 560 ἐκείνην,

314 584 445 636 ergo
473 568 656 624 denuo
683 583 850 641 atque
882 574 1204 630 recordetur
1229 579 1456 647 primam
1495 584 1764 638 orationis
1797 583 1896 637 do-

316 659 550 712 ctrinam
582 676 596 714 :
632 677 757 714 nam
793 663 885 733 qui
915 663 988 717 ita
1019 679 1142 720 sese
1169 670 1419 736 paravit,
1450 680 1506 723 ut
1533 673 1701 727 libere
1727 671 1896 727 Deum

318 757 528 819 patrem
572 767 732 806 suum
776 756 1064 811 nominare
1098 760 1330 825 audeat,
1373 761 1420 816 is
1465 763 1625 832 plane
1656 765 1897 819 amictus

316 849 401 897 est
429 843 519 898 illa
550 846 685 900 stola
710 883 725 908 ,
755 861 917 914 quam
942 850 1120 904 oratio
1150 851 1480 922 descripsit,
1511 855 1898 912 tintinnabulis

319 946 576 1002 resonat,
610 939 886 1008 corymbis
915 940 1231 1007 decoratur,
1268 945 1416 999 circa
1456 956 1650 1016 pectus
1696 963 1898 1018 praece-

318 1034 536 1096 ptorum
579 1028 883 1098 fulgoribus
922 1033 1268 1102 resplendet,
1318 1044 1495 1105 gestat
1525 1038 1767 1094 humeris
1803 1054 1899 1106 pa-

320 1120 591 1175 triarchas
633 1131 688 1176 et
727 1124 1055 1192 prophetas,
1103 1127 1224 1180 loco
1275 1129 1558 1182 nominum
1603 1129 1899 1186 virtutibus

320 1216 538 1269 illorum
577 1216 644 1270 ad
691 1217 776 1271 sui
825 1227 1080 1271 ornatum
1125 1221 1409 1275 translatis
1444 1241 1456 1276 :
1495 1233 1660 1292 caput
1693 1238 1899 1278 corona

313 1307 540 1377 justitiaz
567 1321 763 1373 ornat,
815 1311 1075 1380 capillum
1120 1314 1329 1367 caelesti
1369 1323 1649 1384 unguento
1681 1315 1900 1370 delibu-

281 1431 288 1437 -
319 1408 436 1453 tum
463 1401 655 1468 habet,
703 1409 756 1456 et
799 1402 942 1456 intra
969 1405 1380 1474 supercmlestia
1412 1407 1576 1477 adyta
1608 1417 1896 1462 versatur:

287 5763 298 5802 ὶ

319 1509 441 1562 quae
485 1495 634 1548 omni
684 1495 1003 1564 cogitationi
1057 1498 1299 1567 profante
1355 1514 1545 1554 revera
1591 1500 1791 1563 ἄδυτα,
1846 1498 1900 1552 id

318 1592 404 1640 est
437 1585 874 1654 impenetrabilia
906 1597 1070 1656 atque
1105 1590 1382 1644 inaccessa
1431 1600 1580 1646 sunt.
1607 1591 1902 1646 Enimvero

321 1677 596 1743 quomodo
629 1687 684 1732 et
715 1690 1039 1733 exornatum
1073 1689 1127 1734 et
1161 1682 1494 1737 instructum
1532 1699 1662 1739 esse
1703 1700 1902 1740 conve—

319 1771 435 1822 niat
467 1783 590 1823 eum
616 1808 632 1831 ,
663 1771 753 1840 qui
787 1772 1092 1826 sacerdotis
1120 1773 1294 1828 olIicio
1324 1774 1614 1831 functurus
1647 1777 1754 1842 sit,
1787 1791 1901 1829 me-

319 1860 583 1916 diocriter
613 1877 708 1931 per
737 1877 802 1917 ea
835 1879 956 1932 qua:
981 1871 1213 1918 tractata
1243 1875 1406 1934 atque
1435 1868 1706 1935 explicata
1733 1875 1895 1932 sunt,

319 1955 498 2008 oratio
529 1955 958 2022 demonstravit;
987 1958 1254 2026 reliquum
1287 1958 1453 2012 fuerit
1497 1959 1670 2028 ipsam
1715 1959 1901 2013 consi-

1999 586 2064 656 ἣν
2097 589 2126 640 6
2172 587 2328 656 λόγος
2360 586 2695 657 ὑπέγραψεν,
2734 585 2829 637 καὶ
2863 585 2989 654 ἠχεῖ
3015 585 3128 647 τοῖς
3157 581 3436 645 κώδωσιν,
3483 583 3590 635 καὶ

1998 679 2213 742 ἐξανθεῖ
2250 681 2361 742 τοῖς
2408 680 2672 749 ῥοΐσκοις-
2710 680 2804 730 καὶ
2836 677 3039 747 λάμπει
3103 675 3232 745 περὶ
3271 675 3333 727 τὺ
3383 673 3589 744 στῆθος

1997 773 2118 834 ταῖς
2142 771 2250 824 τῶν
2272 769 2502 823 ἐντολῶν
2530 771 2754 837 αὐγαῖς,
2787 770 2881 822 καὶ
2908 769 3064 838 φέρει
3093 770 3205 830 τοῖς
3237 765 3414 836 ὤμοις
3451 767 3589 829 τοὺς

2000 857 2345 927 πατριάρχας
2375 856 2469 910 καὶ
2499 858 2803 927 προφήτας,
2833 858 2953 910 ἀντὶ
2983 855 3092 908 τῶν
3130 856 3412 926 ὀνομάτων
3431 895 3445 918 ,
3478 854 3588 917 τὰς

2000 945 2200 1016 ἀρετάς
2236 947 2458 999 ἐκείνων
2489 949 2568 1010 εἰς
2603 947 2692 1000 τὸν
2734 946 2862 999 ἴδιον
2885 947 3087 1017 κόσμον
3119 946 3587 1017 μετακοσμήσαςο

2001 1037 2096 1088 καὶ
2115 1036 2213 1106 τὴν
2238 1037 2476 1109 κεφαλὴν
2503 1040 2699 1108 κοσμεῖ
2721 1038 2799 1107 τῷ
2816 1038 2914 1109 τῆς
2939 1037 3280 1107 δικαιοσύνης
3305 1038 3590 1110 στεφάνῳ,

2000 1126 2097 1178 καὶ
2144 1128 2245 1198 τὴν
2300 1127 2474 1198 κόμην
2519 1127 2630 1197 ἔχει
2678 1128 2756 1198 τῷ
2789 1127 3024 1199 οὐρανίῳ
3061 1126 3215 1198 μύρῳ
3255 1128 3588 1198 διάϐροχον.

2000 1217 2151 1280 ἐντός
2194 1234 2253 1269 τε
2289 1217 2498 1286 γίνεται
2543 1216 2652 1269 τῶν
2703 1216 3111 1287 ὑπερουρανίων
3151 1214 3399 1268 ἀδύτων·
3438 1215 3592 1284 ἅπερ

2002 1311 2164 1363 παντὶ
2211 1308 2456 1379 λογισμῷ
2507 1301 2718 1379 βεϐήλῳ
2758 1308 2925 1361 ἄδυτα
2975 1307 3050 1369 ὡς
3081 1305 3298 1374 άληθῶς
3341 1306 3592 1357 ἐστικαὶ

2001 1400 2319 1455 ἀνεπίϐατα.
2366 1398 2504 1451 Ἀλλ’
2532 1400 2679 1462 ὅπως
2717 1399 2984 1470 προσήκει
3017 1395 3468 1468 παρεσκευάσθαι
3491 1395 3593 1447 τὸν

2005 1493 2330 1566 ἱερωμένον,
2381 1491 2618 1562 μετρίως
2665 1493 2725 1543 ἐν
2763 1494 2876 1554 τοῖς
2922 1489 3307 1559 ἐξητασμένοις
3353 1489 3383 1538 6
3427 1486 3592 1554 λόγος

2003 1583 2304 1648 ὑπέδειξεν·
2341 1583 2528 1636 λοιπὸν
2560 1583 2603 1634 δ’
2633 1582 2699 1636 ἂν
2729 1583 2814 1652 εἴη
2846 1584 3065 1634 σκοπεῖν
3097 1580 3264 1650 αὐτὴν
3298 1578 3397 1648 τὴν
3427 1576 3594 1647 αἴτη-

2004 1695 2108 1740 σιν,
2142 1677 2206 1746 ἢν
2250 1675 2544 1746 προσάγειν
2585 1675 2841 1727 ἐκέλευσε
2880 1671 2958 1742 τῷ
2987 1671 3129 1742 Θεῷ,
3166 1671 3259 1723 τὸν
3291 1669 3445 1732 ἐντὸς
3478 1667 3593 1720 τῶν

2002 1769 2210 1822 ἀδύτων
2247 1767 2556 1837 γενόμενον.
2601 1766 2676 1818 Ού
2718 1764 2826 1834 γάρ
2858 1781 2947 1835 μοι
2991 1763 3140 1816 δοκεῖ
3178 1760 3322 1816 κατὰ
3354 1761 3415 1814 τὸ
3455 1761 3593 1831 πρό-

2003 1877 2207 1932 χειρον,
2237 1858 2505 1930 εὔληπτον
2540 1858 2800 1929 παρέχειν
2833 1859 2965 1926 ἡμῖν
2990 1856 3089 1927 τὴν
3129 1855 3386 1921 διάνοιαν,
3415 1853 3594 1924 ψιλῶς

2004 1955 2106 2024 τῆς
2142 1952 2451 2025 προσευχῆς
2482 1949 2771 2003 ἐκτεθέντα
2797 1948 2867 2002 τὰ
2890 1950 3129 2020 ῥήματα.

319 2047 513 2102 derare
544 2048 858 2117 petitionem
881 2090 896 2114 ,
932 2066 1096 2120 quam
1131 2068 1288 2116 eum,
1324 2054 1418 2122 qui
1449 2055 1590 2109 intra
1649 2054 1869 2126 adytum
1929 2061 2202 2113 versatur,
2259 2048 2369 2103 Deo
2432 2046 2630 2101 offerre
2683 2045 2893 2116 jussit:
2925 2059 3034 2098 non
3068 2045 3212 2098 enim
3246 2041 3386 2098 mihi
3425 2042 3591 2098 verba

317 2141 585 2196 orationis
634 2144 780 2198 nude
826 2147 1072 2214 exposita
1100 2187 1114 2210 ,
1175 2147 1348 2215 prima
1404 2149 1542 2203 facie
1599 2158 1852 2219 percepta
1879 2190 1894 2213 ,
1936 2148 2151 2203 facilem
2179 2144 2338 2199 nobis
2367 2143 2692 2198 sententiam
2724 2141 2965 2212 praebere
2991 2139 3264 2194 videntur.

390 2235 787 2307 Sancti/iretur,
822 2240 1034 2307 inquit,
1067 2258 1258 2295 nomen
1293 2254 1478 2307 tuum;
1522 2244 1763 2298 adveniat
1799 2262 1896 2299 re—
1934 2259 1973 2312 Β

317 2344 481 2398 gnum
515 2339 685 2384 tuum.
719 2329 861 2396 Quid
892 2332 1008 2386 haec
1035 2334 1102 2386 ad
1136 2332 1190 2386 id
1212 2375 1227 2398 ,
1259 2334 1405 2403 quod
1438 2335 1570 2388 mihi
1605 2351 1744 2405 opus
1770 2336 1898 2390 est?

319 2419 524 2474 dixerit
559 2421 760 2490 aliquis
791 2421 955 2475 homo
975 2463 990 2486 ,
1021 2424 1102 2477 vel
1144 2431 1366 2493 propter
1395 2434 1620 2496 peccata
1655 2428 1898 2497 seipsum

319 2525 418 2581 per
452 2513 826 2581 pcenitentiam
861 2515 1167 2584 castigans,
1212 2517 1296 2570 vel
1336 2529 1395 2572 ut
1431 2528 1710 2588 peccatum
1744 2520 1899 2573 inva-

321 2602 536 2658 lescens
565 2603 822 2674 effugiat,
860 2604 1026 2660 Deum
1077 2607 1135 2661 in
1185 2607 1450 2662 auxilium
1485 2623 1725 2674 vocans,
1760 2625 1902 2664 scin-

321 2709 422 2764 per
451 2695 508 2750 in
542 2697 718 2749 oculis
749 2696 956 2751 habens
987 2713 1112 2752 eum
1137 2738 1152 2763 ,
1182 2700 1277 2769 qui
1309 2716 1407 2769 per
1436 2703 1769 2757 tentationes
1799 2702 1904 2754 im-

323 2796 567 2856 pugnat:
602 2786 729 2840 hinc
763 2787 843 2840 ira
874 2789 1145 2843 rationem
1189 2805 1220 2842 a
1269 2791 1580 2844 constantia
1603 2831 1618 2857 ,
1655 2792 1905 2845 modera—

321 2877 474 2932 tione
494 2917 510 2943 ,
541 2888 704 2947 atque
737 2877 912 2932 oﬂicio
943 2878 1164 2933 deducit
1190 2897 1205 2933 :
1239 2881 1390 2934 illinc
1421 2897 1603 2935 rerum
1634 2879 1902 2935 absurda-

321 2984 444 3023 rum
473 2970 801 3039 cupiditates
831 2971 1000 3024 animi
1029 2972 1272 3041 vigorem
1301 2982 1566 3027 enervant
1591 2989 1604 3024 :
1636 2973 1704 3026 ab
1735 2974 1904 3027 altera

320 3072 478 3130 parte
508 3063 734 3116 avaritia
764 3071 819 3116 et
846 3064 924 3117 rei
956 3078 1069 3118 sua:
1095 3065 1289 3133 quovis
1318 3065 1477 3118 modo
1508 3065 1769 3133 augenda:
1787 3073 1906 3118 stu-

323 3155 472 3207 dium
511 3154 815 3223 perspicaci
853 3156 996 3224 parti
1029 3155 1213 3210 cordis
1247 3155 1629 3210 hebetudinem
1657 3163 1712 3210 et
1746 3157 1906 3210 eieci-

322 3254 490 3298 tatem
526 3247 740 3300 inducit
767 3265 782 3314 ;
817 3247 992 3302 fastus
1015 3287 1029 3310 ,
1059 3245 1318 3316 superbia
1342 3287 1356 3311 ,
1385 3248 1570 3301 odium
1591 3289 1606 3314 ,
1637 3250 1906 3319 reliquus-

323 3353 430 3404 que
449 3337 888 3391 adversariorum
915 3346 1228 3391 nostrorum
1249 3339 1528 3407 catalogus
1550 3346 1603 3393 et
1623 3356 1902 3403 numerus,

323 3437 587 3498 tanquam
621 3437 842 3483 caterva
888 3430 1126 3483 hostium
1171 3430 1414 3499 undique
1457 3447 1517 3486 se
1564 3432 1905 3487 circumfun-

325 3519 463 3574 dens
487 3561 502 3586 ,
538 3531 912 3576 extremorum
953 3522 1220 3576 malorum
1256 3522 1453 3577 animae
1485 3525 1786 3593 periculum
1822 3525 1907 3578 in-

2085 2241 2469 2311 Ἁγιασθήτω,
2523 2241 2685 2309 φησι,
2744 2236 2810 2289 τὸ
2850 2233 3038 2304 ὄνομά
3082 2250 3197 2287 σου
3223 2247 3236 2259 ·
3283 2229 3509 2285 ἐλθέτω
3553 2231 3590 2298 ἡ

1994 2336 2285 2401 ,βασιλεία
2307 2349 2442 2387 σου.
2469 2331 2534 2384 Τί
2553 2330 2721 2383 ταῦτα
2745 2328 2881 2399 πρὸς
2901 2329 2998 2396 τὴν
3019 2327 3155 2397 ἐμὴν
3187 2325 3381 2394 χρείαν
3401 2341 3417 2386 ;
3443 2325 3588 2376 εἴποι

1999 2443 2084 2489 τις
2125 2424 2439 2496 ἄνθρωπος,
2479 2422 2512 2492 ἢ
2555 2421 2647 2474 ἐπὶ
2697 2418 2992 2490 ἁμαρτίαις
3044 2417 3236 2470 ἑαυτὸν
3287 2414 3378 2466 διὰ
3427 2429 3590 2483 μετα-

2001 2517 2148 2579 νοίας
2196 2514 2504 2585 μαστίζων,
2549 2512 2582 2582 ἢ
2631 2513 2778 2574 ὅπως
2827 2510 2893 2563 ἂν
2921 2509 3082 2578 φύγοι
3132 2504 3589 2577 κατακρατοῦσαν

2000 2609 2100 2680 τὴν
2143 2606 2449 2680 ἁμαρτίαν,
2486 2605 2578 2658 τὸν
2619 2603 2750 2657 Θεὸν
2794 2604 2874 2666 εἰς
2926 2601 3239 2672 συμμαχίαν
3288 2598 3503 2663 καλῶν,
3534 2602 3590 2651 ἐν

2002 2698 2296 2768 ὀφθαλμοῖς
2327 2697 2467 2767 ἔχων
2495 2697 2582 2749 ἀεὶ
2609 2695 2698 2748 τὸν
2725 2694 2814 2747 διὰ
2842 2691 2951 2756 τῷν
2979 2690 3301 2762 πειρασμῶν
3338 2707 3588 2760 προσπα-

2003 2791 2242 2844 λαίοντα.
2290 2787 2482 2841 Ἔνθεν
2508 2789 2556 2841 οί
2588 2786 2749 2858 θυμοὶ
2785 2787 2878 2838 τὸν
2907 2783 3166 2853 λογισμὸν
3197 2781 3295 2834 τοῦ
3320 2782 3589 2850 καθεστη-

2005 2885 2161 2945 κότος
2191 2881 2532 2952 παράγουσιν
2549 2898 2562 2911 ·
2601 2878 2809 2933 ἐκεῖθεν
2836 2880 2890 2930 αἱ
2920 2875 3030 2929 τῶν
3057 2875 3274 2928 ἀτόπων
3299 2875 3587 2945 ἐπιθυμίαι

2005 2976 2096 3028 τὸν
2149 2976 2299 3028 τόνον
2347 2973 2449 3044 τῆς
2510 2972 2687 3042 ψυχῆς
2750 2968 3182 3039 ἐκνευρίζουσιν·
3239 2966 3512 3038 ἑτέρωθεν
3555 2967 3587 3034 ἠ

2006 3067 2287 3134 πλεονεξία
2313 3068 2561 3137 πήρωσιν
2583 3064 2778 3132 ἐπάγει
2803 3062 2882 3133 τῷ
2904 3059 3192 3132 διορατικῷ
3215 3060 3316 3131 τῆς
3339 3058 3586 3130 καρδίας,

2005 3164 2034 3215 6
2057 3159 2246 3228 τῦφος,
2279 3159 2312 3228 ή
2349 3151 2717 3227 ὑπερηφανία,
2742 3153 2803 3206 τὸ
2837 3155 3014 3223 μῖσος,
3048 3153 3075 3204 6
3103 3150 3288 3212 λοιπὸς
3316 3149 3430 3201 τῶν
3455 3151 3590 3201 dm:-

2007 3248 2344 3303 παλαιόντων
2369 3247 2500 3315 ἡμῖν
2533 3241 2852 3310 κατάλογος.
2879 3235 3004 3294 Οἷόν
3035 3257 3087 3292 τι
3121 3242 3306 3306 στῖφος
3333 3238 3590 3307 πολέμιον

2007 3340 2071 3392 ἐκ
2097 3337 2279 3407 κύκλῳ
2307 3333 2870 3408 περιστοιχισάμενον,
2906 3333 2996 3384 τὸν
3031 3331 3158 3402 περὶ
3189 3330 3300 3384 τῶν
3343 3330 3588 3399 ἐσχάτων

2007 3430 2202 3497 ἐπάγει
2240 3429 2305 3497 τῇ
2335 3426 2482 3496 ψυχῇ
2517 3424 2777 3477 κίνδυνον.
2811 3417 2945 3474 Εἶτα
2976 3423 3004 3474 6
3043 3420 3261 3473 ἐκδύναι
3291 3419 3468 3471 ταῦτα
3504 3417 3588 3470 διὰ

2006 3520 2106 3590 τῆς
2139 3517 2449 3590 κρείττονος
2479 3512 2799 3585 συμμαχίας
2833 3510 3171 3574 σπουδάζων,
3201 3510 3382 3572 ποίοις
3408 3508 3473 3560 ἂν
3498 3525 3588 3559 κυ-

325 3611 517 3666 ducit:
556 3623 611 3667 et
638 3614 732 3682 qui
765 3614 881 3667 hac
912 3612 1144 3667 firmiori
1178 3615 1387 3668 auxilio
1418 3616 1638 3670 studeat
1667 3615 1901 3684 effugere

2013 3609 2268 3682 ριώτερον
2303 3607 2567 3678 χρήσαιτο
2613 3605 2823 3673 λόγοις;
2872 3603 2972 3672 οὐχ
3019 3597 3101 3664 οἷς
3128 3604 3156 3654 ὁ
3186 3601 3363 3670 μέγας
3397 3598 3588 3663 Δαϐὶδ,

327 3713 492 3772 atque
523 3706 730 3760 evitare
754 3745 768 3768 ,
801 3705 1000 3774 quibus
1037 3707 1218 3762 verbis
1253 3709 1426 3777 magis
1455 3708 1694 3777 propriis
1724 3718 1903 3763 utere--

327 3795 459 3850 tur?
507 3810 690 3850 annon
736 3797 937 3866 quibus
981 3797 1148 3852 David
1185 3814 1316 3853 usus
1361 3799 1489 3853 est?
1534 3800 1786 3867 Eripiar,
1819 3800 1905 3853 in-

325 3890 556 3958 quiens,
611 3905 676 3942 ea:
721 3891 842 3944 odio
894 3891 1331 3961 prosequentibus
1383 3908 1464 3945 me
1493 3893 1580 3956 ⁵²;
1617 3899 1671 3946 et
1696 3931 1711 3956 ,
1745 3895 1907 3946 Aver-

326 3987 511 4032 tantur
544 3977 747 4032 inimici
781 3980 883 4033 mei
918 3989 1209 4035 retrorsum
1243 3983 1330 4050 5’;
1369 3993 1454 4050 et,
1507 3984 1589 4038 Da
1627 3987 1774 4040 nobis
1810 4003 1908 4040 au-

323 4073 515 4124 xilium
540 4087 604 4126 ea:
633 4072 909 4143 aﬂh’ctione
923 4074 970 4104 “
994 4093 1008 4128 :
1034 4082 1087 4129 et
1111 4090 1448 4146 quaecunque
1475 4078 1602 4131 talia
1633 4087 1780 4143 sunt,
1811 4094 1907 4148 per

328 4179 449 4232 quae
471 4163 734 4216 auxilium
763 4163 854 4218 Dei
895 4172 1086 4219 contra
1120 4165 1463 4222 adversarios
1490 4168 1732 4222 excitare
1757 4169 1903 4223 licet.

329 4255 486 4310 Nunc
528 4271 657 4310 vero
700 4254 896 4310 modus
923 4256 1121 4311 orandi
1156 4257 1290 4326 quid
1321 4259 1610 4313 continet?
1646 4257 1904 4328 Sanctiﬁ-

326 4357 475 4401 cetur
509 4361 696 4400 nomen
732 4358 900 4402 tuum.
936 4347 992 4402 Si
1026 4349 1173 4403 enim
1204 4348 1308 4404 hoc
1337 4365 1366 4403 a
1401 4366 1487 4405 me
1520 4365 1630 4404 non
1665 4351 1904 4417 dicatur,

329 4436 575 4506 nunquid
617 4437 734 4493 fieri
785 4449 998 4507 potest,
1035 4449 1095 4493 ut
1133 4456 1333 4495 nomen
1375 4441 1469 4496 Dei
1511 4451 1762 4495 sanctum
1797 4456 1906 4496 non

327 4527 444 4582 sit?
475 4527 729 4580 Adveniat
764 4543 981 4597 regnum
1012 4538 1182 4582 tuum.
1224 4529 1366 4596 Quid
1395 4531 1542 4584 enim
1576 4547 1605 4583 a
1640 4539 1908 4600 potestate

327 4619 424 4674 Dei
462 4619 700 4672 alienum
732 4627 864 4683 est,
906 4620 1036 4688 qui,
1079 4627 1138 4674 ut
1177 4621 1354 4691 inquit
1395 4621 1564 4676 lsaias
1598 4623 1648 4653 "
1673 4662 1688 4686 ,
1729 4630 1906 4677 totum

327 4710 526 4764 caelum
559 4709 741 4777 palmo
777 4709 1194 4777 comprehendit
1218 4752 1232 4776 ,
1266 4711 1358 4780 qui
1408 4713 1757 4781 amplectitur
1799 4721 1909 4767 ter-

327 4813 444 4852 ram
474 4838 488 4861 ,
529 4799 623 4867 qui
666 4797 944 4851 humidam
983 4809 1238 4854 naturam
1271 4802 1324 4854 in
1369 4818 1534 4856 manu
1576 4803 1820 4859 continet
1853 4811 1908 4858 et

325 4889 788 4960 comprehendit,
845 4890 938 4958 qui
989 4905 1209 4945 omnem
1263 4894 1595 4947 mundanam
1646 4895 1811 4949 simul
1851 4902 1906 4950 et

329 4981 836 5053 supramundanam
863 4990 1115 5035 naturam
1143 4984 1300 5052 quasi
1333 4984 1387 5038 in
1419 4985 1566 5040 ulnis
1593 4986 1815 5054 gestat?
1845 4986 1904 5040 Si

325 5071 493 5140 igitur
519 5083 718 5123 nomen
747 5069 844 5123 Dei
871 5085 1088 5140 semper
1119 5080 1371 5128 sanctum
1401 5083 1518 5138 est,
1549 5090 1614 5128 ac
1640 5077 1777 5130 nihil
1824 5075 1907 5132 ef-

326 5161 465 5231 fugit
491 5161 600 5216 vim
630 5161 1024 5216 dominationis
1051 5161 1182 5227 Dei,
1236 5165 1333 5219 sed
1362 5174 1417 5220 ct
1445 5167 1690 5220 omnium
1720 5183 1902 5222 rerum

325 5254 551 5323 potitur,
590 5259 645 5308 et
677 5253 828 5322 quod
861 5253 928 5307 ad
957 5254 1452 5311 sanctiﬁcationem
1486 5259 1724 5324 attinet,
1756 5260 1905 5329 adje-

321 5341 506 5394 ctione
533 5341 768 5409 amplius
793 5356 932 5411 opus
963 5357 1071 5396 non
1102 5342 1296 5408 habet,
1325 5347 1526 5416 quippe
1550 5349 1637 5402 cui
1667 5363 1763 5417 per
1786 5364 1904 5403 om—

324 5432 415 5484 nia
447 5430 583 5485 nihil
615 5431 802 5496 deest,
839 5434 936 5488 sed
981 5434 1258 5504 perfectus
1288 5445 1412 5493 est:
1458 5439 1594 5508 quid
1636 5440 1741 5496 sibi
1790 5443 1905 5495 vult

325 5523 432 5578 hoc
460 5533 738 5592 optatum,
773 5525 1149 5595 Sanctiﬁcetur
1178 5545 1366 5583 nomen
1413 5539 1603 5585 tuum:
1655 5530 1902 5587 adveniat

329 5631 546 5686 regnum
579 5624 730 5668 tuum
755 5618 779 5672 ?
807 5619 891 5671 An
920 5618 1152 5676 forsitan
1181 5620 1286 5676 tale
1317 5621 1595 5693 quidpiam
1629 5621 1898 5687 Verbum,

2018 3701 2334 3766 Ῥυσθείην
2375 3699 2445 3751 ἐκ
2497 3696 2618 3750 τῶν
2663 3697 3009 3766 μισούντων
3050 3709 3163 3764 με,
3218 3693 3426 3760 λέγων·
3461 3693 3588 3754 καὶ,

2017 3791 2579 3860 Ἀποστραςεείησαν
2625 3790 2678 3842 οί
2715 3788 2917 3856 ἐχθροί
2956 3805 3077 3856 μου
3119 3789 3204 3851 είς
3251 3786 3327 3839 τὰ
3362 3784 3586 3838 ὀπίσω·

2006 3885 2134 3949 καὶ,
2188 3883 2300 3948 Δὸς
2353 3880 2500 3950 ἡμῖν
2545 3877 2841 3946 ,βοήθειαν
2885 3880 2954 3931 ὲκ
3003 3880 3286 3945 θλίψεως,
3343 3876 3442 3928 καὶ
3491 3876 3591 3927 ὅσα

2005 3973 2259 4037 τοιαῦτα,
2303 3971 2370 4024 δι’
2401 3965 2474 4024 ὧν
2515 3969 2629 4022 ἐστι
2675 3968 2769 4021 τοῦ
2804 3965 2939 4019 Θεοῦ
2967 3965 3068 4036 τὴν
3100 3965 3418 4035 συμμαχίαν
3453 3965 3589 4016 κατά

2005 4067 2112 4118 τῶν
2161 4063 2416 4117 ἐναντίων
2464 4061 2849 4129 διαναστῆσαι;
2886 4059 3022 4112 Νυνὶ
3046 4058 3103 4111 δὲ
3131 4057 3184 4109 τί
3227 4074 3392 4126 φησιν
3425 4058 3455 4108 6
3494 4056 3589 4124 τῆς

2007 4157 2317 4228 προσευχῆς
2351 4154 2546 4224 νόμος;
2603 4149 2961 4221 Ἁγιασθήτω
3009 4149 3074 4203 τὸ
3126 4148 3318 4217 ὄνομά
3346 4162 3486 4201 σου.
3527 4145 3590 4199 Εἰ

2005 4251 2114 4321 γὰρ
2151 4248 2224 4320 μὴ
2269 4247 2477 4314 λέγοιτο
2521 4244 2648 4314 παρ’
2699 4242 2835 4314 ἐμοῦ
2860 4242 3052 4305 τοῦτο,
3082 4237 3191 4311 ἆρα
3220 4240 3446 4294 δυνατόν
3477 4241 3588 4292 ἐστι

2011 4342 2091 4410 μὴ
2119 4339 2271 4407 ἆγιον
2299 4333 2438 4389 εἶναι
2467 4334 2562 4388 τοῦ
2604 4333 2740 4387 Θεοῦ
2780 4332 2840 4385 τὸ
2883 4331 3081 4401 δνομα;
3125 4328 3380 4382 Ἐλθέτω
3411 4329 3450 4392 ἠ
3478 4328 3589 4392 βα-

2006 4429 2209 4482 σιλεία
2240 4443 2376 4480 σου.
2421 4423 2485 4477 Τί
2514 4422 2624 4493 γὰρ
2671 4422 2773 4493 τῆς
2825 4419 3070 4485 ἐξουσίας
3120 4417 3216 4471 τοῦ
3260 4416 3397 4470 Θεοῦ
3430 4415 3588 4486 ἠλλο-

2006 4518 2262 4588 τρίωται,
2309 4514 2404 4568 τοῦ
2444 4513 2777 4585 διειληφότος
2814 4513 2881 4582 τῇ
2925 4510 3169 4580 σπιθαμῇ
3219 4507 3308 4562 τὸν
3362 4505 3587 4579 οὐρανὸν

2007 4611 2158 4677 ὅλον,
2212 4606 2392 4670 καθώς
2431 4621 2596 4676 φησιν
2655 4602 2908 4666 Ἡσαΐας,
2950 4599 3044 4653 τοῦ
3093 4597 3586 4670 περιδεδραγμὲνου

2007 4703 2106 4774 τὴν
2134 4702 2259 4772 γῆν,
2302 4698 2396 4752 τοῦ
2425 4695 2888 4768 περικρατοῦντος
2920 4695 2977 4745 ἐν
3014 4695 3080 4763 τῇ
3114 4692 3257 4761 χειρὶ
3281 4691 3383 4761 τὴν
3415 4689 3586 4759 ὑγρὰν

2009 4794 2207 4863 φύσιν,
2269 4791 2328 4853 ὃς
2392 4789 2574 4842 πᾶσαν
2637 4785 2933 4855 ἐγκόσμιόν
2973 4800 3032 4836 τε
3079 4783 3175 4836 καὶ
3218 4783 3586 4852 ὑπερκόσμιον

2009 4883 2398 4954 ἐνηγκάλισται
2439 4879 2647 4944 κτίσιν;
2685 4878 2748 4929 Εἰ
2787 4873 2879 4929 οὖν
2910 4875 3064 4944 ἅγιον
3102 4874 3189 4926 ἀεὶ
3235 4872 3332 4926 τοῦ
3364 4873 3497 4926 Θεοῦ
3528 4873 3587 4925 τὸ

2009 4976 2226 5047 κράτος,
2255 4973 2350 5028 καὶ
2374 4971 2528 5025 οὐδὲν
2551 4968 2859 5038 ἐκπέφευγε
2889 4967 2950 5020 τὺ
2976 4966 3174 5038 κράτος
3198 4965 3300 5034 τῆς
3324 4965 3420 5018 τοῦ
3448 4964 3581 5018 Θεοῦ
3649 5033 3651 5036 ρ

1970 5100 1982 5113 -
2008 5067 2351 5129 δεσποτείας,
2386 5062 2524 5116 ἀλλά
2561 5061 2657 5114 καὶ
2689 5061 2880 5129 κρατεῖ
2912 5057 3149 5122 πάντων,
3199 5058 3292 5110 καὶ
3327 5057 3470 5110 κατά
3495 5059 3583 5110 τὸν

2009 5157 2278 5228 ἁγιασμὸν
2327 5155 2645 5226 προσθήκης
2690 5153 2791 5206 ούκ
2815 5149 3151 5221 ἐπιδέχεται,
3174 5149 3203 5201 6
3236 5148 3325 5201 διὰ
3369 5150 3582 5201 πάντων

2010 5249 2300 5318 ἀνελλιπὴς
2343 5247 2438 5300 καὶ
2479 5245 2716 5307 τέλειος·
2759 5242 2812 5296 τί
2842 5243 3086 5312 βούλεται
3123 5242 3156 5311 ἡ
3188 5240 3344 5310 εὐχὴ,
3402 5240 3583 5308 Ἀγια-

2011 5341 2212 5408 σθήτω
2254 5337 2319 5392 τὸ
2362 5333 2550 5405 ὄνομά
2585 5350 2722 5388 σου’
2765 5334 2987 5390 ἐλθέτω
3043 5333 3081 5400 ﬁ
3105 5331 3399 5395 ,Βασιλεία
3429 5347 3581 5393 σσυ;

2010 5438 2075 5490 Εἰ
2102 5435 2242 5504 τάχα
2269 5448 2322 5483 τι
2350 5427 2587 5481 τοιοῦτον
2615 5429 2643 5479 ὁ
2667 5424 2842 5494 Λόγος
2867 5425 2924 5476 ἐν
2949 5422 3026 5493 τῷ
3053 5423 3185 5475 εἴδει
3222 5423 3323 5492 τῆς
3353 5439 3582 5493 προσευ-

2010 5529 2109 5600 χῆς
2139 5524 2483 5596 δογματίζει,
2512 5520 2594 5573 ὅτι
2629 5518 2859 5589 ἀσθενής
2895 5517 3012 5568 ἐστι
3042 5514 3176 5586 πρὸς
3205 5514 3410 5584 ἀγαθοῦ
3439 5529 3578 5576 τινος

2008 5619 2199 5688 κτῆσιν
2226 5619 2260 5687 ἡ
2309 5611 2624 5683 ἀνθρωπίνη
2669 5611 2850 5680 φύσις,
2881 5608 2974 5662 καὶ
3002 5605 3090 5662 διὰ
3115 5605 3272 5662 τοῦτο
3297 5608 3398 5661 οὐκ
3429 5606 3498 5663 ἄν
3525 5620 3580 5662 τι

393 5803 441 5834 ⁸³
480 5800 627 5857 Psal.
657 5818 786 5870 xxx,
822 5799 905 5855 16.
985 5801 1028 5834 ⁵³
1067 5800 1208 5858 Psal.
1243 5817 1330 5867 LV,
1372 5802 1454 5859 l0.
1532 5800 1578 5832 ⁸⁵
1620 5799 1764 5857 Psal.
1801 5815 1901 5865 ιιι,

2018 5838 2033 5852 .
2109 5799 2153 5830 ⁵⁵
2192 5796 2295 5854 Isa.
2333 5812 2420 5865 XL,
2457 5796 2541 5852 12.
