3812 6228
314 325 452 382 “55

1541 331 1600 389 s.
1630 330 1956 388 GREGORII
2013 314 2309 389 NYSSENI

3431 338 3576 396 1156

309 452 493 493 autem
542 443 708 509 atque
753 439 984 508 nitatur,
1029 442 1489 514 quemadmodum
1521 447 1621 513 illi,
1681 448 1775 519 qui
1830 451 1888 505 in

1999 451 2154 520 τῆσαι
2176 451 2279 523 τῆς
2293 451 2677 516 ἀναπαύσεως.
2696 451 2797 516 Τίς
2820 451 3001 506 τοίνυν
3026 453 3116 505 τὸν
3135 450 3377 506 τοιοῦτον
3404 451 3580 524 ὁρῶν,

310 527 447 581 mari
501 535 772 584 vexantur
823 536 989 601 atque
1035 533 1371 605 amiguntur,
1419 550 1617 608 capere
1672 546 1891 609 portum

308 616 599 688 requietis.
627 617 763 686 Quis
795 620 962 693 igitur
983 623 1031 678 si
1063 623 1227 679 talem
1253 625 1454 691 videat,
1487 642 1710 691 nomen,
1745 629 1890 697 quod

309 710 379 764 ab
406 710 679 779 ejusmodi
719 711 826 766 vita
881 714 1189 780 invocetur,
1233 732 1343 771 non
1376 717 1683 787 gloriﬁcet?
1741 719 1892 785 Quo-

306 805 459 859 circa
508 805 603 874 qui
654 805 709 860 in
755 809 1006 862 oratione
1064 808 1222 875 dicit,
1278 808 1655 880 Sanctiﬁcetur
1702 830 1893 867 nomen

309 902 481 961 luunt,
512 897 566 950 vi
597 898 888 952 verborum
923 899 1039 955 haec
1077 910 1236 955 orat:
1285 903 1490 957 Auxilii
1528 905 1603 958 tui
1640 905 1893 974 praesidio

309 993 475 1055 atque
503 987 818 1057 adjumento
851 990 974 1044 ﬁam
1016 992 1515 1064 irreprehensibilis
1548 1004 1603 1051 et
1643 997 1891 1068 inculpa-

308 1087 419 1142 tus,
438 1080 645 1149 justus,
669 1081 792 1153 pius
816 1102 829 1139 :
859 1084 1164 1140 abstineam
1183 1087 1253 1142 ab
1275 1088 1423 1143 omni
1446 1090 1590 1144 malo
1614 1089 1885 1146 facinore:

305 1170 541 1241 loquens
590 1173 644 1227 id
688 1176 835 1244 quod
863 1192 1077 1246 verum,
1109 1179 1317 1237 faciens
1364 1182 1510 1252 quod
1534 1182 1747 1252 justum
1781 1183 1888 1240 sit:

307 1262 365 1317 in
393 1266 722 1323 rectitudine
755 1269 1067 1334 ambulans,
1121 1275 1478 1343 temperantia
1513 1276 1767 1340 illustris,
1802 1278 1891 1331 in-

304 1356 565 1426 tegritatc
594 1360 905 1423 decoratus,
934 1365 1202 1435 sapientia
1230 1375 1392 1433 atque
1413 1368 1698 1437 prudentia
1726 1385 1892 1424 orna-

304 1457 420 1516 tus,
462 1452 529 1505 ad
563 1469 761 1524 supera
802 1455 1077 1525 aspirans,
1110 1465 1325 1513 terrcua
1358 1458 1693 1530 despiciens,
1728 1461 1891 1517 insti-

308 1541 443 1597 tutis
494 1544 756 1611 augelicaa
793 1545 917 1599 vitae
970 1548 1305 1603 clarescens.
1358 1548 1485 1604 Haec
1526 1563 1579 1605 et
1620 1551 1891 1619 ejusmodi

305 1630 493 1687 brevis
523 1632 639 1688 haec
690 1634 882 1704 petitio
909 1637 1179 1703 continet,
1212 1653 1335 1709 qua:
1367 1655 1465 1709 per
1492 1640 1794 1695 orationem
1823 1642 1892 1697 ad

284 1714 479 1776 'Deum
515 1722 688 1779 dicit:
743 1724 1124 1797 Sancti/iretur
1162 1746 1348 1783 nomen
1378 1741 1548 1784 tuum.
1598 1731 1717 1786 Non
1745 1733 1888 1786 enim

1991 542 2055 595 οὑ
2100 541 2301 617 δοξάζῃ
2333 543 2396 598 τὸ
2432 543 2603 615 δνομα
2652 543 2715 597 τὸ
2754 543 3179 614 ἐπικεκλημένον
3224 542 3303 614 τῷ
3344 543 3585 614 τοιούτῳ

1995 636 2126 707 βίῳ;
2162 634 2373 689 Οὐκοῦν
2415 636 2477 688 ἐν
2522 636 2591 708 τῇ
2634 636 2911 707 προσευχῇ
2948 633 3144 701 λέγων,
3204 631 3586 703 Ἁγιασθήτω

1991 727 2061 783 τὸ
2098 727 2287 799 ὄνομά
2310 743 2452 793 σου,
2484 729 2542 783 ἐν
2565 728 2689 799 ἐμοὶ
2716 727 2893 782 ταῦτα
2926 729 2994 798 τῇ
3018 727 3242 798 δυνάμει
3267 726 3381 780 τῶν
3417 725 3586 794 λεγο-

1997 821 2174 890 μένων
2219 817 2608 889 προσεύχεταν
2645 817 2923 890 Γενοίμην
2954 819 3020 888 τῇ
3060 817 3325 891 συνεργίᾳ
3343 816 3446 886 τῆς
3472 816 3585 885 σῆς

1995 908 2278 980 βοηθείας,
2311 908 2620 980 ἄμεμπτος,
2663 908 2887 972 δίκαιος,
2923 906 3200 979 θεοσεϐὴς,
3235 907 3587 977 ἀπεχόμενος

1993 998 2102 1050 ἀπὸ
2148 997 2347 1062 παντὸς
2393 996 2631 1070 πονηροῦ
2683 997 3039 1068 πράγματος,
3083 994 3260 1049 λαλῶν
3290 995 3581 1065 ἀλήθειαν,

1992 1090 2359 1162 ἐργαζόμενος
2390 1090 2764 1162 δικαιοσύνην·
2805 1091 2862 1143 ἐν
2894 1088 3150 1159 εὐθύτητι
3184 1088 3581 1159 πορευόμενος,

1991 1187 2059 1255 τῇ
2092 1183 2411 1255 σωφροσύνῃ
2460 1183 2714 1255 λάμπων,
2750 1185 2816 1254 τῇ
2849 1181 3125 1254 ἀφθαρσίᾳ
3160 1180 3581 1252 κοσμούμενος.

1991 1277 2060 1346 τῇ
2091 1276 2252 1347 σοφίᾳ
2278 1275 2373 1328 καὶ
2392 1277 2457 1345 τῇ
2492 1275 2749 1347 φρονήσει
2774 1273 3280 1343 καλλωπιζόμενος,
3340 1271 3413 1325 τὰ
3462 1273 3584 1325 ἀνω

1993 1368 2227 1440 φρονῶν,
2257 1367 2366 1421 τῶν
2399 1369 2605 1438 γηΐνων
2644 1366 2951 1439 ὑπερορῶν,
2978 1368 3099 1431 ταῖς
3124 1365 3444 1435 ἀγγελικαῖς
3473 1381 3585 1418 πο-

1991 1460 2220 1526 λιτείαις
2276 1459 2807 1530 ἐλλαμπρυνὸμενος.
2860 1457 3046 1512 Ταῦτα
3096 1458 3189 1511 καί
3232 1457 3304 1510 τὰ
3347 1456 3583 1510 τοιαῦτα

1993 1552 2240 1624 περιέχει
2286 1554 2320 1624 ἡ
2369 1550 2598 1623 βραχεῖα
2644 1549 2857 1621 αἴτησις
2904 1548 3074 1620 αῦτη,
3119 1551 3152 1619 ή
3204 1548 3440 1616 λέγουσα
3486 1547 3584 1600 διὰ

1993 1647 2299 1717 προσευχῆς
2328 1645 2404 1715 τῷ
2432 1644 2582 1714 Θεῷ,
2618 1644 2699 1697 ὅτι
2722 1639 3087 1713 Ἀγιασθήτω
3112 1639 3178 1694 τὸ
3207 1638 3399 1709 ὄνομά
3430 1653 3577 1693 σου.

1992 1737 2071 1792 Οὐ
2097 1736 2207 1809 γάρ
2234 1740 2380 1791 ἐστιν
2407 1736 2585 1799 ἄλλως
2611 1734 2836 1789 δυνατὸν
2866 1735 2924 1787 ἐν
2955 1732 3052 1788 ἀνθ
3062 1731 3227 1803 ρώπῳ
3248 1729 3581 1802 δοξασθῆναι

304 1811 469 1865 aliter
523 1828 621 1883 per
672 1813 951 1871 hominem
995 1816 1140 1873 Deus
1186 1817 1477 1890 gloriﬁcari
1529 1828 1729 1890 potest,
1784 1820 1889 1875 nisi

1999 1829 2144 1893 Θεὸν,
2172 1808 2246 1901 μὴ
2272 1828 2375 1899 τῆς
2407 1830 2526 1882 κατ’
2553 1826 2715 1882 αὐτὸν
2743 1825 2942 1898 ἀρετῆς
2969 1827 3036 1897 τῇ
3060 1824 3180 1896 θείᾳ
3206 1823 3438 1894 δυνάμει
3474 1822 3579 1895 τὴν

304 1902 486 1961 virtus
520 1905 642 1975 ejus
674 1915 928 1974 testetur,
968 1909 1210 1964 divinam
1244 1910 1543 1981 potentiam
1589 1918 1753 1982 atque
1781 1912 1894 1966 vir-

302 2003 479 2051 tutem
509 2012 635 2053 esse
663 2013 889 2054 causam
926 2001 1220 2058 bonorum.

377 2085 512 2155 Quae
540 2087 803 2161 deinceps
826 2092 1077 2164 sequitur
1109 2092 1322 2164 petitio,
1352 2109 1583 2164 regnum
1613 2093 1709 2151 Dei
1738 2102 1895 2166 optat

304 2177 593 2236 advenire.
630 2180 893 2253 Nunquid
939 2198 1089 2238 nunc
1117 2199 1300 2255 regem
1336 2184 1454 2242 ﬁeri
1486 2186 1605 2241 vult
1649 2187 1892 2243 universi

304 2284 515 2341 regem,
567 2275 660 2343 qui
690 2288 912 2347 semper
953 2285 1062 2341 est,
1105 2275 1251 2347 quod
1284 2277 1408 2334 est?
1454 2278 1547 2349 qui
1575 2277 1642 2334 ad
1672 2292 1893 2334 omnem

308 2365 674 2422 mutationem
709 2366 901 2425 ﬁrmus
928 2376 984 2423 et
1032 2368 1326 2425 immobilis
1358 2370 1484 2425 est?
1514 2372 1608 2442 qui
1645 2386 1754 2426 non
1794 2387 1887 2441 pu-

302 2462 419 2511 test
455 2459 696 2528 reperire
733 2460 930 2517 melius
975 2460 1297 2531 quidquam,
1333 2463 1388 2516 in
1432 2463 1578 2533 quod
1609 2467 1894 2520 transeat?

306 2547 453 2614 Quid
484 2549 655 2621 igitur
688 2551 795 2606 sibi
829 2552 946 2606 vult
975 2553 1209 2622 optatio,
1237 2569 1359 2623 qua:
1386 2569 1615 2624 regnum
1641 2554 1738 2609 Dei
1770 2570 1894 2609 evo-

303 2638 436 2693 cat?
462 2641 542 2694 Ac
565 2654 752 2694 veram
780 2641 1000 2707 quidem
1035 2641 1201 2712 hujus
1230 2644 1308 2698 rei
1344 2645 1610 2699 rationem
1640 2646 1894 2701 noverint

305 2729 385 2785 illi
417 2731 622 2801 quibus
653 2732 881 2802 spiritus
912 2734 1164 2790 veritatis
1207 2736 1424 2790 occulta
1455 2740 1710 2808 mysteria
1741 2754 1893 2794 reve-

305 2820 430 2876 lat:
460 2835 563 2876 nos
596 2833 778 2876 autem
827 2822 1096 2893 ejusmodi
1135 2824 1204 2880 de
1236 2826 1341 2881 hoc
1382 2825 1530 2882 dicto
1577 2826 1891 2898 opinionem

303 2921 477 2984 atque
511 2915 841 2969 sententiam
899 2914 1164 2971 habemus
1197 2916 1358 2971 :Una
1401 2918 1567 2972 rebus
1621 2918 1892 2973 universis

305 3006 735 3076 superimposita
772 3014 856 3060 est
882 3020 946 3061 ac
975 3009 1231 3078 praesidet
1262 3025 1388 3065 vera
1422 3019 1668 3081 potestas
1698 3020 1754 3067 et
1782 3012 1893 3066 vir-

306 3106 422 3161 tus,
450 3114 575 3168 quae
601 3099 978 3154 universitatis
1003 3101 1246 3171 suscepit
1272 3102 1587 3173 imperium,
1618 3114 1673 3159 et
1701 3113 1892 3177 regnat

305 3204 420 3245 non
471 3190 712 3245 violento
761 3190 999 3260 quodam
1037 3201 1204 3262 atque
1259 3195 1543 3265 tyrannico
1581 3204 1890 3266 potentatu,

309 3288 373 3334 ut
400 3295 522 3350 qua:
557 3293 700 3336 metu
728 3297 793 3335 ac
821 3280 1229 3337 necessitudine
1264 3284 1367 3338 Sub
1395 3283 1682 3354 imperium
1711 3302 1776 3341 ac
1808 3287 1893 3340 (ll-

306 3373 518 3428 tionem
563 3387 720 3427 suam
763 3373 1036 3428 obnoxios
1064 3374 1432 3440 subiunxerit.
1464 3372 1714 3429 Liberam
1745 3376 1889 3431 enim

310 3477 378 3517 ac
407 3477 635 3517 vacuam
668 3462 737 3517 ab
762 3463 912 3517 omni
939 3475 1085 3518 metu
1116 3464 1430 3533 nulliusque
1448 3464 1693 3521 dominio
1716 3467 1893 3536 subje-

306 3564 454 3609 ctam
480 3554 737 3609 convenit
767 3570 890 3610 esse
911 3555 1194 3618 virtutem,
1228 3555 1435 3609 lubenti
1464 3557 1650 3610 animo
1687 3558 1889 3612 bonum

244 3700 249 3703 _
306 3646 599 3717 eligentem
650 3654 816 3716 atque
868 3654 1213 3702 sumentem:
1275 3653 1443 3718 caput
1489 3658 1669 3704 autem
1712 3650 1892 3706 omnis

308 3740 440 3795 boni
470 3746 576 3802 est,
607 3738 837 3794 vivilicze
861 3739 1116 3809 potestati
1148 3738 1427 3793 subditum
1450 3754 1594 3794 esse.
1620 3739 1892 3806 Quoniam

309 3832 481 3903 igitur
503 3831 740 3885 humana
766 3839 963 3885 natura
993 3846 1023 3884 a
1049 3829 1180 3886 boni
1209 3830 1419 3900 judicio
1452 3831 1641 3887 fraude
1670 3833 1892 3888 inducta

310 3923 606 3987 aberravit,
639 3931 696 3979 et
734 3922 802 3978 ad
828 3924 1170 3979 contrarium
1205 3932 1455 3980 nostrum
1490 3925 1778 3980 arbitrium
1812 3927 1893 3981 in-

310 4016 559 4082 clinavit,
616 4027 671 4072 et
717 4031 881 4072 omne
913 4018 1115 4071 malum
1149 4017 1432 4072 hominum
1465 4018 1631 4073 vitam
1667 4018 1890 4085 invasit,

307 4118 369 4167 et
418 4111 476 4165 in
521 4118 848 4181 potestatem
890 4124 1046 4165 suam
1090 4109 1330 4180 redegit:
1373 4110 1676 4167 innumeris
1718 4111 1892 4168 modis

310 4211 488 4258 morte
519 4211 730 4257 natura:
768 4202 1010 4257 immista
1050 4201 1259 4273 (omnis
1297 4203 1442 4258 enim
1478 4202 1698 4258 malitiae
1728 4204 1890 4259 vitio-

314 4297 606 4363 sitatisque
647 4293 823 4349 forma
857 4304 1120 4365 tanquam
1174 4296 1258 4350 via
1307 4296 1553 4366 quaedam
1603 4304 1659 4351 et
1712 4297 1892 4354 aditus

310 4386 474 4442 morti
506 4389 798 4442 adversum
830 4402 933 4442 nos
966 4386 1227 4458 exsistit).
1252 4387 1521 4454 Quoniam
1548 4389 1710 4460 igitur
1741 4390 1891 4461 ejus-

1991 1921 2172 1976 αἰτίαν
2199 1922 2307 1976 τῶν
2329 1918 2549 1990 ἀγαθῶν
2573 1916 2975 1991 μαρτυρούσης.

2070 2103 2132 2159 ’0
2158 2102 2215 2158 δέ
2243 2101 2439 2175 ἐφεξῆς
2455 2101 2612 2171 λόγος
2639 2100 2737 2174 τὴν
2763 2099 3040 2173 βασιλείαν
3063 2098 3158 2154 τοῦ
3183 2098 3322 2153 Θεοῦ
3353 2098 3579 2170 εὔχεται

1995 2194 2188 2250 ἐλθεῖν.
2208 2190 2359 2267 Ἆρα
2385 2193 2480 2248 νῦν
2504 2192 2645 2260 ἀξιοῖ
2665 2191 2917 2263 γενέσθαι
2948 2189 3173 2263 βασιλέα
3196 2190 3287 2243 τὸν
3314 2188 3415 2243 τοῦ
3439 2207 3580 2243 παν-

1992 2288 2085 2353 τδς
2109 2286 2360 2359 βασιλέα,
2386 2286 2479 2343 τὸν
2519 2285 2607 2340 ἀεὶ
2648 2285 2779 2339 ὂντα
2807 2285 2944 2355 ὅπερ
2973 2282 3123 2337 ἐστὶν
3139 2321 3156 2347 ,
3179 2281 3273 2336 τὸν
3303 2281 3448 2353 πρὸς
3472 2283 3578 2335 πᾶ-

1996 2397 2096 2434 σαν
2148 2378 2450 2451 μεταὸολὴν
2488 2377 2822 2449 ἀμετάθετον
2838 2417 2854 2441 ,
2899 2376 2991 2430 τὸν
3030 2375 3129 2430 οὐκ
3160 2375 3356 2446 έχοντα
3392 2375 3577 2445 εὑρεῖν

1993 2473 2240 2543 κρεῖττον
2271 2472 2350 2534 είς
2372 2470 2401 2523 ὃ
2425 2468 2824 2542 μεταϐήσεται;
2860 2467 2926 2520 Τί
2951 2464 3044 2521 οῦν
3084 2466 3334 2538 βούλεται
3368 2469 3405 2537 ἡ
3439 2467 3576 2538 εὐχὴ

1991 2562 2087 2617 τοῦ
2137 2560 2274 2617 Θεοῦ
2320 2561 2594 2632 βασιλείαν
2639 2560 3047 2631 ἐκκαλουμένης
3112 2558 3274 2613 Ἀλλά
3325 2559 3423 2613 τὸν
3476 2559 3576 2629 μὲν

1990 2654 2167 2728 ἀληθῆ
2207 2656 2335 2727 περὶ
2364 2654 2556 2708 τούτου
2595 2653 2750 2722 λόγον
2797 2656 2972 2722 γνοῖεν
3011 2651 3099 2718 ἂν,
3146 2647 3230 2716 οἷς
3259 2652 3324 2706 τὸ
3356 2650 3574 2721 πνεῦμα

1990 2748 2091 2817 τῆς
2114 2746 2373 2818 ἀληθείας
2402 2746 2775 2800 ἀνακαλύπτει
2796 2744 2865 2798 τὰ
2885 2746 3243 2816 κεκρυμμένα
3261 2745 3542 2815 μυστήρια
3558 2758 3572 2772 '

1991 2838 2158 2909 ἡμεῖς
2209 2839 2267 2892 δὲ
2309 2836 2564 2909 τοιαύτην
2609 2835 2803 2909 εχομεν
2841 2837 2968 2909 περὶ
2998 2836 3092 2890 τοῦ
3126 2835 3293 2909 ῥητοῦ
3319 2835 3425 2906 τὴν
3459 2835 3574 2889 διά-

1992 2946 2166 2983 νοιαν·
2198 2928 2312 2983 Μία
2332 2928 2441 2980 τῶν
2470 2927 2687 2980 πάντων
2716 2927 3034 2998 ὑπέρκειται
3067 2927 3101 2995 ὴ
3131 2924 3340 2995 ἀληθὴς
3360 2925 3575 2989 ἐξουσία

1991 3020 2089 3073 καὶ
2122 3018 2350 3088 δύναμις
2370 3059 2385 3084 ,
2422 3020 2457 3089 ἡ
2481 3018 2574 3072 τοῦ
2604 3018 2806 3081 παντὸς
2831 3015 3228 3086 ἀναδεδεγμένη
3260 3014 3323 3068 τὸ
3350 3016 3572 3086 κράτος,

1994 3112 2089 3166 καὶ
2136 3111 2524 3183 βασιλεύουσα,
2568 3111 2629 3165 οὐ
2669 3110 2761 3183 βίᾳ
2803 3112 2910 3165 τινὶ
2946 3109 3044 3163 καὶ
3083 3112 3388 3179 τυραννικῇ
3422 3108 3578 3162 δυνα-

1997 3205 2179 3277 στείᾳ,
2213 3204 2399 3275 φόϐοις
2426 3205 2523 3258 καὶ
2564 3204 2829 3273 ἀνάγκαις
2866 3201 3208 3267 ὑποζεύξασα
3231 3204 3299 3272 τῇ
3323 3202 3575 3271 ὑποταγῇ

1990 3295 2052 3350 τδ
2079 3297 2339 3367 ὑπήκοον.
2380 3294 2701 3367 Ἐλευθέραν
2741 3293 2851 3365 γὰρ
2886 3288 3025 3346 εἶναι
3056 3294 3323 3364 προσήκει
3375 3291 3577 3354 παντὸς

1993 3386 2159 3456 φόϐου
2202 3388 2302 3458 τὴν
2329 3388 2533 3459 ἀρετὴν
2565 3387 2660 3440 καὶ
2685 3386 3000 3449 ἀδέσποτον,
3038 3385 3261 3455 ἑκουσίᾳ
3286 3382 3484 3456 γνώμῃ
3511 3386 3573 3438 τὸ

1992 3479 2195 3548 ἀγαθὸν
2222 3479 2553 3552 αἱρουμένην
2571 3495 2585 3509 ·
2624 3476 2831 3547 ἀγαθοῦ
2856 3477 2916 3531 δὲ
2939 3475 3136 3538 παντὸς
3164 3476 3223 3528 τὸ
3250 3475 3570 3545 κεφάλαιον,

1990 3571 2053 3624 τὸ
2104 3570 2208 3624 ὑπὸ
2249 3571 2348 3641 τὴν
2401 3570 2660 3635 ζωοποιδν
2711 3568 2959 3635 ἐξουσίαν
3007 3567 3285 3638 τετάχθαι.
3350 3567 3571 3637 Ἐπειδὴ

1992 3661 2171 3716 τοίνυν
2189 3661 2290 3732 τῆς
2306 3661 2400 3714 τοῦ
2427 3661 2593 3715 καλοῦ
2621 3660 2855 3731 κρίσεως
2884 3659 3237 3730 ἀπεπλανήθη
3261 3657 3330 3711 δι’
3354 3658 3575 3728 ἀπάτης

1992 3755 2026 3825 ἡ
2054 3742 2365 3825 ἀνθρωπίνη
2397 3752 2580 3823 φύσις,
2608 3753 2704 3806 καὶ
2732 3751 2870 3824 πρὸς
2897 3751 2960 3805 τὸ
2984 3751 3220 3804 ἐναντίον
3248 3749 3444 3818 γέγονε
3472 3750 3577 3818 τῆς

1994 3846 2370 3918 προαιρέσεως
2414 3846 2571 3917 ήμῶν
2598 3848 2632 3916 ἡ
2669 3843 2808 3917 ῥοπὴ
2828 3885 2842 3909 ,
2875 3845 2972 3899 καὶ
3005 3844 3168 3896 παντὶ
3195 3843 3275 3914 τῷ
3300 3843 3506 3913 χείρονι
3538 3843 3574 3913 ή

1993 3937 2107 4009 ζωὴ
2132 3938 2242 3992 τῶν
2266 3936 2569 4010 ἀνθρώπων
2598 3936 2979 4008 κατεκρατήθη
2998 3977 3015 4002 ,
3053 3934 3272 4006 μυρίαις
3298 3934 3442 3997 ὁδοῖς
3477 3932 3575 3985 τοῦ

1993 4029 2224 4084 θανάτου
2268 4027 2688 4101 κατακριθέντος
2717 4030 2784 4099 τῇ
2822 4026 2982 4097 φύσει
3002 4043 3017 4057 ·
3047 4028 3196 4079 πᾶσα
3221 4024 3332 4096 γάρ
3372 4023 3576 4088 κακίας

1997 4120 2112 4174 ἰδέα
2151 4116 2262 4174 οἷόν
2305 4139 2389 4185 τις
2437 4121 2556 4184 ὁδὸς
2594 4119 2673 4191 τῷ
2716 4119 2931 4190 θανάτῳ
2980 4118 3103 4172 καθ’
3145 4118 3307 4189 ἡμῶν
3339 4119 3573 4187 γίνεται.

2006 4214 2222 4284 Ἐπειδὴ
2252 4213 2429 4266 τοίνυν
2459 4215 2525 4283 τῇ
2554 4211 2777 4283 τοιαύτῃ
2814 4210 3086 4283 τυραννίδι
3114 4209 3574 4282 περιεσχέθημεν,

1994 4305 2245 4375 καθάπερ
2274 4304 2490 4376 δημίοις
2527 4306 2667 4358 τισὶν
2708 4304 2743 4373 ἢ
2773 4303 3071 4374 πολεμίοις,
3099 4305 3219 4366 ταῖς
3246 4302 3576 4374 προσϐολαῖς

1994 4399 2104 4452 τῶν
2156 4397 2495 4469 παθημάτων
2544 4397 2622 4468 τῷ
2663 4396 2878 4466 θανάτῳ
2926 4395 3311 4466 δεδουλωμένοι
3334 4411 3347 4427 ·
3392 4394 3577 4457 καλῶς

309 4477 456 4532 modi
485 4479 759 4548 tyrannidi
800 4478 1161 4534 circumventi
1206 4488 1370 4551 atque
1409 4482 1629 4537 obnoxii
1662 4480 1889 4544 fuimus,

1999 4491 2288 4562 εὐχόμεθα,
2331 4489 2424 4544 τοῦ
2471 4489 2606 4543 Θεοῦ
2635 4489 2733 4560 τὴν
2764 4488 3039 4559 βασιλείαν
3078 4488 3163 4556 ἐφ’
3193 4488 3344 4559 ἡμᾶς
3376 4487 3571 4542 ἐλθεῖν.

307 4579 569 4641 tanquam
599 4587 697 4642 per
735 4571 1023 4628 carniﬁces
1052 4573 1317 4642 quosdam
1353 4575 1435 4630 vel
1462 4575 1667 4638 hostes,
1706 4575 1891 4629 incur-

308 4664 464 4720 sibus
491 4663 783 4718 at‘l‘ectuum
808 4675 971 4735 atque
990 4666 1463 4736 perturbationum
1491 4667 1544 4721 in
1568 4667 1888 4722 servitutem

307 4770 340 4808 a
367 4761 544 4809 morte
566 4753 772 4808 redacti
800 4771 814 4809 :
852 4762 1001 4809 recte
1029 4769 1319 4825 precamur
1344 4770 1572 4826 regnum
1599 4755 1691 4811 Dei
1724 4772 1891 4826 super

278 4848 411 4903 'nos
446 4848 650 4901 venire.
702 4844 821 4900 Non
860 4847 1008 4902 enim
1048 4846 1209 4901 aliter
1249 4863 1473 4917 pravam
1516 4849 1889 4919 corruptionis

307 4947 637 5010 potestatem
687 4952 890 4993 exuere
920 4947 1084 5008 atque
1130 4936 1370 5008 ellugere
1402 4940 1726 5009 poterimus,
1781 4939 1889 4994 nisi

308 5034 525 5089 vivillca
562 5034 738 5089 virtus
784 5032 1019 5088 invicem
1062 5032 1116 5087 in
1157 5032 1314 5087 nobis
1368 5033 1658 5104 imperium
1696 5049 1890 5091 susce-

307 5134 469 5202 perit.
538 5131 596 5187 Si
656 5130 826 5204 igitur
888 5146 1115 5202 regnum
1173 5128 1265 5185 Dei
1332 5145 1499 5198 super
1548 5138 1667 5186 nos‘
1701 5131 1891 5185 venire

307 5224 701 5296 petiverimus,
758 5223 874 5279 haec
910 5224 963 5277 vi
1004 5222 1298 5278 verborum
1340 5222 1507 5279 Deum
1561 5235 1885 5292 precamur:

304 5316 657 5394 Corruptioni
686 5327 975 5388 exemptus
1003 5318 1131 5382 sim,
1162 5331 1192 5370 a
1247 5323 1424 5371 morte
1467 5315 1733 5369 liberatus
1761 5313 1888 5377 sim,

305 5410 490 5466 solvar
529 5424 561 5462 a
595 5409 834 5464 vinculis
879 5409 1135 5480 peccati;
1165 5424 1235 5464 ne
1270 5408 1501 5479 posthac
1542 5414 1734 5478 regnet
1768 5423 1888 5461 am-

306 5501 452 5572 plius
487 5501 541 5555 in
583 5517 671 5556 me
701 5516 852 5555 mors
885 5519 899 5555 :
932 5517 1003 5557 ne
1037 5501 1279 5571 amplius
1311 5500 1606 5555 adversum
1647 5514 1749 5554 nos
1777 5496 1889 5552 elli-

303 5610 406 5653 cax
444 5595 516 5651 sit
543 5595 773 5650 malitiae
797 5595 1229 5664 vitiositatisque
1259 5591 1531 5664 tyrannis,
1577 5608 1648 5647 ne
1682 5606 1890 5662 praeva-

303 5697 414 5745 ,θοι
443 5688 736 5745 adversum
776 5702 863 5742 me
896 5687 1093 5754 hostis,
1126 5702 1231 5742 neu
1264 5702 1361 5757 per
1393 5694 1676 5756 peccatum
1714 5685 1891 5755 capti-

302 5797 432 5840 vum
499 5796 586 5838 me
639 5783 807 5837 ducat
850 5799 864 5836 :
904 5780 999 5837 sed
1048 5780 1230 5838 veniat
1285 5796 1450 5851 super
1504 5793 1589 5833 me
1660 5795 1888 5848 regnum

1998 4586 2073 4651 Οὐ
2095 4585 2205 4657 γὰρ
2230 4585 2375 4639 ἐστιν
2404 4583 2579 4647 άλλως
2603 4583 2822 4638 ἐκδῦναι
2847 4583 2947 4652 τὴν
2975 4581 3218 4653 πονηρὰν
3243 4581 3343 4652 τῆς
3365 4579 3576 4652 φθορᾶς

1994 4676 2334 4738 δυναστείαν,
2388 4675 2462 4747 μὴ
2511 4674 2610 4745 τῆς
2663 4673 2926 4738 ζωοποιοῦ
2969 4672 3252 4743 δυνάμεως
3283 4670 3375 4740 ἐφ’
3415 4670 3576 4742 ἡμῶν

1996 4764 2533 4837 ἀντιμεταλαϐούσης
2583 4766 2645 4818 τὸ
2672 4764 2895 4837 κράτος.
2952 4764 3079 4819 Ἐὰν
3120 4759 3215 4818 οὖν
3261 4762 3439 4816 ἐλθεῖν
3485 4761 3574 4831 ἐφ’

1998 4858 2144 4928 ἡμᾶς
2169 4857 2268 4929 τὴν
2302 4856 2576 4927 βασιλείαν
2622 4853 2717 4909 τοῦ
2763 4854 2898 4909 Θεοῦ
2924 4856 3255 4925 αἰτήσωμεν,
3287 4853 3462 4908 ταῦτα
3506 4855 3573 4925 τῇ

1995 4949 2221 5022 δυνάμει
2244 4948 2336 5004 τὸν
2362 4947 2495 5003 Θεὸν
2524 4948 2856 5019 ἱκετεύομεν*
2905 4946 3299 5018 Ἀπαλλαγείην
3318 4950 3419 5016 τῆς
3447 4947 3578 5015 φθο-

2000 5044 2132 5114 ρᾶς,
2168 5042 2591 5115 ἐλευθερωθείην
2636 5041 2731 5095 τοῦ
2780 5041 3049 5105 θανάτου,
3079 5041 3266 5103 ἄνετος
3313 5041 3575 5109 γενοίμην

1994 5133 2104 5188 τῶν
2151 5135 2251 5205 τῆς
2293 5133 2565 5206 ἁμαρτίας
2599 5131 2846 5203 δεσμῶν·
2876 5130 3071 5203 μηκέτι
3100 5129 3430 5201 βασιλευέτω
3454 5132 3573 5183 κατ’

1997 5224 2132 5298 ἐμοῦ
2170 5227 2199 5279 ό
2246 5226 2507 5290 θάνατος·
2544 5224 2741 5297 μηκέτι
2768 5223 2987 5295 ἐνεργὸς
3024 5222 3166 5276 ἔστω
3193 5222 3317 5275 καθ’
3345 5222 3502 5292 ἡμῶν
3538 5211 3595 5292 η’

1995 5318 2251 5389 τυραννὶς
2287 5317 2388 5388 τῆς
2435 5319 2666 5381 κακίας,
2714 5317 2809 5371 καὶ
2850 5315 2925 5386 μὴ
2958 5313 3375 5385 κατακρατείτω
3415 5329 3517 5382 μου
3545 5314 3575 5365 ὁ

1999 5409 2267 5480 πόλεμος,
2304 5409 2440 5480 μηδὲ
2475 5408 2655 5476 ἀγέτω
2707 5425 2772 5478 με
2801 5407 2867 5461 δι’
2895 5405 3166 5478 ἁμαρτίας
3193 5404 3572 5475 αἰχμάλοηονο

1997 5502 2113 5557 ἀλλ’
2141 5502 2341 5556 ἐλθέτω
2368 5502 2454 5555 ἐπ’
2483 5502 2582 5573 ἐμὲ
2607 5502 2641 5570 ἡ
2670 5500 2914 5571 βασιλεία
2950 5516 3067 5565 σου,
3103 5499 3192 5552 ἵνα
3237 5498 3570 5568 ὑποχωρήσῃ

1996 5593 2090 5648 ἀπ’
2139 5593 2306 5666 ἐμοῦ,
2361 5592 2559 5665 μᾶλλον
2597 5593 2654 5646 δὲ
2699 5594 2780 5657 είς
2812 5591 2872 5646 τὸ
2910 5591 2985 5663 μὴ
3015 5590 3075 5644 ὃν
3105 5592 3470 5661 μεταχωρήσῃ
3500 5588 3570 5640 τά

1998 5687 2091 5739 νῦν
2131 5685 2529 5758 ἐπικρατοῦντα
2573 5685 2668 5737 καὶ
2707 5682 3058 5754 βασιλεύοντα
3109 5680 3277 5751 πάθη.
3333 5680 3422 5742 Ὧς
3459 5680 3570 5748 γὰρ

1998 5776 2239 5830 ἐκλείπει
2263 5775 2469 5839 καπνὸς
2489 5815 2503 5839 .
2533 5773 2707 5836 οὕτως
2734 5772 3041 5841 ἐπιλείψουσι
3061 5788 3077 5804 ·
3118 5771 3212 5826 καὶ
3238 5770 3313 5829 ὡς
3345 5771 3572 5836 τήκεται
