3812 6228
129 272 266 325 H37

1092 267 1179 321 DE
1212 261 1564 322 ORATIONE
1602 261 1950 318 DOMINICA.
1993 290 2064 301 —
2099 257 2362 315 ORATIO
2403 256 2486 312 Ill.

3250 253 3409 312 1158

125 385 297 456 κηρὸς
323 384 432 437 ἀπὸ
454 383 748 455 προσώπου
779 383 973 454 πυρὸς,
999 382 1174 447 οὕτως
1202 384 1550 439 ἀπολοῦνται.
1577 381 1658 437 Οῦλ

1839 395 2000 443 ιιιιιη,
2037 387 2096 433 ιιι
2138 378 2398 434 recedant
2427 386 2484 432 et
2511 382 2898 431 removeantur
2937 389 2966 428 a
2999 388 3109 436 me,
3136 373 3248 430 imo
3276 388 3411 430 vero

127 477 337 539 καπνὸς
365 475 648 545 ἁναχεθεὶς
674 476 754 537 εἰς
781 475 872 528 τὸν
899 477 1059 546 ἀέρα,
1099 476 1326 549 σημεῖόν
1361 493 1414 529 τι
1455 479 1552 546 τῆς
1576 475 1714 538 ἰδίας

127 565 486 618 ὑπολείπεται.
513 564 760 632 φύσεως,
807 563 928 617 οὔτε
969 565 1137 636 κηρὸς
1169 567 1226 618 ὲν
1256 565 1389 635 πυρὶ
1427 565 1715 634 γενόμενος

129 656 210 709 ἔτι
240 657 590 728 εὑρίσκεταιο
621 655 758 708 ἀλλά
790 658 882 709 καὶ
913 651 1068 720 οὗτος
1095 657 1194 728 τὴν
1221 657 1395 726 φλόγα
1420 657 1486 710 δι’
1521 655 1715 710 ἑαυτοῦ

130 746 360 817 θρέψας,
389 749 469 809 είς
489 745 659 817 ἀτμὸν
689 746 781 799 καὶ
805 746 942 818 ἀέρα
971 747 1324 819 μετεποιήθη,
1351 749 1446 800 καὶ
1470 746 1718 810 ὁκαπνὸς

129 841 213 902 είς
244 838 485 909 παντελῆ
523 841 830 910 ἀφανισμὸν
872 838 1288 911 μετεχώρησεν·
1344 839 1516 905 οὕτως
1549 841 1643 894 ἐὰν
1682 841 1716 910 ἡ

133 929 385 1000 βασιλεία
410 930 504 984 τοῦ
534 931 671 983 Θεοῦ
704 931 789 1000 ἐφ’
818 932 966 1002 ἡμᾶς
1002 931 1150 1003 ἔλθῃ,
1180 932 1359 986 πάντα
1387 933 1455 986 τὰ
1479 932 1574 987 νῦν
1603 933 1723 985 ὲπι-

131 1022 475 1094 κρατοῦντα,
528 1023 609 1085 είς
657 1023 967 1093 ἀφανισμὸν
1027 1024 1436 1096 περιστήσεται.
1492 1023 1566 1078 Οὐ
1613 1023 1721 1095 γὰρ

133 1113 403 1184 ὑπομένει
446 1113 508 1165 τὸ
544 1112 734 1176 σκότος
769 1113 867 1185 τὴν
915 1113 1009 1166 τοῦ
1057 1113 1233 1180 φωτὸς
1285 1113 1620 1185 παρουσίαν·
1658 1113 1720 1166 ού

130 1206 294 1267 νόσος
341 1204 527 1272 ὑγείας
572 1204 936 1276 ἐπιλαϐούσης
967 1205 1200 1257 ἵσταται*
1250 1205 1351 1259 οὐκ
1399 1207 1613 1276 ἐνεργεῖ
1655 1204 1736 1259 τὰπ

131 1298 287 1369 πάθη
334 1297 440 1366 τῆς
485 1296 752 1360 ἀπαθείας
795 1297 1098 1369 παρούσης,
1144 1296 1372 1370 φροῦδος
1403 1300 1430 1351 ὁ
1463 1298 1720 1363 θάνατος,

129 1392 351 1462 ἀφανὴς
383 1392 415 1461 ή
462 1389 660 1461 φθορὰ,
699 1391 826 1444 ὅταν
859 1391 892 1462 ή
918 1390 1029 1460 ζωὴ
1053 1392 1111 1445 ὲν
1149 1393 1280 1461 ἡμῖν
1309 1389 1600 1464 βασιλεύῃ,
1629 1391 1725 1443 καὶ

131 1483 422 1555 ἀφθαρσία
450 1484 511 1536 τὸ
542 1483 744 1555 κράτος
770 1483 890 1556 ἔχῃ.
933 1483 1181 1539 Ἐλθέτω
1203 1486 1242 1554 ἡ
1268 1485 1558 1550 βασιλεία
1582 1500 1721 1540 σου.

144 1575 207 1628 'H
236 1575 461 1644 γλυκεῖα
491 1576 676 1645 φωνή·
707 1573 773 1626 δι’
810 1567 879 1646 ἦς
917 1572 1120 1643 ταύτην
1149 1574 1408 1645 ἄντικρυς
1451 1573 1726 1642 προσάγο-

133 1683 239 1734 μεν
280 1665 356 1735 τῷ
394 1663 512 1734 Θεῷ
541 1663 638 1734 τὴν
664 1661 850 1733 δέησιν
868 1677 882 1690 ·
915 1661 1289 1732 Καταλυθήτω
1311 1665 1344 1733 ή
1372 1662 1721 1734 ἀντικειμένη

1817 473 1886 528 ad
1929 471 2162 526 nihilum
2194 471 2539 540 redigantur,
2569 485 2692 538 qua:
2714 482 2863 522 nunc
2894 466 3185 536 imperium
3219 473 3412 521 tenent

1813 572 1869 619 et
1904 570 2139 633 regnant
2187 563 2343 623 vitia,
2392 569 2558 630 atque
2604 558 2856 613 aﬂ‘ectus.
2912 556 2981 611 Ut
3031 558 3178 612 enim
3225 556 3412 612 deﬁcit

1817 657 2025 718 fumus,
2074 655 2150 708 ita
2201 653 2484 714 deficient,
2530 661 2584 706 et
2629 660 2688 706 ut
2737 651 2996 721 liquescit
3048 665 3175 704 cera
3221 663 3409 703 coram

1818 749 1964 817 igne,
2006 747 2082 801 ita
2132 745 2416 816 peribunt.
2453 744 2641 814 Neque
2672 745 2819 799 enim
2868 743 3056 798 fumus
3096 742 3319 797 refusus
3355 742 3411 797 in

1820 854 2003 895 aerem
2058 841 2275 911 signum
2309 837 2532 906 aliquod
2582 853 2695 891 sua:
2725 836 2988 905 relinquit
3038 844 3272 898 naturai,
3315 852 3413 889 ne-

1819 946 1928 1002 que
1959 946 2110 995 cera,
2143 947 2267 1001 quae
2297 930 2350 984 in
2380 931 2506 1000 igne
2546 929 2672 994 fuit,
2706 929 2944 998 amplius
2968 927 3282 998 reperitur:
3313 925 3412 982 sed

1820 1031 1875 1077 et
1914 1021 2028 1075 haec
2064 1037 2191 1076 cum
2243 1021 2518 1076 ﬂammam
2568 1036 2670 1076 suo
2718 1020 3060 1075 nutrimento
3091 1021 3310 1085 aluerit,
3352 1019 3413 1075 iu

1823 1127 2080 1182 vaporem
2123 1120 2177 1166 et
2208 1127 2387 1166 aerem
2418 1109 2850 1174 transfunditur,
2901 1119 2957 1164 et
2979 1108 3164 1165 fumus
3198 1113 3264 1164 ad
3299 1110 3414 1180 ple-

1823 1220 1948 1259 nam
1995 1204 2352 1259 abolitionem
2414 1203 2681 1273 redigitur
2716 1203 2830 1256 :ita
2881 1203 2924 1256 si
2977 1218 3142 1271 super
3177 1219 3278 1258 nos
3327 1219 3414 1257 re-

1823 1313 1989 1367 gnum
2037 1296 2132 1351 Dei
2173 1296 2408 1356 venerit,
2463 1294 2672 1356 omnia,
2716 1310 2836 1364 qua:
2871 1309 3018 1348 nunc
3051 1294 3414 1348 dominantur

1826 1405 1891 1443 ac
1939 1387 2310 1458 principatum
2355 1395 2562 1452 tenent,
2614 1388 2680 1441 ad
2734 1386 3016 1441 interitum
3070 1389 3411 1458 redigentur.

1825 1480 1945 1535 Non
1967 1480 2119 1534 'enim
2146 1479 2388 1534 tenebrae
2419 1478 2767 1548 praesentiam
2795 1479 2935 1533 lucis
2969 1479 3245 1537 sustinent
3269 1499 3280 1534 :
3304 1496 3415 1534 non

1828 1571 2056 1628 morbus
2100 1571 2338 1625 sanitate
2373 1570 2794 1639 superveniente
2833 1570 3091 1625 consistit
3121 1585 3136 1624 :
3161 1586 3269 1625 non
3304 1572 3414 1625 vim

1831 1680 1988 1720 suam
2021 1662 2250 1717 affectus
2288 1670 2343 1717 et
2379 1662 2828 1731 perturbationes
2867 1673 3148 1729 exercent,
3191 1664 3415 1735 impati-

131 1734 477 1829 παράταξις·
516 1753 868 1824 ἀφανισθήτω
903 1752 1012 1806 τῶν
1052 1752 1364 1822 ἀλλοφύλων
1402 1755 1434 1825 ή
1472 1753 1654 1822 φάλαγ

1839 1757 2037 1812 bilitate
2091 1763 2145 1809 et
2198 1757 2392 1808 horum
2442 1755 2716 1808 malorum
2770 1756 3046 1811 vacuitate
3097 1734 3415 1826 praesente:

129 1848 482 1918 ἀναιρεθήτω
514 1847 616 1916 τῆς
647 1845 852 1918 σαρκὸς
895 1847 924 1899 ὁ
964 1844 1109 1900 κατὰ
1151 1845 1246 1899 τοῦ
1280 1845 1590 1916 πνεύματος
1623 1846 1721 1899 πό-

127 1944 334 2016 λεμος*
379 1944 453 2016 μὴ
498 1942 640 1996 έστω
678 1941 740 1996 τὺ
781 1941 939 2013 σῶμα
977 1941 1070 1996 τοῦ
1113 1941 1370 2012 πολεμίου
1403 1943 1502 2013 τῆς
1542 1941 1722 2013 ψυχῆς

125 2037 509 2109 ὁρμητήριον,
551 2035 868 2106 ἑπιφανήτω
902 2052 992 2105 μοι
1025 2034 1278 2106 βασιλικὴ
1318 2034 1638 2098 δυναστεία,
1683 2038 1717 2107 ή

132 2129 412 2200 ἀγγελικὴ
438 2128 582 2199 χεὶρ,
604 2129 660 2182 αί
690 2126 928 2198 χιλιάδες
946 2125 1056 2180 τῶν
1081 2125 1430 2189 εὐθυνόντων.
1466 2127 1500 2197 ή
1524 2127 1724 2198 μυριὰς

128 2222 249 2275 τῶν
285 2219 430 2274 κατά
465 2219 528 2274 τδ
557 2218 731 2286 δεξιὸν
759 2218 1207 2288 παρισταμένων,
1250 2217 1337 2272 ἵνα
1367 2218 1510 2291 πέσῃ
1539 2219 1602 2271 ἐκ
1630 2217 1724 2272 τοῦ

132 2312 530 2383 ἀντικειμένου
577 2309 794 2374 κλίτους
832 2313 866 2380 ή
917 2309 1095 2381 χιλιὰς
1143 2308 1252 2362 τῶν
1308 2308 1722 2380 πολεμούντων·

128 2408 311 2470 πολὺς
336 2408 364 2460 ὁ
387 2404 679 2467 ἀντίπαλος
701 2444 714 2466 ,
748 2402 885 2457 ἀλλά
917 2405 1030 2465 τοῖς
1064 2403 1293 2473 ἐρήμοις
1317 2401 1420 2471 τῆς
1463 2402 1562 2472 σῆς
1590 2419 1728 2472 συμ-

133 2499 348 2572 μαχίας
359 2496 530 2560 δεινός
553 2513 612 2549 τε
634 2495 728 2550 καὶ
749 2495 1194 2565 ἀκαταμάχητος,
1218 2492 1330 2546 ἀλλ’
1358 2492 1464 2555 ἕως
1479 2492 1544 2545 ἂν
1569 2492 1728 2560 μόνος

127 2593 160 2645 δ
207 2589 621 2660 πολεμούμενος
761 2586 980 2640 ἐπειδὰν
1011 2586 1068 2639 δὲ
1095 2587 1128 2657 ή
1159 2585 1226 2656 σὴ
1258 2583 1505 2654 βασιλεία
1545 2586 1686 2654 φανῇ
1708 2627 1723 2650 ,

128 2681 358 2752 ἀπέδρα
397 2678 542 2750 λύπη
586 2678 682 2733 καὶ
707 2676 1010 2747 στεναγμός
1030 2691 1044 2704 ·
1074 2675 1479 2747 ἀντεισέρχεται
1507 2673 1562 2728 δὲ
1590 2673 1723 2745 ζωὴ,

128 2771 234 2824 καὶ
256 2769 472 2841 εἰρήνη,
495 2768 589 2821 καὶ
614 2766 947 2837 ἀγαλλίαμα.

1828 1862 1968 1901 vana
2013 1856 2180 1916 atque
2220 1851 2438 1901 deserta
2491 1861 2642 1902 mors
2690 1856 2799 1910 est,
2837 1865 2867 1901 ε
2903 1848 3087 1903 medio
3135 1851 3419 1920 corruptio

1827 1939 2088 2004 excessit,
2129 1955 2257 1993 cum
2302 1939 2409 1992 vita
2448 1939 2504 1992 in
2552 1940 2714 1994 nobis
2747 1948 2959 2009 regnat,
2996 1952 3052 1996 et
3083 1941 3420 2012 incorrupti-

1827 2031 2015 2087 bilitas
2079 2031 2369 2101 imperium
2428 2038 2600 2085 tenet.
2663 2031 2916 2086 Adveniat
2969 2049 3186 2103 regnum
3245 2043 3416 2088 tuum.

1833 2123 2020 2178 Dulcis
2047 2138 2151 2177 vox
2178 2141 2192 2178 :
2223 2139 2321 2192 per
2345 2137 2510 2194 quam
2550 2122 2694 2177 hanc
2726 2124 2886 2194 plane
2907 2125 3280 2193 precationem
3308 2125 3419 2182 Deo

1831 2214 2114 2271 oﬂ‘erimus
2167 2234 2181 2269 :
2239 2214 2546 2286 Rumpatur
2612 2215 2760 2271 acies
2815 2217 3120 2286 opposita:
3169 2218 3421 2276 deleatur

1834 2292 2268 2376 alienigenarum
2324 2307 2587 2376 phalanx,
2640 2307 2936 2362 dirimatur
2983 2307 3182 2363 bellum
3231 2312 3420 2366 caruit:

1835 2399 2102 2454 adversus
2134 2399 2388 2468 spiritum
2421 2417 2436 2456 :
2465 2416 2534 2455 ne
2573 2416 2777 2470 corpus
2808 2401 3006 2455 anima:
3032 2402 3210 2457 hostis
3243 2419 3339 2457 arx
3365 2413 3422 2458 et

1835 2490 2245 2558 receptaculum
2273 2490 2379 2554 sit;
2408 2500 2670 2560 appareat
2693 2492 2824 2546 mihi
2858 2493 3046 2563 regius
3069 2503 3413 2564 potentatus,

1833 2581 2078 2650 angelica
2143 2595 2380 2640 manus,
2431 2580 2686 2636 cohortes
2753 2584 3059 2652 regentium
3117 2602 3132 2638 :
3190 2585 3332 2655 legio
3387 2602 3423 2641 ιι

1833 2671 2048 2726 dextris
2081 2670 2484 2737 assistentium,
2533 2681 2593 2726 ut
2632 2672 2830 2727 cadant
2860 2689 2926 2729 ex
2962 2678 3214 2745 Opposita
3267 2687 3424 2749 parte

1843 2763 2204 2833 pugnantium
2252 2763 2440 2819 decem
2497 2765 2666 2819 millia
2699 2783 2712 2818 :
2748 2782 2980 2821 numero
3009 2769 3174 2839 pollet
3219 2786 3286 2826 ac
3327 2787 3423 2826 ve-

129 2863 370 2917 hemens
401 2869 485 2916 est
518 2859 889 2921 adversarius,
937 2859 1031 2915 sed
1067 2865 1163 2912 tuo
1205 2857 1411 2912 auxilio
1442 2857 1720 2912 destitutis
1758 2870 1884 2911 acer
1927 2868 1981 2912 et
2037 2857 2299 2924 invictus,
2338 2857 2435 2913 sed
2500 2859 2746 2929 quandiu
2803 2861 2954 2916 solus
3008 2863 3277 2930 fueritis,
3327 2865 3423 2936 qui

129 2955 285 3009 bello
316 2960 572 3023 petatur:
609 2966 731 3006 eum
806 2960 988 3005 autem
1063 2961 1214 3005 tuum
1277 2965 1507 3020 regnum
1575 2949 1912 3018 apparuerit,
1963 2949 2171 3003 recedit
2215 2949 2396 3016 dolor,
2444 2951 2692 3016 tristitia,
2736 2961 2791 3007 et
2824 2955 3062 3024 gemitus
3097 2973 3110 3010 :
3148 2965 3314 3026 atque
3363 2957 3421 3010 iu

125 3065 333 3108 eorum
374 3049 552 3102 locum
584 3048 716 3111 vita,
745 3063 876 3117 pax,
916 3054 971 3102 et
1008 3046 1304 3102 exsultatio
1334 3044 1658 3102 succedunt.

204 3136 286 3196 Ἦ
318 3139 501 3203 καθὼς
538 3141 672 3212 ήμῖν
704 3140 808 3193 ὑπὸ
836 3139 930 3193 τοῦ
971 3141 1155 3194 Λουκᾶ
1183 3139 1245 3193 τὸ
1270 3139 1403 3192 αὐτὸ
1426 3138 1602 3210 νόημα
1634 3155 1658 3191 ο

1899 3137 1984 3190 Αη
2030 3134 2289 3201 forsitan,
2327 3142 2386 3189 ut
2425 3150 2456 3189 a
2501 3133 2648 3190 Luca
2694 3136 2857 3192 nobis
2907 3137 3050 3193 idem
3109 3139 3426 3200 intellectus

131 3236 408 3307 φέστερον
444 3232 825 3306 ἑρμηνεύεται,
856 3235 884 3287 ὁ
909 3233 1006 3305 τὴν
1037 3231 1313 3305 βασιλείαν
1343 3231 1515 3285 ἐλθεῖν
1544 3229 1731 3296 ἀξιῶν,

127 3329 244 3397 τὴν
296 3325 392 3379 τοῦ
444 3326 601 3394 ἁγίου
661 3324 975 3396 Πνεύματος
1049 3324 1366 3395 συμμαχίαν
1414 3324 1730 3389 ὲπιϐοᾶται;

127 3420 336 3482 υῦτως
382 3417 492 3488 γὰρ
530 3410 589 3470 ἐν
630 3417 823 3488 ἐκείνῳ
880 3416 1199 3488 Εὑαγγελίῳ
1251 3418 1437 3489 φησὶν,
1470 3417 1591 3471 ἀντὶ
1639 3415 1733 3471 τοῦ

139 3509 412 3566 Ἓλθέτω
431 3510 470 3579 ἡ
490 3509 776 3574 ,βασιλεία
804 3524 948 3573 σου,
981 3508 1255 3573 Ἐλθέτω,
1297 3509 1450 3580 φησι,
1473 3508 1539 3562 τὸ
1564 3507 1736 3577 ἅγιον

131 3603 390 3673 Πνεῦμά
425 3618 544 3657 σου
569 3603 659 3672 ἐφ’
692 3601 872 3672 ἡμᾶς,
900 3603 998 3657 καὶ
1039 3604 1416 3672 καθαρισάτω
1452 3601 1629 3671 ἡμᾶς.
1669 3601 1736 3654 Τί

133 3695 366 3765 ἐροῦσιν
411 3696 461 3746 οἱ
491 3693 996 3764 θρασυστομοῦντες
1049 3695 1189 3765 πρὸς
1237 3693 1409 3747 ταῦτα
1457 3693 1599 3748 κατὰ
1640 3693 1734 3746 τοῦ

135 3785 469 3857 Πνεύματος
494 3783 589 3837 τοῦ
619 3784 804 3852 ἀγίου;
835 3785 954 3838 Τίνι
985 3785 1192 3856 διανοίᾳ
1214 3785 1312 3857 τὴν
1334 3785 1433 3855 τῆς
1463 3785 1737 3855 βασιλείας

133 3877 307 3944 ἀξίαν
357 3877 436 3938 είς
485 3876 846 3946 ταπεινότητα
900 3875 1144 3940 δουλείας
1196 3874 1734 3948 μετασκευάζουσιν;

139 3970 213 4022 Ὅ
246 3967 359 4038 γὰρ
388 3967 602 4028 Λουκᾶς
651 3965 750 4036 μὲν
781 3967 1008 4037 Πνεῦμα
1046 3967 1201 4036 ἅγιον
1249 3967 1420 4036 λέγει,
1459 3967 1739 4030 Ματθαῖος

132 4059 194 4113 δὲ
227 4057 510 4130 βασιλείαν
535 4055 809 4128 ὠνόμασε.
839 4058 956 4121 πῶς
987 4060 1067 4121 είς
1092 4058 1192 4130 τήν
1221 4059 1528 4129 ὑποχείριον
1561 4058 1738 4112 κτίσιν

134 4145 507 4200 κατασπῶσιν
540 4146 588 4198 οἱ
633 4143 914 4216 θεομάχοι,
958 4147 1077 4199 ἀντὶ
1113 4148 1212 4217 τῆς
1249 4147 1638 4219 βασιλευούσης
1670 4150 1736 4218 τῇ

137 4236 544 4309 βασιλευομένῃ
600 4238 1138 4304 συγκατατάσσοντες
1194 4239 1385 4307 φύσεις
1449 4240 1514 4294 Ἦ
1564 4241 1740 4304 κτίσις

134 4325 412 4389 δουλεύει,
463 4328 495 4395 ή
543 4325 600 4378 δὲ
652 4325 864 4380 δουλεία
926 4325 1171 4396 βασιλεία
1204 4327 1304 4380 οὐκ
1349 4326 1516 4382 ἔστιν.
1563 4327 1638 4380 Τὸ
1681 4327 1740 4380 δὲ

136 4419 380 4488 Πνεῦμα
406 4418 468 4472 τὸ
514 4418 670 4487 ἅγιον
719 4419 967 4489 βασιλεία
992 4421 1156 4474 ἐστίν.
1195 4418 1407 4473 Οὐκοῦν
1450 4418 1553 4489 τῆς
1599 4419 1741 4472 κατὰ

1836 3227 2054 3299 planius
2098 3227 2428 3296 explicatur,
2481 3226 2527 3281 is
2565 3228 2658 3297 qui
2705 3235 2848 3290 orat,
2889 3236 2950 3282 ut
2996 3246 3222 3300 regnum
3262 3233 3425 3290 advo-

1835 3320 1970 3382 niat,
2009 3317 2276 3373 auxilium
2327 3320 2504 3374 sancti
2538 3317 2780 3388 Spiritus
2819 3320 3117 3390 implorat?
3177 3321 3312 3378 Nam
3377 3329 3425 3382 is

1837 3409 1892 3463 iu
1935 3407 2030 3462 illo
2066 3406 2383 3478 Evangelio,
2422 3423 2521 3478 pro
2548 3422 2636 3471 eo,
2678 3407 2825 3477 quod
2857 3418 2963 3468 est,
2989 3403 3178 3463 Veniat
3202 3428 3422 3482 regnum

1839 3511 2022 3565 tuum,
2063 3499 2361 3567 Adveniat,
2396 3500 2575 3569 inquit
2599 3541 2614 3566 ,
2666 3511 2876 3554 sanctus
2909 3499 3144 3569 Spiritus
3183 3512 3303 3557 tuus
3333 3522 3426 3560 stt-

1835 3607 1928 3660 per
1967 3609 2093 3657 nos,
2140 3600 2188 3644 et
2219 3591 2462 3660 puri/icet
2509 3607 2626 3644 nos.
2683 3590 2822 3656 Quid
2870 3595 3175 3648 temerariae
3224 3597 3424 3666 linguae

1841 3683 2093 3738 homines
2143 3682 2211 3736 ad
2263 3684 2379 3738 haec
2436 3682 2624 3737 dicent
2677 3688 2747 3739 de
2794 3683 3002 3752 Spiritu
3057 3690 3424 3760 sancto?qua

1837 3785 2040 3840 mente,
2072 3791 2181 3846 qua
2221 3776 2515 3838 sententia,
2543 3791 2722 3845 quove
2768 3778 3048 3834 intellectu
3095 3783 3300 3852 regiam
3340 3783 3427 3838 di-

1839 3871 2099 3938 gnitatem
2137 3868 2204 3922 ad
2240 3868 2604 3923 humilitatem
2631 3869 2882 3924 servilem
2913 3871 3246 3928 traducunt?
3286 3874 3422 3932 Nam

1839 3959 2117 4030 quomodo
2145 3960 2336 4015 hostes
2367 3959 2462 4016 Dei
2490 3960 2566 4023 id,
2596 3962 2744 4030 quod
2782 3960 2963 4018 Lucas
2989 3965 3211 4034 quidem
3250 3967 3428 4038 Spiri-

1840 4063 1956 4108 tum
1999 4065 2250 4110 sanctum
2292 4054 2445 4119 dicit,
2495 4057 2781 4113 Matthzeus
2813 4068 2998 4114 autem
3048 4076 3278 4132 regnum
3321 4080 3428 4118 no-

1841 4146 2088 4208 minavit,
2125 4147 2192 4200 ad
2231 4147 2508 4202 subditam
2541 4157 2793 4202 naturam
2838 4150 3156 4219 detrahunt,
3192 4155 3310 4209 vice
3337 4171 3425 4209 re-

1841 4241 2063 4310 gnantis
2122 4256 2246 4294 cum
2302 4257 2385 4305 ea,
2438 4257 2560 4310 qua:
2613 4259 2784 4312 regno
2836 4244 3055 4298 subdita
3105 4255 3190 4300 est
3228 4257 3427 4302 natura

1842 4332 2215 4387 collocantes?
2252 4333 2518 4387 Creatura
2567 4335 2759 4396 servit,
2808 4344 2863 4389 at
2905 4339 3146 4395 servitus
3196 4355 3425 4410 regnum

1844 4439 1950 4476 non
2001 4431 2103 4478 est.
2163 4422 2404 4494 Spiritus
2453 4433 2634 4481 autem
2683 4437 2912 4484 sanctus
2952 4446 3180 4500 regnum
3226 4442 3334 4488 est.
3381 4437 3428 4489 A

134 4508 243 4580 τὴν
281 4507 460 4560 κτίσιν
490 4509 774 4573 κοινωνίας
816 4509 1163 4580 κεχώρισται.
1206 4512 1271 4562 Ὅ
1306 4509 1414 4582 γὰρ
1441 4511 1658 4581 βασιλεύ

1849 4515 2238 4570 communione
2275 4517 2443 4585 igitur
2471 4527 2636 4587 atque
2669 4521 2933 4576 societate
2968 4533 3235 4578 creaturae
3267 4541 3430 4596 sepa-

133 4602 200 4653 οῦ
261 4599 636 4669 βασιλεύεταν
667 4600 695 4654 ὃ
741 4601 794 4654 δὲ
846 4601 920 4671 μὴ
975 4600 1340 4670 βασιλεύεται,
1390 4603 1511 4656 οὐδὲ
1560 4603 1735 4667 κτίσις

136 4691 321 4746 ἐστίν.
356 4691 516 4745 Ἰδιον
550 4693 659 4763 γὰρ
687 4693 786 4763 τῆς
817 4693 1050 4756 κτίσεως
1076 4694 1137 4746 τὸ
1165 4693 1435 4747 δουλεύειν
1475 4695 1646 4750 ἐστίν.
1673 4697 1738 4749 Ei

134 4783 240 4840 οὖν
271 4784 520 4855 βασιλεία
550 4785 611 4838 τὸ
643 4787 888 4855 Πνεῦμα,
935 4786 1052 4850 πῶς
1088 4787 1187 4857 ούχ
1224 4787 1615 4859 ὁμολογήσουσι
1640 4790 1738 4860 τὴν

135 4877 491 4943 δεσποτείαν,
519 4880 567 4931 οἱ
601 4878 737 4948 μηδὲ
782 4878 1178 4949 προσεύχεσθαι
1225 4879 1444 4934 πώποτε
1489 4881 1737 4952 μεμαθη-

139 4970 342 5035 κότες
369 4970 431 5021 Οί
465 4969 601 5041 μηδὲ
633 4969 853 5034 εἰδότες,
882 4971 965 5035 τίς
995 4972 1023 5024 ὁ
1062 4971 1373 5043 καθαρίζων
1392 4973 1452 5026 τὸ
1485 4991 1741 5026 κεκοινωο

142 5064 356 5135 μένον;
388 5061 483 5123 Τίς
504 5061 561 5114 δὲ
592 5062 621 5114 ὁ
648 5061 747 5132 τῆς
776 5062 1049 5133 βασιλείας
1077 5064 1446 5136 ἐξηρτημένος
1466 5066 1562 5138 τήν
1591 5067 1741 5133 ἐξου-

140 5150 310 5213 σίαν;
346 5149 600 5203 Ἐλθέτω
616 5150 684 5202 τὸ
709 5150 883 5220 ἅγιον
901 5151 1143 5220 Πνεῦμά
1164 5169 1299 5215 σου,
1331 5156 1483 5223 φησι.
1515 5154 1612 5208 καὶ
1643 5171 1743 5208 κα-

140 5241 454 5312 θαρισάτω
487 5241 662 5312 ἡμᾶς.
699 5242 910 5297 Οὐκοῦν
948 5245 1052 5298 ίδία
1085 5262 1143 5297 τε
1193 5246 1288 5299 καὶ
1329 5246 1606 5318 ἐξαίρετος
1648 5247 1742 5300 τοῦ

137 5337 312 5406 ἁγίου
352 5333 670 5405 Πνεύματος
693 5335 920 5406 δύναμίς
942 5353 1002 5388 τε
1043 5337 1137 5391 καὶ
1174 5339 1446 5409 ἐνέργεια,
1469 5340 1530 5392 τὸ
1553 5340 1745 5394 καθαί-

143 5443 270 5499 ρειν
298 5441 361 5477 τε
393 5426 488 5478 καὶ
517 5426 736 5496 ἀφιέναι
767 5428 869 5490 τὰς
899 5428 1196 5498 ἁμαρτίας,
1224 5429 1300 5492 ὼς
1328 5431 1358 5482 ὁ
1392 5430 1743 5498 εύαγγελικὺς

138 5518 314 5587 λόγος
342 5516 698 5592 μαρτύρεται.
725 5519 932 5572 Οὐκοῦν
960 5522 988 5574 ὁ
1007 5519 1104 5591 τὴν
1125 5520 1354 5591 δύναμιν
1375 5521 1473 5592 τῆς
1498 5523 1744 5590 ἀφέσεως

140 5609 310 5681 αὐτῷ
359 5610 470 5662 τῶν
520 5612 803 5682 ἁμαρτιῶν
851 5616 1238 5686 μαρτυρήσας,
1293 5613 1742 5686 συνεμαρτύρησε

142 5705 382 5766 πάντως
406 5701 555 5776 αὐτῷ
581 5703 682 5775 τὴν
704 5703 949 5776 θεότητα.
981 5705 1054 5758 Τὸ
1071 5705 1127 5760 δὲ
1160 5707 1289 5761 αὐτὸ
1315 5705 1469 5760 τοῦτο
1495 5707 1589 5759 καὶ
1616 5707 1741 5777 περὶ

1845 4614 2000 4660 ratus
2028 4614 2134 4659 est.
2171 4603 2324 4671 Quod
2361 4607 2506 4661 enim
2547 4617 2758 4678 regnat,
2792 4625 2961 4678 regno
2991 4611 3271 4667 subditum
3315 4630 3428 4670 non

1846 4707 1929 4753 est
1967 4715 1980 4751 :
2017 4696 2165 4766 quod
2222 4708 2404 4753 autem
2468 4715 2636 4769 regno
2685 4700 2969 4756 subditum
3024 4719 3134 4759 non
3195 4716 3300 4772 est,
3359 4724 3431 4765 ne

1847 4800 2100 4843 creatura
2155 4790 2372 4859 quidem
2423 4801 2526 4846 est.
2564 4791 2698 4846 Nam
2741 4797 2960 4850 servire
3002 4805 3268 4853 creaturae
3301 4815 3432 4869 pro-

1848 4879 2028 4948 prium
2058 4889 2163 4935 est.
2202 4879 2258 4934 Si
2299 4881 2466 4951 igitur
2503 4881 2743 4951 Spiritus
2788 4893 3016 4942 sanctus
3048 4903 3276 4958 regnum
3321 4899 3431 4956 est,

1848 4971 1942 5040 qui
1978 4971 2054 5034 tit,
2088 4981 2148 5026 ut
2196 4987 2305 5026 non
2339 4975 2706 5028 conﬁteantur
2735 4977 3188 5046 dominationem,
3218 4982 3314 5051 qui
3360 4997 3430 5038 ne

1848 5079 2006 5118 orare
2035 5063 2260 5133 quidem
2298 5080 2537 5134 unquam
2588 5063 2933 5123 didicerunt?
2965 5071 3061 5140 qui
3110 5087 3178 5126 ne
3230 5085 3434 5129 norunt

1848 5152 2071 5223 quidem
2119 5153 2246 5223 quis
2298 5154 2371 5209 sit
2425 5155 2518 5223 qui
2577 5155 2828 5224 puriﬁcet
2882 5159 3265 5228 inquinatum?
3308 5165 3434 5234 quis

1851 5244 1984 5298 item
2033 5243 2080 5298 is
2121 5258 2150 5296 a
2203 5259 2313 5313 quo
2365 5244 2598 5314 pendeat
2637 5247 2790 5316 regni
2840 5250 3125 5317 potestas?
3171 5251 3434 5310 Adveniat

1850 5344 2066 5390 sanctus
2097 5334 2331 5404 Spiritus
2363 5347 2506 5400 tuus,
2536 5336 2734 5406 inquit,
2770 5348 2821 5393 et
2859 5343 3105 5410 puriﬁcet
3139 5361 3254 5399 nos.
3289 5347 3434 5417 Ergo

1851 5429 2074 5499 propria
2139 5431 2345 5498 pariter
2406 5439 2461 5483 et
2528 5430 2730 5484 eximia
2792 5433 3200 5505 peculiarisque
3257 5441 3434 5494 sancti

1853 5521 2096 5590 Spiritus
2144 5520 2322 5576 virtus
2355 5529 2408 5575 et
2457 5521 2698 5577 eﬂicaeia
2734 5533 2837 5586 est.
2880 5534 2941 5579 ut
2985 5535 3040 5580 et
3074 5529 3344 5596 puriﬁeet,
3383 5541 3436 5584 ιιι

1851 5614 2100 5668 remittat
2122 5623 2346 5685 peccata
2365 5633 2376 5666 :
2398 5615 2860 5684 quemadmodum
2878 5622 3228 5690 cvangelieus
3254 5638 3378 5678 seru
3402 5639 3436 5675 ο

1850 5714 2106 5761 testatur.
2146 5706 2416 5773 Quocirca
2458 5708 2549 5777 qui
2598 5717 2829 5764 testatur
2869 5726 2993 5765 eum
3034 5712 3236 5768 habere
3277 5729 3434 5784 pate-
