  <div class='ocr_page' id='page_1' title='image "/cluster/home/n/w/nwhite01/storage/ocr_20150623/44/nnc1.0037127462/591.png"; bbox 0 0 3812 6228; ppageno 0'>
   <div class='ocr_carea' id='block_1_1' title="bbox 435 293 576 350">
    <p class='ocr_par' dir='ltr' id='par_1_1' title="bbox 435 293 576 350">
     <span class='ocr_line' id='line_1_1' title="bbox 435 293 576 350; baseline 0.05 -8"><span class='ocrx_word' id='word_1_1' title='bbox 435 293 576 350; x_wconf 65' lang='grc'><strong>1959</strong></span> 
     </span>
    </p>
   </div>
   <div class='ocr_carea' id='block_1_2' title="bbox 1667 287 2405 345">
    <p class='ocr_par' dir='ltr' id='par_1_2' title="bbox 1667 287 2405 345">
     <span class='ocr_line' id='line_1_2' title="bbox 1667 287 2405 345; baseline 0.001 -5"><span class='ocrx_word' id='word_1_2' title='bbox 1667 287 1724 344; x_wconf 89' lang='lat' dir='ltr'><strong>S.</strong></span> <span class='ocrx_word' id='word_1_3' title='bbox 1757 287 2082 344; x_wconf 77' lang='lat' dir='ltr'><strong>GBEGORII</strong></span> <span class='ocrx_word' id='word_1_4' title='bbox 2120 289 2405 345; x_wconf 74' lang='lat' dir='ltr'><strong>NYSSENI</strong></span> 
     </span>
    </p>
   </div>
   <div class='ocr_carea' id='block_1_3' title="bbox 3525 297 3646 354">
    <p class='ocr_par' dir='ltr' id='par_1_3' title="bbox 3525 297 3646 354">
     <span class='ocr_line' id='line_1_3' title="bbox 3525 297 3646 354; baseline 0.041 -5"><span class='ocrx_word' id='word_1_5' title='bbox 3525 297 3646 354; x_wconf 69' lang='lat'><strong>115’)</strong></span> 
     </span>
    </p>
   </div>
   <div class='ocr_carea' id='block_1_4' title="bbox 429 401 2003 477">
    <p class='ocr_par' dir='ltr' id='par_1_4' title="bbox 429 401 1992 472">
     <span class='ocr_line' id='line_1_4' title="bbox 429 401 1992 472; baseline 0 -13"><span class='ocrx_word' id='word_1_6' title='bbox 429 414 626 459; x_wconf 69' lang='lat' dir='ltr'><strong>etatem</strong></span> <span class='ocrx_word' id='word_1_7' title='bbox 680 403 990 459; x_wconf 87' lang='lat' dir='ltr'><strong>remittendi</strong></span> <span class='ocrx_word' id='word_1_8' title='bbox 1044 410 1300 472; x_wconf 88' lang='lat' dir='ltr'><strong>peccata.</strong></span> <span class='ocrx_word' id='word_1_9' title='bbox 1347 401 1508 456; x_wconf 84' lang='lat' dir='ltr'><strong>simul</strong></span> <span class='ocrx_word' id='word_1_10' title='bbox 1552 405 1712 456; x_wconf 88' lang='lat' dir='ltr'><strong>etiam</strong></span> <span class='ocrx_word' id='word_1_11' title='bbox 1769 421 1992 472; x_wconf 79' lang='lat' dir='ltr'><strong>prorsus</strong></span> 
     </span>
    </p>
   </div>
   <div class='ocr_carea' id='block_1_5' title="bbox 2108 401 3650 477">
    <p class='ocr_par' dir='ltr' id='par_1_5' title="bbox 2108 405 3650 477">
     <span class='ocr_line' id='line_1_5' title="bbox 2108 405 3650 477; baseline 0.002 -20"><span class='ocrx_word' id='word_1_12' title='bbox 2108 405 2184 457; x_wconf 74' lang='grc' dir='ltr'><strong>τοῦ</strong></span> <span class='ocrx_word' id='word_1_13' title='bbox 2217 405 2550 468; x_wconf 83' lang='grc' dir='ltr'>Μονογενοῦς</span> <span class='ocrx_word' id='word_1_14' title='bbox 2577 421 2738 474; x_wconf 87' lang='grc' dir='ltr'>φησιν</span> <span class='ocrx_word' id='word_1_15' title='bbox 2768 406 2796 458; x_wconf 82' lang='grc' dir='ltr'>ὁ</span> <span class='ocrx_word' id='word_1_16' title='bbox 2840 405 3174 469; x_wconf 78' lang='grc' dir='ltr'>Ἀπόστολος,</span> <span class='ocrx_word' id='word_1_17' title='bbox 3203 407 3288 460; x_wconf 82' lang='grc' dir='ltr'>ὅτι</span> <span class='ocrx_word' id='word_1_18' title='bbox 3318 407 3650 477; x_wconf 60' lang='grc' dir='ltr'>καθαρισμὸν</span> 
     </span>
    </p>
   </div>
   <div class='ocr_carea' id='block_1_6' title="bbox 428 494 1988 564">
    <p class='ocr_par' dir='ltr' id='par_1_6' title="bbox 428 494 1988 564">
     <span class='ocr_line' id='line_1_6' title="bbox 428 494 1988 564; baseline -0.001 -14"><span class='ocrx_word' id='word_1_19' title='bbox 428 511 552 550; x_wconf 87' lang='lat' dir='ltr'><strong>eum</strong></span> <span class='ocrx_word' id='word_1_20' title='bbox 585 494 839 548; x_wconf 75' lang='lat' dir='ltr'><strong>deitatem</strong></span> <span class='ocrx_word' id='word_1_21' title='bbox 890 495 1093 548; x_wconf 85' lang='lat' dir='ltr'><strong>habere</strong></span> <span class='ocrx_word' id='word_1_22' title='bbox 1137 502 1389 548; x_wconf 87' lang='lat' dir='ltr'><strong>testatur.</strong></span> <span class='ocrx_word' id='word_1_23' title='bbox 1442 495 1616 562; x_wconf 80' lang='lat' dir='ltr'><strong>Atque</strong></span> <span class='ocrx_word' id='word_1_24' title='bbox 1663 495 1766 547; x_wconf 92' lang='lat' dir='ltr'><strong>hoc</strong></span> <span class='ocrx_word' id='word_1_25' title='bbox 1813 496 1988 564; x_wconf 89' lang='lat' dir='ltr'><strong>ipsum</strong></span> 
     </span>
    </p>
   </div>
   <div class='ocr_carea' id='block_1_7' title="bbox 428 584 1990 654">
    <p class='ocr_par' dir='ltr' id='par_1_7' title="bbox 428 584 1990 654">
     <span class='ocr_line' id='line_1_7' title="bbox 428 584 1990 654; baseline -0.001 -15"><span class='ocrx_word' id='word_1_26' title='bbox 428 585 594 639; x_wconf 91' lang='lat' dir='ltr'><strong>etiam</strong></span> <span class='ocrx_word' id='word_1_27' title='bbox 619 584 685 637; x_wconf 90' lang='lat' dir='ltr'><strong>de</strong></span> <span class='ocrx_word' id='word_1_28' title='bbox 715 584 1004 652; x_wconf 79' lang='lat' dir='ltr'><strong>Unigenito</strong></span> <span class='ocrx_word' id='word_1_29' title='bbox 1021 585 1096 637; x_wconf 87' lang='lat' dir='ltr'><strong>ait</strong></span> <span class='ocrx_word' id='word_1_30' title='bbox 1123 586 1438 654; x_wconf 84' lang='lat' dir='ltr'><strong>Apostolus,</strong></span> <span class='ocrx_word' id='word_1_31' title='bbox 1466 585 1608 652; x_wconf 90' lang='lat' dir='ltr'><strong>quod</strong></span> <span class='ocrx_word' id='word_1_32' title='bbox 1642 596 1990 654; x_wconf 90' lang='lat' dir='ltr'><strong>posteaquam</strong></span> 
     </span>
    </p>
   </div>
   <div class='ocr_carea' id='block_1_8' title="bbox 431 675 1990 744">
    <p class='ocr_par' dir='ltr' id='par_1_8' title="bbox 431 675 1990 744">
     <span class='ocr_line' id='line_1_8' title="bbox 431 675 1990 744; baseline 0 -16"><span class='ocrx_word' id='word_1_33' title='bbox 431 675 870 744; x_wconf 81' lang='lat' dir='ltr'><strong>purificationem</strong></span> <span class='ocrx_word' id='word_1_34' title='bbox 922 686 1266 744; x_wconf 80' lang='lat' dir='ltr'><strong>peccatorum</strong></span> <span class='ocrx_word' id='word_1_35' title='bbox 1324 676 1640 739; x_wconf 77' lang='lat' dir='ltr'><strong>confecerit,</strong></span> <span class='ocrx_word' id='word_1_36' title='bbox 1689 675 1876 729; x_wconf 85' lang='lat' dir='ltr'><strong>sedeat</strong></span> <span class='ocrx_word' id='word_1_37' title='bbox 1923 676 1990 728; x_wconf 87' lang='lat' dir='ltr'><strong>ad</strong></span> 
     </span>
    </p>
   </div>
   <div class='ocr_carea' id='block_1_9' title="bbox 431 764 1990 835">
    <p class='ocr_par' dir='ltr' id='par_1_9' title="bbox 431 764 1990 835">
     <span class='ocr_line' id='line_1_9' title="bbox 431 764 1990 835; baseline -0.001 -14"><span class='ocrx_word' id='word_1_38' title='bbox 431 769 706 821; x_wconf 80' lang='lat' dir='ltr'><strong>dexteram</strong></span> <span class='ocrx_word' id='word_1_39' title='bbox 748 767 1050 835; x_wconf 88' lang='lat' dir='ltr'><strong>majestatis</strong></span> <span class='ocrx_word' id='word_1_40' title='bbox 1073 765 1272 818; x_wconf 84' lang='lat' dir='ltr'><strong>Patris.</strong></span> <span class='ocrx_word' id='word_1_41' title='bbox 1308 764 1484 818; x_wconf 89' lang='lat' dir='ltr'><strong>Unum</strong></span> <span class='ocrx_word' id='word_1_42' title='bbox 1517 767 1682 834; x_wconf 90' lang='lat' dir='ltr'><strong>igitur</strong></span> <span class='ocrx_word' id='word_1_43' title='bbox 1707 765 1990 819; x_wconf 88' lang='lat' dir='ltr'><strong>amborum</strong></span> 
     </span>
    </p>
   </div>
   <div class='ocr_carea' id='block_1_10' title="bbox 431 849 1994 926">
    <p class='ocr_par' dir='ltr' id='par_1_10' title="bbox 431 849 1994 926">
     <span class='ocr_line' id='line_1_10' title="bbox 431 849 1994 926; baseline -0.003 -17"><span class='ocrx_word' id='word_1_44' title='bbox 431 868 516 910; x_wconf 84' lang='lat' dir='ltr'><strong>est</strong></span> <span class='ocrx_word' id='word_1_45' title='bbox 570 873 708 926; x_wconf 89' lang='lat' dir='ltr'><strong>opus</strong></span> <span class='ocrx_word' id='word_1_46' title='bbox 767 866 822 910; x_wconf 87' lang='lat' dir='ltr'><strong>et</strong></span> <span class='ocrx_word' id='word_1_47' title='bbox 879 853 1216 923; x_wconf 84' lang='lat' dir='ltr'><strong>purificantis</strong></span> <span class='ocrx_word' id='word_1_48' title='bbox 1266 861 1547 920; x_wconf 89' lang='lat' dir='ltr'><strong>peccatum</strong></span> <span class='ocrx_word' id='word_1_49' title='bbox 1613 849 1878 921; x_wconf 87' lang='lat' dir='ltr'><strong>Spiritus,</strong></span> <span class='ocrx_word' id='word_1_50' title='bbox 1939 861 1994 906; x_wconf 81' lang='lat' dir='ltr'><strong>et</strong></span> 
     </span>
    </p>
   </div>
   <div class='ocr_carea' id='block_1_11' title="bbox 433 943 1989 1014">
    <p class='ocr_par' dir='ltr' id='par_1_11' title="bbox 433 943 1989 1014">
     <span class='ocr_line' id='line_1_11' title="bbox 433 943 1989 1014; baseline -0.003 -12"><span class='ocrx_word' id='word_1_51' title='bbox 433 949 658 1008; x_wconf 81' lang='lat' dir='ltr'><strong>Christi,</strong></span> <span class='ocrx_word' id='word_1_52' title='bbox 707 947 798 1014; x_wconf 88' lang='lat' dir='ltr'><strong>qui</strong></span> <span class='ocrx_word' id='word_1_53' title='bbox 853 954 1194 1014; x_wconf 83' lang='lat' dir='ltr'><strong>peccatorum</strong></span> <span class='ocrx_word' id='word_1_54' title='bbox 1242 943 1669 1013; x_wconf 84' lang='lat' dir='ltr'><strong>puriﬁcationem</strong></span> <span class='ocrx_word' id='word_1_55' title='bbox 1723 945 1989 1012; x_wconf 57' lang='lat' dir='ltr'><strong>praestitit.</strong></span> 
     </span>
    </p>
   </div>
   <div class='ocr_carea' id='block_1_12' title="bbox 441 1034 1990 1109">
    <p class='ocr_par' dir='ltr' id='par_1_12' title="bbox 441 1034 1990 1109">
     <span class='ocr_line' id='line_1_12' title="bbox 441 1034 1990 1109; baseline -0.003 -18"><span class='ocrx_word' id='word_1_56' title='bbox 441 1038 562 1109; x_wconf 86' lang='lat' dir='ltr'><strong>[(a)</strong></span> <span class='ocrx_word' id='word_1_57' title='bbox 617 1038 858 1102; x_wconf 85' lang='lat' dir='ltr'><strong>Quorum</strong></span> <span class='ocrx_word' id='word_1_58' title='bbox 913 1043 1094 1089; x_wconf 90' lang='lat' dir='ltr'><strong>autem</strong></span> <span class='ocrx_word' id='word_1_59' title='bbox 1146 1050 1253 1087; x_wconf 90' lang='lat' dir='ltr'><strong>una</strong></span> <span class='ocrx_word' id='word_1_60' title='bbox 1301 1034 1586 1089; x_wconf 73' lang='lat' dir='ltr'><strong>efﬁcientia</strong></span> <span class='ocrx_word' id='word_1_61' title='bbox 1633 1043 1747 1096; x_wconf 90' lang='lat' dir='ltr'><strong>est,</strong></span> <span class='ocrx_word' id='word_1_62' title='bbox 1804 1051 1990 1088; x_wconf 89' lang='lat' dir='ltr'><strong>eorum</strong></span> 
     </span>
    </p>
   </div>
   <div class='ocr_carea' id='block_1_13' title="bbox 440 1123 1995 1196">
    <p class='ocr_par' dir='ltr' id='par_1_13' title="bbox 440 1123 1995 1196">
     <span class='ocr_line' id='line_1_13' title="bbox 440 1123 1995 1196; baseline -0.003 -13"><span class='ocrx_word' id='word_1_63' title='bbox 440 1131 601 1184; x_wconf 92' lang='lat' dir='ltr'><strong>etiam</strong></span> <span class='ocrx_word' id='word_1_64' title='bbox 644 1139 834 1183; x_wconf 88' lang='lat' dir='ltr'><strong>natura</strong></span> <span class='ocrx_word' id='word_1_65' title='bbox 871 1143 1094 1196; x_wconf 85' lang='lat' dir='ltr'><strong>prorsus</strong></span> <span class='ocrx_word' id='word_1_66' title='bbox 1123 1127 1308 1180; x_wconf 79' lang='lat' dir='ltr'><strong>cadent</strong></span> <span class='ocrx_word' id='word_1_67' title='bbox 1338 1135 1440 1178; x_wconf 90' lang='lat' dir='ltr'><strong>est.</strong></span> <span class='ocrx_word' id='word_1_68' title='bbox 1466 1123 1654 1180; x_wconf 86' lang='lat' dir='ltr'><strong>Omnis</strong></span> <span class='ocrx_word' id='word_1_69' title='bbox 1682 1126 1824 1179; x_wconf 89' lang='lat' dir='ltr'><strong>enim</strong></span> <span class='ocrx_word' id='word_1_70' title='bbox 1853 1127 1995 1180; x_wconf 89' lang='lat' dir='ltr'><strong>actio</strong></span> 
     </span>
    </p>
   </div>
   <div class='ocr_carea' id='block_1_14' title="bbox 438 1214 1996 1280">
    <p class='ocr_par' dir='ltr' id='par_1_14' title="bbox 438 1214 1996 1280">
     <span class='ocr_line' id='line_1_14' title="bbox 438 1214 1996 1280; baseline -0.004 -8"><span class='ocrx_word' id='word_1_71' title='bbox 438 1219 718 1273; x_wconf 81' lang='lat' dir='ltr'><strong>facultatis</strong></span> <span class='ocrx_word' id='word_1_72' title='bbox 746 1217 970 1272; x_wconf 78' lang='lat' dir='ltr'><strong>eﬂ‘ectus</strong></span> <span class='ocrx_word' id='word_1_73' title='bbox 1009 1224 1111 1270; x_wconf 91' lang='lat' dir='ltr'><strong>est.</strong></span> <span class='ocrx_word' id='word_1_74' title='bbox 1147 1215 1507 1280; x_wconf 87' lang='lat' dir='ltr'><strong>Quamobrem</strong></span> <span class='ocrx_word' id='word_1_75' title='bbox 1545 1214 1590 1268; x_wconf 93' lang='lat' dir='ltr'><strong>si</strong></span> <span class='ocrx_word' id='word_1_76' title='bbox 1643 1216 1788 1268; x_wconf 90' lang='lat' dir='ltr'><strong>actio</strong></span> <span class='ocrx_word' id='word_1_77' title='bbox 1833 1221 1886 1267; x_wconf 91' lang='lat' dir='ltr'><strong>et</strong></span> <span class='ocrx_word' id='word_1_78' title='bbox 1915 1214 1996 1267; x_wconf 83' lang='lat' dir='ltr'><strong>fa-</strong></span> 
     </span>
    </p>
   </div>
   <div class='ocr_carea' id='block_1_15' title="bbox 436 1303 1993 1377">
    <p class='ocr_par' dir='ltr' id='par_1_15' title="bbox 436 1303 1993 1377">
     <span class='ocr_line' id='line_1_15' title="bbox 436 1303 1993 1377; baseline -0.004 -13"><span class='ocrx_word' id='word_1_79' title='bbox 436 1311 618 1364; x_wconf 82' lang='lat' dir='ltr'><strong>cultas</strong></span> <span class='ocrx_word' id='word_1_80' title='bbox 645 1316 729 1364; x_wconf 88' lang='lat' dir='ltr'><strong>est</strong></span> <span class='ocrx_word' id='word_1_81' title='bbox 753 1323 883 1372; x_wconf 89' lang='lat' dir='ltr'><strong>una,</strong></span> <span class='ocrx_word' id='word_1_82' title='bbox 917 1307 1189 1377; x_wconf 90' lang='lat' dir='ltr'><strong>quomodo</strong></span> <span class='ocrx_word' id='word_1_83' title='bbox 1217 1316 1425 1360; x_wconf 72' lang='lat' dir='ltr'><strong>natura:</strong></span> <span class='ocrx_word' id='word_1_84' title='bbox 1445 1303 1734 1358; x_wconf 86' lang='lat' dir='ltr'><strong>diversitas</strong></span> <span class='ocrx_word' id='word_1_85' title='bbox 1767 1304 1993 1374; x_wconf 78' lang='lat' dir='ltr'><strong>intelligi</strong></span> 
     </span>
    </p>
   </div>
   <div class='ocr_carea' id='block_1_16' title="bbox 433 1395 1998 1469">
    <p class='ocr_par' dir='ltr' id='par_1_16' title="bbox 433 1395 1998 1469">
     <span class='ocr_line' id='line_1_16' title="bbox 433 1395 1998 1469; baseline -0.003 -17"><span class='ocrx_word' id='word_1_86' title='bbox 433 1406 612 1469; x_wconf 88' lang='lat' dir='ltr'><strong>potest</strong></span> <span class='ocrx_word' id='word_1_87' title='bbox 655 1399 708 1452; x_wconf 89' lang='lat' dir='ltr'><strong>in</strong></span> <span class='ocrx_word' id='word_1_88' title='bbox 757 1401 888 1464; x_wconf 90' lang='lat' dir='ltr'><strong>illis,</strong></span> <span class='ocrx_word' id='word_1_89' title='bbox 920 1401 971 1452; x_wconf 92' lang='lat' dir='ltr'><strong>in</strong></span> <span class='ocrx_word' id='word_1_90' title='bbox 1018 1397 1218 1466; x_wconf 89' lang='lat' dir='ltr'><strong>quibus</strong></span> <span class='ocrx_word' id='word_1_91' title='bbox 1261 1397 1470 1450; x_wconf 91' lang='lat' dir='ltr'><strong>nullum</strong></span> <span class='ocrx_word' id='word_1_92' title='bbox 1509 1395 1784 1450; x_wconf 70' lang='lat' dir='ltr'><strong>facultatis</strong></span> <span class='ocrx_word' id='word_1_93' title='bbox 1828 1397 1998 1449; x_wconf 89' lang='lat' dir='ltr'><strong>actio-</strong></span> 
     </span>
    </p>
   </div>
   <div class='ocr_carea' id='block_1_17' title="bbox 436 1484 1993 1559">
    <p class='ocr_par' dir='ltr' id='par_1_17' title="bbox 436 1484 1993 1559">
     <span class='ocr_line' id='line_1_17' title="bbox 436 1484 1993 1559; baseline -0.004 -15"><span class='ocrx_word' id='word_1_94' title='bbox 436 1492 632 1559; x_wconf 89' lang='lat' dir='ltr'><strong>nisque</strong></span> <span class='ocrx_word' id='word_1_95' title='bbox 683 1489 976 1543; x_wconf 87' lang='lat' dir='ltr'><strong>discrimen</strong></span> <span class='ocrx_word' id='word_1_96' title='bbox 1037 1485 1534 1556; x_wconf 85' lang='lat' dir='ltr'><strong>deprehendimus?</strong></span> <span class='ocrx_word' id='word_1_97' title='bbox 1605 1484 1670 1540; x_wconf 90' lang='lat' dir='ltr'><strong>Ut</strong></span> <span class='ocrx_word' id='word_1_98' title='bbox 1727 1486 1872 1539; x_wconf 90' lang='lat' dir='ltr'><strong>enim</strong></span> <span class='ocrx_word' id='word_1_99' title='bbox 1929 1502 1993 1539; x_wconf 80' lang='lat' dir='ltr'><strong>ex</strong></span> 
     </span>
    </p>
   </div>
   <div class='ocr_carea' id='block_1_18' title="bbox 437 1574 1996 1650">
    <p class='ocr_par' dir='ltr' id='par_1_18' title="bbox 437 1574 1996 1650">
     <span class='ocr_line' id='line_1_18' title="bbox 437 1574 1996 1650; baseline -0.005 -16"><span class='ocrx_word' id='word_1_100' title='bbox 437 1582 580 1650; x_wconf 80' lang='lat' dir='ltr'><strong>ignis</strong></span> <span class='ocrx_word' id='word_1_101' title='bbox 608 1580 1050 1649; x_wconf 82' lang='lat' dir='ltr'><strong>preprietatibus,</strong></span> <span class='ocrx_word' id='word_1_102' title='bbox 1098 1593 1220 1631; x_wconf 87' lang='lat' dir='ltr'><strong>cum</strong></span> <span class='ocrx_word' id='word_1_103' title='bbox 1270 1577 1392 1629; x_wconf 69' lang='lat' dir='ltr'><strong>dua:</strong></span> <span class='ocrx_word' id='word_1_104' title='bbox 1435 1576 1568 1634; x_wconf 83' lang='lat' dir='ltr'><strong>sint,</strong></span> <span class='ocrx_word' id='word_1_105' title='bbox 1615 1574 1760 1644; x_wconf 89' lang='lat' dir='ltr'><strong>quod</strong></span> <span class='ocrx_word' id='word_1_106' title='bbox 1795 1575 1996 1627; x_wconf 91' lang='lat' dir='ltr'><strong>illumi-</strong></span> 
     </span>
    </p>
   </div>
   <div class='ocr_carea' id='block_1_19' title="bbox 436 1665 1996 1739">
    <p class='ocr_par' dir='ltr' id='par_1_19' title="bbox 436 1665 1996 1739">
     <span class='ocr_line' id='line_1_19' title="bbox 436 1665 1996 1739; baseline -0.005 -14"><span class='ocrx_word' id='word_1_107' title='bbox 436 1681 548 1732; x_wconf 87' lang='lat' dir='ltr'><strong>net.</strong></span> <span class='ocrx_word' id='word_1_108' title='bbox 582 1680 636 1725; x_wconf 89' lang='lat' dir='ltr'><strong>et</strong></span> <span class='ocrx_word' id='word_1_109' title='bbox 682 1669 824 1739; x_wconf 91' lang='lat' dir='ltr'><strong>quod</strong></span> <span class='ocrx_word' id='word_1_110' title='bbox 860 1669 1134 1730; x_wconf 89' lang='lat' dir='ltr'><strong>incendat,</strong></span> <span class='ocrx_word' id='word_1_111' title='bbox 1178 1683 1286 1720; x_wconf 87' lang='lat' dir='ltr'><strong>non</strong></span> <span class='ocrx_word' id='word_1_112' title='bbox 1337 1667 1462 1718; x_wconf 84' lang='lat' dir='ltr'><strong>licet</strong></span> <span class='ocrx_word' id='word_1_113' title='bbox 1501 1665 1732 1734; x_wconf 88' lang='lat' dir='ltr'><strong>subjecti</strong></span> <span class='ocrx_word' id='word_1_114' title='bbox 1771 1665 1996 1718; x_wconf 88' lang='lat' dir='ltr'><strong>diversi-</strong></span> 
     </span>
    </p>
   </div>
   <div class='ocr_carea' id='block_1_20' title="bbox 2096 487 3652 568">
    <p class='ocr_par' dir='ltr' id='par_1_20' title="bbox 2096 487 3652 568">
     <span class='ocr_line' id='line_1_20' title="bbox 2096 487 3652 568; baseline 0.001 -20"><span class='ocrx_word' id='word_1_115' title='bbox 2096 496 2203 549; x_wconf 84' lang='grc' dir='ltr'><strong>τῶν</strong></span> <span class='ocrx_word' id='word_1_116' title='bbox 2230 497 2510 567; x_wconf 83' lang='grc' dir='ltr'>ἁμαρτιῶν</span> <span class='ocrx_word' id='word_1_117' title='bbox 2551 498 2934 566; x_wconf 79' lang='grc' dir='ltr'><strong>ποιησάμενος,</strong></span> <span class='ocrx_word' id='word_1_118' title='bbox 2984 497 3232 551; x_wconf 77' lang='grc' dir='ltr'>ἐκάθισεν</span> <span class='ocrx_word' id='word_1_119' title='bbox 3285 501 3346 551; x_wconf 85' lang='grc' dir='ltr'><strong>ἐν</strong></span> <span class='ocrx_word' id='word_1_120' title='bbox 3378 487 3528 568; x_wconf 79' lang='grc' dir='ltr'>δεξιᾷ</span> <span class='ocrx_word' id='word_1_121' title='bbox 3563 500 3652 566; x_wconf 69' lang='grc' dir='ltr'>τῆς</span> 
     </span>
    </p>
   </div>
   <div class='ocr_carea' id='block_1_21' title="bbox 2101 585 3656 657">
    <p class='ocr_par' dir='ltr' id='par_1_21' title="bbox 2101 585 3656 657">
     <span class='ocr_line' id='line_1_21' title="bbox 2101 585 3656 657; baseline 0.003 -19"><span class='ocrx_word' id='word_1_122' title='bbox 2101 587 2467 656; x_wconf 80' lang='grc' dir='ltr'>μεγαλοσύνης</span> <span class='ocrx_word' id='word_1_123' title='bbox 2518 585 2612 638; x_wconf 91' lang='grc' dir='ltr'><strong>τοῦ</strong></span> <span class='ocrx_word' id='word_1_124' title='bbox 2660 586 2890 656; x_wconf 88' lang='grc' dir='ltr'>Πατρός.</span> <span class='ocrx_word' id='word_1_125' title='bbox 2926 587 3020 639; x_wconf 86' lang='grc' dir='ltr'>Ἓν</span> <span class='ocrx_word' id='word_1_126' title='bbox 3060 587 3238 640; x_wconf 84' lang='grc' dir='ltr'>τοίνυν</span> <span class='ocrx_word' id='word_1_127' title='bbox 3271 589 3552 657; x_wconf 75' lang='grc' dir='ltr'><strong>ἑκατέρων</strong></span> <span class='ocrx_word' id='word_1_128' title='bbox 3602 591 3656 642; x_wconf 73' lang='grc' dir='ltr'>τὸ</span> 
     </span>
    </p>
   </div>
   <div class='ocr_carea' id='block_1_22' title="bbox 2096 677 3656 750">
    <p class='ocr_par' dir='ltr' id='par_1_22' title="bbox 2096 677 3656 750">
     <span class='ocr_line' id='line_1_22' title="bbox 2096 677 3656 750; baseline 0 -20"><span class='ocrx_word' id='word_1_129' title='bbox 2096 679 2275 748; x_wconf 75' lang='grc' dir='ltr'>ἔργον,</span> <span class='ocrx_word' id='word_1_130' title='bbox 2305 677 2396 731; x_wconf 89' lang='grc' dir='ltr'><strong>τοῦ</strong></span> <span class='ocrx_word' id='word_1_131' title='bbox 2442 695 2501 730; x_wconf 86' lang='grc' dir='ltr'><strong>τε</strong></span> <span class='ocrx_word' id='word_1_132' title='bbox 2546 678 2927 748; x_wconf 78' lang='grc' dir='ltr'>καθαρίζοντος</span> <span class='ocrx_word' id='word_1_133' title='bbox 2958 680 3054 748; x_wconf 84' lang='grc' dir='ltr'><strong>τὴν</strong></span> <span class='ocrx_word' id='word_1_134' title='bbox 3094 680 3371 750; x_wconf 76' lang='grc' dir='ltr'><strong>ἁμαρτίαν</strong></span> <span class='ocrx_word' id='word_1_135' title='bbox 3411 679 3656 747; x_wconf 65' lang='grc' dir='ltr'>Πνεῦμα-</span> 
     </span>
    </p>
   </div>
   <div class='ocr_carea' id='block_1_23' title="bbox 2095 768 3660 840">
    <p class='ocr_par' dir='ltr' id='par_1_23' title="bbox 2095 768 3660 840">
     <span class='ocr_line' id='line_1_23' title="bbox 2095 768 3660 840; baseline -0.001 -19"><span class='ocrx_word' id='word_1_136' title='bbox 2095 785 2205 832; x_wconf 87' lang='grc' dir='ltr'>τος,</span> <span class='ocrx_word' id='word_1_137' title='bbox 2230 771 2324 822; x_wconf 76' lang='grc' dir='ltr'>καὶ</span> <span class='ocrx_word' id='word_1_138' title='bbox 2347 768 2440 821; x_wconf 92' lang='grc' dir='ltr'><strong>τοῦ</strong></span> <span class='ocrx_word' id='word_1_139' title='bbox 2467 769 2556 821; x_wconf 83' lang='grc' dir='ltr'><strong>τὸν</strong></span> <span class='ocrx_word' id='word_1_140' title='bbox 2580 769 2916 840; x_wconf 75' lang='grc' dir='ltr'><strong>καθαρισμὸν</strong></span> <span class='ocrx_word' id='word_1_141' title='bbox 2934 771 3042 824; x_wconf 86' lang='grc' dir='ltr'><strong>τῶν</strong></span> <span class='ocrx_word' id='word_1_142' title='bbox 3065 770 3350 840; x_wconf 82' lang='grc' dir='ltr'>ἁμαρτιῶν</span> <span class='ocrx_word' id='word_1_143' title='bbox 3379 771 3660 838; x_wconf 69' lang='grc' dir='ltr'>πεποιηκᾶ</span> 
     </span>
    </p>
   </div>
   <div class='ocr_carea' id='block_1_24' title="bbox 2096 852 3660 928">
    <p class='ocr_par' dir='ltr' id='par_1_24' title="bbox 2096 852 3660 928">
     <span class='ocr_line' id='line_1_24' title="bbox 2096 852 3660 928; baseline 0 -19"><span class='ocrx_word' id='word_1_144' title='bbox 2096 874 2187 920; x_wconf 89' lang='grc' dir='ltr'><strong>τος</strong></span> <span class='ocrx_word' id='word_1_145' title='bbox 2232 856 2487 926; x_wconf 82' lang='grc' dir='ltr'><strong>Χριστοῦ.</strong></span> <span class='ocrx_word' id='word_1_146' title='bbox 2519 852 2620 909; x_wconf 78' lang='grc' dir='ltr'><strong>1Ὧν</strong></span> <span class='ocrx_word' id='word_1_147' title='bbox 2655 858 2711 910; x_wconf 78' lang='grc' dir='ltr'>δὲ</span> <span class='ocrx_word' id='word_1_148' title='bbox 2753 859 2785 928; x_wconf 83' lang='grc' dir='ltr'>ἡ</span> <span class='ocrx_word' id='word_1_149' title='bbox 2823 859 3070 928; x_wconf 83' lang='grc' dir='ltr'>ἐνέργεια</span> <span class='ocrx_word' id='word_1_150' title='bbox 3130 861 3246 928; x_wconf 80' lang='grc' dir='ltr'>μία,</span> <span class='ocrx_word' id='word_1_151' title='bbox 3289 861 3386 911; x_wconf 72' lang='grc' dir='ltr'>καὶ</span> <span class='ocrx_word' id='word_1_152' title='bbox 3437 860 3468 928; x_wconf 72' lang='grc' dir='ltr'><strong>ἡ</strong></span> <span class='ocrx_word' id='word_1_153' title='bbox 3508 858 3660 925; x_wconf 53' lang='lat' dir='ltr'><strong>quin;</strong></span> 
     </span>
    </p>
   </div>
   <div class='ocr_carea' id='block_1_25' title="bbox 2098 948 3661 1018">
    <p class='ocr_par' dir='ltr' id='par_1_25' title="bbox 2098 948 3661 1018">
     <span class='ocr_line' id='line_1_25' title="bbox 2098 948 3661 1018; baseline 0.001 -20"><span class='ocrx_word' id='word_1_154' title='bbox 2098 948 2314 1008; x_wconf 86' lang='grc' dir='ltr'>πάντως</span> <span class='ocrx_word' id='word_1_155' title='bbox 2348 949 2380 1016; x_wconf 82' lang='grc' dir='ltr'>ὴ</span> <span class='ocrx_word' id='word_1_156' title='bbox 2429 948 2566 1018; x_wconf 83' lang='grc' dir='ltr'>αὐτὴ</span> <span class='ocrx_word' id='word_1_157' title='bbox 2609 948 2812 1001; x_wconf 84' lang='grc' dir='ltr'>τούτων</span> <span class='ocrx_word' id='word_1_158' title='bbox 2866 950 3030 1002; x_wconf 80' lang='grc' dir='ltr'>ἐστίν.</span> <span class='ocrx_word' id='word_1_159' title='bbox 3065 951 3220 1002; x_wconf 74' lang='grc' dir='ltr'>Πᾶσα</span> <span class='ocrx_word' id='word_1_160' title='bbox 3250 949 3360 1017; x_wconf 74' lang='grc' dir='ltr'><strong>γὰρ</strong></span> <span class='ocrx_word' id='word_1_161' title='bbox 3414 949 3661 1017; x_wconf 75' lang='grc' dir='ltr'>ἐνέργεια</span> 
     </span>
    </p>
   </div>
   <div class='ocr_carea' id='block_1_26' title="bbox 2097 1036 3662 1110">
    <p class='ocr_par' dir='ltr' id='par_1_26' title="bbox 2097 1036 3662 1110">
     <span class='ocr_line' id='line_1_26' title="bbox 2097 1036 3662 1110; baseline 0 -21"><span class='ocrx_word' id='word_1_162' title='bbox 2097 1036 2375 1106; x_wconf 76' lang='grc' dir='ltr'>δυνάμεως</span> <span class='ocrx_word' id='word_1_163' title='bbox 2406 1039 2551 1090; x_wconf 91' lang='grc' dir='ltr'>ἐστιν</span> <span class='ocrx_word' id='word_1_164' title='bbox 2581 1038 2941 1110; x_wconf 76' lang='grc' dir='ltr'>ἀποτέλεσμα.</span> <span class='ocrx_word' id='word_1_165' title='bbox 2969 1041 3030 1092; x_wconf 77' lang='lat' dir='ltr'><strong>Ei</strong></span> <span class='ocrx_word' id='word_1_166' title='bbox 3058 1036 3150 1092; x_wconf 74' lang='grc' dir='ltr'>οὖν</span> <span class='ocrx_word' id='word_1_167' title='bbox 3180 1041 3272 1092; x_wconf 63' lang='grc' dir='ltr'><strong>κει)⁵</strong></span> <span class='ocrx_word' id='word_1_168' title='bbox 3292 1039 3547 1107; x_wconf 81' lang='grc' dir='ltr'>ἐνέργεια</span> <span class='ocrx_word' id='word_1_169' title='bbox 3575 1041 3662 1089; x_wconf 74' lang='grc' dir='ltr'>καὶ</span> 
     </span>
    </p>
   </div>
   <div class='ocr_carea' id='block_1_27' title="bbox 2096 1127 3662 1200">
    <p class='ocr_par' dir='ltr' id='par_1_27' title="bbox 2096 1127 3662 1200">
     <span class='ocr_line' id='line_1_27' title="bbox 2096 1127 3662 1200; baseline -0.002 -20"><span class='ocrx_word' id='word_1_170' title='bbox 2096 1127 2323 1196; x_wconf 82' lang='grc' dir='ltr'>δύναμις</span> <span class='ocrx_word' id='word_1_171' title='bbox 2354 1128 2472 1197; x_wconf 88' lang='grc' dir='ltr'>μία,</span> <span class='ocrx_word' id='word_1_172' title='bbox 2501 1129 2617 1191; x_wconf 78' lang='grc' dir='ltr'>πῶς</span> <span class='ocrx_word' id='word_1_173' title='bbox 2640 1129 2784 1184; x_wconf 81' lang='grc' dir='ltr'>ἐστιν</span> <span class='ocrx_word' id='word_1_174' title='bbox 2814 1130 3101 1200; x_wconf 78' lang='grc' dir='ltr'><strong>ἑτερότητα</strong></span> <span class='ocrx_word' id='word_1_175' title='bbox 3123 1129 3331 1196; x_wconf 75' lang='grc' dir='ltr'>φύσεως</span> <span class='ocrx_word' id='word_1_176' title='bbox 3358 1129 3576 1196; x_wconf 74' lang='grc' dir='ltr'>νοῆσαι,</span> <span class='ocrx_word' id='word_1_177' title='bbox 3609 1130 3662 1178; x_wconf 73' lang='grc' dir='ltr'><strong>ἐν</strong></span> 
     </span>
    </p>
   </div>
   <div class='ocr_carea' id='block_1_28' title="bbox 2097 1214 3664 1290">
    <p class='ocr_par' dir='ltr' id='par_1_28' title="bbox 2097 1214 3664 1290">
     <span class='ocr_line' id='line_1_28' title="bbox 2097 1214 3664 1290; baseline -0.001 -19"><span class='ocrx_word' id='word_1_178' title='bbox 2097 1214 2179 1281; x_wconf 70' lang='grc' dir='ltr'>οἷς</span> <span class='ocrx_word' id='word_1_179' title='bbox 2211 1217 2464 1288; x_wconf 78' lang='grc' dir='ltr'>οὐδεμίαν</span> <span class='ocrx_word' id='word_1_180' title='bbox 2495 1221 2637 1271; x_wconf 80' lang='grc' dir='ltr'>κατὰ</span> <span class='ocrx_word' id='word_1_181' title='bbox 2664 1221 2762 1288; x_wconf 80' lang='grc' dir='ltr'>τὴν</span> <span class='ocrx_word' id='word_1_182' title='bbox 2793 1220 3018 1289; x_wconf 74' lang='grc' dir='ltr'>δύναμίν</span> <span class='ocrx_word' id='word_1_183' title='bbox 3039 1237 3095 1272; x_wconf 87' lang='grc' dir='ltr'><strong>τε</strong></span> <span class='ocrx_word' id='word_1_184' title='bbox 3127 1222 3220 1272; x_wconf 69' lang='grc' dir='ltr'>καὶ</span> <span class='ocrx_word' id='word_1_185' title='bbox 3246 1220 3535 1290; x_wconf 78' lang='grc' dir='ltr'>ἐνέργειαν</span> <span class='ocrx_word' id='word_1_186' title='bbox 3557 1219 3664 1270; x_wconf 76' lang='grc' dir='ltr'>διει-</span> 
     </span>
    </p>
   </div>
   <div class='ocr_carea' id='block_1_29' title="bbox 2099 1307 3664 1379">
    <p class='ocr_par' dir='ltr' id='par_1_29' title="bbox 2099 1307 3664 1379">
     <span class='ocr_line' id='line_1_29' title="bbox 2099 1307 3664 1379; baseline -0.001 -18"><span class='ocrx_word' id='word_1_187' title='bbox 2099 1307 2269 1378; x_wconf 84' lang='grc' dir='ltr'>φορὰν</span> <span class='ocrx_word' id='word_1_188' title='bbox 2301 1309 2714 1379; x_wconf 77' lang='grc' dir='ltr'>ἐξευρίσκομενς</span> <span class='ocrx_word' id='word_1_189' title='bbox 2760 1309 2845 1372; x_wconf 86' lang='grc' dir='ltr'>Ὡς</span> <span class='ocrx_word' id='word_1_190' title='bbox 2883 1310 2991 1378; x_wconf 85' lang='grc' dir='ltr'><strong>γάρ</strong></span> <span class='ocrx_word' id='word_1_191' title='bbox 3021 1311 3118 1362; x_wconf 76' lang='grc' dir='ltr'>οὐκ</span> <span class='ocrx_word' id='word_1_192' title='bbox 3151 1311 3295 1361; x_wconf 82' lang='grc' dir='ltr'>ἔστιν</span> <span class='ocrx_word' id='word_1_193' title='bbox 3323 1314 3384 1359; x_wconf 80' lang='grc' dir='ltr'>ὲν</span> <span class='ocrx_word' id='word_1_194' title='bbox 3419 1312 3537 1370; x_wconf 79' lang='grc' dir='ltr'>τοῖς</span> <span class='ocrx_word' id='word_1_195' title='bbox 3573 1307 3664 1360; x_wconf 77' lang='grc' dir='ltr'><strong>τοῦ</strong></span> 
     </span>
    </p>
   </div>
   <div class='ocr_carea' id='block_1_30' title="bbox 2099 1397 3666 1469">
    <p class='ocr_par' dir='ltr' id='par_1_30' title="bbox 2099 1397 3666 1469">
     <span class='ocr_line' id='line_1_30' title="bbox 2099 1397 3666 1469; baseline -0.002 -18"><span class='ocrx_word' id='word_1_196' title='bbox 2099 1399 2271 1469; x_wconf 85' lang='grc' dir='ltr'>πυρὸς</span> <span class='ocrx_word' id='word_1_197' title='bbox 2310 1397 2611 1468; x_wconf 79' lang='grc' dir='ltr'>ίδιώμασιν,</span> <span class='ocrx_word' id='word_1_198' title='bbox 2658 1399 2787 1452; x_wconf 84' lang='grc' dir='ltr'>ὅταν</span> <span class='ocrx_word' id='word_1_199' title='bbox 2812 1398 2925 1461; x_wconf 85' lang='grc' dir='ltr'>δύο,</span> <span class='ocrx_word' id='word_1_200' title='bbox 2969 1399 3030 1452; x_wconf 81' lang='grc' dir='ltr'>τὸ</span> <span class='ocrx_word' id='word_1_201' title='bbox 3079 1399 3306 1467; x_wconf 79' lang='grc' dir='ltr'>φωτίζον</span> <span class='ocrx_word' id='word_1_202' title='bbox 3352 1416 3413 1451; x_wconf 91' lang='grc' dir='ltr'><strong>τε</strong></span> <span class='ocrx_word' id='word_1_203' title='bbox 3457 1401 3559 1450; x_wconf 76' lang='grc' dir='ltr'>καὶ</span> <span class='ocrx_word' id='word_1_204' title='bbox 3607 1399 3666 1450; x_wconf 68' lang='grc' dir='ltr'><strong>τὸ</strong></span> 
     </span>
    </p>
   </div>
   <div class='ocr_carea' id='block_1_31' title="bbox 2098 1487 3665 1558">
    <p class='ocr_par' dir='ltr' id='par_1_31' title="bbox 2098 1487 3665 1558">
     <span class='ocr_line' id='line_1_31' title="bbox 2098 1487 3665 1558; baseline -0.001 -18"><span class='ocrx_word' id='word_1_205' title='bbox 2098 1487 2251 1540; x_wconf 87' lang='grc' dir='ltr'>καίόν</span> <span class='ocrx_word' id='word_1_206' title='bbox 2295 1489 2431 1552; x_wconf 87' lang='grc' dir='ltr'>ἐστι,</span> <span class='ocrx_word' id='word_1_207' title='bbox 2470 1487 2531 1540; x_wconf 80' lang='grc' dir='ltr'>τὸ</span> <span class='ocrx_word' id='word_1_208' title='bbox 2579 1490 2853 1540; x_wconf 83' lang='grc' dir='ltr'>κοινωνεῖν</span> <span class='ocrx_word' id='word_1_209' title='bbox 2903 1488 3118 1558; x_wconf 84' lang='grc' dir='ltr'>νομίσαι</span> <span class='ocrx_word' id='word_1_210' title='bbox 3163 1487 3258 1540; x_wconf 91' lang='grc' dir='ltr'><strong>τοῦ</strong></span> <span class='ocrx_word' id='word_1_211' title='bbox 3297 1488 3665 1558; x_wconf 76' lang='grc' dir='ltr'>προκειμένου</span> 
     </span>
    </p>
   </div>
   <div class='ocr_carea' id='block_1_32' title="bbox 2101 1573 3667 1644">
    <p class='ocr_par' dir='ltr' id='par_1_32' title="bbox 2101 1573 3667 1644">
     <span class='ocr_line' id='line_1_32' title="bbox 2101 1573 3667 1644; baseline -0.003 -16"><span class='ocrx_word' id='word_1_212' title='bbox 2101 1576 2444 1644; x_wconf 82' lang='grc' dir='ltr'>ὐπαλλαγήν’</span> <span class='ocrx_word' id='word_1_213' title='bbox 2475 1573 2646 1638; x_wconf 75' lang='grc' dir='ltr'>οὕτως</span> <span class='ocrx_word' id='word_1_214' title='bbox 2692 1575 2791 1628; x_wconf 85' lang='grc' dir='ltr'>οὐκ</span> <span class='ocrx_word' id='word_1_215' title='bbox 2818 1574 2880 1626; x_wconf 78' lang='grc' dir='ltr'>ἄν</span> <span class='ocrx_word' id='word_1_216' title='bbox 2909 1591 2995 1638; x_wconf 90' lang='grc' dir='ltr'><strong>τις</strong></span> <span class='ocrx_word' id='word_1_217' title='bbox 3034 1573 3308 1644; x_wconf 79' lang='grc' dir='ltr'>εὐφρονῶν</span> <span class='ocrx_word' id='word_1_218' title='bbox 3354 1575 3485 1643; x_wconf 86' lang='grc' dir='ltr'>μίαν</span> <span class='ocrx_word' id='word_1_219' title='bbox 3516 1573 3667 1626; x_wconf 80' lang='grc' dir='ltr'>ἐνέο-</span> 
     </span>
    </p>
   </div>
   <div class='ocr_carea' id='block_1_33' title="bbox 2100 1661 3665 1736">
    <p class='ocr_par' dir='ltr' id='par_1_33' title="bbox 2100 1661 3665 1736">
     <span class='ocr_line' id='line_1_33' title="bbox 2100 1661 3665 1736; baseline -0.003 -17"><span class='ocrx_word' id='word_1_220' title='bbox 2100 1684 2254 1735; x_wconf 88' lang='grc' dir='ltr'>γειαν</span> <span class='ocrx_word' id='word_1_221' title='bbox 2291 1668 2355 1719; x_wconf 85' lang='grc' dir='ltr'><strong>ἐκ</strong></span> <span class='ocrx_word' id='word_1_222' title='bbox 2395 1666 2496 1735; x_wconf 80' lang='grc' dir='ltr'>τῆς</span> <span class='ocrx_word' id='word_1_223' title='bbox 2536 1665 2758 1736; x_wconf 85' lang='grc' dir='ltr'>Γραφῆς</span> <span class='ocrx_word' id='word_1_224' title='bbox 2807 1666 3074 1735; x_wconf 72' lang='grc' dir='ltr'>διδαχθεὶς</span> <span class='ocrx_word' id='word_1_225' title='bbox 3121 1664 3212 1716; x_wconf 90' lang='grc' dir='ltr'><strong>τοῦ</strong></span> <span class='ocrx_word' id='word_1_226' title='bbox 3257 1663 3387 1716; x_wconf 87' lang='grc' dir='ltr'>Υἱοῦ</span> <span class='ocrx_word' id='word_1_227' title='bbox 3428 1662 3531 1715; x_wconf 81' lang='grc' dir='ltr'>καὶ</span> <span class='ocrx_word' id='word_1_228' title='bbox 3574 1661 3665 1715; x_wconf 84' lang='grc' dir='ltr'><strong>τοῦ</strong></span> 
     </span>
    </p>
   </div>
   <div class='ocr_carea' id='block_1_34' title="bbox 439 1742 2003 1827">
    <p class='ocr_par' dir='ltr' id='par_1_34' title="bbox 439 1742 1993 1826">
     <span class='ocr_line' id='line_1_34' title="bbox 439 1742 1993 1826; baseline -0.005 -13"><span class='ocrx_word' id='word_1_229' title='bbox 439 1771 596 1815; x_wconf 88' lang='lat' dir='ltr'><strong>tatem</strong></span> <span class='ocrx_word' id='word_1_230' title='bbox 627 1760 827 1814; x_wconf 85' lang='lat' dir='ltr'><strong>inferre</strong></span> <span class='ocrx_word' id='word_1_231' title='bbox 856 1777 870 1812; x_wconf 88' lang='lat'><strong>:</strong></span> <span class='ocrx_word' id='word_1_232' title='bbox 899 1759 971 1810; x_wconf 88' lang='lat' dir='ltr'><strong>ita</strong></span> <span class='ocrx_word' id='word_1_233' title='bbox 1003 1773 1102 1811; x_wconf 88' lang='lat' dir='ltr'><strong>nec</strong></span> <span class='ocrx_word' id='word_1_234' title='bbox 1141 1758 1306 1818; x_wconf 83' lang='lat' dir='ltr'><strong>ullus.</strong></span> <span class='ocrx_word' id='word_1_235' title='bbox 1339 1756 1431 1826; x_wconf 88' lang='lat' dir='ltr'><strong>qui</strong></span> <span class='ocrx_word' id='word_1_236' title='bbox 1460 1755 1700 1824; x_wconf 89' lang='lat' dir='ltr'><strong>prudens</strong></span> <span class='ocrx_word' id='word_1_237' title='bbox 1745 1754 1839 1816; x_wconf 88' lang='lat' dir='ltr'><strong>sit,</strong></span> <span class='ocrx_word' id='word_1_238' title='bbox 1871 1742 1993 1807; x_wconf 81' lang='lat' dir='ltr'><strong>cum</strong></span> 
     </span>
    </p>
   </div>
   <div class='ocr_carea' id='block_1_35' title="bbox 2108 1742 3390 1827">
    <p class='ocr_par' dir='ltr' id='par_1_35' title="bbox 2108 1754 3390 1827">
     <span class='ocr_line' id='line_1_35' title="bbox 2108 1754 3390 1827; baseline -0.002 -20"><span class='ocrx_word' id='word_1_239' title='bbox 2108 1756 2430 1826; x_wconf 79' lang='grc' dir='ltr'>[ινεύματος.</span> <span class='ocrx_word' id='word_1_240' title='bbox 2461 1757 2721 1827; x_wconf 86' lang='grc' dir='ltr'>διαφοράν</span> <span class='ocrx_word' id='word_1_241' title='bbox 2751 1773 2871 1809; x_wconf 88' lang='grc' dir='ltr'>τινα</span> <span class='ocrx_word' id='word_1_242' title='bbox 2905 1754 3115 1824; x_wconf 79' lang='grc' dir='ltr'>φύσεως</span> <span class='ocrx_word' id='word_1_243' title='bbox 3154 1755 3390 1808; x_wconf 84' lang='grc' dir='ltr'>ὑπονοεῖ.</span> 
     </span>
    </p>
   </div>
   <div class='ocr_carea' id='block_1_36' title="bbox 447 1847 3671 1924">
    <p class='ocr_par' dir='ltr' id='par_1_36' title="bbox 447 1847 3671 1924">
     <span class='ocr_line' id='line_1_36' title="bbox 447 1847 3671 1924; baseline -0.002 -17"><span class='ocrx_word' id='word_1_244' title='bbox 447 1868 591 1908; x_wconf 78' lang='lat' dir='ltr'><strong>exea</strong></span> <span class='ocrx_word' id='word_1_245' title='bbox 616 1852 1345 1924; x_wconf 87' lang='lat' dir='ltr'><strong>Scripturadidiceritunatn</strong></span> <span class='ocrx_word' id='word_1_246' title='bbox 1369 1867 1491 1905; x_wconf 89' lang='lat' dir='ltr'><strong>esse</strong></span> <span class='ocrx_word' id='word_1_247' title='bbox 1532 1849 1655 1903; x_wconf 85' lang='lat' dir='ltr'><strong>Filii</strong></span> <span class='ocrx_word' id='word_1_248' title='bbox 1699 1855 1756 1904; x_wconf 88' lang='lat' dir='ltr'><strong>et</strong></span> <span class='ocrx_word' id='word_1_249' title='bbox 1809 1849 2047 1919; x_wconf 83' lang='lat' dir='ltr'><strong>Spiritus</strong></span> <span class='ocrx_word' id='word_1_250' title='bbox 2097 1851 2437 1907; x_wconf 80' lang='lat' dir='ltr'><strong>cﬂicientiam</strong></span> <span class='ocrx_word' id='word_1_251' title='bbox 2465 1889 2480 1916; x_wconf 90' lang='lat'><strong>,</strong></span> <span class='ocrx_word' id='word_1_252' title='bbox 2544 1862 2754 1906; x_wconf 67' lang='lat' dir='ltr'><strong>natura:</strong></span> <span class='ocrx_word' id='word_1_253' title='bbox 2796 1852 3090 1905; x_wconf 81' lang='lat' dir='ltr'><strong>discrimen</strong></span> <span class='ocrx_word' id='word_1_254' title='bbox 3152 1850 3372 1920; x_wconf 82' lang='lat' dir='ltr'><strong>aliquod</strong></span> <span class='ocrx_word' id='word_1_255' title='bbox 3418 1847 3671 1916; x_wconf 82' lang='lat' dir='ltr'><strong>suspica-</strong></span> 
     </span>
    </p>
   </div>
   <div class='ocr_carea' id='block_1_37' title="bbox 438 1943 633 2015">
    <p class='ocr_par' dir='ltr' id='par_1_37' title="bbox 438 1943 633 2015">
     <span class='ocr_line' id='line_1_37' title="bbox 438 1943 633 2015; baseline -0.015 -16"><span class='ocrx_word' id='word_1_256' title='bbox 438 1943 633 2015; x_wconf 86' lang='lat' dir='ltr'><strong>bitur.]</strong></span> 
     </span>
    </p>
   </div>
   <div class='ocr_carea' id='block_1_38' title="bbox 504 2033 1996 2103">
    <p class='ocr_par' dir='ltr' id='par_1_38' title="bbox 504 2033 1996 2103">
     <span class='ocr_line' id='line_1_38' title="bbox 504 2033 1996 2103; baseline 0 -15"><span class='ocrx_word' id='word_1_257' title='bbox 504 2035 621 2089; x_wconf 80' lang='lat' dir='ltr'><strong>Jam</strong></span> <span class='ocrx_word' id='word_1_258' title='bbox 656 2050 785 2089; x_wconf 90' lang='lat' dir='ltr'><strong>vero</strong></span> <span class='ocrx_word' id='word_1_259' title='bbox 822 2033 1253 2088; x_wconf 89' lang='lat' dir='ltr'><strong>demonstratum</strong></span> <span class='ocrx_word' id='word_1_260' title='bbox 1308 2040 1391 2087; x_wconf 88' lang='lat' dir='ltr'><strong>est</strong></span> <span class='ocrx_word' id='word_1_261' title='bbox 1425 2043 1583 2086; x_wconf 90' lang='lat' dir='ltr'><strong>antea</strong></span> <span class='ocrx_word' id='word_1_262' title='bbox 1617 2034 1829 2103; x_wconf 88' lang='lat' dir='ltr'><strong>piorum</strong></span> <span class='ocrx_word' id='word_1_263' title='bbox 1866 2049 1996 2090; x_wconf 84' lang='lat' dir='ltr'><strong>sen-</strong></span> 
     </span>
    </p>
   </div>
   <div class='ocr_carea' id='block_1_39' title="bbox 438 2123 1996 2188">
    <p class='ocr_par' dir='ltr' id='par_1_39' title="bbox 438 2123 1996 2188">
     <span class='ocr_line' id='line_1_39' title="bbox 438 2123 1996 2188; baseline 0.001 -10"><span class='ocrx_word' id='word_1_264' title='bbox 438 2126 639 2182; x_wconf 89' lang='lat' dir='ltr'><strong>tentiis.</strong></span> <span class='ocrx_word' id='word_1_265' title='bbox 675 2124 917 2179; x_wconf 84' lang='lat' dir='ltr'><strong>eamdem</strong></span> <span class='ocrx_word' id='word_1_266' title='bbox 949 2141 1069 2180; x_wconf 84' lang='lat' dir='ltr'><strong>esse</strong></span> <span class='ocrx_word' id='word_1_267' title='bbox 1115 2124 1168 2178; x_wconf 93' lang='lat' dir='ltr'><strong>in</strong></span> <span class='ocrx_word' id='word_1_268' title='bbox 1220 2124 1379 2178; x_wconf 90' lang='lat' dir='ltr'><strong>Patre</strong></span> <span class='ocrx_word' id='word_1_269' title='bbox 1419 2133 1472 2178; x_wconf 84' lang='lat' dir='ltr'><strong>et</strong></span> <span class='ocrx_word' id='word_1_270' title='bbox 1527 2123 1664 2178; x_wconf 86' lang='lat' dir='ltr'><strong>Filio</strong></span> <span class='ocrx_word' id='word_1_271' title='bbox 1723 2134 1996 2188; x_wconf 90' lang='lat' dir='ltr'><strong>naturam,</strong></span> 
     </span>
    </p>
   </div>
   <div class='ocr_carea' id='block_1_40' title="bbox 439 2213 1998 2284">
    <p class='ocr_par' dir='ltr' id='par_1_40' title="bbox 439 2213 1998 2284">
     <span class='ocr_line' id='line_1_40' title="bbox 439 2213 1998 2284; baseline 0.001 -18"><span class='ocrx_word' id='word_1_272' title='bbox 439 2230 613 2283; x_wconf 86' lang='lat' dir='ltr'><strong>neque</strong></span> <span class='ocrx_word' id='word_1_273' title='bbox 651 2215 762 2268; x_wconf 83' lang='lat' dir='ltr'><strong>fieri</strong></span> <span class='ocrx_word' id='word_1_274' title='bbox 794 2230 974 2282; x_wconf 87' lang='lat' dir='ltr'><strong>posse,</strong></span> <span class='ocrx_word' id='word_1_275' title='bbox 1009 2223 1066 2267; x_wconf 92' lang='lat' dir='ltr'><strong>nt</strong></span> <span class='ocrx_word' id='word_1_276' title='bbox 1095 2229 1214 2283; x_wconf 66' lang='lat' dir='ltr'><strong>quae</strong></span> <span class='ocrx_word' id='word_1_277' title='bbox 1243 2213 1444 2267; x_wconf 85' lang='lat' dir='ltr'><strong>diversi</strong></span> <span class='ocrx_word' id='word_1_278' title='bbox 1473 2223 1600 2266; x_wconf 91' lang='lat' dir='ltr'><strong>sunt</strong></span> <span class='ocrx_word' id='word_1_279' title='bbox 1630 2215 1872 2284; x_wconf 77' lang='lat' dir='ltr'><strong>generis,</strong></span> <span class='ocrx_word' id='word_1_280' title='bbox 1906 2213 1998 2267; x_wconf 88' lang='lat' dir='ltr'><strong>Dei</strong></span> 
     </span>
    </p>
   </div>
   <div class='ocr_carea' id='block_1_41' title="bbox 440 2303 2000 2373">
    <p class='ocr_par' dir='ltr' id='par_1_41' title="bbox 440 2303 2000 2373">
     <span class='ocr_line' id='line_1_41' title="bbox 440 2303 2000 2373; baseline 0.001 -19"><span class='ocrx_word' id='word_1_281' title='bbox 440 2303 660 2354; x_wconf 87' lang='lat' dir='ltr'><strong>nomine</strong></span> <span class='ocrx_word' id='word_1_282' title='bbox 685 2303 1538 2372; x_wconf 84' lang='lat' dir='ltr'><strong>appellentur:quemadmodum</strong></span> <span class='ocrx_word' id='word_1_283' title='bbox 1596 2303 1728 2356; x_wconf 85' lang='lat' dir='ltr'><strong>fabri</strong></span> <span class='ocrx_word' id='word_1_284' title='bbox 1789 2303 2000 2373; x_wconf 81' lang='lat' dir='ltr'><strong>lignarii</strong></span> 
     </span>
    </p>
   </div>
   <div class='ocr_carea' id='block_1_42' title="bbox 439 2393 2002 2462">
    <p class='ocr_par' dir='ltr' id='par_1_42' title="bbox 439 2393 2002 2462">
     <span class='ocr_line' id='line_1_42' title="bbox 439 2393 2002 2462; baseline 0.003 -18"><span class='ocrx_word' id='word_1_285' title='bbox 439 2394 580 2446; x_wconf 84' lang='lat' dir='ltr'><strong>ﬁlius</strong></span> <span class='ocrx_word' id='word_1_286' title='bbox 609 2409 715 2446; x_wconf 87' lang='lat' dir='ltr'><strong>non</strong></span> <span class='ocrx_word' id='word_1_287' title='bbox 746 2393 946 2446; x_wconf 89' lang='lat' dir='ltr'><strong>dicitur</strong></span> <span class='ocrx_word' id='word_1_288' title='bbox 977 2409 1279 2456; x_wconf 85' lang='lat' dir='ltr'><strong>scamnum,</strong></span> <span class='ocrx_word' id='word_1_289' title='bbox 1337 2409 1513 2462; x_wconf 91' lang='lat' dir='ltr'><strong>neque</strong></span> <span class='ocrx_word' id='word_1_290' title='bbox 1563 2395 1803 2462; x_wconf 88' lang='lat' dir='ltr'><strong>prudens</strong></span> <span class='ocrx_word' id='word_1_291' title='bbox 1859 2395 2002 2448; x_wconf 91' lang='lat' dir='ltr'><strong>ullus</strong></span> 
     </span>
    </p>
   </div>
   <div class='ocr_carea' id='block_1_43' title="bbox 439 2481 2000 2546">
    <p class='ocr_par' dir='ltr' id='par_1_43' title="bbox 439 2481 2000 2546">
     <span class='ocr_line' id='line_1_43' title="bbox 439 2481 2000 2546; baseline 0.002 -12"><span class='ocrx_word' id='word_1_292' title='bbox 439 2482 636 2535; x_wconf 81' lang='lat' dir='ltr'><strong>dixerit</strong></span> <span class='ocrx_word' id='word_1_293' title='bbox 669 2481 738 2536; x_wconf 92' lang='lat' dir='ltr'><strong>ab</strong></span> <span class='ocrx_word' id='word_1_294' title='bbox 777 2482 1077 2535; x_wconf 86' lang='lat' dir='ltr'><strong>architecto</strong></span> <span class='ocrx_word' id='word_1_295' title='bbox 1102 2484 1268 2535; x_wconf 89' lang='lat' dir='ltr'><strong>tilium</strong></span> <span class='ocrx_word' id='word_1_296' title='bbox 1303 2498 1424 2538; x_wconf 91' lang='lat' dir='ltr'><strong>esse</strong></span> <span class='ocrx_word' id='word_1_297' title='bbox 1467 2493 1864 2546; x_wconf 84' lang='lat' dir='ltr'><strong>construcmm,</strong></span> <span class='ocrx_word' id='word_1_298' title='bbox 1905 2483 2000 2537; x_wconf 90' lang='lat' dir='ltr'><strong>sed</strong></span> 
     </span>
    </p>
   </div>
   <div class='ocr_carea' id='block_1_44' title="bbox 445 2571 2002 2642">
    <p class='ocr_par' dir='ltr' id='par_1_44' title="bbox 445 2571 2002 2642">
     <span class='ocr_line' id='line_1_44' title="bbox 445 2571 2002 2642; baseline 0.002 -19"><span class='ocrx_word' id='word_1_299' title='bbox 445 2572 562 2638; x_wconf 89' lang='lat' dir='ltr'><strong>ipsa</strong></span> <span class='ocrx_word' id='word_1_300' title='bbox 596 2571 689 2624; x_wconf 77' lang='lat' dir='ltr'><strong>lilii</strong></span> <span class='ocrx_word' id='word_1_301' title='bbox 713 2582 765 2625; x_wconf 90' lang='lat' dir='ltr'><strong>et</strong></span> <span class='ocrx_word' id='word_1_302' title='bbox 794 2573 962 2640; x_wconf 88' lang='lat' dir='ltr'><strong>patris</strong></span> <span class='ocrx_word' id='word_1_303' title='bbox 989 2573 1348 2641; x_wconf 86' lang='lat' dir='ltr'><strong>appellatione</strong></span> <span class='ocrx_word' id='word_1_304' title='bbox 1377 2572 1523 2642; x_wconf 90' lang='lat' dir='ltr'><strong>quod</strong></span> <span class='ocrx_word' id='word_1_305' title='bbox 1572 2575 1871 2628; x_wconf 88' lang='lat' dir='ltr'><strong>secundum</strong></span> <span class='ocrx_word' id='word_1_306' title='bbox 1903 2589 2002 2628; x_wconf 83' lang='lat' dir='ltr'><strong>na-</strong></span> 
     </span>
    </p>
   </div>
   <div class='ocr_carea' id='block_1_45' title="bbox 441 2662 2003 2733">
    <p class='ocr_par' dir='ltr' id='par_1_45' title="bbox 441 2662 2003 2733">
     <span class='ocr_line' id='line_1_45' title="bbox 441 2662 2003 2733; baseline 0.003 -20"><span class='ocrx_word' id='word_1_307' title='bbox 441 2671 620 2714; x_wconf 86' lang='lat' dir='ltr'><strong>turam</strong></span> <span class='ocrx_word' id='word_1_308' title='bbox 677 2662 1026 2732; x_wconf 73' lang='lat' dir='ltr'><strong>coniunctum</strong></span> <span class='ocrx_word' id='word_1_309' title='bbox 1084 2672 1189 2723; x_wconf 86' lang='lat' dir='ltr'><strong>est,</strong></span> <span class='ocrx_word' id='word_1_310' title='bbox 1249 2663 1603 2733; x_wconf 83' lang='lat' dir='ltr'><strong>designatur;</strong></span> <span class='ocrx_word' id='word_1_311' title='bbox 1641 2680 1868 2720; x_wconf 89' lang='lat' dir='ltr'><strong>necesse</strong></span> <span class='ocrx_word' id='word_1_312' title='bbox 1918 2674 2003 2720; x_wconf 88' lang='lat' dir='ltr'><strong>est</strong></span> 
     </span>
    </p>
   </div>
   <div class='ocr_carea' id='block_1_46' title="bbox 444 2751 1999 2822">
    <p class='ocr_par' dir='ltr' id='par_1_46' title="bbox 444 2751 1999 2822">
     <span class='ocr_line' id='line_1_46' title="bbox 444 2751 1999 2822; baseline 0.004 -20"><span class='ocrx_word' id='word_1_313' title='bbox 444 2753 598 2820; x_wconf 84' lang='lat' dir='ltr'><strong>plane</strong></span> <span class='ocrx_word' id='word_1_314' title='bbox 623 2766 746 2805; x_wconf 92' lang='lat' dir='ltr'><strong>cum</strong></span> <span class='ocrx_word' id='word_1_315' title='bbox 781 2751 889 2806; x_wconf 94' lang='lat' dir='ltr'><strong>duo</strong></span> <span class='ocrx_word' id='word_1_316' title='bbox 921 2762 1048 2808; x_wconf 89' lang='lat' dir='ltr'><strong>sunt</strong></span> <span class='ocrx_word' id='word_1_317' title='bbox 1074 2753 1476 2807; x_wconf 87' lang='lat' dir='ltr'><strong>necessitudine</strong></span> <span class='ocrx_word' id='word_1_318' title='bbox 1497 2753 1689 2822; x_wconf 88' lang='lat' dir='ltr'><strong>juncta</strong></span> <span class='ocrx_word' id='word_1_319' title='bbox 1721 2771 1840 2808; x_wconf 92' lang='lat' dir='ltr'><strong>cum</strong></span> <span class='ocrx_word' id='word_1_320' title='bbox 1871 2770 1999 2821; x_wconf 90' lang='lat' dir='ltr'><strong>uno,</strong></span> 
     </span>
    </p>
   </div>
   <div class='ocr_carea' id='block_1_47' title="bbox 441 2841 2001 2909">
    <p class='ocr_par' dir='ltr' id='par_1_47' title="bbox 441 2841 2001 2909">
     <span class='ocr_line' id='line_1_47' title="bbox 441 2841 2001 2909; baseline 0.004 -16"><span class='ocrx_word' id='word_1_321' title='bbox 441 2856 616 2909; x_wconf 89' lang='lat' dir='ltr'><strong>neque</strong></span> <span class='ocrx_word' id='word_1_322' title='bbox 649 2841 788 2894; x_wconf 89' lang='lat' dir='ltr'><strong>inter</strong></span> <span class='ocrx_word' id='word_1_323' title='bbox 813 2857 872 2895; x_wconf 92' lang='lat' dir='ltr'><strong>se</strong></span> <span class='ocrx_word' id='word_1_324' title='bbox 898 2841 1174 2906; x_wconf 80' lang='lat' dir='ltr'><strong>(lifTerunt,</strong></span> <span class='ocrx_word' id='word_1_325' title='bbox 1209 2843 1254 2896; x_wconf 89' lang='lat' dir='ltr'><strong>si</strong></span> <span class='ocrx_word' id='word_1_326' title='bbox 1279 2858 1403 2895; x_wconf 85' lang='lat' dir='ltr'><strong>eum</strong></span> <span class='ocrx_word' id='word_1_327' title='bbox 1434 2841 1592 2897; x_wconf 89' lang='lat' dir='ltr'><strong>Patre</strong></span> <span class='ocrx_word' id='word_1_328' title='bbox 1621 2842 1791 2900; x_wconf 84' lang='lat' dir='ltr'><strong>Filius</strong></span> <span class='ocrx_word' id='word_1_329' title='bbox 1813 2856 2001 2900; x_wconf 88' lang='lat' dir='ltr'><strong>natura</strong></span> 
     </span>
    </p>
   </div>
   <div class='ocr_carea' id='block_1_48' title="bbox 443 2931 2002 3002">
    <p class='ocr_par' dir='ltr' id='par_1_48' title="bbox 443 2931 2002 3002">
     <span class='ocr_line' id='line_1_48' title="bbox 443 2931 2002 3002; baseline 0.003 -18"><span class='ocrx_word' id='word_1_330' title='bbox 443 2932 628 2986; x_wconf 83' lang='lat' dir='ltr'><strong>unitus</strong></span> <span class='ocrx_word' id='word_1_331' title='bbox 656 2937 760 2993; x_wconf 86' lang='lat' dir='ltr'><strong>est,</strong></span> <span class='ocrx_word' id='word_1_332' title='bbox 804 2932 1044 2986; x_wconf 88' lang='lat' dir='ltr'><strong>eamdem</strong></span> <span class='ocrx_word' id='word_1_333' title='bbox 1089 2947 1250 3002; x_wconf 89' lang='lat' dir='ltr'><strong>porro</strong></span> <span class='ocrx_word' id='word_1_334' title='bbox 1305 2931 1571 3002; x_wconf 88' lang='lat' dir='ltr'><strong>Spiritum</strong></span> <span class='ocrx_word' id='word_1_335' title='bbox 1612 2943 1862 2988; x_wconf 89' lang='lat' dir='ltr'><strong>sanctum</strong></span> <span class='ocrx_word' id='word_1_336' title='bbox 1903 2936 2002 2988; x_wconf 90' lang='lat' dir='ltr'><strong>ha-</strong></span> 
     </span>
    </p>
   </div>
   <div class='ocr_carea' id='block_1_49' title="bbox 443 3023 2076 3114">
    <p class='ocr_par' dir='ltr' id='par_1_49' title="bbox 443 3023 2076 3114">
     <span class='ocr_line' id='line_1_49' title="bbox 443 3023 2076 3114; baseline 0.001 -34"><span class='ocrx_word' id='word_1_337' title='bbox 443 3026 571 3080; x_wconf 86' lang='lat' dir='ltr'><strong>bere</strong></span> <span class='ocrx_word' id='word_1_338' title='bbox 605 3042 727 3080; x_wconf 92' lang='lat' dir='ltr'><strong>cum</strong></span> <span class='ocrx_word' id='word_1_339' title='bbox 767 3023 906 3080; x_wconf 86' lang='lat' dir='ltr'><strong>Filio</strong></span> <span class='ocrx_word' id='word_1_340' title='bbox 934 3035 1182 3080; x_wconf 88' lang='lat' dir='ltr'><strong>naturam</strong></span> <span class='ocrx_word' id='word_1_341' title='bbox 1234 3044 1300 3081; x_wconf 84' lang='lat' dir='ltr'><strong>ex</strong></span> <span class='ocrx_word' id='word_1_342' title='bbox 1342 3025 1750 3096; x_wconf 79' lang='lat' dir='ltr'><strong>operatidnibus</strong></span> <span class='ocrx_word' id='word_1_343' title='bbox 1782 3033 2003 3082; x_wconf 80' lang='lat' dir='ltr'><strong>demon-</strong></span> <span class='ocrx_word' id='word_1_344' title='bbox 2033 3055 2076 3114; x_wconf 76' lang='lat' dir='ltr'><strong>C</strong></span> 
     </span>
    </p>
   </div>
   <div class='ocr_carea' id='block_1_50' title="bbox 444 3118 2006 3188">
    <p class='ocr_par' dir='ltr' id='par_1_50' title="bbox 444 3118 2006 3188">
     <span class='ocr_line' id='line_1_50' title="bbox 444 3118 2006 3188; baseline 0.001 -17"><span class='ocrx_word' id='word_1_345' title='bbox 444 3125 673 3171; x_wconf 88' lang='lat' dir='ltr'><strong>stratum</strong></span> <span class='ocrx_word' id='word_1_346' title='bbox 707 3126 828 3172; x_wconf 88' lang='lat' dir='ltr'><strong>est:</strong></span> <span class='ocrx_word' id='word_1_347' title='bbox 865 3119 1140 3188; x_wconf 90' lang='lat' dir='ltr'><strong>colligitur</strong></span> <span class='ocrx_word' id='word_1_348' title='bbox 1163 3118 1285 3172; x_wconf 90' lang='lat' dir='ltr'><strong>inde</strong></span> <span class='ocrx_word' id='word_1_349' title='bbox 1320 3134 1484 3170; x_wconf 89' lang='lat' dir='ltr'><strong>unam</strong></span> <span class='ocrx_word' id='word_1_350' title='bbox 1537 3126 1740 3172; x_wconf 67' lang='lat' dir='ltr'><strong>sancta:</strong></span> <span class='ocrx_word' id='word_1_351' title='bbox 1769 3119 2006 3173; x_wconf 89' lang='lat' dir='ltr'><strong>Trinita-</strong></span> 
     </span>
    </p>
   </div>
   <div class='ocr_carea' id='block_1_51' title="bbox 446 3207 2004 3277">
    <p class='ocr_par' dir='ltr' id='par_1_51' title="bbox 446 3207 2004 3277">
     <span class='ocr_line' id='line_1_51' title="bbox 446 3207 2004 3277; baseline 0.003 -19"><span class='ocrx_word' id='word_1_352' title='bbox 446 3207 515 3261; x_wconf 90' lang='lat' dir='ltr'><strong>tis</strong></span> <span class='ocrx_word' id='word_1_353' title='bbox 543 3207 971 3261; x_wconf 88' lang='lat' dir='ltr'><strong>demonstratam</strong></span> <span class='ocrx_word' id='word_1_354' title='bbox 1006 3223 1127 3261; x_wconf 91' lang='lat' dir='ltr'><strong>esse</strong></span> <span class='ocrx_word' id='word_1_355' title='bbox 1165 3216 1412 3260; x_wconf 88' lang='lat' dir='ltr'><strong>naturam</strong></span> <span class='ocrx_word' id='word_1_356' title='bbox 1458 3207 1664 3276; x_wconf 85' lang='lat' dir='ltr'><strong>absque</strong></span> <span class='ocrx_word' id='word_1_357' title='bbox 1696 3209 2004 3277; x_wconf 85' lang='lat' dir='ltr'><strong>proprieta-</strong></span> 
     </span>
    </p>
   </div>
   <div class='ocr_carea' id='block_1_52' title="bbox 446 3296 2008 3367">
    <p class='ocr_par' dir='ltr' id='par_1_52' title="bbox 446 3296 2008 3367">
     <span class='ocr_line' id='line_1_52' title="bbox 446 3296 2008 3367; baseline 0.001 -17"><span class='ocrx_word' id='word_1_358' title='bbox 446 3304 559 3350; x_wconf 89' lang='lat' dir='ltr'><strong>tum</strong></span> <span class='ocrx_word' id='word_1_359' title='bbox 589 3296 930 3358; x_wconf 88' lang='lat' dir='ltr'><strong>confusione,</strong></span> <span class='ocrx_word' id='word_1_360' title='bbox 955 3312 1073 3365; x_wconf 68' lang='lat' dir='ltr'><strong>quae</strong></span> <span class='ocrx_word' id='word_1_361' title='bbox 1099 3298 1368 3366; x_wconf 76' lang='lat' dir='ltr'><strong>przecipue</strong></span> <span class='ocrx_word' id='word_1_362' title='bbox 1390 3297 1444 3350; x_wconf 93' lang='lat' dir='ltr'><strong>in</strong></span> <span class='ocrx_word' id='word_1_363' title='bbox 1476 3297 1704 3366; x_wconf 87' lang='lat' dir='ltr'><strong>singulis</strong></span> <span class='ocrx_word' id='word_1_364' title='bbox 1759 3309 2008 3367; x_wconf 77' lang='lat' dir='ltr'><strong>Spectan-</strong></span> 
     </span>
    </p>
   </div>
   <div class='ocr_carea' id='block_1_53' title="bbox 445 3384 2008 3454">
    <p class='ocr_par' dir='ltr' id='par_1_53' title="bbox 445 3384 2008 3454">
     <span class='ocr_line' id='line_1_53' title="bbox 445 3384 2008 3454; baseline 0.003 -16"><span class='ocrx_word' id='word_1_365' title='bbox 445 3393 537 3438; x_wconf 88' lang='lat' dir='ltr'><strong>tur</strong></span> <span class='ocrx_word' id='word_1_366' title='bbox 562 3385 828 3453; x_wconf 88' lang='lat' dir='ltr'><strong>personis,</strong></span> <span class='ocrx_word' id='word_1_367' title='bbox 857 3401 958 3438; x_wconf 85' lang='lat' dir='ltr'><strong>nec</strong></span> <span class='ocrx_word' id='word_1_368' title='bbox 1009 3385 1308 3438; x_wconf 89' lang='lat' dir='ltr'><strong>imnmtatis</strong></span> <span class='ocrx_word' id='word_1_369' title='bbox 1341 3384 1557 3439; x_wconf 88' lang='lat' dir='ltr'><strong>indiciis</strong></span> <span class='ocrx_word' id='word_1_370' title='bbox 1608 3385 1808 3454; x_wconf 90' lang='lat' dir='ltr'><strong>quibus</strong></span> <span class='ocrx_word' id='word_1_371' title='bbox 1865 3402 1892 3439; x_wconf 87' lang='lat' dir='ltr'><strong>a</strong></span> <span class='ocrx_word' id='word_1_372' title='bbox 1951 3403 2008 3442; x_wconf 87' lang='lat' dir='ltr'><strong>se</strong></span> 
     </span>
    </p>
   </div>
   <div class='ocr_carea' id='block_1_54' title="bbox 450 3472 2006 3542">
    <p class='ocr_par' dir='ltr' id='par_1_54' title="bbox 450 3472 2006 3542">
     <span class='ocr_line' id='line_1_54' title="bbox 450 3472 2006 3542; baseline 0.001 -16"><span class='ocrx_word' id='word_1_373' title='bbox 450 3474 680 3526; x_wconf 84' lang='lat' dir='ltr'><strong>invicem</strong></span> <span class='ocrx_word' id='word_1_374' title='bbox 709 3473 1116 3527; x_wconf 87' lang='lat' dir='ltr'><strong>discernuntur.</strong></span> <span class='ocrx_word' id='word_1_375' title='bbox 1147 3473 1280 3538; x_wconf 84' lang='lat' dir='ltr'><strong>Quis</strong></span> <span class='ocrx_word' id='word_1_376' title='bbox 1313 3473 1475 3542; x_wconf 83' lang='lat' dir='ltr'><strong>igitur</strong></span> <span class='ocrx_word' id='word_1_377' title='bbox 1511 3472 1664 3525; x_wconf 88' lang='lat' dir='ltr'><strong>furor</strong></span> <span class='ocrx_word' id='word_1_378' title='bbox 1692 3483 2006 3541; x_wconf 86' lang='lat' dir='ltr'><strong>esteorum,</strong></span> 
     </span>
    </p>
   </div>
   <div class='ocr_carea' id='block_1_55' title="bbox 445 3560 2007 3632">
    <p class='ocr_par' dir='ltr' id='par_1_55' title="bbox 445 3560 2007 3632">
     <span class='ocr_line' id='line_1_55' title="bbox 445 3560 2007 3632; baseline 0.004 -18"><span class='ocrx_word' id='word_1_379' title='bbox 445 3563 538 3632; x_wconf 88' lang='lat' dir='ltr'><strong>qui</strong></span> <span class='ocrx_word' id='word_1_380' title='bbox 562 3560 824 3632; x_wconf 91' lang='lat' dir='ltr'><strong>Spiritum</strong></span> <span class='ocrx_word' id='word_1_381' title='bbox 856 3570 1102 3617; x_wconf 92' lang='lat' dir='ltr'><strong>sanctum</strong></span> <span class='ocrx_word' id='word_1_382' title='bbox 1125 3572 1458 3632; x_wconf 81' lang='lat' dir='ltr'><strong>oppugnant,</strong></span> <span class='ocrx_word' id='word_1_383' title='bbox 1483 3566 1688 3618; x_wconf 84' lang='lat' dir='ltr'><strong>servire</strong></span> <span class='ocrx_word' id='word_1_384' title='bbox 1723 3564 2007 3620; x_wconf 89' lang='lat' dir='ltr'><strong>Dominum</strong></span> 
     </span>
    </p>
   </div>
   <div class='ocr_carea' id='block_1_56' title="bbox 445 3654 2008 3724">
    <p class='ocr_par' dir='ltr' id='par_1_56' title="bbox 445 3654 2008 3724">
     <span class='ocr_line' id='line_1_56' title="bbox 445 3654 2008 3724; baseline 0.002 -16"><span class='ocrx_word' id='word_1_385' title='bbox 445 3654 774 3708; x_wconf 86' lang='lat' dir='ltr'><strong>tradentium</strong></span> <span class='ocrx_word' id='word_1_386' title='bbox 799 3655 822 3707; x_wconf 74' lang='grc' dir='ltr'><em>ἳ</em></span> <span class='ocrx_word' id='word_1_387' title='bbox 850 3655 1048 3723; x_wconf 84' lang='lat' dir='ltr'><strong>quibus</strong></span> <span class='ocrx_word' id='word_1_388' title='bbox 1084 3669 1148 3707; x_wconf 90' lang='lat' dir='ltr'><strong>ne</strong></span> <span class='ocrx_word' id='word_1_389' title='bbox 1176 3654 1376 3709; x_wconf 89' lang='lat' dir='ltr'><strong>Paulus</strong></span> <span class='ocrx_word' id='word_1_390' title='bbox 1427 3655 1666 3724; x_wconf 85' lang='lat' dir='ltr'><strong>quidem,</strong></span> <span class='ocrx_word' id='word_1_391' title='bbox 1721 3659 1810 3710; x_wconf 90' lang='lat' dir='ltr'><strong>cui</strong></span> <span class='ocrx_word' id='word_1_392' title='bbox 1853 3659 2008 3711; x_wconf 82' lang='lat' dir='ltr'><strong>fidem</strong></span> 
     </span>
    </p>
   </div>
   <div class='ocr_carea' id='block_1_57' title="bbox 451 3744 2009 3814">
    <p class='ocr_par' dir='ltr' id='par_1_57' title="bbox 451 3744 2009 3814">
     <span class='ocr_line' id='line_1_57' title="bbox 451 3744 2009 3814; baseline 0.003 -18"><span class='ocrx_word' id='word_1_393' title='bbox 451 3744 709 3804; x_wconf 82' lang='lat' dir='ltr'><strong>habeant.</strong></span> <span class='ocrx_word' id='word_1_394' title='bbox 737 3745 870 3798; x_wconf 85' lang='lat' dir='ltr'><strong>satis</strong></span> <span class='ocrx_word' id='word_1_395' title='bbox 902 3744 1132 3798; x_wconf 90' lang='lat' dir='ltr'><strong>idoneus</strong></span> <span class='ocrx_word' id='word_1_396' title='bbox 1165 3746 1316 3798; x_wconf 91' lang='lat' dir='ltr'><strong>testis</strong></span> <span class='ocrx_word' id='word_1_397' title='bbox 1347 3751 1450 3806; x_wconf 88' lang='lat' dir='ltr'><strong>est,</strong></span> <span class='ocrx_word' id='word_1_398' title='bbox 1484 3747 1574 3814; x_wconf 93' lang='lat' dir='ltr'><strong>qui</strong></span> <span class='ocrx_word' id='word_1_399' title='bbox 1605 3746 1717 3799; x_wconf 90' lang='lat' dir='ltr'><strong>ait:</strong></span> <span class='ocrx_word' id='word_1_400' title='bbox 1757 3747 2009 3800; x_wconf 78' lang='lat' dir='ltr'><strong>Dominus</strong></span> 
     </span>
    </p>
   </div>
   <div class='ocr_carea' id='block_1_58' title="bbox 449 3833 2012 3901">
    <p class='ocr_par' dir='ltr' id='par_1_58' title="bbox 449 3833 2012 3901">
     <span class='ocr_line' id='line_1_58' title="bbox 449 3833 2012 3901; baseline 0.003 -18"><span class='ocrx_word' id='word_1_401' title='bbox 449 3841 624 3885; x_wconf 85' lang='lat' dir='ltr'><strong>autem</strong></span> <span class='ocrx_word' id='word_1_402' title='bbox 671 3833 903 3896; x_wconf 80' lang='lat' dir='ltr'><strong>Spiritus</strong></span> <span class='ocrx_word' id='word_1_403' title='bbox 942 3834 1112 3885; x_wconf 72' lang='lat' dir='ltr'><strong>est&quot;.</strong></span> <span class='ocrx_word' id='word_1_404' title='bbox 1177 3834 1259 3886; x_wconf 86' lang='lat' dir='ltr'><strong>An</strong></span> <span class='ocrx_word' id='word_1_405' title='bbox 1299 3833 1525 3887; x_wconf 87' lang='lat' dir='ltr'><strong>forsitan</strong></span> <span class='ocrx_word' id='word_1_406' title='bbox 1553 3833 1865 3901; x_wconf 89' lang='lat' dir='ltr'><strong>dictionem,</strong></span> <span class='ocrx_word' id='word_1_407' title='bbox 1900 3838 2012 3888; x_wconf 83' lang='lat' dir='ltr'><strong>Ad-</strong></span> 
     </span>
    </p>
   </div>
   <div class='ocr_carea' id='block_1_59' title="bbox 449 3921 2012 3990">
    <p class='ocr_par' dir='ltr' id='par_1_59' title="bbox 449 3921 2012 3990">
     <span class='ocr_line' id='line_1_59' title="bbox 449 3921 2012 3990; baseline 0.004 -16"><span class='ocrx_word' id='word_1_408' title='bbox 449 3922 645 3981; x_wconf 76' lang='lat' dir='ltr'><strong>veuiat.</strong></span> <span class='ocrx_word' id='word_1_409' title='bbox 673 3924 777 3973; x_wconf 86' lang='lat' dir='ltr'><strong>vim</strong></span> <span class='ocrx_word' id='word_1_410' title='bbox 819 3921 1039 3974; x_wconf 85' lang='lat' dir='ltr'><strong>tollendi</strong></span> <span class='ocrx_word' id='word_1_411' title='bbox 1074 3921 1392 3990; x_wconf 84' lang='lat' dir='ltr'><strong>dignitatem</strong></span> <span class='ocrx_word' id='word_1_412' title='bbox 1428 3924 1628 3979; x_wconf 90' lang='lat' dir='ltr'><strong>habere</strong></span> <span class='ocrx_word' id='word_1_413' title='bbox 1657 3928 2012 3981; x_wconf 80' lang='lat' dir='ltr'><strong>existimant?</strong></span> 
     </span>
    </p>
   </div>
   <div class='ocr_carea' id='block_1_60' title="bbox 449 4009 2009 4078">
    <p class='ocr_par' dir='ltr' id='par_1_60' title="bbox 449 4009 2009 4078">
     <span class='ocr_line' id='line_1_60' title="bbox 449 4009 2009 4078; baseline 0.004 -16"><span class='ocrx_word' id='word_1_414' title='bbox 449 4018 504 4062; x_wconf 90' lang='lat' dir='ltr'><strong>et</strong></span> <span class='ocrx_word' id='word_1_415' title='bbox 534 4025 640 4063; x_wconf 93' lang='lat' dir='ltr'><strong>non</strong></span> <span class='ocrx_word' id='word_1_416' title='bbox 669 4009 894 4063; x_wconf 85' lang='lat' dir='ltr'><strong>audiunt</strong></span> <span class='ocrx_word' id='word_1_417' title='bbox 926 4027 1176 4078; x_wconf 79' lang='lat' dir='ltr'><strong>magnum</strong></span> <span class='ocrx_word' id='word_1_418' title='bbox 1211 4011 1462 4066; x_wconf 83' lang='lat' dir='ltr'><strong>Davidem</strong></span> <span class='ocrx_word' id='word_1_419' title='bbox 1490 4016 1652 4068; x_wconf 90' lang='lat' dir='ltr'><strong>etiam</strong></span> <span class='ocrx_word' id='word_1_420' title='bbox 1687 4013 1904 4070; x_wconf 90' lang='lat' dir='ltr'><strong>Patrem</strong></span> <span class='ocrx_word' id='word_1_421' title='bbox 1943 4015 2009 4069; x_wconf 88' lang='lat' dir='ltr'><strong>ad</strong></span> 
     </span>
    </p>
   </div>
   <div class='ocr_carea' id='block_1_61' title="bbox 452 4103 2012 4175">
    <p class='ocr_par' dir='ltr' id='par_1_61' title="bbox 452 4103 2012 4175">
     <span class='ocr_line' id='line_1_61' title="bbox 452 4103 2012 4175; baseline 0.004 -19"><span class='ocrx_word' id='word_1_422' title='bbox 452 4117 512 4156; x_wconf 87' lang='lat' dir='ltr'><strong>se</strong></span> <span class='ocrx_word' id='word_1_423' title='bbox 541 4103 839 4157; x_wconf 84' lang='lat' dir='ltr'><strong>trahentem</strong></span> <span class='ocrx_word' id='word_1_424' title='bbox 867 4122 880 4158; x_wconf 91' lang='lat'><strong>:</strong></span> <span class='ocrx_word' id='word_1_425' title='bbox 910 4112 983 4166; x_wconf 88' lang='lat' dir='ltr'><strong>et,</strong></span> <span class='ocrx_word' id='word_1_426' title='bbox 1027 4103 1154 4156; x_wconf 80' lang='lat' dir='ltr'><strong>Veni</strong></span> <span class='ocrx_word' id='word_1_427' title='bbox 1181 4105 1248 4156; x_wconf 84' lang='lat' dir='ltr'><strong>ad</strong></span> <span class='ocrx_word' id='word_1_428' title='bbox 1293 4107 1603 4160; x_wconf 77' lang='lat' dir='ltr'><strong>servandum</strong></span> <span class='ocrx_word' id='word_1_429' title='bbox 1627 4125 1744 4175; x_wconf 79' lang='lat' dir='ltr'><strong>nos,</strong></span> <span class='ocrx_word' id='word_1_430' title='bbox 1773 4110 2012 4162; x_wconf 85' lang='lat' dir='ltr'><strong>claman-</strong></span> 
     </span>
    </p>
   </div>
   <div class='ocr_carea' id='block_1_62' title="bbox 451 4192 2010 4268">
    <p class='ocr_par' dir='ltr' id='par_1_62' title="bbox 451 4192 2010 4268">
     <span class='ocr_line' id='line_1_62' title="bbox 451 4192 2010 4268; baseline 0.003 -21"><span class='ocrx_word' id='word_1_431' title='bbox 451 4193 598 4247; x_wconf 86' lang='lat' dir='ltr'><strong>tem?</strong></span> <span class='ocrx_word' id='word_1_432' title='bbox 631 4192 686 4245; x_wconf 89' lang='lat' dir='ltr'><strong>Si</strong></span> <span class='ocrx_word' id='word_1_433' title='bbox 725 4194 889 4262; x_wconf 85' lang='lat' dir='ltr'><strong>igitur</strong></span> <span class='ocrx_word' id='word_1_434' title='bbox 927 4195 978 4246; x_wconf 91' lang='lat' dir='ltr'><strong>in</strong></span> <span class='ocrx_word' id='word_1_435' title='bbox 1011 4193 1168 4248; x_wconf 85' lang='lat' dir='ltr'><strong>Patre</strong></span> <span class='ocrx_word' id='word_1_436' title='bbox 1200 4197 1385 4250; x_wconf 88' lang='lat' dir='ltr'><strong>venire</strong></span> <span class='ocrx_word' id='word_1_437' title='bbox 1444 4197 1682 4252; x_wconf 88' lang='lat' dir='ltr'><strong>salutare</strong></span> <span class='ocrx_word' id='word_1_438' title='bbox 1713 4205 1825 4262; x_wconf 86' lang='lat' dir='ltr'><strong>est,</strong></span> <span class='ocrx_word' id='word_1_439' title='bbox 1872 4215 2010 4268; x_wconf 87' lang='lat' dir='ltr'><strong>quo-</strong></span> 
     </span>
    </p>
   </div>
   <div class='ocr_carea' id='block_1_63' title="bbox 453 4283 2012 4353">
    <p class='ocr_par' dir='ltr' id='par_1_63' title="bbox 453 4283 2012 4353">
     <span class='ocr_line' id='line_1_63' title="bbox 453 4283 2012 4353; baseline 0.003 -18"><span class='ocrx_word' id='word_1_440' title='bbox 453 4283 614 4336; x_wconf 91' lang='lat' dir='ltr'><strong>modo</strong></span> <span class='ocrx_word' id='word_1_441' title='bbox 641 4283 693 4336; x_wconf 94' lang='lat' dir='ltr'><strong>in</strong></span> <span class='ocrx_word' id='word_1_442' title='bbox 727 4283 929 4353; x_wconf 87' lang='lat' dir='ltr'><strong>Spiritu</strong></span> <span class='ocrx_word' id='word_1_443' title='bbox 969 4283 1155 4338; x_wconf 85' lang='lat' dir='ltr'><strong>venire</strong></span> <span class='ocrx_word' id='word_1_444' title='bbox 1204 4286 1528 4352; x_wconf 89' lang='lat' dir='ltr'><strong>probrosum</strong></span> <span class='ocrx_word' id='word_1_445' title='bbox 1563 4294 1616 4339; x_wconf 92' lang='lat' dir='ltr'><strong>et</strong></span> <span class='ocrx_word' id='word_1_446' title='bbox 1657 4287 2012 4340; x_wconf 86' lang='lat' dir='ltr'><strong>contumelio-</strong></span> 
     </span>
    </p>
   </div>
   <div class='ocr_carea' id='block_1_64' title="bbox 2182 2028 3668 2100">
    <p class='ocr_par' dir='ltr' id='par_1_64' title="bbox 2182 2028 3668 2100">
     <span class='ocr_line' id='line_1_64' title="bbox 2182 2028 3668 2100; baseline 0.001 -16"><span class='ocrx_word' id='word_1_447' title='bbox 2182 2030 2343 2085; x_wconf 81' lang='grc' dir='ltr'>Ἀλλὰ</span> <span class='ocrx_word' id='word_1_448' title='bbox 2377 2030 2474 2082; x_wconf 89' lang='grc' dir='ltr'><strong>νῦν</strong></span> <span class='ocrx_word' id='word_1_449' title='bbox 2511 2028 2981 2100; x_wconf 86' lang='grc' dir='ltr'>προαποδέδεικται</span> <span class='ocrx_word' id='word_1_450' title='bbox 3021 2032 3138 2092; x_wconf 82' lang='grc' dir='ltr'>ταῖς</span> <span class='ocrx_word' id='word_1_451' title='bbox 3164 2029 3272 2081; x_wconf 80' lang='grc' dir='ltr'><strong>τῶν</strong></span> <span class='ocrx_word' id='word_1_452' title='bbox 3307 2031 3556 2083; x_wconf 70' lang='grc' dir='ltr'>εὐσεϐῶν</span> <span class='ocrx_word' id='word_1_453' title='bbox 3581 2034 3668 2086; x_wconf 67' lang='grc' dir='ltr'>δεῖ-</span> 
     </span>
    </p>
   </div>
   <div class='ocr_carea' id='block_1_65' title="bbox 2103 2119 3668 2194">
    <p class='ocr_par' dir='ltr' id='par_1_65' title="bbox 2103 2119 3668 2194">
     <span class='ocr_line' id='line_1_65' title="bbox 2103 2119 3668 2194; baseline 0 -20"><span class='ocrx_word' id='word_1_454' title='bbox 2103 2119 2239 2189; x_wconf 81' lang='grc' dir='ltr'>ξαις,</span> <span class='ocrx_word' id='word_1_455' title='bbox 2255 2120 2353 2192; x_wconf 81' lang='grc' dir='ltr'>τὴν</span> <span class='ocrx_word' id='word_1_456' title='bbox 2369 2119 2534 2189; x_wconf 83' lang='grc' dir='ltr'>αὐτὴν</span> <span class='ocrx_word' id='word_1_457' title='bbox 2562 2121 2653 2172; x_wconf 75' lang='grc' dir='ltr'>ἐπὶ</span> <span class='ocrx_word' id='word_1_458' title='bbox 2681 2120 2894 2192; x_wconf 84' lang='grc' dir='ltr'>Πατρὸς</span> <span class='ocrx_word' id='word_1_459' title='bbox 2927 2121 3018 2172; x_wconf 82' lang='grc' dir='ltr'>καὶ</span> <span class='ocrx_word' id='word_1_460' title='bbox 3041 2120 3171 2174; x_wconf 84' lang='grc' dir='ltr'>Υἱοῦ</span> <span class='ocrx_word' id='word_1_461' title='bbox 3197 2121 3357 2188; x_wconf 76' lang='grc' dir='ltr'>φύσιν</span> <span class='ocrx_word' id='word_1_462' title='bbox 3393 2121 3559 2185; x_wconf 77' lang='grc' dir='ltr'>εἷναι,</span> <span class='ocrx_word' id='word_1_463' title='bbox 3596 2127 3668 2194; x_wconf 74' lang='grc' dir='ltr'>μὴ</span> 
     </span>
    </p>
   </div>
   <div class='ocr_carea' id='block_1_66' title="bbox 2101 2205 3669 2282">
    <p class='ocr_par' dir='ltr' id='par_1_66' title="bbox 2101 2205 3669 2282">
     <span class='ocr_line' id='line_1_66' title="bbox 2101 2205 3669 2282; baseline 0.003 -20"><span class='ocrx_word' id='word_1_464' title='bbox 2101 2205 2240 2262; x_wconf 82' lang='grc' dir='ltr'>εἶναι</span> <span class='ocrx_word' id='word_1_465' title='bbox 2260 2207 2479 2261; x_wconf 78' lang='grc' dir='ltr'>δυνατὸν</span> <span class='ocrx_word' id='word_1_466' title='bbox 2508 2207 2575 2260; x_wconf 78' lang='grc' dir='ltr'><strong>τὰ</strong></span> <span class='ocrx_word' id='word_1_467' title='bbox 2601 2209 2885 2279; x_wconf 86' lang='grc' dir='ltr'>ἐτερογενῆ</span> <span class='ocrx_word' id='word_1_468' title='bbox 2912 2211 2977 2279; x_wconf 81' lang='grc' dir='ltr'><strong>τῇ</strong></span> <span class='ocrx_word' id='word_1_469' title='bbox 3013 2211 3105 2262; x_wconf 87' lang='grc' dir='ltr'><strong>τοῦ</strong></span> <span class='ocrx_word' id='word_1_470' title='bbox 3145 2210 3279 2263; x_wconf 88' lang='grc' dir='ltr'>Θεοῦ</span> <span class='ocrx_word' id='word_1_471' title='bbox 3310 2212 3503 2282; x_wconf 87' lang='grc' dir='ltr'>κλήσει</span> <span class='ocrx_word' id='word_1_472' title='bbox 3536 2233 3669 2268; x_wconf 86' lang='grc' dir='ltr'>κατ-</span> 
     </span>
    </p>
   </div>
   <div class='ocr_carea' id='block_1_67' title="bbox 2102 2297 3666 2370">
    <p class='ocr_par' dir='ltr' id='par_1_67' title="bbox 2102 2297 3666 2370">
     <span class='ocr_line' id='line_1_67' title="bbox 2102 2297 3666 2370; baseline 0.003 -18"><span class='ocrx_word' id='word_1_473' title='bbox 2102 2299 2484 2368; x_wconf 79' lang='grc' dir='ltr'>ονομάξεσθαι·</span> <span class='ocrx_word' id='word_1_474' title='bbox 2523 2297 2598 2362; x_wconf 77' lang='grc' dir='ltr'>ιῖις</span> <span class='ocrx_word' id='word_1_475' title='bbox 2628 2299 2687 2351; x_wconf 85' lang='grc' dir='ltr'>οὑ</span> <span class='ocrx_word' id='word_1_476' title='bbox 2727 2299 2936 2368; x_wconf 83' lang='grc' dir='ltr'>λέγεται</span> <span class='ocrx_word' id='word_1_477' title='bbox 2991 2299 3188 2370; x_wconf 83' lang='grc' dir='ltr'>βάθρον</span> <span class='ocrx_word' id='word_1_478' title='bbox 3223 2303 3338 2364; x_wconf 78' lang='grc' dir='ltr'>υἱὸς</span> <span class='ocrx_word' id='word_1_479' title='bbox 3393 2305 3666 2368; x_wconf 79' lang='grc' dir='ltr'>τέκτονος,</span> 
     </span>
    </p>
   </div>
   <div class='ocr_carea' id='block_1_68' title="bbox 2108 2390 3669 2463">
    <p class='ocr_par' dir='ltr' id='par_1_68' title="bbox 2108 2390 3669 2463">
     <span class='ocr_line' id='line_1_68' title="bbox 2108 2390 3669 2463; baseline 0.004 -21"><span class='ocrx_word' id='word_1_480' title='bbox 2108 2390 2230 2460; x_wconf 79' lang='grc' dir='ltr'>μηδ’</span> <span class='ocrx_word' id='word_1_481' title='bbox 2274 2393 2339 2444; x_wconf 80' lang='grc' dir='ltr'>ἄν</span> <span class='ocrx_word' id='word_1_482' title='bbox 2373 2408 2456 2453; x_wconf 86' lang='grc' dir='ltr'><strong>τις</strong></span> <span class='ocrx_word' id='word_1_483' title='bbox 2491 2391 2630 2444; x_wconf 80' lang='grc' dir='ltr'>εἴποι</span> <span class='ocrx_word' id='word_1_484' title='bbox 2663 2392 2770 2445; x_wconf 86' lang='grc' dir='ltr'><strong>τῶν</strong></span> <span class='ocrx_word' id='word_1_485' title='bbox 2823 2391 3225 2462; x_wconf 71' lang='grc' dir='ltr'>εὺφρονοὺντων</span> <span class='ocrx_word' id='word_1_486' title='bbox 3259 2397 3344 2448; x_wconf 80' lang='grc' dir='ltr'>ὅτι</span> <span class='ocrx_word' id='word_1_487' title='bbox 3388 2395 3669 2463; x_wconf 44' lang='grc' dir='ltr'>οἰκοδόμος</span> 
     </span>
    </p>
   </div>
   <div class='ocr_carea' id='block_1_69' title="bbox 2103 2481 3666 2556">
    <p class='ocr_par' dir='ltr' id='par_1_69' title="bbox 2103 2481 3666 2556">
     <span class='ocr_line' id='line_1_69' title="bbox 2103 2481 3666 2556; baseline 0.004 -24"><span class='ocrx_word' id='word_1_488' title='bbox 2103 2481 2216 2532; x_wconf 79' lang='grc' dir='ltr'>υἱὸν</span> <span class='ocrx_word' id='word_1_489' title='bbox 2275 2481 2738 2546; x_wconf 86' lang='grc' dir='ltr'>κατεσκευάσατο,</span> <span class='ocrx_word' id='word_1_490' title='bbox 2785 2483 2921 2538; x_wconf 84' lang='grc' dir='ltr'>ἀλλὰ</span> <span class='ocrx_word' id='word_1_491' title='bbox 2971 2488 3037 2556; x_wconf 80' lang='grc' dir='ltr'>τῇ</span> <span class='ocrx_word' id='word_1_492' title='bbox 3097 2483 3192 2536; x_wconf 88' lang='grc' dir='ltr'><strong>τοῦ</strong></span> <span class='ocrx_word' id='word_1_493' title='bbox 3257 2483 3378 2535; x_wconf 78' lang='grc' dir='ltr'>υἱοῦ</span> <span class='ocrx_word' id='word_1_494' title='bbox 3433 2485 3529 2536; x_wconf 80' lang='grc' dir='ltr'>καὶ</span> <span class='ocrx_word' id='word_1_495' title='bbox 3574 2485 3666 2538; x_wconf 78' lang='grc' dir='ltr'><strong>τοῦ</strong></span> 
     </span>
    </p>
   </div>
   <div class='ocr_carea' id='block_1_70' title="bbox 2106 2567 3668 2643">
    <p class='ocr_par' dir='ltr' id='par_1_70' title="bbox 2106 2567 3668 2643">
     <span class='ocr_line' id='line_1_70' title="bbox 2106 2567 3668 2643; baseline 0.002 -21"><span class='ocrx_word' id='word_1_496' title='bbox 2106 2569 2313 2639; x_wconf 80' lang='grc' dir='ltr'>πατρὸς</span> <span class='ocrx_word' id='word_1_497' title='bbox 2373 2569 2714 2641; x_wconf 74' lang='grc' dir='ltr'>προσηγορίᾳ</span> <span class='ocrx_word' id='word_1_498' title='bbox 2779 2567 2840 2622; x_wconf 88' lang='grc' dir='ltr'>τὸ</span> <span class='ocrx_word' id='word_1_499' title='bbox 2892 2571 3036 2626; x_wconf 84' lang='grc' dir='ltr'>κατὰ</span> <span class='ocrx_word' id='word_1_500' title='bbox 3076 2569 3174 2639; x_wconf 72' lang='grc' dir='ltr'>τὴν</span> <span class='ocrx_word' id='word_1_501' title='bbox 3202 2569 3362 2638; x_wconf 78' lang='grc' dir='ltr'>φύσιν</span> <span class='ocrx_word' id='word_1_502' title='bbox 3394 2575 3668 2643; x_wconf 74' lang='grc' dir='ltr'>συνημμέ-</span> 
     </span>
    </p>
   </div>
   <div class='ocr_carea' id='block_1_71' title="bbox 2105 2656 3668 2732">
    <p class='ocr_par' dir='ltr' id='par_1_71' title="bbox 2105 2656 3668 2732">
     <span class='ocr_line' id='line_1_71' title="bbox 2105 2656 3668 2732; baseline 0.004 -22"><span class='ocrx_word' id='word_1_503' title='bbox 2105 2675 2193 2710; x_wconf 90' lang='grc' dir='ltr'><strong>νον</strong></span> <span class='ocrx_word' id='word_1_504' title='bbox 2223 2656 2638 2727; x_wconf 80' lang='grc' dir='ltr'>ἐπισημαίνεται</span> <span class='ocrx_word' id='word_1_505' title='bbox 2657 2673 2671 2689; x_wconf 77' lang='grc' dir='ltr'><strong><em>ο</em></strong></span> <span class='ocrx_word' id='word_1_506' title='bbox 2702 2657 2910 2728; x_wconf 82' lang='grc' dir='ltr'>ἀνάγκη</span> <span class='ocrx_word' id='word_1_507' title='bbox 2942 2659 3112 2719; x_wconf 77' lang='grc' dir='ltr'>πᾶσα,</span> <span class='ocrx_word' id='word_1_508' title='bbox 3140 2660 3267 2712; x_wconf 85' lang='grc' dir='ltr'>ὅταν</span> <span class='ocrx_word' id='word_1_509' title='bbox 3304 2660 3377 2712; x_wconf 83' lang='grc' dir='ltr'><strong>τά</strong></span> <span class='ocrx_word' id='word_1_510' title='bbox 3413 2662 3507 2714; x_wconf 82' lang='grc' dir='ltr'>δύο</span> <span class='ocrx_word' id='word_1_511' title='bbox 3535 2665 3668 2732; x_wconf 77' lang='grc' dir='ltr'>πρὸς</span> 
     </span>
    </p>
   </div>
   <div class='ocr_carea' id='block_1_72' title="bbox 2105 2746 3667 2822">
    <p class='ocr_par' dir='ltr' id='par_1_72' title="bbox 2105 2746 3667 2822">
     <span class='ocr_line' id='line_1_72' title="bbox 2105 2746 3667 2822; baseline 0.003 -22"><span class='ocrx_word' id='word_1_512' title='bbox 2105 2747 2165 2800; x_wconf 84' lang='grc' dir='ltr'>τὸ</span> <span class='ocrx_word' id='word_1_513' title='bbox 2203 2747 2261 2800; x_wconf 81' lang='grc' dir='ltr'>ἓν</span> <span class='ocrx_word' id='word_1_514' title='bbox 2289 2748 2500 2810; x_wconf 82' lang='grc' dir='ltr'>οἰκείως</span> <span class='ocrx_word' id='word_1_515' title='bbox 2528 2746 2644 2818; x_wconf 70' lang='grc' dir='ltr'><strong>ἔχῃ,</strong></span> <span class='ocrx_word' id='word_1_516' title='bbox 2677 2747 2772 2799; x_wconf 75' lang='grc' dir='ltr'>καὶ</span> <span class='ocrx_word' id='word_1_517' title='bbox 2807 2747 2939 2817; x_wconf 77' lang='grc' dir='ltr'>μηδὲ</span> <span class='ocrx_word' id='word_1_518' title='bbox 2982 2748 3117 2818; x_wconf 81' lang='grc' dir='ltr'>πρὸς</span> <span class='ocrx_word' id='word_1_519' title='bbox 3157 2749 3362 2818; x_wconf 75' lang='grc' dir='ltr'>ἄλληλα</span> <span class='ocrx_word' id='word_1_520' title='bbox 3399 2752 3667 2822; x_wconf 60' lang='grc' dir='ltr'>διαφόρως</span> 
     </span>
    </p>
   </div>
   <div class='ocr_carea' id='block_1_73' title="bbox 2105 2836 3668 2912">
    <p class='ocr_par' dir='ltr' id='par_1_73' title="bbox 2105 2836 3668 2912">
     <span class='ocr_line' id='line_1_73' title="bbox 2105 2836 3668 2912; baseline 0.001 -21"><span class='ocrx_word' id='word_1_521' title='bbox 2105 2838 2236 2908; x_wconf 78' lang='grc' dir='ltr'>ἔχει,</span> <span class='ocrx_word' id='word_1_522' title='bbox 2262 2837 2336 2906; x_wconf 84' lang='grc' dir='ltr'><strong>τῷ</strong></span> <span class='ocrx_word' id='word_1_523' title='bbox 2375 2837 2549 2907; x_wconf 73' lang='grc' dir='ltr'>Πατρὶ</span> <span class='ocrx_word' id='word_1_524' title='bbox 2583 2836 2726 2890; x_wconf 83' lang='grc' dir='ltr'>κατὰ</span> <span class='ocrx_word' id='word_1_525' title='bbox 2759 2837 2856 2906; x_wconf 79' lang='grc' dir='ltr'>τὴν</span> <span class='ocrx_word' id='word_1_526' title='bbox 2889 2837 3046 2903; x_wconf 74' lang='grc' dir='ltr'>φύσιν</span> <span class='ocrx_word' id='word_1_527' title='bbox 3082 2840 3109 2890; x_wconf 87' lang='grc' dir='ltr'>ὁ</span> <span class='ocrx_word' id='word_1_528' title='bbox 3151 2838 3278 2902; x_wconf 81' lang='grc' dir='ltr'><strong>Υἱὸς</strong></span> <span class='ocrx_word' id='word_1_529' title='bbox 3302 2841 3540 2909; x_wconf 76' lang='grc' dir='ltr'>ἥνωται·</span> <span class='ocrx_word' id='word_1_530' title='bbox 3575 2847 3668 2912; x_wconf 73' lang='grc' dir='ltr'>τῆς</span> 
     </span>
    </p>
   </div>
   <div class='ocr_carea' id='block_1_74' title="bbox 2104 2926 3670 3002">
    <p class='ocr_par' dir='ltr' id='par_1_74' title="bbox 2104 2926 3670 3002">
     <span class='ocr_line' id='line_1_74' title="bbox 2104 2926 3670 3002; baseline 0.003 -20"><span class='ocrx_word' id='word_1_531' title='bbox 2104 2931 2160 2983; x_wconf 80' lang='grc' dir='ltr'>δὲ</span> <span class='ocrx_word' id='word_1_532' title='bbox 2191 2929 2283 2982; x_wconf 86' lang='grc' dir='ltr'><strong>τοῦ</strong></span> <span class='ocrx_word' id='word_1_533' title='bbox 2319 2927 2446 2981; x_wconf 84' lang='grc' dir='ltr'>Υἱοῦ</span> <span class='ocrx_word' id='word_1_534' title='bbox 2495 2926 2706 2996; x_wconf 81' lang='grc' dir='ltr'>φύσεως</span> <span class='ocrx_word' id='word_1_535' title='bbox 2740 2927 2826 2980; x_wconf 78' lang='grc' dir='ltr'><strong>διὰ</strong></span> <span class='ocrx_word' id='word_1_536' title='bbox 2865 2927 2970 2979; x_wconf 80' lang='grc' dir='ltr'><strong>τῶν</strong></span> <span class='ocrx_word' id='word_1_537' title='bbox 3005 2930 3294 2998; x_wconf 78' lang='grc' dir='ltr'>ἐνεργειῶν</span> <span class='ocrx_word' id='word_1_538' title='bbox 3346 2934 3670 3002; x_wconf 76' lang='grc' dir='ltr'>ταυτότητος</span> 
     </span>
    </p>
   </div>
   <div class='ocr_carea' id='block_1_75' title="bbox 2105 3018 3670 3091">
    <p class='ocr_par' dir='ltr' id='par_1_75' title="bbox 2105 3018 3670 3091">
     <span class='ocr_line' id='line_1_75' title="bbox 2105 3018 3670 3091; baseline 0.002 -19"><span class='ocrx_word' id='word_1_539' title='bbox 2105 3021 2204 3073; x_wconf 70' lang='grc' dir='ltr'>οὐκ</span> <span class='ocrx_word' id='word_1_540' title='bbox 2241 3019 2515 3090; x_wconf 85' lang='grc' dir='ltr'>ἀλλότριον</span> <span class='ocrx_word' id='word_1_541' title='bbox 2565 3018 2852 3086; x_wconf 82' lang='grc' dir='ltr'>ἀπεδείχθη</span> <span class='ocrx_word' id='word_1_542' title='bbox 2886 3019 2946 3070; x_wconf 89' lang='grc' dir='ltr'>τὸ</span> <span class='ocrx_word' id='word_1_543' title='bbox 2983 3018 3205 3089; x_wconf 81' lang='grc' dir='ltr'>Πνεῦμα</span> <span class='ocrx_word' id='word_1_544' title='bbox 3237 3020 3298 3073; x_wconf 84' lang='grc' dir='ltr'>τὸ</span> <span class='ocrx_word' id='word_1_545' title='bbox 3348 3023 3538 3089; x_wconf 73' lang='grc' dir='ltr'>ἅγιον·</span> <span class='ocrx_word' id='word_1_546' title='bbox 3576 3025 3670 3091; x_wconf 81' lang='grc' dir='ltr'><strong>μία</strong></span> 
     </span>
    </p>
   </div>
   <div class='ocr_carea' id='block_1_76' title="bbox 2108 3109 3671 3183">
    <p class='ocr_par' dir='ltr' id='par_1_76' title="bbox 2108 3109 3671 3183">
     <span class='ocr_line' id='line_1_76' title="bbox 2108 3109 3671 3183; baseline 0.002 -19"><span class='ocrx_word' id='word_1_547' title='bbox 2108 3113 2246 3165; x_wconf 86' lang='grc' dir='ltr'>κατὰ</span> <span class='ocrx_word' id='word_1_548' title='bbox 2281 3113 2341 3183; x_wconf 80' lang='grc' dir='ltr'>τὸ</span> <span class='ocrx_word' id='word_1_549' title='bbox 2389 3109 2678 3164; x_wconf 84' lang='grc' dir='ltr'>ἀκόλουθον</span> <span class='ocrx_word' id='word_1_550' title='bbox 2710 3110 3079 3164; x_wconf 82' lang='grc' dir='ltr'>ἀποδέδεικται</span> <span class='ocrx_word' id='word_1_551' title='bbox 3115 3111 3214 3180; x_wconf 85' lang='grc' dir='ltr'>τῆς</span> <span class='ocrx_word' id='word_1_552' title='bbox 3247 3113 3412 3178; x_wconf 83' lang='grc' dir='ltr'>ἁγίας</span> <span class='ocrx_word' id='word_1_553' title='bbox 3449 3114 3671 3183; x_wconf 60' lang='lat' dir='ltr'><strong>Tot-ibo;</strong></span> 
     </span>
    </p>
   </div>
   <div class='ocr_carea' id='block_1_77' title="bbox 2105 3200 3670 3272">
    <p class='ocr_par' dir='ltr' id='par_1_77' title="bbox 2105 3200 3670 3272">
     <span class='ocr_line' id='line_1_77' title="bbox 2105 3200 3670 3272; baseline 0.002 -18"><span class='ocrx_word' id='word_1_554' title='bbox 2105 3206 2138 3272; x_wconf 82' lang='grc' dir='ltr'>ἡ</span> <span class='ocrx_word' id='word_1_555' title='bbox 2177 3201 2359 3271; x_wconf 81' lang='grc' dir='ltr'>φύσις.</span> <span class='ocrx_word' id='word_1_556' title='bbox 2415 3202 2474 3254; x_wconf 81' lang='grc' dir='ltr'>οὐ</span> <span class='ocrx_word' id='word_1_557' title='bbox 2509 3200 2840 3272; x_wconf 79' lang='grc' dir='ltr'>συγχεομένη</span> <span class='ocrx_word' id='word_1_558' title='bbox 2875 3201 2958 3268; x_wconf 75' lang='grc' dir='ltr'>ἐφ’</span> <span class='ocrx_word' id='word_1_559' title='bbox 2993 3201 3230 3271; x_wconf 80' lang='grc' dir='ltr'>ἑκάστης</span> <span class='ocrx_word' id='word_1_560' title='bbox 3274 3203 3379 3272; x_wconf 81' lang='grc' dir='ltr'>τῆς</span> <span class='ocrx_word' id='word_1_561' title='bbox 3433 3205 3576 3257; x_wconf 71' lang='grc' dir='ltr'>κατὰ</span> <span class='ocrx_word' id='word_1_562' title='bbox 3615 3205 3670 3256; x_wconf 73' lang='grc' dir='ltr'><strong>τὸ</strong></span> 
     </span>
    </p>
   </div>
   <div class='ocr_carea' id='block_1_78' title="bbox 2108 3291 3672 3364">
    <p class='ocr_par' dir='ltr' id='par_1_78' title="bbox 2108 3291 3672 3364">
     <span class='ocr_line' id='line_1_78' title="bbox 2108 3291 3672 3364; baseline 0.001 -19"><span class='ocrx_word' id='word_1_563' title='bbox 2108 3293 2381 3364; x_wconf 80' lang='grc' dir='ltr'>ἐξαίρετον</span> <span class='ocrx_word' id='word_1_564' title='bbox 2428 3291 2900 3362; x_wconf 81' lang='grc' dir='ltr'>ἐπιθεωρουμὲνης</span> <span class='ocrx_word' id='word_1_565' title='bbox 2960 3293 3150 3354; x_wconf 74' lang='grc' dir='ltr'>αὐταῖς</span> <span class='ocrx_word' id='word_1_566' title='bbox 3212 3292 3504 3363; x_wconf 80' lang='grc' dir='ltr'>ἰδιότητος,</span> <span class='ocrx_word' id='word_1_567' title='bbox 3557 3296 3672 3347; x_wconf 69' lang='grc' dir='ltr'>οὐδὲ</span> 
     </span>
    </p>
   </div>
   <div class='ocr_carea' id='block_1_79' title="bbox 2107 3380 3675 3454">
    <p class='ocr_par' dir='ltr' id='par_1_79' title="bbox 2107 3380 3675 3454">
     <span class='ocr_line' id='line_1_79' title="bbox 2107 3380 3675 3454; baseline -0.001 -18"><span class='ocrx_word' id='word_1_568' title='bbox 2107 3384 2214 3436; x_wconf 84' lang='grc' dir='ltr'>τῶν</span> <span class='ocrx_word' id='word_1_569' title='bbox 2260 3383 2650 3454; x_wconf 84' lang='grc' dir='ltr'>γνωρισμάτων</span> <span class='ocrx_word' id='word_1_570' title='bbox 2695 3385 2751 3434; x_wconf 90' lang='grc' dir='ltr'><strong>ἐν</strong></span> <span class='ocrx_word' id='word_1_571' title='bbox 2801 3380 3048 3451; x_wconf 77' lang='grc' dir='ltr'>ἀλλήλοις</span> <span class='ocrx_word' id='word_1_572' title='bbox 3092 3382 3537 3452; x_wconf 81' lang='grc' dir='ltr'>άλλασσομένων.</span> <span class='ocrx_word' id='word_1_573' title='bbox 3583 3385 3675 3445; x_wconf 79' lang='grc' dir='ltr'>Τίς</span> 
     </span>
    </p>
   </div>
   <div class='ocr_carea' id='block_1_80' title="bbox 2108 3469 3677 3542">
    <p class='ocr_par' dir='ltr' id='par_1_80' title="bbox 2108 3469 3677 3542">
     <span class='ocr_line' id='line_1_80' title="bbox 2108 3469 3677 3542; baseline -0.002 -16"><span class='ocrx_word' id='word_1_574' title='bbox 2108 3469 2199 3526; x_wconf 74' lang='grc' dir='ltr'>οὖν</span> <span class='ocrx_word' id='word_1_575' title='bbox 2231 3475 2262 3542; x_wconf 83' lang='grc' dir='ltr'>ἡ</span> <span class='ocrx_word' id='word_1_576' title='bbox 2297 3473 2461 3542; x_wconf 89' lang='grc' dir='ltr'>μανία</span> <span class='ocrx_word' id='word_1_577' title='bbox 2487 3473 2593 3524; x_wconf 85' lang='grc' dir='ltr'><strong>τῶν</strong></span> <span class='ocrx_word' id='word_1_578' title='bbox 2639 3470 3250 3540; x_wconf 78' lang='grc' dir='ltr'>πνευματομαχοῦντων,</span> <span class='ocrx_word' id='word_1_579' title='bbox 3279 3473 3562 3525; x_wconf 75' lang='grc' dir='ltr'>δουλεύειν</span> <span class='ocrx_word' id='word_1_580' title='bbox 3589 3474 3677 3526; x_wconf 65' lang='grc' dir='ltr'><strong>τὸν</strong></span> 
     </span>
    </p>
   </div>
   <div class='ocr_carea' id='block_1_81' title="bbox 2110 3555 3676 3634">
    <p class='ocr_par' dir='ltr' id='par_1_81' title="bbox 2110 3555 3676 3634">
     <span class='ocr_line' id='line_1_81' title="bbox 2110 3555 3676 3634; baseline -0.002 -17"><span class='ocrx_word' id='word_1_581' title='bbox 2110 3563 2312 3634; x_wconf 80' lang='grc' dir='ltr'>Κύριον</span> <span class='ocrx_word' id='word_1_582' title='bbox 2341 3563 2796 3631; x_wconf 75' lang='grc' dir='ltr'>δογματιζὸντων;</span> <span class='ocrx_word' id='word_1_583' title='bbox 2827 3555 2921 3624; x_wconf 76' lang='grc' dir='ltr'>Οἷς</span> <span class='ocrx_word' id='word_1_584' title='bbox 2961 3561 3082 3612; x_wconf 76' lang='grc' dir='ltr'>οὐδὲ</span> <span class='ocrx_word' id='word_1_585' title='bbox 3118 3560 3329 3623; x_wconf 80' lang='grc' dir='ltr'>Παῦλος</span> <span class='ocrx_word' id='word_1_586' title='bbox 3373 3563 3676 3634; x_wconf 55' lang='grc' dir='ltr'>διαμαρτα-</span> 
     </span>
    </p>
   </div>
   <div class='ocr_carea' id='block_1_82' title="bbox 2115 3652 3681 3725">
    <p class='ocr_par' dir='ltr' id='par_1_82' title="bbox 2115 3652 3681 3725">
     <span class='ocr_line' id='line_1_82' title="bbox 2115 3652 3681 3725; baseline -0.001 -17"><span class='ocrx_word' id='word_1_587' title='bbox 2115 3657 2334 3725; x_wconf 66' lang='grc' dir='ltr'>ρόμενὸτ</span> <span class='ocrx_word' id='word_1_588' title='bbox 2371 3657 2515 3706; x_wconf 75' lang='grc' dir='ltr'>ἐστιν</span> <span class='ocrx_word' id='word_1_589' title='bbox 2558 3654 2886 3718; x_wconf 80' lang='grc' dir='ltr'>ἀξιόπιστος,</span> <span class='ocrx_word' id='word_1_590' title='bbox 2919 3652 2978 3714; x_wconf 88' lang='grc' dir='ltr'>ὃς</span> <span class='ocrx_word' id='word_1_591' title='bbox 3009 3669 3202 3721; x_wconf 74' lang='grc' dir='ltr'>φησιν’</span> <span class='ocrx_word' id='word_1_592' title='bbox 3247 3653 3309 3704; x_wconf 85' lang='grc'><strong>’0</strong></span> <span class='ocrx_word' id='word_1_593' title='bbox 3357 3653 3427 3706; x_wconf 79' lang='grc' dir='ltr'>δὲ</span> <span class='ocrx_word' id='word_1_594' title='bbox 3467 3659 3681 3721; x_wconf 73' lang='grc' dir='ltr'>Κύριε-ς</span> 
     </span>
    </p>
   </div>
   <div class='ocr_carea' id='block_1_83' title="bbox 2111 3738 3680 3812">
    <p class='ocr_par' dir='ltr' id='par_1_83' title="bbox 2111 3738 3680 3812">
     <span class='ocr_line' id='line_1_83' title="bbox 2111 3738 3680 3812; baseline 0.001 -18"><span class='ocrx_word' id='word_1_595' title='bbox 2111 3747 2176 3798; x_wconf 79' lang='grc' dir='ltr'>τὸ</span> <span class='ocrx_word' id='word_1_596' title='bbox 2205 3738 2446 3808; x_wconf 83' lang='grc' dir='ltr'><strong>11νεῦμὰ</strong></span> <span class='ocrx_word' id='word_1_597' title='bbox 2466 3744 2650 3794; x_wconf 77' lang='grc' dir='ltr'>ἐστιν.</span> <span class='ocrx_word' id='word_1_598' title='bbox 2688 3741 2760 3794; x_wconf 84' lang='grc' dir='ltr'><strong><em>Ἦ</em></strong></span> <span class='ocrx_word' id='word_1_599' title='bbox 2800 3741 2938 3810; x_wconf 79' lang='grc' dir='ltr'>τάχα</span> <span class='ocrx_word' id='word_1_600' title='bbox 2966 3741 3045 3804; x_wconf 84' lang='grc' dir='ltr'>τὸ,</span> <span class='ocrx_word' id='word_1_601' title='bbox 3079 3741 3342 3804; x_wconf 75' lang='grc' dir='ltr'>Ἐλθέτω,</span> <span class='ocrx_word' id='word_1_602' title='bbox 3369 3743 3680 3812; x_wconf 78' lang='grc' dir='ltr'>καθαιρετι-</span> 
     </span>
    </p>
   </div>
   <div class='ocr_carea' id='block_1_84' title="bbox 2111 3830 3680 3902">
    <p class='ocr_par' dir='ltr' id='par_1_84' title="bbox 2111 3830 3680 3902">
     <span class='ocr_line' id='line_1_84' title="bbox 2111 3830 3680 3902; baseline -0.002 -14"><span class='ocrx_word' id='word_1_603' title='bbox 2111 3837 2205 3889; x_wconf 72' lang='grc' dir='ltr'><strong>κον</strong></span> <span class='ocrx_word' id='word_1_604' title='bbox 2231 3835 2328 3902; x_wconf 82' lang='grc' dir='ltr'>τῆς</span> <span class='ocrx_word' id='word_1_605' title='bbox 2363 3835 2515 3898; x_wconf 79' lang='grc' dir='ltr'>ἀξίας</span> <span class='ocrx_word' id='word_1_606' title='bbox 2558 3830 2900 3902; x_wconf 75' lang='grc' dir='ltr'>νομίζουσιν;</span> <span class='ocrx_word' id='word_1_607' title='bbox 2946 3830 3074 3886; x_wconf 76' lang='grc' dir='ltr'>Εἶτα</span> <span class='ocrx_word' id='word_1_608' title='bbox 3119 3835 3218 3886; x_wconf 76' lang='grc' dir='ltr'>οὐκ</span> <span class='ocrx_word' id='word_1_609' title='bbox 3257 3834 3557 3886; x_wconf 72' lang='grc' dir='ltr'>ἀκούουσιν</span> <span class='ocrx_word' id='word_1_610' title='bbox 3589 3835 3680 3887; x_wconf 80' lang='grc' dir='ltr'><strong>τοῦ</strong></span> 
     </span>
    </p>
   </div>
   <div class='ocr_carea' id='block_1_85' title="bbox 2115 3921 3681 3994">
    <p class='ocr_par' dir='ltr' id='par_1_85' title="bbox 2115 3921 3681 3994">
     <span class='ocr_line' id='line_1_85' title="bbox 2115 3921 3681 3994; baseline -0.002 -18"><span class='ocrx_word' id='word_1_611' title='bbox 2115 3923 2345 3994; x_wconf 87' lang='grc' dir='ltr'>μεγάλου</span> <span class='ocrx_word' id='word_1_612' title='bbox 2379 3922 2560 3981; x_wconf 76' lang='grc' dir='ltr'>Δασὶδ,</span> <span class='ocrx_word' id='word_1_613' title='bbox 2590 3922 2683 3975; x_wconf 70' lang='grc' dir='ltr'><strong>καὶ</strong></span> <span class='ocrx_word' id='word_1_614' title='bbox 2720 3921 2808 3973; x_wconf 80' lang='grc' dir='ltr'>τὸν</span> <span class='ocrx_word' id='word_1_615' title='bbox 2847 3922 3064 3992; x_wconf 83' lang='grc' dir='ltr'>Πατέρα</span> <span class='ocrx_word' id='word_1_616' title='bbox 3091 3923 3224 3990; x_wconf 74' lang='grc' dir='ltr'>πρὸς</span> <span class='ocrx_word' id='word_1_617' title='bbox 3259 3923 3454 3975; x_wconf 80' lang='grc' dir='ltr'>ἑαυτὸν</span> <span class='ocrx_word' id='word_1_618' title='bbox 3494 3925 3681 3975; x_wconf 74' lang='grc' dir='ltr'>ἕλκον-</span> 
     </span>
    </p>
   </div>
   <div class='ocr_carea' id='block_1_86' title="bbox 2110 4010 3681 4081">
    <p class='ocr_par' dir='ltr' id='par_1_86' title="bbox 2110 4010 3681 4081">
     <span class='ocr_line' id='line_1_86' title="bbox 2110 4010 3681 4081; baseline -0.001 -16"><span class='ocrx_word' id='word_1_619' title='bbox 2110 4031 2221 4076; x_wconf 85' lang='grc' dir='ltr'>τος,</span> <span class='ocrx_word' id='word_1_620' title='bbox 2255 4013 2367 4074; x_wconf 80' lang='grc' dir='ltr'>καὶ,</span> <span class='ocrx_word' id='word_1_621' title='bbox 2403 4011 2570 4065; x_wconf 77' lang='grc' dir='ltr'><strong>Ἐλθὲ</strong></span> <span class='ocrx_word' id='word_1_622' title='bbox 2590 4015 2676 4077; x_wconf 80' lang='grc' dir='ltr'>εις</span> <span class='ocrx_word' id='word_1_623' title='bbox 2698 4011 2762 4064; x_wconf 83' lang='grc' dir='ltr'>τὸ</span> <span class='ocrx_word' id='word_1_624' title='bbox 2783 4010 2979 4064; x_wconf 85' lang='grc' dir='ltr'>σῶσαι</span> <span class='ocrx_word' id='word_1_625' title='bbox 3009 4011 3181 4080; x_wconf 80' lang='grc' dir='ltr'>ἡμᾶς,</span> <span class='ocrx_word' id='word_1_626' title='bbox 3205 4012 3466 4081; x_wconf 78' lang='grc' dir='ltr'>βοῶντοςς</span> <span class='ocrx_word' id='word_1_627' title='bbox 3501 4015 3562 4066; x_wconf 85' lang='grc' dir='ltr'>ΕΞ</span> <span class='ocrx_word' id='word_1_628' title='bbox 3588 4011 3681 4066; x_wconf 73' lang='grc' dir='ltr'><strong>οὖν</strong></span> 
     </span>
    </p>
   </div>
   <div class='ocr_carea' id='block_1_87' title="bbox 2114 4101 3678 4172">
    <p class='ocr_par' dir='ltr' id='par_1_87' title="bbox 2114 4101 3678 4172">
     <span class='ocr_line' id='line_1_87' title="bbox 2114 4101 3678 4172; baseline 0 -16"><span class='ocrx_word' id='word_1_629' title='bbox 2114 4105 2206 4156; x_wconf 78' lang='grc' dir='ltr'>ἐπὶ</span> <span class='ocrx_word' id='word_1_630' title='bbox 2247 4101 2341 4155; x_wconf 88' lang='grc' dir='ltr'><strong>τοῦ</strong></span> <span class='ocrx_word' id='word_1_631' title='bbox 2381 4103 2588 4172; x_wconf 76' lang='grc' dir='ltr'>Πατρὸς</span> <span class='ocrx_word' id='word_1_632' title='bbox 2637 4102 2696 4154; x_wconf 75' lang='grc' dir='ltr'>τὸ</span> <span class='ocrx_word' id='word_1_633' title='bbox 2751 4101 2920 4154; x_wconf 80' lang='grc' dir='ltr'>ἐλθεῖν</span> <span class='ocrx_word' id='word_1_634' title='bbox 2948 4104 3233 4171; x_wconf 80' lang='grc' dir='ltr'>σωτήριον.</span> <span class='ocrx_word' id='word_1_635' title='bbox 3277 4103 3393 4166; x_wconf 85' lang='grc' dir='ltr'>πῶς</span> <span class='ocrx_word' id='word_1_636' title='bbox 3447 4105 3546 4156; x_wconf 70' lang='grc' dir='ltr'>ἐπὶ</span> <span class='ocrx_word' id='word_1_637' title='bbox 3587 4103 3678 4156; x_wconf 78' lang='grc' dir='ltr'><strong>τοῦ</strong></span> 
     </span>
    </p>
   </div>
   <div class='ocr_carea' id='block_1_88' title="bbox 2113 4192 3679 4264">
    <p class='ocr_par' dir='ltr' id='par_1_88' title="bbox 2113 4192 3679 4264">
     <span class='ocr_line' id='line_1_88' title="bbox 2113 4192 3679 4264; baseline -0.004 -16"><span class='ocrx_word' id='word_1_638' title='bbox 2113 4195 2428 4264; x_wconf 81' lang='grc' dir='ltr'>Πνεῦματος</span> <span class='ocrx_word' id='word_1_639' title='bbox 2459 4193 2517 4245; x_wconf 86' lang='grc' dir='ltr'>τὸ</span> <span class='ocrx_word' id='word_1_640' title='bbox 2559 4192 2729 4244; x_wconf 86' lang='grc' dir='ltr'>ἐλθεῖν</span> <span class='ocrx_word' id='word_1_641' title='bbox 2775 4193 3163 4253; x_wconf 85' lang='grc' dir='ltr'>ἐπονείδιστον;</span> <span class='ocrx_word' id='word_1_642' title='bbox 3191 4194 3258 4244; x_wconf 85' lang='grc' dir='ltr'><strong>Ἦ</strong></span> <span class='ocrx_word' id='word_1_643' title='bbox 3292 4192 3352 4243; x_wconf 80' lang='grc' dir='ltr'>τὸ</span> <span class='ocrx_word' id='word_1_644' title='bbox 3396 4193 3679 4262; x_wconf 79' lang='grc' dir='ltr'>καθαίρειν</span> 
     </span>
    </p>
   </div>
   <div class='ocr_carea' id='block_1_89' title="bbox 2113 4280 3681 4354">
    <p class='ocr_par' dir='ltr' id='par_1_89' title="bbox 2113 4280 3681 4354">
     <span class='ocr_line' id='line_1_89' title="bbox 2113 4280 3681 4354; baseline -0.001 -17"><span class='ocrx_word' id='word_1_645' title='bbox 2113 4285 2220 4337; x_wconf 85' lang='grc' dir='ltr'><strong>τῶν</strong></span> <span class='ocrx_word' id='word_1_646' title='bbox 2248 4284 2548 4354; x_wconf 84' lang='grc' dir='ltr'>ἁμαρτιῶν,</span> <span class='ocrx_word' id='word_1_647' title='bbox 2575 4283 2795 4351; x_wconf 86' lang='grc' dir='ltr'>σημεῖον</span> <span class='ocrx_word' id='word_1_648' title='bbox 2818 4280 3093 4334; x_wconf 84' lang='grc' dir='ltr'>ποιοῦνται</span> <span class='ocrx_word' id='word_1_649' title='bbox 3115 4282 3213 4349; x_wconf 80' lang='grc' dir='ltr'>τῆς</span> <span class='ocrx_word' id='word_1_650' title='bbox 3233 4282 3374 4334; x_wconf 74' lang='grc' dir='ltr'>κατὰ</span> <span class='ocrx_word' id='word_1_651' title='bbox 3395 4284 3497 4350; x_wconf 74' lang='grc' dir='ltr'>τὴν</span> <span class='ocrx_word' id='word_1_652' title='bbox 3525 4284 3681 4348; x_wconf 79' lang='grc' dir='ltr'>ἀξίαν</span> 
     </span>
    </p>
   </div>
   <div class='ocr_carea' id='block_1_90' title="bbox 453 4371 2003 4445">
    <p class='ocr_par' dir='ltr' id='par_1_90' title="bbox 453 4373 2003 4445">
     <span class='ocr_line' id='line_1_90' title="bbox 453 4373 2003 4445; baseline 0.001 -18"><span class='ocrx_word' id='word_1_653' title='bbox 453 4388 572 4427; x_wconf 91' lang='lat' dir='ltr'><strong>sum</strong></span> <span class='ocrx_word' id='word_1_654' title='bbox 595 4373 723 4426; x_wconf 87' lang='lat' dir='ltr'><strong>est?</strong></span> <span class='ocrx_word' id='word_1_655' title='bbox 753 4388 819 4425; x_wconf 92' lang='lat' dir='ltr'><strong>an</strong></span> <span class='ocrx_word' id='word_1_656' title='bbox 856 4387 883 4424; x_wconf 90' lang='lat' dir='ltr'><strong>a</strong></span> <span class='ocrx_word' id='word_1_657' title='bbox 920 4376 1158 4441; x_wconf 81' lang='lat' dir='ltr'><strong>peccatis</strong></span> <span class='ocrx_word' id='word_1_658' title='bbox 1190 4389 1422 4442; x_wconf 79' lang='lat' dir='ltr'><strong>purgare</strong></span> <span class='ocrx_word' id='word_1_659' title='bbox 1453 4377 1666 4445; x_wconf 87' lang='lat' dir='ltr'><strong>signum</strong></span> <span class='ocrx_word' id='word_1_660' title='bbox 1692 4392 1816 4432; x_wconf 89' lang='lat' dir='ltr'><strong>esse</strong></span> <span class='ocrx_word' id='word_1_661' title='bbox 1847 4377 2003 4429; x_wconf 89' lang='lat' dir='ltr'><strong>dimi-</strong></span> 
     </span>
    </p>
   </div>
   <div class='ocr_carea' id='block_1_91' title="bbox 2108 4371 3681 4445">
    <p class='ocr_par' dir='ltr' id='par_1_91' title="bbox 2113 4371 3681 4443">
     <span class='ocr_line' id='line_1_91' title="bbox 2113 4371 3681 4443; baseline -0.002 -17"><span class='ocrx_word' id='word_1_662' title='bbox 2113 4375 2386 4443; x_wconf 77' lang='grc' dir='ltr'>ὑφέσεως;</span> <span class='ocrx_word' id='word_1_663' title='bbox 2438 4372 2546 4425; x_wconf 75' lang='grc' dir='ltr'><strong>Καὶ</strong></span> <span class='ocrx_word' id='word_1_664' title='bbox 2600 4371 2702 4442; x_wconf 85' lang='grc' dir='ltr'>μὴν</span> <span class='ocrx_word' id='word_1_665' title='bbox 2760 4371 2920 4424; x_wconf 79' lang='grc' dir='ltr'>ἄκουε</span> <span class='ocrx_word' id='word_1_666' title='bbox 2963 4371 3072 4423; x_wconf 82' lang='grc' dir='ltr'>τῶν</span> <span class='ocrx_word' id='word_1_667' title='bbox 3112 4373 3356 4424; x_wconf 81' lang='grc' dir='ltr'>ἀπίστων</span> <span class='ocrx_word' id='word_1_668' title='bbox 3413 4374 3681 4426; x_wconf 76' lang='grc' dir='ltr'>Ἰουδαίων</span> 
     </span>
    </p>
   </div>
   <div class='ocr_carea' id='block_1_92' title="bbox 453 4461 2012 4532">
    <p class='ocr_par' dir='ltr' id='par_1_92' title="bbox 453 4461 2012 4532">
     <span class='ocr_line' id='line_1_92' title="bbox 453 4461 2012 4532; baseline 0.003 -18"><span class='ocrx_word' id='word_1_669' title='bbox 453 4472 596 4515; x_wconf 72' lang='lat' dir='ltr'><strong>nuta:</strong></span> <span class='ocrx_word' id='word_1_670' title='bbox 623 4461 902 4530; x_wconf 85' lang='lat' dir='ltr'><strong>dignitatis</strong></span> <span class='ocrx_word' id='word_1_671' title='bbox 925 4461 1281 4516; x_wconf 78' lang='lat' dir='ltr'><strong>existimant?</strong></span> <span class='ocrx_word' id='word_1_672' title='bbox 1309 4463 1471 4532; x_wconf 78' lang='lat' dir='ltr'><strong>Atqui</strong></span> <span class='ocrx_word' id='word_1_673' title='bbox 1513 4463 1638 4517; x_wconf 89' lang='lat' dir='ltr'><strong>audi</strong></span> <span class='ocrx_word' id='word_1_674' title='bbox 1704 4465 2012 4519; x_wconf 90' lang='lat' dir='ltr'><strong>incredulos</strong></span> 
     </span>
    </p>
   </div>
   <div class='ocr_carea' id='block_1_93' title="bbox 452 4550 2012 4623">
    <p class='ocr_par' dir='ltr' id='par_1_93' title="bbox 452 4550 2012 4623">
     <span class='ocr_line' id='line_1_93' title="bbox 452 4550 2012 4623; baseline 0.003 -18"><span class='ocrx_word' id='word_1_675' title='bbox 452 4550 666 4607; x_wconf 64' lang='lat' dir='ltr'><strong>Iudaeos</strong></span> <span class='ocrx_word' id='word_1_676' title='bbox 698 4552 1024 4612; x_wconf 86' lang='lat' dir='ltr'><strong>clamantes.</strong></span> <span class='ocrx_word' id='word_1_677' title='bbox 1067 4553 1212 4621; x_wconf 85' lang='lat' dir='ltr'><strong>quod</strong></span> <span class='ocrx_word' id='word_1_678' title='bbox 1251 4555 1526 4608; x_wconf 89' lang='lat' dir='ltr'><strong>remittere</strong></span> <span class='ocrx_word' id='word_1_679' title='bbox 1567 4563 1788 4623; x_wconf 89' lang='lat' dir='ltr'><strong>peccata</strong></span> <span class='ocrx_word' id='word_1_680' title='bbox 1843 4557 2012 4610; x_wconf 91' lang='lat' dir='ltr'><strong>solius</strong></span> 
     </span>
    </p>
   </div>
   <div class='ocr_carea' id='block_1_94' title="bbox 455 4640 2012 4709">
    <p class='ocr_par' dir='ltr' id='par_1_94' title="bbox 455 4640 2012 4709">
     <span class='ocr_line' id='line_1_94' title="bbox 455 4640 2012 4709; baseline 0.002 -15"><span class='ocrx_word' id='word_1_681' title='bbox 455 4642 528 4695; x_wconf 87' lang='lat' dir='ltr'><strong>sit</strong></span> <span class='ocrx_word' id='word_1_682' title='bbox 556 4641 669 4702; x_wconf 89' lang='lat' dir='ltr'><strong>Dei,</strong></span> <span class='ocrx_word' id='word_1_683' title='bbox 708 4654 830 4692; x_wconf 91' lang='lat' dir='ltr'><strong>cum</strong></span> <span class='ocrx_word' id='word_1_684' title='bbox 862 4641 929 4694; x_wconf 91' lang='lat' dir='ltr'><strong>de</strong></span> <span class='ocrx_word' id='word_1_685' title='bbox 957 4640 1118 4695; x_wconf 90' lang='lat' dir='ltr'><strong>Patre</strong></span> <span class='ocrx_word' id='word_1_686' title='bbox 1151 4643 1252 4696; x_wconf 92' lang='lat' dir='ltr'><strong>hoc</strong></span> <span class='ocrx_word' id='word_1_687' title='bbox 1289 4643 1512 4696; x_wconf 87' lang='lat' dir='ltr'><strong>verbum</strong></span> <span class='ocrx_word' id='word_1_688' title='bbox 1557 4643 1799 4698; x_wconf 89' lang='lat' dir='ltr'><strong>dicerent</strong></span> <span class='ocrx_word' id='word_1_689' title='bbox 1826 4663 1838 4698; x_wconf 88' lang='lat'>:</span> <span class='ocrx_word' id='word_1_690' title='bbox 1873 4645 2012 4709; x_wconf 84' lang='lat' dir='ltr'><strong>Quid</strong></span> 
     </span>
    </p>
   </div>
   <div class='ocr_carea' id='block_1_95' title="bbox 456 4730 2012 4804">
    <p class='ocr_par' dir='ltr' id='par_1_95' title="bbox 456 4730 2012 4804">
     <span class='ocr_line' id='line_1_95' title="bbox 456 4730 2012 4804; baseline 0.004 -21"><span class='ocrx_word' id='word_1_691' title='bbox 456 4731 560 4794; x_wconf 80' lang='lat' dir='ltr'><strong>hic,</strong></span> <span class='ocrx_word' id='word_1_692' title='bbox 610 4731 885 4798; x_wconf 89' lang='lat' dir='ltr'><strong>inquiunt,</strong></span> <span class='ocrx_word' id='word_1_693' title='bbox 943 4730 1178 4800; x_wconf 80' lang='lat' dir='ltr'><strong>loquitur</strong></span> <span class='ocrx_word' id='word_1_694' title='bbox 1244 4733 1639 4800; x_wconf 74' lang='lat' dir='ltr'><strong>blasphemias?</strong></span> <span class='ocrx_word' id='word_1_695' title='bbox 1679 4737 1793 4802; x_wconf 80' lang='lat' dir='ltr'><strong>quis</strong></span> <span class='ocrx_word' id='word_1_696' title='bbox 1845 4747 2012 4804; x_wconf 81' lang='lat' dir='ltr'><strong>potest</strong></span> 
     </span>
    </p>
   </div>
   <div class='ocr_carea' id='block_1_96' title="bbox 455 4822 2011 4894">
    <p class='ocr_par' dir='ltr' id='par_1_96' title="bbox 455 4822 2011 4894">
     <span class='ocr_line' id='line_1_96' title="bbox 455 4822 2011 4894; baseline 0.004 -20"><span class='ocrx_word' id='word_1_697' title='bbox 455 4823 720 4875; x_wconf 76' lang='lat' dir='ltr'><strong>remittere</strong></span> <span class='ocrx_word' id='word_1_698' title='bbox 745 4831 978 4887; x_wconf 83' lang='lat' dir='ltr'><strong>peccata,</strong></span> <span class='ocrx_word' id='word_1_699' title='bbox 1011 4823 1113 4875; x_wconf 73' lang='lat' dir='ltr'><strong>nisi</strong></span> <span class='ocrx_word' id='word_1_700' title='bbox 1162 4825 1306 4876; x_wconf 76' lang='lat' dir='ltr'><strong>solus</strong></span> <span class='ocrx_word' id='word_1_701' title='bbox 1345 4822 1480 4876; x_wconf 76' lang='lat' dir='ltr'><strong>Deus</strong></span> <span class='ocrx_word' id='word_1_702' title='bbox 1504 4823 1594 4875; x_wconf 82' lang='lat'><strong>&quot;?</strong></span> <span class='ocrx_word' id='word_1_703' title='bbox 1622 4823 1678 4877; x_wconf 91' lang='lat' dir='ltr'><strong>Si</strong></span> <span class='ocrx_word' id='word_1_704' title='bbox 1712 4824 1872 4894; x_wconf 87' lang='lat' dir='ltr'><strong>igitur</strong></span> <span class='ocrx_word' id='word_1_705' title='bbox 1912 4826 2011 4880; x_wconf 87' lang='lat' dir='ltr'><strong>Pa-</strong></span> 
     </span>
    </p>
   </div>
   <div class='ocr_carea' id='block_1_97' title="bbox 459 4912 2012 4985">
    <p class='ocr_par' dir='ltr' id='par_1_97' title="bbox 459 4912 2012 4985">
     <span class='ocr_line' id='line_1_97' title="bbox 459 4912 2012 4985; baseline 0.004 -20"><span class='ocrx_word' id='word_1_706' title='bbox 459 4922 540 4968; x_wconf 90' lang='lat' dir='ltr'><strong>ter</strong></span> <span class='ocrx_word' id='word_1_707' title='bbox 566 4913 780 4981; x_wconf 87' lang='lat' dir='ltr'><strong>quidem</strong></span> <span class='ocrx_word' id='word_1_708' title='bbox 815 4921 1032 4982; x_wconf 86' lang='lat' dir='ltr'><strong>peccata</strong></span> <span class='ocrx_word' id='word_1_709' title='bbox 1066 4913 1311 4976; x_wconf 88' lang='lat' dir='ltr'><strong>remittit,</strong></span> <span class='ocrx_word' id='word_1_710' title='bbox 1349 4912 1519 4968; x_wconf 87' lang='lat' dir='ltr'><strong>Filius</strong></span> <span class='ocrx_word' id='word_1_711' title='bbox 1568 4930 1699 4968; x_wconf 90' lang='lat' dir='ltr'><strong>vero</strong></span> <span class='ocrx_word' id='word_1_712' title='bbox 1732 4924 2012 4985; x_wconf 87' lang='lat' dir='ltr'><strong>peccatum</strong></span> 
     </span>
    </p>
   </div>
   <div class='ocr_carea' id='block_1_98' title="bbox 459 5004 2015 5076">
    <p class='ocr_par' dir='ltr' id='par_1_98' title="bbox 459 5004 2015 5076">
     <span class='ocr_line' id='line_1_98' title="bbox 459 5004 2015 5076; baseline 0.005 -20"><span class='ocrx_word' id='word_1_713' title='bbox 459 5004 647 5056; x_wconf 91' lang='lat' dir='ltr'><strong>mundi</strong></span> <span class='ocrx_word' id='word_1_714' title='bbox 681 5005 854 5057; x_wconf 91' lang='lat' dir='ltr'><strong>tollit:</strong></span> <span class='ocrx_word' id='word_1_715' title='bbox 879 5004 1130 5073; x_wconf 81' lang='lat' dir='ltr'><strong>purificat</strong></span> <span class='ocrx_word' id='word_1_716' title='bbox 1161 5005 1283 5058; x_wconf 91' lang='lat' dir='ltr'><strong>item</strong></span> <span class='ocrx_word' id='word_1_717' title='bbox 1314 5004 1550 5072; x_wconf 89' lang='lat' dir='ltr'><strong>Spiritus</strong></span> <span class='ocrx_word' id='word_1_718' title='bbox 1582 5013 1803 5061; x_wconf 90' lang='lat' dir='ltr'><strong>sanctus</strong></span> <span class='ocrx_word' id='word_1_719' title='bbox 1832 5023 1860 5061; x_wconf 90' lang='lat' dir='ltr'><strong>a</strong></span> <span class='ocrx_word' id='word_1_720' title='bbox 1886 5023 2015 5076; x_wconf 89' lang='lat' dir='ltr'><strong>pec-</strong></span> 
     </span>
    </p>
   </div>
   <div class='ocr_carea' id='block_1_99' title="bbox 458 5094 2015 5166">
    <p class='ocr_par' dir='ltr' id='par_1_99' title="bbox 458 5094 2015 5166">
     <span class='ocr_line' id='line_1_99' title="bbox 458 5094 2015 5166; baseline 0.004 -20"><span class='ocrx_word' id='word_1_721' title='bbox 458 5095 562 5146; x_wconf 88' lang='lat' dir='ltr'><strong>cati</strong></span> <span class='ocrx_word' id='word_1_722' title='bbox 592 5094 1015 5163; x_wconf 87' lang='lat' dir='ltr'><strong>inquinamentis</strong></span> <span class='ocrx_word' id='word_1_723' title='bbox 1045 5110 1162 5156; x_wconf 91' lang='lat' dir='ltr'><strong>cos,</strong></span> <span class='ocrx_word' id='word_1_724' title='bbox 1206 5095 1258 5148; x_wconf 88' lang='lat' dir='ltr'><strong>in</strong></span> <span class='ocrx_word' id='word_1_725' title='bbox 1289 5095 1490 5162; x_wconf 89' lang='lat' dir='ltr'><strong>quibus</strong></span> <span class='ocrx_word' id='word_1_726' title='bbox 1521 5095 1684 5149; x_wconf 91' lang='lat' dir='ltr'><strong>fuerit</strong></span> <span class='ocrx_word' id='word_1_727' title='bbox 1713 5113 1726 5148; x_wconf 90' lang='lat'><strong>:</strong></span> <span class='ocrx_word' id='word_1_728' title='bbox 1763 5099 1892 5166; x_wconf 90' lang='lat' dir='ltr'><strong>quid</strong></span> <span class='ocrx_word' id='word_1_729' title='bbox 1929 5100 2015 5152; x_wconf 85' lang='lat' dir='ltr'><strong>di-</strong></span> 
     </span>
    </p>
   </div>
   <div class='ocr_carea' id='block_1_100' title="bbox 458 5185 2016 5259">
    <p class='ocr_par' dir='ltr' id='par_1_100' title="bbox 458 5185 2016 5259">
     <span class='ocr_line' id='line_1_100' title="bbox 458 5185 2016 5259; baseline 0.004 -24"><span class='ocrx_word' id='word_1_730' title='bbox 458 5191 602 5244; x_wconf 90' lang='lat' dir='ltr'><strong>cent,</strong></span> <span class='ocrx_word' id='word_1_731' title='bbox 631 5185 722 5252; x_wconf 91' lang='lat' dir='ltr'><strong>qui</strong></span> <span class='ocrx_word' id='word_1_732' title='bbox 750 5199 903 5237; x_wconf 91' lang='lat' dir='ltr'><strong>suam</strong></span> <span class='ocrx_word' id='word_1_733' title='bbox 927 5185 1092 5237; x_wconf 85' lang='lat' dir='ltr'><strong>vitam</strong></span> <span class='ocrx_word' id='word_1_734' title='bbox 1119 5185 1466 5254; x_wconf 87' lang='lat' dir='ltr'><strong>oppugnant?</strong></span> <span class='ocrx_word' id='word_1_735' title='bbox 1506 5185 1611 5238; x_wconf 89' lang='lat' dir='ltr'><strong>Sed</strong></span> <span class='ocrx_word' id='word_1_736' title='bbox 1647 5189 1823 5242; x_wconf 87' lang='lat' dir='ltr'><strong>veniat</strong></span> <span class='ocrx_word' id='word_1_737' title='bbox 1849 5205 2016 5259; x_wconf 87' lang='lat' dir='ltr'><strong>super</strong></span> 
     </span>
    </p>
   </div>
   <div class='ocr_carea' id='block_1_101' title="bbox 461 5274 2015 5348">
    <p class='ocr_par' dir='ltr' id='par_1_101' title="bbox 461 5274 2015 5348">
     <span class='ocr_line' id='line_1_101' title="bbox 461 5274 2015 5348; baseline 0.006 -22"><span class='ocrx_word' id='word_1_738' title='bbox 461 5288 564 5326; x_wconf 77' lang='lat' dir='ltr'><strong>nos</strong></span> <span class='ocrx_word' id='word_1_739' title='bbox 611 5274 844 5343; x_wconf 89' lang='lat' dir='ltr'><strong>Spiritus</strong></span> <span class='ocrx_word' id='word_1_740' title='bbox 897 5285 1136 5341; x_wconf 85' lang='lat' dir='ltr'><strong>sanctus,</strong></span> <span class='ocrx_word' id='word_1_741' title='bbox 1170 5286 1224 5328; x_wconf 92' lang='lat' dir='ltr'><strong>et</strong></span> <span class='ocrx_word' id='word_1_742' title='bbox 1256 5275 1507 5345; x_wconf 83' lang='lat' dir='ltr'><strong>purificet</strong></span> <span class='ocrx_word' id='word_1_743' title='bbox 1539 5291 1658 5340; x_wconf 83' lang='lat' dir='ltr'><strong>nos,</strong></span> <span class='ocrx_word' id='word_1_744' title='bbox 1693 5286 1745 5332; x_wconf 91' lang='lat' dir='ltr'><strong>et</strong></span> <span class='ocrx_word' id='word_1_745' title='bbox 1787 5294 2015 5348; x_wconf 87' lang='lat' dir='ltr'><strong>capaces</strong></span> 
     </span>
    </p>
   </div>
   <div class='ocr_carea' id='block_1_102' title="bbox 533 5410 1589 5478">
    <p class='ocr_par' dir='ltr' id='par_1_102' title="bbox 533 5410 1589 5478">
     <span class='ocr_line' id='line_1_102' title="bbox 533 5410 1589 5478; baseline 0.006 -16"><span class='ocrx_word' id='word_1_746' title='bbox 533 5410 582 5442; x_wconf 83' lang='grc'><strong><em>⁵⁸</em></strong></span> <span class='ocrx_word' id='word_1_747' title='bbox 618 5411 662 5464; x_wconf 88' lang='lat' dir='ltr'><strong>ll</strong></span> <span class='ocrx_word' id='word_1_748' title='bbox 692 5410 820 5468; x_wconf 84' lang='lat' dir='ltr'><strong>Cor.</strong></span> <span class='ocrx_word' id='word_1_749' title='bbox 853 5427 946 5477; x_wconf 91' lang='grc' dir='ltr'>ιιι,</span> <span class='ocrx_word' id='word_1_750' title='bbox 980 5412 1066 5467; x_wconf 85' lang='lat' dir='ltr'><strong>l7.</strong></span> <span class='ocrx_word' id='word_1_751' title='bbox 1141 5412 1187 5443; x_wconf 82' lang='lat'><strong>”</strong></span> <span class='ocrx_word' id='word_1_752' title='bbox 1225 5411 1392 5466; x_wconf 80' lang='lat' dir='ltr'><strong>Marc.</strong></span> <span class='ocrx_word' id='word_1_753' title='bbox 1428 5427 1502 5478; x_wconf 92' lang='grc' dir='ltr'><strong>ιι,</strong></span> <span class='ocrx_word' id='word_1_754' title='bbox 1535 5413 1589 5468; x_wconf 89' lang='lat'><strong>7.</strong></span> 
     </span>
    </p>
   </div>
   <div class='ocr_carea' id='block_1_103' title="bbox 2115 4463 3681 4535">
    <p class='ocr_par' dir='ltr' id='par_1_103' title="bbox 2115 4463 3681 4535">
     <span class='ocr_line' id='line_1_103' title="bbox 2115 4463 3681 4535; baseline -0.001 -17"><span class='ocrx_word' id='word_1_755' title='bbox 2115 4466 2375 4535; x_wconf 83' lang='grc' dir='ltr'>βοώντων,</span> <span class='ocrx_word' id='word_1_756' title='bbox 2405 4466 2486 4517; x_wconf 84' lang='grc' dir='ltr'>ὅτι</span> <span class='ocrx_word' id='word_1_757' title='bbox 2510 4464 2570 4515; x_wconf 83' lang='grc' dir='ltr'>τὸ</span> <span class='ocrx_word' id='word_1_758' title='bbox 2607 4463 2862 4531; x_wconf 70' lang='grc' dir='ltr'>Ἀφιέναι</span> <span class='ocrx_word' id='word_1_759' title='bbox 2894 4463 3176 4530; x_wconf 78' lang='grc' dir='ltr'>ἁμαρτίας</span> <span class='ocrx_word' id='word_1_760' title='bbox 3193 4465 3384 4531; x_wconf 74' lang='grc' dir='ltr'>μόνου</span> <span class='ocrx_word' id='word_1_761' title='bbox 3413 4465 3548 4517; x_wconf 77' lang='grc' dir='ltr'>ἐστὶ</span> <span class='ocrx_word' id='word_1_762' title='bbox 3577 4466 3681 4518; x_wconf 81' lang='grc' dir='ltr'><strong>τοῦ</strong></span> 
     </span>
    </p>
   </div>
   <div class='ocr_carea' id='block_1_104' title="bbox 2116 4549 3678 4625">
    <p class='ocr_par' dir='ltr' id='par_1_104' title="bbox 2116 4549 3678 4625">
     <span class='ocr_line' id='line_1_104' title="bbox 2116 4549 3678 4625; baseline -0.003 -16"><span class='ocrx_word' id='word_1_763' title='bbox 2116 4555 2294 4609; x_wconf 87' lang='grc' dir='ltr'>Θεοῦ·</span> <span class='ocrx_word' id='word_1_764' title='bbox 2334 4555 2460 4625; x_wconf 72' lang='grc' dir='ltr'>περὶ</span> <span class='ocrx_word' id='word_1_765' title='bbox 2499 4553 2591 4606; x_wconf 90' lang='grc' dir='ltr'><strong>τοῦ</strong></span> <span class='ocrx_word' id='word_1_766' title='bbox 2622 4555 2831 4623; x_wconf 84' lang='grc' dir='ltr'>Πατρὸς</span> <span class='ocrx_word' id='word_1_767' title='bbox 2879 4555 3155 4620; x_wconf 76' lang='grc' dir='ltr'>λέγοντες’</span> <span class='ocrx_word' id='word_1_768' title='bbox 3197 4554 3258 4605; x_wconf 72' lang='grc' dir='ltr'>Τί</span> <span class='ocrx_word' id='word_1_769' title='bbox 3289 4549 3488 4619; x_wconf 81' lang='grc' dir='ltr'>οὗτος,</span> <span class='ocrx_word' id='word_1_770' title='bbox 3526 4556 3678 4623; x_wconf 62' lang='grc' dir='ltr'>φησι,</span> 
     </span>
    </p>
   </div>
   <div class='ocr_carea' id='block_1_105' title="bbox 2111 4645 3682 4714">
    <p class='ocr_par' dir='ltr' id='par_1_105' title="bbox 2111 4645 3682 4714">
     <span class='ocr_line' id='line_1_105' title="bbox 2111 4645 3682 4714; baseline -0.004 -12"><span class='ocrx_word' id='word_1_771' title='bbox 2111 4647 2690 4714; x_wconf 69' lang='grc' dir='ltr'>λαλεῖβλασφημίας</span> <span class='ocrx_word' id='word_1_772' title='bbox 2704 4663 2722 4710; x_wconf 91' lang='grc'><strong><em>;</em></strong></span> <span class='ocrx_word' id='word_1_773' title='bbox 2749 4647 2844 4711; x_wconf 75' lang='grc' dir='ltr'>Τίς</span> <span class='ocrx_word' id='word_1_774' title='bbox 2864 4647 3110 4698; x_wconf 80' lang='grc' dir='ltr'>δύναται</span> <span class='ocrx_word' id='word_1_775' title='bbox 3135 4645 3367 4712; x_wconf 58' lang='grc' dir='ltr'>ἀφιέναι</span> <span class='ocrx_word' id='word_1_776' title='bbox 3393 4646 3682 4713; x_wconf 68' lang='grc' dir='ltr'>ἁμαρτίας</span> 
     </span>
    </p>
   </div>
   <div class='ocr_carea' id='block_1_106' title="bbox 2112 4731 3682 4806">
    <p class='ocr_par' dir='ltr' id='par_1_106' title="bbox 2112 4731 3682 4806">
     <span class='ocr_line' id='line_1_106' title="bbox 2112 4731 3682 4806; baseline -0.003 -15"><span class='ocrx_word' id='word_1_777' title='bbox 2112 4741 2162 4791; x_wconf 85' lang='grc' dir='ltr'>εὶ</span> <span class='ocrx_word' id='word_1_778' title='bbox 2191 4739 2276 4806; x_wconf 79' lang='grc' dir='ltr'>μὴ</span> <span class='ocrx_word' id='word_1_779' title='bbox 2298 4739 2483 4806; x_wconf 82' lang='grc' dir='ltr'>μόνος</span> <span class='ocrx_word' id='word_1_780' title='bbox 2509 4741 2541 4790; x_wconf 86' lang='lat' dir='ltr'><strong>d</strong></span> <span class='ocrx_word' id='word_1_781' title='bbox 2570 4738 2743 4800; x_wconf 84' lang='grc' dir='ltr'>Θεός;</span> <span class='ocrx_word' id='word_1_782' title='bbox 2771 4737 2832 4788; x_wconf 81' lang='grc' dir='ltr'><strong>Εἰ</strong></span> <span class='ocrx_word' id='word_1_783' title='bbox 2864 4731 2955 4788; x_wconf 74' lang='grc' dir='ltr'>οὖν</span> <span class='ocrx_word' id='word_1_784' title='bbox 2993 4735 3181 4803; x_wconf 71' lang='grc' dir='ltr'>ἀφίησι</span> <span class='ocrx_word' id='word_1_785' title='bbox 3218 4734 3314 4803; x_wconf 81' lang='grc' dir='ltr'>μὲν</span> <span class='ocrx_word' id='word_1_786' title='bbox 3351 4735 3626 4803; x_wconf 80' lang='grc' dir='ltr'>ἁμαρτίας</span> <span class='ocrx_word' id='word_1_787' title='bbox 3654 4735 3682 4786; x_wconf 79' lang='grc' dir='ltr'>ὁ</span> 
     </span>
    </p>
   </div>
   <div class='ocr_carea' id='block_1_107' title="bbox 2116 4824 3680 4898">
    <p class='ocr_par' dir='ltr' id='par_1_107' title="bbox 2116 4824 3680 4898">
     <span class='ocr_line' id='line_1_107' title="bbox 2116 4824 3680 4898; baseline -0.004 -18"><span class='ocrx_word' id='word_1_788' title='bbox 2116 4830 2322 4898; x_wconf 82' lang='grc' dir='ltr'>Πατὴρ,</span> <span class='ocrx_word' id='word_1_789' title='bbox 2363 4829 2503 4897; x_wconf 74' lang='grc' dir='ltr'>αἴρει</span> <span class='ocrx_word' id='word_1_790' title='bbox 2537 4827 2594 4879; x_wconf 83' lang='grc' dir='ltr'>δὲ</span> <span class='ocrx_word' id='word_1_791' title='bbox 2636 4830 2664 4880; x_wconf 84' lang='grc' dir='ltr'>ὁ</span> <span class='ocrx_word' id='word_1_792' title='bbox 2697 4827 2820 4889; x_wconf 80' lang='grc' dir='ltr'>Υἱὸς</span> <span class='ocrx_word' id='word_1_793' title='bbox 2854 4827 2944 4879; x_wconf 87' lang='grc' dir='ltr'><strong>τοῦ</strong></span> <span class='ocrx_word' id='word_1_794' title='bbox 2979 4826 3181 4893; x_wconf 85' lang='grc' dir='ltr'>κόσμου</span> <span class='ocrx_word' id='word_1_795' title='bbox 3224 4826 3323 4893; x_wconf 82' lang='grc' dir='ltr'>τὴν</span> <span class='ocrx_word' id='word_1_796' title='bbox 3363 4824 3639 4893; x_wconf 77' lang='grc' dir='ltr'>ἁμαρτίαν</span> <span class='ocrx_word' id='word_1_797' title='bbox 3662 4863 3680 4884; x_wconf 86' lang='grc'><strong>,</strong></span> 
     </span>
    </p>
   </div>
   <div class='ocr_carea' id='block_1_108' title="bbox 2116 4914 3680 4989">
    <p class='ocr_par' dir='ltr' id='par_1_108' title="bbox 2116 4914 3680 4989">
     <span class='ocr_line' id='line_1_108' title="bbox 2116 4914 3680 4989; baseline -0.004 -18"><span class='ocrx_word' id='word_1_798' title='bbox 2116 4919 2397 4989; x_wconf 76' lang='grc' dir='ltr'>καθαρίζει</span> <span class='ocrx_word' id='word_1_799' title='bbox 2417 4919 2473 4970; x_wconf 87' lang='grc' dir='ltr'><strong>δέ</strong></span> <span class='ocrx_word' id='word_1_800' title='bbox 2492 4917 2552 4970; x_wconf 85' lang='grc' dir='ltr'>τὸ</span> <span class='ocrx_word' id='word_1_801' title='bbox 2575 4917 2795 4988; x_wconf 90' lang='grc' dir='ltr'>Πνεῦμα</span> <span class='ocrx_word' id='word_1_802' title='bbox 2813 4916 2874 4968; x_wconf 75' lang='grc' dir='ltr'>τὸ</span> <span class='ocrx_word' id='word_1_803' title='bbox 2895 4917 3044 4980; x_wconf 75' lang='grc' dir='ltr'>ἅγιον</span> <span class='ocrx_word' id='word_1_804' title='bbox 3065 4918 3128 4967; x_wconf 86' lang='grc' dir='ltr'>ὲκ</span> <span class='ocrx_word' id='word_1_805' title='bbox 3148 4915 3254 4967; x_wconf 80' lang='grc' dir='ltr'>τῶν</span> <span class='ocrx_word' id='word_1_806' title='bbox 3278 4914 3376 4982; x_wconf 74' lang='grc' dir='ltr'>τῆς</span> <span class='ocrx_word' id='word_1_807' title='bbox 3404 4915 3680 4983; x_wconf 74' lang='grc' dir='ltr'>ἁμαρτίας</span> 
     </span>
    </p>
   </div>
   <div class='ocr_carea' id='block_1_109' title="bbox 2120 5003 3681 5079">
    <p class='ocr_par' dir='ltr' id='par_1_109' title="bbox 2120 5003 3681 5079">
     <span class='ocr_line' id='line_1_109' title="bbox 2120 5003 3681 5079; baseline -0.004 -18"><span class='ocrx_word' id='word_1_808' title='bbox 2120 5009 2474 5079; x_wconf 80' lang='grc' dir='ltr'>μολυσμάτων</span> <span class='ocrx_word' id='word_1_809' title='bbox 2511 5003 2591 5070; x_wconf 73' lang='grc' dir='ltr'>οἷς</span> <span class='ocrx_word' id='word_1_810' title='bbox 2626 5009 2690 5061; x_wconf 83' lang='grc' dir='ltr'>ἂν</span> <span class='ocrx_word' id='word_1_811' title='bbox 2719 5008 3002 5076; x_wconf 80' lang='grc' dir='ltr'>ἐγγένηται</span> <span class='ocrx_word' id='word_1_812' title='bbox 3025 5024 3037 5035; x_wconf 92' lang='grc'><strong>·</strong></span> <span class='ocrx_word' id='word_1_813' title='bbox 3066 5006 3116 5057; x_wconf 89' lang='grc' dir='ltr'><strong>τί</strong></span> <span class='ocrx_word' id='word_1_814' title='bbox 3157 5003 3370 5075; x_wconf 83' lang='grc' dir='ltr'>ἐροῦσιν</span> <span class='ocrx_word' id='word_1_815' title='bbox 3396 5006 3444 5055; x_wconf 91' lang='grc' dir='ltr'>οἱ</span> <span class='ocrx_word' id='word_1_816' title='bbox 3477 5006 3544 5073; x_wconf 81' lang='grc' dir='ltr'><strong>τῇ</strong></span> <span class='ocrx_word' id='word_1_817' title='bbox 3580 5005 3681 5072; x_wconf 71' lang='grc' dir='ltr'>ἰδία</span> 
     </span>
    </p>
   </div>
   <div class='ocr_carea' id='block_1_110' title="bbox 2118 5094 3682 5173">
    <p class='ocr_par' dir='ltr' id='par_1_110' title="bbox 2118 5094 3682 5173">
     <span class='ocr_line' id='line_1_110' title="bbox 2118 5094 3682 5173; baseline -0.008 -18"><span class='ocrx_word' id='word_1_818' title='bbox 2118 5101 2616 5173; x_wconf 79' lang='grc' dir='ltr'>προσπολεμοῦντες</span> <span class='ocrx_word' id='word_1_819' title='bbox 2675 5099 2824 5169; x_wconf 77' lang='grc' dir='ltr'>ζωῇς</span> <span class='ocrx_word' id='word_1_820' title='bbox 2882 5097 3016 5148; x_wconf 81' lang='grc' dir='ltr'>Ἀλλ’</span> <span class='ocrx_word' id='word_1_821' title='bbox 3054 5096 3252 5148; x_wconf 77' lang='grc' dir='ltr'>ἐλθέτω</span> <span class='ocrx_word' id='word_1_822' title='bbox 3301 5095 3387 5161; x_wconf 68' lang='grc' dir='ltr'>ἐφ’</span> <span class='ocrx_word' id='word_1_823' title='bbox 3424 5096 3572 5163; x_wconf 77' lang='grc' dir='ltr'>ἡμᾶς</span> <span class='ocrx_word' id='word_1_824' title='bbox 3619 5094 3682 5143; x_wconf 74' lang='grc' dir='ltr'><strong>τδ</strong></span> 
     </span>
    </p>
   </div>
   <div class='ocr_carea' id='block_1_111' title="bbox 2118 5185 3681 5262">
    <p class='ocr_par' dir='ltr' id='par_1_111' title="bbox 2118 5185 3681 5262">
     <span class='ocr_line' id='line_1_111' title="bbox 2118 5185 3681 5262; baseline -0.007 -17"><span class='ocrx_word' id='word_1_825' title='bbox 2118 5194 2338 5262; x_wconf 86' lang='grc' dir='ltr'>Πνεῦμα</span> <span class='ocrx_word' id='word_1_826' title='bbox 2378 5196 2437 5245; x_wconf 79' lang='grc' dir='ltr'>τὸ</span> <span class='ocrx_word' id='word_1_827' title='bbox 2476 5196 2648 5260; x_wconf 74' lang='grc' dir='ltr'>ἅγιον,</span> <span class='ocrx_word' id='word_1_828' title='bbox 2689 5192 2780 5243; x_wconf 79' lang='grc' dir='ltr'>καὶ</span> <span class='ocrx_word' id='word_1_829' title='bbox 2820 5188 3162 5258; x_wconf 86' lang='grc' dir='ltr'>καθαρισάτω</span> <span class='ocrx_word' id='word_1_830' title='bbox 3197 5187 3366 5256; x_wconf 73' lang='grc' dir='ltr'>ἡμᾶς,</span> <span class='ocrx_word' id='word_1_831' title='bbox 3405 5186 3499 5236; x_wconf 73' lang='grc' dir='ltr'>καὶ</span> <span class='ocrx_word' id='word_1_832' title='bbox 3530 5185 3681 5252; x_wconf 66' lang='grc' dir='ltr'>ποιή-</span> 
     </span>
    </p>
   </div>
   <div class='ocr_carea' id='block_1_112' title="bbox 2121 5275 3681 5350">
    <p class='ocr_par' dir='ltr' id='par_1_112' title="bbox 2121 5275 3681 5350">
     <span class='ocr_line' id='line_1_112' title="bbox 2121 5275 3681 5350; baseline -0.004 -16"><span class='ocrx_word' id='word_1_833' title='bbox 2121 5300 2229 5334; x_wconf 83' lang='grc' dir='ltr'>σειε</span> <span class='ocrx_word' id='word_1_834' title='bbox 2258 5284 2536 5345; x_wconf 75' lang='grc' dir='ltr'>δεκτικοὺς</span> <span class='ocrx_word' id='word_1_835' title='bbox 2559 5282 2664 5334; x_wconf 83' lang='grc' dir='ltr'>τῶν</span> <span class='ocrx_word' id='word_1_836' title='bbox 2694 5280 2910 5350; x_wconf 66' lang='grc' dir='ltr'>ὑψηλῶν</span> <span class='ocrx_word' id='word_1_837' title='bbox 2934 5296 2990 5331; x_wconf 87' lang='grc' dir='ltr'><strong>τε</strong></span> <span class='ocrx_word' id='word_1_838' title='bbox 3023 5278 3116 5330; x_wconf 72' lang='grc' dir='ltr'>καὶ</span> <span class='ocrx_word' id='word_1_839' title='bbox 3136 5276 3453 5348; x_wconf 82' lang='grc' dir='ltr'>θεοπρεπῶν</span> <span class='ocrx_word' id='word_1_840' title='bbox 3476 5275 3681 5344; x_wconf 72' lang='grc' dir='ltr'>νοημά-</span> 
     </span>
    </p>
   </div>
   <div class='ocr_carea' id='block_1_113' title="bbox 535 5561 3676 5637">
    <p class='ocr_par' dir='ltr' id='par_1_113' title="bbox 535 5561 3676 5637">
     <span class='ocr_line' id='line_1_113' title="bbox 535 5561 3676 5637; baseline 0.001 -19"><span class='ocrx_word' id='word_1_841' title='bbox 535 5561 609 5637; x_wconf 68' lang='lat' dir='ltr'><strong>(ui</strong></span> <span class='ocrx_word' id='word_1_842' title='bbox 651 5563 772 5617; x_wconf 72' lang='lat' dir='ltr'><strong>llmc</strong></span> <span class='ocrx_word' id='word_1_843' title='bbox 825 5566 983 5619; x_wconf 84' lang='lat' dir='ltr'><strong>uncis</strong></span> <span class='ocrx_word' id='word_1_844' title='bbox 1017 5564 1220 5621; x_wconf 90' lang='lat' dir='ltr'><strong>inclusa</strong></span> <span class='ocrx_word' id='word_1_845' title='bbox 1254 5565 1322 5619; x_wconf 88' lang='lat' dir='ltr'><strong>ab</strong></span> <span class='ocrx_word' id='word_1_846' title='bbox 1351 5565 1646 5635; x_wconf 66' lang='lat' dir='ltr'><strong>intu&#39;prete</strong></span> <span class='ocrx_word' id='word_1_847' title='bbox 1679 5565 1906 5628; x_wconf 88' lang='lat' dir='ltr'><strong>omissa,</strong></span> <span class='ocrx_word' id='word_1_848' title='bbox 1969 5578 2089 5634; x_wconf 74' lang='lat' dir='ltr'><strong>qua:</strong></span> <span class='ocrx_word' id='word_1_849' title='bbox 2129 5563 2371 5618; x_wconf 90' lang='lat' dir='ltr'><strong>citantur</strong></span> <span class='ocrx_word' id='word_1_850' title='bbox 2407 5564 2477 5620; x_wconf 92' lang='lat' dir='ltr'><strong>ab</strong></span> <span class='ocrx_word' id='word_1_851' title='bbox 2517 5562 2832 5637; x_wconf 82' lang='lat' dir='ltr'><strong>Euthymio,</strong></span> <span class='ocrx_word' id='word_1_852' title='bbox 2870 5565 2924 5620; x_wconf 91' lang='lat' dir='ltr'><strong>in</strong></span> <span class='ocrx_word' id='word_1_853' title='bbox 2966 5564 3258 5635; x_wconf 83' lang='lat' dir='ltr'><strong>Panoplia,</strong></span> <span class='ocrx_word' id='word_1_854' title='bbox 3295 5566 3375 5622; x_wconf 89' lang='lat' dir='ltr'><strong>tit.</strong></span> <span class='ocrx_word' id='word_1_855' title='bbox 3419 5567 3502 5635; x_wconf 74' lang='lat'><strong>19.,</strong></span> <span class='ocrx_word' id='word_1_856' title='bbox 3537 5579 3676 5622; x_wconf 80' lang='lat' dir='ltr'><strong>nunc</strong></span> 
     </span>
    </p>
   </div>
   <div class='ocr_carea' id='block_1_114' title="bbox 466 5632 735 5686">
    <p class='ocr_par' dir='ltr' id='par_1_114' title="bbox 466 5632 735 5686">
     <span class='ocr_line' id='line_1_114' title="bbox 466 5632 735 5686; baseline 0.007 -2"><span class='ocrx_word' id='word_1_857' title='bbox 466 5632 735 5686; x_wconf 72' lang='lat' dir='ltr'><strong>addimus.</strong></span> 
     </span>
    </p>
   </div>
  </div>
