3812 6228
117 319 252 372 “GI
1054 319 1142 375 DE
1185 319 1536 376 ORATIONE
1576 321 1924 378 DOMINICA.
1965 351 2036 365 -—
2065 323 2322 382 ORATIO
2380 326 2469 382 IV.
3229 334 3368 392 H62

110 455 245 494 των.
281 435 390 489 τῶν
423 435 511 489 διὰ
529 435 630 506 τῆς
657 441 962 510 προσευχῆς
995 442 1125 511 ἡμῖν
1156 445 1305 513 παρὰ
1335 443 1434 514 τῆς
1460 443 1553 496 τοῦ
1581 444 1615 495 Σ

1859 444 1968 499 ciat
1991 445 2306 500 sublimium
2334 448 2534 517 pariter
2549 462 2610 502 ac
2630 447 2942 506 divmorum
2967 450 3363 515 ittlellcctuum.

111 531 284 598 τῆρος
334 527 802 599 ὑποδεικνυμένων
855 531 1060 603 φωνῆς,
1098 527 1143 602 ᾧ
1185 536 1218 604 ἡ
1267 534 1392 599 δόξα
1447 537 1526 597 εἰς
1573 551 1616 587 τι

1862 535 1894 588 ti
1923 551 2020 606 per
2047 537 2347 591 orationem
2401 537 2559 594 nobis
2602 539 2969 595 ostenduntur
3010 556 3039 595 a
3070 558 3201 596 vm'e
3237 545 3367 598 Scr-

113 619 321 682 αἰῶνας
352 619 461 672 τῶν
489 619 721 676 αἰώνων.
769 622 962 693 Ἀμήν.

1800 629 2028 691 vatoris,
2071 628 2160 683 cui
2192 628 2363 699 gloria
2395 629 2448 682 in
2478 631 2672 684 saecula
2695 633 3041 687 saeculorum.
3071 635 3259 689 Amen.

746 737 964 790 ΛΟΓΟΣ
999 735 1077 790 Δ¹.

2379 741 2637 796 ORATIO
2665 742 2751 798 IV.

114 847 440 915 Γενηθήτω
473 848 535 901 τὸ
567 848 796 917 θέλημά
827 863 966 909 σου,
989 849 1079 918 κὼς
1113 849 1183 902 ἑν
1206 850 1438 918 οὐρανῷ
1476 850 1573 904 καὶ
1599 851 1619 903 ὲ

1862 851 1933 903 iat
1963 850 2208 904 voluntas
2239 861 2352 916 tua,
2382 853 2518 906 sicut
2558 855 2611 906 in
2639 855 2766 908 cazlo
2795 866 2842 909 et
2879 857 2933 907 in
2970 865 3132 911 terra.
3170 857 3367 912 Panem

183 919 303 992 τῆς
338 917 469 992 γῆς.
517 918 629 972 Τὸν
665 919 849 987 ἄρτον
887 917 1057 988 ἡμῶν
1099 919 1207 972 τὸν
1247 917 1559 973 ἐπιούσιον
1594 920 1688 985 δὸς

1632 922 1699 985 ὸς
2035 932 2275 974 nostrum
2303 924 2503 992 quotidi
2512 941 2670 977 anum
2695 924 2762 977 da
2794 925 2940 979 nobis
2964 927 3136 981 hodie.

187 989 336 1057 ἡμῖν
363 988 650 1058 σήμερον.

189 1083 444 1136 Ἦκουσά
492 1098 637 1144 τινος
693 1079 935 1150 ἰατρικοῦ
979 1080 1242 1150 τεχνικῶς
1285 1083 1385 1151 τῆς
1429 1079 1570 1134 κατὰ
1598 1083 1694 1150 τὴν

1870 1073 2070 1128 Audivi
2099 1075 2386 1145 quemdam
2430 1077 2712 1132 medicina:
2745 1077 2976 1147 peritum
3026 1085 3367 1140 naturalibus

111 1175 308 1241 ὑγείαν
336 1174 500 1236 ἕξεως
531 1171 1132 1242 φυσιολογοῦντος,ῐσως
1176 1172 1221 1226 δ’
1244 1171 1310 1226 ἂν
1333 1173 1542 1240 γένοιτο
1568 1171 1616 1240 in

1867 1167 2108 1223 tionibus
2135 1167 2412 1234 adductis,
2440 1170 2715 1239 quomodo
2742 1187 2862 1226 sese
2889 1174 3096 1228 sanitas
3123 1179 3367 1247 corporis

112 1269 209 1320 καὶ
251 1268 393 1338 πρὸς
421 1268 518 1335 τὴν
556 1265 654 1336 τῆς
684 1265 862 1336 ψυχῆς
888 1264 1100 1329 εὑεξίαν
1128 1265 1227 1317 οὑκ
1266 1263 1374 1316 ἀπὸ
1399 1263 1602 1316 σκοποῦ

1859 1273 1943 1310 me
1969 1257 2053 1312 vel
2078 1261 2250 1312 secus
2270 1259 2514 1319 haberet,
2550 1261 2846 1315 artificiose
2873 1265 3326 1320 sermocinantem
3353 1283 3364 1321 :

111 1360 427 1429 λεγόμενον.
454 1359 565 1429 Τὴν
594 1357 702 1429 γὰρ
732 1359 796 1411 ὲκ
820 1358 914 1411 τοῦ
951 1358 1167 1429 μετρίου
1202 1357 1560 1428 παρατροπὴν
1591 1374 1616 1407 τ

1862 1349 2141 1404 ;ί”οι·ιειεείε
2176 1351 2229 1404 id
2261 1351 2403 1420 quod
2434 1351 2635 1406 dicitur
2663 1355 2826 1406 etiam
2862 1353 3020 1408 nobis
3073 1355 3139 1409 ad
3174 1356 3367 1410 bonam

110 1454 168 1504 ἐν
203 1453 338 1522 ἡμῖν
379 1449 658 1520 στοιχείων
685 1449 850 1513 τινὸς,
886 1451 1060 1521 ἀρχὴν
1097 1449 1191 1503 καὶ⁵
1213 1449 1392 1502 αἰτίαν
1422 1450 1519 1517 τῆς
1555 1465 1615 1500 κα

1858 1441 1996 1494 limae
2028 1441 2394 1497 valetudinem
2432 1442 2690 1496 tuendam
2721 1443 2863 1498 haud
2899 1445 3132 1500 alienum
3183 1446 3363 1501 luerit.

115 1543 174 1594 τὸ
208 1541 381 1604 πάθος
413 1541 724 1603 συστάσεως
752 1539 1064 1612 διωρίζετο·
1094 1539 1186 1592 καὶ
1221 1541 1284 1592 ὲκ
1328 1537 1420 1592 τοῦ
1455 1540 1620 1590 ὲναντι

1862 1547 2001 1584 trum
2037 1531 2180 1586 enim
2225 1547 2345 1601 quae
2378 1532 2430 1586 in
2474 1533 2632 1588 nobis
2676 1544 2803 1589 sunt
2834 1536 3225 1589 elementorum
3265 1537 3367 1589 ali-

109 1636 302 1696 πάλιν,
326 1635 424 1705 τὴν
447 1635 538 1687 ἐπὶ⁸
555 1633 615 1687 τὸ
633 1635 832 1687 οίκεῖόν
851 1650 910 1687 τε
931 1634 1024 1686 καὶ
1049 1633 1189 1685 κατὰ
1212 1631 1280 1701 φῦ
1291 1649 1371 1684 σιν
1393 1632 1500 1683 τῶν
1522 1631 1614 1683 πλτ

1862 1622 1959 1689 ιῙυε
1993 1638 2022 1675 a
2056 1623 2399 1677 convenienti
2436 1625 2601 1679 modo
2631 1624 2991 1680 deﬂexionem
3044 1627 3367 1697 principium

112 1727 300 1796 μελῶς
340 1726 824 1798 παρακινηθέντων
863 1725 1364 1786 ἀποκαταστασίαν,
1400 1723 1617 1793 θεραπεὲ

1899 1729 2126 1769 causam
2160 1730 2282 1771 esse
2312 1717 2606 1782 statuebat,
2637 1733 2705 1773 ex
2746 1734 2852 1788 qua
2902 1719 3125 1774 morbus
3171 1719 3372 1774 conlla-

112 1781 126 1796 .
280 1781 298 1791 .
424 1781 433 1798 .
608 1781 618 1796 .
1354 1781 1362 1786 .
1467 1781 1478 1793 .

109 1817 356 1883 ἔφασκεν
409 1817 506 1885 τῆς
540 1814 802 1878 νοσώδους
845 1815 1022 1877 αἰτίας
1071 1810 1228 1868 εἶναι.
1270 1815 1378 1868 Καὶ
1408 1812 1495 1867 διὰ
1541 1813 1614 1866 τοξ

1870 1814 1992 1873 tur;
2037 1815 2091 1862 et
2126 1823 2194 1862 ex
2241 1809 2520 1862 contrario
2576 1825 2770 1864 rursus
2816 1825 3004 1865 eorum
3059 1826 3180 1880 quas
3234 1812 3375 1865 male

109 1911 343 1961 σκοπεῖν
373 1908 510 1978 ᾤετο
543 1908 670 1968 δεῖν.
693 1910 773 1962 ὅτι
808 1907 1042 1977 μάλιστα
1081 1908 1188 1960 τῶν
1211 1909 1268 1960 ὲν
1303 1909 1437 1977 ἡμῖν
1479 1907 1536 1958 ὲν
1568 1907 1614 1958 ἀι

1895 1899 2024 1952 vitio
2051 1907 2197 1954 mota
2241 1911 2404 1970 atque
2458 1908 2664 1954 mutata
2712 1911 2898 1957 essent
2941 1902 2996 1956 in
3047 1903 3374 1958 convenien-

109 2001 208 2071 ξία
247 2001 584 2070 κινουμένων
605 2000 690 2053 διά
726 1999 824 2070 τῆς
875 1999 1010 2064 ἰδίας
1044 2000 1454 2071 ὲπικρατήσεως
1511 1999 1614 2053 ἄτο·

1867 2005 1909 2043 m
1958 1997 2013 2046 et
2067 1991 2372 2047 naturalem
2428 1991 2652 2046 modum
2704 1991 3146 2054 restitutionem,
3199 1991 3372 2048 morbi

109 2096 292 2146 ποιεῖν
319 2093 412 2145 τοῦ
447 2091 929 2162 ἁντιστοιχοῦντος,
950 2093 1048 2163 τὴν
1079 2095 1214 2164 πρὸς
1237 2093 1335 2166 τὴν
1358 2093 1544 2161 ὑγείαν
1573 2111 1614 2145 σι

1871 2097 1982 2136 usa:
2029 2083 2377 2137 curationem
2414 2093 2578 2152 atque
2621 2084 3016 2138 correctionem
3047 2099 3172 2139 esse
3225 2083 3373 2138 dice-

109 2187 412 2257 εισφοράν·
468 2184 542 2247 ὠς
584 2187 632 2238 εί
685 2185 784 2255 μὲν
815 2185 875 2238 τὸ
916 2185 1116 2256 θερμὸν
1159 2186 1449 2256 ἐπικρατῇ,
1478 2202 1614 2255 συμε.

1873 2181 1892 2225 ι
1918 2190 1932 2226 ;
1961 2179 2126 2242 atque
2155 2173 2363 2228 idcirco
2391 2173 2743 2229 considerare
2776 2181 2938 2243 atque
2972 2173 3241 2244 dispicere
3273 2192 3371 2242 pu-

109 2277 244 2348 χίαν
284 2278 380 2331 καὶ
412 2277 490 2347 τῷ
539 2277 982 2346 δυναστευομένῳ
1016 2281 1334 2346 παρασχεῖν,
1372 2277 1466 2328 καὶ
1505 2276 1614 2328 ὑποι

1862 2264 1952 2318 bat
1981 2272 2255 2333 oportere,
2286 2265 2416 2336 quid
2447 2267 2682 2321 maxime
2713 2267 2765 2320 in
2798 2266 2888 2330 iis,
2927 2281 3047 2336 qua:
3082 2281 3363 2336 perperam

107 2368 288 2432 τίζειν
315 2366 376 2419 τὸ
405 2364 816 2437 ξηραινόμενον.
848 2366 940 2434 Μή
983 2382 1085 2416 που
1113 2363 1211 2432 τῆς
1239 2361 1371 2434 ῦλης
1405 2364 1612 2417 ὑπολιπι

1855 2384 1856 2410 ι
1891 2357 2051 2411 nobis
2080 2364 2136 2412 et
2168 2358 2472 2412 inordinate
2503 2369 2871 2424 moverentur,
2898 2360 2980 2414 sui
3015 2361 3360 2431 prtevalentia

111 2476 244 2529 σης.
290 2458 590 2528 μαρανθείη
640 2458 860 2520 τελείως
903 2458 996 2510 καὶ
1028 2455 1392 2525 ἀποσϐεσθείη
1436 2457 1494 2507 ὲν
1529 2455 1616 2508 ἑαυ

1854 2449 2039 2518 η)οείιί
2071 2450 2324 2505 elementi
2362 2451 2491 2512 vim.
2535 2467 2698 2521 quam
2732 2453 2797 2506 ad
2848 2454 3139 2508 sanitatem
3200 2454 3359 2509 simul

109 2551 177 2602 τὸ
211 2549 437 2620 θερμὸν,
463 2549 595 2602 αὑτὸ
622 2551 751 2620 περὶ⁹
785 2548 962 2618 ἑαυτῷ
995 2545 1380 2617 δαπανώμενον
1403 2564 1414 2576 ·
1444 2547 1614 2599 dicat-3'.

1865 2543 2048 2603 ferret.
2096 2542 2413 2612 infringeret
2469 2552 2633 2613 atque
2665 2545 3012 2601 debilitaret:
3047 2554 3107 2598 ut
3136 2546 3181 2600 si
3241 2547 3367 2616 qui-

107 2643 214 2694 καὶ
265 2642 320 2694 εἴ
356 2659 409 2693 τι
451 2641 556 2693 τῶν
581 2639 892 2704 ἄλλωνχτίἱΝ
937 2639 1078 2692 κατὰ
1121 2637 1182 2690 τὸ
1216 2637 1454 2690 ἐναντίον
1483 2637 1540 2690 ὲν
1571 2638 1604 2706 ἡ

1862 2647 1923 2684 :m
1959 2632 2109 2685 calor
2133 2633 2466 2701 ptarvaleret,
2505 2633 2766 2688 auxilium
2820 2635 2868 2689 ei
2917 2635 3063 2704 quod
3092 2636 3367 2705 opprimeo

108 2737 514 2808 θεωρουμένων
553 2736 793 2790 ἐκϐαίνοι
833 2735 924 2788 τὸν
955 2736 1099 2806 ὅρον,
1130 2732 1266 2803 πρὸς
1307 2733 1366 2785 τὺ
1413 2732 1610 2785 πλεονὰ

1868 2731 1952 2776 tur
1994 2724 2318 2792 praebeatur,
2347 2734 2400 2778 et
2429 2725 2682 2795 irrigetur
2720 2726 2771 2780 id
2802 2727 2947 2796 quod
2975 2727 3284 2782 exsiccetur
3319 2736 3373 2782 et

110 2829 398 2892 ἵστασθαι,
427 2829 504 2899 τῷ
543 2828 919 2898 ὲλαττουμένῳ
948 2826 1044 2897 τὴν
1075 2826 1181 2880 ἀπὸ
1213 2825 1313 2895 τῆς
1339 2825 1530 2894 τέχνης
1564 2841 1615 2876 σι

1871 2828 2044 2882 escat,
2081 2834 2149 2874 ne
2188 2818 2326 2874 forte
2373 2821 2597 2876 materia
2645 2820 2861 2876 tandem
2893 2821 3203 2889 deﬁciente,
3243 2838 3374 2878 eva-

113 2920 331 2991 μαχίαν
367 2921 691 2989 ἐπάγοντας.
723 2918 940 2971 Τούτων
972 2917 1029 2970 δὲ
1057 2917 1382 2987 γενομένων,
1423 2917 1515 2970 καὶ
1547 2933 1618 2986 μη

1866 2915 1991 2962 :scat
2023 2909 2238 2978 penitus
2264 2917 2318 2963 et
2349 2910 2732 2982 exstinguatur
2761 2912 2814 2966 in
2852 2927 2976 2968 sese
3032 2913 3206 2973 calor,
3243 2913 3371 2967 dum

109 3013 210 3074 νὸς
243 3011 345 3073 τῆς
388 3009 496 3062 τῶν
537 3008 816 3078 στοιχείων
849 3006 1124 3078 ἰσονομίας
1176 3004 1573 3076 ἐμποδίζοντος,
1606 3006 1614 3056 i

1864 3013 1923 3053 se
1951 2999 2099 3054 circa
2133 3017 2254 3057 sese
2291 3002 2638 3059 absumitur:
2669 3003 2922 3060 similiter
2958 3005 3123 3060 etiam
3157 3005 3202 3061 si
3239 3004 3369 3075 quid

109 3101 422 3169 ανάγεσθαι
446 3099 543 3170 τὴν
569 3099 756 3168 ὑγείαν
781 3097 856 3169 τῷ
886 3098 1115 3167 σώματι,
1153 3097 1347 3167 μηκέτι
1369 3099 1465 3167 τῆς
1492 3095 1614 3163 φύσι

1872 3137 1873 3140 η
1917 3090 2039 3147 aliis
2078 3108 2198 3161 quae
2242 3109 2337 3164 per
2369 3097 2701 3150 contrarium
2742 3099 2796 3151 in
2825 3098 2983 3153 nobis
3020 3097 3377 3154 consideran-

108 3194 269 3250 κατὰ
300 3194 398 3265 τὴν
445 3194 640 3265 κράσιν
679 3189 1089 3261 ἁνωμαλοὺσης.
1126 3188 1191 3241 Τί
1220 3189 1284 3258 δή
1324 3205 1413 3256 μοι
1463 3185 1613 3256 βοὺλε

1879 3197 1903 3234 r
1931 3185 2151 3241 modum
2185 3189 2252 3240 ad
2280 3187 2697 3243 redundantiam
2736 3189 3008 3258 vergendo
3032 3191 3279 3255 excedat,
3318 3199 3378 3243 ut

110 3289 180 3339 τὸ
217 3285 434 3357 μακρὸν
458 3284 617 3337 τοῦτο
642 3282 736 3336 τοῦ
769 3281 929 3350 λόγου
957 3281 1238 3352 προοίμιον
1261 3297 1276 3346 ;
1306 3280 1455 3348 Τάχα
1476 3277 1576 3330 οὑκ
1600 3277 1615 3329 ἐ

1892 3279 2151 3332 auxilium
2181 3279 2249 3332 ab
2285 3286 2401 3333 arte
2431 3280 2572 3350 parti
2607 3295 2729 3350 qua:
2772 3282 3097 3337 succumbat
3133 3281 3377 3346 ferendo,

115 3376 337 3432 σκοποῦ
368 3377 429 3428 τὸ
463 3375 744 3446 θεώρημα,
782 3373 900 3426 οὑδὲ
931 3373 1117 3444 πόρρω
1154 3389 1258 3424 που
1287 3370 1386 3436 τῆς
1416 3385 1620 3441 προκειλ

1877 3378 2041 3426 statur
2067 3385 2132 3424 ac
2173 3370 2521 3439 reprimatur.
2575 3372 2708 3438 Quae
2759 3373 2804 3428 si
2873 3373 3015 3428 facta
3072 3374 3294 3439 fuerint,
3327 3384 3382 3430 et

109 3485 222 3539 νης
279 3465 590 3527 ὑποθέσεως
641 3462 1067 3532 ἀπεσχοίνισται.
1116 3460 1411 3530 Πρόκειται
1471 3458 1579 3530 γὰρ

1877 3463 1951 3516 hil
2000 3462 2252 3533 :equabili
2318 3463 2712 3520 elementorum
2792 3465 3164 3522 distributioni
3217 3475 3382 3538 atque

111 3557 363 3626 θεωρίαν
392 3557 522 3626 ἡμῖν
550 3554 632 3615 τὸ,
656 3552 973 3620 Γενηθήτω
1006 3551 1070 3604 τὸ
1105 3549 1332 3620 θέλημά
1371 3566 1506 3603 σου.
1546 3550 1614 3601 Ὅ

1876 3555 2180 3625 ιυῑΙίΙπ-ἰιοιί
2214 3556 2435 3621 oﬂiciat,
2469 3559 2655 3614 reduci
2715 3569 2879 3629 atque
2911 3561 3125 3616 restitui
3165 3562 3381 3632 corpori

107 3651 169 3704 δὲ
201 3649 372 3719 χάριν
400 3646 754 3717 ἐμνήσθημεν
783 3643 878 3697 τοῦ
911 3642 1051 3696 κατὰ
1086 3642 1182 3712 τὴν
1215 3640 1462 3711 ἰατρικὴν
1499 3639 1612 3708 θεωγ

1880 3646 2124 3705 nitatem.
2154 3647 2245 3701 ubi
2270 3655 2767 3719 natura.quantum
2794 3651 2986 3705 attinet
3013 3653 3078 3705 ad
3113 3660 3382 3722 tempera-

112 3757 320 3812 ματος,
355 3739 443 3792 διὰ
473 3739 579 3791 τῶν
603 3736 800 3806 ἐφεξῆς
831 3733 1213 3804 σαφηνίσομεν.

1873 3743 2080 3796 cntum,
2142 3753 2250 3791 non
2284 3738 2518 3808 amplius
2547 3740 2710 3795 fuerit
2759 3741 3061 3810 inaequalis.
3107 3741 3378 3808 Quorsum

108 3842 296 3911 igitur
325 3843 536 3905 spectat
590 3832 722 3887 mihi
776 3834 878 3886 hoc
928 3831 1144 3898 longum
1185 3826 1452 3881 orationis
1501 3825 1876 3896 principium?
1937 3829 2190 3886 Fortasse
2223 3848 2330 3886 non
2369 3833 2543 3888 aliena
2609 3834 2927 3904 speculatio,
2987 3851 3163 3904 neque
3225 3835 3383 3904 longe

109 3951 140 3988 a
172 3928 470 4002 proposito
507 3932 827 3995 argumento
867 3921 1112 3988 seiuncta
1138 3926 1302 3988 atque
1331 3918 1545 3971 diversa
1578 3923 1700 3982 est;
1743 3920 2080 3988 propositum
2108 3923 2252 3976 enim
2289 3924 2448 3978 nobis
2505 3933 2591 3980 est
2645 3925 2712 3979 ad
2743 3921 3375 3994 considerandum,quid

109 4026 230 4078 sibi
271 4021 424 4080 velit,
452 4017 595 4088 quod
626 4016 862 4071 dicitur:
911 4010 1040 4066 Fiat
1066 4013 1309 4066 voluntas
1359 4019 1472 4062 tua.
1521 4007 1692 4077 Cujus
1730 4019 1911 4064 autem
1979 4014 2058 4066 rei
2129 4015 2308 4084 gratia
2361 4017 2561 4072 medici
2618 4018 3013 4088 speculameuti
3065 4019 3382 4074 memineri-

108 4127 271 4175 mus,
311 4109 571 4177 deinceps
605 4103 1008 4160 declarabimus
1046 4109 1099 4156 et
1131 4102 1459 4170 aperiemus.

187 4198 309 4254 Ἠν
337 4202 396 4252 ὲν
424 4197 581 4267 ὑγεία
608 4195 736 4248 ποτὲ
771 4194 830 4246 τὸ
863 4192 1050 4262 νοητὸν
1094 4191 1450 4263 ἀνθρώπινον,
1484 4187 1594 4244 οἷόν
1622 4206 1692 4242 τι-

1882 4188 2010 4242 Erat
2039 4189 2332 4260 aliquando
2388 4193 2442 4248 in
2484 4195 2717 4251 sanitate
2755 4203 2936 4252 mente
2973 4201 3381 4270 comprehensi-

107 4314 230 4350 νων
261 4291 563 4362 στοιχείων,
586 4287 694 4340 τῶν
719 4287 815 4356 τῆς
833 4285 1010 4356 ψυχῆς
1033 4285 1176 4354 λέγω
1199 4286 1534 4356 κινημάτων,
1564 4301 1612 4336 κι

1872 4281 2106 4344 legentis
2139 4283 2463 4348 humanum,
2499 4293 2757 4356 tanquam
2813 4288 3098 4346 elementis
3147 4293 3377 4362 quibus-

106 4387 212 4440 τὸν
243 4386 349 4454 τῆς
375 4381 576 4453 ἀρετῆς
617 4380 771 4448 λόγον
823 4379 1120 4451 ίσοκρατῶς
1160 4380 1218 4432 ἐν
1250 4380 1382 4448 ἡμῖν
1430 4393 1611 4447 κεκραγ

1871 4389 1956 4435 um,
1983 4375 2196 4439 animae,
2231 4376 2476 4446 inquam,
2527 4379 2766 4434 motibus
2799 4382 3102 4436 secundum
3159 4387 3376 4443 virtutis

108 4495 253 4533 νων.
301 4476 457 4529 Ἐπεὶ
495 4474 551 4527 δὲ
598 4471 693 4526 τοῦ
740 4469 1135 4540 ἐπιθυμητικοῦ
1180 4468 1613 4539 κατισχύσαντοςη

1874 4465 2076 4520 tionem
2132 4467 2476 4537 aequabiliter
2535 4469 2588 4522 in
2652 4470 2811 4524 nobis
2874 4476 3213 4542 temperatis.
3271 4479 3376 4531 Sed

109 4564 294 4621 αὑτοῦ
329 4563 572 4616 ἐναντίου
600 4560 861 4632 νοουμένη
901 4559 1197 4629 διάθεσιςὴ
1239 4559 1532 4630 ἐγκράτεια
1577 4576 1614 4611 κη

1876 4567 2163 4626 νειοοιιυιιω
2217 4560 2543 4628 praevalente
2595 4559 2645 4611 vi
2700 4563 3070 4632 concupitiva,
3129 4582 3250 4636 qua:
3314 4583 3381 4621 ex

108 4655 412 4729 εκρατὴθη
447 4654 526 4724 τῷ
553 4651 916 4716 πλεονάζοντι,
949 4651 1043 4704 καὶ
1071 4651 1171 4716 τὴν
1201 4649 1436 4722 ἄμετρον
1473 4651 1613 4718 τῆςὲ

1872 4649 2092 4703 >ntrario
2120 4649 2465 4720 intelligitur,
2494 4650 2727 4717 atl'ectio,
2770 4655 3109 4710 continentia
3159 4673 3377 4727 nempe.

110 4747 332 4819 θυμίας
363 4745 451 4797 ἐπὶ
475 4744 543 4796 τὰ
572 4743 647 4814 μὴ
679 4744 865 4796 δέοντα
907 4743 1120 4813 κίνησιν
1153 4742 1214 4794 τὸ
1241 4741 1446 4794 κωλῦον
1475 4740 1574 4792 οὐκ
1603 4735 1615 4792 i

1876 4765 1878 4784 ι
1904 4756 1971 4795 eo
2000 4741 2148 4810 quod
2178 4741 2407 4795 nimium
2431 4749 2484 4796 et
2507 4742 2819 4797 redundans
2843 4753 2980 4806 erat,
3013 4747 3238 4800 subacta
3261 4756 3345 4803 est
3369 4766 3381 4809 ;

110 4837 181 4887 ἐκ
211 4832 413 4885 τούτου
452 4830 513 4883 τὸ
545 4831 890 4884 ἐπιθανάτιον
931 4830 1139 4899 νόσημα
1178 4830 1211 4898 ἡ
1244 4829 1486 4901 ἁμαρτία
1517 4830 1584 4899 τῇ

1882 4850 1933 4888 m
1967 4849 2076 4889 non
2112 4842 2259 4891 esset
2288 4835 2430 4905 quod
2469 4837 2880 4892 immoderatam
2921 4839 3276 4908 cupiditatem
3329 4839 3381 4892 iu

111 4925 393 4997 πρωπίνῃ
443 4923 672 4992 συνέστη
713 4922 892 4991 φύσει.
949 4922 1005 4976 '0
1051 4923 1228 4974 τοίνυν
1277 4922 1460 4993 ἰατρὸς
1503 4921 1616 4990 ἀληε

1874 4942 1899 4981 s
1927 4926 2304 4982 incommodas
2343 4933 2396 4980 et
2429 4927 2716 4984 indecoras
2757 4938 3006 4984 ruentem
3037 4932 3379 5000 reprimeret,

108 5020 231 5071 τῶν
257 5018 366 5086 τῆς
394 5015 570 5084 ψυχῆς
617 5014 972 5084 παθημάτων,
1005 5016 1034 5066 ὁ
1067 5013 1154 5066 διὰ
1181 5015 1305 5076 τοὺς
1345 5013 1529 5075 κακῶς
1561 5013 1613 5082 ,ξχ

1904 5017 2199 5082 inhiberet;
2235 5017 2433 5071 exinde
2470 5018 2651 5073 letalis
2683 5021 2907 5075 morbus
2935 5028 3216 5092 peccatum
3275 5022 3381 5076 hu-

112 5129 219 5174 τας
251 5111 314 5160 ὲν
349 5109 415 5176 τῇ
447 5105 560 5176 ζωῇ
592 5106 701 5158 τῶν
735 5105 1036 5175 ἀνθρώπων
1065 5105 1372 5174 γενόμενος,
1403 5106 1516 5166 τοῖς
1555 5105 1613 5158 ὲν

1878 5120 1984 5159 mae
2022 5114 2232 5160 naturae
2256 5107 2544 5160 conﬂatum
2585 5116 2688 5162 est.
2734 5107 2910 5165 Verus
2969 5111 3136 5179 igitur
3187 5113 3383 5165 anima!

111 5201 410 5274 προσευχῇ
457 5201 744 5268 νοήμασιν,
777 5197 838 5250 τὸ
878 5194 1152 5249 νοσοποιδν
1184 5196 1354 5250 αἴτιον
1403 5195 1616 5256 ὑπεκλύ‹

1876 5196 2070 5251 tiorum
2105 5206 2159 5252 et
2199 5198 2514 5251 morborum
2551 5199 2823 5263 medicus,
2853 5201 2946 5269 qui
2982 5209 3206 5271 propter
3243 5203 3381 5257 male

111 5293 398 5359 ἐπανάγει
444 5293 593 5361 ἡμᾶς
625 5291 719 5342 ἐπὶ
755 5290 855 5360 τὴν
898 5287 1093 5359 νοητὴν
1146 5289 1374 5357 ὑγίειαν.
1419 5289 1608 5358 Ὑγεία

1878 5289 2079 5344 bentes
2110 5291 2162 5343 in
2197 5291 2304 5343 vita
2337 5289 2617 5344 hominum
2653 5299 2903 5348 versatus
2935 5302 3038 5357 est,
3072 5293 3383 5348 rationibus

112 5387 240 5437 ἐστι
269 5383 372 5451 τῆς
392 5381 590 5451 ψυχῆς,
613 5381 647 5450 ἡ
672 5378 764 5430 τοῦ
787 5378 929 5430 θείου
953 5377 1254 5448 θελήματος
1278 5380 1456 5432 εὑοδία
1479 5398 1490 5409 ·
1521 5379 1617 5432 ὦσι

1874 5401 1882 5437 ι
1910 5398 2030 5450 qua:
2066 5383 2121 5436 in
2151 5383 2398 5436 oratione
2425 5382 2926 5450 deprehenduntur,
2949 5399 3173 5440 causam
3207 5385 3379 5441 morbi

109 5478 180 5548 δὴ
219 5475 389 5530 πάλιν
418 5474 480 5526 τὸ
526 5475 776 5526 ἐκπεσεῖν
821 5471 910 5525 τοῦ
953 5468 1157 5538 ἀγαθοῦ
1209 5471 1508 5540 θελήματος
1557 5473 1614 5525 νό

1880 5472 2129 5526 icieutem
2160 5470 2374 5535 tollens,
2401 5471 2771 5548 restituit'nos
2804 5474 2856 5527 in
2891 5490 3010 5528 eam
3042 5491 3163 5545 qua:
3203 5486 3385 5532 mente

112 5569 244 5623 ἐστὶ
277 5566 458 5638 ψυχῆς
487 5563 826 5634 τελευτώσης
858 5565 937 5625 εἰς
969 5563 1214 5615 θάνατον.
1253 5561 1405 5613 Ἐπεὶ
1427 5557 1519 5614 οῦν
1550 5563 1617 5631 ἠσ

1883 5564 2113 5632 rcipitur
2170 5561 2476 5616 sanitatem.
2543 5562 2764 5618 Sanitas
2822 5577 3002 5620 autem
3061 5568 3255 5622 anima:
3301 5574 3385 5622 est

111 5657 502 5730 νήσαμεν,τὴν
530 5655 741 5726 ἀγαθὴν
769 5656 826 5706 ὲν
857 5653 936 5723 τῷ
965 5653 1276 5722 παραδείσῳ
1309 5652 1514 5704 δίαιταν
1543 5669 1616 5704 καί

1879 5656 2010 5708 vina:
2042 5653 2340 5708 voluntatis
2374 5668 2602 5723 prosper
2657 5670 2972 5719 successus,
3026 5659 3384 5728 quemadmo-

112 5751 402 5809 λιπόντες,
436 5749 524 5800 ὅτε
557 5746 650 5800 τοῦ
690 5745 1017 5816 δηλητηρίου
1076 5746 1173 5816 τῆς
1225 5746 1507 5816 παρακοῆς
1539 5747 1617 5817 ἄρ

1876 5763 1946 5799 tm
1977 5745 2141 5798 etiam
2174 5760 2235 5798 ex
2272 5745 2574 5807 contrario,
2606 5747 2877 5804 excidisse
2910 5748 3053 5802 bona
3086 5748 3381 5807 voluntate,

373 5844 644 5904 ΡΔτιιοι.
683 5843 800 5902 (in.
842 5843 896 5902 Χ
912 5842 1063 5902 LIV.

2952 5847 3028 5904 37
