3812 6228
436 339 575 399 “63

441 554 608 626 igitur
638 552 779 605 bona
813 546 992 600 victus
1029 540 1241 595 ratione
1267 544 1431 606 atque
1475 529 1795 587 habitudine
1827 527 1881 580 in
1914 538 2011 593 pa-

437 645 623 701 radiso
654 640 843 695 relicta
882 632 1292 706 aegrotavimus,
1346 640 1469 681 cum
1510 623 1576 677 de
1630 613 2013 675 inobedientiae

436 749 652 793 veneno
686 731 912 800 largiter
954 723 1319 794 sumpsimus,
1356 725 1412 771 et
1455 715 1662 770 idcirco
1716 710 1818 764 hoc
1858 703 2011 778 gravi

439 835 605 896 atque
638 793 801 877 letali
825 817 1018 872 morbo
1043 793 1235 868 natura
1263 804 1554 862 succubuit
1597 807 1762 868 atque
1793 793 2010 849 devicta

437 927 542 980 est,
579 914 728 970 venit
762 910 1006 965 medicus
1056 919 1241 964 verus,
1290 901 1445 969 juxta
1484 892 1858 964 praescriptum
1899 898 2013 937 me-

438 1009 576 1063 (lica:
606 1006 743 1061 artis
772 1017 870 1074 per
900 996 1178 1055 contraria
1202 993 1403 1047 malum
1435 999 1639 1042 sanans
1668 1000 1682 1047 ;
1713 989 1877 1048 atque
1918 990 2014 1030 eos

438 1100 533 1171 qui
569 1097 775 1154 idcirco
823 1094 882 1148 in
923 1088 1172 1145 morbum
1232 1081 1557 1138 inciderant,
1590 1073 1735 1144 quod
1767 1086 1796 1124 a
1831 1067 2016 1122 divina

439 1192 725 1247 voluntate
775 1187 1138 1244 recesserant,
1202 1186 1395 1229 rursus
1446 1164 1835 1235 conjunctione
1890 1171 2016 1212 cum

440 1287 723 1341 voluntate
756 1279 941 1335 divina
970 1292 1000 1329 a
1030 1270 1222 1327 morbo
1252 1268 1468 1322 liberat.
1504 1261 1639 1316 Nam
1688 1256 1851 1309 verba
1887 1265 2016 1304 ora-

445 1379 614 1433 tionis
650 1372 823 1429 morbi
858 1368 1054 1423 anima:
1082 1361 1400 1418 inhaerentis
1426 1354 1637 1412 curatio
1685 1359 1832 1406 sunt.
1887 1345 2020 1400 Pre-

445 1480 602 1527 catur
660 1465 806 1521 enim
869 1458 1025 1531 quasi
1089 1452 1416 1526 quibusdam
1472 1444 1760 1501 doloribus
1825 1439 2021 1493 animae

445 1572 693 1632 pressus,
726 1552 818 1624 qui
852 1549 1005 1610 dicit,
1035 1545 1158 1598 Fiat
1180 1542 1422 1596 voluntas
1464 1548 1575 1589 tua.
1623 1530 1890 1586 Voluntas
1924 1539 2023 1577 au-

447 1658 556 1706 ten-
615 1644 710 1698 Dei
761 1642 912 1695 salus
969 1634 1250 1690 hominum
1303 1638 1408 1682 est.
1464 1624 1599 1679 Cum
1629 1620 1796 1691 igitur
1827 1617 1879 1670 in
1917 1615 2022 1668 hoc

449 1737 829 1797 consistimus,
867 1738 924 1785 ut
958 1728 1024 1783 ad
1076 1727 1243 1779 Deum
1271 1721 1545 1782 dicamus,
1586 1713 1709 1767 Fiat
1762 1708 1925 1765 etiam
1966 1707 2023 1759 in

1710 317 1767 372 S.
1809 307 2137 370 GREGORll
2170 303 2460 363 NYSSENI

438 471 668 517 morbus
703 454 898 509 animat
923 457 1008 505 est
1040 448 1093 502 in
1124 454 1353 500 mortem
1385 437 1706 497 desinentis.
1739 433 2012 501 Quoniam

2150 425 2417 498 νεφορήθη
2425 439 2546 495 μεν,

3572 289 3595 342 1
3610 286 3688 342 ιω

2587 419 2681 475 καὶ
2721 416 2808 471 διὰ
2838 413 2994 469 τοῦτο
3032 410 3110 482 τῷ
3132 406 3374 480 ⁸πονηρῷ
3400 403 3577 473 τούτῳ
3612 406 3693 457 καὶ

2120 492 2453 584 ἐπιθανατίῷ
2483 511 2747 583 νοσήματι
2776 503 3158 574 κατεκρατήθη
3187 502 3220 572 ή
3247 499 3415 569 φύσις
3434 514 3449 526 ·
3489 492 3651 567 ἦλθεν
3671 498 3695 547 ὁ

2119 607 2372 679 ἀληθινὸς
2424 603 2627 676 ἰατρὸς,
2657 599 2798 653 κατά
2843 597 2934 649 τὸν
2977 594 3137 665 νόμον
3180 592 3282 661 τῆς
3318 589 3576 659 ἰατρικῆς
3620 585 3698 639 διὰ

2119 699 2229 753 τῶν
2251 696 2507 751 ἐναντίων
2532 692 2593 746 τὸ
2613 691 2779 746 κακὸν
2814 686 3107 757 ἐξιώμενος
3126 703 3139 714 ·
3169 682 3413 742 καὶτοὺς
3433 679 3529 732 διὰ
3552 676 3701 730 τοῦτο

2119 793 2188 861 τῇ
2222 787 2505 861 ἀρρωστίᾳ
2530 781 2965 852 συνενεχθέντας,
3003 778 3084 830 ὅτι
3104 775 3196 828 τοῦ
3228 774 3378 827 θείου
3400 770 3698 839 θελήματος

2123 880 2522 952 ἐχωρίσθησαν,
2566 875 2727 929 πάλιν
2776 870 3048 941 ἐλευθεροῖ
3101 866 3195 920 τοῦ
3252 866 3592 934 νοσήματος,
3644 864 3702 929 τῇ

2124 951 2260 1044 πρὸς
2297 972 2356 1025 τὸ
2405 969 2651 1039 βούλημα
2704 962 2800 1017 τοῦ
2837 961 2972 1015 Θεοῦ
3023 957 3303 1028 συναφείᾳ.
3336 955 3422 1008 Τά
3452 954 3567 1023 γάρ
3616 951 3706 1020 τῆς

2123 1042 2432 1137 προσευχῆς
2474 1061 2714 1131 ῥήματα,
2748 1052 3013 1124 Θεραπεία
3046 1051 3161 1104 ἐστὶ
3205 1048 3304 1117 τῆς
3347 1042 3708 1114 ἐγγινομένης

2123 1135 2190 1226 τῇ
2218 1154 2362 1224 ψυχῇ
2393 1149 2725 1224 ἀρρωστίας.
2756 1146 2990 1216 Εὕχεται
3026 1142 3134 1213 γὰρ
3175 1137 3286 1192 οἷόν
3314 1155 3460 1190 τισιν
3500 1135 3709 1193 ὀδύναις

2123 1223 2440 1317 τήνίψυχὴν
2465 1239 2817 1309 συνεχόμενος
2845 1236 2876 1287 ὁ
2917 1234 3089 1301 λέγων
3107 1248 3120 1261 ·
3151 1227 3474 1295 Γενηθήτω
3525 1225 3594 1277 τό
3623 1223 3710 1275 θέ-

2126 1316 2290 1407 ligari
2333 1350 2470 1389 σου.
2499 1332 2723 1402 Θέλημα
2747 1330 2803 1383 δὲ
2842 1326 2978 1379 Θεοῦ
3008 1328 3042 1395 ἡ
3076 1322 3315 1393 σωτηρία
3347 1319 3462 1372 τῶν
3504 1316 3712 1386 ἀνθρὼ-

2128 1448 2246 1484 πων
2278 1427 2444 1481 ἐστίν.
2482 1424 2734 1477 Ἐπειδὰν
2772 1421 2951 1474 τοίνυν
2990 1420 3069 1479 είς
3104 1414 3260 1468 τοῦτο
3301 1410 3547 1480 στῶμεν,
3578 1408 3709 1460 ὥστε

2130 1521 2301 1572 εἰπεῖν
2327 1516 2406 1587 τῷ
2437 1514 2577 1585 Θεῷ,
2603 1514 2685 1566 ὅτι
2721 1509 3011 1581 Γενηθήτω
3039 1507 3133 1560 καὶ
3156 1507 3212 1557 ἐν
3257 1503 3385 1572 ἐμοὶ
3411 1500 3475 1553 τὸ
3502 1498 3715 1568 θέλημά.

2132 1627 2225 1663 σου
2250 1649 2265 1673 ,
2298 1607 2511 1675 ἀνάγκη
2553 1605 2704 1657 πᾶσα
2739 1602 3008 1674 πρότερον
3049 1598 3329 1652 κατειπεῖν
3375 1592 3597 1644 ἐκείνου
3624 1588 3712 1642 τοῦ

2133 1698 2270 1769 βίου,
2301 1697 2359 1761 ὃς
2392 1696 2498 1760 ἔξω
2525 1693 2618 1747 τοῦ
2661 1692 2806 1746 θείου
2841 1690 3175 1761 βουλήματος
3202 1682 3290 1755 ἦν,
3324 1681 3629 1736 καὶταῦτα
3664 1679 3717 1729 ἐν

449 1773 829 1797 Luna-annuas,
869 1773 924 1785 υ-
958 1773 1024 1783 νη.
1076 1773 1243 1779 ...ι-.--τ
1280 1773 1301 1775 ν
1342 1773 1349 1774 ,
1533 1773 1544 1782 '

448 1848 537 1888 me
565 1830 818 1886 voluntas
855 1831 969 1885 tua,
1005 1822 1230 1875 omnino
1268 1825 1496 1867 necesse
1543 1813 1629 1861 est
1682 1803 1836 1873 prius
1880 1799 2028 1852 illam

2150 1793 2196 1860 τῇ
2225 1787 2574 1860 ἐξαγορεύσει
2606 1782 2923 1849 διεξελθεῖνο
2946 1782 3026 1836 ὅτι
3048 1778 3261 1850 Ἐπειδὴ
3333 1774 3531 1836 κακῶς
3559 1773 3715 1842 ἐνήρ»

2329 1881 2341 1888 .
2422 1881 2435 1888 -
2518 1878 2529 1888 .
2586 1877 2610 1888 -
2643 1876 2654 1888 .
2762 1873 2788 1885 -
2863 1873 2922 1888 η.
3078 1887 3083 1888 ,
3155 1869 3265 1888 ηομ
3312 1867 3362 1888 ,ι
3407 1863 3689 1888 ι.-----ξ..-

450 1926 617 1978 vitam
671 1920 925 1973 incusare
978 1926 1100 1982 quae
1152 1905 1391 1962 divinam
1448 1900 1782 1953 voluntatem
1845 1898 2025 1944 trans-

452 2029 638 2089 gressa
669 2017 809 2074 erat,
841 2016 1003 2076 atque
1036 2004 1150 2057 haec
1193 2014 1290 2070 per
1341 1991 1744 2050 confessionem
1788 1997 2027 2040 comme-

455 2099 992 2169 morare:Quoniam
1025 2111 1121 2166 per
1166 2091 1507 2161 superiorem
1561 2084 1726 2138 vitam
1777 2077 1918 2133 male
1972 2076 2026 2129 in

456 2214 543 2255 me
574 2202 798 2267 operata
831 2199 915 2248 est
942 2187 1193 2260 Opposita
1227 2180 1617 2246 contrariaque
1640 2173 1920 2231 voluntas,
1972 2174 2028 2221 et

455 2288 691 2362 improbi
730 2285 946 2358 tyranni
999 2280 1250 2335 minister
1300 2272 1401 2336 fui,
1460 2278 1721 2338 tanquam
1779 2257 2025 2317 carnifex

457 2383 679 2456 quidam
704 2389 1011 2447 exsequens
1054 2371 1318 2426 adversus
1368 2362 1636 2431 meipsum
1697 2352 2027 2411 sententiam

459 2476 687 2538 inimici,
713 2471 943 2535 idcirco,
970 2480 1103 2519 mea:
1131 2456 1449 2532 perditionis
1484 2454 1765 2510 misertus,
1791 2442 2030 2500 concede

462 2577 521 2624 ut
550 2563 768 2621 tandem
801 2554 1096 2629 aliquando
1127 2552 1290 2606 ctiam
1324 2548 1378 2601 in
1406 2560 1494 2599 me
1520 2543 1612 2596 fiat
1638 2538 1895 2594 voluntas
1911 2540 2029 2587 tua.

464 2657 533 2713 Ut
559 2655 703 2712 enim
732 2653 787 2705 in
822 2644 1098 2719 speluncis
1128 2638 1381 2696 obscuris
1434 2635 1585 2689 illato
1639 2628 1846 2684 lumine
1882 2633 2032 2677 tene-

460 2750 572 2807 brat
598 2747 955 2804 evanescunt,
1010 2743 1064 2791 et
1094 2733 1270 2801 caligo
1330 2725 1564 2782 recedit:
1589 2724 1663 2775 ita
1704 2720 1747 2775 si
1810 2725 1902 2769 tua
1938 2729 2033 2767 vo-

461 2841 646 2895 luntas
682 2835 739 2889 in
769 2848 858 2887 me
895 2829 1081 2893 fuerit,
1135 2821 1313 2878 omnis
1351 2830 1552 2888 pravus
1589 2820 1644 2868 et
1688 2811 2035 2878 importunus

464 2929 629 2987 animi
670 2923 935 2999 propositi
972 2928 1153 2974 motus
1193 2914 1261 2969 ad
1300 2911 1529 2967 nihilum
1564 2904 1858 2972 redigetur.
1902 2896 2034 2950 Nam

465 3022 736 3083 sobrietas
766 3023 822 3073 et
854 3009 1121 3068 modestia
1152 3004 1414 3060 lascivum
1448 3008 1501 3053 et
1529 2995 1789 3049 vitiosum
1839 2986 2038 3041 mentis

467 3113 767 3187 appetitum
800 3106 1131 3173 exstingnct,
1170 3095 1336 3151 animi
1379 3089 1639 3147 demissio
1684 3085 1887 3140 fastum
1944 3077 2038 3131 ab-

468 3214 683 3266 sumet:
711 3196 1018 3257 moderatio
1052 3188 1325 3261 superbia:
1372 3183 1621 3238 morbum
1675 3175 1926 3233 sanabit:
1965 3170 2042 3225 di-

466 3292 723 3353 lectionis
753 3302 885 3345 vero
911 3287 1114 3341 bonum
1140 3290 1398 3347 magnum
1430 3285 1719 3326 numerum
1769 3263 2044 3336 opposito-

471 3402 595 3445 rum
628 3383 902 3439 malorum
944 3392 1009 3431 ex
1038 3372 1219 3427 anima
1252 3364 1526 3436 expellet:
1557 3361 1687 3415 huic
1717 3357 1863 3413 enim
1900 3354 2046 3409 cedit

475 3480 684 3540 odium,
717 3470 943 3528 invidia.
977 3462 1248 3521 simultas,
1282 3459 1377 3512 irae
1426 3460 1641 3513 motus,
1675 3449 1921 3504 animosa
1965 3442 2047 3497 af-

473 3567 659 3631 fectio,
692 3559 924 3620 insidiat,
957 3550 1255 3611 simulatio,
1304 3543 1680 3600 molestiarum
1727 3547 1782 3595 et
1816 3535 2048 3606 injuria-

475 3671 600 3712 rum
626 3649 910 3710 memoria,
940 3642 1193 3698 vindicta:
1223 3634 1443 3706 cupido,
1478 3627 1888 3687 eilervescentia
1919 3639 2049 3680 san-

474 3745 658 3823 guinis
690 3743 836 3797 circa
888 3751 1009 3801 cor,
1047 3732 1280 3787 acerbus
1332 3737 1385 3782 et
1439 3723 1782 3778 truculentus
1833 3717 2049 3780 oculus,

477 3837 659 3896 omnis
685 3834 877 3889 talium
913 3827 1169 3882 vitiorum
1206 3836 1337 3892 grex
1388 3816 1702 3871 dilectionis
1760 3808 2051 3864 affectione

479 3932 737 4005 pellitur:
776 3926 849 3979 ita
883 3919 1153 3991 duplicem
1193 3912 1611 3969 simulacrorum
1641 3904 1847 3959 cultum
1904 3897 2053 3968 ejicit

480 3997 719 4080 enicacia
744 4015 941 4071 divinae
967 4006 1266 4064 voluntatis
1292 4022 1307 4070 ;
1342 4001 1639 4071 duplicem,
1662 3997 1903 4063 inquam,
1937 3998 2051 4043 tum

482 4114 630 4168 circa
667 4105 982 4163 simulacra,
1027 4107 1141 4152 tum
1202 4095 1349 4148 circa
1406 4094 1689 4158 argentum
1727 4091 1781 4137 et
1837 4093 2050 4138 aurum,

482 4200 754 4261 insaniam
785 4203 947 4265 atque
972 4190 1256 4244 furorem:
1305 4197 1426 4253 quae
1465 4193 1646 4234 sermo
1705 4172 2055 4245 propheticus

486 4294 781 4353 simulacra
812 4286 1054 4358 gentium
1098 4273 1486 4333 nominavit".
1511 4268 1631 4323 Fiat
1662 4267 1826 4336 igitur
1864 4263 2055 4315 volun-

484 4398 567 4443 tas
589 4395 703 4446 tua,
728 4388 787 4435 ut
816 4353 1020 4432 diaboli
1048 4370 1302 4423 voluntas
1322 4363 1719 4429 exstinguatur.
1751 4353 1855 4408 Sed
1887 4364 2057 4421 quare

483 4486 774 4550 precamur
804 4476 865 4523 ut
898 4482 929 4521 a
975 4464 1082 4519 Deo
1140 4462 1342 4515 bonum
1384 4453 1545 4509 nobis
1582 4447 1749 4504 animi
1810 4440 2057 4515 proposi-
2087 4486 2131 4541 Β

484 4538 601 4624 tum
626 4559 952 4631 contingat?
976 4556 1104 4627 quia
1127 4552 1341 4607 infirma
1370 4547 1435 4600 ad
1470 4545 1670 4599 bonum
1701 4546 1786 4595 est
1816 4538 2053 4591 humana

484 4661 1074 4726 natura,posteaquam
1106 4643 1271 4700 semel
1300 4656 1394 4710 per
1426 4635 1774 4690 vitiositatem
1795 4633 2057 4682 enervata

487 4760 605 4807 est:
632 4763 741 4803 non
775 4745 921 4801 enim
952 4741 1027 4795 ita
1065 4736 1224 4791 facile
1264 4749 1293 4787 a
1328 4731 1470 4786 malo
1503 4741 1697 4780 rursus
1737 4721 1803 4777 ad
1854 4721 2058 4773 bonum

484 4843 652 4897 homo
687 4835 1002 4895 revertitur,
1049 4839 1111 4883 ut
1147 4842 1175 4879 a
1211 4826 1356 4879 bono
1415 4820 1479 4875 ad
1527 4817 1730 4872 malum
1790 4808 2057 4873 accessit;

486 4926 946 5004 quemadmodum
1007 4921 1169 4976 etiam
1237 4918 1289 4969 in
1352 4911 1676 4981 corporibus
1734 4906 1859 4961 talis
1921 4901 2060 4957 ratio

489 5003 849 5081 animadverti
876 5022 1078 5086 potest,
1120 5008 1264 5079 quod
1296 5021 1404 5061 non
1456 5003 1647 5064 simili,
1688 5014 1865 5067 neque
1909 5007 2063 5064 {eque

487 5111 777 5172 commoda
837 5123 900 5163 ac
958 5103 1102 5159 facili
1170 5100 1383 5153 ratione
1449 5106 1563 5149 tum
1607 5105 1800 5148 sanum
1861 5101 2062 5156 corpus

488 5208 686 5262 morbo
716 5199 1014 5257 obnoxium
1047 5195 1127 5259 fit,
1156 5202 1268 5246 lum
1296 5188 1440 5258 quod
1475 5184 1665 5239 morbo
1695 5178 2024 5234 laboraverit
2045 5214 2060 5239 ,

492 5306 737 5354 sanatur.
767 5290 904 5345 Nam
937 5287 1028 5358 qui
1062 5284 1223 5356 paulo
1260 5289 1387 5334 ante
1419 5279 1474 5332 in
1525 5275 1758 5331 sanitate
1810 5269 2060 5338 degebat,

492 5393 579 5446 vel
612 5405 709 5460 per
744 5400 913 5440 unum
962 5381 1166 5434 vulnus
1203 5374 1353 5429 venit
1392 5372 1445 5425 in
1487 5364 1786 5437 periculum
1830 5359 2060 5414 mortis:

502 5447 670 5550 atque
701 5491 847 5531 unus
879 5470 1116 5526 ambitus
1153 5474 1248 5519 aut
1279 5459 1524 5517 accessio
1567 5454 1734 5510 febris
1778 5447 2065 5504 ﬁrmitudi-

478 5586 623 5628 "netn
669 5580 886 5623 omnem
935 5559 1184 5631 corporis
1236 5570 1300 5611 ac
1328 5554 1567 5623 vigorem
1619 5543 1820 5602 solvit:
1854 5549 1906 5597 et
1951 5540 2066 5595 exi-

569 5750 613 5782 "
654 5746 800 5805 Psal.
839 5756 1005 5807 exin,
1043 5738 1096 5792 4.

2132 1897 2301 1950 γησεν
2324 1881 2383 1932 ἐν
2419 1878 2542 1950 ἐμοὶ
2582 1876 2669 1929 διὰ
2696 1873 2791 1928 τοῦ
2821 1873 3123 1942 φθάσαντος
3155 1869 3270 1938 βίου
3308 1867 3369 1919 τὸ
3402 1863 3717 1933 ἀντικείμε-

2131 1989 2222 2026 νον
2246 1970 2476 2042 θέλημα,
2504 1968 2598 2022 καὶ
2625 1965 2907 2037 ὑπηρέτης
2940 1961 3205 2032 ἐγενόμην
3232 1959 3326 2011 τοῦ
3360 1955 3613 2026 πονηροῦ
3641 1972 3718 2007 τυ-

2136 2064 2351 2134 ράννου,
2391 2057 2501 2114 οἷόν
2551 2077 2635 2122 τις
2678 2058 2870 2129 δήμιος
2910 2055 3006 2126 τὴν
3046 2052 3139 2105 τοῦ
3185 2050 3380 2120 ἐχθροῦ
3430 2049 3620 2117 dissim:
3646 2047 3719 2109 είς

2135 2156 2309 2227 πέρας
2338 2154 2459 2207 κατ’
2491 2149 2727 2222 ἐμαυτοῦ
2762 2149 2942 2218 φέρων
2959 2164 2973 2178 ·
3002 2144 3195 2198 τούτου
3223 2142 3383 2213 χάριν
3412 2137 3601 2193 οἶκτον
3626 2138 3717 2192 λα-

2135 2245 2245 2300 ϐὼν
2282 2244 2379 2314 τῆς
2421 2241 2694 2302 ἀπωλείας
2728 2255 2852 2309 μου,
2886 2237 2974 2301 δός
3017 2251 3145 2288 ποτε
3171 2233 3267 2286 καὶ
3293 2231 3356 2284 τὸ
3385 2231 3478 2283 σὺν
3504 2229 3721 2300 θέλημα

2136 2337 2389 2408 γενέσθαι
2417 2337 2474 2389 ἐν
2514 2332 2660 2403 ἐμοί.
2691 2330 2899 2399 Ὥσπερ
2927 2326 3036 2397 γὰρ
3068 2326 3125 2377 ἐν
3166 2325 3278 2385 τοῖς
3306 2319 3581 2390 ζοφώδεσι
3616 2318 3720 2370 τῶν

2138 2427 2416 2501 σπηλαίων
2447 2424 2623 2495 φωτὸς
2655 2418 3091 2492 είσκομισθέντος
3118 2418 3148 2469 ὁ
3168 2415 3332 2484 ζόφος
3356 2411 3715 2481 ἀξρανίζεταγ

2137 2519 2279 2575 οὕτω
2318 2518 2413 2571 τοῦ
2460 2515 2554 2569 σοῦ
2602 2514 2903 2585 θελήματος
2944 2512 3002 2562 ἐν
3050 2508 3173 2579 ἐμοὶ
3212 2504 3530 2574 γενομένου,
3577 2503 3722 2553 πᾶσα

2140 2611 2349 2683 πονηρὰ
2379 2611 2473 2662 καὶ
2511 2608 2711 2670 ἄτοπος
2747 2605 2849 2674 τῆς
2883 2601 3256 2673 προαιρέσεως
3304 2597 3517 2666 κίνησις
3553 2597 3635 2658 εἰς
3663 2593 3720 2645 τὸ

2144 2706 2218 2776 μὴ
2263 2703 2322 2757 ὃν
2354 2700 2721 2772 περιΐσταται.
2763 2694 2828 2749 Ἦ
2874 2694 2982 2766 γὰρ
3036 2689 3359 2762 σωφροσύνη
3406 2688 3593 2741 σϐέσει
3628 2686 3719 2754 τὴν

2142 2794 2434 2850 ἀκόλαστον
2453 2787 2782 2861 καὶέμπαθῆ
2805 2787 2905 2856 τῆς
2931 2784 3164 2847 διανοίας
3189 2784 3367 2854 ὁρμήν
3385 2797 3399 2809 ·
3428 2782 3462 2851 ἡ
3480 2795 3722 2832 ταπεινο-

2143 2887 2384 2957 φροσύνη
2413 2880 2779 2937 καταναλώσει
2803 2880 2892 2931 τὸν
2909 2877 3103 2945 τῦφον·
3128 2877 3162 2946 ἡ
3195 2873 3484 2944 μετριότης
3514 2873 3721 2924 ἰάσεται

2142 2979 2243 3047 τῆς
2269 2975 2643 3046 ὑπερηφανίας
2680 2973 2778 3041 τὴν
2805 2970 2957 3024 νόσον
2979 2984 2992 2996 ·
3025 2966 3086 3020 τὸ
3117 2966 3171 3019 δὲ
3197 2967 3294 3037 τῆς
3343 2966 3569 3033 ἀγάπης
3593 2964 3721 3030 ἀγα-

2147 3069 2237 3123 θὸν
2267 3068 2434 3122 πολὺν
2480 3065 2778 3133 κατάλογον
2808 3062 2916 3115 τῶν
2968 3058 3362 3127 ἀντικειμένων
3408 3056 3597 3108 κακῶν
3628 3054 3720 3122 τῆς

2068 3153 2111 3207 C
2144 3159 2323 3230 ψυχῆς
2380 3156 2675 3210 ἀπελάσει·
2723 3152 2926 3221 ταύτην
2966 3151 3075 3221 γὰρ
3128 3149 3406 3217 ὑποχωρεῖ
3437 3146 3500 3199 τὸ
3552 3149 3716 3215 μῖεος,

2145 3254 2173 3305 ὁ
2201 3250 2412 3318 φθόνος,
2442 3250 2475 3319 ὴ
2509 3247 2690 3318 μῆνις,
2712 3246 2746 3315 ἠ
2779 3243 2899 3298 κατ’
2932 3240 3098 3312 ὀργὴν
3134 3240 3370 3309 κίνησις,
3401 3242 3436 3308 η
3476 3236 3722 3307 θυμώδης

2145 3343 2405 3407 διάθεσις,
2438 3344 2471 3411 ὴ
2522 3338 2803 3408 ἐπιϐουλὴ,
2833 3338 2867 3406 ἡ
2912 3335 3221 3404 ὑπόκρισις,
3250 3333 3283 3402 ή
3330 3330 3441 3383 τῶν
3472 3328 3724 3397 λυπηρῶν

2151 3439 2357 3510 μνήμη,
2388 3437 2422 3503 ἡ
2465 3435 2561 3504 τῆς
2604 3431 3011 3499 ἀντιλυπήσεως
3058 3425 3259 3495 ὄρεξις.
3298 3425 3333 3494 ἡ
3381 3421 3728 3494 περικάρδιος

2146 3528 2241 3582 τοῦ
2267 3527 2496 3597 αἵματος
2529 3523 2698 3588 ζέσις,
2732 3523 2761 3573 ὁ
2798 3518 2991 3589 πικρὸς
3018 3514 3313 3584 ὀφθαλμός.
3343 3511 3536 3565 Ταῦτα
3563 3512 3598 3580 ἡ
3626 3526 3729 3560 τοι·

2149 3621 2320 3676 ούτων
2352 3617 2538 3672 κακῶν
2567 3614 2736 3684 ἀγέλη
2767 3615 2833 3683 τῇ
2869 3609 3181 3679 ἀγαπητικῇ
3216 3605 3457 3659 διαθέσει
3484 3601 3731 3671 ἐξαφανί-

2151 3713 2321 3777 ζεται.
2358 3707 2543 3769 Οῦτως
2570 3704 2820 3759 ἐκϐάλλει
2854 3701 2949 3772 τὴν
2975 3695 3390 3766 εἰδωλολατρίαν
3418 3696 3454 3764 ή
3487 3694 3731 3763 ἐνέργεια

2151 3803 2244 3857 τοῦ
2276 3800 2412 3855 Θεοῦ
2449 3798 2783 3869 βουλήματος
2806 3808 2820 3821 ’
2854 3791 3045 3860 διπλῆν
3072 3788 3129 3842 δέ
3173 3804 3341 3856 φημι,
3369 3786 3474 3854 τήν
3519 3801 3579 3837 τε
3614 3783 3731 3851 περὶ

2152 3894 2220 3948 τὰ
2263 3892 2477 3953 εἴδωλα,
2528 3888 2622 3942 καὶ¹
2673 3886 2770 3956 τὴν
2814 3883 2941 3952 περὶ
2971 3880 3032 3932 τὸ
3061 3876 3322 3948 ἀργύριον
3376 3875 3475 3927 καὶ
3521 3871 3730 3945 χρυσίον

2157 3986 2375 4059 μανίαν,
2410 3982 2552 4051 ἅπερ
2602 3977 2795 4032 εἴδωλα
2836 3974 2943 4029 τῶν
2989 3971 3157 4025 ἐθνῶν
3195 3970 3225 4020 ό
3256 3971 3357 4038 τῆς
3402 3967 3730 4037 προφητείας

2154 4056 2406 4147 ὧνόμασε
2430 4072 2607 4139 λόγος.
2641 4066 2928 4137 Γενηθήτω
2953 4062 3131 4116 τοίνυν
3168 4060 3229 4112 τὸ
3264 4059 3485 4127 θέλημά
3515 4075 3634 4121 σου,
3658 4056 3731 4107 ἵνα

2158 4143 2358 4236 σϐεσθῇ
2391 4161 2484 4217 τοῦ
2514 4158 2760 4214 διαϐόλου
2793 4156 2853 4208 τὸ
2881 4154 3111 4222 θέλημα.
3146 4148 3248 4202 Διά
3273 4149 3325 4200 τί
3372 4148 3431 4200 δὲ
3460 4148 3567 4216 τὴν
3595 4143 3732 4213 παρὰ

2156 4257 2249 4312 τοῦ
2273 4255 2407 4311 Θεοῦ
2436 4251 2689 4322 γενέσθαι
2706 4248 2804 4319 τὴν
2829 4245 3037 4315 ἀγαθὴν
3070 4245 3203 4313 ἡμῖν
3226 4241 3555 4312 προαίρεσιν
3584 4241 3730 4291 ἐπευο

2157 4350 2395 4422 χόμεθα;
2439 4348 2561 4400 Ὅτι
2604 4342 2837 4410 ἀσθενὴς
2874 4343 2907 4408 ἡ
2945 4335 3256 4406 ἀνθρωπίνη
3308 4333 3477 4401 φύσις
3523 4334 3657 4403 πρὸς
3683 4331 3731 4379 τῖ)

2160 4420 2362 4511 ἀγαθόν
2408 4441 2578 4500 ἐστιν,
2629 4432 2779 4496 ἆπαξ
2820 4430 2909 4484 διὰ
2948 4427 3146 4488 κακίας
3182 4424 3625 4493 ἐκνευρισθείσα.
3665 4420 3729 4473 Οὐ

2159 4535 2268 4605 γὰρ
2301 4530 2440 4603 μετὰ
2468 4530 2564 4598 τῆς
2602 4526 2772 4595 αὐτῆς
2819 4520 3086 4581 εὐκολίας,
3120 4512 3188 4588 ἦς
3226 4516 3365 4586 πρὸς
3412 4516 3476 4568 τὸ
3517 4515 3677 4568 κακὸν
3707 4514 3732 4563 ὁ

2161 4625 2445 4696 ἄνθρωπος
2475 4620 2713 4690 ἔρχεται,
2746 4616 2840 4669 καὶ
2870 4612 2977 4666 ἀπὸ
2999 4611 3188 4664 τοῦτου
3222 4608 3388 4660 πάλιν
3420 4609 3517 4659 ἐπὶ
3542 4609 3601 4659 τὸ
3622 4607 3735 4671 ἁγα-

2163 4717 2256 4770 θὸν
2290 4712 2684 4783 ἐπανέρχεταιθ
2712 4707 2901 4775 ὥσπερ
2938 4704 3032 4755 καὶ
3064 4701 3157 4753 ἐπὶ
3181 4699 3290 4751 τῶν
3325 4700 3603 4768 σωμάτων
3639 4698 3735 4749 ἐστι

2164 4805 2495 4874 κατανοῆσαι
2522 4801 2614 4855 τὸν
2644 4797 2884 4852 τοιοῦτον
2916 4796 3092 4863 λόγον,
3120 4794 3202 4845 ὅτι
3234 4791 3332 4861 οὐχ
3371 4790 3603 4858 ὁμοίως,
3631 4787 3737 4840 οὖίὲ

2168 4896 2305 4969 μετά
2331 4895 2433 4964 τῆς
2459 4893 2582 4963 ἴσης
2613 4888 2915 4962 ραστώνης,
2948 4887 3011 4939 τό
3046 4902 3103 4937 τε
3128 4884 3372 4951 ὑγιαῖνον
3406 4883 3464 4932 ἐν
3490 4882 3635 4949 νόσῳ
3661 4880 3733 4946 γί-

2169 5006 2339 5051 νεται,
2376 4986 2470 5040 καὶ
2496 4985 2558 5038 τὸ
2589 4980 2875 5051 νενοσηκὸς
2917 4977 3216 5046 ὑγιάζεται.
3259 4975 3319 5027 '0
3355 4973 3465 5043 γὰρ
3496 4973 3561 5025 ἐν
3594 4971 3733 5038 ὑγεία

2168 5081 2303 5143 τέως
2330 5079 2550 5146 διάγων,
2580 5076 2674 5128 καὶ
2697 5073 2765 5126 δι’
2796 5071 2911 5133 ἐνὸς
2935 5069 3191 5130 πολλάκις
3215 5065 3538 5136 τραύματος
3561 5067 3637 5127 εἰς
3660 5063 3733 5114 τὸν

2170 5173 2298 5242 περὶ
2328 5169 2436 5222 τῶν
2460 5168 2705 5237 ἐσχάτων
2735 5162 2977 5216 κίνδυνον
3019 5155 3153 5230 ἦλθε
3181 5175 3195 5190 ”
3231 5157 3324 5210 καὶ
3359 5156 3462 5226 μία
3506 5154 3732 5226 περίοδος

2169 5263 2203 5332 ἢ
2242 5256 2514 5327 καταϐολὴ
2552 5253 2785 5324 πυρετοῦ
2827 5252 3004 5305 πάντα
3033 5248 3125 5301 τὸν
3171 5246 3264 5301 τοῦ
3310 5245 3572 5316 σώματος
3606 5245 3735 5297 τόνον

2170 5351 2432 5413 διέλυσεν,
2460 5346 2556 5399 καὶ
2595 5344 2817 5415 βραχεῖα
2868 5338 3195 5410 δηλητηρίου
3243 5335 3455 5404 γεῦσις,
3491 5335 3529 5404 ἢ
3564 5348 3735 5386 rm-

2169 5443 2276 5506 λῶς
2309 5438 2632 5510 διέφθειρεν,
2664 5435 2697 5505 ἢ
2746 5433 2875 5504 παρ’
2909 5430 3087 5499 ὀλίγον
3133 5428 3296 5481 τοῦτο
3340 5427 3631 5496 ἐποίησεν·
3658 5422 3734 5475 καὶ

2169 5537 2407 5606 δήγματι
2437 5526 2689 5603 ἑρπετοῦ,
2715 5525 2749 5597 ἢ
2783 5525 2994 5596 κέντρῳ
3025 5523 3132 5576 τινὶ
3161 5520 3272 5575 τῶν
3299 5518 3549 5582 ἰοϐόλων,
3590 5512 3734 5588 ἤόλι-
