3812 6228
89 385 234 441 1165

87 505 354 576 σθήματι,
394 502 934 575 ῆκαταπτώματι,ἢ
983 500 1188 561 πλείονι
1243 507 1338 576 τῆς
1380 507 1659 577 δυνάμεως
1689 517 1736 567 Α

84 595 390 666 ἀδηφαγίᾳ,
414 595 446 665 ἢ
472 591 618 667 ἄλλῳ
649 597 754 650 τινὶ
783 593 1030 668 τοιούτῳ.
1067 599 1270 662 εὐθέως
1299 598 1670 669 ἐπηκολούθη-

86 700 185 736 σεν
222 684 257 755 ἢ
307 685 480 748 νόσος,
531 684 564 755 ἢ
618 683 872 748 θάνατος·
908 688 941 755 ἡ
989 687 1048 739 δὲ
1096 687 1191 741 τοῦ
1241 690 1668 759 ἀρῤωστήματος

84 774 403 847 ἀπαλλαγὴ,
430 775 648 840 πολλαῖς
677 774 942 841 ἐπινοίαις
965 778 1192 846 γίνεται,
1225 781 1319 832 καὶ
1340 780 1665 843 δυσκολίαις,

83 866 184 919 καὶ
216 866 437 936 τέχναις
484 868 775 937 ἰατρικαῖς,
825 868 921 922 ἐὰν
973 870 1080 941 ἄρα
1132 871 1227 924 κα)⁵
1279 871 1521 941 γένηται.
1575 873 1667 926 Διά

82 959 252 1013 τοῦτο
280 960 418 1031 πρὸς
452 960 550 1030 μὲν
581 960 641 1014 τὸ
665 963 833 1016 κακὸν
863 966 992 1034 ἡμῖν
1019 965 1115 1034 τῆς
1145 965 1323 1034 ὁρμῆς
1353 966 1664 1036 γενομένης,

81 1051 147 1103 οὐ
176 1050 342 1121 χρεία
386 1050 478 1104 τοῦ
512 1054 920 1124 συνεργοῦντος,
966 1055 1286 1126 αὐτομάτως
1317 1059 1375 1108 ὲν
1406 1056 1483 1127 τῷ
1511 1057 1667 1126 θελή-

86 1154 223 1213 ματι
250 1143 408 1214 ἡμῶν
434 1142 533 1215 τῆς
554 1144 752 1209 κακίας
782 1146 982 1218 ἑαυτὴν
1004 1146 1315 1218 τελειούσης
1334 1165 1348 1179 ⁸
1381 1149 1430 1199 εί
1451 1148 1507 1201 δὲ
1533 1148 1666 1219 πρὸς

78 1235 145 1287 τὸ
184 1239 436 1307 κρεῖττον
457 1237 665 1304 γένοιτο
694 1240 727 1307 ἡ
763 1238 920 1309 ῥοπὴ,
955 1238 1049 1292 τοῦ
1092 1239 1226 1293 Θεοῦ
1255 1241 1413 1310 χρεία
1441 1239 1536 1294 τοῦ
1569 1241 1666 1312 τὴν

79 1326 387 1398 ἐπιθυμίαν
412 1329 491 1392 εἰς
520 1328 681 1398 ἔργον
722 1331 969 1398 ἄγοντος.
1001 1331 1101 1384 Διὰ
1140 1331 1297 1385 τοῦτό
1338 1350 1516 1404 φαμεν
1536 1351 1549 1364 ·
1585 1334 1666 1387 ὅτι

81 1418 313 1490 Ἐπειδὴ
337 1418 543 1492 θέλημά
570 1422 667 1492 ήου
689 1422 839 1478 ἐστὶν
865 1425 897 1492 ἡ
928 1425 1267 1496 σωφροσύνη,
1300 1424 1410 1493 ἐγὼ
1450 1427 1505 1480 δὲ
1538 1427 1668 1499 σάρ-

77 1509 242 1572 κινός
296 1510 414 1580 είμι
461 1512 811 1583 πεπραμένος
841 1511 947 1568 ὐπὸ
986 1514 1084 1586 τὴν
1133 1517 1434 1588 ἁμαρτίαν⁶
1476 1521 1542 1588 τῇ
1598 1516 1663 1587 σῇ

76 1596 323 1668 δυνάμει
373 1599 737 1672 κατορθωθείη
776 1618 865 1672 μοι
910 1603 971 1657 τὸ
1003 1603 1206 1673 ἀγαθὸν
1229 1604 1388 1659 τοῦτο
1418 1605 1627 1677 θέλημα
1650 1623 1664 1637 ο

75 1684 262 1750 οὕτως
294 1687 331 1757 ἡ
368 1688 705 1759 δικαιοσύνη,
746 1692 780 1760 ἠ
826 1691 1095 1758 εὐσέϐεια,
1124 1695 1158 1765 ἡ
1192 1693 1302 1748 τῶν
1344 1695 1532 1749 παθῶν
1569 1695 1666 1748 ἀλ-

74 1776 393 1847 λοτρίωσις.
435 1780 501 1832 Ἠ
526 1780 636 1851 γὰρ
667 1780 762 1834 τοῦ
789 1779 1092 1853 θελήματος
1122 1784 1293 1855 φωνὴ,
1325 1785 1504 1850 πάσας
1523 1803 1666 1854 γενι-

74 1866 200 1930 κῶς
247 1867 715 1939 ἐμπεριλαμϐάνει
760 1870 860 1934 τὰς
893 1872 1112 1943 ἀρετὰς,
1146 1876 1238 1928 καὶ
1280 1875 1351 1929 τὰ
1390 1876 1510 1929 καθ’
1532 1877 1664 1930 ἕκα-

72 1976 214 2012 στον
245 1959 359 2012 τῶν
392 1962 451 2013 ἐν
485 1960 562 2031 τῷ
600 1962 789 2032 ἀγαθῷ
832 1965 1154 2036 νοουμένων,
1194 1970 1251 2021 ἐν
1284 1968 1362 2039 τῷ
1398 1968 1663 2040 θελήματι

69 2051 173 2105 τοῦ
213 2051 354 2105 Θεοῦ
384 2052 686 2122 θεωρεῖται.

1030 386 1118 445 DE
1143 382 1495 446 ORATIONE
1534 380 1882 444 DOMINICA.
1904 418 1976 430 —
2000 382 2258 444 ORATIO
2291 386 2380 445 IV.

1702 1845 1741 1898 Β

3200 387 3339 443 14ιί8

1763 521 1926 575 guum
1961 520 2025 561 ac
2050 521 2277 576 parvum
2312 505 2501 560 veneni
2533 513 2835 576 gustatum,
2876 506 2960 560 vel
3000 505 3218 575 penitus
3243 507 3332 560 ind

1771 593 1990 657 terlicit,
2022 595 2105 649 vel
2132 595 2263 665 quin
2288 595 2340 649 id
2364 594 2548 660 faciat,
2575 611 2766 666 parum
2791 597 2946 651 abest
2971 613 2985 651 :
3010 604 3064 651 et
3090 611 3333 650 morsum

1770 686 2062 757 serpentis,
2102 694 2197 741 aut
2237 688 2486 741 aculeum
2508 688 2760 742 venenati
2788 688 3022 757 alicujus
3056 688 3331 749 animalis.

1769 786 1862 832 aut
1892 779 2125 848 lapsum,
2161 786 2255 832 aut
2295 778 2545 844 ruinam,
2584 786 2678 832 aut
2740 779 2941 849 largius
2978 794 3141 849 quam
3187 779 3333 833 vires

1768 870 1911 926 ferre
1959 872 2170 941 possint
2216 878 2492 940 sumptum
2539 871 2740 933 cibum,
2781 880 2876 924 aut
2938 871 3140 941 aliquid
3185 870 3331 925 aliud

1769 962 2066 1031 ejusmodi,
2096 963 2276 1017 statim
2309 963 2389 1015 vel
2417 961 2639 1017 morbus
2678 962 2945 1031 sequitur,
2998 962 3082 1016 vel
3134 975 3282 1016 mors
3315 972 3331 1014 :

1769 1061 1826 1107 at
1863 1054 2041 1107 morbi
2096 1053 2405 1124 proﬂigatio
2449 1053 2638 1108 multis
2678 1052 2973 1108 solertibus
3005 1052 3244 1107 inventis
3278 1058 3334 1105 et

1768 1145 2079 1200 rationibus
2125 1145 2471 1215 excogitatis,
2503 1144 2671 1198 multa
2709 1160 2829 1198 cum
2892 1142 3224 1206 difﬁcultate,
3278 1150 3336 1197 et

1768 1237 1980 1292 artibus
2020 1235 2250 1291 medicis
2295 1235 2605 1298 conﬁcitur,
2669 1234 2713 1291 si
2747 1234 2887 1289 forte
2920 1235 3082 1289 etiam
3139 1232 3334 1288 conﬁci

1769 1329 1967 1400 possit.
1993 1328 2204 1384 Idcirco
2231 1344 2353 1383 cum
2383 1327 2450 1381 ad
2483 1325 2686 1379 malum
2724 1325 2943 1395 quidem
2976 1340 3039 1378 ac
3065 1324 3250 1378 vitium
3277 1325 3334 1377 in

1768 1420 1929 1475 nobis
1959 1419 2071 1473 ruit
2097 1419 2387 1489 appetitus,
2413 1432 2520 1471 non
2556 1430 2697 1485 Opus
2721 1424 2807 1471 est
2833 1415 3104 1485 adjutore,
3134 1415 3335 1484 quippe

1770 1512 1823 1565 in
1857 1512 2139 1565 voluntate
2166 1518 2350 1564 nostra
2380 1509 2680 1563 vitiositate
2708 1508 2943 1577 seipsam
2996 1507 3141 1561 ultro
3172 1504 3334 1577 perii-

1769 1604 1986 1667 eiente;
2016 1602 2161 1672 quod
2195 1602 2239 1657 si
2269 1602 2323 1656 in
2353 1600 2550 1655 melius
2590 1599 2872 1654 inclinatio
2900 1598 3007 1657 ﬁat.
3036 1596 3147 1652 Deo
3198 1612 3336 1666 Opus

1766 1704 1872 1758 est,
1915 1695 2011 1765 qui
2045 1694 2287 1750 studium
2317 1701 2371 1748 et
2400 1692 2733 1750 desiderium
2765 1692 2832 1747 ad
2868 1707 3006 1760 opus
3053 1689 3333 1761 perducat.

1768 1785 2061 1855 Propterea
2090 1784 2362 1839 dicimus:
2394 1783 2661 1850 Quoniam
2711 1784 2967 1838 voluntas
3006 1789 3096 1836 tua
3133 1789 3337 1849 tempea

1771 1878 1945 1931 rantia
1982 1885 2089 1939 est,
2136 1890 2237 1944 ego
2281 1890 2413 1931 vero
2457 1889 2689 1930 carneus
2739 1888 2883 1938 sum,
2943 1871 3198 1926 venditus
3233 1869 3337 1924 sub

1774 1980 2079 2041 peccatum,
2130 1968 2332 2021 virtute
2377 1974 2469 2020 tua
2527 1969 2643 2022 haec
2698 1966 2841 2021 bona
2896 1964 3030 2019 mihi
3082 1964 3335 2017 voluntas

1778 2060 2060 2129 contingat
2094 2078 2106 2112 :
2142 2059 2219 2112 ita
2263 2057 2499 2128 justitia,
2544 2058 2737 2128 pietas.
2791 2072 2822 2110 a
2853 2056 3001 2111 vitiis
3057 2054 3335 2109 alienatio.

70 2144 221 2199 Nam
290 2147 587 2202 voluntatis
645 2149 970 2204 vocabulum
1022 2152 1351 2221 generaliter
1416 2169 1603 2210 omnes
1655 2155 1884 2210 virtutes
1937 2154 1990 2208 in
2031 2168 2091 2211 se
2141 2152 2587 2224 comprehendit,
2639 2167 2703 2206 ac
2736 2167 2856 2222 quae
2903 2149 3214 2221 singulatim
3280 2149 3336 2202 in

70 2241 231 2295 bono
258 2240 654 2311 intelliguntur,
692 2243 745 2296 in
787 2244 1068 2300 voluntate
1106 2244 1198 2301 Dei
1235 2248 1417 2301 omnia
1446 2249 1975 2303 animadvertuntur.

160 2329 336 2382 Ἀλλὰ
360 2329 418 2382 τί
448 2329 695 2400 βούλεται
728 2334 762 2401 ἡ
797 2333 1079 2403 προσθήκη
1120 2334 1214 2388 τοῦ
1258 2335 1438 2404 λόγου,
1480 2338 1662 2403 Ὠςέν

65 2418 322 2489 οὐρανῷ
349 2421 447 2474 καὶ
473 2421 572 2474 ἐπὶ
597 2423 704 2490 τῆς
723 2422 869 2493 γῆς;
898 2425 1052 2495 Τάχα
1078 2443 1170 2497 μοι
1194 2427 1341 2481 δοκεῖ
1364 2428 1470 2480 τῶν
1498 2428 1660 2498 βαθυ-

64 2513 127 2567 τέ
137 2530 257 2583 ρων
278 2529 335 2564 τι
352 2511 635 2582 δογμάτων
655 2515 1044 2586 ὑποσημαίνειν
1067 2520 1095 2571 ὁ
1109 2518 1285 2587 λόγος,
1304 2518 1396 2573 καί
1409 2536 1528 2574 τινα
1547 2538 1662 2574 ποι-

64 2604 262 2657 εἶσθαι
309 2604 654 2660 διδασκαλίαν
681 2606 1013 2677 θεοπρεποῦς
1035 2609 1270 2674 διανοίας
1292 2613 1348 2663 ὲν
1369 2615 1433 2682 τῇ
1463 2611 1662 2684 θεωρίᾳ

64 2697 173 2767 τῆς
188 2696 446 2760 κτίσεως.
460 2699 525 2751 ⁸0
536 2697 592 2750 δὲ
604 2696 997 2766 λέγωτοιοῦτόν
1013 2703 1147 2755 ὲστιδ
1162 2704 1500 2775 Μεμέρισται
1514 2707 1662 2758 πᾶσα

62 2793 98 2861 η
126 2791 340 2862 λογικὴ
370 2792 564 2855 κτίσις,
590 2791 669 2854 είς
696 2810 757 2844 τε
786 2792 884 2860 τὴν
910 2788 1201 2863 ἀσώματον
1243 2796 1333 2847 καὶ
1370 2794 1467 2865 τὴν
1497 2795 1662 2848 ὲνσὼ-

67 2900 257 2955 ματον
272 2882 455 2952 φύσιν.
482 2884 636 2936 Ἔστι
659 2883 715 2936 δὲ
735 2882 998 2954 ἁγγελικὴ
1020 2885 1117 2954 μὲν
1138 2886 1169 2954 ἡ
1194 2882 1476 2954 ἀσώματος
1494 2904 1507 2916 ·
1530 2886 1588 2938 τὸ
1607 2887 1662 2940 δὲ

62 2973 157 3025 Et:
166 2989 270 3044 ρον
294 2969 434 3036 εἶδος
455 2975 615 3044 ἡμεῖς
643 2975 691 3025 ot
715 2972 812 3027 ἄνθ
822 2987 1010 3044 ρωποι.
1045 2973 1105 3026 Ἠ
1128 2974 1225 3042 μὲν
1248 2970 1339 3028 οῦν
1358 2977 1540 3044 νοητὴ,
1566 2978 1660 3030 am

62 3066 129 3137 δὴ
156 3065 264 3119 τοῦ
298 3064 589 3136 βαροῦντος
610 3066 983 3136 κεχωρισμένη
1015 3064 1262 3136 σώματος
1280 3068 1486 3137 (τούτου
1520 3068 1661 3137 λέγω

60 3156 163 3209 τοῦ
207 3155 513 3209 ἀντιτύπου
551 3173 610 3208 τε
656 3157 751 3211 καὶ
790 3157 869 3220 εἰς
913 3158 1013 3227 γῆν
1051 3157 1357 3228 βρίθοντος)
1407 3159 1503 3229 τὴν
1549 3160 1660 3213 ἄνω

61 3246 232 3317 λῆξιν
275 3246 682 3317 ἐπιπορεύεται,
726 3250 838 3309 τοῖς
877 3248 1098 3315 κούφοις
1126 3265 1182 3301 τε
1208 3250 1297 3302 καὶ
1326 3249 1662 3321 αἰθεριώδεσι
1692 3232 1733 3291 C

60 3345 268 3404 τόποις
288 3340 722 3411 ἐνδιατρίϐουσα,
750 3341 807 3393 ὲν
836 3337 1048 3412 ἐλαφρᾷ
1079 3358 1138 3393 τε
1179 3344 1271 3397 καὶ
1302 3344 1567 3416 εὐκινήτῳ
1595 3349 1660 3417 τῇ

62 3432 243 3499 φύσει
266 3448 279 3462 ·
315 3433 352 3503 ἡ
376 3432 432 3485 δὲ
457 3431 619 3502 ἑτέρα
643 3431 731 3485 διὰ
758 3432 856 3485 τὴν
879 3432 971 3485 τοῦ
998 3433 1245 3505 σώματος
1275 3438 1306 3507 ἡ
1315 3436 1429 3505 μῶν
1452 3438 1583 3510 πρὸς
1603 3439 1663 3491 τὺ

61 3523 284 3592 γεῶδες
312 3523 657 3592 συγγένειαν,
684 3518 794 3578 οἷόν
819 3542 938 3579 τινα
976 3526 1118 3589 ἰλύος
1149 3528 1520 3599 ὑποστάθμην,
1542 3531 1661 3583 κατ’

61 3620 329 3690 ἀνάγκην
360 3620 451 3672 τὸν
482 3620 759 3691 περίγειον
785 3621 975 3675 τοῦτον
1005 3622 1188 3694 εἴληχε
1225 3624 1357 3692 βίον.
1408 3626 1521 3678 υύκ
1546 3621 1662 3679 οἶδα

63 3714 171 3782 μὲν
196 3713 229 3765 ὃ
249 3728 304 3765 τι
326 3710 421 3764 τοῦ
447 3710 589 3768 θείου
624 3714 961 3783 βουλήματος
980 3715 1067 3767 διὰ
1090 3715 1295 3769 τούτων
1322 3717 1662 3786 οἰκονομοῦν-

58 3818 180 3865 τος,
225 3801 345 3854 εἴτε
376 3803 555 3853 πᾶσαν
584 3804 717 3872 πρὸς
743 3804 935 3873 ἑαυτὴν
978 3806 1302 3868 οἱκειοῦντος
1338 3806 1435 3876 τὴν
1464 3807 1657 3868 κτίσιν,

57 3895 140 3955 ὡς
177 3895 254 3948 ἂν
301 3894 440 3963 μήτε
470 3892 579 3945 τῶν
611 3895 872 3964 οὐρανίων
923 3896 1228 3966 ὐφωμάτων
1259 3898 1290 3966 ἡ
1338 3898 1486 3950 κάτω
1512 3897 1661 3968 λῆξις

56 3987 426 4056 ἀμοιρήσειε,
474 3986 609 4056 μήτε
653 3986 682 4038 ὁ
708 3987 934 4058 οὐρανὸς
984 3988 1212 4041 καθόλου
1242 3989 1351 4042 τῶν
1392 3989 1531 4043 κατὰ
1562 3990 1659 4061 τὴν

56 4076 171 4144 γῆν
213 4076 594 4145 άμοιρήσειεν,
638 4075 714 4139 ὡς
756 4076 822 4129 ἂν
865 4078 1071 4145 γένοιτό
1103 4096 1183 4142 τις
1210 4080 1296 4134 διὰ
1326 4079 1418 4133 τοῦ
1449 4081 1658 4153 ἀνθρω-

56 4168 231 4219 πίνου
268 4166 594 4234 πλάσματος
631 4166 874 4237 ἐκατέρῳ
924 4167 1031 4221 τῶν
1074 4170 1350 4239 στοιχείων
1404 4171 1659 4239 μετουσία

52 4256 173 4309 τῶν
216 4258 281 4308 ἐν
312 4254 529 4326 θατέρῳ
556 4257 881 4326 νοουμένων,
912 4258 1005 4311 τοῦ
1034 4276 1094 4311 τε
1129 4261 1313 4330 νοεροῦ
1336 4261 1432 4331 τῆς
1459 4260 1654 4331 ψυχῆς,

53 4347 206 4419 ὅπερ
235 4347 392 4400 δοκεί
420 4348 685 4416 συγγενές
711 4367 771 4402 τε
803 4351 896 4403 καὶ
924 4350 1191 4420 ὁμόφυλον
1212 4351 1318 4404 τῶν
1345 4352 1464 4404 κατ’
1492 4353 1656 4422 οὐρα-

52 4441 170 4493 νῶν
216 4436 363 4492 εἶναι
396 4439 697 4509 δυνάμεων,
725 4445 835 4507 τοῖς
868 4445 1076 4511 γηῖνοις
1108 4443 1353 4512 σώμασιν
1386 4443 1655 4496 ἐνοικοῦν-

1838 2338 1944 2395 Sed
1974 2338 2106 2409 quid
2137 2336 2241 2392 sibi
2269 2337 2384 2392 vult
2412 2335 2647 2404 adjectio
2677 2336 2847 2402 verbi,
2891 2333 3041 2390 Sicut
3098 2335 3154 2387 in
3206 2350 3335 2389 εωιο

1764 2442 1812 2486 et
1843 2432 1894 2485 in
1926 2434 2107 2486 terra?
2141 2428 2364 2485 Videtur
2393 2430 2522 2483 mihi
2572 2444 2751 2484 sermo
2806 2428 3043 2497 aliquam
3105 2425 3335 2483 fortassi:

1766 2523 2176 2595 profundiorem
2200 2522 2444 2577 indicare
2471 2520 2815 2583 sententiam,
2843 2528 2897 2573 et
2926 2518 3213 2588 quamdam
3241 2532 3336 2588 per

1766 2612 2279 2683 contemplationem
2310 2620 2575 2666 creaturae
2607 2610 2777 2665 divini
2816 2610 3123 2664 intellectus
3152 2609 3335 2663 tradea

1764 2722 1824 2760 re
1882 2705 2207 2760 doctrinam.
2262 2704 2416 2770 Quod
2472 2713 2651 2759 autem
2698 2703 2843 2765 dico,
2880 2702 2985 2757 tale
3013 2700 3333 2757 est:Omnis

1766 2802 2016 2849 creatura
2049 2795 2333 2850 rationalis
2363 2794 2560 2864 partim
2593 2793 2648 2847 in
2680 2794 3075 2863 incorpoream,
3134 2793 3331 2863 partim

1768 2887 1823 2941 in
1858 2902 2178 2957 corpoream
2203 2896 2454 2941 naturam
2486 2886 2660 2940 divisa
2685 2896 2785 2941 est.
2817 2886 2914 2941 Est
2939 2893 3119 2941 autem
3166 2901 3333 2954 ange-

1767 2977 1872 3032 lica
1898 2976 2115 3047 quidem
2172 2980 2544 3048 incorporea:
2601 2978 2769 3033 altera
2817 2993 2946 3032 vero
3002 2977 3182 3047 specie
3233 2993 3334 3030 nos

1766 3068 2015 3125 homines
2044 3085 2252 3125 sumus.
2280 3071 2457 3140 Atque
2482 3070 2573 3123 illa
2601 3069 2817 3139 quidem
2840 3085 2981 3139 qua),
3016 3070 3332 3138 incorporea

1766 3178 1888 3217 cum
1922 3163 2013 3227 sit,
2043 3164 2156 3217 sola
2185 3171 2363 3217 mente
2390 3162 2887 3230 comprehenditur,
2922 3171 2980 3216 ut
3022 3178 3142 3231 quae
3168 3161 3331 3214 nimi.

1766 3270 1887 3308 rum
1914 3270 1943 3309 a
1974 3262 2233 3325 gravante
2253 3268 2480 3323 corpore
2513 3262 2720 3308 remota
2773 3262 2934 3323 atque
2977 3253 3220 3322 seiuncta
3263 3254 3334 3307 sit

1766 3348 1852 3409 (de
1876 3348 1979 3402 hoc
2008 3348 2199 3417 loquor
2220 3346 2378 3412 duro,
2432 3348 2707 3408 renitenti.
2739 3363 2803 3401 ac
2836 3348 3074 3417 pondere
3121 3360 3221 3401 suo
3264 3347 3331 3399 ad

1765 3447 1965 3494 terram
1995 3446 2249 3509 vergente
2279 3440 2656 3508 corpore),per
2699 3453 2950 3508 superam
2987 3446 3191 3508 partem
3232 3438 3331 3492 ob-

1765 3538 2013 3587 versatur
2038 3531 2092 3584 in
2118 3531 2327 3585 levibus
2350 3539 2404 3585 et
2430 3531 2679 3586 aethereis
2725 3531 2881 3589 locis.
2937 3531 3233 3585 immorans
3276 3531 3333 3585 in

1765 3621 1888 3692 agili
1906 3630 1960 3677 et
1980 3622 2229 3692 expedita
2250 3631 2478 3689 natura;
2499 3624 2665 3677 altera
2688 3637 2814 3676 vero
2843 3630 3066 3691 propter
3082 3622 3330 3692 corporis

1762 3713 1936 3768 nostri
1965 3728 2088 3767 eum
2132 3719 2307 3767 terrea
2360 3722 2553 3767 natura
2613 3714 3013 3782 cognationem,
3072 3721 3329 3782 tanquam

1762 3804 1876 3857 limi
1907 3813 1961 3857 et
2002 3803 2147 3858 faecis
2196 3804 2466 3873 quoddam
2532 3804 2916 3865 sedimenlum,
2965 3803 3102 3856 hanc
3161 3811 3331 3857 terre.

1763 3906 1928 3951 strem
1954 3896 2118 3949 vitam
2146 3897 2474 3949 necessitate
2503 3895 2698 3949 sortita
2737 3900 2838 3949 est.
2894 3893 3043 3947 llaud
3076 3894 3327 3963 equidem

1762 3985 1875 4040 scio
1933 3985 2064 4054 quid
2109 4000 2205 4055 per
2240 3984 2353 4039 haec
2392 3985 2572 4039 divina
2607 3987 2858 4040 voluntas
2897 3984 3227 4055 disposuerit
3265 4000 3330 4039 ac

1760 4079 2131 4143 destinaverit,
2167 4079 2280 4134 sive
2305 4094 2519 4133 omnem
2545 4079 2646 4132 sibi
2679 4086 2983 4132 creaturam
3010 4078 3328 4132 consociare

1759 4177 1920 4240 atque
1941 4169 2233 4224 conciliare
2265 4168 2554 4230 studuerit,
2580 4175 2640 4221 ut
2666 4183 2841 4237 neque
2872 4166 3083 4223 inferna
3133 4176 3327 4222 natura

1759 4262 2063 4317 cmlestium
2096 4262 2465 4327 altitudinum,
2499 4275 2674 4329 neque
2731 4260 2928 4313 malum
2989 4268 3326 4314 terrenarum

1758 4368 1943 4409 rerum
1977 4353 2190 4421 penitus
2217 4367 2410 4421 expers
2440 4358 2604 4414 esset,
2633 4357 2692 4403 ut
2722 4365 2820 4418 per
2850 4350 3086 4403 hominis
3126 4350 3330 4404 forma~

1761 4442 1961 4497 tionem
1993 4448 2156 4509 atque
2184 4440 2547 4494 conditionem
2582 4438 2797 4508 utrique
2849 4440 3124 4521 elemento
3174 4441 3327 4495 ﬁeret

50 4548 175 4594 τος,
212 4530 320 4600 τῆς
365 4529 422 4581 δὲ
451 4532 657 4600 γεηρᾶς
697 4531 898 4601 ταύτης
931 4533 1132 4603 σαρκὸς
1180 4535 1237 4585 ἐν
1282 4537 1345 4603 τῇ
1379 4534 1656 4587 ἀποκατα-

1765 4533 1942 4601 aliqua
1976 4530 2317 4600 participatio
2357 4545 2545 4584 eorum
2576 4545 2697 4598 quae
2733 4530 2788 4583 in
2834 4531 3097 4584 alterutro
3129 4531 3329 4585 intelli-

56 4624 269 4675 στάσει
306 4621 415 4673 τῶν
446 4623 664 4675 πάντων
705 4624 785 4686 είς
816 4624 906 4677 τὸν
934 4624 1183 4693 οὐράνιον
1210 4624 1383 4695 χῶρον
1411 4628 1474 4696 τῇ
1510 4625 1653 4697 ψυχῇ

54 4713 667 4786 συμμετοικιζομένης.
738 4716 1227 4785 Ἀρπαγησόμεθα
1274 4720 1417 4787 γὰρ,
1476 4716 1659 4781 καθώς

54 4823 239 4875 φησιν
276 4800 306 4857 ὁ
352 4804 691 4869 Ἀπόστολος,
738 4806 808 4860 ἐν
845 4807 1147 4875 νεφέλαις,
1188 4810 1275 4873 εἰς
1317 4808 1658 4876 ἀπάντησιν

48 4897 172 4950 τοῦ
222 4895 488 4963 Κυρίου,
534 4899 623 4963 εἰς
652 4897 827 4965 ἀέρα,
861 4899 956 4952 καὶ
1013 4898 1195 4964 οὕτως
1240 4898 1498 4954 πάντοτε
1536 4901 1658 4954 σὺν

50 4986 277 5055 Κυρίῳ
301 4986 580 5055 ἐσόμεθα.
622 4988 748 5040 Εἴτε
769 4982 861 5040 οὖν
886 4988 1059 5052 τοῦτο,
1090 4988 1198 5042 εἴτε
1218 5008 1269 5043 τι
1301 4990 1389 5043 ἓτε
1398 5007 1487 5060 ρον
1508 4989 1658 5060 παρὰ

46 5082 232 5133 τοῦτο
264 5078 369 5147 τῆς
399 5078 493 5131 τοῦ
525 5078 661 5133 Θεοῦ
709 5081 900 5149 σοφίας
938 5082 1342 5151 οἰκονομούσης,
1386 5086 1444 5136 ὲν
1470 5085 1535 5154 τῇ
1581 5082 1658 5135 δι·-

48 5172 170 5242 πλῇ
212 5168 396 5238 ταύτῃ
428 5169 538 5240 ζωῇ
582 5171 896 5242 μερισθεῖσα
927 5173 1079 5225 πᾶσα
1113 5174 1145 5243 ἡ
1181 5173 1370 5244 λογικὴ
1406 5174 1656 5244 διῄρηται

47 5261 259 5332 φύσις,
293 5261 328 5328 ἡ
361 5260 457 5328 μὲν
488 5260 776 5331 ἀσώματος
799 5262 898 5334 τὴν
929 5263 1178 5333 οὐράνιον
1211 5264 1446 5333 λαχοῦσα
1479 5281 1656 5334 μακα-

49 5350 306 5421 ριότητα
332 5364 346 5377 ·
395 5350 428 5417 ἠ
450 5348 507 5401 δὲ
531 5348 620 5403 διὰ
641 5351 842 5421 σαρκὸς
861 5354 941 5416 εἰς
962 5353 1066 5423 γῆν
1093 5354 1548 5432 ἐπιστρεφομένη,
1570 5353 1658 5406 διὰ

42 5440 155 5511 τὴν
189 5435 343 5507 πρὸς
385 5436 552 5508 αὐτὴν
582 5440 908 5508 οἰκειότητα.
953 5441 1018 5493 Ἣ
1045 5441 1142 5510 μέν
1165 5459 1245 5494 τοι
1276 5443 1367 5495 τοῦ
1395 5442 1560 5496 καλοῦ
1591 5460 1649 5494 τε

41 5531 149 5583 καὶ
175 5526 401 5595 ἀγαθοῦ
431 5529 711 5600 ἐπιθυμία,
744 5531 1020 5601 ὁμοτίμως
1052 5534 1287 5604 ἑκατέρᾳ.
1318 5533 1651 5604 σῡνουσιώθη

39 5623 113 5693 τῇ
143 5619 347 5691 φύσει,
382 5619 480 5674 καὶ
502 5620 562 5674 τὸ
593 5622 924 5695 αὐτοκρατές
947 5640 1006 5678 τε
1044 5626 1138 5679 καὶ
1167 5623 1529 5692 αὐτεξούσιον,
1558 5628 1651 5681 καὶ

120 5801 178 5833 θ
224 5798 259 5854 [⁷
296 5793 493 5857 Thess.
524 5808 599 5863 Iv.
642 5800 728 5857 16.

1759 4628 1996 4688 guntur;
2033 4634 2156 4672 cum
2187 4626 2240 4672 et
2271 4617 2472 4679 anima,
2515 4632 2636 4685 qua:
2690 4625 2869 4671 mente
2910 4625 3147 4681 constat,
3205 4634 3328 4688 quae

1754 4721 1912 4761 mens
1961 4704 2140 4760 aﬂinis
2172 4713 2226 4759 et
2275 4714 2503 4774 cognata
2537 4705 2836 4759 cmlestium
2899 4706 3159 4761 virtutum
3207 4723 3328 4761 esse

1756 4796 1992 4859 videtur,
2048 4796 2279 4851 terrenis
2335 4796 2660 4865 corporibus
2732 4797 3019 4863 inhabitet,
3087 4808 3141 4854 et
3212 4800 3325 4854 haec

1758 4896 1937 4943 terrea
1956 4903 2083 4942 caro
2113 4888 2165 4941 in
2194 4889 2537 4943 restitutione
2555 4888 2932 4943 universorum
2962 4890 3013 4944 in
3047 4892 3322 4946 caelestem

1757 4981 1937 5035 locum
2003 4995 2110 5033 una
2166 4996 2290 5034 cum
2342 4980 2524 5032 anima
2583 4981 2953 5049 transmigret.
3008 4980 3326 5051 (Rapiemur

1755 5072 1922 5133 enim,
1962 5080 2021 5125 ut
2053 5072 2229 5142 inquit
2255 5071 2569 5141 Apostolus,
2596 5073 2649 5125 in
2680 5071 2924 5135 nubibus,
2957 5073 3011 5125 in
3049 5090 3325 5128 occursum

1756 5163 1993 5221 Domini.
2010 5166 2061 5217 in
2079 5181 2270 5226 aerem,
2285 5173 2333 5218 et
2354 5164 2431 5217 sic
2449 5179 2648 5227 semper
2662 5180 2779 5216 cum
2794 5163 3020 5218 Domino
3036 5160 3323 5235 erinms“.)

1757 5256 1884 5310 Sive
1915 5256 2083 5325 igitur
2105 5256 2225 5319 hoc,
2262 5255 2377 5309 sive
2404 5255 2607 5323 aliquid
2652 5254 2798 5310 aliud
2826 5267 3022 5325 praeter
3052 5257 3155 5309 hoc
3179 5256 3323 5310 divi-

1755 5365 1825 5403 na
1854 5348 2123 5417 sapientia
2174 5347 2513 5417 disponente,
2559 5349 2613 5402 in
2644 5350 2783 5403 hanc
2834 5350 3106 5418 duplicem
3159 5349 3322 5402 vitam

1758 5452 1904 5496 secta
1932 5441 2116 5495 omnis
2146 5449 2336 5494 natura
2362 5440 2647 5494 rationalis
2678 5449 2841 5510 atque
2879 5441 3053 5495 divisa
3085 5448 3189 5507 est,
3218 5458 3325 5495 una

1757 5533 1975 5602 quidem
2030 5533 2376 5600 incorporea,
2422 5547 2544 5601 quae
2602 5533 2879 5587 caelestem
2941 5533 3326 5588 beatitudinem

1758 5624 1948 5681 sortita
1985 5634 2068 5681 est
2144 5623 2310 5678 altera
2365 5638 2520 5691 vero,
2569 5639 2688 5694 qua:
2743 5634 2964 5695 propter
3016 5624 3328 5680 allinitatem
