3812 6228
508 357 642 412 1267

1771 354 1827 408 S.
1870 350 2203 409 GREGORII
2240 352 2532 411 NYSSENI

3643 362 3760 416 nos

500 493 662 548 quam
693 491 817 529 cum
855 489 917 530 ea
951 474 1136 539 habet,
1170 475 1222 528 in
1252 482 1398 530 terra
1431 491 1527 546 per
1560 493 1782 530 carnem
1823 485 2070 546 occupat:

2191 477 2370 548 πάσης
2384 478 2631 548 ἀνάγκης
2649 475 2932 548 ἐλεύθερον
2951 477 3063 530 ἴσον
3084 477 3173 530 ἐπ’
3187 477 3392 548 ἀμφοῖν
3411 477 3442 529 ὁ
3459 475 3556 530 τοῦ
3579 478 3765 540 tavris;

499 577 619 621 est:
649 572 1019 622 verumtamen
1048 566 1172 621 boni
1204 576 1259 620 et
1283 566 1495 622 honesti
1530 568 1770 623 studium
1801 568 2084 638 aequaliter

501 661 790 730 utriusque
822 669 1033 714 natura:
1062 661 1317 716 essentia:
1346 661 1510 714 simul
1543 661 1765 716 insitum
1811 671 1866 716 et
1924 661 2084 714 attri-

501 753 692 806 butum
721 761 826 815 est,
843 751 1168 823 plenamque
1195 753 1322 806 item
1353 767 1417 806 ac
1446 768 1714 808 summam
1750 753 1803 807 in
1828 768 1952 808 sese
1983 766 2084 822 p0-

500 853 777 909 testatem,
796 853 850 898 et
883 844 949 897 ab
968 845 1115 897 omni
1150 845 1476 899 necessitate
1497 843 1721 898 liberam
1744 845 2081 899 voluntatem

499 937 551 988 in
587 936 840 1005 utrisque
869 950 1052 1005 parem
1086 952 1267 989 rerum
1305 936 1683 989 universarum
1715 952 1917 1006 pneses
1949 935 2082 992 effe-

497 1027 593 1088 cit,
651 1035 710 1079 ut
740 1026 907 1079 animi
958 1026 1130 1080 libero
1161 1026 1395 1095 quodam
1427 1026 1652 1080 arbitrio
1684 1036 1848 1096 atque
1880 1041 2082 1096 propo—

499 1117 607 1172 sito
637 1124 856 1186 regatur
887 1117 1153 1187 quidquid
1189 1118 1398 1170 ratione
1445 1117 1646 1186 pariter
1678 1131 1740 1171 ac
1771 1125 1950 1172 mente
1984 1117 2082 1171 ho-

498 1220 752 1264 noratum
795 1217 900 1262 est.
936 1207 1038 1262 Sed
1069 1224 1307 1278 superna
1343 1208 1559 1278 quidem
1609 1208 1716 1261 vita
1777 1209 1998 1280 penitus
2049 1225 2078 1264 a

497 1299 743 1368 nequitia
774 1307 939 1368 atque
977 1299 1277 1354 vitiositate
1306 1315 1442 1367 pura
1473 1309 1574 1362 est,
1623 1315 1687 1353 ac
1742 1300 1877 1353 nihil
1920 1301 2082 1370 quid-

495 1407 658 1460 quam
693 1391 859 1444 exiis
911 1407 1032 1460 qua:
1083 1405 1146 1444 ex
1185 1390 1464 1444 contrario
1517 1390 1893 1462 intelliguntur
1951 1407 2077 1444 cum

494 1485 585 1536 illa
611 1482 720 1534 vita
751 1490 1111 1536 conversatur
1167 1490 1329 1550 atque
1400 1482 1841 1538 communionem
1891 1482 2077 1547 habet,

495 1575 590 1630 sed
624 1575 806 1630 omnis
852 1575 1087 1630 vitiosus
1129 1575 1588 1645 perturbatusque
1624 1585 1805 1631 motus
1851 1584 1905 1630 et
1950 1575 2080 1631 affe-

494 1679 637 1733 elus,
667 1669 868 1738 quibus
898 1669 1062 1722 rebus
1091 1683 1264 1738 genus
1297 1668 1592 1721 humanum
1629 1668 1924 1722 obnoxium
1970 1677 2075 1732 est,

493 1779 590 1833 per
645 1762 912 1816 infernam
965 1762 1130 1815 vitam
1188 1769 1418 1830 vagatur
1465 1769 1520 1815 et
1579 1760 1818 1816 oberrat.
1875 1761 2076 1828 Quam-

491 1855 680 1908 obrem
713 1869 831 1908 eam
864 1869 985 1923 qu:e
1030 1853 1084 1906 in
1119 1852 1276 1906 malis
1321 1860 1407 1906 est
1446 1862 1761 1907 sanctarum
1803 1843 2072 1908 virtutum

489 1948 655 1999 vitam
709 1961 738 1999 a
787 1945 1028 2016 nequitia
1061 1953 1224 2015 atque
1270 1946 1571 2001 vitiositate
1617 1961 1846 2000 vacuam
1891 1953 1946 2001 et
2005 1948 2075 2001 ab

492 2038 640 2091 omni
672 2045 1021 2108 peccatorum
1053 2037 1266 2091 macula
1303 2039 1569 2109 integram
1605 2053 1669 2093 ac
1708 2054 1900 2108 puram
1951 2054 2075 2094 esse

491 2133 643 2186 novit
671 2132 932 2185 divinitus
963 2131 1218 2199 praedicta
1245 2129 1550 2200 Scriptura.
1583 2129 1857 2200 Quidquid
1888 2137 2073 2184 autem

488 2235 643 2281 extra
670 2224 874 2278 bonum
899 2238 994 2292 per
1024 2223 1198 2291 ipsam
1231 2223 1300 2275 ab
1341 2237 1408 2276 eo
1453 2221 1820 2276 secessionem
1867 2221 2071 2274 malum

489 2318 656 2372 subiit
685 2325 846 2382 atque
869 2313 1132 2382 suscepit,
1165 2313 1311 2367 circa
1335 2328 1632 2366 concavam
1662 2323 1823 2383 atque
1854 2313 2074 2382 depres~

489 2427 604 2464 sam
637 2409 778 2462 hanc
798 2407 991 2468 vitam,
1029 2405 1190 2459 sicuti
1221 2405 1474 2472 quaedam
1507 2403 1608 2458 fmx
1656 2409 1711 2458 et
1744 2403 1908 2458 limus
1941 2417 2075 2457 con-

487 2500 667 2564 fluxit,
725 2513 834 2568 qua
891 2497 1119 2550 ratione
1157 2494 1474 2564 inquinatur
1531 2510 1704 2564 genus
1749 2495 2069 2558 humanum,

488 2607 597 2662 quo
623 2591 804 2646 minus
833 2589 1082 2644 divinum
1119 2588 1300 2640 lumen
1333 2586 1583 2641 veritatis
1627 2585 1925 2647 intueatur,
1978 2601 2074 2655 per

488 2681 759 2751 ejusmodi
815 2681 1069 2736 tenebras
1117 2677 1457 2747 impeditum.
1517 2674 1574 2730 Si
1633 2675 1800 2746 igitur
1835 2691 2072 2745 superna

487 2775 706 2845 quidem
736 2774 845 2826 vita
879 2773 948 2827 ab
971 2771 1259 2826 affectibus
1305 2779 1360 2824 et
1413 2769 1563 2823 vitiis
1611 2785 1809 2834 vacua,
1861 2769 2072 2839 integra

489 2878 650 2936 atque
681 2867 996 2936 incorrupta
1046 2873 1170 2930 est;
1219 2863 1387 2917 variis
1449 2870 1630 2916 autem
1672 2861 1960 2916 affectibus
2016 2869 2072 2916 et

487 2956 749 3012 aerumnis
807 2956 1055 3011 demersa
1085 2964 1170 3009 est
1199 2953 1363 3022 hujus
1393 2961 1623 3007 terrena:
1657 2953 1780 3006 vitae
1825 2953 2068 3015 miseria,

488 3048 841 3117 manifestum
882 3049 1047 3103 fuerit
1082 3047 1226 3118 quod
1259 3060 1495 3116 superna
1536 3045 1757 3116 quidem
1810 3047 1942 3108 vita,
1980 3054 2070 3100 ut-

2185 567 2483 638 ἐπιστάτης
2526 569 2802 638 ὲποίησεν,
2845 567 2921 631 ὼς
2968 569 3250 640 αὐτονόμῳ
3295 569 3407 621 τινὶ
3462 569 3766 638 προαιρέσει

2184 659 2584 728 οἰκονομεῖσθαι
2625 661 2735 712 πᾶν
2765 660 2888 712 ὅσον
2917 658 3060 728 λόγῳ
3086 675 3146 712 τε
3176 659 3272 712 καὶ
3305 658 3525 728 διανοίᾳ
3554 659 3767 727 τετίμηο

2183 759 2316 803 ται’·
2358 751 2468 805 ἀλλ’
2503 753 2538 822 ὴ
2565 752 2664 822 μὲν
2695 751 2809 804 ἄνω
2840 750 2975 822 ζωὴ,
3010 750 3304 822 καθαρεύει
3338 751 3524 820 πάντη
3555 750 3765 806 κακίας.

2183 841 2279 895 καὶ
2304 842 2423 894 οὐδὲ
2468 842 2526 895 ἓν
2555 843 2740 915 ἐκείνῃ
2786 842 2895 895 τῶν
2937 843 3002 894 ὲκ
3047 841 3143 894 τοῦ
3190 843 3436 896 ἐναντίου
3467 843 3768 910 νοουμένων

2185 934 2673 1003 συμπολιτεύεται·
2725 937 2876 988 πᾶσα
2923 935 2979 988 δὲ
3018 934 3269 1004 ἐμπαθὴς
3314 935 3537 1004 κίνησίς
3580 953 3644 987 τε
3687 937 3771 987 καὶ

2181 1025 2444 1090 διάθεσις,
2486 1027 2586 1097 τὴν
2622 1027 2774 1080 κάτω
2805 1025 2950 1096 ζωὴν
2993 1027 3295 1096 περιπολεῖ,
3345 1027 3407 1079 ὲν
3435 1021 3523 1090 οἷς
3554 1030 3676 1080 ἐστι
3719 1028 3772 1079 τὸ

2183 1118 2539 1188 ἀνθρώπινον.
2595 1119 2695 1171 Διά
2726 1119 2882 1172 τοῦτο
2911 1119 3010 1189 τὴν
3045 1122 3104 1171 ἐν
3147 1119 3396 1189 οὐρανοῖς
3445 1119 3560 1170 τῶν
3609 1119 3772 1185 ἁγίων

2180 1208 2462 1279 δυνάμεων
2497 1209 2766 1262 πολιτείαν
2805 1209 2982 1278 ἀμιγῆ
3026 1207 3242 1270 κακίας,
3292 1208 3389 1260 καὶ
3436 1209 3655 1266 παντὸς
3687 1207 3770 1259 τοῦ

2181 1301 2241 1366 ἐξ
2273 1301 2547 1370 ἁμαρτίας
2588 1299 2866 1370 μολυσμοῦ
2897 1299 3324 1370 καθαρεύουσαν,
3348 1302 3377 1352 ό
3412 1299 3772 1361 θεόπνευστος

2181 1392 2467 1445 ἐπίσταται
2500 1391 2677 1460 λόγος.
2745 1393 2858 1445 Πᾶν
2887 1391 2944 1444 δὲ
2973 1391 3095 1443 ὅσον
3135 1391 3290 1454 ἐκτὸς
3334 1389 3434 1443 τοῦ
3465 1391 3685 1458 ἀγαθοῦ
3711 1391 3770 1442 δι’

2181 1481 2352 1552 αὐτῆς
2391 1483 2491 1554 τῆς
2537 1485 2935 1555 ἀναχωρήσεως
2976 1482 3141 1536 αὐτοῦ
3192 1483 3530 1553 παρυπέστη
3589 1485 3768 1540 κακὸν.

2180 1576 2310 1646 περὶ
2343 1577 2444 1646 τὴν
2475 1575 2662 1645 κοίλην
2685 1577 2889 1647 ταύτην
2917 1574 3084 1644 ζωὴν,
3107 1569 3218 1629 οἶόν
3243 1593 3328 1638 τις
3360 1577 3575 1647 τρυγία
3600 1594 3662 1628 τε
3685 1577 3768 1628 καί

2183 1668 2298 1730 ἰλὺς
2335 1667 2629 1739 συνερρύη,
2727 1668 3015 1738 μολύνεται
3048 1669 3109 1722 τὸ
3133 1668 3498 1740 ἀνθρώπινον,
3544 1671 3688 1741 πρὸς
3720 1671 3770 1722 τὸ

2179 1759 2415 1812 κατιδεῖν
2449 1760 2511 1812 τὸ
2540 1759 2680 1812 θεῖον
2715 1760 2814 1830 τῆς
2845 1759 3104 1826 ἀληθείας
3133 1760 3246 1828 φῶς
3275 1761 3362 1814 διὰ
3393 1761 3490 1814 τοῦ
3525 1763 3764 1815 τοιοῦτοι

2181 1852 2404 1914 σκότους
2425 1851 2868 1922 ὲμποδιζόμενον.
2896 1853 2958 1906 El
2981 1854 3156 1906 τοίνυν
3180 1854 3395 1924 ἀπαθὴς
3422 1855 3527 1924 μὲν
3551 1857 3586 1924 ἡ
3616 1857 3768 1924 ὕπερ-

2176 1945 2406 2015 κειμένη
2445 1945 2560 2016 ζωὴ
2589 1947 2682 1999 καλ⁸
2717 1947 3014 2017 ἀκήρατος,
3043 1948 3318 2008 παντοίοις
3341 1947 3400 1999 δὲ
3445 1947 3656 2000 πάθεσι
3683 1949 3767 2000 καὶ

2174 2036 2570 2106 ταλαιπωρίαις
2603 2037 3104 2090 καταὸεϐάπτισται
3141 2040 3175 2108 ἡ
3225 2037 3479 2108 ἀθλιότης
3517 2039 3628 2107 τῆς
3675 2033 3765 2090 ὦδε

2176 2129 2349 2198 ζωῆς·
2382 2128 2541 2197 δῆλον
2571 2129 2637 2182 ἂν
2684 2128 2793 2199 εἴη,
2838 2130 2920 2182 ὅτι
2952 2131 2984 2199 ἡ
3016 2129 3115 2198 μὲν
3160 2129 3272 2183 ἄνω
3316 2128 3592 2186 πολιτεία,
3682 2130 3764 2182 ita

2176 2221 2376 2284 παντὸς
2407 2220 2579 2274 κακοῦ
2620 2220 3020 2293 καθαρεύουσα,
3060 2223 3118 2272 ὲν
3161 2220 3239 2290 τῷ
3269 2220 3462 2290 ἀγαθῴ
3490 2221 3761 2291 Gali-‘91::

2173 2312 2268 2365 τοῦ
2306 2312 2442 2366 Θεοῦ
2489 2313 2884 2384 κατορθοῦται’
2935 2312 3063 2366 ἔνθα
3101 2314 3207 2386 γὰρ
3257 2313 3430 2366 κακὸν
3464 2314 3572 2366 οὐκ
3603 2315 3763 2370 ἔστιν,

2174 2404 2388 2475 ἀνάγκη
2423 2406 2574 2458 πᾶσα
2599 2404 2803 2473 ἀγαθὸν
2825 2400 2963 2457 εἶναι
2985 2421 2996 2431 ·
3049 2407 3084 2474 ἡ
3116 2404 3173 2456 δὲ
3197 2403 3318 2457 καθ’
3341 2405 3492 2474 ἡμᾶς
3529 2404 3650 2474 ζωὴ
3674 2403 3766 2470 τῆς

2173 2496 2282 2550 τῶν
2312 2495 2531 2565 ἀγαθῶν
2559 2497 2847 2564 μετουσίας
2865 2499 3271 2559 ἐκπεπτωκυῖα,
3305 2495 3765 2549 συνεκπέπτωκεν

2175 2589 2270 2642 καὶ
2294 2590 2388 2641 τοῦ
2409 2589 2552 2642 θείου
2586 2588 2748 2659 βουλή
2759 2607 2944 2659 ματος.
2997 2590 3097 2643 Διά
3120 2589 3276 2642 τοῦτο
3297 2590 3356 2642 ὲν
3384 2593 3454 2660 τῇ
3483 2592 3760 2659 προσευχῇ

2173 2681 2533 2751 διδασκόμεθα
2555 2721 2570 2745 ,
2612 2679 2786 2744 οὕτως
2825 2681 2982 2752 ἡμῶν
3022 2681 3117 2733 τοῦ
3159 2679 3332 2734 κακοῦ
3369 2682 3472 2752 τὴν
3499 2681 3651 2752 ζωὴν
3679 2685 3762 2733 ἐκο

2173 2771 2544 2844 καθαρθῆναι,
2602 2772 2678 2835 ὡς
2731 2772 2852 2825 καθ’
2897 2772 3191 2843 ὁμοιότητα
3234 2771 3338 2842 τῆς
3376 2772 3636 2841 οὐρανίου
3677 2774 3755 2825 δι-

2174 2864 2430 2934 αγωγῆς,
2462 2865 2554 2917 καὶ
2597 2865 2656 2916 ὲν
2697 2866 2828 2934 ἡμῖν
2869 2863 3282 2934 ἀνεμποδίστως
3310 2863 3372 2916 τὸ
3410 2863 3629 2933 θέλημα
3671 2862 3758 2916 τοῦ

2172 2953 2309 3008 Θεοῦ
2359 2954 2776 3010 πολιτεύσασθαι
2794 2997 2806 3015 .
2845 2955 2922 3018 ὡς
2945 2955 3010 3008 ἀν
3041 2971 3123 3013 τις
3150 2953 3299 3022 λέγοι
3327 2971 3340 2983 ·
3386 2954 3472 3007 ὅτι
3492 2953 3757 3022 Καθάπερ

2173 3048 2232 3099 ὲν
2285 3047 2494 3118 θρόνοις
2543 3047 2635 3100 καὶ
2685 3047 2913 3118 ἀρχαῖς,
2971 3048 3066 3100 καὶ
3097 3046 3400 3111 ἐξουσίαις,
3456 3047 3550 3099 καὶ
3583 3052 3757 3112 1:49:6-

490 3146 615 3208 pote
645 3140 714 3192 ab
755 3139 902 3192 omni
941 3137 1085 3190 malo
1129 3153 1286 3206 pura,
1327 3152 1424 3207 per
1477 3136 1676 3191 bonam
1734 3136 2067 3190 voluntatem

2175 3154 2319 3207 τησι,
2358 3137 2452 3191 καὶ
2477 3137 2627 3209 πάσῃ
2659 3139 2724 3208 τῇ
2769 3137 3122 3208 ὑπερκοσμίῳ
3157 3137 3388 3205 δυνάμει
3427 3138 3641 3204 γίνεταί
3667 3138 3752 3188 co'u

489 3226 583 3282 Dei
640 3243 899 3297 prospere
949 3227 1200 3296 exigatur
1244 3236 1404 3296 atque
1476 3234 1713 3294 regatur.
1772 3225 1873 3280 Ubi
1923 3228 2068 3280 enim

489 3320 692 3373 mahun
718 3335 825 3372 non
854 3327 960 3380 est,
992 3319 1192 3373 bonum
1246 3334 1470 3388 prorsus
1501 3333 1625 3373 esse
1673 3333 1902 3373 necesse
1950 3328 2067 3373 est:

489 3423 678 3468 nostra
707 3421 886 3468 autem
918 3412 1048 3475 vita,
1074 3428 1196 3466 cum
1231 3413 1616 3467 communione
1649 3420 1702 3465 et
1739 3427 1840 3466 usu
1901 3411 2072 3466 bono-

490 3520 612 3558 rum
641 3503 925 3568 exciderit,
950 3503 1114 3557 simul
1137 3502 1300 3556 etiam
1325 3501 1529 3556 excidit
1562 3502 1744 3556 divina
1769 3503 2069 3556 voluntate.

491 3595 702 3649 Idcirco
732 3609 826 3664 per
854 3593 1157 3648 orationem
1185 3594 1469 3655 docemur,
1520 3593 1595 3646 ita
1626 3608 1656 3645 a
1709 3594 1851 3646 malo
1910 3593 2070 3646 vitam

493 3696 736 3742 nostram
761 3702 1086 3757 expurgare,
1125 3695 1185 3739 ut
1242 3684 1309 3739 ad
1360 3684 1776 3739 similitudinem
1830 3685 2072 3739 caelestis

491 3780 619 3834 vita:
667 3779 926 3844 instituti,
957 3779 1122 3833 etiam
1157 3779 1210 3832 in
1241 3777 1400 3832 nobis
1423 3777 1630 3846 absque
1682 3777 1792 3830 ullo
1843 3776 2072 3846 impedi-

491 3885 676 3925 mento
708 3871 958 3925 voluntas
991 3868 1083 3924 Dei
1117 3877 1460 3929 exerceatur,
1508 3865 1732 3936 perinde
1762 3883 1825 3920 ac
1852 3868 1897 3921 si
1946 3867 2071 3936 quis

491 3961 666 4014 dicat:
700 3959 1166 4026 Quen‘iadmodum
1202 3959 1257 4012 in
1317 3957 1531 4010 thronis
1559 3965 1613 4010 et
1648 3957 2068 4026 principatibus,

491 4062 545 4108 et
569 4053 951 4124 potestatibus,
997 4062 1051 4106 et
1073 4049 1563 4110 dominationibus,
1592 4056 1646 4102 et
1695 4050 1842 4102 omni
1875 4064 2071 4119 supra-

490 4145 769 4198 mundano
790 4144 1032 4199 exercitu
1065 4145 1123 4196 lit
1151 4143 1404 4196 voluntas
1426 4149 1538 4204 tua,
1567 4139 1770 4193 malitia
1803 4148 1965 4209 atque
1995 4142 2072 4195 vi-

489 4239 733 4293 tiositate
779 4252 1048 4306 nusquam
1079 4236 1208 4290 boni
1261 4234 1533 4288 actionem
1585 4233 1950 4301 impediente:
1991 4234 2068 4287 ita

2175 3229 2236 3282 τὸ
2303 3229 2534 3299 θέλημα,
2588 3228 2838 3300 μηδαμοῦ
2889 3229 3088 3292 κακίας
3135 3229 3624 3300 παραποδιζούσης
3667 3226 3752 3278 τοῦ

2177 3319 2384 3389 ἀγαθοῦ
2413 3322 2510 3390 τὴν
2547 3321 2826 3391 ἐνέργειαν
2847 3337 2860 3350 °
2915 3319 3058 3375 οὕτω
3086 3320 3179 3373 καὶ
3218 3321 3276 3372 ὲν
3301 3323 3439 3390 ἡμῖν
3475 3321 3539 3375 τὸ
3561 3320 3753 3386 ἀγαθον

2175 3413 2509 3483 τελειωθείη,
2550 3415 2634 3467 ἵνα
2675 3415 2855 3483 πάσης
2905 3413 3103 3476 κακίας
3145 3412 3390 3465 ἐκποδὼν
3435 3415 3754 3483 γενομένης,

2177 3506 2266 3560 διά
2298 3507 2512 3559 πάντων
2604 3507 2665 3560 τὸ
2694 3506 2909 3577 θέλημά
2940 3523 3034 3559 σου
3059 3507 3179 3568 ταῖς
3211 3505 3411 3574 ψυχαῖς
3447 3505 3611 3575 ἡμῶν
3638 3522 3757 3558 κατ·

2177 3595 2550 3666 ευοδούμενον.
2626 3596 2764 3648 Ἀλλ’
2808 3596 2884 3658 ὡς
2929 3595 3425 3663 ἀνθυπενεγκόντος
3454 3597 3636 3660 τινόςο
3663 3597 3758 3649 Καὶ

2178 3689 2296 3749 πῶς
2342 3691 2458 3741 ἐστι
2493 3689 2716 3741 δυνατὸν
2751 3687 2849 3760 τὴν
2884 3690 2942 3741 ὲν
2977 3692 3095 3752 ταῖς
3147 3690 3470 3758 ἀσωμάτοις
3503 3690 3755 3760 δυνάμεσι

2177 3779 2546 3850 καθαρότητα,
2575 3782 2687 3842 τοῖς
2717 3779 2805 3832 διὰ
2835 3779 3047 3850 σαρκὸς,
3065 3779 3158 3850 τὴν
3187 3779 3333 3850 ζωὴν
3367 3781 3618 3852 εἰληχόσι
3649 3799 3755 3834 κατ-

2174 3871 2500 3942 ορθωθῆναι,
2541 3873 2599 3923 ἐν
2638 3873 2857 3944 μυρίαις
2890 3871 3136 3942 φροντίσι
3180 3871 3269 3925 διὰ
3309 3872 3408 3936 τὰς
3443 3875 3754 3943 σωματικάς

2175 3964 2363 4034 χρείας
2381 3963 2481 4032 τῆς
2507 3963 2685 4034 ψυχῆς
2705 3963 3149 4034 ὲμϐαθυνούσηςς
3171 3963 3268 4016 Διά
3300 3965 3464 4018 τοῦτό
3483 3984 3576 4035 μοι
3600 3967 3749 4026 δοκεῖ,

2177 4049 2422 4121 καθάπερ
2450 4049 2592 4104 λύων
2613 4052 2710 4122 τὴν
2734 4049 2990 4120 τοιαύτην
3009 4053 3342 4123 ἀμηχανίαν,
3367 4053 3448 4122 τῷ
3471 4054 3602 4124 ἑξῆς
3624 4055 3748 4121 λόγῳ

2173 4143 2235 4195 τὸ
2278 4143 2466 4196 δοκοῦν
2499 4143 2755 4215 δυσχερὲς
2804 4143 2940 4217 πρὸς
2987 4146 3086 4215 τὴν
3122 4145 3500 4216 προκειμένην
3529 4145 3746 4214 σπουδῇ

2176 4234 2495 4288 ὑπεκλύσαι.

490 4331 694 4386 bonum
717 4333 880 4385 etiam
914 4331 966 4384 in
997 4331 1154 4384 nobis
1189 4327 1509 4398 perficiatur
1534 4336 1588 4381 et
1637 4327 1974 4391 absolvatur,
2046 4337 2106 4382 ut
2143 4344 2173 4383 e
2197 4329 2377 4384 medio
2409 4328 2622 4384 sublata
2654 4329 2804 4382 omni
2860 4329 3067 4382 malitia
3118 4339 3282 4399 atque
3344 4331 3624 4399 nequitia,
3671 4344 3746 4379 vo-

491 4427 673 4480 luntas
702 4433 792 4478 tua
818 4427 871 4478 in
903 4425 1101 4479 animis
1157 4423 1361 4477 nostris
1423 4437 1517 4488 per
1566 4421 1754 4474 omnia
1809 4436 2068 4490 prospere
2109 4423 2389 4476 succedat.
2425 4422 2531 4476 Sed
2559 4423 2719 4491 quasi
2743 4421 2947 4490 aliquis
2986 4437 3054 4476 ex
3121 4421 3356 4475 adverso
3413 4419 3745 4489 subjicienda

491 4528 654 4590 atque
706 4516 1030 4588 Opponendo
1065 4514 1328 4568 dixisset:
1387 4511 1452 4564 Et
1489 4510 1580 4580 qui
1629 4511 1769 4564 fierit
1821 4519 2001 4580 potest
2053 4524 2112 4565 ut
2154 4512 2226 4565 illi
2263 4513 2465 4582 quibus
2517 4526 2582 4566 ea
2626 4526 2748 4566 sors
2776 4511 2989 4582 obtigit,
3021 4520 3105 4564 “ut
3157 4511 3329 4564 vitam
3385 4525 3486 4579 per
3543 4523 3744 4563 «murem

489 4617 740 4686 exigant,
792 4627 911 4665 eam
957 4625 1078 4679 qure
1125 4608 1180 4662 in
1222 4607 1559 4676 incorporeis
1607 4606 1905 4660 virtutibus
1957 4615 2042 4660 est
2101 4606 2394 4674 puritatem
2438 4614 2824 4675 assequamur,
2873 4621 3020 4668 cum,
3075 4611 3298 4673 propter
3352 4603 3615 4672 corporis
3669 4618 3745 4656 ne-

489 4707 761 4763 cessarios
791 4719 926 4758 usus
965 4701 1145 4754 anima
1173 4700 1480 4754 innumeris
1510 4699 1658 4752 curis
1727 4698 1975 4752 demersa
2046 4698 2164 4753 sit?
2198 4697 2405 4751 Idcirco
2433 4699 2564 4752 mihi
2597 4696 2809 4752 videtur
2859 4706 3118 4767 tanquam
3147 4697 3460 4751 discutiens
3487 4696 3744 4766 ejusmodi

484 4798 922 4872 pggrplcxilalcm,
951 4792 1000 4847 id
1032 4792 1172 4861 quod
1203 4791 1268 4844 ad
1300 4790 1637 4860 propositqu
1665 4787 1903 4843 studimu
1931 4787 2151 4843 dillicile
2173 4787 2479 4851 videbatur,
2509 4789 2759 4858 sequenti
2783 4789 3031 4842 oratione
3057 4788 3397 4844 dissolvisse.

559 4891 776 4945 Certant
803 4887 947 4942 enim
981 4885 1340 4952 stabilemque
1369 4881 1695 4935 sententiam
1726 4880 1924 4948 Opinor
1947 4895 2070 4934 eum

2248 4881 2435 4952 Δόγμα
2455 4881 2564 4952 γὰρ
2589 4876 2741 4951 οἶμαι
2763 4879 2852 4933 διὰ
2872 4879 3075 4933 τούτων
3096 4879 3204 4932 τῶν
3221 4879 3395 4947 λόγων
3417 4882 3453 4948 ἡ
3465 4882 3556 4948 μῖν
3577 4879 3744 4933 {meti-

483 4983 649 5039 nobis
692 4997 790 5052 per
825 4980 940 5034 haec
970 4979 1134 5033 verba
1180 4975 1415 5040 tradere,
1453 4976 1654 5044 quibus
1696 4972 2072 5042 quotidianum

490 5092 685 5148 panem
723 5083 909 5144 petere
941 5087 1040 5126 nos
1071 5070 1264 5139 jubet:
1297 5069 1439 5139 quod
1488 5067 1746 5120 nimirum
1789 5064 2073 5134 frugalitas

481 5174 543 5221 et
591 5163 968 5224 rnediocritas,
1021 5167 1286 5231 quantum
1325 5159 1518 5211 attinet
1555 5157 1621 5211 ad
1659 5155 1929 5208 rationem
1978 5168 2074 5205 va-

488 5257 713 5313 cuitatis
759 5253 1052 5310 affectuum
1104 5261 1158 5305 et
1197 5253 1474 5312 vitiorum,
1518 5249 1854 5318 obsequetur
1899 5246 1947 5300 ei
2001 5244 2074 5297 fa-

476 5348 678 5402 ‘eultati
721 5346 809 5400 cui
857 5353 1055 5399 natura
1100 5342 1232 5397 nihil
1285 5343 1457 5396 deest.
1501 5340 1620 5394 Non
1661 5339 1807 5393 enim
1845 5338 2069 5407 angelus

450 5441 548 5495 -in
599 5439 959 5494 orationibus
993 5451 1023 5490 a
1076 5435 1184 5490 Deo
1222 5436 1354 5506 petit
1405 5434 1508 5489 sibi
1561 5448 1756 5502 panem
1798 5431 2068 5486 submini-

491 5532 679 5594 strari,
705 5531 962 5601 quoniam
994 5528 1254 5599 praeditus
1284 5537 1366 5581 est
1407 5534 1600 5580 natura
1644 5539 1765 5594 qua:
1807 5523 1944 5577 nihil
1979 5537 2070 5577 ea-

491 5639 613 5678 rum
651 5639 832 5677 rerum
865 5622 1096 5691 amplius
1129 5638 1267 5690 opus
1301 5621 1518 5682 habeat,
1567 5619 1658 5673 sed
1694 5618 1857 5671 homo
1889 5624 2070 5684 petere

489 5715 732 5785 jubetur,
781 5723 1068 5783 propterea
1126 5713 1268 5782 quod
1333 5712 1383 5765 id
1443 5712 1588 5781 quod
1649 5715 1950 5764 evacuatur
2003 5723 2069 5761 eo

494 5808 639 5874 quod
688 5807 888 5872 repleat
925 5805 1149 5858 utimino
1189 5820 1327 5872 opus
1369 5803 1602 5867 habeat;
1637 5818 1762 5855 nam
1807 5801 1948 5854 fluxa
1985 5807 2069 5852 at-

2172 4972 2380 5035 θεσθαι,
2401 4975 2457 5026 ἐν
2468 4972 2546 5044 τῷ
2563 4973 2652 5026 τὸν
2669 4974 2771 5043 ὲφή
2781 4989 2845 5043 με
2853 4989 2944 5042 ρον
2966 4971 3128 5042 ἄρτον
3146 4973 3314 5024 αἰτεῖν
3333 4972 3662 5040 προστάξαι.
3677 4972 3743 5023 ὅτι

2170 5063 2248 5133 τῷ
2270 5063 2505 5116 ἀνενδεεῖ
2531 5063 2673 5117 κατὰ
2694 5064 2794 5132 τὴν
2816 5063 2997 5130 φύσιν,
3027 5061 3090 5114 τὸ
3118 5061 3406 5130 ὀλιγαρκὲς
3433 5078 3496 5114 π
3534 5063 3633 5114 καὶ

2169 5172 2320 5225 τριον
2357 5154 2501 5208 κατά
2525 5155 2618 5207 τὸν
2644 5155 2743 5223 τῆς
2770 5153 3038 5216 ἀπαθείας
3063 5152 3218 5220 λόγον
3245 5150 3644 5216 συνεξισοῦται.
3679 5154 3740 5204 03

2170 5248 2279 5319 γὰρ
2301 5249 2442 5300 αἰτεῖ
2468 5247 2558 5300 τὸν
2587 5246 2719 5299 Θεὸν
2758 5249 2816 5300 ἐν
2844 5249 2965 5310 ταῖς
2996 5247 3322 5316 προσευχαῖς
3353 5247 3383 5298 ὁ
3407 5246 3645 5313 ἄγγελος
3662 5248 3741 5311 τῇν

2176 5339 2438 5410 χορηγίαν
2459 5339 2550 5393 τοῦ
2579 5338 2764 5410 ἄρτου,
2804 5339 2886 5392 ὅτι
2916 5338 3186 5409 ἀπροσδεῆ
3218 5337 3484 5409 κέκτηται
3515 5338 3622 5391 τῶν
3653 5356 3737 5391 :9:-

2176 5429 2348 5483 ούτων
2375 5429 2470 5500 τὴν
2504 5428 2666 5496 φύσιν
2684 5445 2698 5458 ο
2742 5430 2913 5482 αἰτεῖν
2939 5428 2995 5480 δὲ
3019 5427 3360 5498 προσετάχθη
3395 5430 3422 5480 ὁ
3446 5428 3732 5499 ἄνθρωπος.
3761 5467 3763 5474 .

2176 5522 2308 5575 διότι
2338 5521 2398 5574 τὸ
2431 5521 2760 5590 κενούμενον
2792 5520 3000 5584 ἐπιδεὲς
3034 5519 3126 5573 τοῦ
3160 5519 3605 5592 ἀναπληροῦντας
3633 5501 3763 5596 πάνοξ

2175 5631 2283 5677 τως
2311 5611 2444 5665 ἐστί.
2496 5611 2729 5678 Ῥοώδης
2767 5612 2824 5664 δὲ
2864 5611 2956 5664 καὶ
2990 5610 3258 5682 παροδικὴ
3285 5611 3385 5680 τῆς
3416 5610 3735 5680 ἀνθρωπίνῐς
3757 5615 3761 5620 ’

2177 5702 2324 5771 ζωῆς
2345 5705 2490 5754 ἐστιν
2512 5704 2544 5772 ἡ
2573 5701 2855 5764 σύστασις,
2873 5702 2993 5754 ἀντὶ
3015 5700 3109 5754 τοῦ
3133 5701 3523 5769 ὲκποιηθέντος
3548 5703 3604 5753 τὸ
3637 5703 3734 5752 .‘m-

2177 5796 2365 5860 νεάζον
2395 5795 2747 5866 ἐπιζητοῦσα.
2787 5795 2844 5850 Ὀ
2874 5791 2968 5850 οὖν
3003 5797 3138 5866 πῴς
3162 5795 3261 5864 τὴν
3283 5794 3386 5864 τῆς
3422 5795 3632 5863 φύσεως
3661 5787 3759 5844 lix-7
