3812 6228
113 339 240 394 Ηῧί)

1079 349 1163 404 DE
1195 349 1546 408 ORATIONE
1583 353 1930 414 DOMINICA.
1969 389 2042 402 —-
2065 357 2325 419 ORATIO
2363 363 2448 418 ιν.

3203 373 3342 429 H70

107 457 320 555 ηρεσίαν
365 456 600 526 βλέπων,
653 461 748 514 καὶ
781 463 946 532 μηδὲν
991 464 1098 529 ἔξω
1130 467 1225 520 τοῦ
1257 469 1552 538 ἀναγκαίου
1579 471 1639 524 διε

1741 491 1878 544 ηιιιιε
1919 478 2233 532 transitoria
2269 480 2392 534 vita:
2439 481 2686 537 humana:
2719 483 2958 540 conditio
2999 491 3100 552 est,
3137 501 3234 555 pro
3271 502 3340 540 eo

107 549 206 600 τῶν
241 551 490 619 ματαίων
514 553 808 623 φροντίδων
849 559 1260 629 ἐπισυρόμενος,
1304 563 1364 614 οὐ
1409 563 1542 618 πολὺ
1568 567 1666 636 τῆς

105 642 390 713 άγγελικῆς
411 645 687 708 πολιτείας
701 648 1156 722 ἐλαττωθήσεται,
1185 653 1246 707 τὸ
1270 655 1510 721 ἅνενδεὲς
1528 660 1670 712 ὲκεί-

108 751 202 784 νων
233 733 354 787 καθ’
383 736 574 791 ἑαυτὸν
595 742 660 810 τῇ
689 739 978 812 ὀλιγαρχία
1000 744 1352 816 μιμούμενος.
1383 748 1484 802 Διά
1509 751 1668 803 τοῦτο

105 823 272 892 ζητεῖν
301 829 756 900 προσετάχθημεν
797 833 858 885 τὸ
887 833 1024 904 πρὸς
1069 837 1166 904 τὴν
1216 841 1542 910 συντήρησιν
1581 841 1666 906 ἐξ-

105 916 290 986 αρκοῦν
313 919 412 987 τῆς
438 922 756 992 σωματικῆς
795 924 1009 988 οὐσίας·
1073 929 1182 980 Τὸν
1208 928 1391 998 ἄρτον
1427 931 1553 998 δὸς,
1586 934 1671 1004 τῷ

103 1007 210 1078 Θεῷ
233 1008 503 1076 λέγοντες,
538 1013 599 1066 οὐ
631 1014 842 1085 τρυφὴν
871 1018 990 1069 οὐδὲ
1017 1018 1264 1086 πλοῦτον,
1295 1024 1393 1075 οὐκ
1419 1023 1662 1089 εὐανθεῖς

102 1097 425 1171 ἁλουργίδας,
461 1107 522 1158 οὐ
568 1107 657 1159 τὸν
685 1113 750 1161 ἐκ
781 1111 1006 1181 χρυσίου
1041 1113 1272 1184 κόσμον,
1313 1117 1374 1169 οὐ
1407 1117 1506 1180 τὰς
1555 1119 1663 1173 τῶν

103 1191 246 1244 λίθων
278 1195 474 1262 αὑγάς,
505 1198 564 1250 ού
590 1199 658 1251 τὰ
679 1200 738 1263 ἐξ
767 1203 1028 1272 ἀργυρίου
1055 1207 1248 1276 σκεύη,
1275 1208 1336 1259 οὐ
1373 1210 1474 1278 γῆς
1505 1227 1660 1282 περι-

101 1283 289 1348 ουσίαν,
329 1287 392 1338 οὑ
427 1291 803 1360 στρατοπέδων
853 1294 1052 1365 ἀρχὴν,
1098 1297 1160 1348 οὐ
1189 1298 1442 1368 πολέμων
1469 1317 1528 1354 τε
1569 1303 1660 1356 καὶ

101 1373 254 1427 ἐθνῶν
299 1379 614 1446 ἠγεμονίαν,
667 1383 766 1454 οὐχ
811 1385 994 1440 ἵππων
1047 1405 1106 1440 τε
1143 1391 1236 1443 καὶ
1267 1390 1404 1459 βοιῖιν
1435 1393 1655 1462 ἀγέλας,

99 1465 183 1517 καὶ
207 1465 308 1518 τῶν
321 1468 500 1523 ἄλλων
523 1472 888 1543 βοσκημάτων
911 1478 1090 1550 πλήθη
1114 1481 1303 1543 πολλὰ,
1330 1483 1428 1536 οὐκ
1459 1485 1656 1558 ἀνδρα-

101 1559 256 1611 πόδων
291 1565 642 1632 περιουσίαν,
675 1569 736 1617 οὐ
769 1569 870 1639 τὴν
909 1569 968 1624 ἐν
998 1570 1226 1642 ἀγοραῖς
1273 1576 1652 1644 περιφάνειαν,

97 1651 152 1701 οὐ
183 1652 392 1722 στήλας,
427 1656 530 1709 οὐκ
558 1659 791 1724 εἰκόνας,
825 1661 888 1714 οὐ
920 1663 990 1715 τὰ
1023 1664 1089 1717 ἐκ
1117 1665 1298 1735 σηρῶν
1333 1669 1650 1738 ὑφάσματα,

99 1742 152 1792 οὐ
179 1743 240 1794 τὰ
261 1746 324 1796 ὲκ
345 1749 614 1817 μουσικῆς
633 1750 978 1822 ἀκροάματα,
995 1755 1116 1808 οὐδέ
1141 1773 1196 1807 τι
1214 1759 1451 1811 τοιοῦτον
1477 1761 1650 1824 οὐδὲν,

1769 568 1916 634 quod
1950 578 2334 641 consumptum
2367 580 2423 626 et
2458 583 2736 628 excretum
2776 584 2878 636 est,
2910 575 2960 630 id
2998 579 3138 650 quod
3175 594 3334 632 reno-

1767 667 1856 712 vet
1899 661 2204 730 requirens.
2253 662 2356 728 Qui
2403 663 2568 734 igitur
2606 666 2670 720 ad
2713 674 2922 720 natura;
2969 668 3336 724 ministerium

1767 750 2006 817 respicit,
2044 762 2098 806 et
2127 755 2261 808 nihil
2295 763 2654 826 praeterquam
2684 759 2830 826 quod
2871 774 3094 814 necesse
3125 769 3207 816 est
3245 777 3338 830 per

1765 857 1936 898 vanas
1971 859 2133 900 curas
2163 847 2440 902 desiderat
2468 860 2630 918 atque
2663 853 2914 921 requirit,
2955 868 3064 906 non
3105 855 3334 906 multum

1765 932 1908 988 infra
1961 937 2126 990 vitam
2172 940 2470 1008 angelicam
2524 943 2648 1006 erit,
2703 942 2831 994 dum
2874 959 2972 996 sua
3024 943 3336 1012 frugalitate

1764 1025 1982 1080 illorum
2019 1029 2230 1098 copiam
2271 1031 2422 1084 nulla
2471 1047 2531 1086 re
2559 1035 2792 1103 amplius
2837 1035 3114 1102 egentium
3157 1036 3335 1089 imita-

1763 1123 1870 1201 tur.
1913 1115 2120 1173 Idcirco
2159 1135 2404 1189 quan-ere
2429 1123 2685 1190 jubemur
2723 1124 2774 1177 id
2806 1125 2949 1193 quod
2989 1125 3124 1178 satis
3163 1125 3234 1177 sit
3263 1128 3330 1176 ad

1762 1221 2012 1264 naturam
2065 1214 2311 1282 corporis
2363 1213 2811 1268 conservandam.
2868 1215 3066 1269 Panem
3103 1217 3208 1278 da,
3261 1216 3330 1269 ad

1759 1295 1930 1352 Deum
1977 1299 2246 1365 dicentes,
2297 1316 2408 1354 non
2455 1303 2662 1367 luxum,
2713 1319 2822 1357 non
2879 1303 3103 1358 delicias
3153 1319 3330 1370 neque

1759 1389 2000 1454 divitias,
2036 1405 2146 1443 non
2188 1389 2408 1446 floridas
2435 1401 2612 1447 vestes
2657 1408 2982 1464 purpureas,
3025 1409 3132 1446 non
3163 1409 3328 1446 orna-

1757 1491 1941 1536 menta
1975 1497 2166 1546 aurea,
2203 1499 2311 1536 non
2354 1483 2592 1552 lapidum
2625 1484 2892 1554 fulgores,
2925 1498 3032 1536 non
3069 1497 3196 1537 vasa
3236 1499 3325 1535 ar-

1755 1580 1974 1641 gentea,
2013 1589 2121 1628 non
2161 1575 2276 1644 agri
2311 1577 2524 1646 copiam
2565 1590 2629 1629 ac
2671 1575 3035 1638 latitudinem,
3079 1590 3184 1628 non
3221 1573 3323 1626 im-

1755 1665 1964 1734 perium
1993 1666 2352 1731 exercituum,
2387 1682 2494 1720 non
2535 1667 2801 1722 bellorum
2836 1675 2890 1722 et
2921 1667 3163 1736 gentium
3189 1679 3322 1734 pra:-

1755 1757 2012 1822 l'ecturas,
2042 1774 2150 1812 non
2185 1774 2448 1828 equorum
2493 1775 2702 1830 greges,
2738 1775 2847 1814 non
2884 1761 3045 1814 boum
3078 1765 3322 1812 armenta

97 1829 153 1880 δι’
173 1824 240 1882 ὧν
266 1833 532 1906 ἀφέληται
564 1840 598 1909 ἡ
633 1839 776 1912 ψυχὴ
809 1843 910 1912 τῆς
941 1843 1090 1908 θείας
1119 1863 1177 1900 τε
1209 1848 1302 1902 καὶ
1325 1855 1639 1922 προτιμοτέ-

1755 1851 2200 1922 rcliquorumque
2259 1867 2516 1921 pecorum
2567 1869 2820 1924 magnam
2880 1851 3318 1914 multitudinem,

99 1937 184 2016 ρας
206 1926 510 2016 φροντίδος,
550 1929 688 1985 ἀλλὰ
710 1933 801 1985 τὸν
831 1935 1014 2005 ἄρτον.
1056 1937 1217 2010 Ὁρᾷς
1241 1941 1301 1992 τὸ
1326 1942 1525 2006 πλάτος
1549 1947 1646 2016 τῆς

99 2012 386 2108 φιλοσοφίας
414 2034 428 2082 ;
525 2019 624 2074 ὅσα
663 2022 910 2094 δόγματα
937 2031 1004 2100 τῇ
1033 2029 1258 2102 βραχείᾳ
1287 2033 1462 2106 ταύτῃ
1494 2012 1644 2108 φωνῇ

99 2104 449 2175 περιείληπται
475 2126 490 2174 ;
521 2116 802 2184 μονονουχὶ
825 2119 1070 2190 φανερῶς
1088 2121 1262 2192 ὲμόοᾷ
1275 2123 1361 2175 διὰ
1376 2104 1469 2176 τοῦ
1488 2104 1644 2194 λόγου

97 2195 190 2254 τοῖς
219 2195 530 2252 ἐπαΐουσιν·
572 2203 653 2254 ὅτι
699 2205 1072 2272 Παύσασθε,οὶ
1104 2209 1396 2282 ἄνθρωποι,
1421 2217 1550 2282 περὶ
1577 2219 1644 2270 τά

101 2283 280 2350 μάταια
313 2293 433 2353 ταῖς
459 2293 779 2365 ἐπιθυμίαις
811 2297 1178 2370 διαχεόμενοι·
1227 2304 1504 2360 παύσασθε
1546 2309 1644 2374 τάς

95 2375 187 2427 τῶν
213 2379 380 2432 πόνων
407 2383 665 2454 ἀφορμὰς
695 2385 815 2440 καθ’
851 2390 1004 2460 ὑμῶν
1037 2391 1214 2446 αὐτῶν
1236 2395 1640 2466 πλεονάζοντες,

100 2468 268 2536 μικρόν
293 2473 404 2524 ἐστί
423 2489 507 2526 σοι
529 2476 590 2528 τὸ
609 2477 710 2546 τῆς
737 2479 951 2547 φύσεως
969 2481 1188 2554 ὄφλημα
1209 2503 1222 2515 ·
1246 2488 1450 2560 τροφὴν
1471 2510 1644 2561 χρεωο

98 2563 220 2619 στεῖς
242 2563 315 2632 τῷ
345 2567 560 2638 σαρκίῳ
594 2585 708 2635 σου,
743 2575 977 2644 πρᾶγμα
1003 2577 1223 2647 μέτριόν
1255 2597 1314 2632 τε
1363 2585 1456 2636 καὶ
1479 2585 1642 2639 εὐπό-

99 2666 269 2718 ριστον,
302 2657 348 2707 εί
371 2657 510 2725 πρὸς
541 2659 641 2730 τὴν
674 2663 862 2731 χρείαν
901 2664 1135 2732 βλέπεις.
1165 2669 1262 2721 Διά
1286 2671 1338 2723 τί
1368 2673 1638 2728 πολυπλα-

99 2743 272 2806 cui;ng
289 2747 426 2800 κατά
449 2752 678 2804 σεαυτοῦ
693 2756 820 2817 τοὺς
841 2755 1066 2825 φόρους;
1085 2759 1256 2831 ’Υπὲρ
1277 2763 1426 2826 τίνος
1454 2767 1640 2820 τοσού-

93 2850 184 2896 τοις
214 2837 494 2930 ὀφλήμασι
533 2845 755 2898 σεαυτὸν
803 2847 980 2918 φέρων
1025 2851 1360 2922 ὑπέζευξας;
1401 2855 1640 2930 ἄργυρον

97 2929 422 2994 μεταλλεύων.
441 2935 540 2988 καὶ
559 2939 758 3006 χρυσὸν
785 2940 1050 3010 ὀρύσσων,
1079 2946 1174 2997 καὶ
1198 2947 1297 3016 τὴν
1325 2929 1632 3018 διαιςραίνου⁶

95 3035 176 3072 σαν
203 3021 322 3094 ὓλην
352 3025 670 3096 avarum»;
737 3029 822 3093 Ὣς
850 3033 916 3085 ἀν
947 3051 1028 3086 σοι
1065 3036 1153 3092 διὰ
1183 3039 1294 3091 τῶν
1325 3041 1580 3095 τοιούτων
1607 3047 1635 3098 ό

1751 1961 1858 1998 non
1905 1947 2297 2016 mancipiorum
2325 1947 2560 2016 copiam,
2602 1964 2710 2002 non
2747 1946 3128 2001 claritudinem
3160 1953 3322 2012 atque

1747 2038 2094 2105 splendorem
2151 2039 2206 2092 in
2257 2039 2398 2100 foro.
2447 2055 2554 2094 non
2589 2041 2896 2102 columnas,
2933 2054 3040 2092 non
3083 2045 3316 2101 statuas,

1749 2141 1856 2179 non
1885 2142 2093 2196 pannos
2131 2129 2358 2194 sericos,
2395 2145 2504 2184 non
2537 2131 2746 2184 musica
2780 2135 3108 2196 acroamata,
3145 2143 3322 2196 neque

1747 2220 2047 2289 quidquam
2079 2221 2208 2288 tale,
2249 2237 2344 2291 per
2369 2236 2490 2291 qua:
2518 2223 2697 2274 anima
2725 2237 2755 2274 a
2790 2220 2970 2274 divina
3016 2235 3080 2272 ac
3119 2219 3316 2288 potiori

1745 2323 1879 2364 cura
1913 2311 2274 2377 abstrahitur,
2319 2313 2415 2368 sed
2442 2327 2657 2382 panem.
2697 2313 2856 2366 Vides
2887 2311 3228 2365 latitudinem
3263 2320 3316 2366 et

1745 2401 2049 2456 ubertatem
2097 2403 2497 2474 philosOphiae?
2535 2411 2668 2473 quot
2703 2403 2987 2457 sententia:
3022 2403 3170 2456 brevi
3213 2401 3314 2456 hac

1743 2511 1878 2552 voce
1929 2495 2499 2565 comprehendantur?
2555 2505 2764 2548 tantum
2815 2511 2921 2548 non
2980 2503 3163 2563 aperte
3219 2509 3315 2563 per

1743 2587 1886 2642 hanc
1939 2587 2242 2640 orationem
2285 2587 2486 2640 clamat
2527 2587 2996 2656 intelligentibus:
3045 2585 3309 2649 Desinite,

1741 2699 1776 2736 ο
1811 2682 2081 2744 homines,
2112 2681 2256 2734 circa
2294 2697 2379 2736 res
2421 2696 2590 2736 vanas
2641 2681 3033 2751 cupiditatibus
3081 2678 3309 2734 diﬂ'nndi

1741 2787 1805 2827 ac
1834 2773 2084 2828 distineri
2121 2791 2133 2826 :
2168 2771 2402 2828 desinite
2457 2773 2702 2826 laborum
2747 2771 3014 2826 adversus
3070 2777 3312 2824 vosmet-

1737 2869 1887 2936 ipsos
1938 2881 2137 2920 causas
2183 2875 2240 2920 et
2305 2867 2560 2920 materias
2612 2865 2992 2928 accumulare,
3055 2865 3306 2934 exiguum

1737 2967 1843 3021 est,
1878 2959 2024 3027 quod
2083 2965 2290 3012 naturae
2331 2958 2519 3023 debes,
2565 2958 2748 3010 cibum
2795 2957 2959 3011 debes
2993 2956 3304 3010 caruncula:

1735 3061 1865 3114 tuae,
1907 3067 2020 3105 rem
2047 3065 2100 3105 et
2137 3052 2406 3105 modicam
2438 3061 2492 3106 et
2535 3061 2725 3120 paratu
2777 3050 3012 3114 facilem,
3061 3051 3106 3105 si
3143 3067 3302 3104 usum

91 3109 308 3226 διηνεκῖις
345 3111 500 3222 οὗτος
519 3121 818 3226 ’φορολόγος
853 3126 886 3194 ή
917 3127 1128 3198 γαστὴρ
1163 3130 1388 3202 τρυφῲη
1408 3147 1421 3162 '
1477 3128 1545 3202 ἧς
1572 3135 1633 3188 τὸ

1741 3153 1791 3198 ει
1821 3143 2196 3198 necessitatem
2235 3143 2500 3206 intueris;
2535 3157 2634 3196 cur
2660 3141 2922 3196 adversus
2955 3140 3304 3210 temetipsum

93 3203 224 3270 χρέος
242 3206 394 3276 ἀρτος
419 3209 594 3275 ἐστὶν,
617 3213 646 3263 ὁ
670 3213 996 3286 ἀναπληρῶν
1012 3217 1072 3270 τὸ
1091 3220 1268 3274 ἐνδέον
1289 3221 1366 3291 τῷ
1397 3223 1628 3294 σώματι.

96 3291 320 3386 Σὺδὲείς
361 3299 560 3363 Ἰνδοὺς
601 3304 915 3375 ὲμπορεύῃ,
959 3307 1052 3360 καὶ
1103 3309 1411 3384 βαρὸαρικῇ
1453 3291 1632 3386 παρα-

95 3384 382 3452 κινδυνεύεις
410 3391 678 3464 θαλάσσῃ,
709 3396 802 3446 καὶ
830 3396 1114 3462 ἐνιαυσίοις
1143 3401 1438 3466 ναυτιλίαις
1475 3384 1634 3457 σεαυ-

94 3475 168 3528 τὴν
183 3476 342 3544 δίδως,
361 3481 448 3535 ἵνα
467 3485 578 3546 τοῖς
601 3485 808 3541 ἐκεῖθεν
831 3489 1132 3560 ἀγωγίμοις
1155 3491 1253 3563 τὴν
1279 3496 1486 3566 τροφὴν
1505 3499 1634 3568 ήδύο

93 3582 190 3636 νῃς,
215 3571 270 3622 οὺ
301 3573 518 3626 σκοπῶν
537 3576 618 3628 ὅτι
637 3577 797 3648 μέχρι
815 3579 912 3650 τῆς
929 3581 1234 3654 ὑπερῴαςὴ
1256 3586 1364 3639 τῶν
1391 3589 1632 3660 ἡδυσμά-

96 3675 182 3712 των
209 3663 446 3735 αἴσθησις
483 3667 574 3720 τὸν
599 3669 724 3740 ὅρον
743 3669 874 3740 ἔχει.
901 3671 1173 3738 Ὡσαύτως
1198 3676 1256 3728 δὲ
1283 3677 1344 3730 τὸ
1377 3681 1627 3748 εὐφανὲς,

95 3751 142 3801 τὸ
166 3751 394 3823 εὔπνουν,
446 3759 510 3812 τὸ
537 3759 832 3831 εὔστομον,
875 3763 1162 3836 ὠκύμορόν
1205 3784 1328 3822 τινα
1375 3774 1468 3824 καὶ
1493 3774 1630 3827 ἀκα-

99 3845 248 3936 ριαίαν
267 3851 556 3922 παρέχεται
587 3857 652 3924 τῇ
677 3855 924 3926 αἰσθήσει
950 3859 1047 3928 τὴν
1079 3860 1239 3930 χάριν
1257 3875 1272 3888 ·
1305 3863 1413 3916 ἀπὸ
1441 3865 1497 3917 δὲ
1529 3867 1628 3936 τῆς

97 3933 313 4027 ύπερῴας
347 3943 659 4014 ἀδιάκριτος
703 3945 811 3998 τῶν
839 3948 1258 4020 ἐμϐαλλομένων
1299 3955 1332 4024 ὴ
1375 3933 1624 4027 διαφορά,

96 4025 331 4100 ὁμοτίμοις
357 4033 426 4092 τὰ
475 4037 648 4089 πάντα
671 4037 770 4105 τῆς
803 4038 1017 4107 φύσεως
1055 4041 1191 4110 πρὸς
1229 4041 1491 4097 δυσωδίαν
1533 4025 1627 4099 άλ-

95 4117 320 4196 λοιούσης.
375 4128 539 4198 Ὁρᾷς
567 4130 630 4180 τὸ
659 4129 832 4198 πέρας
865 4131 962 4202 τῆς
991 4131 1307 4201 oti/enodat“
1357 4137 1518 4207 Ὁρᾷς
1566 4139 1626 4191 τό

97 4209 398 4286 ἀποτέλεσμα
421 4219 523 4288 τῆς
545 4219 908 4290 ὀψαρτυτικῆς
933 4223 1264 4291 μαγγανείας
1289 4242 1302 4290 ;
1330 4227 1432 4278 Τὸν
1463 4228 1624 4298 ἄρτον

97 4303 208 4354 αἴτει
241 4306 322 4359 διά
356 4309 454 4382 τὴν
481 4313 580 4380 τῆς
602 4310 745 4381 ζωῆς
787 4315 992 4382 χρείαν,
1027 4314 1218 4367 τούτου
1249 4334 1308 4368 σε
1338 4318 1621 4389 ὀφειλέτην

96 4394 364 4471 ὲποίησενὴ
395 4401 556 4470 φύσις
584 4401 662 4471 τῷ
687 4403 913 4473 σώματι.
955 4405 1037 4457 Τά
1067 4406 1112 4458 δ’
1145 4409 1244 4460 ὅσα
1280 4411 1621 4480 παρεύρηται

1737 3234 2069 3302 multiplices
2114 3232 2352 3285 tributa?
2401 3232 2572 3300 Cujus
2621 3233 2697 3286 rei
2747 3232 2922 3302 gratia
2973 3239 3056 3284 tot
3105 3233 3304 3286 debitis

1735 3326 1970 3394 teipsum
2015 3324 2314 3394 obligatum
2362 3333 2526 3392 atque
2559 3323 2865 3392 subjectum
2911 3324 2982 3388 is,
3015 3331 3301 3394 argentum

1735 3425 2011 3478 scrutans,
2059 3431 2250 3468 aurum
2301 3413 2530 3482 fodiens,
2584 3424 2637 3470 et
2684 3415 2978 3485 fulgentem
3017 3416 3300 3470 materiam

1734 3507 2060 3577 requirens?
2097 3518 2154 3560 ut
2186 3507 2282 3560 tibi
2323 3521 2419 3577 per
2447 3507 2715 3576 ejusmodi
2757 3523 2846 3562 res
2887 3518 3182 3577 perpetuus
3215 3509 3304 3562 hic

1733 3601 2062 3654 tributorum
2089 3607 2332 3664 exactor,
2367 3609 2554 3654 venter
2589 3601 2715 3653 luxu
2752 3607 2915 3669 atque
2953 3601 3161 3654 deliciis
3191 3600 3300 3653 dif-

1731 3691 1889 3756 ﬂuat,
1928 3692 2016 3744 cui
2073 3692 2248 3768 panis,
2288 3691 2379 3759 qui
2425 3691 2478 3744 id
2533 3691 2678 3760 quod
2715 3691 2871 3746 deest
2903 3693 3120 3760 corpori
3159 3707 3304 3758 sup-

1733 3786 1897 3854 pleat,
1935 3785 2184 3838 debetur.
2220 3783 2302 3836 Tu
2338 3799 2468 3836 vero
2501 3785 2568 3836 ad
2601 3783 2763 3838 Indos
2793 3784 3105 3854 negotiandi
3135 3799 3300 3838 causa

1729 3871 2117 3940 proficisceris,
2151 3879 2206 3924 et
2249 3873 2304 3924 in
2357 3871 2643 3925 barbarico
2691 3873 2827 3925 mari
2862 3873 3212 3943 pericliteris,
3249 3885 3302 3926 ct

1729 3964 2121 4018 anniversariis
2147 3963 2585 4031 navigationibus
2617 3964 2852 4033 teipsum
2890 3965 3211 4028 committis,
3244 3975 3300 4016 ιιι

1729 4057 1894 4111 rebus
1927 4056 2078 4109 illinc
2104 4055 2415 4126 importatis
2440 4063 2494 4110 et
2536 4057 2801 4119 advectis,
2833 4057 3014 4111 cibum
3049 4058 3297 4122 condias,

1729 4164 1837 4200 non
1889 4147 2246 4202 considerans
2290 4147 2436 4214 quod
2479 4162 2587 4200 non
2631 4149 2774 4210 ultra
2815 4149 3056 4216 palatum
3103 4164 3298 4204 sensus

1725 4239 2202 4294 condimentorum
2245 4239 2615 4308 progreditur.
2664 4236 2927 4292 Similiter
2973 4239 3100 4292 item
3150 4239 3295 4308 quod

1729 4335 1847 4384 visu
1882 4340 1936 4385 et
1971 4339 2194 4400 aspectu
2237 4342 2448 4400 gratum
2480 4339 2584 4393 est,
2621 4329 2766 4399 quod
2799 4331 2988 4392 odore,
3021 4331 3166 4400 quod
3203 4348 3298 4386 ore

1723 4432 1778 4477 et
1829 4423 1965 4476 facie
2013 4424 2212 4492 placet,
2271 4432 2704 4477 momentaneam
2741 4424 3034 4491 quamdam
3092 4433 3145 4478 et
3187 4424 3299 4478 cito

97 4493 190 4549 ταῖς
217 4493 312 4542 τῶν
351 4493 682 4566 τρυφώντων
709 4495 994 4562 ἐπινοίαις,
1028 4499 1202 4552 ταῦτα
1229 4502 1335 4554 τῶν
1370 4501 1622 4566 ζιζανίων

1741 4515 2026 4584 perituram
2057 4516 2288 4583 gratiam
2319 4529 2383 4567 ac
2417 4516 2746 4584 voluptatem
2787 4517 2972 4569 sensui
3006 4519 3227 4587 prabet,
3269 4539 3297 4572 a

97 4575 189 4631 ἐστὶ
205 4587 566 4656 παρασπορᾶς.
605 4587 662 4640 '0
688 4587 884 4658 σπόρος
915 4589 1008 4640 τοῦ
1026 4591 1402 4646 οἰκοδεσπότου
1428 4597 1456 4648 ὀ
1479 4597 1622 4660 σίτος

97 4671 235 4762 ἐστὶν,
261 4676 320 4728 ἐκ
344 4678 398 4731 δὲ
430 4679 525 4732 τοῦ
557 4679 702 4732 σίτου
741 4681 768 4733 ό
795 4682 976 4750 ἄρτος
995 4684 1203 4750 γίνεται
1229 4701 1242 4713 ·
1297 4688 1330 4756 ή
1359 4687 1416 4738 δὲ
1441 4691 1619 4762 τρυφὴ

93 4759 141 4809 τὸ
167 4762 373 4826 ζιζάνιον
395 4769 424 4822 ὃ
457 4769 784 4842 παρεσπάρη
817 4772 970 4843 παρά
999 4772 1093 4826 τοῦ
1127 4773 1321 4846 ἐχθροῦ
1351 4776 1430 4846 τῷ
1463 4759 1614 4849 σίτῳξ

107 4851 218 4905 Ἀλλ’
244 4858 461 4926 ἀφέντες
499 4864 550 4913 al.
585 4862 862 4932 ἄνθρωποι
901 4864 988 4917 διά
1025 4865 1132 4918 τῶν
1165 4868 1476 4938 ἀναγκαίων
1506 4873 1615 4926 λει-

94 4951 300 5013 τουργεῖν
325 4956 386 5023 τῇ
421 4951 606 5022 φύσει,
634 4955 802 5018 ὅντως
841 4958 1252 5026 συμπνίγονται,
1281 4962 1464 5026 καθώς
1485 4965 1618 5035 φησί

97 5047 178 5086 mu
204 5037 230 5088 ὀ
251 5041 430 5110 Λόγος,
450 5048 568 5107 ταῖς
591 5048 720 5116 περὶ
748 5047 816 5100 τά
838 5048 1041 5116 μάταια
1067 5050 1339 5117 σπουδαῖς,
1370 5056 1463 5106 καὶ
1494 5056 1618 5109 ἁτε-

99 5118 368 5218 λξσφόρητοι
417 5135 654 5204 μένουσι,
693 5137 829 5206 πρὸς
861 5137 1030 5192 ταῦτα
1069 5141 1168 5211 τῆς
1216 5143 1392 5214 ψυχῆς
1421 5147 1616 5218 ἑαυτὴν

99 5213 162 5274 εἰς
183 5218 234 5270 τὸ
259 5221 486 5294 διηνεκὲς
517 5227 871 5297 ἀσχολούσης-

100 5306 300 5378 solertia,
328 5317 532 5372 deliciis
571 5333 638 5374 ac
673 5321 823 5374 luxui
863 5323 1172 5378 deditorum
1240 5329 1546 5398 excogitata
1592 5338 1646 5386 et

1729 4608 1912 4676 palato
1967 4621 2098 4660 vero
2145 4606 2453 4674 promiscua
2513 4618 2677 4675 atque
2731 4607 3050 4662 indistincta
3108 4623 3294 4664 earum

1729 4715 1910 4754 rerum
1951 4715 2072 4768 quae
2116 4700 2488 4753 immittuntur
2529 4700 2834 4753 differentia
2872 4714 2976 4765 est,
3012 4704 3297 4770 aequaliter

1725 4789 1910 4841 omnia
1958 4789 2012 4840 in
2059 4788 2456 4842 maleolentiam
2507 4797 2562 4842 et
2609 4788 2835 4842 fetorem
2871 4798 3066 4844 natura
3112 4800 3296 4845 trans-

1726 4887 1992 4932 mutante.
2031 4877 2191 4932 Vides
2225 4878 2382 4932 finem
2412 4879 2768 4934 obsoniorum
2801 4882 3180 4949 apparationis
3207 4892 3292 4934 at-

1723 4985 1828 5038 que
1887 4968 2291 5022 eonfectionis?
2343 4967 2506 5024 Vides
2549 4971 2799 5024 effectura
2849 4973 3164 5038 impostura:
3215 4975 3291 5027 rei

1721 5063 2026 5136 culinaria,
2087 5062 2444 5131 ciborumque
2487 5063 2864 5118 conditionis?
2916 5064 3117 5118 Panem
3173 5073 3294 5133 pete

1721 5163 1945 5222 propter
1987 5154 2108 5206 vitae
2155 5155 2520 5208 necessarium
2568 5169 2748 5216 usum,
2788 5155 2952 5223 hujus
2993 5165 3042 5209 te
3071 5156 3288 5223 corpori

1719 5243 2019 5298 debitorem
2052 5253 2248 5298 natura
2301 5245 2449 5297 fecit.
2508 5243 2716 5298 Caetera
2765 5262 2888 5316 qure
2937 5257 3130 5314 praeter
3177 5249 3292 5300 haec

1723 5335 1942 5390 inventa
1993 5345 2144 5391 sunt.
2197 5353 2260 5388 ea
2318 5336 2385 5388 de
2431 5336 2773 5390 zizaniorum
2822 5337 2981 5406 juxta
3044 5341 3288 5389 satorum

101 5402 270 5459 semine
294 5423 432 5467 sunt.
475 5412 675 5468 Semen
706 5415 1152 5483 patrisfamilias,
1185 5419 1515 5476 frumentum
1554 5434 1639 5480 est
1687 5427 1826 5495 ⁵³⁸⁸⁸,
1861 5439 1916 5484 ει
1945 5445 2012 5484 ex
2047 5430 2320 5484 frumento
2353 5433 2507 5499 panis
2535 5402 2864 5497 conficitur;
2907 5439 2960 5484 at
3011 5431 3170 5484 luxus
3205 5441 3290 5483 at-

99 5499 402 5600 ‘I‘uedeliciae
449 5509 720 5563 zizanium
753 5517 858 5574 est,
905 5513 1052 5580 quod
1130 5513 1198 5568 ab
1267 5516 1490 5572 inimico
1526 5519 1681 5588 juxta
1720 5521 2055 5576 frumentum
2085 5533 2258 5577 satum
2305 5532 2410 5577 est.
2448 5521 2554 5577 Sed
2591 5523 2840 5578 homines
2871 5524 3078 5578 omisso
3125 5524 3280 5577 mini-

101 5595 234 5684 sterio
276 5607 472 5655 natura:
519 5603 851 5668 necessario,
901 5621 1093 5660 revera
1137 5607 1478 5664 suifocantur
1526 5616 1608 5684 (ut
1684 5614 1880 5669 alicubi
1933 5615 2126 5669 Sermo
2183 5615 2335 5682 dicit)
2385 5632 2645 5671 vanarum
2699 5631 2877 5670 rerum
2935 5617 3154 5676 studiis,
3239 5629 3285 5672 t'l

100 5680 352 5756 mlrngiferi
384 5705 618 5763 manent,
653 5696 782 5750 dum
835 5699 890 5752 in
921 5699 1007 5756 bis
1042 5699 1224 5756 anima
1259 5718 1382 5761 sese
1407 5680 1664 5778 perpetuo
1693 5715 1908 5764 exercet
1933 5719 1984 5764 et
2012 5719 2272 5780 occupata
2305 5680 2409 5766 est.

159 5797 262 5840 "-“
297 5805 471 5868 Matth.
505 5827 639 5880 xnl,
671 5815 704 5871 3
735 5830 853 5884 sqq.
