  <div class='ocr_page' id='page_1' title='image "/cluster/home/n/w/nwhite01/storage/ocr_20150623/44/nnc1.0037127462/597.png"; bbox 0 0 3812 6228; ppageno 0'>
   <div class='ocr_carea' id='block_1_1' title="bbox 457 308 587 363">
    <p class='ocr_par' dir='ltr' id='par_1_1' title="bbox 457 308 587 363">
     <span class='ocr_line' id='line_1_1' title="bbox 457 308 587 363; baseline 0.008 -1"><span class='ocrx_word' id='word_1_1' title='bbox 457 308 587 363; x_wconf 78' lang='grc' dir='ltr'><strong>ΗἿΙ</strong></span> 
     </span>
    </p>
   </div>
   <div class='ocr_carea' id='block_1_2' title="bbox 1699 305 2481 364">
    <p class='ocr_par' dir='ltr' id='par_1_2' title="bbox 1699 305 2481 364">
     <span class='ocr_line' id='line_1_2' title="bbox 1699 305 2481 364; baseline 0 -1"><span class='ocrx_word' id='word_1_2' title='bbox 1699 307 1756 363; x_wconf 86' lang='lat' dir='ltr'><strong>S.</strong></span> <span class='ocrx_word' id='word_1_3' title='bbox 1812 305 2140 363; x_wconf 78' lang='lat' dir='ltr'><strong>GREGORII</strong></span> <span class='ocrx_word' id='word_1_4' title='bbox 2190 305 2481 364; x_wconf 75' lang='lat' dir='ltr'><strong>NYSSENI</strong></span> 
     </span>
    </p>
   </div>
   <div class='ocr_carea' id='block_1_3' title="bbox 3590 303 3697 358">
    <p class='ocr_par' dir='ltr' id='par_1_3' title="bbox 3590 303 3697 358">
     <span class='ocr_line' id='line_1_3' title="bbox 3590 303 3697 358; baseline 0.019 -2"><span class='ocrx_word' id='word_1_5' title='bbox 3590 303 3697 358; x_wconf 67' lang='lat'><strong>“73</strong></span> 
     </span>
    </p>
   </div>
   <div class='ocr_carea' id='block_1_4' title="bbox 531 419 2044 496">
    <p class='ocr_par' dir='ltr' id='par_1_4' title="bbox 531 421 2040 496">
     <span class='ocr_line' id='line_1_4' title="bbox 531 421 2040 496; baseline 0 -19"><span class='ocrx_word' id='word_1_6' title='bbox 531 421 785 478; x_wconf 77' lang='lat' dir='ltr'><strong>Forsitan</strong></span> <span class='ocrx_word' id='word_1_7' title='bbox 832 421 1102 493; x_wconf 87' lang='lat' dir='ltr'><strong>ejusmodi</strong></span> <span class='ocrx_word' id='word_1_8' title='bbox 1144 422 1424 494; x_wconf 88' lang='lat' dir='ltr'><strong>quidpiam</strong></span> <span class='ocrx_word' id='word_1_9' title='bbox 1473 424 1635 479; x_wconf 85' lang='lat' dir='ltr'><strong>etiam</strong></span> <span class='ocrx_word' id='word_1_10' title='bbox 1679 424 1895 496; x_wconf 81' lang='lat' dir='ltr'><strong>Moyses</strong></span> <span class='ocrx_word' id='word_1_11' title='bbox 1943 440 2040 494; x_wconf 90' lang='lat' dir='ltr'><strong>per</strong></span> 
     </span>
    </p>
   </div>
   <div class='ocr_carea' id='block_1_5' title="bbox 2148 419 3700 496">
    <p class='ocr_par' dir='ltr' id='par_1_5' title="bbox 2214 419 3700 496">
     <span class='ocr_line' id='line_1_5' title="bbox 2214 419 3700 496; baseline -0.005 -18"><span class='ocrx_word' id='word_1_12' title='bbox 2214 425 2369 496; x_wconf 82' lang='grc' dir='ltr'><strong>Τάχα</strong></span> <span class='ocrx_word' id='word_1_13' title='bbox 2399 443 2488 495; x_wconf 91' lang='grc' dir='ltr'><strong>μοι</strong></span> <span class='ocrx_word' id='word_1_14' title='bbox 2510 424 2656 478; x_wconf 84' lang='grc' dir='ltr'>δοκεῖ</span> <span class='ocrx_word' id='word_1_15' title='bbox 2680 422 2923 477; x_wconf 71' lang='grc' dir='ltr'>τοιοῦτον</span> <span class='ocrx_word' id='word_1_16' title='bbox 2950 439 3003 475; x_wconf 89' lang='grc' dir='ltr'><strong>τι</strong></span> <span class='ocrx_word' id='word_1_17' title='bbox 3030 422 3124 476; x_wconf 75' lang='grc' dir='ltr'>καὶ</span> <span class='ocrx_word' id='word_1_18' title='bbox 3157 423 3185 475; x_wconf 87' lang='grc' dir='ltr'><strong>ὁ</strong></span> <span class='ocrx_word' id='word_1_19' title='bbox 3211 419 3465 491; x_wconf 78' lang='grc' dir='ltr'>Μωῦσῆς</span> <span class='ocrx_word' id='word_1_20' title='bbox 3504 419 3569 473; x_wconf 80' lang='grc' dir='ltr'>δι’</span> <span class='ocrx_word' id='word_1_21' title='bbox 3592 422 3700 472; x_wconf 73' lang='grc' dir='ltr'>αἰνι-</span> 
     </span>
    </p>
   </div>
   <div class='ocr_carea' id='block_1_6' title="bbox 455 515 2037 587">
    <p class='ocr_par' dir='ltr' id='par_1_6' title="bbox 455 515 2037 587">
     <span class='ocr_line' id='line_1_6' title="bbox 455 515 2037 587; baseline -0.001 -16"><span class='ocrx_word' id='word_1_22' title='bbox 455 515 749 586; x_wconf 67' lang='grc' dir='ltr'>ωηὶειῐιοῐιὶ</span> <span class='ocrx_word' id='word_1_23' title='bbox 785 521 949 585; x_wconf 87' lang='lat' dir='ltr'><strong>atque</strong></span> <span class='ocrx_word' id='word_1_24' title='bbox 997 515 1280 571; x_wconf 86' lang='lat' dir='ltr'><strong>involucra</strong></span> <span class='ocrx_word' id='word_1_25' title='bbox 1332 516 1625 572; x_wconf 79' lang='lat' dir='ltr'><strong>verborum</strong></span> <span class='ocrx_word' id='word_1_26' title='bbox 1662 517 2037 587; x_wconf 88' lang='lat' dir='ltr'><strong>philosophari</strong></span> 
     </span>
    </p>
   </div>
   <div class='ocr_carea' id='block_1_7' title="bbox 457 608 2040 681">
    <p class='ocr_par' dir='ltr' id='par_1_7' title="bbox 457 608 2040 681">
     <span class='ocr_line' id='line_1_7' title="bbox 457 608 2040 681; baseline 0 -18"><span class='ocrx_word' id='word_1_27' title='bbox 457 610 591 663; x_wconf 91' lang='lat' dir='ltr'><strong>mihi</strong></span> <span class='ocrx_word' id='word_1_28' title='bbox 624 608 864 671; x_wconf 90' lang='lat' dir='ltr'><strong>videtur,</strong></span> <span class='ocrx_word' id='word_1_29' title='bbox 908 609 1003 678; x_wconf 93' lang='lat' dir='ltr'><strong>qui</strong></span> <span class='ocrx_word' id='word_1_30' title='bbox 1036 609 1354 678; x_wconf 72' lang='lat' dir='ltr'><strong>voluptatis,</strong></span> <span class='ocrx_word' id='word_1_31' title='bbox 1392 626 1515 679; x_wconf 67' lang='lat' dir='ltr'><strong>qua:</strong></span> <span class='ocrx_word' id='word_1_32' title='bbox 1547 618 1770 681; x_wconf 88' lang='lat' dir='ltr'><strong>gustatu</strong></span> <span class='ocrx_word' id='word_1_33' title='bbox 1804 610 2040 680; x_wconf 84' lang='lat' dir='ltr'><strong>percipi—</strong></span> 
     </span>
    </p>
   </div>
   <div class='ocr_carea' id='block_1_8' title="bbox 460 701 2040 770">
    <p class='ocr_par' dir='ltr' id='par_1_8' title="bbox 460 701 2040 770">
     <span class='ocr_line' id='line_1_8' title="bbox 460 701 2040 770; baseline 0.001 -16"><span class='ocrx_word' id='word_1_34' title='bbox 460 710 572 769; x_wconf 89' lang='lat' dir='ltr'><strong>tur,</strong></span> <span class='ocrx_word' id='word_1_35' title='bbox 619 709 929 770; x_wconf 89' lang='lat' dir='ltr'><strong>serpentem</strong></span> <span class='ocrx_word' id='word_1_36' title='bbox 980 701 1105 757; x_wconf 63' lang='lat' dir='ltr'><strong>Eva:</strong></span> <span class='ocrx_word' id='word_1_37' title='bbox 1146 719 1432 759; x_wconf 86' lang='lat' dir='ltr'><strong>suasorem</strong></span> <span class='ocrx_word' id='word_1_38' title='bbox 1488 702 1820 758; x_wconf 89' lang='lat' dir='ltr'><strong>adhibuerit.</strong></span> <span class='ocrx_word' id='word_1_39' title='bbox 1872 703 2040 757; x_wconf 83' lang='lat' dir='ltr'><strong>Aiunt</strong></span> 
     </span>
    </p>
   </div>
   <div class='ocr_carea' id='block_1_9' title="bbox 459 794 2041 867">
    <p class='ocr_par' dir='ltr' id='par_1_9' title="bbox 459 794 2041 867">
     <span class='ocr_line' id='line_1_9' title="bbox 459 794 2041 867; baseline 0.003 -22"><span class='ocrx_word' id='word_1_40' title='bbox 459 795 603 847; x_wconf 84' lang='lat' dir='ltr'><strong>enim</strong></span> <span class='ocrx_word' id='word_1_41' title='bbox 653 795 794 848; x_wconf 89' lang='lat' dir='ltr'><strong>hanc</strong></span> <span class='ocrx_word' id='word_1_42' title='bbox 829 794 1082 862; x_wconf 84' lang='lat' dir='ltr'><strong>bestiam,</strong></span> <span class='ocrx_word' id='word_1_43' title='bbox 1135 804 1467 867; x_wconf 87' lang='lat' dir='ltr'><strong>serpentem,</strong></span> <span class='ocrx_word' id='word_1_44' title='bbox 1516 796 1763 864; x_wconf 90' lang='lat' dir='ltr'><strong>inquam,</strong></span> <span class='ocrx_word' id='word_1_45' title='bbox 1809 797 1854 850; x_wconf 89' lang='lat' dir='ltr'><strong>si</strong></span> <span class='ocrx_word' id='word_1_46' title='bbox 1889 811 2041 850; x_wconf 89' lang='lat' dir='ltr'><strong>com—</strong></span> 
     </span>
    </p>
   </div>
   <div class='ocr_carea' id='block_1_10' title="bbox 461 886 2038 959">
    <p class='ocr_par' dir='ltr' id='par_1_10' title="bbox 461 886 2038 959">
     <span class='ocr_line' id='line_1_10' title="bbox 461 886 2038 959; baseline 0.003 -22"><span class='ocrx_word' id='word_1_47' title='bbox 461 886 587 957; x_wconf 79' lang='lat' dir='ltr'><strong>pagi</strong></span> <span class='ocrx_word' id='word_1_48' title='bbox 613 895 776 955; x_wconf 88' lang='lat' dir='ltr'><strong>atque</strong></span> <span class='ocrx_word' id='word_1_49' title='bbox 807 887 1209 950; x_wconf 80' lang='lat' dir='ltr'><strong>commissurae,</strong></span> <span class='ocrx_word' id='word_1_50' title='bbox 1244 904 1340 958; x_wconf 90' lang='lat' dir='ltr'><strong>per</strong></span> <span class='ocrx_word' id='word_1_51' title='bbox 1371 904 1535 959; x_wconf 91' lang='lat' dir='ltr'><strong>quam</strong></span> <span class='ocrx_word' id='word_1_52' title='bbox 1567 904 1760 959; x_wconf 85' lang='lat' dir='ltr'><strong>repere</strong></span> <span class='ocrx_word' id='word_1_53' title='bbox 1785 896 2038 954; x_wconf 89' lang='lat' dir='ltr'><strong>conetur,</strong></span> 
     </span>
    </p>
   </div>
   <div class='ocr_carea' id='block_1_11' title="bbox 464 976 2039 1050">
    <p class='ocr_par' dir='ltr' id='par_1_11' title="bbox 464 976 2039 1050">
     <span class='ocr_line' id='line_1_11' title="bbox 464 976 2039 1050; baseline 0.004 -23"><span class='ocrx_word' id='word_1_54' title='bbox 464 985 628 1046; x_wconf 75' lang='lat' dir='ltr'><strong>caput</strong></span> <span class='ocrx_word' id='word_1_55' title='bbox 675 976 997 1032; x_wconf 85' lang='lat' dir='ltr'><strong>subduxerit</strong></span> <span class='ocrx_word' id='word_1_56' title='bbox 1043 985 1208 1048; x_wconf 91' lang='lat' dir='ltr'><strong>atque</strong></span> <span class='ocrx_word' id='word_1_57' title='bbox 1261 980 1583 1050; x_wconf 83' lang='lat' dir='ltr'><strong>perpulerit,</strong></span> <span class='ocrx_word' id='word_1_58' title='bbox 1617 978 1765 1034; x_wconf 85' lang='lat' dir='ltr'><strong>haud</strong></span> <span class='ocrx_word' id='word_1_59' title='bbox 1816 980 1972 1034; x_wconf 80' lang='lat' dir='ltr'><strong>facile</strong></span> <span class='ocrx_word' id='word_1_60' title='bbox 2008 994 2039 1033; x_wconf 91' lang='lat' dir='ltr'><strong>a</strong></span> 
     </span>
    </p>
   </div>
   <div class='ocr_carea' id='block_1_12' title="bbox 462 1068 2041 1141">
    <p class='ocr_par' dir='ltr' id='par_1_12' title="bbox 462 1068 2041 1141">
     <span class='ocr_line' id='line_1_12' title="bbox 462 1068 2041 1141; baseline 0.004 -24"><span class='ocrx_word' id='word_1_61' title='bbox 462 1068 753 1137; x_wconf 81' lang='lat' dir='ltr'><strong>posteriori</strong></span> <span class='ocrx_word' id='word_1_62' title='bbox 801 1079 957 1139; x_wconf 70' lang='lat' dir='ltr'><strong>parte</strong></span> <span class='ocrx_word' id='word_1_63' title='bbox 986 1069 1055 1124; x_wconf 89' lang='lat' dir='ltr'><strong>ab</strong></span> <span class='ocrx_word' id='word_1_64' title='bbox 1088 1070 1466 1124; x_wconf 86' lang='lat' dir='ltr'><strong>obnitentibus</strong></span> <span class='ocrx_word' id='word_1_65' title='bbox 1503 1086 1664 1140; x_wconf 88' lang='lat' dir='ltr'><strong>posse</strong></span> <span class='ocrx_word' id='word_1_66' title='bbox 1710 1070 1912 1125; x_wconf 83' lang='lat' dir='ltr'><strong>retrahi</strong></span> <span class='ocrx_word' id='word_1_67' title='bbox 1945 1085 2041 1141; x_wconf 89' lang='lat' dir='ltr'><strong>per</strong></span> 
     </span>
    </p>
   </div>
   <div class='ocr_carea' id='block_1_13' title="bbox 461 1161 2042 1230">
    <p class='ocr_par' dir='ltr' id='par_1_13' title="bbox 461 1161 2042 1230">
     <span class='ocr_line' id='line_1_13' title="bbox 461 1161 2042 1230; baseline 0.001 -16"><span class='ocrx_word' id='word_1_68' title='bbox 461 1161 709 1222; x_wconf 83' lang='lat' dir='ltr'><strong>dorsum,</strong></span> <span class='ocrx_word' id='word_1_69' title='bbox 747 1176 975 1230; x_wconf 82' lang='lat' dir='ltr'><strong>squama</strong></span> <span class='ocrx_word' id='word_1_70' title='bbox 1021 1162 1349 1217; x_wconf 85' lang='lat' dir='ltr'><strong>naturaliter</strong></span> <span class='ocrx_word' id='word_1_71' title='bbox 1380 1162 1433 1216; x_wconf 92' lang='lat' dir='ltr'><strong>in</strong></span> <span class='ocrx_word' id='word_1_72' title='bbox 1464 1163 1806 1216; x_wconf 84' lang='lat' dir='ltr'><strong>contrarium</strong></span> <span class='ocrx_word' id='word_1_73' title='bbox 1847 1161 2042 1215; x_wconf 87' lang='lat' dir='ltr'><strong>adver-</strong></span> 
     </span>
    </p>
   </div>
   <div class='ocr_carea' id='block_1_14' title="bbox 462 1254 2038 1325">
    <p class='ocr_par' dir='ltr' id='par_1_14' title="bbox 462 1254 2038 1325">
     <span class='ocr_line' id='line_1_14' title="bbox 462 1254 2038 1325; baseline -0.001 -16"><span class='ocrx_word' id='word_1_74' title='bbox 462 1268 558 1309; x_wconf 71' lang='lat' dir='ltr'><strong>Sus</strong></span> <span class='ocrx_word' id='word_1_75' title='bbox 588 1254 696 1307; x_wconf 86' lang='lat' dir='ltr'><strong>vim</strong></span> <span class='ocrx_word' id='word_1_76' title='bbox 723 1254 1114 1309; x_wconf 90' lang='lat' dir='ltr'><strong>attrahentium</strong></span> <span class='ocrx_word' id='word_1_77' title='bbox 1147 1256 1439 1309; x_wconf 87' lang='lat' dir='ltr'><strong>resistente</strong></span> <span class='ocrx_word' id='word_1_78' title='bbox 1466 1271 1480 1308; x_wconf 89' lang='lat'><strong>:</strong></span> <span class='ocrx_word' id='word_1_79' title='bbox 1513 1256 1661 1325; x_wconf 87' lang='lat' dir='ltr'><strong>quod</strong></span> <span class='ocrx_word' id='word_1_80' title='bbox 1716 1254 1896 1310; x_wconf 85' lang='lat' dir='ltr'><strong>facere</strong></span> <span class='ocrx_word' id='word_1_81' title='bbox 1929 1271 2038 1308; x_wconf 86' lang='lat' dir='ltr'><strong>non</strong></span> 
     </span>
    </p>
   </div>
   <div class='ocr_carea' id='block_1_15' title="bbox 462 1346 2042 1419">
    <p class='ocr_par' dir='ltr' id='par_1_15' title="bbox 462 1346 2042 1419">
     <span class='ocr_line' id='line_1_15' title="bbox 462 1346 2042 1419; baseline 0.002 -20"><span class='ocrx_word' id='word_1_82' title='bbox 462 1346 783 1416; x_wconf 87' lang='lat' dir='ltr'><strong>prohibetur</strong></span> <span class='ocrx_word' id='word_1_83' title='bbox 808 1347 877 1401; x_wconf 88' lang='lat' dir='ltr'><strong>ab</strong></span> <span class='ocrx_word' id='word_1_84' title='bbox 906 1348 1179 1401; x_wconf 86' lang='lat' dir='ltr'><strong>anteriore</strong></span> <span class='ocrx_word' id='word_1_85' title='bbox 1203 1356 1355 1417; x_wconf 88' lang='lat' dir='ltr'><strong>parte</strong></span> <span class='ocrx_word' id='word_1_86' title='bbox 1386 1348 1528 1402; x_wconf 86' lang='lat' dir='ltr'><strong>elabi</strong></span> <span class='ocrx_word' id='word_1_87' title='bbox 1560 1357 1727 1419; x_wconf 91' lang='lat' dir='ltr'><strong>atque</strong></span> <span class='ocrx_word' id='word_1_88' title='bbox 1752 1355 2042 1418; x_wconf 86' lang='lat' dir='ltr'><strong>penetrare</strong></span> 
     </span>
    </p>
   </div>
   <div class='ocr_carea' id='block_1_16' title="bbox 461 1439 2042 1510">
    <p class='ocr_par' dir='ltr' id='par_1_16' title="bbox 461 1439 2042 1510">
     <span class='ocr_line' id='line_1_16' title="bbox 461 1439 2042 1510; baseline 0.001 -18"><span class='ocrx_word' id='word_1_89' title='bbox 461 1440 663 1503; x_wconf 90' lang='lat' dir='ltr'><strong>nitens,</strong></span> <span class='ocrx_word' id='word_1_90' title='bbox 717 1440 939 1495; x_wconf 89' lang='lat' dir='ltr'><strong>levitate</strong></span> <span class='ocrx_word' id='word_1_91' title='bbox 993 1456 1236 1510; x_wconf 66' lang='lat' dir='ltr'><strong>squama:</strong></span> <span class='ocrx_word' id='word_1_92' title='bbox 1269 1440 1507 1507; x_wconf 88' lang='lat' dir='ltr'><strong>labente,</strong></span> <span class='ocrx_word' id='word_1_93' title='bbox 1558 1441 1610 1495; x_wconf 91' lang='lat' dir='ltr'><strong>id</strong></span> <span class='ocrx_word' id='word_1_94' title='bbox 1663 1454 1693 1493; x_wconf 90' lang='lat' dir='ltr'><strong>a</strong></span> <span class='ocrx_word' id='word_1_95' title='bbox 1739 1439 2042 1510; x_wconf 88' lang='lat' dir='ltr'><strong>posteriore</strong></span> 
     </span>
    </p>
   </div>
   <div class='ocr_carea' id='block_1_17' title="bbox 464 1530 2043 1601">
    <p class='ocr_par' dir='ltr' id='par_1_17' title="bbox 464 1530 2043 1601">
     <span class='ocr_line' id='line_1_17' title="bbox 464 1530 2043 1601; baseline 0.003 -19"><span class='ocrx_word' id='word_1_96' title='bbox 464 1540 619 1598; x_wconf 81' lang='lat' dir='ltr'><strong>parte</strong></span> <span class='ocrx_word' id='word_1_97' title='bbox 648 1531 924 1586; x_wconf 87' lang='lat' dir='ltr'><strong>resolvere</strong></span> <span class='ocrx_word' id='word_1_98' title='bbox 964 1541 1130 1601; x_wconf 86' lang='lat' dir='ltr'><strong>atque</strong></span> <span class='ocrx_word' id='word_1_99' title='bbox 1162 1532 1441 1586; x_wconf 82' lang='lat' dir='ltr'><strong>retrahere</strong></span> <span class='ocrx_word' id='word_1_100' title='bbox 1489 1540 1731 1598; x_wconf 87' lang='lat' dir='ltr'><strong>tentans,</strong></span> <span class='ocrx_word' id='word_1_101' title='bbox 1759 1530 2043 1586; x_wconf 91' lang='lat' dir='ltr'><strong>obnitente</strong></span> 
     </span>
    </p>
   </div>
   <div class='ocr_carea' id='block_1_18' title="bbox 464 1621 2037 1693">
    <p class='ocr_par' dir='ltr' id='par_1_18' title="bbox 464 1621 2037 1693">
     <span class='ocr_line' id='line_1_18' title="bbox 464 1621 2037 1693; baseline 0.003 -23"><span class='ocrx_word' id='word_1_102' title='bbox 464 1621 517 1672; x_wconf 79' lang='lat' dir='ltr'><strong>vi</strong></span> <span class='ocrx_word' id='word_1_103' title='bbox 583 1636 960 1691; x_wconf 81' lang='lat' dir='ltr'><strong>squamarum,</strong></span> <span class='ocrx_word' id='word_1_104' title='bbox 1009 1624 1224 1692; x_wconf 88' lang='lat' dir='ltr'><strong>assequi</strong></span> <span class='ocrx_word' id='word_1_105' title='bbox 1275 1639 1384 1677; x_wconf 93' lang='lat' dir='ltr'><strong>non</strong></span> <span class='ocrx_word' id='word_1_106' title='bbox 1432 1629 1657 1693; x_wconf 86' lang='lat' dir='ltr'><strong>potest:</strong></span> <span class='ocrx_word' id='word_1_107' title='bbox 1690 1621 2037 1685; x_wconf 83' lang='lat' dir='ltr'><strong>ostendente,</strong></span> 
     </span>
    </p>
   </div>
   <div class='ocr_carea' id='block_1_19' title="bbox 462 1712 2038 1785">
    <p class='ocr_par' dir='ltr' id='par_1_19' title="bbox 462 1712 2038 1785">
     <span class='ocr_line' id='line_1_19' title="bbox 462 1712 2038 1785; baseline 0.002 -22"><span class='ocrx_word' id='word_1_108' title='bbox 462 1712 679 1782; x_wconf 87' lang='lat' dir='ltr'><strong>opinor,</strong></span> <span class='ocrx_word' id='word_1_109' title='bbox 716 1712 1020 1783; x_wconf 85' lang='lat' dir='ltr'><strong>Scriptura,</strong></span> <span class='ocrx_word' id='word_1_110' title='bbox 1071 1714 1218 1785; x_wconf 89' lang='lat' dir='ltr'><strong>quod</strong></span> <span class='ocrx_word' id='word_1_111' title='bbox 1262 1716 1595 1785; x_wconf 87' lang='lat' dir='ltr'><strong>voluptatem</strong></span> <span class='ocrx_word' id='word_1_112' title='bbox 1646 1714 2038 1775; x_wconf 88' lang='lat' dir='ltr'><strong>introeuntem,</strong></span> 
     </span>
    </p>
   </div>
   <div class='ocr_carea' id='block_1_20' title="bbox 2140 512 3704 587">
    <p class='ocr_par' dir='ltr' id='par_1_20' title="bbox 2140 512 3704 587">
     <span class='ocr_line' id='line_1_20' title="bbox 2140 512 3704 587; baseline -0.004 -16"><span class='ocrx_word' id='word_1_113' title='bbox 2140 517 2369 586; x_wconf 86' lang='grc' dir='ltr'>γμάτων</span> <span class='ocrx_word' id='word_1_114' title='bbox 2398 517 2729 587; x_wconf 76' lang='grc' dir='ltr'><strong>φιλοσοφεῖν,</strong></span> <span class='ocrx_word' id='word_1_115' title='bbox 2746 515 2847 586; x_wconf 85' lang='grc' dir='ltr'><strong>τῆς</strong></span> <span class='ocrx_word' id='word_1_116' title='bbox 2874 515 3016 569; x_wconf 84' lang='grc' dir='ltr'>κατὰ</span> <span class='ocrx_word' id='word_1_117' title='bbox 3043 513 3141 585; x_wconf 83' lang='grc' dir='ltr'>τὴν</span> <span class='ocrx_word' id='word_1_118' title='bbox 3160 513 3351 583; x_wconf 83' lang='grc' dir='ltr'>γεῦσιν</span> <span class='ocrx_word' id='word_1_119' title='bbox 3367 512 3568 582; x_wconf 77' lang='grc' dir='ltr'>ἡδονῆς</span> <span class='ocrx_word' id='word_1_120' title='bbox 3594 512 3704 580; x_wconf 77' lang='grc' dir='ltr'>σύμ-</span> 
     </span>
    </p>
   </div>
   <div class='ocr_carea' id='block_1_21' title="bbox 2141 604 3709 680">
    <p class='ocr_par' dir='ltr' id='par_1_21' title="bbox 2141 604 3709 680">
     <span class='ocr_line' id='line_1_21' title="bbox 2141 604 3709 680; baseline -0.004 -18"><span class='ocrx_word' id='word_1_121' title='bbox 2141 609 2330 663; x_wconf 86' lang='grc' dir='ltr'>ϐουλον</span> <span class='ocrx_word' id='word_1_122' title='bbox 2344 610 2435 662; x_wconf 84' lang='grc' dir='ltr'><strong>τὸν</strong></span> <span class='ocrx_word' id='word_1_123' title='bbox 2446 609 2569 679; x_wconf 77' lang='grc' dir='ltr'>ὅφιν</span> <span class='ocrx_word' id='word_1_124' title='bbox 2586 609 2944 680; x_wconf 81' lang='grc' dir='ltr'>παραστήσας</span> <span class='ocrx_word' id='word_1_125' title='bbox 2957 610 3024 678; x_wconf 76' lang='grc' dir='ltr'>τῇ</span> <span class='ocrx_word' id='word_1_126' title='bbox 3039 604 3174 676; x_wconf 69' lang='grc' dir='ltr'>Εὕα.</span> <span class='ocrx_word' id='word_1_127' title='bbox 3187 607 3326 659; x_wconf 75' lang='grc' dir='ltr'>Φασὶ</span> <span class='ocrx_word' id='word_1_128' title='bbox 3343 605 3455 674; x_wconf 84' lang='grc' dir='ltr'>γὰρ</span> <span class='ocrx_word' id='word_1_129' title='bbox 3471 606 3535 658; x_wconf 75' lang='grc' dir='ltr'><strong>τὸ</strong></span> <span class='ocrx_word' id='word_1_130' title='bbox 3550 605 3709 675; x_wconf 77' lang='grc' dir='ltr'>θηρίον</span> 
     </span>
    </p>
   </div>
   <div class='ocr_carea' id='block_1_22' title="bbox 2139 699 3709 771">
    <p class='ocr_par' dir='ltr' id='par_1_22' title="bbox 2139 699 3709 771">
     <span class='ocr_line' id='line_1_22' title="bbox 2139 699 3709 771; baseline -0.002 -16"><span class='ocrx_word' id='word_1_131' title='bbox 2139 700 2299 755; x_wconf 79' lang='grc' dir='ltr'>τοῦτο</span> <span class='ocrx_word' id='word_1_132' title='bbox 2327 702 2416 755; x_wconf 83' lang='grc' dir='ltr'><strong>τὸν</strong></span> <span class='ocrx_word' id='word_1_133' title='bbox 2435 700 2579 771; x_wconf 77' lang='grc' dir='ltr'>ὅφιν,</span> <span class='ocrx_word' id='word_1_134' title='bbox 2602 702 2651 754; x_wconf 90' lang='grc' dir='ltr'><strong>εί</strong></span> <span class='ocrx_word' id='word_1_135' title='bbox 2696 701 2797 771; x_wconf 81' lang='grc' dir='ltr'>τὴν</span> <span class='ocrx_word' id='word_1_136' title='bbox 2823 699 3062 771; x_wconf 85' lang='grc' dir='ltr'>κεφαλὴν</span> <span class='ocrx_word' id='word_1_137' title='bbox 3083 699 3350 769; x_wconf 79' lang='grc' dir='ltr'><strong>ἀπαγάγῃ</strong></span> <span class='ocrx_word' id='word_1_138' title='bbox 3375 700 3443 769; x_wconf 81' lang='grc' dir='ltr'>τῇ</span> <span class='ocrx_word' id='word_1_139' title='bbox 3462 699 3709 769; x_wconf 74' lang='grc' dir='ltr'>ἁρμονίᾳ.</span> 
     </span>
    </p>
   </div>
   <div class='ocr_carea' id='block_1_23' title="bbox 2142 790 3713 864">
    <p class='ocr_par' dir='ltr' id='par_1_23' title="bbox 2142 790 3713 864">
     <span class='ocr_line' id='line_1_23' title="bbox 2142 790 3713 864; baseline -0.003 -16"><span class='ocrx_word' id='word_1_140' title='bbox 2142 796 2222 857; x_wconf 87' lang='grc' dir='ltr'>εἰς</span> <span class='ocrx_word' id='word_1_141' title='bbox 2239 793 2307 864; x_wconf 83' lang='grc' dir='ltr'><strong>ῆν</strong></span> <span class='ocrx_word' id='word_1_142' title='bbox 2334 791 2692 861; x_wconf 81' lang='grc' dir='ltr'><strong>παραδύεται,</strong></span> <span class='ocrx_word' id='word_1_143' title='bbox 2724 791 2799 863; x_wconf 82' lang='grc' dir='ltr'>μὴ</span> <span class='ocrx_word' id='word_1_144' title='bbox 2819 792 2885 846; x_wconf 83' lang='grc' dir='ltr'><strong>ἂν</strong></span> <span class='ocrx_word' id='word_1_145' title='bbox 2912 794 2977 847; x_wconf 86' lang='grc' dir='ltr'><strong>ἐκ</strong></span> <span class='ocrx_word' id='word_1_146' title='bbox 2991 790 3085 845; x_wconf 81' lang='grc' dir='ltr'>τοῦ</span> <span class='ocrx_word' id='word_1_147' title='bbox 3099 791 3323 863; x_wconf 77' lang='grc' dir='ltr'>οὐραίου</span> <span class='ocrx_word' id='word_1_148' title='bbox 3356 790 3563 862; x_wconf 76' lang='grc' dir='ltr'>ῥαδίως</span> <span class='ocrx_word' id='word_1_149' title='bbox 3584 792 3713 861; x_wconf 65' lang='lat' dir='ltr'><strong>mpii</strong></span> 
     </span>
    </p>
   </div>
   <div class='ocr_carea' id='block_1_24' title="bbox 2139 882 3713 955">
    <p class='ocr_par' dir='ltr' id='par_1_24' title="bbox 2139 882 3713 955">
     <span class='ocr_line' id='line_1_24' title="bbox 2139 882 3713 955; baseline -0.003 -15"><span class='ocrx_word' id='word_1_150' title='bbox 2139 886 2250 940; x_wconf 85' lang='grc' dir='ltr'><strong>τῶν</strong></span> <span class='ocrx_word' id='word_1_151' title='bbox 2290 885 2673 940; x_wconf 83' lang='grc' dir='ltr'>ἀντισπώντων</span> <span class='ocrx_word' id='word_1_152' title='bbox 2690 884 3106 955; x_wconf 81' lang='grc' dir='ltr'><strong>ἀνελκυσθῆναι,</strong></span> <span class='ocrx_word' id='word_1_153' title='bbox 3131 885 3230 955; x_wconf 84' lang='grc' dir='ltr'><strong>τῆς</strong></span> <span class='ocrx_word' id='word_1_154' title='bbox 3257 883 3462 955; x_wconf 75' lang='grc' dir='ltr'>ῥαχίας</span> <span class='ocrx_word' id='word_1_155' title='bbox 3489 882 3713 951; x_wconf 70' lang='grc' dir='ltr'>φυσικῶς</span> 
     </span>
    </p>
   </div>
   <div class='ocr_carea' id='block_1_25' title="bbox 2139 976 3714 1050">
    <p class='ocr_par' dir='ltr' id='par_1_25' title="bbox 2139 976 3714 1050">
     <span class='ocr_line' id='line_1_25' title="bbox 2139 976 3714 1050; baseline -0.001 -18"><span class='ocrx_word' id='word_1_156' title='bbox 2139 981 2239 1049; x_wconf 85' lang='grc' dir='ltr'><strong>τῆς</strong></span> <span class='ocrx_word' id='word_1_157' title='bbox 2260 978 2472 1048; x_wconf 87' lang='grc' dir='ltr'>φολίδος</span> <span class='ocrx_word' id='word_1_158' title='bbox 2501 980 2583 1040; x_wconf 88' lang='grc' dir='ltr'><strong>είς</strong></span> <span class='ocrx_word' id='word_1_159' title='bbox 2596 979 2657 1031; x_wconf 86' lang='grc' dir='ltr'><strong>τὸ</strong></span> <span class='ocrx_word' id='word_1_160' title='bbox 2677 978 2912 1049; x_wconf 78' lang='grc' dir='ltr'>ἔμπαλιν</span> <span class='ocrx_word' id='word_1_161' title='bbox 2930 978 3065 1050; x_wconf 81' lang='grc' dir='ltr'>πρὸς</span> <span class='ocrx_word' id='word_1_162' title='bbox 3084 979 3184 1048; x_wconf 85' lang='grc' dir='ltr'>τὴν</span> <span class='ocrx_word' id='word_1_163' title='bbox 3198 977 3307 1031; x_wconf 84' lang='grc' dir='ltr'>τῶν</span> <span class='ocrx_word' id='word_1_164' title='bbox 3343 976 3714 1047; x_wconf 69' lang='grc' dir='ltr'><strong>ἐφελκομένων</strong></span> 
     </span>
    </p>
   </div>
   <div class='ocr_carea' id='block_1_26' title="bbox 2145 1065 3714 1141">
    <p class='ocr_par' dir='ltr' id='par_1_26' title="bbox 2145 1065 3714 1141">
     <span class='ocr_line' id='line_1_26' title="bbox 2145 1065 3714 1141; baseline 0.001 -19"><span class='ocrx_word' id='word_1_165' title='bbox 2145 1070 2265 1141; x_wconf 87' lang='grc' dir='ltr'>βίαν</span> <span class='ocrx_word' id='word_1_166' title='bbox 2291 1068 2704 1139; x_wconf 88' lang='grc' dir='ltr'>ἀντιϐαινούσης</span> <span class='ocrx_word' id='word_1_167' title='bbox 2722 1087 2735 1101; x_wconf 92' lang='grc'><strong>·</strong></span> <span class='ocrx_word' id='word_1_168' title='bbox 2770 1071 2864 1126; x_wconf 75' lang='grc' dir='ltr'><strong>καὶ</strong></span> <span class='ocrx_word' id='word_1_169' title='bbox 2891 1065 2952 1125; x_wconf 78' lang='grc' dir='ltr'>οὗ</span> <span class='ocrx_word' id='word_1_170' title='bbox 2974 1069 3117 1124; x_wconf 84' lang='grc' dir='ltr'><strong>κατά</strong></span> <span class='ocrx_word' id='word_1_171' title='bbox 3148 1070 3209 1123; x_wconf 86' lang='grc' dir='ltr'><strong>τδ</strong></span> <span class='ocrx_word' id='word_1_172' title='bbox 3233 1069 3558 1141; x_wconf 76' lang='grc' dir='ltr'>ἔμπροσθεν</span> <span class='ocrx_word' id='word_1_173' title='bbox 3583 1069 3714 1123; x_wconf 73' lang='grc' dir='ltr'>ἀκώ-</span> 
     </span>
    </p>
   </div>
   <div class='ocr_carea' id='block_1_27' title="bbox 2142 1161 3717 1234">
    <p class='ocr_par' dir='ltr' id='par_1_27' title="bbox 2142 1161 3717 1234">
     <span class='ocr_line' id='line_1_27' title="bbox 2142 1161 3717 1234; baseline -0.001 -19"><span class='ocrx_word' id='word_1_174' title='bbox 2142 1163 2301 1226; x_wconf 89' lang='grc' dir='ltr'>λυτός</span> <span class='ocrx_word' id='word_1_175' title='bbox 2331 1165 2478 1217; x_wconf 90' lang='grc' dir='ltr'>ἐστιν</span> <span class='ocrx_word' id='word_1_176' title='bbox 2500 1166 2533 1234; x_wconf 82' lang='grc' dir='ltr'>ὴ</span> <span class='ocrx_word' id='word_1_177' title='bbox 2569 1163 2829 1227; x_wconf 83' lang='grc' dir='ltr'>διάδυσις,</span> <span class='ocrx_word' id='word_1_178' title='bbox 2860 1162 2939 1234; x_wconf 85' lang='grc' dir='ltr'>τῷ</span> <span class='ocrx_word' id='word_1_179' title='bbox 2968 1163 3094 1232; x_wconf 83' lang='grc' dir='ltr'>λείῳ</span> <span class='ocrx_word' id='word_1_180' title='bbox 3120 1163 3217 1234; x_wconf 86' lang='grc' dir='ltr'><strong>τῆς</strong></span> <span class='ocrx_word' id='word_1_181' title='bbox 3249 1162 3466 1232; x_wconf 87' lang='grc' dir='ltr'>φολίδος</span> <span class='ocrx_word' id='word_1_182' title='bbox 3493 1161 3717 1215; x_wconf 66' lang='grc' dir='ltr'>ὀλισθαι-</span> 
     </span>
    </p>
   </div>
   <div class='ocr_carea' id='block_1_28' title="bbox 2143 1253 3711 1327">
    <p class='ocr_par' dir='ltr' id='par_1_28' title="bbox 2143 1253 3711 1327">
     <span class='ocr_line' id='line_1_28' title="bbox 2143 1253 3711 1327; baseline -0.001 -18"><span class='ocrx_word' id='word_1_183' title='bbox 2143 1253 2359 1326; x_wconf 82' lang='grc' dir='ltr'>νούσης,</span> <span class='ocrx_word' id='word_1_184' title='bbox 2385 1255 2576 1308; x_wconf 89' lang='grc' dir='ltr'>τούτου</span> <span class='ocrx_word' id='word_1_185' title='bbox 2607 1256 2887 1327; x_wconf 86' lang='grc' dir='ltr'>ἀμήχανος</span> <span class='ocrx_word' id='word_1_186' title='bbox 2905 1257 2939 1327; x_wconf 80' lang='grc' dir='ltr'>ἡ</span> <span class='ocrx_word' id='word_1_187' title='bbox 2965 1257 3029 1309; x_wconf 89' lang='grc' dir='ltr'><strong>ἐκ</strong></span> <span class='ocrx_word' id='word_1_188' title='bbox 3054 1255 3161 1308; x_wconf 83' lang='grc' dir='ltr'>τῶν</span> <span class='ocrx_word' id='word_1_189' title='bbox 3182 1255 3416 1309; x_wconf 81' lang='grc' dir='ltr'>κατόπιν</span> <span class='ocrx_word' id='word_1_190' title='bbox 3442 1255 3711 1316; x_wconf 76' lang='grc' dir='ltr'>ἀνάλυσις,</span> 
     </span>
    </p>
   </div>
   <div class='ocr_carea' id='block_1_29' title="bbox 2142 1346 3717 1418">
    <p class='ocr_par' dir='ltr' id='par_1_29' title="bbox 2142 1346 3717 1418">
     <span class='ocr_line' id='line_1_29' title="bbox 2142 1346 3717 1418; baseline 0 -19"><span class='ocrx_word' id='word_1_191' title='bbox 2142 1348 2263 1410; x_wconf 78' lang='grc' dir='ltr'>ταῖς</span> <span class='ocrx_word' id='word_1_192' title='bbox 2286 1346 2395 1399; x_wconf 85' lang='grc' dir='ltr'><strong>τῶν</strong></span> <span class='ocrx_word' id='word_1_193' title='bbox 2418 1346 2648 1401; x_wconf 79' lang='grc' dir='ltr'>λεπίδων</span> <span class='ocrx_word' id='word_1_194' title='bbox 2669 1347 2997 1418; x_wconf 84' lang='grc' dir='ltr'>προσϐολαῖς</span> <span class='ocrx_word' id='word_1_195' title='bbox 3023 1347 3411 1418; x_wconf 84' lang='grc' dir='ltr'>ἀντισπωμένη</span> <span class='ocrx_word' id='word_1_196' title='bbox 3442 1364 3457 1377; x_wconf 90' lang='grc'><strong>·</strong></span> <span class='ocrx_word' id='word_1_197' title='bbox 3492 1347 3717 1400; x_wconf 79' lang='grc' dir='ltr'>δεικνύν-</span> 
     </span>
    </p>
   </div>
   <div class='ocr_carea' id='block_1_30' title="bbox 2142 1433 3720 1510">
    <p class='ocr_par' dir='ltr' id='par_1_30' title="bbox 2142 1433 3720 1510">
     <span class='ocr_line' id='line_1_30' title="bbox 2142 1433 3720 1510; baseline -0.001 -20"><span class='ocrx_word' id='word_1_198' title='bbox 2142 1454 2257 1502; x_wconf 89' lang='grc' dir='ltr'>τος,</span> <span class='ocrx_word' id='word_1_199' title='bbox 2289 1433 2462 1508; x_wconf 82' lang='grc' dir='ltr'>οἶμαι,</span> <span class='ocrx_word' id='word_1_200' title='bbox 2494 1437 2588 1492; x_wconf 80' lang='grc' dir='ltr'>τοῦ</span> <span class='ocrx_word' id='word_1_201' title='bbox 2639 1435 2823 1508; x_wconf 85' lang='grc' dir='ltr'>λόγου,</span> <span class='ocrx_word' id='word_1_202' title='bbox 2870 1439 2954 1492; x_wconf 81' lang='grc' dir='ltr'>ὅτι</span> <span class='ocrx_word' id='word_1_203' title='bbox 2975 1438 3076 1510; x_wconf 84' lang='grc' dir='ltr'>τὴν</span> <span class='ocrx_word' id='word_1_204' title='bbox 3109 1438 3302 1509; x_wconf 80' lang='grc' dir='ltr'>ἡδονὴν</span> <span class='ocrx_word' id='word_1_205' title='bbox 3328 1437 3615 1492; x_wconf 78' lang='grc' dir='ltr'>εἰσιοῦσαν</span> <span class='ocrx_word' id='word_1_206' title='bbox 3639 1438 3720 1492; x_wconf 72' lang='grc' dir='ltr'><strong>καί</strong></span> 
     </span>
    </p>
   </div>
   <div class='ocr_carea' id='block_1_31' title="bbox 2146 1527 3717 1601">
    <p class='ocr_par' dir='ltr' id='par_1_31' title="bbox 2146 1527 3717 1601">
     <span class='ocr_line' id='line_1_31' title="bbox 2146 1527 3717 1601; baseline 0.001 -20"><span class='ocrx_word' id='word_1_207' title='bbox 2146 1527 2564 1600; x_wconf 83' lang='grc' dir='ltr'>παραδυομένην</span> <span class='ocrx_word' id='word_1_208' title='bbox 2580 1530 2645 1599; x_wconf 82' lang='grc' dir='ltr'>τῇ</span> <span class='ocrx_word' id='word_1_209' title='bbox 2672 1530 2771 1599; x_wconf 87' lang='grc' dir='ltr'><strong>τῆς</strong></span> <span class='ocrx_word' id='word_1_210' title='bbox 2797 1529 2979 1599; x_wconf 77' lang='grc' dir='ltr'>ψυχῆς</span> <span class='ocrx_word' id='word_1_211' title='bbox 3000 1529 3184 1601; x_wconf 71' lang='grc' dir='ltr'>ῥαχίᾳ,</span> <span class='ocrx_word' id='word_1_212' title='bbox 3203 1529 3579 1598; x_wconf 76' lang='grc' dir='ltr'>φυλάττεσθαι</span> <span class='ocrx_word' id='word_1_213' title='bbox 3606 1531 3717 1600; x_wconf 69' lang='grc' dir='ltr'>χρὴ,</span> 
     </span>
    </p>
   </div>
   <div class='ocr_carea' id='block_1_32' title="bbox 2145 1621 3719 1694">
    <p class='ocr_par' dir='ltr' id='par_1_32' title="bbox 2145 1621 3719 1694">
     <span class='ocr_line' id='line_1_32' title="bbox 2145 1621 3719 1694; baseline 0 -20"><span class='ocrx_word' id='word_1_214' title='bbox 2145 1622 2241 1674; x_wconf 73' lang='grc' dir='ltr'><strong>καὶ</strong></span> <span class='ocrx_word' id='word_1_215' title='bbox 2268 1621 2637 1692; x_wconf 77' lang='grc' dir='ltr'>ἀποφράττειν</span> <span class='ocrx_word' id='word_1_216' title='bbox 2671 1621 2748 1684; x_wconf 86' lang='grc' dir='ltr'>ὠς</span> <span class='ocrx_word' id='word_1_217' title='bbox 2789 1621 2870 1675; x_wconf 76' lang='grc' dir='ltr'>ενι</span> <span class='ocrx_word' id='word_1_218' title='bbox 2911 1621 3147 1691; x_wconf 78' lang='grc' dir='ltr'>μάλιστα</span> <span class='ocrx_word' id='word_1_219' title='bbox 3179 1622 3280 1686; x_wconf 86' lang='grc' dir='ltr'>τὰς</span> <span class='ocrx_word' id='word_1_220' title='bbox 3320 1623 3598 1694; x_wconf 78' lang='grc' dir='ltr'>ἁρμονίας</span> <span class='ocrx_word' id='word_1_221' title='bbox 3640 1623 3719 1674; x_wconf 72' lang='grc' dir='ltr'>τοῦ</span> 
     </span>
    </p>
   </div>
   <div class='ocr_carea' id='block_1_33' title="bbox 2148 1711 3722 1785">
    <p class='ocr_par' dir='ltr' id='par_1_33' title="bbox 2148 1711 3722 1785">
     <span class='ocr_line' id='line_1_33' title="bbox 2148 1711 3722 1785; baseline 0.001 -21"><span class='ocrx_word' id='word_1_222' title='bbox 2148 1712 2284 1782; x_wconf 85' lang='grc' dir='ltr'>βίου.</span> <span class='ocrx_word' id='word_1_223' title='bbox 2340 1711 2497 1766; x_wconf 78' lang='grc' dir='ltr'>Οὕτω</span> <span class='ocrx_word' id='word_1_224' title='bbox 2535 1712 2645 1783; x_wconf 91' lang='grc' dir='ltr'><strong>γάρ</strong></span> <span class='ocrx_word' id='word_1_225' title='bbox 2667 1713 2733 1767; x_wconf 87' lang='grc' dir='ltr'><strong>ἂν</strong></span> <span class='ocrx_word' id='word_1_226' title='bbox 2780 1712 2994 1784; x_wconf 89' lang='grc' dir='ltr'>καθαρά</span> <span class='ocrx_word' id='word_1_227' title='bbox 3027 1714 3326 1784; x_wconf 79' lang='grc' dir='ltr'><strong>φυλαχθείη</strong></span> <span class='ocrx_word' id='word_1_228' title='bbox 3356 1715 3460 1785; x_wconf 89' lang='grc' dir='ltr'><strong>τῆς</strong></span> <span class='ocrx_word' id='word_1_229' title='bbox 3490 1715 3605 1768; x_wconf 80' lang='grc' dir='ltr'>τῶν</span> <span class='ocrx_word' id='word_1_230' title='bbox 3638 1714 3722 1784; x_wconf 82' lang='grc' dir='ltr'>θη-</span> 
     </span>
    </p>
   </div>
   <div class='ocr_carea' id='block_1_34' title="bbox 464 1780 2044 1879">
    <p class='ocr_par' dir='ltr' id='par_1_34' title="bbox 464 1804 2041 1877">
     <span class='ocr_line' id='line_1_34' title="bbox 464 1804 2041 1877; baseline 0.001 -20"><span class='ocrx_word' id='word_1_231' title='bbox 464 1814 518 1857; x_wconf 80' lang='lat' dir='ltr'><strong>et</strong></span> <span class='ocrx_word' id='word_1_232' title='bbox 570 1805 765 1859; x_wconf 71' lang='lat' dir='ltr'><strong>animae</strong></span> <span class='ocrx_word' id='word_1_233' title='bbox 821 1804 988 1860; x_wconf 85' lang='lat' dir='ltr'><strong>dorso</strong></span> <span class='ocrx_word' id='word_1_234' title='bbox 1044 1807 1399 1875; x_wconf 87' lang='lat' dir='ltr'><strong>obrepentem</strong></span> <span class='ocrx_word' id='word_1_235' title='bbox 1451 1821 1645 1861; x_wconf 86' lang='lat' dir='ltr'><strong>cavere</strong></span> <span class='ocrx_word' id='word_1_236' title='bbox 1701 1815 1937 1877; x_wconf 90' lang='lat' dir='ltr'><strong>oportet,</strong></span> <span class='ocrx_word' id='word_1_237' title='bbox 1988 1817 2041 1861; x_wconf 90' lang='lat' dir='ltr'><strong>et</strong></span> 
     </span>
    </p>
   </div>
   <div class='ocr_carea' id='block_1_35' title="bbox 2148 1780 3721 1879">
    <p class='ocr_par' dir='ltr' id='par_1_35' title="bbox 2148 1780 3721 1879">
     <span class='ocr_line' id='line_1_35' title="bbox 2148 1780 3721 1879; baseline 0.004 -23"><span class='ocrx_word' id='word_1_238' title='bbox 2148 1780 2279 1874; x_wconf 83' lang='grc' dir='ltr'>ρίων</span> <span class='ocrx_word' id='word_1_239' title='bbox 2310 1803 2589 1874; x_wconf 76' lang='grc' dir='ltr'>ἐπιμιξίας</span> <span class='ocrx_word' id='word_1_240' title='bbox 2676 1780 2989 1877; x_wconf 81' lang='grc' dir='ltr'>ἀνθρωπίνη</span> <span class='ocrx_word' id='word_1_241' title='bbox 3014 1780 3148 1877; x_wconf 81' lang='grc' dir='ltr'>ζωή.</span> <span class='ocrx_word' id='word_1_242' title='bbox 3174 1780 3246 1860; x_wconf 51' lang='lat' dir='ltr'><strong>Et</strong></span> <span class='ocrx_word' id='word_1_243' title='bbox 3342 1780 3472 1862; x_wconf 80' lang='grc' dir='ltr'>τινα</span> 
     </span>
    </p>
   </div>
   <div class='ocr_carea' id='block_1_36' title="bbox 466 1897 2039 1968">
    <p class='ocr_par' dir='ltr' id='par_1_36' title="bbox 466 1897 2039 1968">
     <span class='ocr_line' id='line_1_36' title="bbox 466 1897 2039 1968; baseline 0.001 -19"><span class='ocrx_word' id='word_1_244' title='bbox 466 1911 630 1965; x_wconf 84' lang='lat' dir='ltr'><strong>quam</strong></span> <span class='ocrx_word' id='word_1_245' title='bbox 683 1897 917 1951; x_wconf 75' lang='lat' dir='ltr'><strong>maxime</strong></span> <span class='ocrx_word' id='word_1_246' title='bbox 969 1897 1084 1951; x_wconf 89' lang='lat' dir='ltr'><strong>tieri</strong></span> <span class='ocrx_word' id='word_1_247' title='bbox 1135 1906 1335 1968; x_wconf 90' lang='lat' dir='ltr'><strong>potest,</strong></span> <span class='ocrx_word' id='word_1_248' title='bbox 1364 1898 1490 1953; x_wconf 79' lang='lat' dir='ltr'><strong>vita:</strong></span> <span class='ocrx_word' id='word_1_249' title='bbox 1539 1913 1833 1968; x_wconf 88' lang='lat' dir='ltr'><strong>compages</strong></span> <span class='ocrx_word' id='word_1_250' title='bbox 1876 1897 2039 1952; x_wconf 84' lang='lat' dir='ltr'><strong>obtu-</strong></span> 
     </span>
    </p>
   </div>
   <div class='ocr_carea' id='block_1_37' title="bbox 466 1988 2043 2055">
    <p class='ocr_par' dir='ltr' id='par_1_37' title="bbox 466 1988 2043 2055">
     <span class='ocr_line' id='line_1_37' title="bbox 466 1988 2043 2055; baseline 0.001 -14"><span class='ocrx_word' id='word_1_251' title='bbox 466 2004 625 2055; x_wconf 85' lang='lat' dir='ltr'><strong>rare;</strong></span> <span class='ocrx_word' id='word_1_252' title='bbox 656 1988 727 2041; x_wconf 91' lang='lat' dir='ltr'><strong>ita</strong></span> <span class='ocrx_word' id='word_1_253' title='bbox 761 1990 903 2042; x_wconf 82' lang='lat' dir='ltr'><strong>enim</strong></span> <span class='ocrx_word' id='word_1_254' title='bbox 954 2005 981 2041; x_wconf 88' lang='lat' dir='ltr'><strong>a</strong></span> <span class='ocrx_word' id='word_1_255' title='bbox 1029 1992 1428 2046; x_wconf 83' lang='lat' dir='ltr'><strong>consuetudine</strong></span> <span class='ocrx_word' id='word_1_256' title='bbox 1459 1991 1755 2046; x_wconf 86' lang='lat' dir='ltr'><strong>bestiarum</strong></span> <span class='ocrx_word' id='word_1_257' title='bbox 1798 1990 1904 2044; x_wconf 84' lang='lat' dir='ltr'><strong>vita</strong></span> <span class='ocrx_word' id='word_1_258' title='bbox 1943 1990 2043 2043; x_wconf 57' lang='lat' dir='ltr'><strong>huc</strong></span> 
     </span>
    </p>
   </div>
   <div class='ocr_carea' id='block_1_38' title="bbox 468 2082 2041 2153">
    <p class='ocr_par' dir='ltr' id='par_1_38' title="bbox 468 2082 2041 2153">
     <span class='ocr_line' id='line_1_38' title="bbox 468 2082 2041 2153; baseline 0.003 -22"><span class='ocrx_word' id='word_1_259' title='bbox 468 2096 627 2135; x_wconf 89' lang='lat' dir='ltr'><strong>mana</strong></span> <span class='ocrx_word' id='word_1_260' title='bbox 657 2097 792 2151; x_wconf 88' lang='lat' dir='ltr'><strong>pura</strong></span> <span class='ocrx_word' id='word_1_261' title='bbox 820 2084 1025 2137; x_wconf 86' lang='lat' dir='ltr'><strong>servari</strong></span> <span class='ocrx_word' id='word_1_262' title='bbox 1060 2083 1257 2153; x_wconf 54' lang='lat' dir='ltr'><strong>possit,</strong></span> <span class='ocrx_word' id='word_1_263' title='bbox 1290 2082 1443 2149; x_wconf 79' lang='lat' dir='ltr'><strong>Quod</strong></span> <span class='ocrx_word' id='word_1_264' title='bbox 1478 2085 1524 2138; x_wconf 92' lang='lat' dir='ltr'><strong>si</strong></span> <span class='ocrx_word' id='word_1_265' title='bbox 1559 2084 1797 2153; x_wconf 88' lang='lat' dir='ltr'><strong>aliquem</strong></span> <span class='ocrx_word' id='word_1_266' title='bbox 1833 2083 2041 2137; x_wconf 90' lang='lat' dir='ltr'><strong>aditum</strong></span> 
     </span>
    </p>
   </div>
   <div class='ocr_carea' id='block_1_39' title="bbox 465 2173 2044 2244">
    <p class='ocr_par' dir='ltr' id='par_1_39' title="bbox 465 2173 2044 2244">
     <span class='ocr_line' id='line_1_39' title="bbox 465 2173 2044 2244; baseline 0.001 -19"><span class='ocrx_word' id='word_1_267' title='bbox 465 2173 757 2229; x_wconf 81' lang='lat' dir='ltr'><strong>adversum</strong></span> <span class='ocrx_word' id='word_1_268' title='bbox 793 2190 891 2228; x_wconf 88' lang='lat' dir='ltr'><strong>nos</strong></span> <span class='ocrx_word' id='word_1_269' title='bbox 926 2183 1122 2228; x_wconf 86' lang='lat' dir='ltr'><strong>nactus</strong></span> <span class='ocrx_word' id='word_1_270' title='bbox 1156 2173 1341 2240; x_wconf 87' lang='lat' dir='ltr'><strong>fuerit,</strong></span> <span class='ocrx_word' id='word_1_271' title='bbox 1395 2174 1503 2229; x_wconf 86' lang='lat' dir='ltr'><strong>vita</strong></span> <span class='ocrx_word' id='word_1_272' title='bbox 1542 2175 1848 2244; x_wconf 90' lang='lat' dir='ltr'><strong>composita</strong></span> <span class='ocrx_word' id='word_1_273' title='bbox 1883 2174 2044 2228; x_wconf 86' lang='lat' dir='ltr'><strong>nimi-</strong></span> 
     </span>
    </p>
   </div>
   <div class='ocr_carea' id='block_1_40' title="bbox 465 2264 2043 2336">
    <p class='ocr_par' dir='ltr' id='par_1_40' title="bbox 465 2264 2043 2336">
     <span class='ocr_line' id='line_1_40' title="bbox 465 2264 2043 2336; baseline 0.003 -19"><span class='ocrx_word' id='word_1_274' title='bbox 465 2279 585 2317; x_wconf 90' lang='lat' dir='ltr'><strong>rum</strong></span> <span class='ocrx_word' id='word_1_275' title='bbox 617 2266 673 2317; x_wconf 89' lang='lat' dir='ltr'><strong>in</strong></span> <span class='ocrx_word' id='word_1_276' title='bbox 701 2265 861 2319; x_wconf 87' lang='lat' dir='ltr'><strong>nobis</strong></span> <span class='ocrx_word' id='word_1_277' title='bbox 888 2264 1179 2326; x_wconf 87' lang='lat' dir='ltr'><strong>dissoluta,</strong></span> <span class='ocrx_word' id='word_1_278' title='bbox 1211 2265 1447 2319; x_wconf 89' lang='lat' dir='ltr'><strong>latitabit</strong></span> <span class='ocrx_word' id='word_1_279' title='bbox 1480 2281 1577 2335; x_wconf 91' lang='lat' dir='ltr'><strong>per</strong></span> <span class='ocrx_word' id='word_1_280' title='bbox 1615 2266 1715 2320; x_wconf 85' lang='lat' dir='ltr'><strong>has</strong></span> <span class='ocrx_word' id='word_1_281' title='bbox 1750 2281 2043 2336; x_wconf 80' lang='lat' dir='ltr'><strong>compages</strong></span> 
     </span>
    </p>
   </div>
   <div class='ocr_carea' id='block_1_41' title="bbox 462 2355 2044 2428">
    <p class='ocr_par' dir='ltr' id='par_1_41' title="bbox 462 2355 2044 2428">
     <span class='ocr_line' id='line_1_41' title="bbox 462 2355 2044 2428; baseline 0.003 -21"><span class='ocrx_word' id='word_1_282' title='bbox 462 2355 763 2411; x_wconf 84' lang='lat' dir='ltr'><strong>dissolutas</strong></span> <span class='ocrx_word' id='word_1_283' title='bbox 805 2372 1030 2426; x_wconf 84' lang='lat' dir='ltr'><strong>serpens</strong></span> <span class='ocrx_word' id='word_1_284' title='bbox 1081 2357 1399 2427; x_wconf 82' lang='lat' dir='ltr'><strong>voluptatis,</strong></span> <span class='ocrx_word' id='word_1_285' title='bbox 1453 2372 1553 2412; x_wconf 87' lang='lat' dir='ltr'><strong>nec</strong></span> <span class='ocrx_word' id='word_1_286' title='bbox 1607 2367 1827 2427; x_wconf 89' lang='lat' dir='ltr'><strong>propter</strong></span> <span class='ocrx_word' id='word_1_287' title='bbox 1877 2374 2044 2428; x_wconf 91' lang='lat' dir='ltr'><strong>squa-</strong></span> 
     </span>
    </p>
   </div>
   <div class='ocr_carea' id='block_1_42' title="bbox 465 2447 2041 2519">
    <p class='ocr_par' dir='ltr' id='par_1_42' title="bbox 465 2447 2041 2519">
     <span class='ocr_line' id='line_1_42' title="bbox 465 2447 2041 2519; baseline 0.007 -26"><span class='ocrx_word' id='word_1_288' title='bbox 465 2460 581 2499; x_wconf 88' lang='lat' dir='ltr'><strong>mas</strong></span> <span class='ocrx_word' id='word_1_289' title='bbox 615 2460 682 2499; x_wconf 86' lang='lat' dir='ltr'><strong>ex</strong></span> <span class='ocrx_word' id='word_1_290' title='bbox 730 2449 929 2501; x_wconf 90' lang='lat' dir='ltr'><strong>mentis</strong></span> <span class='ocrx_word' id='word_1_291' title='bbox 975 2447 1285 2503; x_wconf 87' lang='lat' dir='ltr'><strong>recessibus</strong></span> <span class='ocrx_word' id='word_1_292' title='bbox 1333 2463 1397 2502; x_wconf 90' lang='lat' dir='ltr'><strong>ac</strong></span> <span class='ocrx_word' id='word_1_293' title='bbox 1439 2448 1663 2503; x_wconf 89' lang='lat' dir='ltr'><strong>latebris</strong></span> <span class='ocrx_word' id='word_1_294' title='bbox 1713 2448 1872 2504; x_wconf 84' lang='lat' dir='ltr'><strong>facile</strong></span> <span class='ocrx_word' id='word_1_295' title='bbox 1917 2450 2041 2519; x_wconf 89' lang='lat' dir='ltr'><strong>ejici</strong></span> 
     </span>
    </p>
   </div>
   <div class='ocr_carea' id='block_1_43' title="bbox 464 2534 2044 2609">
    <p class='ocr_par' dir='ltr' id='par_1_43' title="bbox 464 2534 2044 2609">
     <span class='ocr_line' id='line_1_43' title="bbox 464 2534 2044 2609; baseline 0.006 -23"><span class='ocrx_word' id='word_1_296' title='bbox 464 2536 684 2603; x_wconf 90' lang='lat' dir='ltr'><strong>poterit.</strong></span> <span class='ocrx_word' id='word_1_297' title='bbox 724 2534 895 2589; x_wconf 87' lang='lat' dir='ltr'><strong>Porro</strong></span> <span class='ocrx_word' id='word_1_298' title='bbox 942 2554 1203 2608; x_wconf 86' lang='lat' dir='ltr'><strong>squamas</strong></span> <span class='ocrx_word' id='word_1_299' title='bbox 1233 2554 1359 2594; x_wconf 89' lang='lat' dir='ltr'><strong>cum</strong></span> <span class='ocrx_word' id='word_1_300' title='bbox 1390 2540 1569 2604; x_wconf 89' lang='lat' dir='ltr'><strong>audis,</strong></span> <span class='ocrx_word' id='word_1_301' title='bbox 1602 2540 1932 2609; x_wconf 89' lang='lat' dir='ltr'><strong>multiplices</strong></span> <span class='ocrx_word' id='word_1_302' title='bbox 1979 2556 2044 2595; x_wconf 90' lang='lat' dir='ltr'><strong>ac</strong></span> 
     </span>
    </p>
   </div>
   <div class='ocr_carea' id='block_1_44' title="bbox 463 2624 2044 2702">
    <p class='ocr_par' dir='ltr' id='par_1_44' title="bbox 463 2624 2044 2702">
     <span class='ocr_line' id='line_1_44' title="bbox 463 2624 2044 2702; baseline 0.008 -27"><span class='ocrx_word' id='word_1_303' title='bbox 463 2624 646 2678; x_wconf 83' lang='lat' dir='ltr'><strong>varias</strong></span> <span class='ocrx_word' id='word_1_304' title='bbox 675 2626 1013 2695; x_wconf 83' lang='lat' dir='ltr'><strong>voluptatum</strong></span> <span class='ocrx_word' id='word_1_305' title='bbox 1046 2631 1308 2686; x_wconf 89' lang='lat' dir='ltr'><strong>materias</strong></span> <span class='ocrx_word' id='word_1_306' title='bbox 1347 2639 1400 2686; x_wconf 89' lang='lat' dir='ltr'><strong>et</strong></span> <span class='ocrx_word' id='word_1_307' title='bbox 1430 2632 1753 2688; x_wconf 90' lang='lat' dir='ltr'><strong>occasiones</strong></span> <span class='ocrx_word' id='word_1_308' title='bbox 1782 2647 1879 2702; x_wconf 88' lang='lat' dir='ltr'><strong>per</strong></span> <span class='ocrx_word' id='word_1_309' title='bbox 1910 2633 2044 2687; x_wconf 67' lang='lat' dir='ltr'><strong>aani-</strong></span> 
     </span>
    </p>
   </div>
   <div class='ocr_carea' id='block_1_45' title="bbox 464 2721 2041 2796">
    <p class='ocr_par' dir='ltr' id='par_1_45' title="bbox 464 2721 2041 2796">
     <span class='ocr_line' id='line_1_45' title="bbox 464 2721 2041 2796; baseline 0.008 -28"><span class='ocrx_word' id='word_1_310' title='bbox 464 2732 585 2785; x_wconf 77' lang='lat' dir='ltr'><strong>gina</strong></span> <span class='ocrx_word' id='word_1_311' title='bbox 630 2728 794 2787; x_wconf 86' lang='lat' dir='ltr'><strong>atque</strong></span> <span class='ocrx_word' id='word_1_312' title='bbox 848 2721 1192 2777; x_wconf 89' lang='lat' dir='ltr'><strong>involucrum</strong></span> <span class='ocrx_word' id='word_1_313' title='bbox 1226 2724 1379 2778; x_wconf 88' lang='lat' dir='ltr'><strong>verbi</strong></span> <span class='ocrx_word' id='word_1_314' title='bbox 1424 2724 1691 2796; x_wconf 82' lang='lat' dir='ltr'><strong>intellige.</strong></span> <span class='ocrx_word' id='word_1_315' title='bbox 1732 2722 1849 2778; x_wconf 85' lang='lat' dir='ltr'><strong>Una</strong></span> <span class='ocrx_word' id='word_1_316' title='bbox 1896 2726 2041 2781; x_wconf 87' lang='lat' dir='ltr'><strong>enim</strong></span> 
     </span>
    </p>
   </div>
   <div class='ocr_carea' id='block_1_46' title="bbox 464 2811 2043 2887">
    <p class='ocr_par' dir='ltr' id='par_1_46' title="bbox 464 2811 2043 2887">
     <span class='ocr_line' id='line_1_46' title="bbox 464 2811 2043 2887; baseline 0.008 -25"><span class='ocrx_word' id='word_1_317' title='bbox 464 2811 707 2878; x_wconf 80' lang='lat' dir='ltr'><strong>generali</strong></span> <span class='ocrx_word' id='word_1_318' title='bbox 762 2814 930 2866; x_wconf 80' lang='lat' dir='ltr'><strong>verbo</strong></span> <span class='ocrx_word' id='word_1_319' title='bbox 972 2814 1148 2869; x_wconf 89' lang='lat' dir='ltr'><strong>bestia</strong></span> <span class='ocrx_word' id='word_1_320' title='bbox 1186 2823 1271 2871; x_wconf 87' lang='lat' dir='ltr'><strong>est</strong></span> <span class='ocrx_word' id='word_1_321' title='bbox 1304 2816 1601 2887; x_wconf 85' lang='lat' dir='ltr'><strong>voluptatis</strong></span> <span class='ocrx_word' id='word_1_322' title='bbox 1647 2815 1877 2874; x_wconf 75' lang='lat' dir='ltr'><strong>allectus</strong></span> <span class='ocrx_word' id='word_1_323' title='bbox 1904 2837 1917 2875; x_wconf 88' lang='lat'>:</span> <span class='ocrx_word' id='word_1_324' title='bbox 1948 2817 2043 2874; x_wconf 89' lang='lat' dir='ltr'><strong>sed</strong></span> 
     </span>
    </p>
   </div>
   <div class='ocr_carea' id='block_1_47' title="bbox 463 2904 2044 2979">
    <p class='ocr_par' dir='ltr' id='par_1_47' title="bbox 463 2904 2044 2979">
     <span class='ocr_line' id='line_1_47' title="bbox 463 2904 2044 2979; baseline 0.008 -26"><span class='ocrx_word' id='word_1_325' title='bbox 463 2904 632 2956; x_wconf 70' lang='lat' dir='ltr'><strong>varia:</strong></span> <span class='ocrx_word' id='word_1_326' title='bbox 679 2905 1119 2976; x_wconf 86' lang='lat' dir='ltr'><strong>multiplicesque</strong></span> <span class='ocrx_word' id='word_1_327' title='bbox 1166 2909 1509 2979; x_wconf 85' lang='lat' dir='ltr'><strong>voluptatum</strong></span> <span class='ocrx_word' id='word_1_328' title='bbox 1539 2908 1747 2974; x_wconf 66' lang='lat' dir='ltr'><strong>formae,</strong></span> <span class='ocrx_word' id='word_1_329' title='bbox 1782 2912 1905 2966; x_wconf 64' lang='lat' dir='ltr'><strong>vitae</strong></span> <span class='ocrx_word' id='word_1_330' title='bbox 1942 2912 2044 2965; x_wconf 94' lang='lat' dir='ltr'><strong>hu-</strong></span> 
     </span>
    </p>
   </div>
   <div class='ocr_carea' id='block_1_48' title="bbox 468 3000 2042 3072">
    <p class='ocr_par' dir='ltr' id='par_1_48' title="bbox 468 3000 2042 3072">
     <span class='ocr_line' id='line_1_48' title="bbox 468 3000 2042 3072; baseline 0.006 -23"><span class='ocrx_word' id='word_1_331' title='bbox 468 3011 642 3050; x_wconf 67' lang='lat' dir='ltr'><strong>mana:</strong></span> <span class='ocrx_word' id='word_1_332' title='bbox 702 3013 797 3066; x_wconf 82' lang='lat' dir='ltr'><strong>per</strong></span> <span class='ocrx_word' id='word_1_333' title='bbox 841 3014 1038 3054; x_wconf 81' lang='lat' dir='ltr'><strong>sensus</strong></span> <span class='ocrx_word' id='word_1_334' title='bbox 1070 3000 1328 3057; x_wconf 67' lang='lat' dir='ltr'><strong>immistae</strong></span> <span class='ocrx_word' id='word_1_335' title='bbox 1376 3010 1543 3072; x_wconf 91' lang='lat' dir='ltr'><strong>atque</strong></span> <span class='ocrx_word' id='word_1_336' title='bbox 1597 3002 2042 3069; x_wconf 70' lang='lat' dir='ltr'><strong>inhaerescentes,</strong></span> 
     </span>
    </p>
   </div>
   <div class='ocr_carea' id='block_1_49' title="bbox 466 3086 2113 3183">
    <p class='ocr_par' dir='ltr' id='par_1_49' title="bbox 466 3086 2113 3183">
     <span class='ocr_line' id='line_1_49' title="bbox 466 3086 2113 3183; baseline 0.007 -44"><span class='ocrx_word' id='word_1_337' title='bbox 466 3086 550 3141; x_wconf 64' lang='lat' dir='ltr'><strong>hae</strong></span> <span class='ocrx_word' id='word_1_338' title='bbox 607 3104 849 3158; x_wconf 75' lang='lat' dir='ltr'><strong>squama:</strong></span> <span class='ocrx_word' id='word_1_339' title='bbox 903 3093 1174 3161; x_wconf 86' lang='lat' dir='ltr'><strong>serpentis</strong></span> <span class='ocrx_word' id='word_1_340' title='bbox 1224 3101 1374 3159; x_wconf 83' lang='lat' dir='ltr'><strong>sunt,</strong></span> <span class='ocrx_word' id='word_1_341' title='bbox 1425 3095 1691 3150; x_wconf 89' lang='lat' dir='ltr'><strong>varietate</strong></span> <span class='ocrx_word' id='word_1_342' title='bbox 1748 3094 2041 3150; x_wconf 78' lang='lat' dir='ltr'><strong>affectuum</strong></span> <span class='ocrx_word' id='word_1_343' title='bbox 2071 3125 2113 3183; x_wconf 66' lang='grc' dir='ltr'>ο</span> 
     </span>
    </p>
   </div>
   <div class='ocr_carea' id='block_1_50' title="bbox 466 3183 2046 3258">
    <p class='ocr_par' dir='ltr' id='par_1_50' title="bbox 466 3183 2046 3258">
     <span class='ocr_line' id='line_1_50' title="bbox 466 3183 2046 3258; baseline 0.005 -24"><span class='ocrx_word' id='word_1_344' title='bbox 466 3183 627 3250; x_wconf 88' lang='lat' dir='ltr'><strong>quasi</strong></span> <span class='ocrx_word' id='word_1_345' title='bbox 683 3183 912 3239; x_wconf 89' lang='lat' dir='ltr'><strong>maculis</strong></span> <span class='ocrx_word' id='word_1_346' title='bbox 963 3184 1257 3241; x_wconf 72' lang='lat' dir='ltr'><strong>distinctae.</strong></span> <span class='ocrx_word' id='word_1_347' title='bbox 1319 3186 1378 3240; x_wconf 90' lang='lat' dir='ltr'><strong>Si</strong></span> <span class='ocrx_word' id='word_1_348' title='bbox 1432 3186 1597 3257; x_wconf 79' lang='lat' dir='ltr'><strong>igitur</strong></span> <span class='ocrx_word' id='word_1_349' title='bbox 1660 3188 1801 3258; x_wconf 80' lang='lat' dir='ltr'><strong>fugis</strong></span> <span class='ocrx_word' id='word_1_350' title='bbox 1858 3187 2046 3242; x_wconf 67' lang='lat' dir='ltr'><strong>bestia:</strong></span> 
     </span>
    </p>
   </div>
   <div class='ocr_carea' id='block_1_51' title="bbox 467 3274 2044 3351">
    <p class='ocr_par' dir='ltr' id='par_1_51' title="bbox 467 3274 2044 3351">
     <span class='ocr_line' id='line_1_51' title="bbox 467 3274 2044 3351; baseline 0.005 -24"><span class='ocrx_word' id='word_1_351' title='bbox 467 3274 889 3328; x_wconf 88' lang='lat' dir='ltr'><strong>contubernium</strong></span> <span class='ocrx_word' id='word_1_352' title='bbox 939 3285 1105 3346; x_wconf 91' lang='lat' dir='ltr'><strong>atque</strong></span> <span class='ocrx_word' id='word_1_353' title='bbox 1148 3277 1632 3345; x_wconf 88' lang='lat' dir='ltr'><strong>cohabitationem,</strong></span> <span class='ocrx_word' id='word_1_354' title='bbox 1677 3295 1812 3334; x_wconf 88' lang='lat' dir='ltr'><strong>cave</strong></span> <span class='ocrx_word' id='word_1_355' title='bbox 1856 3290 2044 3351; x_wconf 90' lang='lat' dir='ltr'><strong>caput,</strong></span> 
     </span>
    </p>
   </div>
   <div class='ocr_carea' id='block_1_52' title="bbox 469 3365 2045 3439">
    <p class='ocr_par' dir='ltr' id='par_1_52' title="bbox 469 3365 2045 3439">
     <span class='ocr_line' id='line_1_52' title="bbox 469 3365 2045 3439; baseline 0.006 -20"><span class='ocrx_word' id='word_1_356' title='bbox 469 3365 576 3419; x_wconf 88' lang='lat' dir='ltr'><strong>hoc</strong></span> <span class='ocrx_word' id='word_1_357' title='bbox 608 3375 715 3431; x_wconf 88' lang='lat' dir='ltr'><strong>est,</strong></span> <span class='ocrx_word' id='word_1_358' title='bbox 762 3366 996 3436; x_wconf 90' lang='lat' dir='ltr'><strong>primum</strong></span> <span class='ocrx_word' id='word_1_359' title='bbox 1048 3370 1173 3423; x_wconf 88' lang='lat' dir='ltr'><strong>mali</strong></span> <span class='ocrx_word' id='word_1_360' title='bbox 1204 3369 1467 3439; x_wconf 87' lang='lat' dir='ltr'><strong>impetum</strong></span> <span class='ocrx_word' id='word_1_361' title='bbox 1515 3379 1569 3425; x_wconf 90' lang='lat' dir='ltr'><strong>et</strong></span> <span class='ocrx_word' id='word_1_362' title='bbox 1614 3372 1898 3426; x_wconf 86' lang='lat' dir='ltr'><strong>incursum</strong></span> <span class='ocrx_word' id='word_1_363' title='bbox 1932 3390 1945 3426; x_wconf 86' lang='lat'><strong>:</strong></span> <span class='ocrx_word' id='word_1_364' title='bbox 1978 3375 2045 3429; x_wconf 90' lang='lat' dir='ltr'><strong>ad</strong></span> 
     </span>
    </p>
   </div>
   <div class='ocr_carea' id='block_1_53' title="bbox 468 3458 2047 3532">
    <p class='ocr_par' dir='ltr' id='par_1_53' title="bbox 468 3458 2047 3532">
     <span class='ocr_line' id='line_1_53' title="bbox 468 3458 2047 3532; baseline 0.005 -21"><span class='ocrx_word' id='word_1_365' title='bbox 468 3458 573 3512; x_wconf 85' lang='lat' dir='ltr'><strong>hoc</strong></span> <span class='ocrx_word' id='word_1_366' title='bbox 602 3459 746 3513; x_wconf 90' lang='lat' dir='ltr'><strong>enim</strong></span> <span class='ocrx_word' id='word_1_367' title='bbox 782 3461 1036 3529; x_wconf 56' lang='lat' dir='ltr'><strong>praecepti</strong></span> <span class='ocrx_word' id='word_1_368' title='bbox 1090 3460 1302 3517; x_wconf 88' lang='lat' dir='ltr'><strong>Domini</strong></span> <span class='ocrx_word' id='word_1_369' title='bbox 1338 3464 1575 3532; x_wconf 87' lang='lat' dir='ltr'><strong>pertinet</strong></span> <span class='ocrx_word' id='word_1_370' title='bbox 1610 3464 1958 3520; x_wconf 85' lang='lat' dir='ltr'><strong>involucrum</strong></span> <span class='ocrx_word' id='word_1_371' title='bbox 1994 3476 2047 3521; x_wconf 92' lang='lat' dir='ltr'><strong>et</strong></span> 
     </span>
    </p>
   </div>
   <div class='ocr_carea' id='block_1_54' title="bbox 468 3547 2049 3619">
    <p class='ocr_par' dir='ltr' id='par_1_54' title="bbox 468 3547 2049 3619">
     <span class='ocr_line' id='line_1_54' title="bbox 468 3547 2049 3619; baseline 0.003 -16"><span class='ocrx_word' id='word_1_372' title='bbox 468 3549 698 3619; x_wconf 66' lang='lat' dir='ltr'><strong>aenigma</strong></span> <span class='ocrx_word' id='word_1_373' title='bbox 718 3566 731 3601; x_wconf 75' lang='grc' dir='ltr'><strong>ι</strong></span> <span class='ocrx_word' id='word_1_374' title='bbox 755 3547 877 3619; x_wconf 78' lang='lat' dir='ltr'><strong>Ipse</strong></span> <span class='ocrx_word' id='word_1_375' title='bbox 910 3550 1205 3605; x_wconf 74' lang='lat' dir='ltr'><strong>observabit</strong></span> <span class='ocrx_word' id='word_1_376' title='bbox 1239 3553 1547 3607; x_wconf 81' lang='lat' dir='ltr'><strong>calcaneum</strong></span> <span class='ocrx_word' id='word_1_377' title='bbox 1577 3564 1750 3619; x_wconf 83' lang='lat' dir='ltr'><strong>tuum,</strong></span> <span class='ocrx_word' id='word_1_378' title='bbox 1782 3565 1831 3609; x_wconf 82' lang='lat' dir='ltr'><strong>et</strong></span> <span class='ocrx_word' id='word_1_379' title='bbox 1861 3563 1918 3608; x_wconf 80' lang='lat' dir='ltr'><strong>tu</strong></span> <span class='ocrx_word' id='word_1_380' title='bbox 1958 3557 2049 3611; x_wconf 85' lang='lat' dir='ltr'><strong>ob-</strong></span> 
     </span>
    </p>
   </div>
   <div class='ocr_carea' id='block_1_55' title="bbox 469 3638 2047 3717">
    <p class='ocr_par' dir='ltr' id='par_1_55' title="bbox 469 3638 2047 3717">
     <span class='ocr_line' id='line_1_55' title="bbox 469 3638 2047 3717; baseline 0.006 -25"><span class='ocrx_word' id='word_1_381' title='bbox 469 3638 705 3692; x_wconf 71' lang='lat' dir='ltr'><strong>:ervabis</strong></span> <span class='ocrx_word' id='word_1_382' title='bbox 751 3650 908 3707; x_wconf 82' lang='lat' dir='ltr'><strong>caput</strong></span> <span class='ocrx_word' id='word_1_383' title='bbox 949 3640 1151 3709; x_wconf 75' lang='lat' dir='ltr'><strong>ejus“.</strong></span> <span class='ocrx_word' id='word_1_384' title='bbox 1192 3642 1269 3697; x_wconf 90' lang='lat' dir='ltr'><strong>Ne</strong></span> <span class='ocrx_word' id='word_1_385' title='bbox 1322 3645 1421 3699; x_wconf 90' lang='lat' dir='ltr'><strong>des</strong></span> <span class='ocrx_word' id='word_1_386' title='bbox 1465 3644 1672 3698; x_wconf 88' lang='lat' dir='ltr'><strong>aditum</strong></span> <span class='ocrx_word' id='word_1_387' title='bbox 1710 3647 1949 3717; x_wconf 90' lang='lat' dir='ltr'><strong>serpenti</strong></span> <span class='ocrx_word' id='word_1_388' title='bbox 1979 3648 2047 3701; x_wconf 89' lang='lat' dir='ltr'><strong>ad</strong></span> 
     </span>
    </p>
   </div>
   <div class='ocr_carea' id='block_1_56' title="bbox 470 3718 2047 3806">
    <p class='ocr_par' dir='ltr' id='par_1_56' title="bbox 470 3718 2047 3806">
     <span class='ocr_line' id='line_1_56' title="bbox 470 3718 2047 3806; baseline 0.006 -22"><span class='ocrx_word' id='word_1_389' title='bbox 470 3731 730 3787; x_wconf 81' lang='lat' dir='ltr'><strong>interiora</strong></span> <span class='ocrx_word' id='word_1_390' title='bbox 780 3732 1066 3802; x_wconf 87' lang='lat' dir='ltr'><strong>irrepenti,</strong></span> <span class='ocrx_word' id='word_1_391' title='bbox 1117 3741 1172 3788; x_wconf 89' lang='lat' dir='ltr'><strong>et</strong></span> <span class='ocrx_word' id='word_1_392' title='bbox 1223 3750 1253 3788; x_wconf 93' lang='lat' dir='ltr'><strong>a</strong></span> <span class='ocrx_word' id='word_1_393' title='bbox 1300 3737 1477 3806; x_wconf 93' lang='lat' dir='ltr'><strong>primo</strong></span> <span class='ocrx_word' id='word_1_394' title='bbox 1504 3718 1851 3794; x_wconf 44' lang='lat' dir='ltr'><strong>initio-omne</strong></span> <span class='ocrx_word' id='word_1_395' title='bbox 1886 3755 2047 3794; x_wconf 93' lang='lat' dir='ltr'><strong>suum</strong></span> 
     </span>
    </p>
   </div>
   <div class='ocr_carea' id='block_1_57' title="bbox 469 3823 2049 3898">
    <p class='ocr_par' dir='ltr' id='par_1_57' title="bbox 469 3823 2049 3898">
     <span class='ocr_line' id='line_1_57' title="bbox 469 3823 2049 3898; baseline 0.007 -24"><span class='ocrx_word' id='word_1_396' title='bbox 469 3823 725 3877; x_wconf 82' lang='lat' dir='ltr'><strong>volumen</strong></span> <span class='ocrx_word' id='word_1_397' title='bbox 759 3825 921 3878; x_wconf 88' lang='lat' dir='ltr'><strong>simul</strong></span> <span class='ocrx_word' id='word_1_398' title='bbox 970 3824 1229 3880; x_wconf 81' lang='lat' dir='ltr'><strong>inferenti</strong></span> <span class='ocrx_word' id='word_1_399' title='bbox 1261 3846 1275 3881; x_wconf 89' lang='lat'><strong>:</strong></span> <span class='ocrx_word' id='word_1_400' title='bbox 1309 3842 1470 3882; x_wconf 89' lang='lat' dir='ltr'><strong>mane</strong></span> <span class='ocrx_word' id='word_1_401' title='bbox 1504 3836 1670 3898; x_wconf 90' lang='lat' dir='ltr'><strong>atque</strong></span> <span class='ocrx_word' id='word_1_402' title='bbox 1712 3830 1959 3885; x_wconf 88' lang='lat' dir='ltr'><strong>consiste</strong></span> <span class='ocrx_word' id='word_1_403' title='bbox 1994 3834 2049 3885; x_wconf 87' lang='lat' dir='ltr'><strong>in</strong></span> 
     </span>
    </p>
   </div>
   <div class='ocr_carea' id='block_1_58' title="bbox 471 3914 2051 3976">
    <p class='ocr_par' dir='ltr' id='par_1_58' title="bbox 471 3914 2051 3976">
     <span class='ocr_line' id='line_1_58' title="bbox 471 3914 2051 3976; baseline 0.006 -10"><span class='ocrx_word' id='word_1_404' title='bbox 471 3930 573 3968; x_wconf 93' lang='lat' dir='ltr'><strong>usu</strong></span> <span class='ocrx_word' id='word_1_405' title='bbox 608 3914 919 3969; x_wconf 83' lang='lat' dir='ltr'><strong>necessario</strong></span> <span class='ocrx_word' id='word_1_406' title='bbox 946 3934 959 3969; x_wconf 90' lang='lat'>:</span> <span class='ocrx_word' id='word_1_407' title='bbox 988 3915 1256 3972; x_wconf 89' lang='lat' dir='ltr'><strong>terminus</strong></span> <span class='ocrx_word' id='word_1_408' title='bbox 1298 3926 1420 3973; x_wconf 92' lang='lat' dir='ltr'><strong>esto</strong></span> <span class='ocrx_word' id='word_1_409' title='bbox 1450 3919 1545 3974; x_wconf 92' lang='lat' dir='ltr'><strong>tibi</strong></span> <span class='ocrx_word' id='word_1_410' title='bbox 1578 3921 1702 3975; x_wconf 67' lang='lat' dir='ltr'><strong>vitae</strong></span> <span class='ocrx_word' id='word_1_411' title='bbox 1723 3921 2051 3976; x_wconf 77' lang='lat' dir='ltr'><strong>sollicitudi—</strong></span> 
     </span>
    </p>
   </div>
   <div class='ocr_carea' id='block_1_59' title="bbox 471 4007 2050 4079">
    <p class='ocr_par' dir='ltr' id='par_1_59' title="bbox 471 4007 2050 4079">
     <span class='ocr_line' id='line_1_59' title="bbox 471 4007 2050 4079; baseline 0.006 -18"><span class='ocrx_word' id='word_1_412' title='bbox 471 4007 584 4068; x_wconf 88' lang='lat' dir='ltr'><strong>nis,</strong></span> <span class='ocrx_word' id='word_1_413' title='bbox 632 4021 728 4077; x_wconf 89' lang='lat' dir='ltr'><strong>per</strong></span> <span class='ocrx_word' id='word_1_414' title='bbox 778 4022 868 4061; x_wconf 87' lang='lat' dir='ltr'><strong>res</strong></span> <span class='ocrx_word' id='word_1_415' title='bbox 908 4008 1102 4064; x_wconf 86' lang='lat' dir='ltr'><strong>obvias</strong></span> <span class='ocrx_word' id='word_1_416' title='bbox 1132 4016 1186 4062; x_wconf 84' lang='lat' dir='ltr'><strong>et</strong></span> <span class='ocrx_word' id='word_1_417' title='bbox 1237 4010 1511 4079; x_wconf 85' lang='lat' dir='ltr'><strong>parabiles</strong></span> <span class='ocrx_word' id='word_1_418' title='bbox 1562 4012 1863 4068; x_wconf 88' lang='lat' dir='ltr'><strong>necessarii</strong></span> <span class='ocrx_word' id='word_1_419' title='bbox 1917 4030 2050 4070; x_wconf 84' lang='lat' dir='ltr'><strong>usus</strong></span> 
     </span>
    </p>
   </div>
   <div class='ocr_carea' id='block_1_60' title="bbox 471 4100 2052 4178">
    <p class='ocr_par' dir='ltr' id='par_1_60' title="bbox 471 4100 2052 4178">
     <span class='ocr_line' id='line_1_60' title="bbox 471 4100 2052 4178; baseline 0.005 -24"><span class='ocrx_word' id='word_1_420' title='bbox 471 4108 637 4171; x_wconf 85' lang='lat' dir='ltr'><strong>atque</strong></span> <span class='ocrx_word' id='word_1_421' title='bbox 691 4100 941 4157; x_wconf 89' lang='lat' dir='ltr'><strong>defectus</strong></span> <span class='ocrx_word' id='word_1_422' title='bbox 989 4103 1252 4173; x_wconf 82' lang='lat' dir='ltr'><strong>expletio.</strong></span> <span class='ocrx_word' id='word_1_423' title='bbox 1295 4103 1453 4171; x_wconf 84' lang='lat' dir='ltr'><strong>Quod</strong></span> <span class='ocrx_word' id='word_1_424' title='bbox 1499 4105 1544 4161; x_wconf 88' lang='lat' dir='ltr'><strong>si</strong></span> <span class='ocrx_word' id='word_1_425' title='bbox 1597 4112 1777 4161; x_wconf 87' lang='lat' dir='ltr'><strong>tecum</strong></span> <span class='ocrx_word' id='word_1_426' title='bbox 1832 4122 2052 4178; x_wconf 91' lang='lat' dir='ltr'><strong>quoque</strong></span> 
     </span>
    </p>
   </div>
   <div class='ocr_carea' id='block_1_61' title="bbox 470 4193 2051 4269">
    <p class='ocr_par' dir='ltr' id='par_1_61' title="bbox 470 4193 2051 4269">
     <span class='ocr_line' id='line_1_61' title="bbox 470 4193 2051 4269; baseline 0.004 -22"><span class='ocrx_word' id='word_1_427' title='bbox 470 4193 823 4248; x_wconf 88' lang='lat' dir='ltr'><strong>consiliarius</strong></span> <span class='ocrx_word' id='word_1_428' title='bbox 855 4193 977 4249; x_wconf 64' lang='lat' dir='ltr'><strong>Eva:</strong></span> <span class='ocrx_word' id='word_1_429' title='bbox 1003 4196 1407 4250; x_wconf 90' lang='lat' dir='ltr'><strong>sermocinetur</strong></span> <span class='ocrx_word' id='word_1_430' title='bbox 1447 4196 1517 4251; x_wconf 88' lang='lat' dir='ltr'><strong>de</strong></span> <span class='ocrx_word' id='word_1_431' title='bbox 1554 4211 1621 4251; x_wconf 89' lang='lat' dir='ltr'><strong>eo</strong></span> <span class='ocrx_word' id='word_1_432' title='bbox 1657 4198 1801 4267; x_wconf 85' lang='lat' dir='ltr'><strong>quod</strong></span> <span class='ocrx_word' id='word_1_433' title='bbox 1822 4206 2051 4269; x_wconf 89' lang='lat' dir='ltr'><strong>aspectu</strong></span> 
     </span>
    </p>
   </div>
   <div class='ocr_carea' id='block_1_62' title="bbox 469 4281 2052 4356">
    <p class='ocr_par' dir='ltr' id='par_1_62' title="bbox 469 4281 2052 4356">
     <span class='ocr_line' id='line_1_62' title="bbox 469 4281 2052 4356; baseline 0.005 -21"><span class='ocrx_word' id='word_1_434' title='bbox 469 4281 782 4351; x_wconf 88' lang='lat' dir='ltr'><strong>pulchrum,</strong></span> <span class='ocrx_word' id='word_1_435' title='bbox 828 4289 1050 4353; x_wconf 84' lang='lat' dir='ltr'><strong>gustatu</strong></span> <span class='ocrx_word' id='word_1_436' title='bbox 1080 4298 1249 4338; x_wconf 88' lang='lat' dir='ltr'><strong>suave</strong></span> <span class='ocrx_word' id='word_1_437' title='bbox 1282 4283 1375 4346; x_wconf 91' lang='lat' dir='ltr'><strong>sit,</strong></span> <span class='ocrx_word' id='word_1_438' title='bbox 1410 4292 1466 4339; x_wconf 93' lang='lat' dir='ltr'><strong>et</strong></span> <span class='ocrx_word' id='word_1_439' title='bbox 1496 4293 1693 4354; x_wconf 62' lang='lat' dir='ltr'><strong>praeter</strong></span> <span class='ocrx_word' id='word_1_440' title='bbox 1718 4299 1916 4356; x_wconf 86' lang='lat' dir='ltr'><strong>panem</strong></span> <span class='ocrx_word' id='word_1_441' title='bbox 1946 4287 2052 4343; x_wconf 88' lang='lat' dir='ltr'><strong>tale</strong></span> 
     </span>
    </p>
   </div>
   <div class='ocr_carea' id='block_1_63' title="bbox 470 4372 2053 4449">
    <p class='ocr_par' dir='ltr' id='par_1_63' title="bbox 470 4372 2053 4449">
     <span class='ocr_line' id='line_1_63' title="bbox 470 4372 2053 4449; baseline 0.005 -24"><span class='ocrx_word' id='word_1_442' title='bbox 470 4372 760 4428; x_wconf 88' lang='lat' dir='ltr'><strong>obsonium</strong></span> <span class='ocrx_word' id='word_1_443' title='bbox 819 4373 1135 4444; x_wconf 89' lang='lat' dir='ltr'><strong>talibusque</strong></span> <span class='ocrx_word' id='word_1_444' title='bbox 1187 4372 1553 4430; x_wconf 89' lang='lat' dir='ltr'><strong>condimentis</strong></span> <span class='ocrx_word' id='word_1_445' title='bbox 1597 4384 1851 4446; x_wconf 87' lang='lat' dir='ltr'><strong>paratum</strong></span> <span class='ocrx_word' id='word_1_446' title='bbox 1900 4393 2053 4449; x_wconf 71' lang='lat' dir='ltr'><strong>quaa-</strong></span> 
     </span>
    </p>
   </div>
   <div class='ocr_carea' id='block_1_64' title="bbox 2147 1893 3720 1969">
    <p class='ocr_par' dir='ltr' id='par_1_64' title="bbox 2147 1893 3720 1969">
     <span class='ocr_line' id='line_1_64' title="bbox 2147 1893 3720 1969; baseline 0.001 -21"><span class='ocrx_word' id='word_1_447' title='bbox 2147 1893 2270 1948; x_wconf 75' lang='lat' dir='ltr'><strong>an‘</strong></span> <span class='ocrx_word' id='word_1_448' title='bbox 2301 1894 2458 1965; x_wconf 83' lang='grc' dir='ltr'>ἡμῶν</span> <span class='ocrx_word' id='word_1_449' title='bbox 2482 1894 2655 1959; x_wconf 87' lang='grc' dir='ltr'>λάϐοι,</span> <span class='ocrx_word' id='word_1_450' title='bbox 2681 1895 3029 1966; x_wconf 87' lang='grc' dir='ltr'>διαλυθείσης</span> <span class='ocrx_word' id='word_1_451' title='bbox 3042 1896 3102 1951; x_wconf 83' lang='grc' dir='ltr'><strong>ἐν</strong></span> <span class='ocrx_word' id='word_1_452' title='bbox 3124 1898 3254 1967; x_wconf 80' lang='grc' dir='ltr'>ἡμῖν</span> <span class='ocrx_word' id='word_1_453' title='bbox 3282 1897 3386 1968; x_wconf 86' lang='grc' dir='ltr'><strong>τῆς</strong></span> <span class='ocrx_word' id='word_1_454' title='bbox 3411 1898 3720 1969; x_wconf 73' lang='grc' dir='ltr'>ἐναρμονίου</span> 
     </span>
    </p>
   </div>
   <div class='ocr_carea' id='block_1_65' title="bbox 2148 1986 3722 2060">
    <p class='ocr_par' dir='ltr' id='par_1_65' title="bbox 2148 1986 3722 2060">
     <span class='ocr_line' id='line_1_65' title="bbox 2148 1986 3722 2060; baseline 0.006 -22"><span class='ocrx_word' id='word_1_455' title='bbox 2148 1986 2315 2057; x_wconf 82' lang='grc' dir='ltr'>ζωῆς,</span> <span class='ocrx_word' id='word_1_456' title='bbox 2347 1986 2688 2056; x_wconf 86' lang='grc' dir='ltr'>ἐμφωλεύσει</span> <span class='ocrx_word' id='word_1_457' title='bbox 2711 1986 2801 2041; x_wconf 79' lang='grc' dir='ltr'><strong>διὰ</strong></span> <span class='ocrx_word' id='word_1_458' title='bbox 2825 1987 3030 2041; x_wconf 90' lang='grc' dir='ltr'>τούτων</span> <span class='ocrx_word' id='word_1_459' title='bbox 3048 1990 3079 2041; x_wconf 88' lang='grc' dir='ltr'>ὁ</span> <span class='ocrx_word' id='word_1_460' title='bbox 3105 1990 3203 2059; x_wconf 86' lang='grc' dir='ltr'><strong>τῆς</strong></span> <span class='ocrx_word' id='word_1_461' title='bbox 3224 1989 3425 2060; x_wconf 79' lang='grc' dir='ltr'>ἡδονῆς</span> <span class='ocrx_word' id='word_1_462' title='bbox 3452 1990 3601 2058; x_wconf 71' lang='grc' dir='ltr'>ὄφις.</span> <span class='ocrx_word' id='word_1_463' title='bbox 3626 1992 3722 2052; x_wconf 75' lang='grc' dir='ltr'>τοῖς</span> 
     </span>
    </p>
   </div>
   <div class='ocr_carea' id='block_1_66' title="bbox 2144 2078 3723 2152">
    <p class='ocr_par' dir='ltr' id='par_1_66' title="bbox 2144 2078 3723 2152">
     <span class='ocr_line' id='line_1_66' title="bbox 2144 2078 3723 2152; baseline 0.004 -22"><span class='ocrx_word' id='word_1_464' title='bbox 2144 2080 2245 2149; x_wconf 82' lang='grc' dir='ltr'><strong>τῆς</strong></span> <span class='ocrx_word' id='word_1_465' title='bbox 2276 2078 2513 2141; x_wconf 82' lang='grc' dir='ltr'>διανοίας</span> <span class='ocrx_word' id='word_1_466' title='bbox 2534 2080 2823 2151; x_wconf 85' lang='grc' dir='ltr'>χωρήμασι</span> <span class='ocrx_word' id='word_1_467' title='bbox 2849 2079 3213 2152; x_wconf 84' lang='grc' dir='ltr'>δυσέκκλητος</span> <span class='ocrx_word' id='word_1_468' title='bbox 3235 2081 3326 2136; x_wconf 78' lang='grc' dir='ltr'>διὰ</span> <span class='ocrx_word' id='word_1_469' title='bbox 3351 2081 3466 2135; x_wconf 83' lang='grc' dir='ltr'>τῶν</span> <span class='ocrx_word' id='word_1_470' title='bbox 3503 2082 3723 2150; x_wconf 77' lang='grc' dir='ltr'>φολίδων</span> 
     </span>
    </p>
   </div>
   <div class='ocr_carea' id='block_1_67' title="bbox 2145 2168 3724 2245">
    <p class='ocr_par' dir='ltr' id='par_1_67' title="bbox 2145 2168 3724 2245">
     <span class='ocr_line' id='line_1_67' title="bbox 2145 2168 3724 2245; baseline 0.004 -22"><span class='ocrx_word' id='word_1_471' title='bbox 2145 2168 2448 2239; x_wconf 86' lang='grc' dir='ltr'>γινόμενος.</span> <span class='ocrx_word' id='word_1_472' title='bbox 2498 2170 2719 2234; x_wconf 79' lang='grc' dir='ltr'>Φολίδας</span> <span class='ocrx_word' id='word_1_473' title='bbox 2741 2171 2799 2224; x_wconf 86' lang='grc' dir='ltr'>δὲ</span> <span class='ocrx_word' id='word_1_474' title='bbox 2831 2172 3063 2236; x_wconf 88' lang='grc' dir='ltr'>ἀκούων,</span> <span class='ocrx_word' id='word_1_475' title='bbox 3098 2173 3199 2237; x_wconf 72' lang='grc' dir='ltr'>τὰς</span> <span class='ocrx_word' id='word_1_476' title='bbox 3222 2174 3610 2245; x_wconf 82' lang='grc' dir='ltr'>πολυτρόπους</span> <span class='ocrx_word' id='word_1_477' title='bbox 3628 2175 3724 2229; x_wconf 78' lang='grc' dir='ltr'>τῶν</span> 
     </span>
    </p>
   </div>
   <div class='ocr_carea' id='block_1_68' title="bbox 2146 2262 3726 2340">
    <p class='ocr_par' dir='ltr' id='par_1_68' title="bbox 2146 2262 3726 2340">
     <span class='ocr_line' id='line_1_68' title="bbox 2146 2262 3726 2340; baseline 0.004 -25"><span class='ocrx_word' id='word_1_478' title='bbox 2146 2262 2347 2333; x_wconf 80' lang='grc' dir='ltr'>ἡδονῶν</span> <span class='ocrx_word' id='word_1_479' title='bbox 2373 2263 2627 2334; x_wconf 79' lang='grc' dir='ltr'>ἀφορμὰς</span> <span class='ocrx_word' id='word_1_480' title='bbox 2648 2263 2736 2317; x_wconf 78' lang='grc' dir='ltr'>διὰ</span> <span class='ocrx_word' id='word_1_481' title='bbox 2765 2264 2862 2318; x_wconf 83' lang='grc' dir='ltr'>τοῦ</span> <span class='ocrx_word' id='word_1_482' title='bbox 2894 2265 3215 2335; x_wconf 81' lang='grc' dir='ltr'>αἰνίγματος</span> <span class='ocrx_word' id='word_1_483' title='bbox 3241 2267 3459 2337; x_wconf 80' lang='grc' dir='ltr'>νόησον.</span> <span class='ocrx_word' id='word_1_484' title='bbox 3505 2269 3609 2321; x_wconf 82' lang='grc' dir='ltr'>Ἐν</span> <span class='ocrx_word' id='word_1_485' title='bbox 3630 2270 3726 2340; x_wconf 69' lang='grc' dir='ltr'>γὰρ</span> 
     </span>
    </p>
   </div>
   <div class='ocr_carea' id='block_1_69' title="bbox 2146 2353 3721 2429">
    <p class='ocr_par' dir='ltr' id='par_1_69' title="bbox 2146 2353 3721 2429">
     <span class='ocr_line' id='line_1_69' title="bbox 2146 2353 3721 2429; baseline 0.005 -22"><span class='ocrx_word' id='word_1_486' title='bbox 2146 2354 2332 2425; x_wconf 81' lang='grc' dir='ltr'>θηρίον</span> <span class='ocrx_word' id='word_1_487' title='bbox 2358 2353 2435 2425; x_wconf 82' lang='grc' dir='ltr'>τῷ</span> <span class='ocrx_word' id='word_1_488' title='bbox 2463 2356 2664 2427; x_wconf 81' lang='grc' dir='ltr'>γενικῷ</span> <span class='ocrx_word' id='word_1_489' title='bbox 2692 2357 2858 2427; x_wconf 86' lang='grc' dir='ltr'>λόγῳ,</span> <span class='ocrx_word' id='word_1_490' title='bbox 2892 2357 2954 2411; x_wconf 80' lang='grc' dir='ltr'><strong>τὸ</strong></span> <span class='ocrx_word' id='word_1_491' title='bbox 2986 2357 3109 2411; x_wconf 83' lang='grc' dir='ltr'>καθ’</span> <span class='ocrx_word' id='word_1_492' title='bbox 3144 2358 3342 2429; x_wconf 79' lang='grc' dir='ltr'>ἡδονήν</span> <span class='ocrx_word' id='word_1_493' title='bbox 3369 2362 3486 2413; x_wconf 83' lang='grc' dir='ltr'>ἐστι</span> <span class='ocrx_word' id='word_1_494' title='bbox 3524 2360 3721 2424; x_wconf 74' lang='grc' dir='ltr'>πάθος·</span> 
     </span>
    </p>
   </div>
   <div class='ocr_carea' id='block_1_70' title="bbox 2145 2447 3720 2521">
    <p class='ocr_par' dir='ltr' id='par_1_70' title="bbox 2145 2447 3720 2521">
     <span class='ocr_line' id='line_1_70' title="bbox 2145 2447 3720 2521; baseline 0.003 -22"><span class='ocrx_word' id='word_1_495' title='bbox 2145 2449 2201 2499; x_wconf 81' lang='grc' dir='ltr'>αἱ</span> <span class='ocrx_word' id='word_1_496' title='bbox 2229 2448 2285 2501; x_wconf 77' lang='grc' dir='ltr'>δὲ</span> <span class='ocrx_word' id='word_1_497' title='bbox 2326 2447 2568 2501; x_wconf 88' lang='grc' dir='ltr'>ποικίλαι</span> <span class='ocrx_word' id='word_1_498' title='bbox 2609 2449 2701 2501; x_wconf 79' lang='grc' dir='ltr'>καὶ</span> <span class='ocrx_word' id='word_1_499' title='bbox 2745 2449 3070 2519; x_wconf 75' lang='grc' dir='ltr'>πολύτροποι</span> <span class='ocrx_word' id='word_1_500' title='bbox 3108 2451 3217 2503; x_wconf 82' lang='grc' dir='ltr'>τῶν</span> <span class='ocrx_word' id='word_1_501' title='bbox 3249 2450 3456 2521; x_wconf 74' lang='grc' dir='ltr'>ἡδονῶν</span> <span class='ocrx_word' id='word_1_502' title='bbox 3485 2452 3649 2513; x_wconf 62' lang='lat' dir='ltr'><strong>tum.</strong></span> <span class='ocrx_word' id='word_1_503' title='bbox 3670 2454 3720 2506; x_wconf 86' lang='grc' dir='ltr'><strong>αί</strong></span> 
     </span>
    </p>
   </div>
   <div class='ocr_carea' id='block_1_71' title="bbox 2145 2538 3722 2617">
    <p class='ocr_par' dir='ltr' id='par_1_71' title="bbox 2145 2538 3722 2617">
     <span class='ocr_line' id='line_1_71' title="bbox 2145 2538 3722 2617; baseline 0.004 -26"><span class='ocrx_word' id='word_1_504' title='bbox 2145 2539 2234 2593; x_wconf 82' lang='grc' dir='ltr'>διὰ</span> <span class='ocrx_word' id='word_1_505' title='bbox 2259 2538 2368 2593; x_wconf 84' lang='grc' dir='ltr'><strong>τῶν</strong></span> <span class='ocrx_word' id='word_1_506' title='bbox 2401 2539 2704 2611; x_wconf 77' lang='grc' dir='ltr'>αίσθήσεων</span> <span class='ocrx_word' id='word_1_507' title='bbox 2739 2541 3091 2613; x_wconf 85' lang='grc' dir='ltr'>ἐμμιχθεῖσαι</span> <span class='ocrx_word' id='word_1_508' title='bbox 3121 2546 3189 2615; x_wconf 81' lang='grc' dir='ltr'>τῇ</span> <span class='ocrx_word' id='word_1_509' title='bbox 3229 2543 3554 2617; x_wconf 75' lang='grc' dir='ltr'>ἀνθρωπίνῃ</span> <span class='ocrx_word' id='word_1_510' title='bbox 3600 2544 3722 2615; x_wconf 75' lang='grc' dir='ltr'>ζωῇ,</span> 
     </span>
    </p>
   </div>
   <div class='ocr_carea' id='block_1_72' title="bbox 2148 2623 3726 2708">
    <p class='ocr_par' dir='ltr' id='par_1_72' title="bbox 2148 2623 3726 2708">
     <span class='ocr_line' id='line_1_72' title="bbox 2148 2623 3726 2708; baseline 0.005 -25"><span class='ocrx_word' id='word_1_511' title='bbox 2148 2623 2307 2684; x_wconf 74' lang='grc' dir='ltr'>αὗταί</span> <span class='ocrx_word' id='word_1_512' title='bbox 2353 2633 2489 2687; x_wconf 73' lang='grc' dir='ltr'>εἰσιν</span> <span class='ocrx_word' id='word_1_513' title='bbox 2520 2633 2575 2686; x_wconf 89' lang='grc' dir='ltr'><strong>αί</strong></span> <span class='ocrx_word' id='word_1_514' title='bbox 2611 2633 2740 2704; x_wconf 77' lang='grc' dir='ltr'>περὶ</span> <span class='ocrx_word' id='word_1_515' title='bbox 2778 2633 2871 2687; x_wconf 86' lang='grc' dir='ltr'><strong>τὸν</strong></span> <span class='ocrx_word' id='word_1_516' title='bbox 2917 2634 3041 2703; x_wconf 75' lang='grc' dir='ltr'>ὅφιν</span> <span class='ocrx_word' id='word_1_517' title='bbox 3079 2635 3313 2703; x_wconf 85' lang='grc' dir='ltr'>φολίδες,</span> <span class='ocrx_word' id='word_1_518' title='bbox 3367 2639 3438 2708; x_wconf 74' lang='grc' dir='ltr'>τῇ</span> <span class='ocrx_word' id='word_1_519' title='bbox 3489 2638 3726 2708; x_wconf 66' lang='grc' dir='ltr'>ποικιλίᾳ</span> 
     </span>
    </p>
   </div>
   <div class='ocr_carea' id='block_1_73' title="bbox 2145 2724 3723 2801">
    <p class='ocr_par' dir='ltr' id='par_1_73' title="bbox 2145 2724 3723 2801">
     <span class='ocr_line' id='line_1_73' title="bbox 2145 2724 3723 2801; baseline 0.004 -26"><span class='ocrx_word' id='word_1_520' title='bbox 2145 2724 2253 2776; x_wconf 86' lang='grc' dir='ltr'><strong>τῶν</strong></span> <span class='ocrx_word' id='word_1_521' title='bbox 2272 2724 2608 2796; x_wconf 81' lang='grc' dir='ltr'>παθημάτων</span> <span class='ocrx_word' id='word_1_522' title='bbox 2635 2727 3005 2782; x_wconf 82' lang='grc' dir='ltr'>κατάστικτοι.</span> <span class='ocrx_word' id='word_1_523' title='bbox 3034 2728 3098 2781; x_wconf 88' lang='grc' dir='ltr'><strong>Εἰ</strong></span> <span class='ocrx_word' id='word_1_524' title='bbox 3126 2724 3221 2782; x_wconf 75' lang='grc' dir='ltr'>οὖν</span> <span class='ocrx_word' id='word_1_525' title='bbox 3247 2728 3473 2798; x_wconf 78' lang='grc' dir='ltr'>φεύγεις</span> <span class='ocrx_word' id='word_1_526' title='bbox 3508 2730 3616 2801; x_wconf 76' lang='grc' dir='ltr'>τὴν</span> <span class='ocrx_word' id='word_1_527' title='bbox 3634 2732 3723 2784; x_wconf 71' lang='grc' dir='ltr'><strong>τοῦ</strong></span> 
     </span>
    </p>
   </div>
   <div class='ocr_carea' id='block_1_74' title="bbox 2147 2817 3716 2891">
    <p class='ocr_par' dir='ltr' id='par_1_74' title="bbox 2147 2817 3716 2891">
     <span class='ocr_line' id='line_1_74' title="bbox 2147 2817 3716 2891; baseline 0.004 -22"><span class='ocrx_word' id='word_1_528' title='bbox 2147 2817 2336 2890; x_wconf 82' lang='grc' dir='ltr'>θηρίου</span> <span class='ocrx_word' id='word_1_529' title='bbox 2380 2820 2711 2891; x_wconf 87' lang='grc' dir='ltr'>συνοίκησιν,</span> <span class='ocrx_word' id='word_1_530' title='bbox 2740 2820 2969 2890; x_wconf 81' lang='grc' dir='ltr'>φύλαξαι</span> <span class='ocrx_word' id='word_1_531' title='bbox 3018 2822 3118 2891; x_wconf 81' lang='grc' dir='ltr'>τὴν</span> <span class='ocrx_word' id='word_1_532' title='bbox 3162 2822 3428 2891; x_wconf 82' lang='grc' dir='ltr'>κεφαλὴν,</span> <span class='ocrx_word' id='word_1_533' title='bbox 3451 2823 3716 2884; x_wconf 56' lang='lat' dir='ltr'><strong>autem,</strong></span> 
     </span>
    </p>
   </div>
   <div class='ocr_carea' id='block_1_75' title="bbox 2146 2907 3724 2983">
    <p class='ocr_par' dir='ltr' id='par_1_75' title="bbox 2146 2907 3724 2983">
     <span class='ocr_line' id='line_1_75' title="bbox 2146 2907 3724 2983; baseline 0.001 -19"><span class='ocrx_word' id='word_1_534' title='bbox 2146 2910 2243 2981; x_wconf 81' lang='grc' dir='ltr'>τὴν</span> <span class='ocrx_word' id='word_1_535' title='bbox 2273 2907 2495 2981; x_wconf 84' lang='grc' dir='ltr'>πρώτην</span> <span class='ocrx_word' id='word_1_536' title='bbox 2525 2909 2619 2963; x_wconf 77' lang='grc' dir='ltr'>τοῦ</span> <span class='ocrx_word' id='word_1_537' title='bbox 2642 2909 2809 2965; x_wconf 81' lang='grc' dir='ltr'>κακοῦ</span> <span class='ocrx_word' id='word_1_538' title='bbox 2835 2911 3142 2982; x_wconf 80' lang='grc' dir='ltr'>προσϐολήν</span> <span class='ocrx_word' id='word_1_539' title='bbox 3164 2928 3178 2942; x_wconf 79' lang='lat'>&#39;</span> <span class='ocrx_word' id='word_1_540' title='bbox 3204 2914 3286 2977; x_wconf 82' lang='grc' dir='ltr'>εἰς</span> <span class='ocrx_word' id='word_1_541' title='bbox 3307 2911 3468 2965; x_wconf 81' lang='grc' dir='ltr'>τοῦτο</span> <span class='ocrx_word' id='word_1_542' title='bbox 3495 2913 3613 2983; x_wconf 74' lang='grc' dir='ltr'><strong>γὰρ</strong></span> <span class='ocrx_word' id='word_1_543' title='bbox 3638 2914 3724 2982; x_wconf 77' lang='grc' dir='ltr'>φέ-</span> 
     </span>
    </p>
   </div>
   <div class='ocr_carea' id='block_1_76' title="bbox 2149 3001 3723 3073">
    <p class='ocr_par' dir='ltr' id='par_1_76' title="bbox 2149 3001 3723 3073">
     <span class='ocr_line' id='line_1_76' title="bbox 2149 3001 3723 3073; baseline 0.002 -19"><span class='ocrx_word' id='word_1_544' title='bbox 2149 3020 2234 3073; x_wconf 81' lang='grc' dir='ltr'><strong>ρει</strong></span> <span class='ocrx_word' id='word_1_545' title='bbox 2277 3002 2377 3067; x_wconf 82' lang='grc' dir='ltr'><strong>τῆς</strong></span> <span class='ocrx_word' id='word_1_546' title='bbox 2400 3001 2619 3073; x_wconf 88' lang='grc' dir='ltr'>ἐντολῆς</span> <span class='ocrx_word' id='word_1_547' title='bbox 2669 3001 2762 3057; x_wconf 81' lang='grc' dir='ltr'>τοῦ</span> <span class='ocrx_word' id='word_1_548' title='bbox 2790 3002 2997 3073; x_wconf 82' lang='grc' dir='ltr'>Κυρίου</span> <span class='ocrx_word' id='word_1_549' title='bbox 3022 3001 3083 3054; x_wconf 81' lang='grc' dir='ltr'><strong>τὸ</strong></span> <span class='ocrx_word' id='word_1_550' title='bbox 3114 3001 3365 3073; x_wconf 73' lang='grc' dir='ltr'>αἴνιγμα·</span> <span class='ocrx_word' id='word_1_551' title='bbox 3397 3005 3599 3069; x_wconf 78' lang='grc' dir='ltr'>Αὐτός</span> <span class='ocrx_word' id='word_1_552' title='bbox 3616 3020 3723 3057; x_wconf 79' lang='grc' dir='ltr'>σου</span> 
     </span>
    </p>
   </div>
   <div class='ocr_carea' id='block_1_77' title="bbox 2146 3092 3719 3164">
    <p class='ocr_par' dir='ltr' id='par_1_77' title="bbox 2146 3092 3719 3164">
     <span class='ocr_line' id='line_1_77' title="bbox 2146 3092 3719 3164; baseline 0.001 -17"><span class='ocrx_word' id='word_1_553' title='bbox 2146 3092 2393 3161; x_wconf 80' lang='grc' dir='ltr'>τηρήσει</span> <span class='ocrx_word' id='word_1_554' title='bbox 2409 3092 2689 3161; x_wconf 76' lang='grc' dir='ltr'>πτέρναν,</span> <span class='ocrx_word' id='word_1_555' title='bbox 2711 3093 2809 3147; x_wconf 81' lang='grc' dir='ltr'><strong>καί</strong></span> <span class='ocrx_word' id='word_1_556' title='bbox 2823 3093 2905 3147; x_wconf 87' lang='grc' dir='ltr'>σὺ</span> <span class='ocrx_word' id='word_1_557' title='bbox 2920 3093 3204 3162; x_wconf 83' lang='grc' dir='ltr'>τηρήσεις</span> <span class='ocrx_word' id='word_1_558' title='bbox 3214 3093 3405 3148; x_wconf 85' lang='grc' dir='ltr'>αὑτοῦ</span> <span class='ocrx_word' id='word_1_559' title='bbox 3434 3096 3719 3164; x_wconf 58' lang='grc' dir='ltr'>κεφαλήν</span> 
     </span>
    </p>
   </div>
   <div class='ocr_carea' id='block_1_78' title="bbox 2152 3178 3720 3257">
    <p class='ocr_par' dir='ltr' id='par_1_78' title="bbox 2152 3178 3720 3257">
     <span class='ocr_line' id='line_1_78' title="bbox 2152 3178 3720 3257; baseline 0.001 -20"><span class='ocrx_word' id='word_1_560' title='bbox 2152 3188 2226 3257; x_wconf 82' lang='grc' dir='ltr'>μὴ</span> <span class='ocrx_word' id='word_1_561' title='bbox 2270 3185 2375 3255; x_wconf 81' lang='grc' dir='ltr'><strong>δῷς</strong></span> <span class='ocrx_word' id='word_1_562' title='bbox 2400 3178 2632 3255; x_wconf 80' lang='grc' dir='ltr'>πάροδον</span> <span class='ocrx_word' id='word_1_563' title='bbox 2669 3184 2747 3255; x_wconf 86' lang='grc' dir='ltr'>τῷ</span> <span class='ocrx_word' id='word_1_564' title='bbox 2773 3186 3015 3256; x_wconf 80' lang='grc' dir='ltr'>ἐρπυστῇ</span> <span class='ocrx_word' id='word_1_565' title='bbox 3058 3184 3194 3256; x_wconf 78' lang='grc' dir='ltr'>πρὸς</span> <span class='ocrx_word' id='word_1_566' title='bbox 3222 3184 3285 3238; x_wconf 74' lang='grc' dir='ltr'>τὸ</span> <span class='ocrx_word' id='word_1_567' title='bbox 3313 3185 3598 3257; x_wconf 80' lang='grc' dir='ltr'>ἐνδότερον</span> <span class='ocrx_word' id='word_1_568' title='bbox 3620 3189 3720 3239; x_wconf 52' lang='lat' dir='ltr'><strong>eis.</strong></span> 
     </span>
    </p>
   </div>
   <div class='ocr_carea' id='block_1_79' title="bbox 2149 3275 3723 3348">
    <p class='ocr_par' dir='ltr' id='par_1_79' title="bbox 2149 3275 3723 3348">
     <span class='ocr_line' id='line_1_79' title="bbox 2149 3275 3723 3348; baseline 0 -17"><span class='ocrx_word' id='word_1_569' title='bbox 2149 3278 2387 3347; x_wconf 88' lang='grc' dir='ltr'>έρποντι,</span> <span class='ocrx_word' id='word_1_570' title='bbox 2432 3277 2526 3330; x_wconf 79' lang='grc' dir='ltr'>καὶ</span> <span class='ocrx_word' id='word_1_571' title='bbox 2553 3276 2660 3330; x_wconf 83' lang='grc' dir='ltr'><strong>ἀπὸ</strong></span> <span class='ocrx_word' id='word_1_572' title='bbox 2681 3277 2780 3347; x_wconf 86' lang='grc' dir='ltr'><strong>τῆς</strong></span> <span class='ocrx_word' id='word_1_573' title='bbox 2814 3275 3036 3347; x_wconf 83' lang='grc' dir='ltr'>πρώτης</span> <span class='ocrx_word' id='word_1_574' title='bbox 3061 3276 3240 3348; x_wconf 85' lang='grc' dir='ltr'>ἀρχῆς</span> <span class='ocrx_word' id='word_1_575' title='bbox 3267 3276 3391 3330; x_wconf 82' lang='grc' dir='ltr'>ὅλον</span> <span class='ocrx_word' id='word_1_576' title='bbox 3416 3276 3616 3331; x_wconf 64' lang='grc' dir='ltr'>ἑαυτοῦ</span> <span class='ocrx_word' id='word_1_577' title='bbox 3642 3278 3723 3330; x_wconf 72' lang='grc' dir='ltr'><strong>τὸν</strong></span> 
     </span>
    </p>
   </div>
   <div class='ocr_carea' id='block_1_80' title="bbox 2147 3366 3723 3439">
    <p class='ocr_par' dir='ltr' id='par_1_80' title="bbox 2147 3366 3723 3439">
     <span class='ocr_line' id='line_1_80' title="bbox 2147 3366 3723 3439; baseline -0.001 -18"><span class='ocrx_word' id='word_1_578' title='bbox 2147 3368 2304 3421; x_wconf 76' lang='grc' dir='ltr'>ὁλκὸν</span> <span class='ocrx_word' id='word_1_579' title='bbox 2343 3366 2769 3439; x_wconf 86' lang='grc' dir='ltr'>συνεισφέροντι.</span> <span class='ocrx_word' id='word_1_580' title='bbox 2819 3367 3018 3419; x_wconf 83' lang='grc' dir='ltr'>Μεῖνον</span> <span class='ocrx_word' id='word_1_581' title='bbox 3046 3366 3139 3419; x_wconf 78' lang='grc' dir='ltr'>ἐπὶ</span> <span class='ocrx_word' id='word_1_582' title='bbox 3180 3368 3281 3436; x_wconf 81' lang='grc' dir='ltr'><strong>τῆς</strong></span> <span class='ocrx_word' id='word_1_583' title='bbox 3321 3366 3560 3437; x_wconf 77' lang='grc' dir='ltr'>χρείαςο</span> <span class='ocrx_word' id='word_1_584' title='bbox 3609 3368 3723 3438; x_wconf 84' lang='grc' dir='ltr'>δρος</span> 
     </span>
    </p>
   </div>
   <div class='ocr_carea' id='block_1_81' title="bbox 2148 3455 3728 3529">
    <p class='ocr_par' dir='ltr' id='par_1_81' title="bbox 2148 3455 3728 3529">
     <span class='ocr_line' id='line_1_81' title="bbox 2148 3455 3728 3529; baseline -0.001 -17"><span class='ocrx_word' id='word_1_585' title='bbox 2148 3460 2287 3513; x_wconf 77' lang='grc' dir='ltr'>ἔστω</span> <span class='ocrx_word' id='word_1_586' title='bbox 2331 3476 2413 3512; x_wconf 92' lang='grc' dir='ltr'><strong>σοι</strong></span> <span class='ocrx_word' id='word_1_587' title='bbox 2456 3458 2557 3525; x_wconf 83' lang='grc' dir='ltr'><strong>τῆς</strong></span> <span class='ocrx_word' id='word_1_588' title='bbox 2603 3456 2696 3510; x_wconf 83' lang='grc' dir='ltr'>τοῦ</span> <span class='ocrx_word' id='word_1_589' title='bbox 2728 3455 2829 3528; x_wconf 77' lang='grc' dir='ltr'>ζῇν</span> <span class='ocrx_word' id='word_1_590' title='bbox 2853 3458 3160 3529; x_wconf 84' lang='grc' dir='ltr'>φροντίδος,</span> <span class='ocrx_word' id='word_1_591' title='bbox 3211 3460 3245 3529; x_wconf 77' lang='grc' dir='ltr'><strong>η</strong></span> <span class='ocrx_word' id='word_1_592' title='bbox 3271 3458 3364 3511; x_wconf 82' lang='grc' dir='ltr'>διὰ</span> <span class='ocrx_word' id='word_1_593' title='bbox 3395 3458 3511 3513; x_wconf 79' lang='grc' dir='ltr'><strong>τῶν</strong></span> <span class='ocrx_word' id='word_1_594' title='bbox 3554 3462 3728 3513; x_wconf 72' lang='grc' dir='ltr'>ἐπιτυ-</span> 
     </span>
    </p>
   </div>
   <div class='ocr_carea' id='block_1_82' title="bbox 2149 3549 3729 3625">
    <p class='ocr_par' dir='ltr' id='par_1_82' title="bbox 2149 3549 3729 3625">
     <span class='ocr_line' id='line_1_82' title="bbox 2149 3549 3729 3625; baseline -0.001 -18"><span class='ocrx_word' id='word_1_595' title='bbox 2149 3555 2350 3625; x_wconf 82' lang='grc' dir='ltr'>χόντων</span> <span class='ocrx_word' id='word_1_596' title='bbox 2398 3550 2493 3604; x_wconf 82' lang='grc' dir='ltr'>τοῦ</span> <span class='ocrx_word' id='word_1_597' title='bbox 2542 3550 2814 3614; x_wconf 76' lang='grc' dir='ltr'>ἐνδέοντος</span> <span class='ocrx_word' id='word_1_598' title='bbox 2860 3550 3158 3621; x_wconf 82' lang='grc' dir='ltr'>πλήρωσις.</span> <span class='ocrx_word' id='word_1_599' title='bbox 3223 3550 3287 3603; x_wconf 78' lang='lat' dir='ltr'><strong>Et</strong></span> <span class='ocrx_word' id='word_1_600' title='bbox 3329 3549 3387 3602; x_wconf 82' lang='grc' dir='ltr'><strong>δέ</strong></span> <span class='ocrx_word' id='word_1_601' title='bbox 3440 3551 3539 3604; x_wconf 86' lang='grc' dir='ltr'><strong>καί</strong></span> <span class='ocrx_word' id='word_1_602' title='bbox 3584 3567 3663 3604; x_wconf 84' lang='grc' dir='ltr'><strong>σοι</strong></span> <span class='ocrx_word' id='word_1_603' title='bbox 3702 3554 3729 3605; x_wconf 78' lang='grc' dir='ltr'><strong>ὁ</strong></span> 
     </span>
    </p>
   </div>
   <div class='ocr_carea' id='block_1_83' title="bbox 2147 3641 3729 3717">
    <p class='ocr_par' dir='ltr' id='par_1_83' title="bbox 2147 3641 3729 3717">
     <span class='ocr_line' id='line_1_83' title="bbox 2147 3641 3729 3717; baseline -0.004 -16"><span class='ocrx_word' id='word_1_604' title='bbox 2147 3649 2246 3717; x_wconf 88' lang='grc' dir='ltr'><strong>τῆς</strong></span> <span class='ocrx_word' id='word_1_605' title='bbox 2280 3643 2426 3707; x_wconf 78' lang='grc' dir='ltr'>Εύας</span> <span class='ocrx_word' id='word_1_606' title='bbox 2455 3643 2757 3714; x_wconf 85' lang='grc' dir='ltr'>σύμϐουλος</span> <span class='ocrx_word' id='word_1_607' title='bbox 2796 3641 3098 3710; x_wconf 85' lang='grc' dir='ltr'>διαλέγοιτο</span> <span class='ocrx_word' id='word_1_608' title='bbox 3137 3643 3267 3713; x_wconf 75' lang='grc' dir='ltr'>περὶ</span> <span class='ocrx_word' id='word_1_609' title='bbox 3312 3642 3409 3696; x_wconf 78' lang='grc' dir='ltr'>τοῦ</span> <span class='ocrx_word' id='word_1_610' title='bbox 3460 3643 3605 3697; x_wconf 81' lang='grc' dir='ltr'>κατὰ</span> <span class='ocrx_word' id='word_1_611' title='bbox 3638 3642 3729 3712; x_wconf 72' lang='grc' dir='ltr'>τὴν</span> 
     </span>
    </p>
   </div>
   <div class='ocr_carea' id='block_1_84' title="bbox 2149 3730 3728 3808">
    <p class='ocr_par' dir='ltr' id='par_1_84' title="bbox 2149 3730 3728 3808">
     <span class='ocr_line' id='line_1_84' title="bbox 2149 3730 3728 3808; baseline -0.011 -17"><span class='ocrx_word' id='word_1_612' title='bbox 2149 3738 2271 3808; x_wconf 71' lang='grc' dir='ltr'>ὄψιν</span> <span class='ocrx_word' id='word_1_613' title='bbox 2325 3733 2530 3797; x_wconf 82' lang='grc' dir='ltr'>καλοῦ,</span> <span class='ocrx_word' id='word_1_614' title='bbox 2592 3734 2686 3787; x_wconf 75' lang='grc' dir='ltr'>καὶ</span> <span class='ocrx_word' id='word_1_615' title='bbox 2738 3732 2838 3804; x_wconf 83' lang='grc' dir='ltr'>τὴν</span> <span class='ocrx_word' id='word_1_616' title='bbox 2883 3730 3071 3801; x_wconf 83' lang='grc' dir='ltr'>γεῦσιν</span> <span class='ocrx_word' id='word_1_617' title='bbox 3116 3732 3308 3802; x_wconf 83' lang='grc' dir='ltr'>ἡδέος,</span> <span class='ocrx_word' id='word_1_618' title='bbox 3378 3733 3476 3785; x_wconf 73' lang='grc' dir='ltr'><strong>καὶ</strong></span> <span class='ocrx_word' id='word_1_619' title='bbox 3520 3733 3728 3803; x_wconf 72' lang='grc' dir='ltr'>ζητοίης</span> 
     </span>
    </p>
   </div>
   <div class='ocr_carea' id='block_1_85' title="bbox 2150 3823 3729 3899">
    <p class='ocr_par' dir='ltr' id='par_1_85' title="bbox 2150 3823 3729 3899">
     <span class='ocr_line' id='line_1_85' title="bbox 2150 3823 3729 3899; baseline -0.004 -16"><span class='ocrx_word' id='word_1_620' title='bbox 2150 3832 2241 3883; x_wconf 78' lang='grc' dir='ltr'><strong>ἐπὶ</strong></span> <span class='ocrx_word' id='word_1_621' title='bbox 2279 3828 2356 3899; x_wconf 82' lang='grc' dir='ltr'>τῷ</span> <span class='ocrx_word' id='word_1_622' title='bbox 2401 3828 2552 3898; x_wconf 75' lang='grc' dir='ltr'>ἄρτῳ</span> <span class='ocrx_word' id='word_1_623' title='bbox 2598 3826 2659 3879; x_wconf 82' lang='grc' dir='ltr'>τὸ</span> <span class='ocrx_word' id='word_1_624' title='bbox 2704 3825 2834 3895; x_wconf 78' lang='grc' dir='ltr'>ὄψον</span> <span class='ocrx_word' id='word_1_625' title='bbox 2875 3824 2937 3878; x_wconf 81' lang='grc' dir='ltr'>τὸ</span> <span class='ocrx_word' id='word_1_626' title='bbox 2988 3823 3218 3888; x_wconf 86' lang='grc' dir='ltr'>τοιόνδε,</span> <span class='ocrx_word' id='word_1_627' title='bbox 3275 3825 3371 3877; x_wconf 83' lang='grc' dir='ltr'><strong>καὶ</strong></span> <span class='ocrx_word' id='word_1_628' title='bbox 3414 3825 3481 3878; x_wconf 79' lang='grc' dir='ltr'>τὸ</span> <span class='ocrx_word' id='word_1_629' title='bbox 3514 3825 3607 3878; x_wconf 77' lang='grc' dir='ltr'><strong>διά</strong></span> <span class='ocrx_word' id='word_1_630' title='bbox 3632 3824 3729 3877; x_wconf 73' lang='grc' dir='ltr'>τῶν</span> 
     </span>
    </p>
   </div>
   <div class='ocr_carea' id='block_1_86' title="bbox 2150 3913 3721 3990">
    <p class='ocr_par' dir='ltr' id='par_1_86' title="bbox 2150 3913 3721 3990">
     <span class='ocr_line' id='line_1_86' title="bbox 2150 3913 3721 3990; baseline -0.003 -16"><span class='ocrx_word' id='word_1_631' title='bbox 2150 3920 2367 3975; x_wconf 83' lang='grc' dir='ltr'>τοιῶνδε</span> <span class='ocrx_word' id='word_1_632' title='bbox 2416 3919 2743 3990; x_wconf 76' lang='grc' dir='ltr'>ἡδυσμάτων</span> <span class='ocrx_word' id='word_1_633' title='bbox 2788 3915 3247 3987; x_wconf 76' lang='grc' dir='ltr'>ὀψοποιούμενον,</span> <span class='ocrx_word' id='word_1_634' title='bbox 3300 3913 3423 3971; x_wconf 81' lang='grc' dir='ltr'>εἶτα</span> <span class='ocrx_word' id='word_1_635' title='bbox 3468 3917 3563 3971; x_wconf 73' lang='grc' dir='ltr'>διὰ</span> <span class='ocrx_word' id='word_1_636' title='bbox 3606 3918 3721 3970; x_wconf 80' lang='grc' dir='ltr'>τού·</span> 
     </span>
    </p>
   </div>
   <div class='ocr_carea' id='block_1_87' title="bbox 2150 4009 3722 4080">
    <p class='ocr_par' dir='ltr' id='par_1_87' title="bbox 2150 4009 3722 4080">
     <span class='ocr_line' id='line_1_87' title="bbox 2150 4009 3722 4080; baseline -0.003 -13"><span class='ocrx_word' id='word_1_637' title='bbox 2150 4030 2257 4067; x_wconf 86' lang='grc' dir='ltr'><strong>των</strong></span> <span class='ocrx_word' id='word_1_638' title='bbox 2288 4012 2394 4079; x_wconf 81' lang='grc' dir='ltr'><strong>ἐξω</strong></span> <span class='ocrx_word' id='word_1_639' title='bbox 2435 4012 2546 4065; x_wconf 86' lang='grc' dir='ltr'><strong>τῶν</strong></span> <span class='ocrx_word' id='word_1_640' title='bbox 2574 4009 2887 4079; x_wconf 86' lang='grc' dir='ltr'>ἀναγκαίων</span> <span class='ocrx_word' id='word_1_641' title='bbox 2917 4010 3059 4079; x_wconf 84' lang='grc' dir='ltr'>ὅρων</span> <span class='ocrx_word' id='word_1_642' title='bbox 3088 4009 3188 4080; x_wconf 79' lang='grc' dir='ltr'>τὴν</span> <span class='ocrx_word' id='word_1_643' title='bbox 3219 4009 3527 4080; x_wconf 70' lang='grc' dir='ltr'>ἐπιθυμίαν</span> <span class='ocrx_word' id='word_1_644' title='bbox 3559 4009 3722 4077; x_wconf 71' lang='grc' dir='ltr'>ἄγοις.</span> 
     </span>
    </p>
   </div>
   <div class='ocr_carea' id='block_1_88' title="bbox 2150 4099 3724 4174">
    <p class='ocr_par' dir='ltr' id='par_1_88' title="bbox 2150 4099 3724 4174">
     <span class='ocr_line' id='line_1_88' title="bbox 2150 4099 3724 4174; baseline -0.006 -16"><span class='ocrx_word' id='word_1_645' title='bbox 2150 4106 2271 4158; x_wconf 86' lang='grc' dir='ltr'>τότε</span> <span class='ocrx_word' id='word_1_646' title='bbox 2325 4103 2445 4174; x_wconf 78' lang='grc' dir='ltr'>ϐψει</span> <span class='ocrx_word' id='word_1_647' title='bbox 2500 4104 2591 4157; x_wconf 80' lang='grc' dir='ltr'><strong>τὸν</strong></span> <span class='ocrx_word' id='word_1_648' title='bbox 2642 4100 2920 4173; x_wconf 80' lang='grc' dir='ltr'>ἐρπυοτὴν</span> <span class='ocrx_word' id='word_1_649' title='bbox 2974 4099 3117 4153; x_wconf 80' lang='grc' dir='ltr'>κατὰ</span> <span class='ocrx_word' id='word_1_650' title='bbox 3171 4100 3234 4152; x_wconf 81' lang='grc' dir='ltr'>τὸ</span> <span class='ocrx_word' id='word_1_651' title='bbox 3301 4099 3538 4169; x_wconf 78' lang='grc' dir='ltr'>λεληθὸς</span> <span class='ocrx_word' id='word_1_652' title='bbox 3602 4100 3724 4169; x_wconf 69' lang='grc' dir='ltr'>πρὸς</span> 
     </span>
    </p>
   </div>
   <div class='ocr_carea' id='block_1_89' title="bbox 2151 4190 3725 4264">
    <p class='ocr_par' dir='ltr' id='par_1_89' title="bbox 2151 4190 3725 4264">
     <span class='ocr_line' id='line_1_89' title="bbox 2151 4190 3725 4264; baseline -0.003 -15"><span class='ocrx_word' id='word_1_653' title='bbox 2151 4195 2465 4261; x_wconf 81' lang='grc' dir='ltr'>πλεονεξίαν</span> <span class='ocrx_word' id='word_1_654' title='bbox 2507 4192 2815 4256; x_wconf 89' lang='grc' dir='ltr'>ἀκολούθως</span> <span class='ocrx_word' id='word_1_655' title='bbox 2866 4190 3230 4263; x_wconf 86' lang='grc' dir='ltr'>μεθέρποντα.</span> <span class='ocrx_word' id='word_1_656' title='bbox 3290 4191 3427 4244; x_wconf 77' lang='grc' dir='ltr'>Ἀπὸ</span> <span class='ocrx_word' id='word_1_657' title='bbox 3474 4190 3588 4264; x_wconf 77' lang='grc' dir='ltr'>γὰρ</span> <span class='ocrx_word' id='word_1_658' title='bbox 3635 4191 3725 4258; x_wconf 68' lang='grc' dir='ltr'><strong>τῆς</strong></span> 
     </span>
    </p>
   </div>
   <div class='ocr_carea' id='block_1_90' title="bbox 2151 4280 3725 4359">
    <p class='ocr_par' dir='ltr' id='par_1_90' title="bbox 2151 4280 3725 4359">
     <span class='ocr_line' id='line_1_90' title="bbox 2151 4280 3725 4359; baseline -0.006 -16"><span class='ocrx_word' id='word_1_659' title='bbox 2151 4289 2456 4358; x_wconf 82' lang='grc' dir='ltr'>ἀναγκαίας</span> <span class='ocrx_word' id='word_1_660' title='bbox 2491 4285 2718 4359; x_wconf 81' lang='grc' dir='ltr'>τροφῆς,</span> <span class='ocrx_word' id='word_1_661' title='bbox 2758 4283 2851 4337; x_wconf 80' lang='grc' dir='ltr'>ἐπὶ</span> <span class='ocrx_word' id='word_1_662' title='bbox 2886 4282 2984 4353; x_wconf 80' lang='grc' dir='ltr'><strong>τὴν</strong></span> <span class='ocrx_word' id='word_1_663' title='bbox 3020 4281 3323 4352; x_wconf 78' lang='grc' dir='ltr'>ὀψοφαγίαν</span> <span class='ocrx_word' id='word_1_664' title='bbox 3346 4280 3557 4351; x_wconf 80' lang='grc' dir='ltr'>ἓρψας,</span> <span class='ocrx_word' id='word_1_665' title='bbox 3598 4281 3725 4350; x_wconf 67' lang='grc' dir='ltr'>πρὸς</span> 
     </span>
    </p>
   </div>
   <div class='ocr_carea' id='block_1_91' title="bbox 2151 4373 3726 4448">
    <p class='ocr_par' dir='ltr' id='par_1_91' title="bbox 2151 4373 3726 4448">
     <span class='ocr_line' id='line_1_91' title="bbox 2151 4373 3726 4448; baseline -0.008 -14"><span class='ocrx_word' id='word_1_666' title='bbox 2151 4381 2214 4434; x_wconf 80' lang='grc' dir='ltr'>τὸ</span> <span class='ocrx_word' id='word_1_667' title='bbox 2263 4382 2320 4433; x_wconf 88' lang='grc' dir='ltr'><strong>ἐν</strong></span> <span class='ocrx_word' id='word_1_668' title='bbox 2362 4377 2659 4448; x_wconf 81' lang='grc' dir='ltr'>ὀφθαλμοῖς</span> <span class='ocrx_word' id='word_1_669' title='bbox 2692 4375 2791 4446; x_wconf 81' lang='grc' dir='ltr'>ἡδὺ</span> <span class='ocrx_word' id='word_1_670' title='bbox 2841 4373 3226 4445; x_wconf 81' lang='grc' dir='ltr'>μεταϐήσεται,</span> <span class='ocrx_word' id='word_1_671' title='bbox 3280 4373 3451 4443; x_wconf 87' lang='grc' dir='ltr'>σκεύη</span> <span class='ocrx_word' id='word_1_672' title='bbox 3510 4373 3726 4443; x_wconf 65' lang='grc' dir='ltr'>λαμπρὰ</span> 
     </span>
    </p>
   </div>
   <div class='ocr_carea' id='block_1_92' title="bbox 469 4463 2044 4544">
    <p class='ocr_par' dir='ltr' id='par_1_92' title="bbox 469 4463 2044 4537">
     <span class='ocr_line' id='line_1_92' title="bbox 469 4463 2044 4537; baseline 0.003 -19"><span class='ocrx_word' id='word_1_673' title='bbox 469 4479 599 4531; x_wconf 87' lang='lat' dir='ltr'><strong>ras;</strong></span> <span class='ocrx_word' id='word_1_674' title='bbox 637 4463 835 4519; x_wconf 89' lang='lat' dir='ltr'><strong>deinde</strong></span> <span class='ocrx_word' id='word_1_675' title='bbox 868 4480 963 4535; x_wconf 91' lang='lat' dir='ltr'><strong>per</strong></span> <span class='ocrx_word' id='word_1_676' title='bbox 994 4465 1110 4520; x_wconf 67' lang='lat' dir='ltr'><strong>haec</strong></span> <span class='ocrx_word' id='word_1_677' title='bbox 1144 4464 1456 4536; x_wconf 90' lang='lat' dir='ltr'><strong>cupidinem</strong></span> <span class='ocrx_word' id='word_1_678' title='bbox 1486 4473 1541 4521; x_wconf 90' lang='lat' dir='ltr'><strong>et</strong></span> <span class='ocrx_word' id='word_1_679' title='bbox 1560 4469 1861 4537; x_wconf 87' lang='lat' dir='ltr'><strong>appetitum</strong></span> <span class='ocrx_word' id='word_1_680' title='bbox 1891 4477 2044 4523; x_wconf 82' lang='lat' dir='ltr'><strong>extra</strong></span> 
     </span>
    </p>
   </div>
   <div class='ocr_carea' id='block_1_93' title="bbox 2148 4463 3724 4544">
    <p class='ocr_par' dir='ltr' id='par_1_93' title="bbox 2153 4463 3724 4544">
     <span class='ocr_line' id='line_1_93' title="bbox 2153 4463 3724 4544; baseline -0.005 -18"><span class='ocrx_word' id='word_1_681' title='bbox 2153 4471 2354 4544; x_wconf 85' lang='grc' dir='ltr'>ζητῶν,</span> <span class='ocrx_word' id='word_1_682' title='bbox 2398 4471 2494 4525; x_wconf 86' lang='grc' dir='ltr'><strong>καί</strong></span> <span class='ocrx_word' id='word_1_683' title='bbox 2529 4466 2808 4540; x_wconf 80' lang='grc' dir='ltr'>ὑπηρέτας</span> <span class='ocrx_word' id='word_1_684' title='bbox 2858 4464 3061 4537; x_wconf 80' lang='grc' dir='ltr'>ἀϐροὺς</span> <span class='ocrx_word' id='word_1_685' title='bbox 3105 4464 3198 4518; x_wconf 78' lang='grc' dir='ltr'><strong>καὶ</strong></span> <span class='ocrx_word' id='word_1_686' title='bbox 3232 4463 3424 4528; x_wconf 85' lang='grc' dir='ltr'>κλίνας</span> <span class='ocrx_word' id='word_1_687' title='bbox 3467 4466 3724 4536; x_wconf 68' lang='grc' dir='ltr'>ἀργυρᾶς.</span> 
     </span>
    </p>
   </div>
   <div class='ocr_carea' id='block_1_94' title="bbox 469 4558 2046 4624">
    <p class='ocr_par' dir='ltr' id='par_1_94' title="bbox 469 4558 2046 4624">
     <span class='ocr_line' id='line_1_94' title="bbox 469 4558 2046 4624; baseline 0.002 -12"><span class='ocrx_word' id='word_1_688' title='bbox 469 4558 769 4614; x_wconf 86' lang='lat' dir='ltr'><strong>necessarii</strong></span> <span class='ocrx_word' id='word_1_689' title='bbox 827 4574 961 4615; x_wconf 89' lang='lat' dir='ltr'><strong>usus</strong></span> <span class='ocrx_word' id='word_1_690' title='bbox 1015 4559 1281 4614; x_wconf 90' lang='lat' dir='ltr'><strong>terminos</strong></span> <span class='ocrx_word' id='word_1_691' title='bbox 1337 4558 1581 4624; x_wconf 89' lang='lat' dir='ltr'><strong>educas,</strong></span> <span class='ocrx_word' id='word_1_692' title='bbox 1649 4566 1783 4614; x_wconf 90' lang='lat' dir='ltr'><strong>tunc</strong></span> <span class='ocrx_word' id='word_1_693' title='bbox 1833 4559 2046 4616; x_wconf 85' lang='lat' dir='ltr'><strong>videbis</strong></span> 
     </span>
    </p>
   </div>
   <div class='ocr_carea' id='block_1_95' title="bbox 470 4650 2050 4722">
    <p class='ocr_par' dir='ltr' id='par_1_95' title="bbox 470 4650 2050 4722">
     <span class='ocr_line' id='line_1_95' title="bbox 470 4650 2050 4722; baseline 0 -15"><span class='ocrx_word' id='word_1_694' title='bbox 470 4660 782 4721; x_wconf 76' lang='lat' dir='ltr'><strong>serpentem</strong></span> <span class='ocrx_word' id='word_1_695' title='bbox 823 4652 1056 4707; x_wconf 89' lang='lat' dir='ltr'><strong>latenter</strong></span> <span class='ocrx_word' id='word_1_696' title='bbox 1110 4651 1179 4705; x_wconf 90' lang='lat' dir='ltr'><strong>ad</strong></span> <span class='ocrx_word' id='word_1_697' title='bbox 1212 4650 1502 4705; x_wconf 81' lang='lat' dir='ltr'><strong>avaritiam</strong></span> <span class='ocrx_word' id='word_1_698' title='bbox 1535 4650 1795 4721; x_wconf 88' lang='lat' dir='ltr'><strong>deinceps</strong></span> <span class='ocrx_word' id='word_1_699' title='bbox 1829 4666 2050 4722; x_wconf 89' lang='lat' dir='ltr'><strong>proser-</strong></span> 
     </span>
    </p>
   </div>
   <div class='ocr_carea' id='block_1_96' title="bbox 469 4744 2049 4816">
    <p class='ocr_par' dir='ltr' id='par_1_96' title="bbox 469 4744 2049 4816">
     <span class='ocr_line' id='line_1_96' title="bbox 469 4744 2049 4816; baseline 0 -17"><span class='ocrx_word' id='word_1_700' title='bbox 469 4751 709 4812; x_wconf 84' lang='lat' dir='ltr'><strong>pentem.</strong></span> <span class='ocrx_word' id='word_1_701' title='bbox 739 4744 876 4798; x_wconf 89' lang='lat' dir='ltr'><strong>Cum</strong></span> <span class='ocrx_word' id='word_1_702' title='bbox 904 4745 1050 4799; x_wconf 93' lang='lat' dir='ltr'><strong>enim</strong></span> <span class='ocrx_word' id='word_1_703' title='bbox 1084 4759 1116 4797; x_wconf 90' lang='lat' dir='ltr'><strong>a</strong></span> <span class='ocrx_word' id='word_1_704' title='bbox 1144 4745 1463 4800; x_wconf 88' lang='lat' dir='ltr'><strong>necessario</strong></span> <span class='ocrx_word' id='word_1_705' title='bbox 1498 4745 1622 4801; x_wconf 90' lang='lat' dir='ltr'><strong>cibo</strong></span> <span class='ocrx_word' id='word_1_706' title='bbox 1652 4744 1718 4799; x_wconf 90' lang='lat' dir='ltr'><strong>ad</strong></span> <span class='ocrx_word' id='word_1_707' title='bbox 1753 4744 2049 4816; x_wconf 86' lang='lat' dir='ltr'><strong>ingluviem</strong></span> 
     </span>
    </p>
   </div>
   <div class='ocr_carea' id='block_1_97' title="bbox 470 4836 2052 4908">
    <p class='ocr_par' dir='ltr' id='par_1_97' title="bbox 470 4836 2052 4908">
     <span class='ocr_line' id='line_1_97' title="bbox 470 4836 2052 4908; baseline 0.002 -17"><span class='ocrx_word' id='word_1_708' title='bbox 470 4837 756 4905; x_wconf 88' lang='lat' dir='ltr'><strong>serpserit,</strong></span> <span class='ocrx_word' id='word_1_709' title='bbox 792 4837 860 4891; x_wconf 91' lang='lat' dir='ltr'><strong>ad</strong></span> <span class='ocrx_word' id='word_1_710' title='bbox 891 4837 945 4891; x_wconf 93' lang='lat' dir='ltr'><strong>id</strong></span> <span class='ocrx_word' id='word_1_711' title='bbox 975 4836 1123 4907; x_wconf 93' lang='lat' dir='ltr'><strong>quod</strong></span> <span class='ocrx_word' id='word_1_712' title='bbox 1154 4845 1379 4908; x_wconf 89' lang='lat' dir='ltr'><strong>aspectu</strong></span> <span class='ocrx_word' id='word_1_713' title='bbox 1417 4836 1723 4907; x_wconf 91' lang='lat' dir='ltr'><strong>jucundum</strong></span> <span class='ocrx_word' id='word_1_714' title='bbox 1749 4847 1835 4893; x_wconf 90' lang='lat' dir='ltr'><strong>est</strong></span> <span class='ocrx_word' id='word_1_715' title='bbox 1869 4847 2052 4894; x_wconf 80' lang='lat' dir='ltr'><strong>trans-</strong></span> 
     </span>
    </p>
   </div>
   <div class='ocr_carea' id='block_1_98' title="bbox 470 4928 2049 5002">
    <p class='ocr_par' dir='ltr' id='par_1_98' title="bbox 470 4928 2049 5002">
     <span class='ocr_line' id='line_1_98' title="bbox 470 4928 2049 5002; baseline 0.002 -21"><span class='ocrx_word' id='word_1_716' title='bbox 470 4929 592 4990; x_wconf 87' lang='lat' dir='ltr'><strong>ibit,</strong></span> <span class='ocrx_word' id='word_1_717' title='bbox 625 4944 753 4983; x_wconf 87' lang='lat' dir='ltr'><strong>vasa</strong></span> <span class='ocrx_word' id='word_1_718' title='bbox 790 4928 1079 4998; x_wconf 86' lang='lat' dir='ltr'><strong>splendida</strong></span> <span class='ocrx_word' id='word_1_719' title='bbox 1114 4937 1279 5000; x_wconf 79' lang='lat' dir='ltr'><strong>atque</strong></span> <span class='ocrx_word' id='word_1_720' title='bbox 1321 4930 1591 5002; x_wconf 89' lang='lat' dir='ltr'><strong>elegantia</strong></span> <span class='ocrx_word' id='word_1_721' title='bbox 1624 4945 1896 5000; x_wconf 61' lang='lat' dir='ltr'><strong>quaerens,</strong></span> <span class='ocrx_word' id='word_1_722' title='bbox 1945 4931 2049 4984; x_wconf 91' lang='lat' dir='ltr'><strong>mi-</strong></span> 
     </span>
    </p>
   </div>
   <div class='ocr_carea' id='block_1_99' title="bbox 472 5021 2047 5095">
    <p class='ocr_par' dir='ltr' id='par_1_99' title="bbox 472 5021 2047 5095">
     <span class='ocr_line' id='line_1_99' title="bbox 472 5021 2047 5095; baseline 0.002 -22"><span class='ocrx_word' id='word_1_723' title='bbox 472 5021 678 5076; x_wconf 88' lang='lat' dir='ltr'><strong>nistros</strong></span> <span class='ocrx_word' id='word_1_724' title='bbox 730 5021 859 5075; x_wconf 88' lang='lat' dir='ltr'><strong>item</strong></span> <span class='ocrx_word' id='word_1_725' title='bbox 889 5028 1154 5077; x_wconf 89' lang='lat' dir='ltr'><strong>venustos</strong></span> <span class='ocrx_word' id='word_1_726' title='bbox 1200 5037 1265 5076; x_wconf 86' lang='lat' dir='ltr'><strong>ac</strong></span> <span class='ocrx_word' id='word_1_727' title='bbox 1299 5021 1584 5090; x_wconf 88' lang='lat' dir='ltr'><strong>delicatos,</strong></span> <span class='ocrx_word' id='word_1_728' title='bbox 1636 5022 1811 5095; x_wconf 86' lang='lat' dir='ltr'><strong>lectos</strong></span> <span class='ocrx_word' id='word_1_729' title='bbox 1852 5037 2047 5093; x_wconf 84' lang='lat' dir='ltr'><strong>argen-</strong></span> 
     </span>
    </p>
   </div>
   <div class='ocr_carea' id='block_1_100' title="bbox 473 5114 2047 5186">
    <p class='ocr_par' dir='ltr' id='par_1_100' title="bbox 473 5114 2047 5186">
     <span class='ocr_line' id='line_1_100' title="bbox 473 5114 2047 5186; baseline 0.005 -23"><span class='ocrx_word' id='word_1_730' title='bbox 473 5121 615 5180; x_wconf 89' lang='lat' dir='ltr'><strong>teos,</strong></span> <span class='ocrx_word' id='word_1_731' title='bbox 675 5121 849 5169; x_wconf 88' lang='lat' dir='ltr'><strong>strata</strong></span> <span class='ocrx_word' id='word_1_732' title='bbox 916 5114 1123 5178; x_wconf 88' lang='lat' dir='ltr'><strong>mollia,</strong></span> <span class='ocrx_word' id='word_1_733' title='bbox 1187 5121 1501 5185; x_wconf 87' lang='lat' dir='ltr'><strong>tegumenta</strong></span> <span class='ocrx_word' id='word_1_734' title='bbox 1561 5115 1831 5186; x_wconf 89' lang='lat' dir='ltr'><strong>pellucida</strong></span> <span class='ocrx_word' id='word_1_735' title='bbox 1882 5125 2047 5186; x_wconf 89' lang='lat' dir='ltr'><strong>atque</strong></span> 
     </span>
    </p>
   </div>
   <div class='ocr_carea' id='block_1_101' title="bbox 471 5206 2047 5278">
    <p class='ocr_par' dir='ltr' id='par_1_101' title="bbox 471 5206 2047 5278">
     <span class='ocr_line' id='line_1_101' title="bbox 471 5206 2047 5278; baseline 0.001 -17"><span class='ocrx_word' id='word_1_736' title='bbox 471 5222 610 5261; x_wconf 85' lang='lat' dir='ltr'><strong>auro</strong></span> <span class='ocrx_word' id='word_1_737' title='bbox 650 5208 968 5271; x_wconf 82' lang='lat' dir='ltr'><strong>intertexta,</strong></span> <span class='ocrx_word' id='word_1_738' title='bbox 1012 5208 1172 5271; x_wconf 83' lang='lat' dir='ltr'><strong>solia,</strong></span> <span class='ocrx_word' id='word_1_739' title='bbox 1236 5206 1514 5278; x_wconf 87' lang='lat' dir='ltr'><strong>tripodas,</strong></span> <span class='ocrx_word' id='word_1_740' title='bbox 1573 5208 1797 5263; x_wconf 90' lang='lat' dir='ltr'><strong>balneas</strong></span> <span class='ocrx_word' id='word_1_741' title='bbox 1834 5216 1889 5262; x_wconf 90' lang='lat' dir='ltr'><strong>et</strong></span> <span class='ocrx_word' id='word_1_742' title='bbox 1915 5223 2047 5262; x_wconf 86' lang='lat' dir='ltr'><strong>vasa</strong></span> 
     </span>
    </p>
   </div>
   <div class='ocr_carea' id='block_1_102' title="bbox 472 5299 2049 5372">
    <p class='ocr_par' dir='ltr' id='par_1_102' title="bbox 472 5299 2049 5372">
     <span class='ocr_line' id='line_1_102' title="bbox 472 5299 2049 5372; baseline 0.001 -20"><span class='ocrx_word' id='word_1_743' title='bbox 472 5302 539 5354; x_wconf 79' lang='lat' dir='ltr'><strong>ad</strong></span> <span class='ocrx_word' id='word_1_744' title='bbox 576 5301 891 5366; x_wconf 83' lang='lat' dir='ltr'><strong>lavandum,</strong></span> <span class='ocrx_word' id='word_1_745' title='bbox 926 5299 1100 5367; x_wconf 89' lang='lat' dir='ltr'><strong>labra,</strong></span> <span class='ocrx_word' id='word_1_746' title='bbox 1131 5311 1399 5367; x_wconf 84' lang='lat' dir='ltr'><strong>crateras,</strong></span> <span class='ocrx_word' id='word_1_747' title='bbox 1427 5302 1678 5367; x_wconf 82' lang='lat' dir='ltr'><strong>baustra,</strong></span> <span class='ocrx_word' id='word_1_748' title='bbox 1714 5310 1877 5372; x_wconf 91' lang='lat' dir='ltr'><strong>atque</strong></span> <span class='ocrx_word' id='word_1_749' title='bbox 1906 5311 2049 5372; x_wconf 89' lang='lat' dir='ltr'><strong>ryta,</strong></span> 
     </span>
    </p>
   </div>
   <div class='ocr_carea' id='block_1_103' title="bbox 474 5394 2049 5465">
    <p class='ocr_par' dir='ltr' id='par_1_103' title="bbox 474 5394 2049 5465">
     <span class='ocr_line' id='line_1_103' title="bbox 474 5394 2049 5465; baseline 0 -18"><span class='ocrx_word' id='word_1_750' title='bbox 474 5400 754 5464; x_wconf 81' lang='lat' dir='ltr'><strong>psycteras</strong></span> <span class='ocrx_word' id='word_1_751' title='bbox 811 5403 867 5449; x_wconf 90' lang='lat' dir='ltr'><strong>et</strong></span> <span class='ocrx_word' id='word_1_752' title='bbox 932 5394 1365 5464; x_wconf 83' lang='lat' dir='ltr'><strong>refrigeratoria,</strong></span> <span class='ocrx_word' id='word_1_753' title='bbox 1432 5396 1683 5465; x_wconf 84' lang='lat' dir='ltr'><strong>cyathos,</strong></span> <span class='ocrx_word' id='word_1_754' title='bbox 1746 5395 2049 5465; x_wconf 86' lang='lat' dir='ltr'><strong>gutturnia,</strong></span> 
     </span>
    </p>
   </div>
   <div class='ocr_carea' id='block_1_104' title="bbox 473 5483 2055 5555">
    <p class='ocr_par' dir='ltr' id='par_1_104' title="bbox 473 5483 2055 5555">
     <span class='ocr_line' id='line_1_104' title="bbox 473 5483 2055 5555; baseline 0.001 -18"><span class='ocrx_word' id='word_1_755' title='bbox 473 5483 825 5547; x_wconf 81' lang='lat' dir='ltr'><strong>candelabra,</strong></span> <span class='ocrx_word' id='word_1_756' title='bbox 879 5499 1123 5548; x_wconf 86' lang='lat' dir='ltr'><strong>acerras,</strong></span> <span class='ocrx_word' id='word_1_757' title='bbox 1176 5494 1341 5555; x_wconf 88' lang='lat' dir='ltr'><strong>atque</strong></span> <span class='ocrx_word' id='word_1_758' title='bbox 1399 5485 1671 5553; x_wconf 87' lang='lat' dir='ltr'><strong>ejusmodi</strong></span> <span class='ocrx_word' id='word_1_759' title='bbox 1733 5501 1820 5540; x_wconf 87' lang='lat' dir='ltr'><strong>res</strong></span> <span class='ocrx_word' id='word_1_760' title='bbox 1870 5484 2055 5554; x_wconf 86' lang='lat' dir='ltr'><strong>requi-</strong></span> 
     </span>
    </p>
   </div>
   <div class='ocr_carea' id='block_1_105' title="bbox 474 5577 2055 5649">
    <p class='ocr_par' dir='ltr' id='par_1_105' title="bbox 474 5577 2055 5649">
     <span class='ocr_line' id='line_1_105' title="bbox 474 5577 2055 5649; baseline 0.003 -20"><span class='ocrx_word' id='word_1_761' title='bbox 474 5591 601 5636; x_wconf 78' lang='lat' dir='ltr'><strong>rens</strong></span> <span class='ocrx_word' id='word_1_762' title='bbox 633 5594 646 5628; x_wconf 89' lang='lat'><strong>:</strong></span> <span class='ocrx_word' id='word_1_763' title='bbox 684 5591 780 5646; x_wconf 82' lang='lat' dir='ltr'><strong>per</strong></span> <span class='ocrx_word' id='word_1_764' title='bbox 835 5577 948 5631; x_wconf 80' lang='lat' dir='ltr'><strong>haec</strong></span> <span class='ocrx_word' id='word_1_765' title='bbox 997 5578 1142 5632; x_wconf 84' lang='lat' dir='ltr'><strong>enim</strong></span> <span class='ocrx_word' id='word_1_766' title='bbox 1193 5594 1306 5633; x_wconf 84' lang='lat' dir='ltr'><strong>rem</strong></span> <span class='ocrx_word' id='word_1_767' title='bbox 1360 5594 1513 5635; x_wconf 82' lang='lat' dir='ltr'><strong>suam</strong></span> <span class='ocrx_word' id='word_1_768' title='bbox 1564 5578 1807 5649; x_wconf 82' lang='lat' dir='ltr'><strong>qualibet</strong></span> <span class='ocrx_word' id='word_1_769' title='bbox 1846 5582 2055 5633; x_wconf 87' lang='lat' dir='ltr'><strong>ratione</strong></span> 
     </span>
    </p>
   </div>
   <div class='ocr_carea' id='block_1_106' title="bbox 572 5756 1051 5821">
    <p class='ocr_par' dir='ltr' id='par_1_106' title="bbox 572 5756 1051 5821">
     <span class='ocr_line' id='line_1_106' title="bbox 572 5756 1051 5821; baseline -0.01 -7"><span class='ocrx_word' id='word_1_770' title='bbox 572 5756 615 5795; x_wconf 81' lang='lat'><strong>&quot;</strong></span> <span class='ocrx_word' id='word_1_771' title='bbox 654 5756 791 5815; x_wconf 84' lang='lat' dir='ltr'><strong>Gen.</strong></span> <span class='ocrx_word' id='word_1_772' title='bbox 835 5772 930 5821; x_wconf 80' lang='grc' dir='ltr'>ιιι,</span> <span class='ocrx_word' id='word_1_773' title='bbox 974 5759 1051 5816; x_wconf 67' lang='grc' dir='ltr'>ιι).</span> 
     </span>
    </p>
   </div>
   <div class='ocr_carea' id='block_1_107' title="bbox 2158 4555 3729 4636">
    <p class='ocr_par' dir='ltr' id='par_1_107' title="bbox 2158 4555 3729 4636">
     <span class='ocr_line' id='line_1_107' title="bbox 2158 4555 3729 4636; baseline -0.006 -18"><span class='ocrx_word' id='word_1_774' title='bbox 2158 4561 2447 4636; x_wconf 79' lang='grc' dir='ltr'>στρωμνὰς</span> <span class='ocrx_word' id='word_1_775' title='bbox 2487 4560 2751 4632; x_wconf 85' lang='grc' dir='ltr'>μαλακὰς,</span> <span class='ocrx_word' id='word_1_776' title='bbox 2786 4555 3119 4627; x_wconf 83' lang='grc' dir='ltr'>καλύμματα</span> <span class='ocrx_word' id='word_1_777' title='bbox 3141 4556 3373 4627; x_wconf 83' lang='grc' dir='ltr'>διαφανῆ</span> <span class='ocrx_word' id='word_1_778' title='bbox 3406 4558 3511 4611; x_wconf 77' lang='grc' dir='ltr'>καὶ</span> <span class='ocrx_word' id='word_1_779' title='bbox 3550 4556 3729 4629; x_wconf 70' lang='grc' dir='ltr'>χρυσό-</span> 
     </span>
    </p>
   </div>
   <div class='ocr_carea' id='block_1_108' title="bbox 2158 4647 3727 4727">
    <p class='ocr_par' dir='ltr' id='par_1_108' title="bbox 2158 4647 3727 4727">
     <span class='ocr_line' id='line_1_108' title="bbox 2158 4647 3727 4727; baseline -0.007 -15"><span class='ocrx_word' id='word_1_780' title='bbox 2158 4673 2359 4720; x_wconf 89' lang='grc' dir='ltr'>παστα,</span> <span class='ocrx_word' id='word_1_781' title='bbox 2385 4654 2626 4727; x_wconf 85' lang='grc' dir='ltr'>θρόνους,</span> <span class='ocrx_word' id='word_1_782' title='bbox 2647 4650 2927 4722; x_wconf 64' lang='grc' dir='ltr'>τρίποδας,</span> <span class='ocrx_word' id='word_1_783' title='bbox 2956 4647 3213 4712; x_wconf 76' lang='grc' dir='ltr'>πλυνοὺς,</span> <span class='ocrx_word' id='word_1_784' title='bbox 3237 4649 3555 4719; x_wconf 78' lang='grc' dir='ltr'>κρατῆρας,</span> <span class='ocrx_word' id='word_1_785' title='bbox 3585 4648 3727 4720; x_wconf 69' lang='grc' dir='ltr'><strong>ῥυτὰ..</strong></span> 
     </span>
    </p>
   </div>
   <div class='ocr_carea' id='block_1_109' title="bbox 2155 4740 3730 4819">
    <p class='ocr_par' dir='ltr' id='par_1_109' title="bbox 2155 4740 3730 4819">
     <span class='ocr_line' id='line_1_109' title="bbox 2155 4740 3730 4819; baseline -0.007 -16"><span class='ocrx_word' id='word_1_786' title='bbox 2155 4748 2464 4819; x_wconf 79' lang='grc' dir='ltr'>ψυκτῆρας,</span> <span class='ocrx_word' id='word_1_787' title='bbox 2509 4742 2770 4816; x_wconf 86' lang='grc' dir='ltr'>οίνοχοὰς,</span> <span class='ocrx_word' id='word_1_788' title='bbox 2816 4740 3064 4812; x_wconf 82' lang='grc' dir='ltr'>χέρνιϐα,</span> <span class='ocrx_word' id='word_1_789' title='bbox 3105 4740 3349 4810; x_wconf 87' lang='grc' dir='ltr'>λυχνίας,</span> <span class='ocrx_word' id='word_1_790' title='bbox 3401 4741 3730 4812; x_wconf 71' lang='grc' dir='ltr'>θυμιατήρια</span> 
     </span>
    </p>
   </div>
   <div class='ocr_carea' id='block_1_110' title="bbox 2158 4832 3730 4906">
    <p class='ocr_par' dir='ltr' id='par_1_110' title="bbox 2158 4832 3730 4906">
     <span class='ocr_line' id='line_1_110' title="bbox 2158 4832 3730 4906; baseline -0.005 -12"><span class='ocrx_word' id='word_1_791' title='bbox 2158 4841 2253 4894; x_wconf 77' lang='grc' dir='ltr'>καὶ</span> <span class='ocrx_word' id='word_1_792' title='bbox 2285 4839 2355 4892; x_wconf 89' lang='grc' dir='ltr'>τὰ</span> <span class='ocrx_word' id='word_1_793' title='bbox 2380 4836 2605 4891; x_wconf 82' lang='grc' dir='ltr'>τοιαῦτα</span> <span class='ocrx_word' id='word_1_794' title='bbox 2633 4834 2927 4906; x_wconf 73' lang='grc' dir='ltr'>ἐπιζητῶν.</span> <span class='ocrx_word' id='word_1_795' title='bbox 2961 4832 3062 4887; x_wconf 88' lang='grc' dir='ltr'>Διά</span> <span class='ocrx_word' id='word_1_796' title='bbox 3085 4832 3247 4887; x_wconf 77' lang='grc' dir='ltr'>τοῦτο</span> <span class='ocrx_word' id='word_1_797' title='bbox 3272 4832 3382 4903; x_wconf 90' lang='grc' dir='ltr'><strong>γάρ</strong></span> <span class='ocrx_word' id='word_1_798' title='bbox 3410 4836 3443 4904; x_wconf 80' lang='grc' dir='ltr'><strong>ἡ</strong></span> <span class='ocrx_word' id='word_1_799' title='bbox 3476 4834 3730 4903; x_wconf 73' lang='grc' dir='ltr'>ἐπιθυμία</span> 
     </span>
    </p>
   </div>
   <div class='ocr_carea' id='block_1_111' title="bbox 2155 4921 3729 5000">
    <p class='ocr_par' dir='ltr' id='par_1_111' title="bbox 2155 4921 3729 5000">
     <span class='ocr_line' id='line_1_111' title="bbox 2155 4921 3729 5000; baseline -0.006 -15"><span class='ocrx_word' id='word_1_800' title='bbox 2155 4932 2254 5000; x_wconf 82' lang='grc' dir='ltr'><strong>τῆς</strong></span> <span class='ocrx_word' id='word_1_801' title='bbox 2271 4927 2580 4994; x_wconf 82' lang='grc' dir='ltr'>πλεονεξίας</span> <span class='ocrx_word' id='word_1_802' title='bbox 2599 4927 2923 4997; x_wconf 86' lang='grc' dir='ltr'>είσέρχεται.</span> <span class='ocrx_word' id='word_1_803' title='bbox 2950 4925 3068 4979; x_wconf 82' lang='grc' dir='ltr'>Ἵνα</span> <span class='ocrx_word' id='word_1_804' title='bbox 3086 4922 3198 4993; x_wconf 82' lang='grc' dir='ltr'><strong>γὰρ</strong></span> <span class='ocrx_word' id='word_1_805' title='bbox 3218 4923 3253 4992; x_wconf 80' lang='grc' dir='ltr'><strong>ῆ</strong></span> <span class='ocrx_word' id='word_1_806' title='bbox 3271 4921 3409 4992; x_wconf 80' lang='grc' dir='ltr'>πρὸς</span> <span class='ocrx_word' id='word_1_807' title='bbox 3424 4922 3498 4975; x_wconf 75' lang='grc' dir='ltr'>τὰ</span> <span class='ocrx_word' id='word_1_808' title='bbox 3520 4921 3729 4975; x_wconf 69' lang='grc' dir='ltr'>τοιαῦτα</span> 
     </span>
    </p>
   </div>
   <div class='ocr_carea' id='block_1_112' title="bbox 2158 5007 3729 5093">
    <p class='ocr_par' dir='ltr' id='par_1_112' title="bbox 2158 5007 3729 5093">
     <span class='ocr_line' id='line_1_112' title="bbox 2158 5007 3729 5093; baseline -0.006 -18"><span class='ocrx_word' id='word_1_809' title='bbox 2158 5023 2231 5093; x_wconf 84' lang='grc' dir='ltr'><strong>μὴ</strong></span> <span class='ocrx_word' id='word_1_810' title='bbox 2253 5022 2399 5074; x_wconf 86' lang='grc' dir='ltr'>λίποι</span> <span class='ocrx_word' id='word_1_811' title='bbox 2424 5018 2769 5091; x_wconf 82' lang='grc' dir='ltr'>παρασκευὴ,</span> <span class='ocrx_word' id='word_1_812' title='bbox 2783 5016 3059 5089; x_wconf 83' lang='grc' dir='ltr'>προσόδων</span> <span class='ocrx_word' id='word_1_813' title='bbox 3081 5013 3261 5087; x_wconf 86' lang='grc' dir='ltr'>χρεία,</span> <span class='ocrx_word' id='word_1_814' title='bbox 3282 5013 3351 5068; x_wconf 81' lang='grc' dir='ltr'>δι’</span> <span class='ocrx_word' id='word_1_815' title='bbox 3372 5007 3449 5067; x_wconf 83' lang='grc' dir='ltr'>ὧν</span> <span class='ocrx_word' id='word_1_816' title='bbox 3476 5029 3729 5081; x_wconf 62' lang='grc' dir='ltr'>σιεμπορι-</span> 
     </span>
    </p>
   </div>
   <div class='ocr_carea' id='block_1_113' title="bbox 2156 5106 3725 5186">
    <p class='ocr_par' dir='ltr' id='par_1_113' title="bbox 2156 5106 3725 5186">
     <span class='ocr_line' id='line_1_113' title="bbox 2156 5106 3725 5186; baseline -0.006 -17"><span class='ocrx_word' id='word_1_817' title='bbox 2156 5116 2411 5186; x_wconf 82' lang='grc' dir='ltr'>σθήσεται</span> <span class='ocrx_word' id='word_1_818' title='bbox 2430 5113 2499 5167; x_wconf 90' lang='grc' dir='ltr'><strong>τά</strong></span> <span class='ocrx_word' id='word_1_819' title='bbox 2515 5110 2839 5182; x_wconf 84' lang='grc' dir='ltr'>ζητούμενα.</span> <span class='ocrx_word' id='word_1_820' title='bbox 2857 5108 3067 5164; x_wconf 79' lang='grc' dir='ltr'>Οὐκοῦν</span> <span class='ocrx_word' id='word_1_821' title='bbox 3084 5106 3316 5162; x_wconf 78' lang='grc' dir='ltr'>κλαῦσαι</span> <span class='ocrx_word' id='word_1_822' title='bbox 3332 5106 3441 5179; x_wconf 79' lang='grc' dir='ltr'>χρὴ</span> <span class='ocrx_word' id='word_1_823' title='bbox 3457 5124 3558 5159; x_wconf 66' lang='lat' dir='ltr'><strong>ru</strong></span> <span class='ocrx_word' id='word_1_824' title='bbox 3574 5108 3725 5159; x_wconf 79' lang='grc' dir='ltr'>δεῖνα.</span> 
     </span>
    </p>
   </div>
   <div class='ocr_carea' id='block_1_114' title="bbox 2154 5198 3726 5276">
    <p class='ocr_par' dir='ltr' id='par_1_114' title="bbox 2154 5198 3726 5276">
     <span class='ocr_line' id='line_1_114' title="bbox 2154 5198 3726 5276; baseline -0.006 -16"><span class='ocrx_word' id='word_1_825' title='bbox 2154 5207 2249 5261; x_wconf 79' lang='grc' dir='ltr'><strong>καὶ</strong></span> <span class='ocrx_word' id='word_1_826' title='bbox 2273 5204 2505 5276; x_wconf 80' lang='grc' dir='ltr'>οίμῶξαι</span> <span class='ocrx_word' id='word_1_827' title='bbox 2526 5203 2619 5257; x_wconf 85' lang='grc' dir='ltr'><strong>τὸν</strong></span> <span class='ocrx_word' id='word_1_828' title='bbox 2642 5202 2908 5262; x_wconf 85' lang='grc' dir='ltr'>σύνοικον,</span> <span class='ocrx_word' id='word_1_829' title='bbox 2932 5201 3027 5255; x_wconf 75' lang='grc' dir='ltr'><strong>καὶ</strong></span> <span class='ocrx_word' id='word_1_830' title='bbox 3047 5200 3275 5263; x_wconf 86' lang='grc' dir='ltr'>πολλοὺς</span> <span class='ocrx_word' id='word_1_831' title='bbox 3294 5198 3574 5263; x_wconf 73' lang='grc' dir='ltr'>ἐλεεινοὺς</span> <span class='ocrx_word' id='word_1_832' title='bbox 3590 5198 3726 5268; x_wconf 72' lang='grc' dir='ltr'>γενέ-</span> 
     </span>
    </p>
   </div>
   <div class='ocr_carea' id='block_1_115' title="bbox 2153 5287 3727 5358">
    <p class='ocr_par' dir='ltr' id='par_1_115' title="bbox 2153 5287 3727 5358">
     <span class='ocr_line' id='line_1_115' title="bbox 2153 5287 3727 5358; baseline -0.008 -7"><span class='ocrx_word' id='word_1_833' title='bbox 2153 5298 2277 5351; x_wconf 86' lang='grc' dir='ltr'>σθαι</span> <span class='ocrx_word' id='word_1_834' title='bbox 2294 5296 2400 5350; x_wconf 85' lang='grc' dir='ltr'><strong>τῶν</strong></span> <span class='ocrx_word' id='word_1_835' title='bbox 2424 5295 2569 5348; x_wconf 87' lang='grc' dir='ltr'>ἰδίων</span> <span class='ocrx_word' id='word_1_836' title='bbox 2589 5292 2973 5355; x_wconf 87' lang='grc' dir='ltr'>ἐκπίπτοντας,</span> <span class='ocrx_word' id='word_1_837' title='bbox 2994 5290 3084 5344; x_wconf 78' lang='grc' dir='ltr'>ἵνα</span> <span class='ocrx_word' id='word_1_838' title='bbox 3098 5289 3188 5343; x_wconf 84' lang='grc' dir='ltr'>διὰ</span> <span class='ocrx_word' id='word_1_839' title='bbox 3200 5289 3310 5341; x_wconf 85' lang='grc' dir='ltr'><strong>τῶν</strong></span> <span class='ocrx_word' id='word_1_840' title='bbox 3323 5287 3584 5358; x_wconf 79' lang='grc' dir='ltr'>δακρύων</span> <span class='ocrx_word' id='word_1_841' title='bbox 3603 5287 3727 5340; x_wconf 69' lang='lat' dir='ltr'><strong>hai-</strong></span> 
     </span>
    </p>
   </div>
   <div class='ocr_carea' id='block_1_116' title="bbox 2151 5379 3721 5460">
    <p class='ocr_par' dir='ltr' id='par_1_116' title="bbox 2151 5379 3721 5460">
     <span class='ocr_line' id='line_1_116' title="bbox 2151 5379 3721 5460; baseline -0.01 -15"><span class='ocrx_word' id='word_1_842' title='bbox 2151 5409 2257 5447; x_wconf 88' lang='grc' dir='ltr'><strong>νων</strong></span> <span class='ocrx_word' id='word_1_843' title='bbox 2270 5392 2303 5460; x_wconf 87' lang='grc' dir='ltr'><strong>ἡ</strong></span> <span class='ocrx_word' id='word_1_844' title='bbox 2320 5406 2387 5441; x_wconf 86' lang='grc' dir='ltr'><strong>πε</strong></span> <span class='ocrx_word' id='word_1_845' title='bbox 2396 5390 2447 5459; x_wconf 78' lang='grc' dir='ltr'><strong>ρὶ</strong></span> <span class='ocrx_word' id='word_1_846' title='bbox 2464 5387 2563 5458; x_wconf 84' lang='grc' dir='ltr'>τὴν</span> <span class='ocrx_word' id='word_1_847' title='bbox 2577 5382 2855 5458; x_wconf 84' lang='grc' dir='ltr'>τράπεζαν</span> <span class='ocrx_word' id='word_1_848' title='bbox 2868 5383 3041 5453; x_wconf 80' lang='grc' dir='ltr'>τούτῳ</span> <span class='ocrx_word' id='word_1_849' title='bbox 3053 5380 3328 5453; x_wconf 85' lang='grc' dir='ltr'>τραγῳδία</span> <span class='ocrx_word' id='word_1_850' title='bbox 3342 5379 3721 5451; x_wconf 76' lang='grc' dir='ltr'>λαμπρύνατο.</span> 
     </span>
    </p>
   </div>
   <div class='ocr_carea' id='block_1_117' title="bbox 2163 5473 3725 5547">
    <p class='ocr_par' dir='ltr' id='par_1_117' title="bbox 2163 5473 3725 5547">
     <span class='ocr_line' id='line_1_117' title="bbox 2163 5473 3725 5547; baseline -0.008 -10"><span class='ocrx_word' id='word_1_851' title='bbox 2163 5482 2412 5537; x_wconf 78' lang='grc' dir='ltr'>Ἐπειδὰν</span> <span class='ocrx_word' id='word_1_852' title='bbox 2449 5482 2506 5535; x_wconf 86' lang='grc' dir='ltr'>δὲ</span> <span class='ocrx_word' id='word_1_853' title='bbox 2556 5480 2649 5534; x_wconf 76' lang='grc' dir='ltr'><strong>καὶ</strong></span> <span class='ocrx_word' id='word_1_854' title='bbox 2672 5478 2884 5541; x_wconf 86' lang='grc' dir='ltr'>τούτοις</span> <span class='ocrx_word' id='word_1_855' title='bbox 2914 5479 2944 5531; x_wconf 84' lang='grc' dir='ltr'>ὁ</span> <span class='ocrx_word' id='word_1_856' title='bbox 2980 5476 3105 5547; x_wconf 83' lang='grc' dir='ltr'>δφις</span> <span class='ocrx_word' id='word_1_857' title='bbox 3145 5473 3336 5530; x_wconf 71' lang='grc' dir='ltr'>ἑαυτὸν</span> <span class='ocrx_word' id='word_1_858' title='bbox 3376 5473 3600 5545; x_wconf 50' lang='lat' dir='ltr'><strong>tunica</strong></span> <span class='ocrx_word' id='word_1_859' title='bbox 3647 5487 3725 5524; x_wconf 72' lang='lat' dir='ltr'><strong>u-</strong></span> 
     </span>
    </p>
   </div>
   <div class='ocr_carea' id='block_1_118' title="bbox 2154 5564 3723 5648">
    <p class='ocr_par' dir='ltr' id='par_1_118' title="bbox 2154 5564 3723 5648">
     <span class='ocr_line' id='line_1_118' title="bbox 2154 5564 3723 5648; baseline -0.006 -18"><span class='ocrx_word' id='word_1_860' title='bbox 2154 5576 2334 5648; x_wconf 75' lang='grc' dir='ltr'>πλήση</span> <span class='ocrx_word' id='word_1_861' title='bbox 2353 5575 2448 5647; x_wconf 71' lang='grc' dir='ltr'><strong>τὴν</strong></span> <span class='ocrx_word' id='word_1_862' title='bbox 2464 5572 2704 5645; x_wconf 84' lang='grc' dir='ltr'>γαστέρα</span> <span class='ocrx_word' id='word_1_863' title='bbox 2722 5571 2831 5627; x_wconf 83' lang='grc' dir='ltr'>τῶν</span> <span class='ocrx_word' id='word_1_864' title='bbox 2849 5570 2988 5629; x_wconf 78' lang='grc' dir='ltr'><strong>κατά</strong></span> <span class='ocrx_word' id='word_1_865' title='bbox 3002 5568 3248 5641; x_wconf 80' lang='grc' dir='ltr'>γνώμην,</span> <span class='ocrx_word' id='word_1_866' title='bbox 3265 5568 3585 5632; x_wconf 82' lang='grc' dir='ltr'>ἀκολούθως</span> <span class='ocrx_word' id='word_1_867' title='bbox 3604 5564 3723 5637; x_wconf 60' lang='grc' dir='ltr'>μετὰ</span> 
     </span>
    </p>
   </div>
  </div>
