3812 6228
134 365 278 418 H75

1040 368 1131 425 DF.
1159 368 1513 428 OBATIONE
1555 373 1903 434 DOMINICA.
1941 406 2013 418 --
2044 376 2304 434 ORATIO
2340 376 2422 433 iV.

3255 381 3395 437 1171»

129 483 232 544 τὰς
272 482 588 553 πλησμονὰς
628 483 720 536 ἐπὶ
762 484 861 553 τὴν
898 485 1197 541 ἀκόλαστον
1226 488 1432 542 λύσσαν
1472 490 1737 553 ἰλυσπώε

1822 493 2047 563 augendi
2104 493 2381 563 cupiditas
2431 494 2761 565 ingreditur.
2829 493 2967 548 Nam
3018 508 3087 549 ne
3140 502 3395 563 sumptus

133 591 300 640 μενος
330 573 718 644 κατασύρεται,
746 575 904 630 τοῦτο
929 578 986 630 δέ
1015 580 1130 631 ἐστι
1155 580 1218 632 τὸ
1242 578 1465 650 ἔσχατον
1495 582 1603 634 τῶν
1624 584 1713 637 ἀν-

128 663 421 734 θρωπίνων
442 665 648 721 κακῶν.
677 667 764 729 Ὠς
786 668 852 721 ἂν
872 664 964 722 οὖν
990 669 1157 740 μηδὲν
1183 670 1393 740 γένοιτο
1408 673 1710 747 τούτων,τῇ

127 754 365 824 εὐπορίᾳ
391 754 486 807 τοῦ
517 756 682 825 ἄρτου
716 757 816 828 τὴν
855 756 1002 829 ζωὴν
1034 760 1427 832 περιορίζεται,
1456 762 1586 833 ὄψον
1615 763 1712 836 ζη-

125 844 238 897 τῶν
274 847 335 899 τὸ
380 850 507 917 παρ’
549 848 718 918 αὐτῆς
753 847 1172 921 ὀψοποιούμενόν
1219 869 1301 906 σοι
1325 854 1424 924 τῆς
1475 854 1710 923 φύσεως.

128 937 309 990 Τοῦτο
347 939 405 991 δέ
436 941 572 1001 ἐστι,
607 940 844 1010 μάλιστα
877 941 975 1012 μὲν
1018 944 1052 1013 ἡ
1087 944 1265 1015 ἀγαθὴ
1300 945 1624 1016 συνείδησις,
1650 949 1717 1017 τῇ

125 1030 321 1100 δικαίᾳ
359 1032 656 1101 μεταλήψει
683 1033 776 1085 τὸν
804 1033 967 1104 ἄρτον
995 1032 1279 1103 ἡδύνουσα,
1317 1036 1380 1087 Ei
1414 1036 1470 1089 δὲ
1498 1038 1594 1089 καὶ
1623 1036 1718 1107 τὴν

127 1119 273 1173 κατά
318 1125 409 1174 τὸν
452 1122 644 1192 λαιμὸν
671 1122 922 1190 αἴσθησιν
959 1123 1184 1193 ἥδεσθαι
1230 1122 1425 1187 θέλοις,
1475 1125 1604 1193 ὄψον
1632 1142 1715 1179 σοι

124 1211 374 1276 γενέσθω
404 1213 436 1280 ἠ
464 1212 664 1271 ἔνδεια.
697 1213 791 1265 καὶ
814 1212 875 1264 τὸ
905 1213 980 1284 μὴ
1009 1214 1287 1267 ἐπιϐαλεῖν
1321 1216 1482 1287 κόρον
1512 1216 1589 1286 τῷ
1622 1218 1715 1269 κό-

127 1318 230 1371 ρῳ,
267 1304 405 1372 μηδὲ
444 1303 886 1374 ἀπαμϐλῦναιτῇ
917 1306 1196 1378 κραιπάλῃ
1214 1307 1313 1377 τὴν
1332 1307 1509 1377 ὄρεξιν
1529 1325 1544 1338 ·
1573 1310 1707 1363 ἀλλά

123 1394 582 1463 προηγείσθωσάν
616 1412 696 1448 σοι
719 1398 816 1466 τῆς
841 1397 1049 1467 τροφῆς
1076 1397 1185 1449 τῶν
1216 1397 1443 1450 ἐντολῶν
1463 1401 1512 1451 oi
1550 1401 1708 1470 ἱδρῶ-

123 1500 236 1546 τες.
296 1485 393 1537 Ἐν
424 1485 618 1553 ἱδρῶτι
652 1489 750 1541 καὶ
789 1491 955 1554 πόνῳ
1000 1490 1160 1557 φάγῃ
1199 1489 1305 1541 τὸν
1347 1488 1532 1558 ἄρτον
1565 1506 1702 1545 σου.

136 1574 307 1644 ὐρᾷς
333 1575 433 1645 τὴν
464 1575 685 1646 πρώτην
723 1577 1007 1644 ὀψοποιῖαν
1036 1576 1131 1629 τοῦ
1168 1576 1366 1642 Λόγου.

1819 584 2128 638 subsidium
2171 593 2227 640 et
2277 594 2574 655 apparatus
2638 586 2704 639 ad
2762 585 3034 655 ejusmodi
3087 600 3177 640 res
3229 584 3395 648 desit,

1817 672 2085 730 reditibus
2127 690 2267 745 Opus
2309 685 2411 741 est,
2442 691 2542 748 per
2573 691 2713 746 quos
2757 676 3122 731 conﬁciantur
3157 685 3212 731 et
3246 690 3398 730 com-

1819 772 2082 833 parentur
2106 781 2169 820 ea
2202 781 2325 835 quae
2351 767 2735 823 desiderantur
2762 776 2817 822 et
2847 767 3224 837 requiruntur.
3255 766 3398 834 Ergo

1820 854 1948 910 ﬂere
1978 855 2132 909 illum
2164 864 2219 911 et
2253 858 2404 911 illum
2439 868 2676 929 oportet,
2705 868 2760 914 et
2790 860 3006 929 plorare
3036 858 3399 913 contuberna-

1818 944 1946 1009 lem,
1977 947 2307 1016 multosque,
2340 948 2432 1017 qui
2481 949 2598 1003 suis
2641 950 2809 1004 rebus
2838 949 3124 1011 excidunt,
3159 949 3391 1002 misera—

1817 1034 1955 1089 biles
2027 1036 2165 1099 ﬁeri,
2204 1044 2264 1090 ut
2298 1052 2394 1106 per
2426 1038 2644 1091 illorum
2696 1038 2967 1109 lacrymas
3010 1038 3137 1091 huic
3177 1038 3391 1106 magni-

1818 1126 2030 1178 ﬁcentia
2068 1136 2229 1194 atque
2271 1129 2567 1181 ostentatio
2602 1142 2804 1182 mensze
2855 1127 3224 1196 splendescat.
3259 1126 3395 1180 Cum

1813 1226 1992 1270 autem
2018 1216 2178 1270 etiam
2214 1218 2298 1270 his
2330 1234 2389 1273 se
2434 1233 2662 1288 serpens
2691 1219 2981 1272 involverit
3013 1228 3178 1287 atque
3212 1217 3393 1286 impli-

1816 1308 2007 1372 cuerit,
2068 1315 2123 1362 et
2167 1317 2412 1363 ventrem
2470 1311 2596 1364 cibo
2650 1321 2891 1379 potuque
2934 1310 3002 1363 ad
3058 1310 3394 1363 voluntatem
3477 1356 3485 1368 ,

1814 1399 2088 1467 exquisito
2129 1400 2454 1470 impleverit,
2498 1409 2620 1470 post
2672 1401 3152 1472 ingurgitationem
3208 1413 3274 1454 ac
3306 1414 3394 1452 re-

1816 1490 2131 1557 pletionem,
2172 1491 2435 1561 deinceps
2479 1492 2543 1545 ad
2587 1490 2932 1545 libidinosam
2965 1490 3170 1544 rabiem
3211 1487 3394 1542 invol—

1817 1580 1989 1634 vendo
2014 1598 2135 1636 sese
2178 1582 2484 1639 delabetur.
2517 1583 2571 1636 Id
2611 1590 2791 1636 autem
2832 1592 3134 1637 extremum
3166 1589 3252 1635 est
3283 1579 3384 1633 hu-

121 1680 419 1719 manorum
452 1669 744 1722 malorum.
778 1666 849 1722 Ut
884 1669 1047 1737 igitur
1113 1668 1249 1721 nihil
1317 1668 1510 1720 horum
1534 1669 1767 1733 accidat,
1812 1670 2070 1727 facultate
2129 1676 2284 1743 panis
2346 1675 2508 1728 vitam
2580 1674 3022 1739 circumscribit,
3094 1672 3385 1727 obsonium

120 1774 381 1821 quaerens
418 1762 563 1830 quod
606 1763 674 1816 ab
745 1762 863 1831 ipsa
906 1772 1099 1815 natura
1172 1761 1270 1815 tibi
1337 1768 1581 1830 paratur.
1649 1762 1708 1815 ld
1758 1772 1939 1820 autem
2006 1767 2353 1836 potissimum
2412 1767 2631 1837 quidem
2689 1768 2831 1821 bona
2881 1767 3218 1823 conscientia
3275 1772 3395 1829 est,

119 1849 278 1916 justo
318 1867 419 1906 usu
457 1867 650 1921 panem
720 1852 995 1907 condiens.
1068 1851 1223 1917 Quod
1255 1854 1301 1905 si
1341 1852 1507 1905 etiam
1539 1868 1761 1907 sensum
1799 1857 1939 1924 gulae
1974 1857 2271 1912 demulceri
2300 1858 2403 1925 vis,
2432 1859 2725 1912 obsonium
2757 1858 2854 1912 tibi
2885 1865 3005 1913 esto
3073 1853 3394 1926 indigentia.

120 1957 205 2006 et,
257 1954 320 1998 ut
358 1962 428 1999 ne
471 1946 693 2000 satietas
740 1945 980 1999 satietati
1019 1945 1273 2005 addatur,
1331 1962 1437 1999 neu
1518 1948 1743 2016 crapula
1819 1949 2155 2017 infringatur
2179 1960 2231 2004 et
2262 1951 2548 2005 hebetetur
2575 1950 2873 2019 appetitus,
2903 1949 2999 2005 sed
3032 1948 3212 2003 cibum
3243 1957 3397 2002 tuum

121 2038 442 2109 pnecedant
487 2044 880 2106 pneceptorum
913 2037 1163 2091 sudores.
1244 2036 1309 2089 In
1354 2037 1545 2091 sudore
1616 2050 1666 2091 et
1735 2039 1916 2094 labore
1984 2043 2205 2095 vesceris
2252 2058 2386 2111 pane
2430 2051 2519 2095 tuo
2542 2041 2606 2096 ⁸⁵.
2647 2039 2812 2097 Vides
2846 2039 3129 2095 Sermonis
3163 2039 3395 2110 primam

119 2132 346 2187 obsonii
383 2131 821 2187 coniectionem?

214 2226 402 2295 ’Δρκεί
448 2240 529 2277 σοι
563 2225 623 2277 τὸ
668 2224 829 2295 μέχρι
868 2225 968 2294 τῆς
990 2224 1180 2295 χρείας
1212 2226 1418 2297 ταύτης
1456 2226 1709 2296 ἀσχολεῖν
1744 2234 1785 2288 Β

118 2314 229 2384 τὴν
261 2314 503 2366 διάνοιαν
522 2329 537 2342 ’
567 2313 766 2382 μᾶλλον
790 2313 847 2365 δὲ
874 2313 1033 2385 μέχρι
1049 2314 1241 2367 τούτου
1271 2316 1368 2384 τὴν
1397 2314 1575 2386 ψυχὴν
1594 2321 1712 2380 ταῖς

120 2405 262 2476 περὶ
281 2404 376 2457 τοῦ
410 2404 575 2473 ἄρτου
605 2404 899 2475 μερίμναις
925 2404 1154 2474 ὲνδήσῃς
1178 2419 1192 2432 ⁸
1226 2405 1338 2457 ἀλλ’
1373 2404 1495 2457 εἰπὲ
1522 2405 1599 2475 τῷ
1625 2406 1715 2458 τὸν

119 2494 300 2565 ἄρτον
328 2496 393 2546 ἐκ
420 2494 524 2563 γῆς
555 2492 803 2562 ὲξάγοντι
829 2511 842 2523 ·
892 2495 1014 2548 εἰπὲ
1044 2494 1123 2565 τῷ
1159 2497 1287 2558 τοὺς
1325 2496 1567 2565 κόρακας
1594 2497 1718 2568 τρέ-

118 2601 311 2653 φοντι,
350 2584 429 2654 τῷ
454 2584 647 2638 διδόντι
686 2585 891 2656 τροφὴν
927 2587 1075 2658 πάσῃ
1108 2589 1292 2656 σαρκὶ,
1339 2587 1416 2656 τῷ
1446 2588 1716 2655 ἀνοίγοντι

117 2680 231 2746 τὴν
281 2680 458 2748 χεῖρα,
504 2678 599 2729 καὶ
649 2677 944 2749 πληροῦντι
1000 2680 1107 2731 πᾶν
1139 2678 1275 2743 ζῶον
1304 2679 1586 2743 εὐδοκίας’
1635 2681 1717 2733 ὃτι

122 2771 292 2841 Παρά
314 2770 408 2822 σοῦ
435 2769 571 2839 μοιή
626 2767 737 2839 ζωή
765 2787 778 2799 ’
826 2769 979 2841 παρὰ
1005 2770 1096 2822 σοῦ
1125 2771 1368 2838 γενέσθω
1393 2772 1488 2824 καὶ
1516 2775 1547 2842 ἡ
1586 2773 1718 2841 πρὸς

116 2862 231 2929 τὴν
261 2860 408 2930 ζωὴν
431 2862 650 2932 ἀφορμή
674 2880 686 2892 ·
713 2861 797 2915 σὺ
828 2862 935 2928 δὸς
954 2862 1060 2915 τὸν
1083 2862 1287 2930 ἄρτον,
1320 2865 1617 2930 τουτέστιν,
1652 2868 1717 2918 ἐκ

117 2952 358 3006 δικαίων
387 2954 563 3005 πόνων
604 2954 703 3023 τὴν
732 2956 939 3023 τροφὴν
974 2955 1183 3025 σχοὶην.
1231 2956 1295 3008 Εἰ
1317 2956 1425 3027 γὰρ
1468 2958 1496 3009 6
1520 2957 1651 3020 Θεὸς
1681 2960 1714 3027 ἠ

115 3044 448 3113 δικαιοσύνη
482 3046 656 3110 ἐστὶν,
699 3047 799 3099 οὐκ
832 3047 947 3116 ἔχει
988 3049 1139 3119 παρά
1176 3048 1312 3101 Θεοῦ
1338 3051 1429 3102 τὸν
1460 3051 1644 3120 ἄρτον,
1686 3050 1715 3102 6

118 3140 194 3190 ὲκ
228 3136 542 3202 πλεονεξίας
575 3138 673 3208 τὴν
702 3140 907 3208 τροφὴν
935 3139 1101 3209 ἔχων·
1134 3141 1294 3204 αὐτὸς
1323 3142 1509 3213 κύριος
1536 3140 1587 3195 εἷ
1608 3144 1713 3213 τῆς

117 3228 321 3298 εὐχῆς,
363 3231 411 3280 εί
440 3227 513 3298 μὴ
539 3228 598 3293 se
626 3229 919 3302 ἀλλοτρίων
949 3234 982 3303 ἡ
1015 3233 1245 3302 εὐπορία
1265 3276 1278 3296 ,
1317 3236 1364 3286 εί
1395 3233 1469 3304 μὴ
1516 3237 1581 3287 ὲκ
1616 3234 1714 3286 δα-

120 3321 319 3393 κρύων
360 3322 394 3392 ἡ
430 3322 708 3391 πρόσοδος,
747 3326 797 3376 εἰ
824 3324 995 3387 οὐδεὶς
1027 3326 1118 3377 ἐπὶ
1163 3324 1241 3394 τῷ
1272 3324 1349 3395 σῷ
1386 3326 1535 3396 κόρῳ
1568 3326 1717 3379 ἐπεί-

117 3429 313 3473 νασεν,
342 3415 390 3464 εί
421 3412 593 3476 οὐδεὶς
619 3413 714 3466 ἐπὶ
736 3418 803 3485 τῇ
830 3414 1114 3487 πλησμονῇ
1149 3433 1240 3468 σου
1262 3416 1563 3483 ἐστέναξεν,
1580 3416 1716 3470 Θεοῦ

117 3506 300 3575 ἄρτος
334 3503 571 3573 μάλιστα
605 3506 633 3557 6
659 3505 899 3569 τοιοῦτός
935 3508 1073 3572 ἐστι,
1104 3506 1450 3577 δικαιοσύνης
1480 3507 1714 3577 καρπὸς,

1897 2224 2106 2277 Suﬂicit
2139 2224 2240 2277 tibi
2283 2224 2350 2277 ad
2379 2224 2527 2278 hunc
2557 2240 2715 2279 usum
2746 2238 2921 2292 usque
2951 2230 3133 2276 mente
3156 2235 3395 2290 occupa-

1818 2316 1887 2376 ri,
1920 2316 2033 2368 into
2058 2330 2189 2370 vero
2215 2315 2325 2370 huc
2350 2330 2523 2384 usque
2547 2316 2782 2369 animam
2815 2311 3280 2367 sollicitudinibus
3299 2327 3394 2382 pa-

1817 2408 1904 2460 nis
1934 2407 2110 2477 illiges
2152 2426 2166 2461 :
2199 2423 2263 2461 ac
2293 2407 2383 2462 die
2424 2408 2473 2462 ei
2521 2410 2613 2478 qui
2649 2408 2834 2463 educit
2868 2421 3062 2477 panem
3094 2406 3162 2461 de
3192 2416 3339 2461 terra
3376 2423 3391 2461 :

1815 2494 1904 2547 die
1947 2510 2141 2550 corvos
2185 2498 2452 2564 pascenti,
2505 2497 2597 2566 qui
2651 2498 2802 2551 omni
2838 2497 2990 2551 carni
3040 2496 3221 2551 cibum
3270 2495 3387 2562 dat,

1816 2584 1907 2654 qui
1937 2600 2158 2639 manum
2190 2587 2388 2657 operit,
2423 2595 2477 2641 et
2503 2603 2665 2643 omne
2704 2589 2906 2642 animal
2938 2589 3078 2643 bona
3112 2589 3394 2644 voluntate

1819 2674 1989 2743 replet
2021 2674 2065 2706 "
2092 2696 2106 2732 :
2132 2677 2249 2731 Ate
2287 2676 2419 2730 mihi
2456 2677 2562 2730 vita
2588 2687 2693 2742 est,
2724 2693 2755 2731 a
2787 2687 2839 2734 te
2862 2694 3083 2750 quoque
3111 2681 3243 2736 mibi
3269 2682 3396 2738 vita

1818 2764 2119 2820 subsidium
2154 2767 2434 2836 contingat
2462 2787 2474 2822 :
2531 2776 2587 2820 tu
2616 2769 2683 2823 da
2710 2787 2898 2840 partem
2978 2771 3030 2825 id
3065 2780 3179 2837 est,
3213 2789 3279 2828 ex
3305 2774 3397 2843 ju-

1817 2856 1920 2910 stis
1953 2854 2236 2910 laboribus
2262 2856 2442 2908 cibum
2474 2856 2775 2927 adipiscar.
2813 2856 2948 2913 Nam
2988 2866 3037 2915 si
3058 2859 3202 2917 Deus
3225 2864 3392 2933 justi-

1817 2950 1891 3003 tia
1920 2958 2023 3015 est,
2058 2964 2165 3002 non
2193 2947 2353 3003 habet
2385 2964 2414 3002 a
2448 2948 2556 3004 Deo
2581 2965 2799 3019 panem,
2839 2953 2932 3021 qui
2967 2969 3036 3008 ex
3070 2970 3129 3010 re
3162 2953 3393 3010 fraudu-

1817 3040 1992 3094 lenter
2019 3046 2076 3094 et
2106 3036 2310 3109 injuste
2339 3047 2491 3108 parta
2539 3040 2720 3093 cibum
2752 3041 2916 3096 habet
2946 3058 2962 3108 ;
3005 3043 3122 3113 ipse
3160 3058 3390 3115 compos

1813 3131 1926 3185 voti
1953 3146 2034 3195 es,
2060 3130 2169 3184 nisi
2226 3144 2292 3183 ex
2332 3130 2527 3184 alienis
2563 3131 2717 3199 copia
2757 3140 2923 3202 atque
2974 3132 3231 3200 facultas,
3277 3135 3389 3191 nisi

1814 3239 1879 3278 ex
1913 3224 2167 3294 Iacrymis
2197 3223 2427 3290 reditus,
2451 3224 2497 3279 si
2533 3239 2696 3278 nemo
2727 3233 2951 3294 propter
2989 3233 3139 3278 tuam
3170 3226 3397 3281 satieta-

1816 3322 1924 3370 tem
1963 3314 2177 3379 esuriit,
2222 3314 2269 3369 si
2323 3315 2508 3370 nullus
2550 3314 2620 3369 ob
2663 3321 2813 3367 tuam
2857 3316 3213 3385 repletionetn
3242 3317 3395 3385 inge-

1817 3408 1976 3472 muit,
2021 3406 2115 3462 Dei
2143 3408 2301 3477 panis
2329 3409 2564 3461 maxime
2601 3406 2725 3461 talis
2759 3414 2865 3470 est,
2902 3406 3135 3476 justitiaa
3158 3407 3392 3470 fructus,

1825 3500 1975 3570 pacis
2014 3501 2190 3569 spica,
2225 3516 2333 3554 non
2374 3501 2637 3568 permista
2666 3516 2844 3570 neque
2880 3502 3165 3570 inquinata
3197 3501 3395 3556 ziz-anii

121 3599 365 3666 εἰρήνης
398 3599 428 3649 ὁ
457 3596 717 3667 ἄσταχυς,
759 3599 992 3664 ἄμικτος
1017 3600 1111 3651 καὶ
1156 3599 1450 3668 ἀμόλυντος
1476 3600 1585 3652 τῶν
1623 3599 1716 3654 τοῦ

1822 3592 2145 3647 seminibus.
2179 3591 2337 3657 Quod
2366 3591 2412 3645 si
2442 3606 2605 3646 arans
2628 3600 2681 3647 et
2722 3592 2911 3647 colens
2939 3593 3136 3659 aliena,
3164 3600 3221 3648 et
3245 3594 3391 3663 inju-

122 3689 380 3753 ζιζανίου
427 3690 778 3760 σπερμάτων.
835 3692 899 3743 Εἰ
943 3691 998 3744 δὲ
1043 3691 1302 3761 γεωργῶν
1339 3690 1405 3742 τὰ
1444 3690 1715 3761 ἀλλότρια,

122 3782 232 3835 καὶ
252 3781 311 3831 ὲν
333 3779 632 3849 ὀφθαλμοῖς
652 3779 791 3849 ἔχων
823 3780 923 3851 τὴν
950 3780 1183 3845 ἀδικίαν,
1209 3783 1299 3835 καὶ
1320 3781 1718 3854 γραμματείοις

121 3870 415 3941 κρατύνας
439 3872 539 3939 τὴν
568 3870 748 3924 ἄδικον
778 3871 970 3941 κτῆσιν
992 3889 1006 3904 ·
1037 3873 1228 3925 ἔπειτα
1264 3873 1340 3942 τῷ
1368 3875 1486 3944 Θεῴ
1517 3875 1718 3942 λέγοις,

121 3961 246 4025 Δὸς
271 3960 382 4013 τὸν
406 3959 591 4028 ἄρτον
623 3978 633 3990 ·
668 3961 825 4026 ἄλλος
853 3964 882 4014 6
901 3963 1113 4015 ἀκούων
1140 3963 1239 4032 τῆς
1262 3965 1447 4032 φωνξς
1470 3981 1560 4016 σου
1586 3965 1716 4017 ταύ-

120 4071 233 4124 της
263 4053 437 4116 ἐστὶν,
469 4052 566 4121 οὐχ
604 4053 805 4111 ὁΘεός.
864 4052 966 4105 Τὸν
1011 4054 1121 4124 γάρ
1152 4054 1211 4119 ἐξ
1245 4055 1459 4118 ἀδικίας
1513 4056 1720 4126 καρπὸν

121 4150 161 4215 ὴ
194 4144 550 4215 ἀντικειμένη
594 4147 936 4215 καρποφορεῖ
975 4145 1135 4212 φύσις
1161 4161 1174 4174 ο
1228 4148 1257 4197 6
1280 4144 1596 4209 σπουδάζων
1626 4144 1721 4214 τὴν

120 4234 520 4305 δικαιοσύνην,
571 4235 755 4288 θεόθεν
787 4235 879 4287 τὸν
929 4236 1093 4305 ἄρτον
1143 4235 1355 4306 δέχεται
1386 4254 1400 4267 ο
1451 4239 1479 4289 6
1528 4235 1585 4289 δὲ
1624 4235 1723 4307 τὴν

122 4324 353 4378 ἀδικίαν
389 4322 672 4393 γεωργῶν,
722 4323 873 4393 παρά
920 4323 1013 4376 τοῦ
1055 4324 1344 4393 εὐεργέτου
1380 4324 1481 4394 τῆς
1513 4324 1723 4388 ἀδικίας

124 4415 426 4478 σιτίζεται.
474 4415 617 4485 Πρὸς
640 4409 733 4468 οὖν
769 4415 869 4485 τὴν
906 4414 1208 4485 συνείδησιν
1235 4416 1335 4484 τὴν
1364 4416 1558 4469 ἑαυτοῦ
1599 4415 1721 4485 βλέ-

124 4524 276 4565 πων.
310 4507 556 4576 πρόσαγε
592 4506 692 4576 τὴν
721 4506 815 4559 τοῦ
848 4508 1014 4577 ἄρτου
1052 4508 1268 4575 αἴτησιν
1301 4506 1377 4577 τῷ
1405 4507 1544 4577 Θεῷ,
1568 4506 1724 4572 εἰδὼς

121 4601 215 4652 ὅτι
243 4598 350 4651 οὐκ
372 4596 488 4649 ἐστι
515 4598 767 4652 κοινωνία
795 4597 1017 4669 Χριστῷ
1046 4599 1181 4668 πρὸς
1209 4599 1419 4653 Βελιάλ.
1469 4600 1587 4653 Κᾶν
1616 4601 1718 4653 δω-

126 4692 383 4763 ροφορῇς
420 4689 480 4754 ἐξ
531 4690 766 4754 ἀδικίας,
812 4689 1066 4760 ἄλλαγμα
1114 4690 1273 4753 κυνὸς
1318 4691 1413 4743 καὶ
1468 4691 1725 4761 μίσθωμα

121 4783 347 4853 πόρνης
374 4780 436 4832 τὸ
465 4780 637 4850 δῶρόν
669 4781 785 4833 ἐστι
806 4797 821 4814 ο
854 4779 958 4833 κᾶν
996 4780 1320 4852 λαμπρύνῃς
1346 4785 1412 4853 τῇ
1447 4784 1724 4854 φιλοτιμίᾳ

118 4875 232 4935 τὰς
261 4870 557 4933 ἐπιδόσεις,
597 4870 805 4941 ἀκούσῃ
850 4868 946 4923 τοῦ
981 4871 1270 4941 Προφήτου
1298 4871 1717 4943 βδελυσσομὲνου

120 4967 231 5038 τὴν
258 4964 373 5016 ἀπὸ
397 4963 507 5016 τῶν
537 4961 792 5015 τοιούτων
829 4963 1207 5031 συνεισφοράν.
1262 4964 1323 5016 Τί
1343 4981 1444 5032 μοι
1487 4965 1719 5033 πλῆθος

120 5056 257 5111 τῶν
282 5053 549 5117 θυσιὼ⁴;
583 5052 745 5121 λέγει
764 5055 1007 5121 Κύριος·
1025 5054 1262 5121 πλήρης
1289 5057 1406 5123 εἰμὶ
1463 5060 1718 5111 ὁλοκαυ-

121 5146 425 5216 τωμάτων
437 5144 637 5213 κριῶν,
651 5144 750 5198 καί
759 5144 943 5212 στέαρ
965 5144 1185 5212 ἀρνῶν,
1215 5147 1311 5198 καὶ
1325 5138 1471 5215 αἷμα
1490 5149 1721 5217 ταύρων

125 5240 235 5294 καὶ
262 5237 497 5307 τράγων
517 5239 589 5291 οὐ
598 5238 918 5305 βούλομαι·
935 5237 1216 5306 θυμίαμα,
1233 5254 1307 5307 φη
1317 5242 1392 5299 σι,
1404 5237 1720 5309 ,βδέλυγμά

118 5333 237 5403 μοι
270 5332 462 5385 ἐστιν.
508 5329 766 5402 Ἐτέρωθι
790 5331 881 5383 τὸν
900 5330 1096 5383 θύοντα
1122 5332 1319 5402 μόσχον
1346 5334 1467 5386 ἀντὶ
1502 5334 1594 5386 τοῦ
1621 5335 1716 5386 ἀν-

124 5421 427 5494 αιροῦντος
464 5420 602 5474 κύνα
634 5421 959 5489 λελόγισται.
1022 5422 1146 5475 Ἐὰν
1190 5419 1284 5475 οὖν
1332 5423 1482 5495 παρά
1513 5426 1716 5495 Κυρίου

125 5512 229 5564 τὸν
255 5511 427 5581 ἄρτον
458 5509 609 5581 ἔχῃς,
638 5512 935 5575 τουτέστιν,
964 5512 1029 5565 ὲκ
1056 5513 1279 5566 δικαίων
1313 5514 1510 5577 πόνων,
1542 5514 1717 5579 ἔξεστί

130 5621 221 5656 σοι
251 5603 352 5656 καὶ
397 5603 731 5672 ἀπέρχεσθαι
762 5603 910 5675 αὐτῷ
943 5604 1051 5658 ἀπὸ
1083 5606 1192 5657 τῶν
1238 5607 1465 5676 καρπῶν
1499 5608 1599 5676 τῆς
1642 5607 1720 5659 δι-

130 5693 462 5763 καιοσύνης.

210 5809 261 5841 ⁶⁶
300 5808 438 5862 Gen.
474 5823 567 5873 tu,
605 5810 689 5865 19.
768 5809 982 5865 "Psal.
1023 5824 1201 5874 estw,
1236 5811 1320 5866 i6.
1398 5811 1442 5843 δ’
1482 5809 1585 5866 lsa.
1622 5826 1659 5877 t,
1700 5812 1781 5865 ll.

1823 3683 2031 3737 stitiam
2077 3681 2134 3736 in
2172 3682 2348 3736 oculis
2387 3682 2616 3744 habens,
2654 3682 2857 3736 tabulis
2898 3682 3124 3751 insuper
3168 3682 3394 3752 scriptis

1822 3773 2079 3841 injustam
2109 3773 2524 3843 acquisitionem
2557 3773 2903 3827 roboraveris
2945 3780 3001 3826 et
3030 3773 3393 3829 conﬁrmave-

1824 3867 1921 3926 ris,
1964 3865 2158 3920 deinde
2192 3865 2259 3918 ad
2302 3863 2470 3919 Deum
2500 3864 2683 3931 dicas,
2714 3864 2799 3918 Da
2829 3880 3017 3934 panem
3047 3879 3066 3916 :
3110 3864 3251 3920 alius
3292 3866 3400 3919 erit

1823 3957 1916 4024 qui
1938 3956 2077 4010 hanc
2101 3970 2289 4009 vocem
2321 3963 2470 4008 tuam
2504 3955 2709 4019 audiat,
2757 3971 2864 4010 non
2903 3954 3067 4011 Deus.
3116 3954 3251 4009 Nam
3278 3953 3395 4008 fru-

1824 4056 1971 4102 ctum
2008 4047 2102 4116 qui
2134 4063 2202 4102 ex
2239 4047 2509 4116 injustitia
2542 4048 2845 4117 percipitur
2880 4046 3158 4101 contraria
3199 4053 3397 4100 natura
3433 4077 3437 4082 ·

1823 4138 2076 4207 producit
2101 4155 2116 4203 ;
2148 4138 2240 4207 qui
2266 4138 2450 4192 studet
2471 4137 2718 4207 justitiae,
2747 4152 2776 4190 a
2801 4137 2909 4192 Deo
2940 4152 3133 4208 panem
3151 4136 3393 4206 accipit:
3489 4185 3498 4195 ,

1824 4243 1878 4286 at
1893 4231 1983 4301 qui
2010 4232 2142 4287 colit
2157 4233 2504 4301 injustitiam,
2525 4231 2594 4285 ab
2619 4232 2903 4301 injustitia:
2919 4232 3202 4286 inventore
3220 4232 3398 4285 nutri—

1825 4333 1913 4377 tur
1935 4330 2099 4391 atque
2116 4322 2348 4378 cibatur.
2366 4322 2776 4377 Conscientiam
2798 4323 2965 4393 igitur
2982 4331 3131 4377 tuam
3151 4322 3396 4387 intuens,

1824 4415 1897 4469 ita
1944 4414 2099 4484 panis
2150 4414 2466 4483 petitionem
2496 4412 2606 4467 Deo
2654 4412 2808 4477 offer,
2870 4414 3072 4475 sciens.
3107 4412 3253 4483 quod
3288 4428 3396 4467 non

1824 4518 1909 4562 est
1937 4507 2177 4561 societas
2209 4505 2434 4560 Christo
2473 4520 2597 4560 cum
2628 4503 2816 4558 Belial.
2850 4503 2915 4556 Et
2953 4504 2999 4559 si
3024 4504 3166 4557 dona
3199 4502 3397 4558 oii'eras

1824 4614 1888 4652 ex
1916 4597 2206 4666 injustitia,
2232 4596 2617 4666 compensatio
2634 4603 2799 4664 atque
2826 4596 3199 4649 remuneratio
3220 4595 3395 4657 canis,

1824 4700 1879 4746 et
1914 4705 2125 4743 merces
2158 4690 2463 4744 meretricis
2494 4689 2697 4743 donum
2725 4694 2847 4742 est:
2901 4688 3111 4742 etiamsi
3156 4686 3398 4758 splendi-

1824 4781 1945 4845 das,
1978 4779 2303 4833 ambitiosas
2359 4786 2417 4831 et
2464 4777 2780 4846 magniﬁcas
2832 4778 3151 4848 largitiones
3201 4774 3396 4840 facias,

1827 4870 2015 4925 audies
2045 4869 2372 4939 Prophetam
2398 4876 2453 4923 et
2476 4868 2885 4923 abominantem
2912 4883 2977 4922 ex
3004 4867 3204 4923 talibus
3235 4868 3399 4923 bonis

1827 4962 2172 5016 collationem
2204 4969 2258 5016 et
2289 4960 2777 5015 contributionem.
2817 4958 2901 5012 Ad
2943 4960 3069 5028 quid
3103 4959 3231 5012 mihi
3262 4959 3398 5011 mul-

1827 5055 1999 5107 titudo
2061 5055 2397 5107 victimarum
2465 5054 2812 5108 vestrarum?
2884 5052 3014 5105 dicit
3090 5051 3396 5105 Dominus:

1824 5147 2005 5214 plenus
2044 5162 2164 5200 sum
2210 5146 2532 5199 holocaustis
2578 5145 2829 5207 arietum,
2879 5153 2926 5197 et
2977 5141 3181 5209 adipem
3228 5156 3395 5211 agno-

1826 5255 1944 5292 rum
1986 5248 2035 5291 et
2081 5239 2391 5307 sanguinem
2426 5247 2704 5291 taurorum
2731 5246 2781 5290 et
2817 5236 3088 5288 hircorum
3109 5250 3211 5287 non
3238 5231 3353 5286 volo
3375 5247 3394 5284 :

1823 5333 2132 5397 incensum,
2187 5331 2383 5401 inquit,
2437 5330 2758 5385 abominalio
2816 5329 2944 5381 mihi
2998 5338 3075 5381 est
3108 5327 3184 5380 ⁸⁸.
3248 5324 3395 5379 Alibi

1823 5424 2193 5477 immolantem
2214 5424 2439 5477 vitulum
2459 5437 2559 5492 pro
2581 5436 2769 5477 canem
2800 5426 3072 5475 mactante
3089 5424 3305 5487 reputat
3321 5416 3391 5472 δ’.

1825 5516 1881 5569 Si
1907 5516 2070 5585 igitur
2098 5530 2127 5567 a
2160 5514 2389 5568 Domino
2413 5530 2609 5584 panem
2637 5513 2915 5576 habueris,
2942 5511 2994 5565 id
3017 5520 3122 5574 est,
3142 5524 3206 5564 ex
3224 5508 3394 5577 justis

1826 5606 2128 5667 laboribus,
2169 5606 2294 5658 licet
2323 5605 2420 5659 tibi
2457 5607 2619 5661 etiam
2649 5605 2700 5660 ei
2746 5604 3019 5675 primitias
3050 5601 3117 5656 de
3164 5599 3390 5670 justitia:

1832 5699 2102 5752 fructibus
2132 5697 2349 5753 oli‘erre.

1859 5813 1902 5844 ⁶⁹
1941 5810 2044 5868 lsa.
2084 5828 2238 5875 LXVI,
2273 5813 2324 5867 5.
