3812 6228
387 284 523 339 “79

1756 295 2084 353 GREGORII
2122 297 2414 355 NYSSENI

3510 301 3642 351 1130

383 399 736 456 vitiositatem
775 404 1156 475 Intelliguntur
1184 421 1381 476 expers
1405 408 1615 473 'luerit,
1648 409 1785 465 deus
1817 426 1957 481 quo-

2081 414 2224 483 ρύσιν
2263 416 2398 485 πρὸς
2428 431 2490 468 το
2540 414 2845 486 θειότερον,
2881 415 2973 468 καὶ
3029 414 3185 478 θεοὺς
3230 414 3487 482 γίνεσθαι
3527 415 3649 477 τοὺς

384 490 678 544 dammodo
726 505 825 561 per
870 492 1145 562 ejusmodi
1198 496 1447 550 habitum
1499 498 1958 571 evaditzquippe

383 594 510 633 cum
544 579 678 633 illud
710 582 813 635 sibi
854 582 1189 650 confecerit,
1221 588 1367 656 quod
1411 587 1560 642 circa
1594 599 1844 644 naturam
1875 592 1960 645 di-

384 670 568 725 vinam
616 673 756 726 ratio
799 674 999 727 cernit.
1055 667 1220 730 Vides
1253 676 1321 729 ad
1351 684 1613 746 quantam
1644 680 1959 748 amplitudi-

386 777 511 816 nem
567 777 662 830 per
721 764 882 817 verba
934 766 1203 821 orationis
1262 765 1528 822 Dominus
1589 768 1957 839 intelligentes

384 853 597 917 evehat,
631 853 925 907 humanam
959 865 1211 910 naturam
1235 857 1549 913 conditione
1589 858 1773 913 divina
1818 875 1959 930 quo-

384 942 678 997 dammodo
725 954 974 1010 mutans,
1010 955 1065 1000 et
1109 955 1169 1001 ut
1212 948 1289 1002 dii
1332 949 1498 1013 tiant,
1540 950 1632 1018 qui
1677 950 1743 1004 ad
1790 949 1958 1005 Deum

385 1035 659 1087 accessuri
693 1035 836 1101 sint,
872 1038 1124 1092 sanciens
1146 1038 1169 1091 ?
1194 1042 1330 1102 Cnr,
1375 1041 1585 1110 inquit,
1620 1042 1869 1097 servilem
1902 1044 1957 1096 in

386 1126 608 1180 modum
654 1135 799 1181 metu
858 1129 1136 1196 trepidans
1183 1140 1238 1184 et
1293 1133 1630 1186 conscientia
1673 1141 1763 1186 tua
1817 1133 1960 1189 ictus

384 1231 448 1270 ac
487 1216 782 1285 ﬂagellatus
820 1221 887 1274 ad
920 1220 1088 1275 Deum
1135 1222 1391 1277 accedis?
1432 1238 1532 1277 cur
1570 1225 1818 1279 excludis
1865 1226 1960 1280 tibi

384 1307 636 1363 ﬁduciam
674 1311 726 1363 in
765 1311 1015 1366 libertate
1051 1314 1247 1367 animae
1285 1315 1701 1379 consistentem,
1738 1332 1859 1385 qua:
1892 1318 1961 1371 ab

384 1398 543 1453 initio
569 1401 732 1454 simul
762 1416 887 1456 cum
920 1413 1115 1456 natura
1147 1404 1200 1456 in
1233 1419 1358 1459 esse
1392 1404 1654 1475 producta
1677 1408 1802 1461 est?
1825 1409 1959 1477 quid

385 1490 627 1544 adularis
656 1494 833 1547 verbis
875 1495 921 1548 ei
963 1494 1055 1563 qui
1101 1496 1565 1552 assentationibus
1602 1497 1714 1550 falli
1747 1500 1958 1568 nequit,

386 1591 550 1650 atque
583 1583 763 1637 deludi
798 1600 904 1638 non
936 1586 1092 1641 vult?
1121 1602 1219 1640 cur
1247 1587 1486 1643 ofﬁciosa
1515 1597 1680 1658 atque
1710 1601 1960 1645 assenta-

2059 505 2137 577 τῷ
2186 506 2305 577 Θεῷ
2360 506 2683 576 ¹τιδροσιόντας
2721 505 3067 578 νομοθετῶν;
3119 506 3185 559 Τί
3233 505 3648 576 δουλοπρεπεῖς.

2061 598 2245 667 φησὶν,
2279 600 2337 650 ἐν
2364 597 2515 668 φόϐῳ
2545 597 2903 668 κατεπτηχὼς
2927 639 2941 661 ,
2977 600 3072 651 καὶ
3115 599 3194 669 τῷ
3248 599 3528 652 συνειδότι
3576 598 3653 666 τῷ

2061 689 2255 743 ἑαυτοῦ
2302 690 2693 760 μαστιζόμενος
2723 690 3005 762 προσέρχῃ
3029 691 3181 761 Θεῷ;
3216 692 3285 744 Τί
3335 690 3652 754 ἀποκλείεις

2063 781 2275 851 σεαυτῷ
2308 781 2406 852 τὴν
2439 782 2747 853 παρρησίαν
2769 823 2784 845 ,
2816 783 2915 852 τὴν
2961 786 3025 853 τῇ
3060 783 3347 854 ἐλευθερίᾳ
3393 784 3501 855 τῆς
3546 785 3650 852 ψυ-

2062 873 2166 943 χῆς
2189 874 2600 945 ἐνυπάρχουσαν
2619 915 2633 938 ,
2673 875 2771 946 τὴν
2800 875 2860 939 ἐξ
2884 876 3056 946 ἀρχῆς
3087 876 3539 946 συνουσιωμένην
3585 878 3651 947 τῇ

2063 963 2224 1032 φύσει
2249 982 2264 1030 ;
2295 965 2361 1017 Τί
2385 965 2702 1028 κολακεύεις
2735 969 2792 1018 ἐν
2824 967 3032 1036 ῥήμασι
3062 968 3152 1019 τὸν
3193 966 3521 1021 ἀθώπευτον
3543 986 3567 1033 ε
3590 969 3654 1021 Τί

2063 1058 2361 1126 προσάγεις
2388 1058 2513 1119 τοὺς
2562 1056 2987 1128 θεραπευτικούς
3034 1077 3095 1111 τε
3136 1060 3232 1113 καὶ
3269 1059 3655 1122 θωπευτικοὺς

2061 1142 2251 1212 λόγους
2286 1143 2364 1215 τῷ
2412 1145 2546 1215 πρὸς
2577 1146 2644 1198 τά
2671 1146 2808 1216 ἔργα
2843 1146 3089 1215 βλέποντι
3117 1165 3131 1213 ;
3159 1148 3383 1213 Ἔξεστί
3414 1165 3504 1202 σοι.
3546 1150 3657 1201 πᾶν

2061 1236 2143 1287 ὅτι
2179 1235 2283 1306 πέρ
2315 1238 2461 1289 ἐστιν
2508 1239 2572 1290 ἐκ
2608 1238 2741 1291 Θεοῦ
2774 1240 3027 1310 χρηστὸν,
3060 1243 3179 1292 κατ’
3210 1240 3467 1306 ἐξουσίαν
3511 1240 3660 1309 ἔχειν

2063 1326 2492 1397 ἐλευθεριάζοντι
2527 1329 2605 1398 τῷ
2650 1333 2955 1401 φρονήματι
2979 1347 2993 1359 '
3026 1331 3184 1396 αὐτὸς
3224 1332 3389 1399 γενοῦ
3437 1331 3659 1400 σεαυτῷ

2062 1418 2323 1488 δικαστής
2345 1437 2356 1448 ·
2389 1419 2478 1482 δὸς
2508 1420 2717 1491 σεαυτῷ
2741 1421 2840 1492 τὴν
2872 1421 3148 1486 σώζουσαν
3175 1423 3361 1492 ψῆφον
3379 1440 3395 1455 ⁸
3440 1422 3659 1493 ἀφεθῇ-

2063 1508 2152 1561 ναί
2181 1526 2262 1560 σοι
2281 1508 2465 1579 ζητεῖς
2489 1510 2640 1581 παρά
2668 1511 2761 1564 τοῦ
2774 1511 2909 1564 Θεοῦ
2939 1512 3006 1565 τὰ
3034 1513 3363 1582 ὀφλήματας
3403 1512 3468 1566 σὺ
3493 1512 3656 1581 ἄφες.

2064 1601 2157 1653 καὶ
2210 1601 2395 1665 ὁΘεδς
2450 1604 2731 1671 ἐψήφισεν.
2781 1604 2845 1657 Ἡ
2883 1604 2993 1674 γὰρ
3042 1604 3181 1674 ὑπὲρ
3218 1603 3313 1657 τοῦ
3369 1603 3659 1673 ὁμοφύλου

387 1675 529 1728 toria
550 1679 713 1728 verba
739 1678 899 1732 all'ers
933 1678 999 1730 ad
1042 1694 1165 1731 eum
1201 1681 1293 1748 qui
1317 1695 1484 1748 opera
1521 1681 1798 1761 intuetur?
1837 1683 1963 1736 licet

2081 1691 2267 1761 ιρίσις,
2305 1692 2369 1744 σὺ
2401 1693 2589 1765 κύριος
2609 1735 2623 1758 ,
2660 1694 2748 1765 ἴση
2780 1695 2991 1763 γίνεται
3022 1696 3201 1766 ψῆφος
3221 1734 3237 1758 ,
3268 1695 3357 1748 οἶα
3384 1695 3433 1747 δ’
3473 1696 3549 1749 ἂν
3583 1692 3656 1768 ᾖ·

387 1767 484 1819 tibi
516 1767 778 1836 quidquid
809 1784 874 1821 ex
926 1769 1033 1823 Deo
1075 1771 1424 1826 commodum
1465 1778 1549 1825 est
1591 1775 1965 1854 animo‘inge-

2081 1780 2099 1832 ί
2132 1782 2241 1852 γάρ
2294 1783 2386 1835 ἐπὶ
2439 1786 2666 1838 σεαυτοῦ
2701 1786 2879 1857 γνῷς,
2911 1787 3085 1841 ταῦτά
3114 1805 3196 1841 σοι
3246 1789 3340 1841 διὰ
3361 1790 3467 1859 τῆς
3504 1767 3661 1851 θείας

385 1872 495 1911 nuo
526 1868 689 1929 atque
719 1862 892 1915 libero
921 1862 989 1915 ad
1017 1863 1300 1917 arbitrium
1333 1863 1571 1918 habere:
1604 1865 1717 1932 ipse
1746 1866 1842 1919 tibi
1877 1867 1956 1921 sis

2081 1871 2299 1941 ιρίσεως
2332 1874 2679 1943 ἐπεκυρ;ἶ›θη.

381 1952 548 2024 judex
571 1993 587 2015 ,
623 1953 737 2023 ipse
770 1964 821 2007 te
854 1962 946 2006 tua
975 1956 1245 2009 sententia
1277 1954 1498 2009 absolve
1537 1970 1601 2008 ac
1641 1971 1797 2010 serva
1825 1976 1837 2009 :
1870 1957 2072 2012 remitti
2101 1960 2201 2013 tibi
2249 1976 2275 2015 a
2312 1962 2434 2018 Deo
2497 1965 2679 2019 debita
2743 1965 3061 2022 desiderans
3082 2007 3098 2031 ,
3167 1977 3225 2022 tu
3274 1969 3500 2024 dimitte
3524 2009 3541 2032 ,
3606 1980 3660 2025 et

387 2046 533 2101 Deus
562 2046 865 2100 decreverit
893 2058 1054 2115 atque
1087 2049 1411 2101 sententiam
1445 2049 1651 2103 tulerit.
1683 2048 1817 2102 Nam
1844 2050 2054 2118 judicio
2080 2053 2148 2107 de
2177 2056 2455 2124 proximo,
2495 2057 2641 2127 quod
2714 2059 2769 2112 in
2837 2070 2928 2112 tua
2992 2069 3263 2128 potestate
3304 2070 3423 2124 est,
3470 2063 3662 2130 quale-

386 2153 606 2208 cunque
636 2137 833 2201 fuerit,
874 2139 1141 2193 sententia
1175 2154 1274 2209 par
1318 2140 1425 2193 erit
1464 2147 1519 2194 et
1567 2141 1956 2211 respondebit:
2001 2160 2122 2215 qua:
2150 2149 2296 2201 enim
2329 2150 2471 2219 apud
2503 2159 2559 2205 te
2588 2152 2881 2218 statueris,
2917 2153 3031 2208 haec
3063 2154 3162 2208 tibi
3234 2170 3332 2225 per
3396 2154 3659 2210 divinum

381 2226 651 2297 judicium
681 2226 1164 2282 conﬁrmabuntur.

459 2319 565 2375 Sed
596 2320 691 2388 qui
722 2321 896 2389 possit
923 2321 1123 2389 aliquis
1151 2335 1249 2391 pro
1279 2322 1548 2392 dignitate
1575 2325 1851 2394 explicare
1880 2327 1966 2381 di-

386 2417 530 2471 vina:
556 2417 706 2469 vocis
755 2415 1169 2485 amplitudinem
1191 2417 1216 2469 ?
1244 2414 1475 2486 Superat
1520 2417 1575 2471 id
1622 2419 1769 2487 quod
1801 2418 1964 2473 intel-

386 2509 569 2579 ligitur
618 2522 737 2562 eam
803 2522 926 2577 quas
976 2508 1161 2563 verbis
1224 2508 1340 2563 ﬁeri
1404 2509 1581 2578 possit
1646 2510 1968 2579 explicatio-

386 2615 533 2655 nem.
562 2597 783 2651 Bemitte
815 2598 964 2651 nobis
992 2599 1169 2652 debita
1196 2608 1377 2652 nostra
1407 2601 1545 2653 sicut
1573 2610 1623 2653 et
1656 2616 1749 2654 nos
1783 2601 1964 2654 remit-

387 2692 549 2745 timus
574 2690 902 2744 debitoribus
930 2690 1148 2744 nostris.
1180 2687 1315 2743 Nam
1353 2704 1475 2760 quae
1501 2688 1567 2744 de
1595 2690 1699 2743 hoc
1725 2691 1966 2743 animum

386 2798 567 2838 meum
602 2783 749 2838 subit
782 2782 1050 2851 cogitare,
1099 2781 1447 2836 temerarium
1493 2782 1713 2851 quidem
1752 2790 1839 2836 est
1884 2781 1968 2835 vel

390 2885 572 2929 mente
620 2876 951 2944 concipere,
1005 2874 1361 2928 temerarium
1407 2875 1535 2927 item
1593 2875 1676 2927 vel
1720 2874 1970 2928 oratione

387 2964 772 3033 cogitationem
797 2971 850 3017 et
879 2966 1079 3018 mentis
1104 2971 1433 3032 conceptum
1462 2962 1773 3032 patefacere
1804 2971 1969 3032 atque

388 3057 620 3126 aperire.
665 3054 806 3121 Quid
835 3057 978 3112 enim
1012 3063 1096 3109 est
1126 3055 1272 3125 quod
1313 3055 1560 3109 dicitur?
1607 3054 1975 3119 Quemadmo-

2153 2325 2313 2379 Ἀλλά
2348 2326 2464 2389 πῶς
2492 2327 2558 2379 ἄν
2589 2344 2673 2390 τις
2703 2329 2839 2399 πρὸς
2863 2326 3018 2393 ἀξίαν
3062 2329 3124 2381 τὸ
3176 2328 3525 2398 μεγαλοφυὲς
3557 2332 3655 2400 τῆς

2069 2415 2218 2479 θείας
2255 2419 2439 2486 φωνῆς
2474 2416 2864 2486 ἐκκαλύψειεν;
2906 2418 3257 2487 Ὑπερὸαίνει
3301 2418 3403 2488 τὴν
3440 2420 3518 2471 ἐκ
3549 2419 3657 2473 τῶν

2070 2508 2241 2575 λόγων
2280 2507 2574 2578 ἑρμηνείαν
2620 2508 2682 2559 τὸ
2719 2509 2916 2577 ὄνομα·
2956 2511 3140 2578 ’Ἄρες
3192 2508 3332 2578 ἡμῖν
3385 2509 3460 2563 τὰ
3494 2510 3653 2578 ἐφει-

2071 2598 2309 2669 λήματα
2340 2596 2528 2667 ἡμῶν,
2559 2599 2640 2665 ὠς
2667 2599 2766 2652 καί
2799 2599 2969 2668 ἡμεῖς
2996 2599 3313 2668 ἀφήκαμεν
3338 2600 3470 2666 τοῖς
3496 2601 3655 2670 δεμ-εἰσ

2073 2692 2295 2742 λουσιν
2331 2689 2493 2757 ἡμῖν.
2534 2690 2599 2740 *Α
2643 2688 2752 2759 γάρ
2803 2689 3093 2760 ἐπέρχεταί
3124 2707 3213 2760 μοι
3274 2691 3409 2761 περὶ⁵
3461 2690 3651 2744 τούτου

2074 2780 2212 2829 νοεῖν
2232 2819 2246 2842 ,
2288 2776 2557 2847 τολμηρὸν
2581 2778 2680 2847 μέν
2709 2780 2824 2830 ἐστι
2852 2779 2948 2832 καὶ
2978 2778 3055 2847 τῷ
3087 2778 3162 2848 νῷ
3194 2778 3381 2831 λαϐεῖν
3401 2821 3419 2844 ,
3448 2780 3651 2849 τολμη-

2081 2866 2170 2935 ρὸν
2198 2866 2254 2918 δὲ
2281 2868 2373 2919 καὶ
2407 2866 2548 2937 λόγῳ
2588 2867 2915 2935 διακαλύψαι
2947 2867 3009 2920 τὸ
3044 2868 3237 2939 νόημα.
3282 2868 3348 2921 Τί
3397 2871 3511 2940 γάρ
3540 2873 3654 2923 ἐστι

2076 2954 2138 3007 τὸ
2160 2954 2446 3024 λεγόμενον
2472 2972 2486 3020 ;
2520 2956 2729 3026 Ὠσπερ
2755 2958 2783 3008 6
2808 2957 2940 3020 Θεὸς
2969 2958 3255 3029 πρόκειται
3284 2962 3398 3023 τοῖς
3424 2961 3489 3012 τὺ
3512 2963 3646 3026 ἀγα-

2079 3046 2169 3099 θὸν
2201 3046 2555 3116 κατορθοῦσιν
2589 3048 2670 3110 είς
2705 3049 2935 3118 μίμησιν
2957 3090 2973 3112 ,
3024 3048 3205 3113 καθὼς
3237 3047 3393 3105 εἶπεν
3431 3055 3463 3105 6
3500 3055 3650 3106 Ἀπό-

385 3149 517 3203 dum
553 3148 695 3203 Deus
724 3149 863 3203 bene
892 3162 958 3201 ac
998 3156 1146 3202 recte
1190 3147 1482 3217 agentibus
1530 3147 1599 3201 ad
1645 3147 1965 3201 imitandum

2082 3139 2263 3202 στολος
2284 3155 2296 3167 ·
2333 3140 2593 3207 Mummi
2636 3157 2756 3207 μου
2796 3144 3034 3209 γίνεσθε
3057 3181 3072 3204 ,
3104 3141 3301 3209 καθὼς
3328 3144 3497 3211 κάγὼ
3528 3147 3652 3212 Sp-

389 3243 702 3312 propositus
728 3247 849 3303 est,
901 3240 1042 3295 sicut
1074 3239 1211 3294 dixit
1254 3240 1550 3308 Apostolus
1594 3259 1608 3293 :
1658 3237 1970 3293 Imitatores

388 3334 491 3386 mei
522 3342 687 3387 estote
707 3373 721 3397 ,
757 3333 893 3385 sicut
919 3340 969 3386 et
997 3348 1090 3401 ego
1120 3330 1321 3385 Christi
1356 3332 1402 3363 ⁷³
1434 3351 1447 3386 :
1499 3332 1573 3385 ita
1602 3333 1725 3385 vice
1774 3347 1931 3385 versa
1955 3372 1970 3396 ,

388 3434 538 3477 tuam
585 3422 926 3477 affectionem
974 3421 1086 3477 Deo
1115 3423 1181 3475 ad
1212 3424 1414 3477 bonum
1445 3439 1543 3493 pro
1572 3426 1821 3495 exemplo
1853 3440 1975 3480 esse

388 3513 542 3578 vult,
572 3520 736 3582 atque
764 3512 901 3566 ordo
923 3512 1328 3581 quodammodo
1356 3513 1664 3577 invertitur,
1692 3523 1752 3567 ut
1774 3515 1974 3568 audea-

389 3620 547 3666 mus,
597 3602 1058 3673 quemadmodum
1108 3604 1311 3666 bonum
1362 3604 1418 3659 in
1469 3606 1627 3660 nobis
1671 3605 1975 3659 imitatione

388 3694 563 3749 divini
601 3694 840 3750 numinis
881 3695 1185 3765 perﬁcitur,
1232 3696 1306 3750 ita
1348 3711 1569 3766 sperare
1607 3694 1884 3760 futurum,
1917 3704 1975 3748 ut

391 3784 540 3840 Deus
568 3791 762 3839 nostra
791 3784 938 3840 facta
983 3786 1250 3851 imitetur,
1298 3802 1421 3841 cum
1453 3786 1658 3856 aliquid
1687 3786 1818 3840 boni
1844 3801 1977 3840 con-

391 3878 721 3943 fecerimus,
754 3885 815 3932 ut
862 3887 920 3933 tu
972 3879 1100 3934 item
1149 3880 1218 3934 ad
1269 3877 1439 3934 Deum
1473 3878 1658 3945 dicas,
1688 3876 1844 3944 Quod
1874 3892 1975 3948 ego

392 3968 519 4035 feci,
554 3969 676 4036 fac;
713 3971 928 4025 imitare
966 3986 1184 4027 servum
1218 3979 1409 4037 tuum,
1447 3980 1507 4026 tu
1545 3970 1803 4035 Domine,
1836 3984 1973 4038 pau-

393 4076 581 4131 perem
610 4071 665 4116 et
696 4077 927 4133 egenum
950 4104 964 4128 ,
991 4064 1087 4133 qui
1124 4078 1354 4133 regnum
1379 4063 1762 4117 universarum
1792 4075 1975 4114 rerum

394 4152 610 4208 obtines
636 4166 652 4205 :
685 4154 871 4208 remisi
901 4155 1083 4209 debita
1114 4152 1225 4226 [ne
1252 4164 1309 4208 tu
1339 4155 1560 4225 quidem
1588 4155 1777 4225 exigas
1803 4173 1816 4208 :
1849 4169 1978 4223 snp-

392 4244 588 4313 plicem
624 4245 890 4314 repellere
920 4246 1130 4301 veritus
1164 4246 1367 4319 sum],
1403 4261 1473 4301 ne
1503 4255 1560 4300 tu
1591 4247 1810 4316 quidem
1843 4262 1977 4315 sup-

393 4334 685 4404 plicantem
713 4336 1040 4391 submoveas
1065 4345 1231 4407 atque
1256 4338 1527 4408 repellas:
1568 4337 1749 4391 laatum
1777 4344 1834 4391 et
1863 4337 1979 4391 ala-

394 4442 544 4483 crem
572 4428 760 4483 dimisi
792 4443 972 4483 meum
1001 4430 1303 4486 debitorem
1329 4469 1345 4495 ,
1378 4430 1503 4485 talis
1530 4431 1660 4485 item
1692 4439 1819 4484 tuus
1844 4431 1939 4484 fiat
1960 4470 1974 4494 ,

2075 3230 2253 3282 στοῦ·
2290 3229 2461 3293 οὕτως
2481 3231 2541 3283 τὸ
2571 3230 2804 3301 ἔμπαλιν
2836 3232 2933 3303 τὴν
2961 3232 3059 3303 σὴν
3089 3233 3325 3286 διάθεσιν
3349 3237 3651 3305 ὑπόδειγμα

2073 3319 2149 3391 τῷ
2171 3320 2289 3392 Θεῷ
2322 3322 2457 3389 πρὸς
2485 3322 2544 3375 τὸ
2571 3322 2772 3391 ἀγαθὸν
2792 3324 3041 3391 γενέσθαι
3086 3325 3364 3394 βούλεται,
3396 3330 3652 3398 ἀντιμεθ-

2077 3410 2284 3464 ίσταται
2322 3413 2522 3483 τρόπον
2551 3413 2671 3466 τινὰ
2709 3414 2743 3484 ἡ
2781 3413 2934 3478 τάξις
2960 3453 2976 3477 ,
3015 3413 3157 3467 ὥστε
3209 3416 3522 3486 τολμῆσαι,
3559 3434 3654 3471 κα-

2075 3502 2252 3571 θάπερ
2287 3506 2345 3556 ἐν
2395 3506 2525 3574 ἡμῖν
2567 3504 2628 3557 τὸ
2685 3505 2890 3573 ἀγαθὸν
2934 3506 3263 3561 ἐπιτελεῖται
3292 3510 3358 3579 τῇ
3407 3510 3546 3579 πρὸς
3594 3510 3655 3561 τὸ

2078 3597 2230 3651 Θεῖον
2266 3597 2528 3666 μιμήσει.
2579 3595 2754 3660 οὓτως
2807 3597 3025 3651 ἐλπίσαι
3078 3600 3364 3669 μιμεῖσθαι
3400 3601 3495 3653 τὸν
3526 3599 3657 3654 Θεὸν

2075 3686 2143 3738 τά
2173 3686 2338 3756 ήμέτε
2349 3703 2437 3757 ρα,
2460 3687 2589 3739 ὅταν
2614 3702 2669 3738 τι
2698 3685 2807 3739 τῶν
2834 3687 3053 3754 ἀγαθῶν
3085 3689 3550 3760 κατορθώσωμεν,
3573 3690 3656 3742 ἵνα

2076 3779 2237 3850 εἴπῃς
2287 3779 2380 3832 καὶ
2407 3780 2470 3832 σὺ
2502 3779 2580 3850 τῷ
2608 3777 2748 3849 Θεῷ,
2780 3779 2864 3832 ὃτι
2895 3781 2960 3833 Ὃ
2992 3779 3102 3848 ἐγὼ
3148 3782 3436 3851 πεποίηκα
3457 3822 3472 3847 ,
3506 3782 3658 3852 ποίη-

2078 3888 2171 3925 σον
2194 3886 2209 3901 '
2247 3871 2483 3942 μίμησαι
2510 3871 2602 3923 τὸν
2637 3869 2822 3924 δοῦλόν
2851 3887 2970 3936 σου,
3002 3874 3031 3924 6
3058 3870 3285 3943 Κύριος,
3318 3872 3412 3925 τὸν
3448 3873 3657 3942 πτωχὺν

2078 3963 2172 4016 καὶ
2218 3961 2428 4031 πένητα
2453 4003 2467 4028 ,
2499 3963 2527 4014 ὁ
2577 3960 2672 4014 τοῦ
2717 3961 2917 4024 παντὸς
2971 3962 3303 4032 βασιλεύων,
3356 3963 3551 4034 ἀφῆκα
3593 3963 3658 4015 τά

2077 4054 2438 4124 ὀφειλήματα,
2484 4055 2620 4126 μηδὲ
2660 4055 2724 4107 σὺ
2762 4054 2960 4127 ἀπώσῃ
3004 4055 3095 4108 τὸν
3128 4055 3445 4110 ἱκετεύοντα
3474 4074 3491 4087 θ
3540 4072 3655 4125 φαι-

2077 4146 2201 4217 δρὸν
2229 4145 2530 4216 ἀπέπεμψα
2565 4147 2657 4199 τὸν
2694 4147 2825 4217 ἐμὸν
2858 4148 3139 4218 ὀφειλέτην
3161 4190 3178 4214 ,
3218 4148 3465 4212 τοιοῦτος
3501 4149 3593 4229 καὶ
3628 4147 3657 4198 6

2081 4240 2172 4303 σὸς
2192 4240 2431 4309 γενέσθω
2456 4258 2468 4270 ·
2498 4240 2572 4311 μὴ
2602 4241 2832 4311 ποιήσῃς
2854 4239 2945 4292 τὸν
2975 4239 3065 4292 σὺν
3091 4239 3379 4311 χρεώστην
3402 4239 3502 4293 τοῦ
3530 4239 3653 4310 ἐμοῦ

2082 4333 2561 4405 σκυθρωπότερον·
2594 4334 2723 4396 ἴσως
2752 4335 2802 4385 οἱ
2826 4333 2920 4386 δύο
2947 4334 3060 4396 τοῖς
3083 4332 3408 4386 ἀπαιτοῦσιν
3446 4334 3655 4403 εὐχαριο

2082 4426 2378 4479 στείτωσαν
2401 4444 2415 4457 ο
2451 4426 2538 4497 ἴση
2571 4430 2699 4497 παρ’
2729 4426 3050 4496 ἀμφοτέρων
3073 4426 3381 4495 κυρωθήτω
3405 4429 3522 4488 τοῖς
3546 4443 3655 4477 συν·

393 4533 464 4572 ne
487 4525 639 4572 tuum
661 4517 966 4573 debitorem
992 4534 1113 4573 meo
1132 4519 1378 4574 debitore
1407 4521 1706 4573 tristiorem
1734 4519 1933 4574 reddas
1960 4535 1965 4570 ε

2081 4519 2377 4582 αλλὰκταις
2432 4521 2465 4589 ὴ
2503 4518 2694 4586 ἄφεσις
2719 4561 2734 4583 ,
2784 4517 2861 4589 τῷ
2902 4517 3021 4589 ἐμῷ
3055 4518 3147 4571 καὶ
3174 4516 3253 4587 τῷ
3292 4517 3393 4587 σῷ.
3440 4519 3501 4570 ὐ
3536 4518 3656 4587 ἐμὸς

392 4609 554 4663 ambo
578 4610 783 4678 pariter
802 4618 856 4664 et
876 4604 1159 4679 aequaliter
1180 4610 1521 4681 exigentibus
1545 4610 1750 4680 gratias
1772 4618 1969 4680 agant:

392 4714 495 4771 par
523 4700 791 4755 ambobus
816 4701 1070 4755 remissio
1094 4701 1441 4764 decernatur,
1464 4701 1558 4753 tuo
1581 4702 1746 4755 simul
1774 4710 1828 4756 et
1854 4716 1975 4755 meo

392 4792 660 4846 debitori:
690 4792 779 4846 ille
802 4808 954 4847 meus
977 4801 1062 4847 est
1086 4792 1321 4858 debitor,
1351 4801 1482 4849 tuus
1509 4802 1688 4848 autem
1712 4808 1841 4864 ego:
1867 4810 1975 4863 quo

394 4881 581 4933 animo
606 4895 706 4951 ego
735 4880 813 4934 fui
840 4883 1106 4936 adversus
1136 4882 1314 4947 hunc,
1347 4897 1622 4953 quamque
1648 4882 1717 4937 de
1747 4897 1815 4937 eo
1846 4899 1974 4938 sen-

393 4972 621 5025 tentiam
660 4981 883 5028 secutus
928 4988 1087 5038 sum,
1121 4973 1235 5027 haec
1264 4973 1394 5028 item
1427 4974 1569 5042 apud
1605 4982 1657 5029 te
1685 4975 1971 5029 obtineat:

394 5064 551 5126 solvi,
585 5065 770 5119 solve:
801 5064 1007 5129 dimisi,
1038 5066 1285 5120 dimitte:
1317 5082 1567 5136 magnam
1592 5082 1693 5137 ego
1720 5070 1973 5137 proximo

393 5154 617 5209 exhibui
635 5138 1101 5211 misericordiam:
1125 5157 1359 5226 imitare,
1382 5168 1441 5213 tu
1460 5159 1705 5227 Domine,
1726 5161 1871 5214 servi
1896 5160 1973 5214 tui

397 5248 815 5303 humanitatem.
848 5250 917 5303 At
941 5251 1195 5320 graviora
1225 5266 1343 5307 mea
1371 5252 1426 5306 in
1455 5261 1506 5308 te
1532 5262 1777 5323 peccata,
1809 5268 1974 5323 quam

396 5355 519 5410 quas
547 5341 637 5395 hic
663 5343 953 5398 adversum
986 5360 1072 5400 me
1100 5346 1375 5401 commisit
1408 5362 1422 5398 :
1459 5346 1513 5400 id
1544 5362 1644 5417 ego
1672 5362 1782 5401 non
1813 5362 1975 5417 nego,

398 5442 565 5501 atque
592 5434 696 5488 hoc
725 5445 948 5505 reputa,
976 5447 1245 5508 quantum
1270 5439 1508 5494 excellas
1538 5439 1593 5493 in
1619 5440 1767 5494 omni
1796 5440 1937 5494 bono
1960 5454 1974 5490 :

399 5542 616 5595 aequum
671 5536 755 5583 est
798 5530 942 5584 enim
999 5540 1060 5585 ut
1116 5533 1312 5588 virium
1369 5540 1589 5589 tuarum
1638 5532 1977 5590 excellentiae

481 5709 573 5763 ⁷³1
613 5710 736 5764 Cor.
776 5725 847 5775 IV,
884 5709 969 5763 l6.

2079 4609 2362 4679 ὀφειλέτης
2393 4611 2422 4661 6
2449 4609 2616 4672 δεῖνα,
2654 4610 2683 4661 6
2711 4607 2801 4672 σὸς
2831 4609 2889 4661 δὲ
2941 4607 3085 4676 ἐγώ·
3128 4609 3195 4678 ἢν
3226 4608 3385 4677 ἔσχον
3418 4609 3517 4661 ἐπὶ
3544 4608 3654 4661 τού·

2078 4717 2173 4753 του
2201 4699 2426 4770 γνώμην
2454 4699 2583 4768 ἐγὼ,
2625 4698 2761 4770 αὕτη
2794 4699 2944 4769 παρὰ
2967 4700 3050 4751 σοὶ⁵
3076 4699 3407 4769 κραησάτω
3426 4715 3439 4727 ·
3475 4698 3652 4755 ἔλυσα.

2080 4791 2273 4844 λῦσον·
2323 4791 2512 4861 ἀφῆκα
2540 4833 2553 4856 ,
2594 4790 2729 4858 ἄφες
2755 4807 2768 4819 ·
2800 4790 2966 4843 πολὺν
3019 4789 3383 4860 ἐπεδειξάμην
3427 4790 3545 4858 ἐγὼ
3582 4794 3653 4858 τῷ

2078 4886 2333 4957 ὁμοφύλῳ
2356 4885 2449 4938 τὸν
2475 4884 2620 4937 ἐλεον
2640 4904 2654 4916 ·
2681 4884 2915 4955 μίμησαι
2946 4881 3042 4953 τὴν
3067 4881 3161 4934 τοῦ
3185 4880 3377 4934 δούλου
3409 4898 3504 4934 σου
3540 4880 3652 4951 φιλ-

2083 4975 2467 5045 ανθρωπίαν,ὁ
2519 4976 2743 5046 Κύριος.
2792 4974 2950 5027 Ἀλλά
2985 4972 3260 5044 βαρύτερά
3320 4990 3424 5042 μου
3472 4974 3544 5027 τά
3581 4974 3651 5034 εἰς

2085 5069 2145 5121 σὲ
2175 5067 2619 5139 πλημμελήματα
2645 5066 2753 5119 τῶν
2792 5068 2871 5129 εις
2895 5065 2996 5135 ἐμὲ
3024 5064 3174 5134 παρά
3204 5065 3398 5117 τούτου
3430 5082 3651 5133 γεγενη-

2088 5163 2263 5234 μένων
2287 5178 2301 5193 ’
2338 5161 2481 5231 φημὶ
2519 5158 2674 5227 κάγὼ
2698 5198 2712 5221 ,
2750 5160 2844 5211 καὶ
2898 5157 3054 5209 τοῦτο
3091 5157 3304 5225 λόγισαι
3341 5158 3468 5209 ὅσον
3497 5158 3651 5226 ὑπερ-

2084 5253 2226 5322 έχεις
2274 5253 2330 5303 ἐν
2364 5250 2526 5303 παντὶ
2556 5246 2749 5317 ἀγαθῷ
2774 5262 2787 5276 ·
2822 5246 3025 5308 δίκαιος
3060 5246 3168 5315 γὰρ
3201 5244 3249 5298 εἷ
3290 5248 3355 5315 τῇ
3386 5246 3647 5319 ὑπερωῇ

2083 5345 2181 5414 τῆς
2215 5345 2311 5413 σῆς
2352 5341 2633 5411 δυνάμεως
2668 5337 3034 5407 ἀναλογοῦντα
3080 5339 3212 5406 ἡμῖν
3260 5339 3372 5400 τοῖς
3404 5340 3646 5410 ἡμαρτη-

2085 5438 2206 5490 κόσι
2229 5435 2320 5488 τὸν
2353 5434 2500 5487 ἔλεον
2525 5431 2817 5503 δωρεῖσθαι
2837 5446 2851 5460 °
2882 5428 3068 5497 ὀλίγην
3111 5428 3211 5499 τὴν
3249 5429 3647 5500 φιλανθρωπίαν

2087 5526 2448 5598 ἐπεδειξάμην
2498 5523 2608 5593 ἐγώ
2630 5542 2642 5555 ·
2675 5524 2735 5577 ού
2766 5522 2876 5594 γὰρ
2899 5521 3095 5593 ἐχώρει
3121 5522 3185 5575 τὸ
3222 5523 3384 5576 πλέον
3418 5526 3452 5595 η
3474 5524 3644 5594 φύσις·
