3812 6228
174 264 313 317 1181

1102 274 1190 330 DE
1233 277 1584 338 ORATIONE
1623 282 1971 340 DOMINICA.
2009 316 2078 328 -
2118 286 2378 342 ORATIO
2416 288 2480 361 ν,

3293 296 3429 352 113⁸3

172 378 240 480 συ
270 376 331 430 δὲ
360 378 480 433 ὅσον
513 382 721 448 ἐθέλεις
744 425 759 447 ,
795 387 856 440 οὐ
886 389 1083 444 κωλύει
1130 394 1228 466 τὴν
1259 397 1671 471 μεγαλοδωρεάν
1720 406 1732 453 1‘

1857 404 2267 460 convenientem
2299 406 2731 462 misericordiam
2760 408 2918 465 nobis
2947 409 3302 480 peccantibus
3328 415 3431 467 tri-

170 464 427 565 δόναμις.
488 474 645 530 Ἀλλά
700 464 1203 557 φιλανθρωπότερον
1240 486 1338 560 τὴν
1389 464 1754 565 προκειμένην

172 557 273 624 τῆς
316 565 623 633 προσευχῆς
658 565 815 636 ῥῆσιν
845 557 1304 644 κατανοήσωμεν,
1327 576 1382 629 εἴ
1547 557 1752 648 γένοιτό

170 663 257 744 τις
288 652 389 744 καὶ
414 654 541 744 ἡμῖν
579 656 665 710 διὰ
691 661 793 728 τῆς
819 660 914 714 τοῦ
955 667 1222 735 νοήματος
1244 668 1475 741 θεωρίας
1500 674 1636 744 πρὸς
1660 676 1751 729 τὸν

172 740 384 808 ὑψηλὸν
441 743 554 813 βίον
585 753 944 820 χειραγωγία.
999 740 1372 831 Ἐξετάσωμεν
1398 740 1579 818 τοίνυν
1623 770 1747 820 ποῖα

176 831 277 899 μέν
310 834 462 887 ἐστιν
491 831 573 900 οἷς
601 841 880 913 ὑπόχρεως
904 846 935 916 ἡ
964 845 1274 921 ἀνθρωπίνη
1311 852 1471 921 φύσις
1492 870 1508 885 ο
1542 860 1667 910 ποῖα
1695 858 1751 911 δὲ

143 919 341 1020 ’πάλιν
372 928 551 981 ἐκεῖνα
578 970 593 992 ,
640 924 715 984 ὧν
756 935 915 1004 ⁴ἡμεῖς
940 940 1106 1008 ἐσμεν
1154 919 1523 1013 τῆςὲἀιρέσεως
1550 948 1750 1020 κύριοι.

182 1012 280 1110 ῗΕκ
470 1019 563 1072 τοῦ
604 1022 777 1076 ταῦτα
828 1027 1066 1093 γνῶναι,
1126 1012 1425 1099 γένοιτ’νᾶν
1478 1012 1752 1110 ἡμῖνπῆς

171 1106 615 1201 ὑπερϐολῆςτῶν
648 1114 805 1169 θείων
857 1118 1077 1186 ἀγαθῶν
1117 1126 1313 1195 μετρία
1359 1144 1442 1190 τις
1496 1106 1752 1201 κατανόηο

170 1211 276 1258 σις.
314 1199 524 1253 Οὐκοῦν
562 1204 809 1258 ἐντεῦθεν
863 1209 1215 1281 ποιησώμεθα
1258 1213 1363 1268 τῶν
1393 1199 1746 1288 ἀνθρωπίνων

169 1288 309 1357 πρὸς
335 1290 429 1343 τὸν
456 1292 586 1345 Θεὸν
621 1295 1108 1368 πλημμελημάτων
1144 1303 1243 1375 τὴν
1270 1306 1669 1378 ἀπαρίθμησιν.

1859 492 2027 561 buas;
2051 496 2303 566 exiguam
2327 498 2716 554 humanitatem
2741 514 2842 571 ego
2863 501 3122 566 exhibui,
3146 517 3253 556 non
3282 504 3429 558 enim

1859 586 2094 653 amplius
2149 588 2399 656 capiebat
2458 597 2689 653 natura,
2742 598 2833 645 tua
2885 607 3014 647 vero
3059 593 3428 649 munificentia

1857 676 2152 744 exiguitate
2183 681 2438 747 potentia:
2480 696 2587 735 non
2633 683 2952 751 prohibetur
2990 686 3121 754 quin
3163 695 3428 755 quantum

1857 767 2014 833 velis,
2042 777 2250 823 tantum
2274 771 2539 840 largiaris.
2570 771 2766 827 Verum
2791 774 3106 845 diligentius
3129 777 3431 847 perpenda-

1858 874 1980 914 mus
2015 862 2350 931 propositam
2382 865 2646 920 orationis
2678 866 3008 934 dictionem,
3042 869 3089 923 si
3123 883 3232 939 quo
3265 868 3430 922 modo

1856 951 2016 1007 nobis
2049 953 2213 1007 etiam
2257 969 2354 1023 per
2389 958 2673 1011 sententiae
2705 958 3197 1014 considerationem
3218 999 3232 1024 ,
3267 961 3427 1030 quasi

1856 1042 2205 1099 manuductis
2235 1045 2304 1099 ad
2342 1047 2628 1102 sublimem
2670 1049 2840 1102 vitam
2881 1048 3101 1119 aliquod
3140 1050 3428 1120 aditunen-

1854 1138 1969 1185 tum
2004 1133 2318 1201 contingere
2349 1135 2538 1204 possit.
2590 1135 2911 1192 Scrutemur
2953 1139 3117 1209 igitur
3147 1154 3269 1209 qua:
3316 1141 3429 1194 sint

1853 1236 1916 1275 ca
1969 1223 2189 1291 quidem
2251 1226 2450 1294 quibus
2509 1226 2896 1291 praestantibus
2955 1229 3188 1282 humana
3232 1238 3427 1282 natura

1848 1313 2084 1367 obnoxia
2118 1317 2191 1368 sit
2234 1335 2245 1369 :
2276 1331 2397 1385 quae
2428 1317 2557 1371 item
2607 1319 2697 1371 illa
2743 1328 2953 1376 contra,
2976 1335 3207 1390 quorum
3237 1321 3429 1376 remit-

166 1380 462 1435 tendorum
501 1398 604 1439 nos
638 1395 963 1455 potestatem
1010 1390 1291 1450 habemus.
1334 1395 1466 1451 Nam
1525 1415 1594 1454 ex
1652 1399 1846 1455 harum
1900 1418 2080 1457 rerum
2136 1406 2606 1461 animadversione
2646 1408 2939 1464 mediocris
2987 1411 3234 1479 quaedam
3269 1410 3427 1462 nobis

166 1470 506 1528 excellentiae
529 1475 837 1531 divinorum
864 1479 1136 1536 bonorum
1200 1488 1441 1557 cognitio
1497 1491 1813 1562 contingere
1854 1497 2052 1564 possit.
2104 1498 2437 1566 Incipiamus
2484 1499 2647 1569 igitur
2692 1499 2821 1554 hinc
2875 1512 3095 1570 peccata
3142 1499 3424 1555 hominum

166 1559 437 1617 adversus
465 1562 634 1618 Deum
667 1572 961 1625 commissa
989 1588 1336 1633 enumerare.

233 1658 469 1729 Πρώτην
495 1659 742 1733 ὤφλησεν
785 1666 864 1737 τῷ
893 1668 1012 1739 Θεῷ
1046 1672 1313 1744 τιμωρίαν
1361 1675 1389 1727 ὁ
1438 1674 1732 1746 ἄνθρωπος,

1922 1673 2163 1727 Primum
2196 1672 2304 1728 Deo
2324 1673 2654 1743 supplicium
2686 1674 2849 1729 homo
2865 1675 3072 1742 debuit,
3095 1679 3240 1747 quod
3263 1682 3332 1736 ab
3358 1693 3417 1738 ec

163 1749 244 1802 ὅτι
270 1751 583 1822 ἀπέστησεν
623 1756 814 1810 ἑαυτὸν
840 1759 933 1811 τοῦ
963 1764 1316 1830 ποιήσαντος,
1350 1767 1442 1819 καὶ
1470 1767 1605 1839 πρὸς
1648 1769 1738 1821 τὸν

165 1841 407 1895 ἐναντίον
438 1845 910 1920 ἀπηυτομόλησεν,
948 1852 1224 1923 δραπέτης
1249 1855 1343 1908 τοῦ
1391 1859 1535 1911 κατά
1579 1858 1740 1927 φύσιν

164 1932 425 1987 δεσπότου
453 1936 545 1987 καὶ
571 1938 879 2009 ἀποστάτης
908 1944 1197 2014 γενόμενος
1220 1964 1233 1977 ⁸
1266 1947 1521 2026 δεύτερον,
1538 1951 1620 2005 ὅτι
1642 1952 1740 2023 τὴν

165 2023 410 2093 πονηρὰν
429 2025 527 2095 τῆς
546 2026 818 2097 ἁμαρτίας
840 2031 1103 2097 δουλείαν,
1122 2037 1242 2089 ἀντὶ
1269 2037 1370 2108 τῆς
1393 2023 1739 2108 αὐτεξουσίου

166 2114 476 2187 ἐλευθερίας
530 2118 796 2187 ἠλλάξατο
817 2161 833 2185 ,
869 2125 1330 2207 καὶῡπροετίμησε
1374 2130 1468 2183 τοῦ
1502 2136 1740 2188 συνεῖναι

163 2206 318 2277 Θεῷ,
372 2209 435 2262 τὸ
487 2212 865 2281 τυραννεῖσθαι
910 2217 1061 2287 παρά
1113 2218 1214 2288 τῆς
1272 2224 1741 2298 καταφθειρούσης

166 2298 465 2369 δυνάμεως.
516 2302 675 2356 Ἀλλά
705 2305 883 2360 καὶτὸ
928 2308 1001 2378 μὴ
1033 2309 1169 2380 πρὸς
1196 2310 1257 2362 τὸ
1289 2312 1484 2376 κάλλος
1507 2314 1602 2368 τοῦ
1641 2334 1741 2370 πε-

166 2391 458 2459 ποιηκότος
487 2392 703 2462 βλέπειν
730 2436 744 2461 ,
777 2397 913 2468 πρὸς
942 2399 998 2452 δὲ
1032 2401 1093 2453 τὸ
1122 2398 1310 2471 αἶσχος
1340 2406 1442 2476 τῆς
1469 2406 1742 2478 ἁμαρτίας

167 2482 487 2554 ἐπιστρέψαι
516 2485 577 2538 τὸ
599 2486 886 2556 πρόσωπον
911 2530 926 2553 ,
968 2491 1111 2555 τίνος
1134 2493 1200 2547 ἂν
1230 2494 1480 2568 δεύτερον
1507 2498 1613 2552 τῶν
1644 2517 1743 2554 κα-

169 2572 274 2626 κῶν
304 2574 560 2645 κριθείη;
600 2577 672 2629 Ἥ
710 2595 768 2631 τε
791 2579 897 2633 τῶν
939 2582 1097 2636 θείων
1164 2586 1384 2654 ἀγαθῶν
1446 2589 1739 2661 ὑπεροψία,

169 2664 398 2718 καὶτῶν
426 2667 518 2718 τοῦ
565 2669 802 2738 πονηροῦ
845 2669 1224 2742 δελεασμάτων
1268 2678 1629 2751 προτίμησις,
1662 2684 1743 2746 είς

170 2755 314 2806 ποῖον
353 2755 520 2825 μέρος
562 2759 832 2827 τιμωρίας
858 2762 1121 2833 ταχθείη;
1158 2766 1226 2820 Ὅ
1274 2785 1333 2821 τε
1387 2770 1488 2837 τῆς
1536 2773 1742 2836 εἰκόνος

170 2841 473 2912 ἁφανισμὸς
497 2888 511 2910 ,
542 2847 632 2899 καὶ
659 2849 691 2918 ἡ
721 2848 865 2921 λύμη
906 2852 1000 2904 τοῦ
1034 2853 1179 2910 θείου
1224 2863 1569 2932 χαρακτῆρος
1593 2904 1609 2930 ,
1645 2863 1741 2917 τοῦ

170 2933 314 3003 παρά
341 2933 444 3004 τὴν
472 2935 692 3007 πρώτην
731 2941 907 2994 κτίσιν
944 2945 1002 2996 ἐν
1031 2947 1162 3015 ἡμῖν
1190 2949 1568 3019 μορφωθέντος
1593 2994 1608 3018 ,
1644 2955 1740 3008 καὶ

1841 1765 2092 1829 descivit,
2115 1779 2146 1817 a
2177 1780 2288 1835 quo
2317 1766 2495 1820 lactus
2523 1776 2640 1820 erat
2661 1777 2713 1819 et
2742 1767 2810 1820 ad
2844 1768 3214 1824 adversarium
3246 1780 3425 1830 trans-

1840 1856 1925 1916 iit,
1965 1854 2228 1909 naturalis
2272 1853 2478 1909 domini
2528 1854 2788 1925 fugitivus
2827 1866 2882 1911 et
2915 1857 3164 1915 desertor
3199 1860 3419 1920 factus:

1844 1949 2043 2004 deinde
2071 1948 2216 2018 quod
2247 1948 2555 2004 libertatem
2596 1950 2793 2018 suique
2830 1961 3155 2020 p0tcstatem
3200 1970 3264 2010 ac
3296 1972 3417 2024 pro-

1841 2037 2016 2107 priam
2057 2039 2392 2093 voluntatem
2446 2054 2571 2093 cum
2625 2041 2774 2109 gravi
2829 2057 2894 2095 ac
2946 2044 3109 2097 noxia
3158 2047 3422 2101 servitute

1840 2129 2050 2198 peccati
2084 2131 2470 2197 commutavit,
2523 2139 2577 2186 et
2615 2134 2718 2187 sub
2748 2136 3148 2203 corrumpentis
3179 2143 3420 2205 potesta-

1842 2222 1913 2276 tis
1958 2222 2245 2292 tyrannide
2293 2237 2456 2292 quam
2495 2238 2619 2277 cum
2676 2222 2784 2280 Deo
2845 2240 2969 2280 esse
3009 2227 3223 2281 maluit.
3273 2227 3417 2294 Quin

1841 2311 2004 2366 etiam
2035 2310 2181 2381 quod
2211 2326 2321 2366 non
2356 2312 2588 2367 intuitus
2618 2323 2703 2368 est
2745 2313 3207 2384 pulchritudinem
3241 2319 3416 2373 facto-

1840 2402 1940 2465 ris,
1974 2400 2070 2455 scd
2110 2402 2176 2455 ad
2210 2403 2599 2472 turpitudinem
2631 2406 2840 2473 peccati
2892 2406 3086 2462 faciem
3117 2411 3413 2475 convertit,

1842 2495 1930 2547 cui
1972 2494 2114 2548 malo
2147 2494 2448 2549 secundum
2478 2495 2865 2564 judicahitur?
2916 2499 3228 2555 divinorum
3275 2503 3408 2558 item

1840 2582 2106 2636 bonorum
2156 2583 2534 2652 despicientia,
2581 2594 2636 2637 et
2685 2585 2919 2656 improbi
2970 2588 3117 2645 illius
3160 2604 3413 2646 escarum

1840 2674 2204 2744 prada-rentia,
2253 2675 2307 2728 in
2361 2689 2469 2744 qua
2517 2682 2670 2746 parte
2720 2679 2972 2748 supplicii
3010 2680 3414 2738 collocabitur?

1842 2766 2098 2833 imaginis
2130 2767 2258 2820 item
2292 2766 2537 2830 abolitio,
2585 2768 2864 2838 divinique
2893 2770 3057 2841 signi,
3099 2773 3245 2842 quod
3276 2783 3412 2829 tem-

1840 2873 1973 2927 pore
2000 2860 2187 2928 prima:
2207 2859 2505 2914 creationis
2536 2859 2592 2913 in
2611 2862 2773 2916 nobis
2801 2863 3128 2933 impressum
3157 2872 3263 2930 est,
3285 2881 3410 2921 cor-

1842 2950 2060 3018 ruptio;
2095 2949 2164 3003 ad
2199 2950 2312 3003 haec
2341 2950 2616 3005 drachma:
2647 2952 2893 3017 amissio,
2931 2962 2987 3008 et
3028 2970 3059 3008 a
3103 2971 3291 3011 mensa
3315 2973 3412 3026 pa-

171 3024 199 3090 ή
245 3024 341 3094 τῆς
373 3025 624 3098 δραχμῆς
658 3030 903 3086 ἀπώλεια
930 3075 945 3097 ,
982 3038 1074 3089 καὶ
1121 3040 1153 3108 ἡ
1190 3039 1290 3109 τῆς
1337 3044 1613 3117 τραπέζης
1645 3048 1732 3100 τοῦ

1846 3041 1949 3093 tris
1974 3055 2244 3105 recessus,
2279 3049 2332 3095 et
2366 3042 2431 3095 ad
2461 3041 2680 3095 fetidam
2709 3058 2999 3113 porcorum
3028 3046 3194 3100 vitam
3223 3061 3412 3103 acces-

169 3116 365 3208 πατρὸς
412 3118 792 3191 ἀναχώρησις,
843 3128 938 3180 καὶ
988 3130 1021 3197 ἡ
1067 3130 1204 3199 πρὸς
1243 3132 1335 3185 τὸν
1375 3116 1581 3208 δυσώδη
1628 3139 1737 3193 τῶν

169 3206 357 3278 χοίρων
401 3209 515 3279 βίον
562 3214 867 3280 οἰκείωσις,
900 3218 991 3271 καὶ
1039 3221 1072 3290 ἡ
1128 3222 1223 3275 τοῦ
1271 3224 1453 3293 τιμίου
1504 3206 1734 3281 πλούτου

166 3293 454 3369 διαφθορὰ,
488 3301 578 3353 καὶ
617 3302 717 3355 ὅσα
745 3306 966 3360 τοιαῦτα
1010 3306 1098 3363 διά
1139 3327 1197 3362 τε
1247 3315 1344 3383 τῆς
1375 3315 1595 3389 Γραφῆς
1643 3321 1736 3372 καὶ⁸

166 3386 265 3442 τῶν
290 3391 567 3463 λογισμῶν
608 3394 733 3448 ἰδεῖν
772 3394 885 3451 ἔστι
915 3400 1378 3475 πλημμελήματα,
1414 3408 1497 3470 τίς
1542 3386 1607 3462 διν
1644 3411 1734 3478 ἐξ-

166 3480 524 3552 αριθμήσαιτο
571 3485 721 3554 λόγος
750 3504 765 3553 ;
809 3491 1021 3563 Ἐπειδὴ
1039 3494 1213 3548 τοίνυν
1240 3499 1296 3548 ἐν
1318 3490 1574 3562 τοιούτοις
1598 3502 1732 3555 ὑπό-

165 3568 301 3624 δικόν
324 3574 443 3626 ἐστι
475 3574 609 3644 πρὸς
636 3580 904 3648 τιμωρίας
928 3581 1135 3636 ἔκτισιν
1168 3585 1230 3638 τὸ
1277 3587 1617 3659 ἀνθρώπινον
1655 3592 1733 3663 τῷ

166 3661 294 3750 Θεῷ,
319 3663 412 3716 διὰ
439 3664 596 3718 τοῦτό
624 3685 715 3737 μοι
735 3669 881 3723 δοκεῖ
905 3673 1178 3729 παιδεύειν
1203 3679 1235 3746 ἠ
1244 3679 1348 3747 μᾶς
1382 3682 1447 3750 τῇ
1478 3661 1731 3736 διδασκαέ

166 3748 246 3822 λίᾳ
264 3754 361 3822 τῆς
392 3759 697 3829 προσευχῆς
721 3761 748 3812 ὁ
786 3758 961 3830 λόγος,
995 3766 1259 3837 μηδαμῶς
1281 3772 1338 3823 ὲν
1358 3748 1582 3844 τῇηπρος
1600 3776 1731 3829 Θεὸν

166 3843 393 3911 ἐντεύξει
415 3888 430 3910 ,
460 3847 534 3913 ὡς
556 3851 649 3903 ἐπὶ
698 3853 921 3926 καθαρῷ
948 3857 1026 3928 τῷ
1071 3862 1330 3915 συνειδότι
1360 3867 1731 3935 παρρησιάζε-

169 3935 300 3997 σθαι,
332 3939 441 3993 κᾶν
480 3941 561 3994 ὅτι
615 3943 848 4014 μάλιστα
893 3948 1000 4002 τῶν
1029 3949 1384 4023 ἀνθρωπίνων
1413 3957 1729 4031 πλημμελησ

169 4028 341 4096 μάτων
372 4034 776 4105 κεχωρισμένος
808 4055 890 4100 τις
1019 4042 1179 4106 Ἴσως
1205 4045 1312 4115 γάρ
1345 4063 1431 4110 τις
1469 4028 1609 4103 κατά
1638 4028 1727 4105 τὸν

1841 3147 1956 3194 sus,
1986 3139 2040 3185 et
2064 3132 2495 3200 expetendarum
2514 3132 2829 3189 divitiarum
2862 3137 3167 3207 corruptio,
3184 3145 3240 3193 et
3268 3154 3408 3208 qua:-

1837 3237 2051 3292 cunque
2084 3225 2219 3278 talia
2249 3223 2472 3288 delicta,
2492 3233 2607 3280 tum
2638 3242 2735 3296 per
2769 3226 3135 3297 Scripturam,
3164 3239 3276 3282 tum
3310 3246 3409 3300 per

1836 3313 2203 3381 cogitationes
2263 3328 2490 3369 cernere
2557 3315 2705 3378 licet,
2754 3332 3005 3385 quamam
3078 3333 3405 3376 enumerare

1835 3406 2012 3458 oratio
2043 3404 2260 3473 possit?
2305 3403 2576 3470 Quoniam
2632 3407 2797 3475 igitur
2834 3408 2904 3463 ob
2937 3416 3018 3463 tot
3052 3417 3107 3464 et
3136 3411 3265 3465 talia
3302 3412 3401 3467 de-

1834 3495 1960 3548 licta
1993 3495 2214 3549 nomine
2263 3510 2435 3564 paena:
2492 3497 2791 3566 pendendaa
2837 3498 2947 3555 Deo
2980 3501 3276 3557 obnoxium
3322 3514 3409 3558 est

1832 3601 2005 3655 genus
2046 3587 2369 3650 humanum,
2404 3586 2611 3642 idcirco
2667 3589 2801 3643 mihi
2848 3606 3029 3646 sermo
3058 3607 3157 3661 per
3200 3593 3400 3649 doctri-

1832 3693 1958 3730 nam
1992 3678 2258 3732 orationis
2294 3694 2395 3733 nos
2451 3682 2672 3737 erudire
2716 3691 2880 3753 atque
2917 3685 3211 3740 instituere
3256 3686 3403 3740 vidc-

1833 3778 1940 3831 tur,
1990 3776 2047 3822 ut
2091 3784 2438 3839 nequaquam
2491 3772 2619 3827 dum
2676 3789 2801 3828 cum
2851 3773 2959 3829 Deo
3011 3776 3400 3846 colloquimur,

1830 3859 1986 3929 quasi
2018 3875 2150 3930 pura
2184 3864 2520 3917 conscientia
2563 3865 2771 3934 praediti
2801 3865 3136 3921 conﬁdenter
3164 3876 3219 3922 et
3241 3882 3401 3921 arro-

1830 3961 2021 4020 ganter
2070 3954 2377 4022 loquamur,
2424 3955 2641 4011 etiamsi
2694 3970 2857 4025 quam
2898 3957 3133 4012 maxime
3167 3958 3291 4027 quis
3333 3959 3404 4012 ab

1828 4046 2083 4102 humanis
2140 4047 2353 4102 delictis
2416 4048 2608 4116 procul
2657 4049 2822 4102 absit.
2868 4046 3123 4103 Forsitan
3158 4049 3303 4104 enim
3354 4052 3402 4108 si

165 4121 368 4175 νεανίαν
414 4124 619 4178 ἐκεῖνον
664 4126 758 4180 τὸν
805 4130 1186 4204 πολυκτήμονα
1219 4139 1339 4200 ταῖς
1363 4139 1602 4204 ἐντολαῖς
1627 4143 1727 4213 τὴν

1837 4136 1971 4205 quis,
2035 4135 2177 4189 sicut
2215 4137 2533 4191 adolescens
2581 4138 2670 4192 ille
2724 4139 3054 4210 locuples",
3111 4144 3403 4213 praeceptis

166 4207 297 4283 ζωὴν
346 4214 547 4269 ἑαυτοῦ
593 4218 1050 4293 παιδαγωγήσας,
1093 4224 1204 4296 ἔχει
1264 4229 1325 4282 τὸ
1352 4231 1593 4287 τοιοῦτον
1632 4207 1725 4289 ἐπὶ

1837 4227 1990 4280 vitam
2015 4243 2170 4282 suam
2200 4228 2513 4284 moderatus
2545 4230 2649 4290 sit.
2683 4230 2888 4300 aliquid
2921 4233 3027 4289 tale
3052 4233 3121 4288 de
3157 4235 3268 4290 vita
3299 4250 3401 4291 sua

165 4301 247 4354 τοῦ
270 4304 400 4358 ἰδίου
420 4309 804 4393 ,καυχήσασθαι
847 4311 982 4381 βίου,
1016 4315 1109 4368 κοιὶ¹
1136 4319 1312 4372 εἰπεῖν
1329 4320 1407 4391 τῷ
1438 4322 1575 4393 Θεῷ,
1636 4324 1718 4379 ὃτι

172 4390 344 4482 Ταῦτα
363 4392 561 4451 πάντα
598 4399 993 4471 ἐφυλαξάμην
1029 4407 1097 4459 ἐκ
1140 4390 1420 4478 ’νεότητός
1450 4390 1570 4482 μου
1589 4454 1605 4481 ,
1629 4418 1724 4470 καὶ

166 4477 503 4550 ὑπηλειφέναι
557 4487 737 4557 αὐτῷ,
789 4489 876 4543 διὰ
916 4491 977 4544 τὸ
1033 4494 1196 4564 μηδὲν
1239 4477 1318 4561 εἰς
1362 4477 1466 4564 τάξ
1504 4477 1722 4568 ἐντολὰς

166 4570 560 4666 πλημμελῆσαι,
588 4579 661 4649 μὴ
685 4580 803 4635 λίαν
827 4583 1087 4653 ἁρμόζειν
1123 4586 1221 4658 τὴν
1248 4589 1389 4660 ὑπὲρ
1416 4592 1523 4645 τῶν
1551 4594 1719 4666 ὀφλη-

168 4661 335 4731 μάτων
359 4667 708 4739 παραίτησιν,
726 4671 802 4733 ὡς
825 4673 1006 4742 μόνοις
1031 4679 1142 4740 τοῖς
1170 4661 1605 4752 ἐξημαρτηκόσιν
1629 4661 1720 4758 ἀρ-

170 4751 438 4818 μόζουσαν.
469 4758 577 4810 Καί
608 4777 739 4831 φησι
771 4762 850 4831 τῷ
880 4764 1190 4834 μολυνθέντι
1219 4769 1305 4823 διὰ
1336 4751 1587 4843 πορνείας
1620 4751 1718 4849 την

165 4842 401 4915 τοιαύτην
429 4848 658 4917 πρέπειν
684 4852 865 4923 φωνὴν
889 4893 903 4916 ,
937 4854 969 4925 ἢ
1000 4857 1077 4927 τῷ
1105 4857 1192 4911 διὰ
1230 4860 1540 4930 πλεονεξίας
1571 4869 1721 4923 είδωο

165 4929 570 5008 λολατρήσαντι,
621 4942 922 5011 ἀναγκαίαν
961 4946 1058 5018 τὴν
1092 4950 1306 5021 αίτησιν
1338 4956 1436 5026 τῆς
1476 4960 1720 5029 συγγνὼο

170 5044 261 5121 tta;
281 5027 437 5098 εἶναι,
469 5038 563 5089 καὶ
605 5021 766 5091 παντὶ
792 5038 928 5104 ὅλως
953 5040 1032 5111 τῷ
1062 5042 1151 5096 διά
1173 5062 1316 5109 τινος
1344 5021 1721 5121 πλημμελείας

166 5119 216 5215 τὸ
239 5127 465 5190 meum;
484 5128 583 5199 τῆς
604 5128 784 5199 ψυχῆς
807 5131 1209 5199 καταστίξαντι,
1234 5137 1395 5192 καλὸν
1543 5144 1717 5215 ἁρμό-

168 5208 261 5300 διον
295 5212 431 5270 εἶναι
473 5218 532 5271 τὸ
580 5224 913 5287 καταφυγεῖν
954 5224 1087 5294 πρὸς
1124 5225 1289 5281 ἔλεον.
1336 5230 1398 5282 Ei
1439 5231 1493 5284 δὲ
1537 5208 1720 5300 Ἠλίας

166 5295 350 5394 ίκεῖνος
392 5306 421 5357 ό
456 5306 620 5370 πολὺς
662 5308 746 5378 εἴη
770 5349 784 5372 ,
817 5309 848 5380 ἥ
888 5312 916 5362 ὁ
955 5312 1014 5364 ἐν
1057 5313 1324 5386 πνεύματι
1368 5320 1460 5373 καὶ
1493 5295 1720 5394 δυνάμει

179 5389 338 5447 Ἠλίου
371 5397 399 5449 ό
447 5397 546 5468 μὲν
591 5400 649 5453 ἐν
694 5404 973 5472 γεννητοῖς
1005 5408 1310 5473 γυναικῶν,
1340 5411 1371 5481 ἢ
1412 5389 1646 5485 Πέτρος,
1682 5417 1714 5489 ἧ

168 5480 387 5553 Παῦλος,
418 5489 451 5559 ἤ
480 5490 757 5561 Ἰωάννης,
792 5493 825 5564 ἦ
851 5511 932 5558 τις
970 5496 1124 5561 ἄλλος
1149 5500 1256 5553 τῶν
1290 5480 1424 5573 πρὸς
1447 5480 1719 5579 τδ-κρεῖτζ

226 5659 268 5688 ⁷⁸
304 5660 431 5716 Luc.
474 5679 638 5728 xvnn,
669 5664 759 5722 2i.

1828 4319 2072 4388 gloriari,
2107 4327 2185 4383 et,
2212 4317 2340 4372 Haec
2371 4321 2552 4374 omnia
2580 4324 2783 4376 servavi
2813 4341 2846 4376 a
2866 4323 3139 4393 jurentute
3169 4342 3307 4392 mea,
3330 4330 3398 4383 ad

1831 4412 2001 4467 Deum
2038 4412 2219 4468 dicere
2243 4420 2442 4482 potest,
2466 4422 2519 4468 et
2551 4428 2872 4483 persuasum
2894 4415 3116 4481 habere,
3136 4419 3398 4487 quoniam

1828 4505 1965 4559 nihil
2002 4506 2055 4559 in
2112 4513 2379 4575 pra-cepta
2428 4505 2739 4576 deliquerit,
2795 4507 2898 4562 sibi
2941 4522 3048 4562 non
3101 4509 3395 4566 admodum

1827 4598 2118 4651 convenire
2178 4596 2485 4651 debitorum
2537 4598 2758 4653 nomine
2811 4599 3277 4669 deprecationem,
3338 4612 3399 4658 ut

1824 4706 1946 4761 quae
1974 4690 2107 4745 solis
2145 4691 2213 4744 iis
2249 4690 2341 4758 qui
2377 4691 2724 4761 peccaverint
2765 4701 3062 4765 congruat;
3092 4704 3146 4750 et
3170 4696 3245 4750 ait
3270 4713 3396 4754 eum

1822 4784 1914 4853 qui
1946 4799 2045 4854 per
2079 4788 2467 4839 scortationcm
2514 4784 2834 4854 inquinatus
2873 4788 2967 4852 sit,
2989 4786 3262 4856 ejusmodi
3302 4805 3398 4844 vo-

1819 4892 1937 4931 cem
1972 4878 2200 4942 decere;
2253 4877 2339 4930 vel
2388 4877 2437 4930 ei
2493 4876 2585 4946 qui
2632 4893 2729 4947 per
2764 4878 3049 4933 avaritiam
3102 4882 3394 4937 simulacra

1820 4967 2071 5029 coluerit,
2092 4966 2458 5021 necessariam
2486 4981 2610 5022 esse
2641 4968 2810 5022 veniae
2827 4968 3165 5037 petitionem,
3188 4979 3241 5024 et
3269 4972 3391 5026 cui-

1816 5057 1921 5120 vis,
1949 5057 2003 5110 in
2034 5071 2268 5121 summa,
2285 5058 2379 5127 qui
2401 5071 2498 5127 per
2518 5057 2735 5127 aliquod
2757 5058 3015 5113 delictum
3038 5061 3233 5116 anima:
3257 5077 3390 5117 con-

1823 5146 2106 5201 scientiam
2147 5148 2649 5212 commaculaverit,
2696 5148 2901 5204 bonum
2947 5159 3002 5205 et
3043 5155 3390 5212 commodum

1821 5255 1952 5294 esse
1998 5239 2066 5293 ad
2109 5239 2540 5294 misericordiam
2588 5239 2883 5312 confugere
2918 5261 2932 5309 ;
2964 5245 3111 5314 quod
3161 5247 3208 5303 si
3242 5247 3395 5305 Elias

1823 5329 2134 5401 praeclarus
2185 5328 2368 5393 fuerit,
2410 5336 2505 5383 aut
2560 5329 2614 5383 in
2661 5331 2857 5400 spiritu
2916 5341 2971 5388 et
3019 5336 3222 5390 virtute
3258 5336 3394 5397 Elia:

1824 5432 2056 5487 inagnus
2104 5416 2194 5472 ille
2232 5417 2375 5472 inter
2407 5418 2548 5474 lilios
2580 5421 2892 5489 mulierum,
2915 5430 3009 5477 aut
3050 5422 3266 5491 Petrus,
3296 5436 3392 5485 aut

1822 5508 2054 5574 Paulus,
2115 5520 2207 5564 aut
2238 5509 2506 5579 Joannes,
2548 5521 2642 5569 aut
2686 5514 2881 5586 aliquis
2927 5519 3069 5577 alius
3114 5536 3179 5577 ex
3217 5523 3286 5578 iis
3323 5523 3397 5584 do
