  <div class='ocr_page' id='page_1' title='image "/cluster/home/n/w/nwhite01/storage/ocr_20150623/44/nnc1.0037127462/601.png"; bbox 0 0 3812 6228; ppageno 0'>
   <div class='ocr_carea' id='block_1_1' title="bbox 388 317 524 370">
    <p class='ocr_par' dir='ltr' id='par_1_1' title="bbox 388 317 524 370">
     <span class='ocr_line' id='line_1_1' title="bbox 388 317 524 370; baseline -0.007 0"><span class='ocrx_word' id='word_1_1' title='bbox 388 317 524 370; x_wconf 65' lang='lat' dir='ltr'><strong>MSS</strong></span> 
     </span>
    </p>
   </div>
   <div class='ocr_carea' id='block_1_2' title="bbox 1612 309 2366 384">
    <p class='ocr_par' dir='ltr' id='par_1_2' title="bbox 1612 309 2366 384">
     <span class='ocr_line' id='line_1_2' title="bbox 1612 309 2366 384; baseline -0.003 -16"><span class='ocrx_word' id='word_1_2' title='bbox 1612 309 2034 384; x_wconf 58' lang='lat' dir='ltr'><strong>spumosa</strong></span> <span class='ocrx_word' id='word_1_3' title='bbox 2068 310 2366 367; x_wconf 75' lang='lat' dir='ltr'><strong>NYSSENI</strong></span> 
     </span>
    </p>
   </div>
   <div class='ocr_carea' id='block_1_3' title="bbox 3507 314 3630 370">
    <p class='ocr_par' dir='ltr' id='par_1_3' title="bbox 3507 314 3630 370">
     <span class='ocr_line' id='line_1_3' title="bbox 3507 314 3630 370; baseline 0.024 -3"><span class='ocrx_word' id='word_1_4' title='bbox 3507 314 3630 370; x_wconf 73' lang='grc' dir='ltr'>ιιδι</span> 
     </span>
    </p>
   </div>
   <div class='ocr_carea' id='block_1_4' title="bbox 383 429 1971 504">
    <p class='ocr_par' dir='ltr' id='par_1_4' title="bbox 383 430 1965 504">
     <span class='ocr_line' id='line_1_4' title="bbox 383 430 1965 504; baseline -0.001 -18"><span class='ocrx_word' id='word_1_5' title='bbox 383 433 585 504; x_wconf 79' lang='lat' dir='ltr'><strong>quibus</strong></span> <span class='ocrx_word' id='word_1_6' title='bbox 618 431 823 488; x_wconf 86' lang='lat' dir='ltr'><strong>bonum</strong></span> <span class='ocrx_word' id='word_1_7' title='bbox 863 432 1063 488; x_wconf 70' lang='lat' dir='ltr'><strong>divinae.</strong></span> <span class='ocrx_word' id='word_1_8' title='bbox 1111 430 1410 503; x_wconf 72' lang='lat' dir='ltr'><strong>Scriptura:</strong></span> <span class='ocrx_word' id='word_1_9' title='bbox 1450 432 1826 488; x_wconf 85' lang='lat' dir='ltr'><strong>testimonium</strong></span> <span class='ocrx_word' id='word_1_10' title='bbox 1863 446 1965 485; x_wconf 83' lang='lat' dir='ltr'><strong>ex-</strong></span> 
     </span>
    </p>
   </div>
   <div class='ocr_carea' id='block_1_5' title="bbox 2074 429 3634 504">
    <p class='ocr_par' dir='ltr' id='par_1_5' title="bbox 2074 429 3634 503">
     <span class='ocr_line' id='line_1_5' title="bbox 2074 429 3634 503; baseline 0.01 -22"><span class='ocrx_word' id='word_1_11' title='bbox 2074 446 2161 482; x_wconf 88' lang='grc' dir='ltr'><strong>τον</strong></span> <span class='ocrx_word' id='word_1_12' title='bbox 2228 429 2733 501; x_wconf 78' lang='grc' dir='ltr'><strong>μεμαρτυρημένων</strong></span> <span class='ocrx_word' id='word_1_13' title='bbox 2772 429 2879 484; x_wconf 78' lang='grc' dir='ltr'><strong>ὑπὸ</strong></span> <span class='ocrx_word' id='word_1_14' title='bbox 2913 434 3012 502; x_wconf 79' lang='grc' dir='ltr'>τῆς</span> <span class='ocrx_word' id='word_1_15' title='bbox 3057 431 3208 496; x_wconf 86' lang='grc' dir='ltr'>θείας</span> <span class='ocrx_word' id='word_1_16' title='bbox 3258 430 3524 503; x_wconf 55' lang='grc' dir='ltr'><strong>Γραφῇ.</strong></span> <span class='ocrx_word' id='word_1_17' title='bbox 3566 440 3634 495; x_wconf 70' lang='grc' dir='ltr'><strong>εις</strong></span> 
     </span>
    </p>
   </div>
   <div class='ocr_carea' id='block_1_6' title="bbox 386 525 1966 595">
    <p class='ocr_par' dir='ltr' id='par_1_6' title="bbox 386 525 1966 595">
     <span class='ocr_line' id='line_1_6' title="bbox 386 525 1966 595; baseline -0.002 -16"><span class='ocrx_word' id='word_1_18' title='bbox 386 534 497 579; x_wconf 81' lang='lat' dir='ltr'><strong>stat</strong></span> <span class='ocrx_word' id='word_1_19' title='bbox 539 544 551 579; x_wconf 96' lang='lat'><strong>:</strong></span> <span class='ocrx_word' id='word_1_20' title='bbox 589 541 690 581; x_wconf 91' lang='lat' dir='ltr'><strong>cur</strong></span> <span class='ocrx_word' id='word_1_21' title='bbox 727 526 775 580; x_wconf 87' lang='lat' dir='ltr'><strong>is</strong></span> <span class='ocrx_word' id='word_1_22' title='bbox 832 525 1108 595; x_wconf 80' lang='lat' dir='ltr'><strong>ejusmodi</strong></span> <span class='ocrx_word' id='word_1_23' title='bbox 1137 540 1271 581; x_wconf 84' lang='lat' dir='ltr'><strong>voce</strong></span> <span class='ocrx_word' id='word_1_24' title='bbox 1309 535 1516 589; x_wconf 86' lang='lat' dir='ltr'><strong>utatur,</strong></span> <span class='ocrx_word' id='word_1_25' title='bbox 1569 540 1694 595; x_wconf 66' lang='lat' dir='ltr'><strong>qua:</strong></span> <span class='ocrx_word' id='word_1_26' title='bbox 1721 525 1900 594; x_wconf 84' lang='lat' dir='ltr'><strong>ipsum</strong></span> <span class='ocrx_word' id='word_1_27' title='bbox 1934 537 1966 576; x_wconf 88' lang='lat' dir='ltr'><strong>a</strong></span> 
     </span>
    </p>
   </div>
   <div class='ocr_carea' id='block_1_7' title="bbox 390 616 1966 686">
    <p class='ocr_par' dir='ltr' id='par_1_7' title="bbox 390 616 1966 686">
     <span class='ocr_line' id='line_1_7' title="bbox 390 616 1966 686; baseline -0.001 -16"><span class='ocrx_word' id='word_1_28' title='bbox 390 616 592 672; x_wconf 83' lang='lat' dir='ltr'><strong>debitis</strong></span> <span class='ocrx_word' id='word_1_29' title='bbox 620 618 870 673; x_wconf 67' lang='lat' dir='ltr'><strong>eximat?</strong></span> <span class='ocrx_word' id='word_1_30' title='bbox 920 618 1012 672; x_wconf 89' lang='lat' dir='ltr'><strong>cui</strong></span> <span class='ocrx_word' id='word_1_31' title='bbox 1035 618 1244 673; x_wconf 86' lang='lat' dir='ltr'><strong>nullum</strong></span> <span class='ocrx_word' id='word_1_32' title='bbox 1286 619 1425 672; x_wconf 86' lang='lat' dir='ltr'><strong>adeo</strong></span> <span class='ocrx_word' id='word_1_33' title='bbox 1455 617 1704 672; x_wconf 88' lang='lat' dir='ltr'><strong>debitum</strong></span> <span class='ocrx_word' id='word_1_34' title='bbox 1733 631 1803 671; x_wconf 75' lang='lat' dir='ltr'><strong>ex</strong></span> <span class='ocrx_word' id='word_1_35' title='bbox 1837 631 1966 686; x_wconf 90' lang='lat' dir='ltr'><strong>pec-</strong></span> 
     </span>
    </p>
   </div>
   <div class='ocr_carea' id='block_1_8' title="bbox 386 699 1965 777">
    <p class='ocr_par' dir='ltr' id='par_1_8' title="bbox 386 699 1965 777">
     <span class='ocr_line' id='line_1_8' title="bbox 386 699 1965 777; baseline -0.001 -17"><span class='ocrx_word' id='word_1_36' title='bbox 386 715 514 760; x_wconf 89' lang='lat' dir='ltr'><strong>cato</strong></span> <span class='ocrx_word' id='word_1_37' title='bbox 548 706 666 760; x_wconf 77' lang='lat' dir='ltr'><strong>sit?</strong></span> <span class='ocrx_word' id='word_1_38' title='bbox 716 721 822 762; x_wconf 89' lang='lat' dir='ltr'><strong>neu</strong></span> <span class='ocrx_word' id='word_1_39' title='bbox 849 708 974 777; x_wconf 95' lang='lat' dir='ltr'><strong>quis</strong></span> <span class='ocrx_word' id='word_1_40' title='bbox 1008 706 1075 760; x_wconf 89' lang='lat' dir='ltr'><strong>ad</strong></span> <span class='ocrx_word' id='word_1_41' title='bbox 1102 699 1218 762; x_wconf 67' lang='lat' dir='ltr'><strong>haec</strong></span> <span class='ocrx_word' id='word_1_42' title='bbox 1259 706 1565 776; x_wconf 79' lang='lat' dir='ltr'><strong>respiciens</strong></span> <span class='ocrx_word' id='word_1_43' title='bbox 1609 706 1965 761; x_wconf 87' lang='lat' dir='ltr'><strong>contumaci-</strong></span> 
     </span>
    </p>
   </div>
   <div class='ocr_carea' id='block_1_9' title="bbox 389 797 1963 869">
    <p class='ocr_par' dir='ltr' id='par_1_9' title="bbox 389 797 1963 869">
     <span class='ocr_line' id='line_1_9' title="bbox 389 797 1963 869; baseline 0.001 -18"><span class='ocrx_word' id='word_1_44' title='bbox 389 806 475 852; x_wconf 91' lang='lat' dir='ltr'><strong>ter</strong></span> <span class='ocrx_word' id='word_1_45' title='bbox 506 806 562 852; x_wconf 90' lang='lat' dir='ltr'><strong>et</strong></span> <span class='ocrx_word' id='word_1_46' title='bbox 596 807 921 867; x_wconf 69' lang='lat' dir='ltr'><strong>arroganter</strong></span> <span class='ocrx_word' id='word_1_47' title='bbox 949 800 1228 869; x_wconf 83' lang='lat' dir='ltr'><strong>loquatur,</strong></span> <span class='ocrx_word' id='word_1_48' title='bbox 1261 801 1407 853; x_wconf 83' lang='lat' dir='ltr'><strong>sicut</strong></span> <span class='ocrx_word' id='word_1_49' title='bbox 1438 800 1529 854; x_wconf 92' lang='lat' dir='ltr'><strong>ille</strong></span> <span class='ocrx_word' id='word_1_50' title='bbox 1565 797 1963 861; x_wconf 67' lang='lat' dir='ltr'><strong>Phariszeus&quot;,</strong></span> 
     </span>
    </p>
   </div>
   <div class='ocr_carea' id='block_1_10' title="bbox 389 890 1967 961">
    <p class='ocr_par' dir='ltr' id='par_1_10' title="bbox 389 890 1967 961">
     <span class='ocr_line' id='line_1_10' title="bbox 389 890 1967 961; baseline -0.001 -16"><span class='ocrx_word' id='word_1_51' title='bbox 389 891 485 961; x_wconf 89' lang='lat' dir='ltr'><strong>qui</strong></span> <span class='ocrx_word' id='word_1_52' title='bbox 513 905 580 945; x_wconf 91' lang='lat' dir='ltr'><strong>ne</strong></span> <span class='ocrx_word' id='word_1_53' title='bbox 610 891 944 960; x_wconf 81' lang='lat' dir='ltr'><strong>agnoscebat</strong></span> <span class='ocrx_word' id='word_1_54' title='bbox 969 890 1188 961; x_wconf 88' lang='lat' dir='ltr'><strong>quidem</strong></span> <span class='ocrx_word' id='word_1_55' title='bbox 1222 906 1342 960; x_wconf 75' lang='lat' dir='ltr'><strong>quae</strong></span> <span class='ocrx_word' id='word_1_56' title='bbox 1370 900 1518 946; x_wconf 80' lang='lat' dir='ltr'><strong>esset</strong></span> <span class='ocrx_word' id='word_1_57' title='bbox 1553 890 1730 961; x_wconf 78' lang='lat' dir='ltr'><strong>ipsius</strong></span> <span class='ocrx_word' id='word_1_58' title='bbox 1763 899 1967 945; x_wconf 89' lang='lat' dir='ltr'><strong>natura</strong></span> 
     </span>
    </p>
   </div>
   <div class='ocr_carea' id='block_1_11' title="bbox 390 981 1965 1051">
    <p class='ocr_par' dir='ltr' id='par_1_11' title="bbox 390 981 1965 1051">
     <span class='ocr_line' id='line_1_11' title="bbox 390 981 1965 1051; baseline 0.001 -17"><span class='ocrx_word' id='word_1_59' title='bbox 390 986 540 1051; x_wconf 88' lang='lat' dir='ltr'><strong>(nam</strong></span> <span class='ocrx_word' id='word_1_60' title='bbox 568 981 615 1037; x_wconf 87' lang='lat' dir='ltr'><strong>si</strong></span> <span class='ocrx_word' id='word_1_61' title='bbox 647 982 1130 1037; x_wconf 78' lang='lat' dir='ltr'><strong>animadvertisset</strong></span> <span class='ocrx_word' id='word_1_62' title='bbox 1155 983 1304 1051; x_wconf 90' lang='lat' dir='ltr'><strong>quod</strong></span> <span class='ocrx_word' id='word_1_63' title='bbox 1343 983 1508 1036; x_wconf 89' lang='lat' dir='ltr'><strong>homo</strong></span> <span class='ocrx_word' id='word_1_64' title='bbox 1530 989 1697 1046; x_wconf 85' lang='lat' dir='ltr'><strong>esset,</strong></span> <span class='ocrx_word' id='word_1_65' title='bbox 1732 996 1965 1051; x_wconf 87' lang='lat' dir='ltr'><strong>prorsus</strong></span> 
     </span>
    </p>
   </div>
   <div class='ocr_carea' id='block_1_12' title="bbox 390 1074 1963 1145">
    <p class='ocr_par' dir='ltr' id='par_1_12' title="bbox 390 1074 1963 1145">
     <span class='ocr_line' id='line_1_12' title="bbox 390 1074 1963 1145; baseline 0.002 -19"><span class='ocrx_word' id='word_1_66' title='bbox 390 1082 642 1127; x_wconf 88' lang='lat' dir='ltr'><strong>naturam</strong></span> <span class='ocrx_word' id='word_1_67' title='bbox 670 1087 701 1126; x_wconf 92' lang='lat' dir='ltr'><strong>a</strong></span> <span class='ocrx_word' id='word_1_68' title='bbox 736 1074 996 1128; x_wconf 85' lang='lat' dir='ltr'><strong>sordibus</strong></span> <span class='ocrx_word' id='word_1_69' title='bbox 1024 1075 1293 1145; x_wconf 82' lang='lat' dir='ltr'><strong>integram</strong></span> <span class='ocrx_word' id='word_1_70' title='bbox 1328 1087 1393 1128; x_wconf 84' lang='lat' dir='ltr'><strong>ac</strong></span> <span class='ocrx_word' id='word_1_71' title='bbox 1427 1089 1623 1144; x_wconf 87' lang='lat' dir='ltr'><strong>puram</strong></span> <span class='ocrx_word' id='word_1_72' title='bbox 1674 1089 1785 1128; x_wconf 86' lang='lat' dir='ltr'><strong>non</strong></span> <span class='ocrx_word' id='word_1_73' title='bbox 1816 1089 1963 1137; x_wconf 89' lang='lat' dir='ltr'><strong>esse,</strong></span> 
     </span>
    </p>
   </div>
   <div class='ocr_carea' id='block_1_13' title="bbox 388 1164 1967 1235">
    <p class='ocr_par' dir='ltr' id='par_1_13' title="bbox 388 1164 1967 1235">
     <span class='ocr_line' id='line_1_13' title="bbox 388 1164 1967 1235; baseline 0 -15"><span class='ocrx_word' id='word_1_74' title='bbox 388 1165 617 1220; x_wconf 83' lang='lat' dir='ltr'><strong>edoctus</strong></span> <span class='ocrx_word' id='word_1_75' title='bbox 650 1164 892 1220; x_wconf 86' lang='lat' dir='ltr'><strong>fuisseta</strong></span> <span class='ocrx_word' id='word_1_76' title='bbox 932 1172 1127 1220; x_wconf 87' lang='lat' dir='ltr'><strong>sancta</strong></span> <span class='ocrx_word' id='word_1_77' title='bbox 1163 1164 1470 1234; x_wconf 81' lang='lat' dir='ltr'><strong>Scriptura,</strong></span> <span class='ocrx_word' id='word_1_78' title='bbox 1503 1180 1624 1235; x_wconf 64' lang='lat' dir='ltr'><strong>qua:</strong></span> <span class='ocrx_word' id='word_1_79' title='bbox 1647 1166 1801 1231; x_wconf 90' lang='lat' dir='ltr'><strong>dicit,</strong></span> <span class='ocrx_word' id='word_1_80' title='bbox 1820 1165 1967 1235; x_wconf 89' lang='lat' dir='ltr'><strong>quod</strong></span> 
     </span>
    </p>
   </div>
   <div class='ocr_carea' id='block_1_14' title="bbox 390 1253 1965 1325">
    <p class='ocr_par' dir='ltr' id='par_1_14' title="bbox 390 1253 1965 1325">
     <span class='ocr_line' id='line_1_14' title="bbox 390 1253 1965 1325; baseline 0.002 -18"><span class='ocrx_word' id='word_1_81' title='bbox 390 1268 500 1307; x_wconf 90' lang='lat' dir='ltr'><strong>non</strong></span> <span class='ocrx_word' id='word_1_82' title='bbox 527 1255 702 1323; x_wconf 86' lang='lat' dir='ltr'><strong>possit</strong></span> <span class='ocrx_word' id='word_1_83' title='bbox 726 1253 965 1310; x_wconf 81' lang='lat' dir='ltr'><strong>inveniri</strong></span> <span class='ocrx_word' id='word_1_84' title='bbox 999 1256 1148 1309; x_wconf 86' lang='lat' dir='ltr'><strong>inter</strong></span> <span class='ocrx_word' id='word_1_85' title='bbox 1177 1255 1451 1314; x_wconf 86' lang='lat' dir='ltr'><strong>homines.</strong></span> <span class='ocrx_word' id='word_1_86' title='bbox 1483 1258 1579 1325; x_wconf 89' lang='lat' dir='ltr'><strong>qui</strong></span> <span class='ocrx_word' id='word_1_87' title='bbox 1616 1273 1784 1310; x_wconf 90' lang='lat' dir='ltr'><strong>unum</strong></span> <span class='ocrx_word' id='word_1_88' title='bbox 1819 1255 1965 1311; x_wconf 88' lang='lat' dir='ltr'><strong>diem</strong></span> 
     </span>
    </p>
   </div>
   <div class='ocr_carea' id='block_1_15' title="bbox 391 1345 1966 1416">
    <p class='ocr_par' dir='ltr' id='par_1_15' title="bbox 391 1345 1966 1416">
     <span class='ocr_line' id='line_1_15' title="bbox 391 1345 1966 1416; baseline 0.001 -19"><span class='ocrx_word' id='word_1_89' title='bbox 391 1345 602 1414; x_wconf 80' lang='lat' dir='ltr'><strong>absque</strong></span> <span class='ocrx_word' id='word_1_90' title='bbox 633 1345 845 1399; x_wconf 87' lang='lat' dir='ltr'><strong>macula</strong></span> <span class='ocrx_word' id='word_1_91' title='bbox 865 1347 1010 1399; x_wconf 82' lang='lat' dir='ltr'><strong>vivat</strong></span> <span class='ocrx_word' id='word_1_92' title='bbox 1032 1345 1135 1415; x_wconf 73' lang='lat' dir='ltr'><strong>&quot;j;</strong></span> <span class='ocrx_word' id='word_1_93' title='bbox 1170 1362 1237 1401; x_wconf 89' lang='lat' dir='ltr'><strong>ne</strong></span> <span class='ocrx_word' id='word_1_94' title='bbox 1266 1348 1393 1416; x_wconf 87' lang='lat' dir='ltr'><strong>quis</strong></span> <span class='ocrx_word' id='word_1_95' title='bbox 1413 1347 1582 1416; x_wconf 76' lang='lat' dir='ltr'><strong>igitur</strong></span> <span class='ocrx_word' id='word_1_96' title='bbox 1601 1347 1728 1401; x_wconf 89' lang='lat' dir='ltr'><strong>talis</strong></span> <span class='ocrx_word' id='word_1_97' title='bbox 1760 1346 1815 1399; x_wconf 91' lang='lat' dir='ltr'><strong>in</strong></span> <span class='ocrx_word' id='word_1_98' title='bbox 1845 1348 1966 1400; x_wconf 87' lang='lat' dir='ltr'><strong>ani-</strong></span> 
     </span>
    </p>
   </div>
   <div class='ocr_carea' id='block_1_16' title="bbox 391 1436 1966 1505">
    <p class='ocr_par' dir='ltr' id='par_1_16' title="bbox 391 1436 1966 1505">
     <span class='ocr_line' id='line_1_16' title="bbox 391 1436 1966 1505; baseline 0.003 -18"><span class='ocrx_word' id='word_1_99' title='bbox 391 1451 480 1488; x_wconf 83' lang='lat' dir='ltr'><strong>mo</strong></span> <span class='ocrx_word' id='word_1_100' title='bbox 508 1436 629 1504; x_wconf 82' lang='lat' dir='ltr'><strong>ejus</strong></span> <span class='ocrx_word' id='word_1_101' title='bbox 651 1437 744 1505; x_wconf 87' lang='lat' dir='ltr'><strong>qui</strong></span> <span class='ocrx_word' id='word_1_102' title='bbox 788 1451 885 1505; x_wconf 86' lang='lat' dir='ltr'><strong>per</strong></span> <span class='ocrx_word' id='word_1_103' title='bbox 905 1437 1211 1493; x_wconf 88' lang='lat' dir='ltr'><strong>orationem</strong></span> <span class='ocrx_word' id='word_1_104' title='bbox 1235 1452 1569 1493; x_wconf 88' lang='lat' dir='ltr'><strong>accessurus</strong></span> <span class='ocrx_word' id='word_1_105' title='bbox 1600 1439 1674 1492; x_wconf 90' lang='lat' dir='ltr'><strong>sit</strong></span> <span class='ocrx_word' id='word_1_106' title='bbox 1696 1438 1762 1493; x_wconf 90' lang='lat' dir='ltr'><strong>ad</strong></span> <span class='ocrx_word' id='word_1_107' title='bbox 1795 1437 1966 1493; x_wconf 89' lang='lat' dir='ltr'><strong>Deum</strong></span> 
     </span>
    </p>
   </div>
   <div class='ocr_carea' id='block_1_17' title="bbox 390 1527 1960 1598">
    <p class='ocr_par' dir='ltr' id='par_1_17' title="bbox 390 1527 1960 1598">
     <span class='ocr_line' id='line_1_17' title="bbox 390 1527 1960 1598; baseline 0.005 -19"><span class='ocrx_word' id='word_1_108' title='bbox 390 1527 620 1582; x_wconf 85' lang='lat' dir='ltr'><strong>alfectus</strong></span> <span class='ocrx_word' id='word_1_109' title='bbox 648 1528 1020 1598; x_wconf 73' lang='lat' dir='ltr'><strong>ingeneretur,</strong></span> <span class='ocrx_word' id='word_1_110' title='bbox 1052 1544 1158 1583; x_wconf 92' lang='lat' dir='ltr'><strong>non</strong></span> <span class='ocrx_word' id='word_1_111' title='bbox 1184 1530 1249 1583; x_wconf 89' lang='lat' dir='ltr'><strong>ad</strong></span> <span class='ocrx_word' id='word_1_112' title='bbox 1286 1530 1574 1585; x_wconf 80' lang='lat' dir='ltr'><strong>benefacta</strong></span> <span class='ocrx_word' id='word_1_113' title='bbox 1601 1546 1666 1585; x_wconf 93' lang='lat' dir='ltr'><strong>ac</strong></span> <span class='ocrx_word' id='word_1_114' title='bbox 1696 1547 1785 1587; x_wconf 88' lang='lat' dir='ltr'><strong>res</strong></span> <span class='ocrx_word' id='word_1_115' title='bbox 1820 1533 1960 1587; x_wconf 86' lang='lat' dir='ltr'><strong>bene</strong></span> 
     </span>
    </p>
   </div>
   <div class='ocr_carea' id='block_1_18' title="bbox 391 1620 1966 1690">
    <p class='ocr_par' dir='ltr' id='par_1_18' title="bbox 391 1620 1966 1690">
     <span class='ocr_line' id='line_1_18' title="bbox 391 1620 1966 1690; baseline 0.003 -19"><span class='ocrx_word' id='word_1_116' title='bbox 391 1626 575 1688; x_wconf 73' lang='lat' dir='ltr'><strong>gestas</strong></span> <span class='ocrx_word' id='word_1_117' title='bbox 609 1620 888 1688; x_wconf 85' lang='lat' dir='ltr'><strong>respicere</strong></span> <span class='ocrx_word' id='word_1_118' title='bbox 928 1636 1110 1674; x_wconf 86' lang='lat' dir='ltr'><strong>sermo</strong></span> <span class='ocrx_word' id='word_1_119' title='bbox 1138 1622 1316 1690; x_wconf 79' lang='lat' dir='ltr'><strong>jubet,</strong></span> <span class='ocrx_word' id='word_1_120' title='bbox 1352 1623 1446 1677; x_wconf 90' lang='lat' dir='ltr'><strong>scd</strong></span> <span class='ocrx_word' id='word_1_121' title='bbox 1485 1624 1768 1679; x_wconf 77' lang='lat' dir='ltr'><strong>recordari</strong></span> <span class='ocrx_word' id='word_1_122' title='bbox 1809 1640 1966 1679; x_wconf 86' lang='lat' dir='ltr'><strong>com-</strong></span> 
     </span>
    </p>
   </div>
   <div class='ocr_carea' id='block_1_19' title="bbox 392 1712 1967 1787">
    <p class='ocr_par' dir='ltr' id='par_1_19' title="bbox 392 1712 1967 1787">
     <span class='ocr_line' id='line_1_19' title="bbox 392 1712 1967 1787; baseline 0.003 -22"><span class='ocrx_word' id='word_1_123' title='bbox 392 1714 640 1765; x_wconf 88' lang='lat' dir='ltr'><strong>munium</strong></span> <span class='ocrx_word' id='word_1_124' title='bbox 688 1712 941 1767; x_wconf 68' lang='lat' dir='ltr'><strong>humanae</strong></span> <span class='ocrx_word' id='word_1_125' title='bbox 964 1721 1172 1768; x_wconf 66' lang='lat' dir='ltr'><strong>natura:</strong></span> <span class='ocrx_word' id='word_1_126' title='bbox 1202 1713 1537 1778; x_wconf 86' lang='lat' dir='ltr'><strong>debitorum,</strong></span> <span class='ocrx_word' id='word_1_127' title='bbox 1577 1730 1811 1785; x_wconf 89' lang='lat' dir='ltr'><strong>quorum</strong></span> <span class='ocrx_word' id='word_1_128' title='bbox 1841 1717 1967 1787; x_wconf 88' lang='lat' dir='ltr'><strong>qui-</strong></span> 
     </span>
    </p>
   </div>
   <div class='ocr_carea' id='block_1_20' title="bbox 393 1806 1968 1877">
    <p class='ocr_par' dir='ltr' id='par_1_20' title="bbox 393 1806 1968 1877">
     <span class='ocr_line' id='line_1_20' title="bbox 393 1806 1968 1877; baseline 0.005 -19"><span class='ocrx_word' id='word_1_129' title='bbox 393 1806 478 1860; x_wconf 90' lang='lat' dir='ltr'><strong>vis</strong></span> <span class='ocrx_word' id='word_1_130' title='bbox 512 1820 743 1874; x_wconf 85' lang='lat' dir='ltr'><strong>prorsus</strong></span> <span class='ocrx_word' id='word_1_131' title='bbox 768 1808 933 1861; x_wconf 86' lang='lat' dir='ltr'><strong>etiam</strong></span> <span class='ocrx_word' id='word_1_132' title='bbox 959 1808 1077 1877; x_wconf 87' lang='lat' dir='ltr'><strong>ipse</strong></span> <span class='ocrx_word' id='word_1_133' title='bbox 1104 1809 1379 1877; x_wconf 88' lang='lat' dir='ltr'><strong>particeps</strong></span> <span class='ocrx_word' id='word_1_134' title='bbox 1408 1817 1516 1874; x_wconf 89' lang='lat' dir='ltr'><strong>est,</strong></span> <span class='ocrx_word' id='word_1_135' title='bbox 1540 1818 1600 1863; x_wconf 91' lang='lat' dir='ltr'><strong>ut</strong></span> <span class='ocrx_word' id='word_1_136' title='bbox 1633 1811 1726 1877; x_wconf 93' lang='lat' dir='ltr'><strong>qui</strong></span> <span class='ocrx_word' id='word_1_137' title='bbox 1758 1820 1968 1866; x_wconf 74' lang='lat' dir='ltr'><strong>natum</strong></span> 
     </span>
    </p>
   </div>
   <div class='ocr_carea' id='block_1_21' title="bbox 400 1900 1969 1973">
    <p class='ocr_par' dir='ltr' id='par_1_21' title="bbox 400 1900 1969 1973">
     <span class='ocr_line' id='line_1_21' title="bbox 400 1900 1969 1973; baseline 0.004 -21"><span class='ocrx_word' id='word_1_138' title='bbox 400 1900 713 1955; x_wconf 86' lang='lat' dir='ltr'><strong>communis</strong></span> <span class='ocrx_word' id='word_1_139' title='bbox 762 1901 1041 1971; x_wconf 83' lang='lat' dir='ltr'><strong>particeps</strong></span> <span class='ocrx_word' id='word_1_140' title='bbox 1090 1902 1192 1968; x_wconf 87' lang='lat' dir='ltr'><strong>sit;</strong></span> <span class='ocrx_word' id='word_1_141' title='bbox 1235 1909 1291 1957; x_wconf 91' lang='lat' dir='ltr'><strong>et</strong></span> <span class='ocrx_word' id='word_1_142' title='bbox 1342 1916 1540 1973; x_wconf 80' lang='lat' dir='ltr'><strong>rogare</strong></span> <span class='ocrx_word' id='word_1_143' title='bbox 1578 1902 1843 1972; x_wconf 88' lang='lat' dir='ltr'><strong>judicem,</strong></span> <span class='ocrx_word' id='word_1_144' title='bbox 1909 1911 1969 1958; x_wconf 91' lang='lat' dir='ltr'><strong>ut</strong></span> 
     </span>
    </p>
   </div>
   <div class='ocr_carea' id='block_1_22' title="bbox 393 1990 1965 2063">
    <p class='ocr_par' dir='ltr' id='par_1_22' title="bbox 393 1990 1965 2063">
     <span class='ocr_line' id='line_1_22' title="bbox 393 1990 1965 2063; baseline 0.003 -20"><span class='ocrx_word' id='word_1_145' title='bbox 393 1990 751 2046; x_wconf 83' lang='lat' dir='ltr'><strong>abolitionem</strong></span> <span class='ocrx_word' id='word_1_146' title='bbox 784 1998 841 2045; x_wconf 91' lang='lat' dir='ltr'><strong>et</strong></span> <span class='ocrx_word' id='word_1_147' title='bbox 875 1991 1256 2062; x_wconf 86' lang='lat' dir='ltr'><strong>impunitatem</strong></span> <span class='ocrx_word' id='word_1_148' title='bbox 1298 1991 1628 2047; x_wconf 90' lang='lat' dir='ltr'><strong>delictorum</strong></span> <span class='ocrx_word' id='word_1_149' title='bbox 1676 1993 1965 2063; x_wconf 80' lang='lat' dir='ltr'><strong>largiatur.</strong></span> 
     </span>
    </p>
   </div>
   <div class='ocr_carea' id='block_1_23' title="bbox 392 2081 1968 2154">
    <p class='ocr_par' dir='ltr' id='par_1_23' title="bbox 392 2081 1968 2154">
     <span class='ocr_line' id='line_1_23' title="bbox 392 2081 1968 2154; baseline 0.002 -20"><span class='ocrx_word' id='word_1_150' title='bbox 392 2081 560 2147; x_wconf 85' lang='lat' dir='ltr'><strong>Quasi</strong></span> <span class='ocrx_word' id='word_1_151' title='bbox 594 2082 741 2136; x_wconf 88' lang='lat' dir='ltr'><strong>enim</strong></span> <span class='ocrx_word' id='word_1_152' title='bbox 797 2083 1013 2137; x_wconf 87' lang='lat' dir='ltr'><strong>vivente</strong></span> <span class='ocrx_word' id='word_1_153' title='bbox 1066 2083 1122 2138; x_wconf 92' lang='lat' dir='ltr'><strong>in</strong></span> <span class='ocrx_word' id='word_1_154' title='bbox 1163 2083 1327 2139; x_wconf 85' lang='lat' dir='ltr'><strong>nobis</strong></span> <span class='ocrx_word' id='word_1_155' title='bbox 1364 2084 1593 2150; x_wconf 82' lang='lat' dir='ltr'><strong>Adamo,</strong></span> <span class='ocrx_word' id='word_1_156' title='bbox 1642 2083 1968 2154; x_wconf 77' lang='lat' dir='ltr'><strong>singulatim</strong></span> 
     </span>
    </p>
   </div>
   <div class='ocr_carea' id='block_1_24' title="bbox 390 2172 1971 2244">
    <p class='ocr_par' dir='ltr' id='par_1_24' title="bbox 390 2172 1971 2244">
     <span class='ocr_line' id='line_1_24' title="bbox 390 2172 1971 2244; baseline 0.003 -17"><span class='ocrx_word' id='word_1_157' title='bbox 390 2187 588 2229; x_wconf 88' lang='lat' dir='ltr'><strong>omnes</strong></span> <span class='ocrx_word' id='word_1_158' title='bbox 646 2172 897 2230; x_wconf 83' lang='lat' dir='ltr'><strong>homines</strong></span> <span class='ocrx_word' id='word_1_159' title='bbox 960 2173 1205 2244; x_wconf 90' lang='lat' dir='ltr'><strong>quandiu</strong></span> <span class='ocrx_word' id='word_1_160' title='bbox 1270 2174 1529 2244; x_wconf 88' lang='lat' dir='ltr'><strong>pelliccas</strong></span> <span class='ocrx_word' id='word_1_161' title='bbox 1588 2176 1688 2231; x_wconf 86' lang='lat' dir='ltr'><strong>has</strong></span> <span class='ocrx_word' id='word_1_162' title='bbox 1750 2177 1971 2232; x_wconf 85' lang='lat' dir='ltr'><strong>tunicas</strong></span> 
     </span>
    </p>
   </div>
   <div class='ocr_carea' id='block_1_25' title="bbox 394 2266 1970 2339">
    <p class='ocr_par' dir='ltr' id='par_1_25' title="bbox 394 2266 1970 2339">
     <span class='ocr_line' id='line_1_25' title="bbox 394 2266 1970 2339; baseline 0.003 -20"><span class='ocrx_word' id='word_1_163' title='bbox 394 2266 544 2319; x_wconf 83' lang='lat' dir='ltr'><strong>circa</strong></span> <span class='ocrx_word' id='word_1_164' title='bbox 601 2275 858 2319; x_wconf 86' lang='lat' dir='ltr'><strong>naturam</strong></span> <span class='ocrx_word' id='word_1_165' title='bbox 914 2273 1163 2320; x_wconf 87' lang='lat' dir='ltr'><strong>nostram</strong></span> <span class='ocrx_word' id='word_1_166' title='bbox 1212 2266 1485 2331; x_wconf 85' lang='lat' dir='ltr'><strong>videmus,</strong></span> <span class='ocrx_word' id='word_1_167' title='bbox 1526 2277 1579 2321; x_wconf 90' lang='lat' dir='ltr'><strong>et</strong></span> <span class='ocrx_word' id='word_1_168' title='bbox 1639 2270 1970 2339; x_wconf 86' lang='lat' dir='ltr'><strong>temporaria</strong></span> 
     </span>
    </p>
   </div>
   <div class='ocr_carea' id='block_1_26' title="bbox 394 2355 1971 2430">
    <p class='ocr_par' dir='ltr' id='par_1_26' title="bbox 394 2355 1971 2430">
     <span class='ocr_line' id='line_1_26' title="bbox 394 2355 1971 2430; baseline 0.005 -21"><span class='ocrx_word' id='word_1_169' title='bbox 394 2355 525 2410; x_wconf 82' lang='lat' dir='ltr'><strong>folia</strong></span> <span class='ocrx_word' id='word_1_170' title='bbox 554 2355 853 2413; x_wconf 85' lang='lat' dir='ltr'><strong>materialis</strong></span> <span class='ocrx_word' id='word_1_171' title='bbox 906 2356 1071 2427; x_wconf 88' lang='lat' dir='ltr'><strong>hujus</strong></span> <span class='ocrx_word' id='word_1_172' title='bbox 1124 2357 1271 2420; x_wconf 66' lang='lat' dir='ltr'><strong>vitae,</strong></span> <span class='ocrx_word' id='word_1_173' title='bbox 1330 2373 1455 2427; x_wconf 56' lang='lat' dir='ltr'><strong>quas</strong></span> <span class='ocrx_word' id='word_1_174' title='bbox 1489 2358 1681 2413; x_wconf 86' lang='lat' dir='ltr'><strong>nudati</strong></span> <span class='ocrx_word' id='word_1_175' title='bbox 1727 2361 1971 2430; x_wconf 87' lang='lat' dir='ltr'><strong>propriis</strong></span> 
     </span>
    </p>
   </div>
   <div class='ocr_carea' id='block_1_27' title="bbox 393 2446 1970 2521">
    <p class='ocr_par' dir='ltr' id='par_1_27' title="bbox 393 2446 1970 2521">
     <span class='ocr_line' id='line_1_27' title="bbox 393 2446 1970 2521; baseline 0.003 -20"><span class='ocrx_word' id='word_1_176' title='bbox 393 2446 574 2516; x_wconf 87' lang='lat' dir='ltr'><strong>iisque</strong></span> <span class='ocrx_word' id='word_1_177' title='bbox 603 2447 904 2518; x_wconf 87' lang='lat' dir='ltr'><strong>splendidis</strong></span> <span class='ocrx_word' id='word_1_178' title='bbox 933 2447 1272 2505; x_wconf 88' lang='lat' dir='ltr'><strong>indumentis</strong></span> <span class='ocrx_word' id='word_1_179' title='bbox 1301 2450 1444 2504; x_wconf 88' lang='lat' dir='ltr'><strong>male</strong></span> <span class='ocrx_word' id='word_1_180' title='bbox 1478 2449 1638 2506; x_wconf 84' lang='lat' dir='ltr'><strong>nobis</strong></span> <span class='ocrx_word' id='word_1_181' title='bbox 1667 2452 1805 2521; x_wconf 90' lang='lat' dir='ltr'><strong>ipsis</strong></span> <span class='ocrx_word' id='word_1_182' title='bbox 1831 2467 1970 2507; x_wconf 90' lang='lat' dir='ltr'><strong>con-</strong></span> 
     </span>
    </p>
   </div>
   <div class='ocr_carea' id='block_1_28' title="bbox 396 2539 1972 2609">
    <p class='ocr_par' dir='ltr' id='par_1_28' title="bbox 396 2539 1972 2609">
     <span class='ocr_line' id='line_1_28' title="bbox 396 2539 1972 2609; baseline 0.002 -14"><span class='ocrx_word' id='word_1_183' title='bbox 396 2539 634 2601; x_wconf 86' lang='lat' dir='ltr'><strong>suimus,</strong></span> <span class='ocrx_word' id='word_1_184' title='bbox 663 2553 789 2593; x_wconf 88' lang='lat' dir='ltr'><strong>cum</strong></span> <span class='ocrx_word' id='word_1_185' title='bbox 818 2539 1057 2602; x_wconf 89' lang='lat' dir='ltr'><strong>deliciis,</strong></span> <span class='ocrx_word' id='word_1_186' title='bbox 1088 2539 1301 2609; x_wconf 77' lang='lat' dir='ltr'><strong>gloriis,</strong></span> <span class='ocrx_word' id='word_1_187' title='bbox 1339 2541 1532 2596; x_wconf 86' lang='lat' dir='ltr'><strong>diariis</strong></span> <span class='ocrx_word' id='word_1_188' title='bbox 1555 2542 1881 2604; x_wconf 89' lang='lat' dir='ltr'><strong>honoribus.</strong></span> <span class='ocrx_word' id='word_1_189' title='bbox 1917 2551 1972 2600; x_wconf 91' lang='lat' dir='ltr'><strong>et</strong></span> 
     </span>
    </p>
   </div>
   <div class='ocr_carea' id='block_1_29' title="bbox 396 2630 1973 2701">
    <p class='ocr_par' dir='ltr' id='par_1_29' title="bbox 396 2630 1973 2701">
     <span class='ocr_line' id='line_1_29' title="bbox 396 2630 1973 2701; baseline 0.004 -16"><span class='ocrx_word' id='word_1_190' title='bbox 396 2630 549 2686; x_wconf 81' lang='lat' dir='ltr'><strong>brevi</strong></span> <span class='ocrx_word' id='word_1_191' title='bbox 582 2630 913 2686; x_wconf 89' lang='lat' dir='ltr'><strong>durantibus</strong></span> <span class='ocrx_word' id='word_1_192' title='bbox 939 2631 1128 2686; x_wconf 88' lang='lat' dir='ltr'><strong>carnis</strong></span> <span class='ocrx_word' id='word_1_193' title='bbox 1155 2631 1565 2701; x_wconf 80' lang='lat' dir='ltr'><strong>expletionibus</strong></span> <span class='ocrx_word' id='word_1_194' title='bbox 1585 2633 1805 2691; x_wconf 91' lang='lat' dir='ltr'><strong>divinos</strong></span> <span class='ocrx_word' id='word_1_195' title='bbox 1833 2638 1973 2691; x_wconf 86' lang='lat' dir='ltr'><strong>ami-</strong></span> 
     </span>
    </p>
   </div>
   <div class='ocr_carea' id='block_1_30' title="bbox 397 2722 1969 2795">
    <p class='ocr_par' dir='ltr' id='par_1_30' title="bbox 397 2722 1969 2795">
     <span class='ocr_line' id='line_1_30' title="bbox 397 2722 1969 2795; baseline 0.003 -19"><span class='ocrx_word' id='word_1_196' title='bbox 397 2731 520 2778; x_wconf 88' lang='lat' dir='ltr'><strong>ctus</strong></span> <span class='ocrx_word' id='word_1_197' title='bbox 550 2722 984 2792; x_wconf 86' lang='lat' dir='ltr'><strong>permutavimus</strong></span> <span class='ocrx_word' id='word_1_198' title='bbox 1014 2741 1029 2789; x_wconf 89' lang='lat'><strong>;</strong></span> <span class='ocrx_word' id='word_1_199' title='bbox 1063 2724 1238 2778; x_wconf 87' lang='lat' dir='ltr'><strong>donec</strong></span> <span class='ocrx_word' id='word_1_200' title='bbox 1264 2723 1395 2779; x_wconf 88' lang='lat' dir='ltr'><strong>item</strong></span> <span class='ocrx_word' id='word_1_201' title='bbox 1429 2724 1741 2782; x_wconf 84' lang='lat' dir='ltr'><strong>amictionis</strong></span> <span class='ocrx_word' id='word_1_202' title='bbox 1765 2728 1969 2795; x_wconf 90' lang='lat' dir='ltr'><strong>locum,</strong></span> 
     </span>
    </p>
   </div>
   <div class='ocr_carea' id='block_1_31' title="bbox 396 2814 1967 2884">
    <p class='ocr_par' dir='ltr' id='par_1_31' title="bbox 396 2814 1967 2884">
     <span class='ocr_line' id='line_1_31' title="bbox 396 2814 1967 2884; baseline 0.004 -16"><span class='ocrx_word' id='word_1_203' title='bbox 396 2814 465 2869; x_wconf 83' lang='lat' dir='ltr'><strong>ad</strong></span> <span class='ocrx_word' id='word_1_204' title='bbox 493 2830 654 2884; x_wconf 89' lang='lat' dir='ltr'><strong>quem</strong></span> <span class='ocrx_word' id='word_1_205' title='bbox 680 2815 1023 2869; x_wconf 89' lang='lat' dir='ltr'><strong>iucolendum</strong></span> <span class='ocrx_word' id='word_1_206' title='bbox 1050 2816 1400 2870; x_wconf 90' lang='lat' dir='ltr'><strong>condemnati</strong></span> <span class='ocrx_word' id='word_1_207' title='bbox 1420 2832 1635 2878; x_wconf 88' lang='lat' dir='ltr'><strong>sumus.</strong></span> <span class='ocrx_word' id='word_1_208' title='bbox 1658 2819 1967 2875; x_wconf 86' lang='lat' dir='ltr'><strong>intuemur:</strong></span> 
     </span>
    </p>
   </div>
   <div class='ocr_carea' id='block_1_32' title="bbox 395 2907 1961 2982">
    <p class='ocr_par' dir='ltr' id='par_1_32' title="bbox 395 2907 1961 2982">
     <span class='ocr_line' id='line_1_32' title="bbox 395 2907 1961 2982; baseline 0.004 -22"><span class='ocrx_word' id='word_1_209' title='bbox 395 2907 615 2977; x_wconf 88' lang='lat' dir='ltr'><strong>quando</strong></span> <span class='ocrx_word' id='word_1_210' title='bbox 644 2907 712 2961; x_wconf 89' lang='lat' dir='ltr'><strong>ad</strong></span> <span class='ocrx_word' id='word_1_211' title='bbox 741 2908 1009 2963; x_wconf 88' lang='lat' dir='ltr'><strong>orientem</strong></span> <span class='ocrx_word' id='word_1_212' title='bbox 1046 2922 1147 2963; x_wconf 91' lang='lat' dir='ltr'><strong>nos</strong></span> <span class='ocrx_word' id='word_1_213' title='bbox 1176 2909 1613 2966; x_wconf 83' lang='lat' dir='ltr'><strong>converterimus</strong></span> <span class='ocrx_word' id='word_1_214' title='bbox 1643 2910 1777 2979; x_wconf 89' lang='lat' dir='ltr'><strong>(non</strong></span> <span class='ocrx_word' id='word_1_215' title='bbox 1814 2912 1961 2982; x_wconf 89' lang='lat' dir='ltr'><strong>quod</strong></span> 
     </span>
    </p>
   </div>
   <div class='ocr_carea' id='block_1_33' title="bbox 280 2988 1969 3072">
    <p class='ocr_par' dir='ltr' id='par_1_33' title="bbox 280 2988 1969 3072">
     <span class='ocr_line' id='line_1_33' title="bbox 280 2988 1969 3072; baseline 0.002 -19"><span class='ocrx_word' id='word_1_216' title='bbox 280 2988 285 2995; x_wconf 38' lang='grc'><strong>⁸</strong></span> <span class='ocrx_word' id='word_1_217' title='bbox 396 2998 542 3055; x_wconf 87' lang='lat' dir='ltr'><strong>Deus</strong></span> <span class='ocrx_word' id='word_1_218' title='bbox 576 2999 690 3053; x_wconf 92' lang='lat' dir='ltr'><strong>illic</strong></span> <span class='ocrx_word' id='word_1_219' title='bbox 730 2998 999 3053; x_wconf 76' lang='lat' dir='ltr'><strong>duntaxat</strong></span> <span class='ocrx_word' id='word_1_220' title='bbox 1030 3000 1316 3056; x_wconf 85' lang='lat' dir='ltr'><strong>videatur:</strong></span> <span class='ocrx_word' id='word_1_221' title='bbox 1346 3002 1437 3072; x_wconf 86' lang='lat' dir='ltr'><strong>qui</strong></span> <span class='ocrx_word' id='word_1_222' title='bbox 1466 3003 1612 3055; x_wconf 89' lang='lat' dir='ltr'><strong>enim</strong></span> <span class='ocrx_word' id='word_1_223' title='bbox 1640 3003 1843 3072; x_wconf 90' lang='lat' dir='ltr'><strong>ubique</strong></span> <span class='ocrx_word' id='word_1_224' title='bbox 1863 3012 1969 3070; x_wconf 92' lang='lat' dir='ltr'><strong>est,</strong></span> 
     </span>
    </p>
   </div>
   <div class='ocr_carea' id='block_1_34' title="bbox 2067 518 3637 595">
    <p class='ocr_par' dir='ltr' id='par_1_34' title="bbox 2067 518 3637 595">
     <span class='ocr_line' id='line_1_34' title="bbox 2067 518 3637 595; baseline -0.006 -23"><span class='ocrx_word' id='word_1_225' title='bbox 2067 518 2121 572; x_wconf 84' lang='grc' dir='ltr'><strong>τί</strong></span> <span class='ocrx_word' id='word_1_226' title='bbox 2147 523 2411 591; x_wconf 77' lang='grc' dir='ltr'>χρήσαιτο</span> <span class='ocrx_word' id='word_1_227' title='bbox 2436 523 2502 591; x_wconf 79' lang='grc' dir='ltr'><strong>τῇ</strong></span> <span class='ocrx_word' id='word_1_228' title='bbox 2535 519 2757 594; x_wconf 82' lang='grc' dir='ltr'>τοιαύτῃ</span> <span class='ocrx_word' id='word_1_229' title='bbox 2786 525 2936 593; x_wconf 72' lang='grc' dir='ltr'>φωνῇ</span> <span class='ocrx_word' id='word_1_230' title='bbox 2959 561 2972 585; x_wconf 90' lang='grc'><strong>,</strong></span> <span class='ocrx_word' id='word_1_231' title='bbox 3003 525 3069 595; x_wconf 80' lang='grc' dir='ltr'><strong>τῇ</strong></span> <span class='ocrx_word' id='word_1_232' title='bbox 3100 524 3520 595; x_wconf 75' lang='grc' dir='ltr'>παραιτουμένῃ</span> <span class='ocrx_word' id='word_1_233' title='bbox 3546 526 3637 574; x_wconf 56' lang='grc' dir='ltr'><strong>αξ-</strong></span> 
     </span>
    </p>
   </div>
   <div class='ocr_carea' id='block_1_35' title="bbox 2066 608 3638 685">
    <p class='ocr_par' dir='ltr' id='par_1_35' title="bbox 2066 608 3638 685">
     <span class='ocr_line' id='line_1_35' title="bbox 2066 608 3638 685; baseline 0.002 -22"><span class='ocrx_word' id='word_1_234' title='bbox 2066 610 2158 664; x_wconf 83' lang='grc' dir='ltr'><strong>τὸν</strong></span> <span class='ocrx_word' id='word_1_235' title='bbox 2183 612 2291 665; x_wconf 80' lang='grc' dir='ltr'><strong>ἀπὸ</strong></span> <span class='ocrx_word' id='word_1_236' title='bbox 2332 612 2440 666; x_wconf 87' lang='grc' dir='ltr'><strong>τῶν</strong></span> <span class='ocrx_word' id='word_1_237' title='bbox 2487 612 2853 683; x_wconf 76' lang='grc' dir='ltr'>ὀφλημάτωνς</span> <span class='ocrx_word' id='word_1_238' title='bbox 2884 608 2955 684; x_wconf 78' lang='grc' dir='ltr'>ᾯ</span> <span class='ocrx_word' id='word_1_239' title='bbox 3003 631 3068 685; x_wconf 81' lang='grc' dir='ltr'>γε</span> <span class='ocrx_word' id='word_1_240' title='bbox 3087 615 3237 669; x_wconf 72' lang='grc' dir='ltr'>οὐδὲν</span> <span class='ocrx_word' id='word_1_241' title='bbox 3261 612 3322 678; x_wconf 78' lang='grc' dir='ltr'>ἐξ</span> <span class='ocrx_word' id='word_1_242' title='bbox 3367 615 3638 684; x_wconf 82' lang='grc' dir='ltr'>ἁμαρτίας</span> 
     </span>
    </p>
   </div>
   <div class='ocr_carea' id='block_1_36' title="bbox 2067 702 3640 777">
    <p class='ocr_par' dir='ltr' id='par_1_36' title="bbox 2067 702 3640 777">
     <span class='ocr_line' id='line_1_36' title="bbox 2067 702 3640 777; baseline 0.001 -22"><span class='ocrx_word' id='word_1_243' title='bbox 2067 702 2318 774; x_wconf 50' lang='lat' dir='ltr'><strong>(apium;</strong></span> <span class='ocrx_word' id='word_1_244' title='bbox 2360 705 2448 767; x_wconf 82' lang='grc' dir='ltr'><strong>Ὦς</strong></span> <span class='ocrx_word' id='word_1_245' title='bbox 2483 706 2551 758; x_wconf 86' lang='grc' dir='ltr'>ἂν</span> <span class='ocrx_word' id='word_1_246' title='bbox 2582 707 2657 776; x_wconf 86' lang='grc' dir='ltr'>μή</span> <span class='ocrx_word' id='word_1_247' title='bbox 2707 722 2790 768; x_wconf 89' lang='grc' dir='ltr'>τις</span> <span class='ocrx_word' id='word_1_248' title='bbox 2842 703 2976 776; x_wconf 80' lang='grc' dir='ltr'>πρὸς</span> <span class='ocrx_word' id='word_1_249' title='bbox 3021 705 3092 759; x_wconf 83' lang='grc' dir='ltr'><strong>τὰ</strong></span> <span class='ocrx_word' id='word_1_250' title='bbox 3143 706 3373 760; x_wconf 81' lang='grc' dir='ltr'>τοιαῦτα</span> <span class='ocrx_word' id='word_1_251' title='bbox 3429 705 3640 777; x_wconf 70' lang='grc' dir='ltr'>βλέπων</span> 
     </span>
    </p>
   </div>
   <div class='ocr_carea' id='block_1_37' title="bbox 2068 797 3640 870">
    <p class='ocr_par' dir='ltr' id='par_1_37' title="bbox 2068 797 3640 870">
     <span class='ocr_line' id='line_1_37' title="bbox 2068 797 3640 870; baseline 0 -19"><span class='ocrx_word' id='word_1_252' title='bbox 2068 797 2524 861; x_wconf 66' lang='grc' dir='ltr'>ἀπαυθαδιάξοιτο</span> <span class='ocrx_word' id='word_1_253' title='bbox 2558 802 2700 854; x_wconf 83' lang='grc' dir='ltr'>κατὰ</span> <span class='ocrx_word' id='word_1_254' title='bbox 2727 801 2816 853; x_wconf 85' lang='grc' dir='ltr'>τὸν</span> <span class='ocrx_word' id='word_1_255' title='bbox 2844 801 3133 870; x_wconf 76' lang='grc' dir='ltr'><strong>Φαρισαῖον</strong></span> <span class='ocrx_word' id='word_1_256' title='bbox 3158 802 3387 864; x_wconf 77' lang='grc' dir='ltr'>ἐκεῖνον,</span> <span class='ocrx_word' id='word_1_257' title='bbox 3416 800 3515 853; x_wconf 78' lang='grc' dir='ltr'>τὸν</span> <span class='ocrx_word' id='word_1_258' title='bbox 3540 800 3640 851; x_wconf 61' lang='grc' dir='ltr'>οόδ’</span> 
     </span>
    </p>
   </div>
   <div class='ocr_carea' id='block_1_38' title="bbox 2068 885 3642 963">
    <p class='ocr_par' dir='ltr' id='par_1_38' title="bbox 2068 885 3642 963">
     <span class='ocr_line' id='line_1_38' title="bbox 2068 885 3642 963; baseline 0.001 -22"><span class='ocrx_word' id='word_1_259' title='bbox 2068 888 2096 941; x_wconf 83' lang='grc' dir='ltr'>ὅ</span> <span class='ocrx_word' id='word_1_260' title='bbox 2115 906 2167 943; x_wconf 90' lang='grc' dir='ltr'><strong>τι</strong></span> <span class='ocrx_word' id='word_1_261' title='bbox 2186 885 2254 960; x_wconf 79' lang='grc' dir='ltr'>ἦν</span> <span class='ocrx_word' id='word_1_262' title='bbox 2273 887 2414 942; x_wconf 82' lang='grc' dir='ltr'>κατὰ</span> <span class='ocrx_word' id='word_1_263' title='bbox 2432 888 2530 962; x_wconf 81' lang='grc' dir='ltr'>τὴν</span> <span class='ocrx_word' id='word_1_264' title='bbox 2549 890 2708 960; x_wconf 86' lang='grc' dir='ltr'>φύσιν</span> <span class='ocrx_word' id='word_1_265' title='bbox 2734 891 3182 960; x_wconf 69' lang='grc' dir='ltr'>ἑπιγινώσκοντα,</span> <span class='ocrx_word' id='word_1_266' title='bbox 3203 894 3252 945; x_wconf 87' lang='grc' dir='ltr'><strong>εἰ</strong></span> <span class='ocrx_word' id='word_1_267' title='bbox 3278 893 3391 963; x_wconf 79' lang='grc' dir='ltr'><strong>γὰρ</strong></span> <span class='ocrx_word' id='word_1_268' title='bbox 3410 891 3642 960; x_wconf 75' lang='grc' dir='ltr'>ἐγνώκει</span> 
     </span>
    </p>
   </div>
   <div class='ocr_carea' id='block_1_39' title="bbox 2067 978 3642 1055">
    <p class='ocr_par' dir='ltr' id='par_1_39' title="bbox 2067 978 3642 1055">
     <span class='ocr_line' id='line_1_39' title="bbox 2067 978 3642 1055; baseline 0 -20"><span class='ocrx_word' id='word_1_269' title='bbox 2067 982 2150 1035; x_wconf 80' lang='grc' dir='ltr'><strong>ὅτι</strong></span> <span class='ocrx_word' id='word_1_270' title='bbox 2172 983 2459 1053; x_wconf 76' lang='grc' dir='ltr'>ἄνθρωπος</span> <span class='ocrx_word' id='word_1_271' title='bbox 2485 978 2576 1055; x_wconf 85' lang='grc' dir='ltr'>ἦν,</span> <span class='ocrx_word' id='word_1_272' title='bbox 2611 984 2830 1046; x_wconf 79' lang='grc' dir='ltr'>πάντως</span> <span class='ocrx_word' id='word_1_273' title='bbox 2864 982 2932 1037; x_wconf 81' lang='grc' dir='ltr'>ἂν</span> <span class='ocrx_word' id='word_1_274' title='bbox 2982 983 3041 1036; x_wconf 86' lang='grc' dir='ltr'><strong>τὸ</strong></span> <span class='ocrx_word' id='word_1_275' title='bbox 3072 984 3146 1055; x_wconf 81' lang='grc' dir='ltr'>μὴ</span> <span class='ocrx_word' id='word_1_276' title='bbox 3178 982 3509 1055; x_wconf 82' lang='grc' dir='ltr'><strong>καθαρεύειν</strong></span> <span class='ocrx_word' id='word_1_277' title='bbox 3538 983 3642 1036; x_wconf 73' lang='grc' dir='ltr'>ἀπὸ</span> 
     </span>
    </p>
   </div>
   <div class='ocr_carea' id='block_1_40' title="bbox 2072 1074 3640 1153">
    <p class='ocr_par' dir='ltr' id='par_1_40' title="bbox 2072 1074 3640 1153">
     <span class='ocr_line' id='line_1_40' title="bbox 2072 1074 3640 1153; baseline 0.001 -26"><span class='ocrx_word' id='word_1_278' title='bbox 2072 1074 2243 1145; x_wconf 76' lang='grc' dir='ltr'>ῥύπου</span> <span class='ocrx_word' id='word_1_279' title='bbox 2275 1076 2374 1145; x_wconf 82' lang='grc' dir='ltr'><strong>τὴν</strong></span> <span class='ocrx_word' id='word_1_280' title='bbox 2411 1074 2571 1143; x_wconf 83' lang='grc' dir='ltr'>φύσιν</span> <span class='ocrx_word' id='word_1_281' title='bbox 2601 1075 2753 1146; x_wconf 77' lang='grc' dir='ltr'>παρὰ</span> <span class='ocrx_word' id='word_1_282' title='bbox 2790 1077 2889 1147; x_wconf 81' lang='grc' dir='ltr'>τῆς</span> <span class='ocrx_word' id='word_1_283' title='bbox 2916 1077 3079 1144; x_wconf 81' lang='grc' dir='ltr'>ἁγίας</span> <span class='ocrx_word' id='word_1_284' title='bbox 3107 1075 3353 1146; x_wconf 76' lang='grc' dir='ltr'><strong>ἐδιδάχθη</strong></span> <span class='ocrx_word' id='word_1_285' title='bbox 3392 1076 3640 1153; x_wconf 67' lang='grc' dir='ltr'>Γραφῆς,</span> 
     </span>
    </p>
   </div>
   <div class='ocr_carea' id='block_1_41' title="bbox 2067 1164 3644 1237">
    <p class='ocr_par' dir='ltr' id='par_1_41' title="bbox 2067 1164 3644 1237">
     <span class='ocr_line' id='line_1_41' title="bbox 2067 1164 3644 1237; baseline -0.011 -2"><span class='ocrx_word' id='word_1_286' title='bbox 2067 1167 2102 1236; x_wconf 74' lang='grc' dir='ltr'>ἦ</span> <span class='ocrx_word' id='word_1_287' title='bbox 2135 1183 2289 1237; x_wconf 82' lang='grc' dir='ltr'><strong>φησι·</strong></span> <span class='ocrx_word' id='word_1_288' title='bbox 2320 1165 2624 1236; x_wconf 81' lang='grc' dir='ltr'>Μηδεμιᾶς</span> <span class='ocrx_word' id='word_1_289' title='bbox 2649 1166 2877 1236; x_wconf 73' lang='grc' dir='ltr'>ἡμέρας</span> <span class='ocrx_word' id='word_1_290' title='bbox 2903 1166 3013 1235; x_wconf 77' lang='grc' dir='ltr'><strong>ζῇν</strong></span> <span class='ocrx_word' id='word_1_291' title='bbox 3037 1167 3297 1220; x_wconf 59' lang='grc' dir='ltr'>δυνατὸν</span> <span class='ocrx_word' id='word_1_292' title='bbox 3315 1164 3474 1220; x_wconf 76' lang='grc' dir='ltr'>εἶναι</span> <span class='ocrx_word' id='word_1_293' title='bbox 3502 1166 3644 1235; x_wconf 72' lang='grc' dir='ltr'>δίχα</span> 
     </span>
    </p>
   </div>
   <div class='ocr_carea' id='block_1_42' title="bbox 2067 1255 3645 1329">
    <p class='ocr_par' dir='ltr' id='par_1_42' title="bbox 2067 1255 3645 1329">
     <span class='ocr_line' id='line_1_42' title="bbox 2067 1255 3645 1329; baseline 0.001 -19"><span class='ocrx_word' id='word_1_294' title='bbox 2067 1257 2316 1325; x_wconf 51' lang='lat' dir='ltr'><strong>senatch</strong></span> <span class='ocrx_word' id='word_1_295' title='bbox 2346 1258 2440 1311; x_wconf 73' lang='grc' dir='ltr'><strong>ἐπ’</strong></span> <span class='ocrx_word' id='word_1_296' title='bbox 2485 1256 2772 1325; x_wconf 80' lang='grc' dir='ltr'><strong>ἀνθρώπῳ</strong></span> <span class='ocrx_word' id='word_1_297' title='bbox 2815 1257 3033 1325; x_wconf 79' lang='grc' dir='ltr'><strong>εὑρεῖν.</strong></span> <span class='ocrx_word' id='word_1_298' title='bbox 3076 1258 3162 1321; x_wconf 85' lang='grc' dir='ltr'>Ὠς</span> <span class='ocrx_word' id='word_1_299' title='bbox 3210 1260 3275 1312; x_wconf 74' lang='grc' dir='ltr'>ἂν</span> <span class='ocrx_word' id='word_1_300' title='bbox 3325 1255 3421 1312; x_wconf 78' lang='grc' dir='ltr'>οὖν</span> <span class='ocrx_word' id='word_1_301' title='bbox 3475 1258 3645 1329; x_wconf 72' lang='grc' dir='ltr'>μηδὲν</span> 
     </span>
    </p>
   </div>
   <div class='ocr_carea' id='block_1_43' title="bbox 2066 1348 3645 1421">
    <p class='ocr_par' dir='ltr' id='par_1_43' title="bbox 2066 1348 3645 1421">
     <span class='ocr_line' id='line_1_43' title="bbox 2066 1348 3645 1421; baseline 0.001 -20"><span class='ocrx_word' id='word_1_302' title='bbox 2066 1349 2306 1401; x_wconf 78' lang='grc' dir='ltr'>τοιοῦτον</span> <span class='ocrx_word' id='word_1_303' title='bbox 2336 1350 2462 1420; x_wconf 78' lang='grc' dir='ltr'>περὶ</span> <span class='ocrx_word' id='word_1_304' title='bbox 2504 1351 2604 1418; x_wconf 80' lang='grc' dir='ltr'><strong>τὴν</strong></span> <span class='ocrx_word' id='word_1_305' title='bbox 2630 1348 2810 1420; x_wconf 70' lang='grc' dir='ltr'>ψυχὴν</span> <span class='ocrx_word' id='word_1_306' title='bbox 2846 1349 2939 1402; x_wconf 82' lang='grc' dir='ltr'>τοῦ</span> <span class='ocrx_word' id='word_1_307' title='bbox 2967 1349 3055 1402; x_wconf 83' lang='grc' dir='ltr'>διὰ</span> <span class='ocrx_word' id='word_1_308' title='bbox 3085 1350 3393 1420; x_wconf 73' lang='grc' dir='ltr'><strong>προσευχῆς</strong></span> <span class='ocrx_word' id='word_1_309' title='bbox 3417 1350 3500 1421; x_wconf 81' lang='grc' dir='ltr'>τῷ</span> <span class='ocrx_word' id='word_1_310' title='bbox 3526 1352 3645 1421; x_wconf 75' lang='grc' dir='ltr'><strong>Θεῷ</strong></span> 
     </span>
    </p>
   </div>
   <div class='ocr_carea' id='block_1_44' title="bbox 2069 1440 3647 1512">
    <p class='ocr_par' dir='ltr' id='par_1_44' title="bbox 2069 1440 3647 1512">
     <span class='ocr_line' id='line_1_44' title="bbox 2069 1440 3647 1512; baseline 0.003 -19"><span class='ocrx_word' id='word_1_311' title='bbox 2069 1440 2382 1510; x_wconf 82' lang='grc' dir='ltr'><strong>προσιόντος</strong></span> <span class='ocrx_word' id='word_1_312' title='bbox 2432 1440 2705 1509; x_wconf 68' lang='grc' dir='ltr'>ἐγγένοιτο</span> <span class='ocrx_word' id='word_1_313' title='bbox 2728 1479 2743 1505; x_wconf 92' lang='grc'><strong>,</strong></span> <span class='ocrx_word' id='word_1_314' title='bbox 2804 1440 2880 1511; x_wconf 80' lang='grc' dir='ltr'>μὴ</span> <span class='ocrx_word' id='word_1_315' title='bbox 2932 1440 3068 1511; x_wconf 80' lang='grc' dir='ltr'>πρὸς</span> <span class='ocrx_word' id='word_1_316' title='bbox 3119 1440 3189 1494; x_wconf 80' lang='grc' dir='ltr'><strong>τὰ</strong></span> <span class='ocrx_word' id='word_1_317' title='bbox 3240 1440 3647 1512; x_wconf 68' lang='grc' dir='ltr'><strong>κατορθώματα</strong></span> 
     </span>
    </p>
   </div>
   <div class='ocr_carea' id='block_1_45' title="bbox 2070 1530 3646 1605">
    <p class='ocr_par' dir='ltr' id='par_1_45' title="bbox 2070 1530 3646 1605">
     <span class='ocr_line' id='line_1_45' title="bbox 2070 1530 3646 1605; baseline 0.003 -23"><span class='ocrx_word' id='word_1_318' title='bbox 2070 1530 2287 1601; x_wconf 76' lang='grc' dir='ltr'><strong>βλέπειν</strong></span> <span class='ocrx_word' id='word_1_319' title='bbox 2312 1533 2343 1584; x_wconf 82' lang='grc' dir='ltr'><strong>ὁ</strong></span> <span class='ocrx_word' id='word_1_320' title='bbox 2365 1531 2519 1599; x_wconf 79' lang='grc' dir='ltr'>λόγος</span> <span class='ocrx_word' id='word_1_321' title='bbox 2542 1533 2847 1603; x_wconf 80' lang='grc' dir='ltr'>παρεγγυᾷ,</span> <span class='ocrx_word' id='word_1_322' title='bbox 2869 1531 2983 1584; x_wconf 84' lang='grc' dir='ltr'>ἀλλ’</span> <span class='ocrx_word' id='word_1_323' title='bbox 3016 1532 3497 1603; x_wconf 54' lang='grc' dir='ltr'>ὲπαναλαμὰὶνειν</span> <span class='ocrx_word' id='word_1_324' title='bbox 3550 1535 3646 1605; x_wconf 76' lang='grc' dir='ltr'><strong>τὴν</strong></span> 
     </span>
    </p>
   </div>
   <div class='ocr_carea' id='block_1_46' title="bbox 2071 1623 3649 1697">
    <p class='ocr_par' dir='ltr' id='par_1_46' title="bbox 2071 1623 3649 1697">
     <span class='ocr_line' id='line_1_46' title="bbox 2071 1623 3649 1697; baseline 0.002 -21"><span class='ocrx_word' id='word_1_325' title='bbox 2071 1627 2292 1695; x_wconf 84' lang='grc' dir='ltr'><strong>μνήμην</strong></span> <span class='ocrx_word' id='word_1_326' title='bbox 2316 1624 2424 1676; x_wconf 89' lang='grc' dir='ltr'><strong>τῶν</strong></span> <span class='ocrx_word' id='word_1_327' title='bbox 2457 1624 2651 1677; x_wconf 82' lang='grc' dir='ltr'>κοινῶν</span> <span class='ocrx_word' id='word_1_328' title='bbox 2697 1625 2797 1694; x_wconf 84' lang='grc' dir='ltr'><strong>τῆς</strong></span> <span class='ocrx_word' id='word_1_329' title='bbox 2840 1623 3182 1696; x_wconf 78' lang='grc' dir='ltr'><strong>ἀνθρωπίνης</strong></span> <span class='ocrx_word' id='word_1_330' title='bbox 3215 1625 3433 1695; x_wconf 81' lang='grc' dir='ltr'>φύσεως</span> <span class='ocrx_word' id='word_1_331' title='bbox 3477 1627 3649 1697; x_wconf 68' lang='grc' dir='ltr'>ὀφλη-</span> 
     </span>
    </p>
   </div>
   <div class='ocr_carea' id='block_1_47' title="bbox 2073 1708 3648 1790">
    <p class='ocr_par' dir='ltr' id='par_1_47' title="bbox 2073 1708 3648 1790">
     <span class='ocr_line' id='line_1_47' title="bbox 2073 1708 3648 1790; baseline 0.001 -21"><span class='ocrx_word' id='word_1_332' title='bbox 2073 1717 2257 1786; x_wconf 74' lang='grc' dir='ltr'>μάτων</span> <span class='ocrx_word' id='word_1_333' title='bbox 2283 1755 2298 1778; x_wconf 89' lang='grc'><strong>,</strong></span> <span class='ocrx_word' id='word_1_334' title='bbox 2330 1708 2405 1769; x_wconf 86' lang='grc' dir='ltr'>ὦν</span> <span class='ocrx_word' id='word_1_335' title='bbox 2437 1716 2654 1780; x_wconf 86' lang='grc' dir='ltr'>πάντως</span> <span class='ocrx_word' id='word_1_336' title='bbox 2679 1732 2764 1779; x_wconf 88' lang='grc' dir='ltr'>τις</span> <span class='ocrx_word' id='word_1_337' title='bbox 2792 1716 2885 1769; x_wconf 79' lang='grc' dir='ltr'><strong>καὶ</strong></span> <span class='ocrx_word' id='word_1_338' title='bbox 2909 1717 3070 1780; x_wconf 79' lang='grc' dir='ltr'>αὐτὸς</span> <span class='ocrx_word' id='word_1_339' title='bbox 3103 1718 3350 1788; x_wconf 84' lang='grc' dir='ltr'><strong>μετέχει,</strong></span> <span class='ocrx_word' id='word_1_340' title='bbox 3384 1718 3450 1771; x_wconf 86' lang='grc' dir='ltr'><strong>τὺ</strong></span> <span class='ocrx_word' id='word_1_341' title='bbox 3477 1720 3648 1790; x_wconf 81' lang='grc' dir='ltr'>μέρος</span> 
     </span>
    </p>
   </div>
   <div class='ocr_carea' id='block_1_48' title="bbox 2072 1808 3648 1881">
    <p class='ocr_par' dir='ltr' id='par_1_48' title="bbox 2072 1808 3648 1881">
     <span class='ocr_line' id='line_1_48' title="bbox 2072 1808 3648 1881; baseline 0.002 -20"><span class='ocrx_word' id='word_1_342' title='bbox 2072 1808 2430 1878; x_wconf 88' lang='grc' dir='ltr'>συμμετέχων</span> <span class='ocrx_word' id='word_1_343' title='bbox 2453 1808 2552 1878; x_wconf 83' lang='grc' dir='ltr'><strong>τῆς</strong></span> <span class='ocrx_word' id='word_1_344' title='bbox 2584 1808 2798 1876; x_wconf 85' lang='grc' dir='ltr'>φύσεως</span> <span class='ocrx_word' id='word_1_345' title='bbox 2821 1827 2834 1840; x_wconf 95' lang='grc'><strong>·</strong></span> <span class='ocrx_word' id='word_1_346' title='bbox 2876 1810 2972 1863; x_wconf 76' lang='grc' dir='ltr'>καὶ</span> <span class='ocrx_word' id='word_1_347' title='bbox 3013 1809 3347 1881; x_wconf 78' lang='grc' dir='ltr'><strong>παρακαλεῖν</strong></span> <span class='ocrx_word' id='word_1_348' title='bbox 3382 1810 3479 1864; x_wconf 74' lang='grc' dir='ltr'><strong>τὸν</strong></span> <span class='ocrx_word' id='word_1_349' title='bbox 3528 1827 3648 1881; x_wconf 84' lang='grc' dir='ltr'><strong>κρι-</strong></span> 
     </span>
    </p>
   </div>
   <div class='ocr_carea' id='block_1_49' title="bbox 2069 1898 3649 1972">
    <p class='ocr_par' dir='ltr' id='par_1_49' title="bbox 2069 1898 3649 1972">
     <span class='ocr_line' id='line_1_49' title="bbox 2069 1898 3649 1972; baseline 0.003 -21"><span class='ocrx_word' id='word_1_350' title='bbox 2069 1898 2166 1969; x_wconf 75' lang='grc' dir='ltr'>τὴν</span> <span class='ocrx_word' id='word_1_351' title='bbox 2191 1898 2492 1968; x_wconf 78' lang='grc' dir='ltr'><strong>ἀμνηστίαν</strong></span> <span class='ocrx_word' id='word_1_352' title='bbox 2518 1898 2623 1952; x_wconf 81' lang='grc' dir='ltr'><strong>τῶν</strong></span> <span class='ocrx_word' id='word_1_353' title='bbox 2648 1900 3134 1972; x_wconf 78' lang='grc' dir='ltr'>πλημμελημάτων</span> <span class='ocrx_word' id='word_1_354' title='bbox 3160 1901 3520 1972; x_wconf 87' lang='grc' dir='ltr'>χαρίσασθαι.</span> <span class='ocrx_word' id='word_1_355' title='bbox 3561 1902 3649 1965; x_wconf 80' lang='grc' dir='ltr'>Ὠς</span> 
     </span>
    </p>
   </div>
   <div class='ocr_carea' id='block_1_50' title="bbox 2069 1989 3651 2064">
    <p class='ocr_par' dir='ltr' id='par_1_50' title="bbox 2069 1989 3651 2064">
     <span class='ocr_line' id='line_1_50' title="bbox 2069 1989 3651 2064; baseline 0.003 -23"><span class='ocrx_word' id='word_1_356' title='bbox 2069 1991 2180 2061; x_wconf 79' lang='grc' dir='ltr'><strong>γὰρ</strong></span> <span class='ocrx_word' id='word_1_357' title='bbox 2218 1989 2419 2055; x_wconf 76' lang='grc' dir='ltr'>ζῶντος</span> <span class='ocrx_word' id='word_1_358' title='bbox 2446 1993 2505 2044; x_wconf 83' lang='grc' dir='ltr'>ὲν</span> <span class='ocrx_word' id='word_1_359' title='bbox 2534 1992 2665 2062; x_wconf 77' lang='grc' dir='ltr'>ἡμῖν</span> <span class='ocrx_word' id='word_1_360' title='bbox 2690 1992 2783 2046; x_wconf 84' lang='grc' dir='ltr'><strong>τοῦ</strong></span> <span class='ocrx_word' id='word_1_361' title='bbox 2833 1993 3004 2064; x_wconf 79' lang='grc' dir='ltr'>Ἀδὰμ</span> <span class='ocrx_word' id='word_1_362' title='bbox 3036 1993 3235 2056; x_wconf 83' lang='grc' dir='ltr'>πάντες</span> <span class='ocrx_word' id='word_1_363' title='bbox 3257 1994 3306 2046; x_wconf 80' lang='grc' dir='ltr'>οἱ</span> <span class='ocrx_word' id='word_1_364' title='bbox 3347 1992 3471 2046; x_wconf 85' lang='grc' dir='ltr'>καθ’</span> <span class='ocrx_word' id='word_1_365' title='bbox 3511 1993 3651 2046; x_wconf 63' lang='lat' dir='ltr'><strong>Exc-</strong></span> 
     </span>
    </p>
   </div>
   <div class='ocr_carea' id='block_1_51' title="bbox 2071 2082 3650 2156">
    <p class='ocr_par' dir='ltr' id='par_1_51' title="bbox 2071 2082 3650 2156">
     <span class='ocr_line' id='line_1_51' title="bbox 2071 2082 3650 2156; baseline 0.003 -21"><span class='ocrx_word' id='word_1_366' title='bbox 2071 2098 2196 2135; x_wconf 90' lang='grc' dir='ltr'>στον</span> <span class='ocrx_word' id='word_1_367' title='bbox 2234 2082 2508 2152; x_wconf 78' lang='grc' dir='ltr'>ἄνθρωποι</span> <span class='ocrx_word' id='word_1_368' title='bbox 2537 2084 2643 2148; x_wconf 75' lang='grc' dir='ltr'>ἕως</span> <span class='ocrx_word' id='word_1_369' title='bbox 2687 2085 2813 2148; x_wconf 74' lang='grc' dir='ltr'>τοὺς</span> <span class='ocrx_word' id='word_1_370' title='bbox 2840 2084 3195 2156; x_wconf 87' lang='grc' dir='ltr'>δερματίνους</span> <span class='ocrx_word' id='word_1_371' title='bbox 3223 2084 3451 2149; x_wconf 75' lang='grc' dir='ltr'><strong>τούτους</strong></span> <span class='ocrx_word' id='word_1_372' title='bbox 3481 2084 3650 2155; x_wconf 79' lang='grc' dir='ltr'>χιτῶο</span> 
     </span>
    </p>
   </div>
   <div class='ocr_carea' id='block_1_52' title="bbox 2070 2169 3651 2249">
    <p class='ocr_par' dir='ltr' id='par_1_52' title="bbox 2070 2169 3651 2249">
     <span class='ocr_line' id='line_1_52' title="bbox 2070 2169 3651 2249; baseline 0.004 -28"><span class='ocrx_word' id='word_1_373' title='bbox 2070 2185 2165 2232; x_wconf 90' lang='grc' dir='ltr'><strong>νας</strong></span> <span class='ocrx_word' id='word_1_374' title='bbox 2199 2169 2329 2241; x_wconf 75' lang='grc' dir='ltr'>περὶ</span> <span class='ocrx_word' id='word_1_375' title='bbox 2354 2170 2452 2242; x_wconf 80' lang='grc' dir='ltr'><strong>τὴν</strong></span> <span class='ocrx_word' id='word_1_376' title='bbox 2494 2171 2704 2225; x_wconf 83' lang='grc' dir='ltr'><strong>ἑαυτῶν</strong></span> <span class='ocrx_word' id='word_1_377' title='bbox 2733 2172 3020 2244; x_wconf 80' lang='grc' dir='ltr'><strong>βλέπωμεν</strong></span> <span class='ocrx_word' id='word_1_378' title='bbox 3047 2174 3228 2243; x_wconf 81' lang='grc' dir='ltr'>φύσιν,</span> <span class='ocrx_word' id='word_1_379' title='bbox 3246 2177 3342 2229; x_wconf 80' lang='grc' dir='ltr'>καὶ</span> <span class='ocrx_word' id='word_1_380' title='bbox 3372 2176 3442 2228; x_wconf 72' lang='grc' dir='ltr'>τὰ</span> <span class='ocrx_word' id='word_1_381' title='bbox 3472 2178 3651 2249; x_wconf 83' lang='grc' dir='ltr'>πρόσ-</span> 
     </span>
    </p>
   </div>
   <div class='ocr_carea' id='block_1_53' title="bbox 2072 2260 3650 2339">
    <p class='ocr_par' dir='ltr' id='par_1_53' title="bbox 2072 2260 3650 2339">
     <span class='ocr_line' id='line_1_53' title="bbox 2072 2260 3650 2339; baseline 0.005 -26"><span class='ocrx_word' id='word_1_382' title='bbox 2072 2278 2240 2331; x_wconf 87' lang='grc' dir='ltr'>καιρα</span> <span class='ocrx_word' id='word_1_383' title='bbox 2285 2260 2458 2332; x_wconf 81' lang='grc' dir='ltr'>φύλλα</span> <span class='ocrx_word' id='word_1_384' title='bbox 2510 2266 2607 2334; x_wconf 81' lang='grc' dir='ltr'>τῆς</span> <span class='ocrx_word' id='word_1_385' title='bbox 2636 2264 2828 2335; x_wconf 84' lang='grc' dir='ltr'><strong>ὑλικῆς</strong></span> <span class='ocrx_word' id='word_1_386' title='bbox 2859 2265 3062 2336; x_wconf 82' lang='grc' dir='ltr'><strong>ταύτης</strong></span> <span class='ocrx_word' id='word_1_387' title='bbox 3108 2266 3293 2337; x_wconf 78' lang='grc' dir='ltr'>ζωῆς,</span> <span class='ocrx_word' id='word_1_388' title='bbox 3345 2268 3493 2339; x_wconf 78' lang='grc' dir='ltr'>ἅπερ</span> <span class='ocrx_word' id='word_1_389' title='bbox 3540 2268 3650 2321; x_wconf 80' lang='grc' dir='ltr'><strong>τῶν</strong></span> 
     </span>
    </p>
   </div>
   <div class='ocr_carea' id='block_1_54' title="bbox 2076 2350 3651 2427">
    <p class='ocr_par' dir='ltr' id='par_1_54' title="bbox 2076 2350 3651 2427">
     <span class='ocr_line' id='line_1_54' title="bbox 2076 2350 3651 2427; baseline 0.006 -24"><span class='ocrx_word' id='word_1_390' title='bbox 2076 2350 2219 2407; x_wconf 82' lang='grc' dir='ltr'><strong>ἰδίων</strong></span> <span class='ocrx_word' id='word_1_391' title='bbox 2240 2369 2297 2405; x_wconf 93' lang='grc' dir='ltr'><strong>τε</strong></span> <span class='ocrx_word' id='word_1_392' title='bbox 2323 2353 2417 2406; x_wconf 78' lang='grc' dir='ltr'>καὶ</span> <span class='ocrx_word' id='word_1_393' title='bbox 2442 2350 2711 2425; x_wconf 85' lang='grc' dir='ltr'>λαμπρῶν</span> <span class='ocrx_word' id='word_1_394' title='bbox 2745 2355 3057 2427; x_wconf 72' lang='grc' dir='ltr'>ἐνδυμάτων</span> <span class='ocrx_word' id='word_1_395' title='bbox 3085 2356 3470 2427; x_wconf 79' lang='grc' dir='ltr'><strong>γυμνωθέντες</strong></span> <span class='ocrx_word' id='word_1_396' title='bbox 3494 2397 3513 2423; x_wconf 94' lang='grc'><strong>,</strong></span> <span class='ocrx_word' id='word_1_397' title='bbox 3551 2375 3651 2412; x_wconf 86' lang='grc' dir='ltr'><strong>κα-</strong></span> 
     </span>
    </p>
   </div>
   <div class='ocr_carea' id='block_1_55' title="bbox 2070 2442 3647 2519">
    <p class='ocr_par' dir='ltr' id='par_1_55' title="bbox 2070 2442 3647 2519">
     <span class='ocr_line' id='line_1_55' title="bbox 2070 2442 3647 2519; baseline 0.004 -23"><span class='ocrx_word' id='word_1_398' title='bbox 2070 2442 2184 2506; x_wconf 85' lang='grc' dir='ltr'><strong>κῶς</strong></span> <span class='ocrx_word' id='word_1_399' title='bbox 2213 2443 2425 2507; x_wconf 81' lang='grc' dir='ltr'>ἑαυτοῖς</span> <span class='ocrx_word' id='word_1_400' title='bbox 2471 2445 2916 2516; x_wconf 65' lang='grc' dir='ltr'>ωνερρἀαμεν,</span> <span class='ocrx_word' id='word_1_401' title='bbox 2948 2449 3160 2519; x_wconf 77' lang='grc' dir='ltr'>τρυφὰς</span> <span class='ocrx_word' id='word_1_402' title='bbox 3204 2450 3295 2502; x_wconf 73' lang='grc' dir='ltr'><strong>καὶ</strong></span> <span class='ocrx_word' id='word_1_403' title='bbox 3326 2450 3524 2516; x_wconf 80' lang='grc' dir='ltr'>δόξας,</span> <span class='ocrx_word' id='word_1_404' title='bbox 3556 2454 3647 2503; x_wconf 79' lang='grc' dir='ltr'>καὶ</span> 
     </span>
    </p>
   </div>
   <div class='ocr_carea' id='block_1_56' title="bbox 2069 2533 3652 2611">
    <p class='ocr_par' dir='ltr' id='par_1_56' title="bbox 2069 2533 3652 2611">
     <span class='ocr_line' id='line_1_56' title="bbox 2069 2533 3652 2611; baseline 0.006 -26"><span class='ocrx_word' id='word_1_405' title='bbox 2069 2533 2169 2597; x_wconf 81' lang='grc' dir='ltr'>τὰς</span> <span class='ocrx_word' id='word_1_406' title='bbox 2198 2534 2513 2605; x_wconf 75' lang='grc' dir='ltr'>ἐφημέρους</span> <span class='ocrx_word' id='word_1_407' title='bbox 2540 2536 2708 2605; x_wconf 76' lang='grc' dir='ltr'>τιμὰς</span> <span class='ocrx_word' id='word_1_408' title='bbox 2735 2575 2749 2598; x_wconf 88' lang='grc'><strong>,</strong></span> <span class='ocrx_word' id='word_1_409' title='bbox 2780 2538 2873 2590; x_wconf 75' lang='grc' dir='ltr'><strong>καὶ</strong></span> <span class='ocrx_word' id='word_1_410' title='bbox 2898 2538 2997 2602; x_wconf 80' lang='grc' dir='ltr'>τὰς</span> <span class='ocrx_word' id='word_1_411' title='bbox 3034 2539 3358 2611; x_wconf 81' lang='grc' dir='ltr'>ὠκυμόρους</span> <span class='ocrx_word' id='word_1_412' title='bbox 3394 2542 3499 2610; x_wconf 79' lang='grc' dir='ltr'><strong>τῆς</strong></span> <span class='ocrx_word' id='word_1_413' title='bbox 3528 2557 3652 2611; x_wconf 73' lang='grc' dir='ltr'>σαρ-</span> 
     </span>
    </p>
   </div>
   <div class='ocr_carea' id='block_1_57' title="bbox 2072 2626 3651 2701">
    <p class='ocr_par' dir='ltr' id='par_1_57' title="bbox 2072 2626 3651 2701">
     <span class='ocr_line' id='line_1_57' title="bbox 2072 2626 3651 2701; baseline 0.001 -22"><span class='ocrx_word' id='word_1_414' title='bbox 2072 2626 2168 2690; x_wconf 86' lang='grc' dir='ltr'>κὸς</span> <span class='ocrx_word' id='word_1_415' title='bbox 2198 2626 2572 2698; x_wconf 81' lang='grc' dir='ltr'>πληροφορίας</span> <span class='ocrx_word' id='word_1_416' title='bbox 2595 2667 2611 2692; x_wconf 86' lang='grc'><strong>,</strong></span> <span class='ocrx_word' id='word_1_417' title='bbox 2638 2628 2761 2681; x_wconf 77' lang='grc' dir='ltr'>ἀντὶ</span> <span class='ocrx_word' id='word_1_418' title='bbox 2787 2629 2893 2681; x_wconf 88' lang='grc' dir='ltr'><strong>τῶν</strong></span> <span class='ocrx_word' id='word_1_419' title='bbox 2933 2629 3091 2682; x_wconf 82' lang='grc' dir='ltr'>θείων</span> <span class='ocrx_word' id='word_1_420' title='bbox 3117 2629 3426 2700; x_wconf 82' lang='grc' dir='ltr'>περιὸολῶν</span> <span class='ocrx_word' id='word_1_421' title='bbox 3470 2648 3651 2701; x_wconf 82' lang='grc' dir='ltr'>μετεν-</span> 
     </span>
    </p>
   </div>
   <div class='ocr_carea' id='block_1_58' title="bbox 2072 2718 3648 2793">
    <p class='ocr_par' dir='ltr' id='par_1_58' title="bbox 2072 2718 3648 2793">
     <span class='ocr_line' id='line_1_58' title="bbox 2072 2718 3648 2793; baseline 0.003 -21"><span class='ocrx_word' id='word_1_422' title='bbox 2072 2718 2363 2790; x_wconf 84' lang='grc' dir='ltr'>δυσάμενοι</span> <span class='ocrx_word' id='word_1_423' title='bbox 2388 2737 2400 2750; x_wconf 92' lang='grc'><strong>·</strong></span> <span class='ocrx_word' id='word_1_424' title='bbox 2432 2721 2526 2773; x_wconf 82' lang='grc' dir='ltr'>καὶ</span> <span class='ocrx_word' id='word_1_425' title='bbox 2558 2719 2747 2791; x_wconf 84' lang='grc' dir='ltr'>μέχρις</span> <span class='ocrx_word' id='word_1_426' title='bbox 2776 2721 2841 2774; x_wconf 72' lang='grc' dir='ltr'>ἂν</span> <span class='ocrx_word' id='word_1_427' title='bbox 2887 2720 2976 2774; x_wconf 81' lang='grc' dir='ltr'><strong>τὸν</strong></span> <span class='ocrx_word' id='word_1_428' title='bbox 3022 2722 3119 2790; x_wconf 88' lang='grc' dir='ltr'><strong>τῆς</strong></span> <span class='ocrx_word' id='word_1_429' title='bbox 3168 2721 3505 2792; x_wconf 81' lang='grc' dir='ltr'>σαρκώσεως</span> <span class='ocrx_word' id='word_1_430' title='bbox 3531 2722 3648 2793; x_wconf 74' lang='grc' dir='ltr'>βλέ-</span> 
     </span>
    </p>
   </div>
   <div class='ocr_carea' id='block_1_59' title="bbox 2073 2805 3649 2885">
    <p class='ocr_par' dir='ltr' id='par_1_59' title="bbox 2073 2805 3649 2885">
     <span class='ocr_line' id='line_1_59' title="bbox 2073 2805 3649 2885; baseline 0.003 -21"><span class='ocrx_word' id='word_1_431' title='bbox 2073 2828 2266 2882; x_wconf 87' lang='grc' dir='ltr'>πωμεν</span> <span class='ocrx_word' id='word_1_432' title='bbox 2286 2811 2470 2873; x_wconf 78' lang='grc' dir='ltr'>τόπον,</span> <span class='ocrx_word' id='word_1_433' title='bbox 2495 2812 2552 2863; x_wconf 82' lang='grc' dir='ltr'><strong>ὲν</strong></span> <span class='ocrx_word' id='word_1_434' title='bbox 2576 2805 2622 2878; x_wconf 80' lang='grc' dir='ltr'><strong>ᾧ</strong></span> <span class='ocrx_word' id='word_1_435' title='bbox 2659 2811 3016 2883; x_wconf 80' lang='grc' dir='ltr'>κατεδικάσθη</span> <span class='ocrx_word' id='word_1_436' title='bbox 3026 2830 3122 2882; x_wconf 89' lang='grc' dir='ltr'><strong>μεν</strong></span> <span class='ocrx_word' id='word_1_437' title='bbox 3151 2817 3442 2885; x_wconf 84' lang='grc' dir='ltr'><strong>παροικεῖν</strong></span> <span class='ocrx_word' id='word_1_438' title='bbox 3459 2831 3475 2845; x_wconf 91' lang='grc'><strong>·</strong></span> <span class='ocrx_word' id='word_1_439' title='bbox 3508 2816 3649 2870; x_wconf 76' lang='grc' dir='ltr'>ἐπει·</span> 
     </span>
    </p>
   </div>
   <div class='ocr_carea' id='block_1_60' title="bbox 2072 2902 3648 2977">
    <p class='ocr_par' dir='ltr' id='par_1_60' title="bbox 2072 2902 3648 2977">
     <span class='ocr_line' id='line_1_60' title="bbox 2072 2902 3648 2977; baseline -0.001 -19"><span class='ocrx_word' id='word_1_440' title='bbox 2072 2902 2169 2958; x_wconf 77' lang='grc' dir='ltr'>δὰν</span> <span class='ocrx_word' id='word_1_441' title='bbox 2203 2905 2339 2975; x_wconf 84' lang='grc' dir='ltr'>πρὸς</span> <span class='ocrx_word' id='word_1_442' title='bbox 2360 2904 2624 2974; x_wconf 82' lang='grc' dir='ltr'>ἀνατολὴν</span> <span class='ocrx_word' id='word_1_443' title='bbox 2652 2905 2877 2968; x_wconf 75' lang='grc' dir='ltr'>ἑαυτοὺς</span> <span class='ocrx_word' id='word_1_444' title='bbox 2903 2906 3190 2976; x_wconf 60' lang='grc' dir='ltr'>τρέφωμεν</span> <span class='ocrx_word' id='word_1_445' title='bbox 3209 2922 3221 2933; x_wconf 93' lang='grc'><strong>·</strong></span> <span class='ocrx_word' id='word_1_446' title='bbox 3249 2907 3351 2975; x_wconf 83' lang='grc' dir='ltr'><strong>ούχ</strong></span> <span class='ocrx_word' id='word_1_447' title='bbox 3378 2906 3459 2969; x_wconf 86' lang='grc' dir='ltr'>ὡς</span> <span class='ocrx_word' id='word_1_448' title='bbox 3492 2906 3648 2977; x_wconf 77' lang='grc' dir='ltr'>μόνον</span> 
     </span>
    </p>
   </div>
   <div class='ocr_carea' id='block_1_61' title="bbox 2075 2995 3645 3068">
    <p class='ocr_par' dir='ltr' id='par_1_61' title="bbox 2075 2995 3645 3068">
     <span class='ocr_line' id='line_1_61' title="bbox 2075 2995 3645 3068; baseline 0.001 -19"><span class='ocrx_word' id='word_1_449' title='bbox 2075 2998 2193 3050; x_wconf 74' lang='grc' dir='ltr'>ἐκεῖ</span> <span class='ocrx_word' id='word_1_450' title='bbox 2215 2996 2309 3050; x_wconf 81' lang='grc' dir='ltr'>τοῦ</span> <span class='ocrx_word' id='word_1_451' title='bbox 2342 2996 2477 3050; x_wconf 82' lang='grc' dir='ltr'><strong>Θεοῦ</strong></span> <span class='ocrx_word' id='word_1_452' title='bbox 2499 2995 2872 3068; x_wconf 75' lang='grc' dir='ltr'>θεωρουμένου</span> <span class='ocrx_word' id='word_1_453' title='bbox 2889 3011 2902 3025; x_wconf 85' lang='grc'><strong>·</strong></span> <span class='ocrx_word' id='word_1_454' title='bbox 2926 2999 2955 3050; x_wconf 83' lang='grc' dir='ltr'>ὁ</span> <span class='ocrx_word' id='word_1_455' title='bbox 2978 2996 3085 3067; x_wconf 77' lang='grc' dir='ltr'><strong>γὰρ</strong></span> <span class='ocrx_word' id='word_1_456' title='bbox 3112 2997 3392 3067; x_wconf 85' lang='grc' dir='ltr'>πανταχοῦ</span> <span class='ocrx_word' id='word_1_457' title='bbox 3418 2997 3497 3050; x_wconf 84' lang='grc' dir='ltr'><strong>ῶν</strong></span> <span class='ocrx_word' id='word_1_458' title='bbox 3531 2999 3645 3051; x_wconf 74' lang='grc' dir='ltr'>κατ’</span> 
     </span>
    </p>
   </div>
   <div class='ocr_carea' id='block_1_62' title="bbox 397 3088 1971 3165">
    <p class='ocr_par' dir='ltr' id='par_1_62' title="bbox 397 3092 1971 3165">
     <span class='ocr_line' id='line_1_62' title="bbox 397 3092 1971 3165; baseline 0.003 -19"><span class='ocrx_word' id='word_1_459' title='bbox 397 3092 455 3146; x_wconf 91' lang='lat' dir='ltr'><strong>in</strong></span> <span class='ocrx_word' id='word_1_460' title='bbox 485 3092 635 3145; x_wconf 87' lang='lat' dir='ltr'><strong>nulla</strong></span> <span class='ocrx_word' id='word_1_461' title='bbox 663 3099 815 3162; x_wconf 87' lang='lat' dir='ltr'><strong>parte</strong></span> <span class='ocrx_word' id='word_1_462' title='bbox 864 3092 1217 3163; x_wconf 86' lang='lat' dir='ltr'><strong>peculiariter</strong></span> <span class='ocrx_word' id='word_1_463' title='bbox 1264 3108 1326 3147; x_wconf 91' lang='lat' dir='ltr'><strong>ac</strong></span> <span class='ocrx_word' id='word_1_464' title='bbox 1367 3094 1668 3163; x_wconf 87' lang='lat' dir='ltr'><strong>separatim</strong></span> <span class='ocrx_word' id='word_1_465' title='bbox 1718 3108 1971 3165; x_wconf 85' lang='lat' dir='ltr'><strong>compre-</strong></span> 
     </span>
    </p>
   </div>
   <div class='ocr_carea' id='block_1_63' title="bbox 2074 3088 3646 3165">
    <p class='ocr_par' dir='ltr' id='par_1_63' title="bbox 2074 3088 3646 3161">
     <span class='ocr_line' id='line_1_63' title="bbox 2074 3088 3646 3161; baseline 0 -19"><span class='ocrx_word' id='word_1_466' title='bbox 2074 3089 2223 3143; x_wconf 84' lang='grc' dir='ltr'>οὐδὲν</span> <span class='ocrx_word' id='word_1_467' title='bbox 2248 3090 2409 3160; x_wconf 80' lang='grc' dir='ltr'>μέρος</span> <span class='ocrx_word' id='word_1_468' title='bbox 2436 3088 2746 3154; x_wconf 76' lang='grc' dir='ltr'>ἰδιαζόντως</span> <span class='ocrx_word' id='word_1_469' title='bbox 2772 3089 3248 3159; x_wconf 82' lang='grc' dir='ltr'>καταλαμϐάνεται</span> <span class='ocrx_word' id='word_1_470' title='bbox 3269 3104 3286 3120; x_wconf 73' lang='grc'><strong>⁸</strong></span> <span class='ocrx_word' id='word_1_471' title='bbox 3318 3090 3522 3159; x_wconf 77' lang='grc' dir='ltr'>ἐπίσης</span> <span class='ocrx_word' id='word_1_472' title='bbox 3544 3090 3646 3161; x_wconf 68' lang='grc' dir='ltr'><strong>γὰρ</strong></span> 
     </span>
    </p>
   </div>
   <div class='ocr_carea' id='block_1_64' title="bbox 398 3184 1965 3253">
    <p class='ocr_par' dir='ltr' id='par_1_64' title="bbox 398 3184 1965 3253">
     <span class='ocr_line' id='line_1_64' title="bbox 398 3184 1965 3253; baseline 0.004 -16"><span class='ocrx_word' id='word_1_473' title='bbox 398 3184 678 3246; x_wconf 89' lang='lat' dir='ltr'><strong>henditur,</strong></span> <span class='ocrx_word' id='word_1_474' title='bbox 729 3197 853 3237; x_wconf 91' lang='lat' dir='ltr'><strong>nam</strong></span> <span class='ocrx_word' id='word_1_475' title='bbox 889 3199 957 3238; x_wconf 76' lang='lat' dir='ltr'><strong>ex</strong></span> <span class='ocrx_word' id='word_1_476' title='bbox 1009 3198 1169 3253; x_wconf 61' lang='lat' dir='ltr'><strong>aequo</strong></span> <span class='ocrx_word' id='word_1_477' title='bbox 1214 3186 1459 3241; x_wconf 90' lang='lat' dir='ltr'><strong>continet</strong></span> <span class='ocrx_word' id='word_1_478' title='bbox 1518 3200 1606 3239; x_wconf 89' lang='lat' dir='ltr'><strong>res</strong></span> <span class='ocrx_word' id='word_1_479' title='bbox 1637 3186 1965 3243; x_wconf 89' lang='lat' dir='ltr'><strong>universas:</strong></span> 
     </span>
    </p>
   </div>
   <div class='ocr_carea' id='block_1_65' title="bbox 396 3275 1971 3348">
    <p class='ocr_par' dir='ltr' id='par_1_65' title="bbox 396 3275 1971 3348">
     <span class='ocr_line' id='line_1_65' title="bbox 396 3275 1971 3348; baseline 0.001 -17"><span class='ocrx_word' id='word_1_480' title='bbox 396 3276 493 3331; x_wconf 85' lang='lat' dir='ltr'><strong>sed</strong></span> <span class='ocrx_word' id='word_1_481' title='bbox 518 3276 666 3345; x_wconf 87' lang='lat' dir='ltr'><strong>quod</strong></span> <span class='ocrx_word' id='word_1_482' title='bbox 697 3275 753 3329; x_wconf 93' lang='lat' dir='ltr'><strong>in</strong></span> <span class='ocrx_word' id='word_1_483' title='bbox 794 3275 1155 3331; x_wconf 85' lang='lat' dir='ltr'><strong>orientalibus</strong></span> <span class='ocrx_word' id='word_1_484' title='bbox 1192 3276 1443 3345; x_wconf 89' lang='lat' dir='ltr'><strong>partibus</strong></span> <span class='ocrx_word' id='word_1_485' title='bbox 1479 3276 1652 3345; x_wconf 90' lang='lat' dir='ltr'><strong>prima</strong></span> <span class='ocrx_word' id='word_1_486' title='bbox 1692 3277 1851 3332; x_wconf 79' lang='lat' dir='ltr'><strong>nobis</strong></span> <span class='ocrx_word' id='word_1_487' title='bbox 1883 3293 1971 3348; x_wconf 86' lang='lat' dir='ltr'><strong>pa-</strong></span> 
     </span>
    </p>
   </div>
   <div class='ocr_carea' id='block_1_66' title="bbox 396 3365 1973 3437">
    <p class='ocr_par' dir='ltr' id='par_1_66' title="bbox 396 3365 1973 3437">
     <span class='ocr_line' id='line_1_66' title="bbox 396 3365 1973 3437; baseline 0.003 -18"><span class='ocrx_word' id='word_1_488' title='bbox 396 3366 503 3419; x_wconf 90' lang='lat' dir='ltr'><strong>tria</strong></span> <span class='ocrx_word' id='word_1_489' title='bbox 543 3366 657 3420; x_wconf 85' lang='lat' dir='ltr'><strong>sit:</strong></span> <span class='ocrx_word' id='word_1_490' title='bbox 702 3365 826 3420; x_wconf 90' lang='lat' dir='ltr'><strong>dico</strong></span> <span class='ocrx_word' id='word_1_491' title='bbox 876 3375 1057 3421; x_wconf 88' lang='lat' dir='ltr'><strong>autem</strong></span> <span class='ocrx_word' id='word_1_492' title='bbox 1097 3367 1164 3421; x_wconf 89' lang='lat' dir='ltr'><strong>de</strong></span> <span class='ocrx_word' id='word_1_493' title='bbox 1194 3382 1256 3421; x_wconf 89' lang='lat' dir='ltr'><strong>ea</strong></span> <span class='ocrx_word' id='word_1_494' title='bbox 1286 3382 1449 3437; x_wconf 88' lang='lat' dir='ltr'><strong>quam</strong></span> <span class='ocrx_word' id='word_1_495' title='bbox 1484 3368 1537 3421; x_wconf 92' lang='lat' dir='ltr'><strong>in</strong></span> <span class='ocrx_word' id='word_1_496' title='bbox 1587 3369 1841 3437; x_wconf 85' lang='lat' dir='ltr'><strong>paradiso</strong></span> <span class='ocrx_word' id='word_1_497' title='bbox 1874 3370 1973 3423; x_wconf 85' lang='lat' dir='ltr'><strong>ha-</strong></span> 
     </span>
    </p>
   </div>
   <div class='ocr_carea' id='block_1_67' title="bbox 398 3456 1976 3527">
    <p class='ocr_par' dir='ltr' id='par_1_67' title="bbox 398 3456 1976 3527">
     <span class='ocr_line' id='line_1_67' title="bbox 398 3456 1976 3527; baseline 0.002 -16"><span class='ocrx_word' id='word_1_498' title='bbox 398 3456 642 3521; x_wconf 86' lang='lat' dir='ltr'><strong>buimus,</strong></span> <span class='ocrx_word' id='word_1_499' title='bbox 668 3456 1021 3519; x_wconf 89' lang='lat' dir='ltr'><strong>habitatione,</strong></span> <span class='ocrx_word' id='word_1_500' title='bbox 1045 3472 1112 3511; x_wconf 74' lang='lat' dir='ltr'><strong>ex</strong></span> <span class='ocrx_word' id='word_1_501' title='bbox 1151 3473 1256 3527; x_wconf 88' lang='lat' dir='ltr'><strong>qua</strong></span> <span class='ocrx_word' id='word_1_502' title='bbox 1287 3458 1448 3526; x_wconf 87' lang='lat' dir='ltr'><strong>ejecti</strong></span> <span class='ocrx_word' id='word_1_503' title='bbox 1483 3474 1677 3514; x_wconf 87' lang='lat' dir='ltr'><strong>sumus</strong></span> <span class='ocrx_word' id='word_1_504' title='bbox 1706 3477 1719 3513; x_wconf 94' lang='lat'><strong>:</strong></span> <span class='ocrx_word' id='word_1_505' title='bbox 1748 3458 1976 3514; x_wconf 83' lang='lat' dir='ltr'><strong>Planta-</strong></span> 
     </span>
    </p>
   </div>
   <div class='ocr_carea' id='block_1_68' title="bbox 397 3545 1973 3618">
    <p class='ocr_par' dir='ltr' id='par_1_68' title="bbox 397 3545 1973 3618">
     <span class='ocr_line' id='line_1_68' title="bbox 397 3545 1973 3618; baseline 0.003 -17"><span class='ocrx_word' id='word_1_506' title='bbox 397 3547 471 3601; x_wconf 70' lang='grc' dir='ltr'><strong>σει</strong></span> <span class='ocrx_word' id='word_1_507' title='bbox 499 3546 643 3600; x_wconf 75' lang='lat' dir='ltr'><strong>eiiim</strong></span> <span class='ocrx_word' id='word_1_508' title='bbox 675 3545 815 3601; x_wconf 76' lang='lat' dir='ltr'><strong>Deus</strong></span> <span class='ocrx_word' id='word_1_509' title='bbox 848 3546 1158 3615; x_wconf 80' lang='lat' dir='ltr'><strong>paradisum</strong></span> <span class='ocrx_word' id='word_1_510' title='bbox 1187 3548 1241 3600; x_wconf 80' lang='lat' dir='ltr'><strong>in</strong></span> <span class='ocrx_word' id='word_1_511' title='bbox 1264 3546 1409 3602; x_wconf 75' lang='lat' dir='ltr'><strong>Eden</strong></span> <span class='ocrx_word' id='word_1_512' title='bbox 1439 3552 1495 3601; x_wconf 84' lang='lat' dir='ltr'><strong>in</strong></span> <span class='ocrx_word' id='word_1_513' title='bbox 1527 3551 1769 3618; x_wconf 80' lang='lat' dir='ltr'><strong>partibus</strong></span> <span class='ocrx_word' id='word_1_514' title='bbox 1799 3551 1973 3605; x_wconf 80' lang='lat' dir='ltr'><strong>orien-</strong></span> 
     </span>
    </p>
   </div>
   <div class='ocr_carea' id='block_1_69' title="bbox 401 3636 1973 3711">
    <p class='ocr_par' dir='ltr' id='par_1_69' title="bbox 401 3636 1973 3711">
     <span class='ocr_line' id='line_1_69' title="bbox 401 3636 1973 3711; baseline 0.004 -20"><span class='ocrx_word' id='word_1_515' title='bbox 401 3637 598 3691; x_wconf 83' lang='lat' dir='ltr'><strong>talibus</strong></span> <span class='ocrx_word' id='word_1_516' title='bbox 618 3636 709 3706; x_wconf 87' lang='grc'><strong>⁷⁷).</strong></span> <span class='ocrx_word' id='word_1_517' title='bbox 741 3652 865 3691; x_wconf 83' lang='lat' dir='ltr'><strong>cuin</strong></span> <span class='ocrx_word' id='word_1_518' title='bbox 898 3638 1062 3708; x_wconf 80' lang='lat' dir='ltr'><strong>igitur</strong></span> <span class='ocrx_word' id='word_1_519' title='bbox 1091 3639 1159 3692; x_wconf 92' lang='lat' dir='ltr'><strong>ad</strong></span> <span class='ocrx_word' id='word_1_520' title='bbox 1201 3639 1499 3695; x_wconf 86' lang='lat' dir='ltr'><strong>orientales</strong></span> <span class='ocrx_word' id='word_1_521' title='bbox 1525 3648 1708 3709; x_wconf 88' lang='lat' dir='ltr'><strong>partes</strong></span> <span class='ocrx_word' id='word_1_522' title='bbox 1740 3644 1973 3711; x_wconf 85' lang='lat' dir='ltr'><strong>respici-</strong></span> 
     </span>
    </p>
   </div>
   <div class='ocr_carea' id='block_1_70' title="bbox 400 3728 1975 3798">
    <p class='ocr_par' dir='ltr' id='par_1_70' title="bbox 400 3728 1975 3798">
     <span class='ocr_line' id='line_1_70' title="bbox 400 3728 1975 3798; baseline 0.005 -18"><span class='ocrx_word' id='word_1_523' title='bbox 400 3742 559 3792; x_wconf 88' lang='lat' dir='ltr'><strong>mus,</strong></span> <span class='ocrx_word' id='word_1_524' title='bbox 596 3733 649 3782; x_wconf 91' lang='lat' dir='ltr'><strong>et</strong></span> <span class='ocrx_word' id='word_1_525' title='bbox 700 3728 1055 3782; x_wconf 88' lang='lat' dir='ltr'><strong>recordamur</strong></span> <span class='ocrx_word' id='word_1_526' title='bbox 1096 3728 1558 3798; x_wconf 87' lang='lat' dir='ltr'><strong>quemadmodum</strong></span> <span class='ocrx_word' id='word_1_527' title='bbox 1600 3746 1631 3784; x_wconf 89' lang='lat' dir='ltr'><strong>e</strong></span> <span class='ocrx_word' id='word_1_528' title='bbox 1679 3732 1878 3787; x_wconf 89' lang='lat' dir='ltr'><strong>lucidis</strong></span> <span class='ocrx_word' id='word_1_529' title='bbox 1918 3741 1975 3788; x_wconf 87' lang='lat' dir='ltr'><strong>et</strong></span> 
     </span>
    </p>
   </div>
   <div class='ocr_carea' id='block_1_71' title="bbox 399 3818 1970 3891">
    <p class='ocr_par' dir='ltr' id='par_1_71' title="bbox 399 3818 1970 3891">
     <span class='ocr_line' id='line_1_71' title="bbox 399 3818 1970 3891; baseline 0.003 -17"><span class='ocrx_word' id='word_1_530' title='bbox 399 3819 760 3874; x_wconf 85' lang='lat' dir='ltr'><strong>orientalibus</strong></span> <span class='ocrx_word' id='word_1_531' title='bbox 786 3818 1146 3875; x_wconf 88' lang='lat' dir='ltr'><strong>beatitudinis</strong></span> <span class='ocrx_word' id='word_1_532' title='bbox 1176 3821 1312 3875; x_wconf 91' lang='lat' dir='ltr'><strong>locis</strong></span> <span class='ocrx_word' id='word_1_533' title='bbox 1342 3822 1505 3891; x_wconf 90' lang='lat' dir='ltr'><strong>ejecti</strong></span> <span class='ocrx_word' id='word_1_534' title='bbox 1539 3838 1753 3887; x_wconf 86' lang='lat' dir='ltr'><strong>sumus,</strong></span> <span class='ocrx_word' id='word_1_535' title='bbox 1770 3825 1970 3879; x_wconf 89' lang='lat' dir='ltr'><strong>merito</strong></span> 
     </span>
    </p>
   </div>
   <div class='ocr_carea' id='block_1_72' title="bbox 401 3909 1975 3981">
    <p class='ocr_par' dir='ltr' id='par_1_72' title="bbox 401 3909 1975 3981">
     <span class='ocr_line' id='line_1_72' title="bbox 401 3909 1975 3981; baseline 0.004 -18"><span class='ocrx_word' id='word_1_536' title='bbox 401 3911 567 3965; x_wconf 89' lang='lat' dir='ltr'><strong>talem</strong></span> <span class='ocrx_word' id='word_1_537' title='bbox 598 3924 785 3964; x_wconf 87' lang='lat' dir='ltr'><strong>vocem</strong></span> <span class='ocrx_word' id='word_1_538' title='bbox 818 3909 1168 3979; x_wconf 81' lang='lat' dir='ltr'><strong>proferimus,</strong></span> <span class='ocrx_word' id='word_1_539' title='bbox 1211 3913 1303 3981; x_wconf 91' lang='lat' dir='ltr'><strong>qui</strong></span> <span class='ocrx_word' id='word_1_540' title='bbox 1336 3926 1367 3965; x_wconf 90' lang='lat' dir='ltr'><strong>a</strong></span> <span class='ocrx_word' id='word_1_541' title='bbox 1400 3913 1540 3966; x_wconf 90' lang='lat' dir='ltr'><strong>mala</strong></span> <span class='ocrx_word' id='word_1_542' title='bbox 1587 3915 1710 3968; x_wconf 78' lang='lat' dir='ltr'><strong>vita:</strong></span> <span class='ocrx_word' id='word_1_543' title='bbox 1737 3914 1841 3969; x_wconf 86' lang='lat' dir='ltr'><strong>ficu</strong></span> <span class='ocrx_word' id='word_1_544' title='bbox 1871 3916 1975 3971; x_wconf 65' lang='lat' dir='ltr'><strong>oln-</strong></span> 
     </span>
    </p>
   </div>
   <div class='ocr_carea' id='block_1_73' title="bbox 401 4001 1976 4077">
    <p class='ocr_par' dir='ltr' id='par_1_73' title="bbox 401 4001 1976 4077">
     <span class='ocr_line' id='line_1_73' title="bbox 401 4001 1976 4077; baseline 0.004 -21"><span class='ocrx_word' id='word_1_545' title='bbox 401 4001 744 4064; x_wconf 90' lang='lat' dir='ltr'><strong>umbramur,</strong></span> <span class='ocrx_word' id='word_1_546' title='bbox 784 4001 875 4070; x_wconf 92' lang='lat' dir='ltr'><strong>qui</strong></span> <span class='ocrx_word' id='word_1_547' title='bbox 912 4018 976 4056; x_wconf 76' lang='lat' dir='ltr'><strong>ex</strong></span> <span class='ocrx_word' id='word_1_548' title='bbox 1012 4003 1191 4057; x_wconf 89' lang='lat' dir='ltr'><strong>oculis</strong></span> <span class='ocrx_word' id='word_1_549' title='bbox 1223 4003 1315 4057; x_wconf 92' lang='lat' dir='ltr'><strong>Dei</strong></span> <span class='ocrx_word' id='word_1_550' title='bbox 1350 4005 1581 4073; x_wconf 89' lang='lat' dir='ltr'><strong>projecti</strong></span> <span class='ocrx_word' id='word_1_551' title='bbox 1616 4020 1840 4071; x_wconf 84' lang='lat' dir='ltr'><strong>sumus,</strong></span> <span class='ocrx_word' id='word_1_552' title='bbox 1880 4009 1976 4077; x_wconf 90' lang='lat' dir='ltr'><strong>qui</strong></span> 
     </span>
    </p>
   </div>
   <div class='ocr_carea' id='block_1_74' title="bbox 399 4093 1979 4165">
    <p class='ocr_par' dir='ltr' id='par_1_74' title="bbox 399 4093 1979 4165">
     <span class='ocr_line' id='line_1_74' title="bbox 399 4093 1979 4165; baseline 0.004 -17"><span class='ocrx_word' id='word_1_553' title='bbox 399 4093 804 4164; x_wconf 77' lang='lat' dir='ltr'><strong>transfugiinus</strong></span> <span class='ocrx_word' id='word_1_554' title='bbox 837 4093 905 4147; x_wconf 90' lang='lat' dir='ltr'><strong>ad</strong></span> <span class='ocrx_word' id='word_1_555' title='bbox 950 4103 1261 4159; x_wconf 88' lang='lat' dir='ltr'><strong>serpentem</strong></span> <span class='ocrx_word' id='word_1_556' title='bbox 1298 4097 1389 4165; x_wconf 90' lang='lat' dir='ltr'><strong>qui</strong></span> <span class='ocrx_word' id='word_1_557' title='bbox 1424 4099 1664 4151; x_wconf 85' lang='lat' dir='ltr'><strong>vescitur</strong></span> <span class='ocrx_word' id='word_1_558' title='bbox 1708 4109 1874 4164; x_wconf 87' lang='lat' dir='ltr'><strong>terra,</strong></span> <span class='ocrx_word' id='word_1_559' title='bbox 1922 4108 1979 4155; x_wconf 92' lang='lat' dir='ltr'><strong>et</strong></span> 
     </span>
    </p>
   </div>
   <div class='ocr_carea' id='block_1_75' title="bbox 402 4186 1972 4257">
    <p class='ocr_par' dir='ltr' id='par_1_75' title="bbox 402 4186 1972 4257">
     <span class='ocr_line' id='line_1_75' title="bbox 402 4186 1972 4257; baseline 0.003 -17"><span class='ocrx_word' id='word_1_560' title='bbox 402 4188 457 4240; x_wconf 92' lang='lat' dir='ltr'><strong>in</strong></span> <span class='ocrx_word' id='word_1_561' title='bbox 489 4194 634 4241; x_wconf 89' lang='lat' dir='ltr'><strong>terra</strong></span> <span class='ocrx_word' id='word_1_562' title='bbox 680 4200 802 4241; x_wconf 88' lang='lat' dir='ltr'><strong>sese</strong></span> <span class='ocrx_word' id='word_1_563' title='bbox 845 4186 1093 4251; x_wconf 82' lang='lat' dir='ltr'><strong>involvit,</strong></span> <span class='ocrx_word' id='word_1_564' title='bbox 1139 4196 1193 4241; x_wconf 89' lang='lat' dir='ltr'><strong>et</strong></span> <span class='ocrx_word' id='word_1_565' title='bbox 1235 4203 1402 4256; x_wconf 89' lang='lat' dir='ltr'><strong>super</strong></span> <span class='ocrx_word' id='word_1_566' title='bbox 1430 4197 1620 4257; x_wconf 87' lang='lat' dir='ltr'><strong>pectus</strong></span> <span class='ocrx_word' id='word_1_567' title='bbox 1647 4198 1701 4243; x_wconf 89' lang='lat' dir='ltr'><strong>et</strong></span> <span class='ocrx_word' id='word_1_568' title='bbox 1725 4200 1972 4245; x_wconf 87' lang='lat' dir='ltr'><strong>ventrem</strong></span> 
     </span>
    </p>
   </div>
   <div class='ocr_carea' id='block_1_76' title="bbox 402 4278 1973 4347">
    <p class='ocr_par' dir='ltr' id='par_1_76' title="bbox 402 4278 1973 4347">
     <span class='ocr_line' id='line_1_76' title="bbox 402 4278 1973 4347; baseline 0.003 -15"><span class='ocrx_word' id='word_1_569' title='bbox 402 4295 562 4332; x_wconf 84' lang='lat' dir='ltr'><strong>suum</strong></span> <span class='ocrx_word' id='word_1_570' title='bbox 620 4278 925 4331; x_wconf 86' lang='lat' dir='ltr'><strong>inambulat</strong></span> <span class='ocrx_word' id='word_1_571' title='bbox 946 4278 1013 4341; x_wconf 80' lang='grc'><strong>⁷⁸,</strong></span> <span class='ocrx_word' id='word_1_572' title='bbox 1069 4285 1124 4333; x_wconf 88' lang='lat' dir='ltr'><strong>et</strong></span> <span class='ocrx_word' id='word_1_573' title='bbox 1176 4279 1333 4333; x_wconf 88' lang='lat' dir='ltr'><strong>nobis</strong></span> <span class='ocrx_word' id='word_1_574' title='bbox 1366 4288 1422 4333; x_wconf 89' lang='lat' dir='ltr'><strong>ut</strong></span> <span class='ocrx_word' id='word_1_575' title='bbox 1450 4278 1639 4333; x_wconf 84' lang='lat' dir='ltr'><strong>eadem</strong></span> <span class='ocrx_word' id='word_1_576' title='bbox 1686 4279 1973 4347; x_wconf 80' lang='lat' dir='ltr'><strong>faciamus,</strong></span> 
     </span>
    </p>
   </div>
   <div class='ocr_carea' id='block_1_77' title="bbox 402 4370 1972 4441">
    <p class='ocr_par' dir='ltr' id='par_1_77' title="bbox 402 4370 1972 4441">
     <span class='ocr_line' id='line_1_77' title="bbox 402 4370 1972 4441; baseline 0.001 -16"><span class='ocrx_word' id='word_1_577' title='bbox 402 4372 664 4437; x_wconf 82' lang='lat' dir='ltr'><strong>consulit,</strong></span> <span class='ocrx_word' id='word_1_578' title='bbox 691 4387 885 4441; x_wconf 86' lang='lat' dir='ltr'><strong>nempe</strong></span> <span class='ocrx_word' id='word_1_579' title='bbox 911 4379 970 4425; x_wconf 91' lang='lat' dir='ltr'><strong>ut</strong></span> <span class='ocrx_word' id='word_1_580' title='bbox 991 4370 1139 4425; x_wconf 90' lang='lat' dir='ltr'><strong>circa</strong></span> <span class='ocrx_word' id='word_1_581' title='bbox 1159 4378 1503 4425; x_wconf 86' lang='lat' dir='ltr'><strong>terrenarum</strong></span> <span class='ocrx_word' id='word_1_582' title='bbox 1531 4387 1712 4425; x_wconf 89' lang='lat' dir='ltr'><strong>rerum</strong></span> <span class='ocrx_word' id='word_1_583' title='bbox 1736 4373 1972 4427; x_wconf 89' lang='lat' dir='ltr'><strong>fructum</strong></span> 
     </span>
    </p>
   </div>
   <div class='ocr_carea' id='block_1_78' title="bbox 402 4444 2057 4535">
    <p class='ocr_par' dir='ltr' id='par_1_78' title="bbox 402 4444 2057 4535">
     <span class='ocr_line' id='line_1_78' title="bbox 402 4444 2057 4535; baseline 0.001 -17"><span class='ocrx_word' id='word_1_584' title='bbox 402 4477 467 4518; x_wconf 83' lang='lat' dir='ltr'><strong>ac</strong></span> <span class='ocrx_word' id='word_1_585' title='bbox 494 4465 827 4533; x_wconf 85' lang='lat' dir='ltr'><strong>voluptatem</strong></span> <span class='ocrx_word' id='word_1_586' title='bbox 860 4463 1114 4534; x_wconf 88' lang='lat' dir='ltr'><strong>occupati</strong></span> <span class='ocrx_word' id='word_1_587' title='bbox 1147 4464 1343 4527; x_wconf 86' lang='lat' dir='ltr'><strong>simus,</strong></span> <span class='ocrx_word' id='word_1_588' title='bbox 1384 4472 1438 4517; x_wconf 90' lang='lat' dir='ltr'><strong>et</strong></span> <span class='ocrx_word' id='word_1_589' title='bbox 1491 4464 1800 4520; x_wconf 86' lang='lat' dir='ltr'><strong>humilibus</strong></span> <span class='ocrx_word' id='word_1_590' title='bbox 1831 4466 1977 4535; x_wconf 88' lang='lat' dir='ltr'><strong>abje—</strong></span> <span class='ocrx_word' id='word_1_591' title='bbox 2010 4444 2057 4504; x_wconf 74' lang='grc' dir='ltr'><strong>θ</strong></span> 
     </span>
    </p>
   </div>
   <div class='ocr_carea' id='block_1_79' title="bbox 403 4556 1978 4626">
    <p class='ocr_par' dir='ltr' id='par_1_79' title="bbox 403 4556 1978 4626">
     <span class='ocr_line' id='line_1_79' title="bbox 403 4556 1978 4626; baseline 0.001 -16"><span class='ocrx_word' id='word_1_592' title='bbox 403 4557 616 4624; x_wconf 77' lang='lat' dir='ltr'><strong>rtisque</strong></span> <span class='ocrx_word' id='word_1_593' title='bbox 640 4556 1073 4626; x_wconf 77' lang='lat' dir='ltr'><strong>cogitationibus</strong></span> <span class='ocrx_word' id='word_1_594' title='bbox 1112 4569 1209 4609; x_wconf 88' lang='lat' dir='ltr'><strong>cor</strong></span> <span class='ocrx_word' id='word_1_595' title='bbox 1231 4563 1480 4610; x_wconf 87' lang='lat' dir='ltr'><strong>nostrum</strong></span> <span class='ocrx_word' id='word_1_596' title='bbox 1526 4556 1891 4625; x_wconf 85' lang='lat' dir='ltr'><strong>implicemus,</strong></span> <span class='ocrx_word' id='word_1_597' title='bbox 1926 4566 1978 4611; x_wconf 89' lang='lat' dir='ltr'><strong>et</strong></span> 
     </span>
    </p>
   </div>
   <div class='ocr_carea' id='block_1_80' title="bbox 402 4645 1981 4714">
    <p class='ocr_par' dir='ltr' id='par_1_80' title="bbox 402 4645 1981 4714">
     <span class='ocr_line' id='line_1_80' title="bbox 402 4645 1981 4714; baseline 0 -15"><span class='ocrx_word' id='word_1_598' title='bbox 402 4655 596 4701; x_wconf 80' lang='lat' dir='ltr'><strong>ventre</strong></span> <span class='ocrx_word' id='word_1_599' title='bbox 653 4646 1082 4710; x_wconf 89' lang='lat' dir='ltr'><strong>inambulcmus,</strong></span> <span class='ocrx_word' id='word_1_600' title='bbox 1121 4646 1172 4699; x_wconf 93' lang='lat' dir='ltr'><strong>id</strong></span> <span class='ocrx_word' id='word_1_601' title='bbox 1198 4654 1302 4710; x_wconf 89' lang='lat' dir='ltr'><strong>est,</strong></span> <span class='ocrx_word' id='word_1_602' title='bbox 1350 4646 1671 4714; x_wconf 76' lang='lat' dir='ltr'><strong>voluptaria:</strong></span> <span class='ocrx_word' id='word_1_603' title='bbox 1703 4645 1825 4699; x_wconf 66' lang='lat' dir='ltr'><strong>vita:</strong></span> <span class='ocrx_word' id='word_1_604' title='bbox 1861 4656 1981 4700; x_wconf 83' lang='lat' dir='ltr'><strong>stu-</strong></span> 
     </span>
    </p>
   </div>
   <div class='ocr_carea' id='block_1_81' title="bbox 403 4737 1983 4809">
    <p class='ocr_par' dir='ltr' id='par_1_81' title="bbox 403 4737 1983 4809">
     <span class='ocr_line' id='line_1_81' title="bbox 403 4737 1983 4809; baseline -0.003 -14"><span class='ocrx_word' id='word_1_605' title='bbox 403 4740 634 4796; x_wconf 85' lang='lat' dir='ltr'><strong>deamus</strong></span> <span class='ocrx_word' id='word_1_606' title='bbox 685 4747 739 4794; x_wconf 87' lang='lat' dir='ltr'><strong>et</strong></span> <span class='ocrx_word' id='word_1_607' title='bbox 784 4753 1006 4809; x_wconf 85' lang='lat' dir='ltr'><strong>operam</strong></span> <span class='ocrx_word' id='word_1_608' title='bbox 1044 4739 1237 4792; x_wconf 89' lang='lat' dir='ltr'><strong>demus</strong></span> <span class='ocrx_word' id='word_1_609' title='bbox 1271 4756 1286 4791; x_wconf 88' lang='lat'>:</span> <span class='ocrx_word' id='word_1_610' title='bbox 1325 4737 1379 4791; x_wconf 91' lang='lat' dir='ltr'><strong>in</strong></span> <span class='ocrx_word' id='word_1_611' title='bbox 1416 4738 1501 4791; x_wconf 90' lang='lat' dir='ltr'><strong>his</strong></span> <span class='ocrx_word' id='word_1_612' title='bbox 1549 4738 1717 4807; x_wconf 75' lang='lat' dir='ltr'><strong>igitur</strong></span> <span class='ocrx_word' id='word_1_613' title='bbox 1760 4754 1983 4792; x_wconf 85' lang='lat' dir='ltr'><strong>versan-</strong></span> 
     </span>
    </p>
   </div>
   <div class='ocr_carea' id='block_1_82' title="bbox 403 4826 1983 4903">
    <p class='ocr_par' dir='ltr' id='par_1_82' title="bbox 403 4826 1983 4903">
     <span class='ocr_line' id='line_1_82' title="bbox 403 4826 1983 4903; baseline -0.003 -17"><span class='ocrx_word' id='word_1_614' title='bbox 403 4842 509 4898; x_wconf 83' lang='lat' dir='ltr'><strong>tes,</strong></span> <span class='ocrx_word' id='word_1_615' title='bbox 535 4830 992 4903; x_wconf 87' lang='lat' dir='ltr'><strong>quemadmodum</strong></span> <span class='ocrx_word' id='word_1_616' title='bbox 1014 4830 1101 4883; x_wconf 89' lang='lat' dir='ltr'><strong>ille</strong></span> <span class='ocrx_word' id='word_1_617' title='bbox 1128 4826 1386 4897; x_wconf 82' lang='lat' dir='ltr'><strong>prodigus</strong></span> <span class='ocrx_word' id='word_1_618' title='bbox 1408 4839 1530 4897; x_wconf 86' lang='lat' dir='ltr'><strong>post</strong></span> <span class='ocrx_word' id='word_1_619' title='bbox 1553 4829 1765 4897; x_wconf 74' lang='lat' dir='ltr'><strong>longam</strong></span> <span class='ocrx_word' id='word_1_620' title='bbox 1783 4844 1983 4882; x_wconf 55' lang='lat' dir='ltr'><strong>aerum—</strong></span> 
     </span>
    </p>
   </div>
   <div class='ocr_carea' id='block_1_83' title="bbox 402 4920 1978 4995">
    <p class='ocr_par' dir='ltr' id='par_1_83' title="bbox 402 4920 1978 4995">
     <span class='ocr_line' id='line_1_83' title="bbox 402 4920 1978 4995; baseline -0.004 -14"><span class='ocrx_word' id='word_1_621' title='bbox 402 4942 551 4989; x_wconf 87' lang='lat' dir='ltr'><strong>nam,</strong></span> <span class='ocrx_word' id='word_1_622' title='bbox 590 4940 698 4995; x_wconf 87' lang='lat' dir='ltr'><strong>qua</strong></span> <span class='ocrx_word' id='word_1_623' title='bbox 733 4938 926 4994; x_wconf 88' lang='lat' dir='ltr'><strong>porcos</strong></span> <span class='ocrx_word' id='word_1_624' title='bbox 967 4937 1199 4992; x_wconf 84' lang='lat' dir='ltr'><strong>pascens</strong></span> <span class='ocrx_word' id='word_1_625' title='bbox 1230 4920 1670 4982; x_wconf 83' lang='lat' dir='ltr'><strong>conflictabatur,</strong></span> <span class='ocrx_word' id='word_1_626' title='bbox 1729 4920 1817 4975; x_wconf 87' lang='lat' dir='ltr'><strong>ubi</strong></span> <span class='ocrx_word' id='word_1_627' title='bbox 1866 4921 1978 4975; x_wconf 84' lang='lat' dir='ltr'><strong>sic-</strong></span> 
     </span>
    </p>
   </div>
   <div class='ocr_carea' id='block_1_84' title="bbox 404 5013 1980 5084">
    <p class='ocr_par' dir='ltr' id='par_1_84' title="bbox 404 5013 1980 5084">
     <span class='ocr_line' id='line_1_84' title="bbox 404 5013 1980 5084; baseline -0.003 -12"><span class='ocrx_word' id='word_1_628' title='bbox 404 5028 464 5072; x_wconf 92' lang='lat' dir='ltr'><strong>ut</strong></span> <span class='ocrx_word' id='word_1_629' title='bbox 493 5027 546 5071; x_wconf 84' lang='lat' dir='ltr'><strong>et</strong></span> <span class='ocrx_word' id='word_1_630' title='bbox 579 5019 669 5072; x_wconf 89' lang='lat' dir='ltr'><strong>ille</strong></span> <span class='ocrx_word' id='word_1_631' title='bbox 696 5017 763 5071; x_wconf 92' lang='lat' dir='ltr'><strong>ad</strong></span> <span class='ocrx_word' id='word_1_632' title='bbox 797 5014 1165 5084; x_wconf 87' lang='lat' dir='ltr'><strong>nosmetipsos</strong></span> <span class='ocrx_word' id='word_1_633' title='bbox 1199 5013 1547 5074; x_wconf 88' lang='lat' dir='ltr'><strong>redierimus,</strong></span> <span class='ocrx_word' id='word_1_634' title='bbox 1579 5024 1628 5068; x_wconf 85' lang='lat' dir='ltr'><strong>et</strong></span> <span class='ocrx_word' id='word_1_635' title='bbox 1653 5013 1720 5067; x_wconf 90' lang='lat' dir='ltr'><strong>de</strong></span> <span class='ocrx_word' id='word_1_636' title='bbox 1765 5013 1980 5068; x_wconf 64' lang='lat' dir='ltr'><strong>caelesti</strong></span> 
     </span>
    </p>
   </div>
   <div class='ocr_carea' id='block_1_85' title="bbox 408 5105 1979 5178">
    <p class='ocr_par' dir='ltr' id='par_1_85' title="bbox 408 5105 1979 5178">
     <span class='ocr_line' id='line_1_85' title="bbox 408 5105 1979 5178; baseline -0.002 -16"><span class='ocrx_word' id='word_1_637' title='bbox 408 5107 566 5162; x_wconf 80' lang='lat' dir='ltr'><strong>Patre</strong></span> <span class='ocrx_word' id='word_1_638' title='bbox 606 5109 847 5178; x_wconf 82' lang='lat' dir='ltr'><strong>cogitare</strong></span> <span class='ocrx_word' id='word_1_639' title='bbox 898 5106 1251 5174; x_wconf 68' lang='lat' dir='ltr'><strong>emperimus.</strong></span> <span class='ocrx_word' id='word_1_640' title='bbox 1310 5115 1458 5159; x_wconf 87' lang='lat' dir='ltr'><strong>recte</strong></span> <span class='ocrx_word' id='word_1_641' title='bbox 1495 5105 1698 5160; x_wconf 88' lang='lat' dir='ltr'><strong>talibus</strong></span> <span class='ocrx_word' id='word_1_642' title='bbox 1748 5106 1979 5160; x_wconf 88' lang='lat' dir='ltr'><strong>vocibus</strong></span> 
     </span>
    </p>
   </div>
   <div class='ocr_carea' id='block_1_86' title="bbox 405 5197 1978 5265">
    <p class='ocr_par' dir='ltr' id='par_1_86' title="bbox 405 5197 1978 5265">
     <span class='ocr_line' id='line_1_86' title="bbox 405 5197 1978 5265; baseline -0.003 -10"><span class='ocrx_word' id='word_1_643' title='bbox 405 5211 639 5265; x_wconf 88' lang='lat' dir='ltr'><strong>utemur,</strong></span> <span class='ocrx_word' id='word_1_644' title='bbox 676 5199 901 5254; x_wconf 80' lang='lat' dir='ltr'><strong>Remitte</strong></span> <span class='ocrx_word' id='word_1_645' title='bbox 926 5199 1072 5253; x_wconf 80' lang='lat' dir='ltr'><strong>nobis</strong></span> <span class='ocrx_word' id='word_1_646' title='bbox 1112 5197 1289 5252; x_wconf 78' lang='lat' dir='ltr'><strong>debita</strong></span> <span class='ocrx_word' id='word_1_647' title='bbox 1331 5206 1538 5261; x_wconf 83' lang='lat' dir='ltr'><strong>nostra,</strong></span> <span class='ocrx_word' id='word_1_648' title='bbox 1587 5197 1831 5252; x_wconf 83' lang='lat' dir='ltr'><strong>dicentes</strong></span> <span class='ocrx_word' id='word_1_649' title='bbox 1866 5217 1878 5251; x_wconf 92' lang='lat'><strong>:</strong></span> <span class='ocrx_word' id='word_1_650' title='bbox 1919 5205 1978 5251; x_wconf 88' lang='lat' dir='ltr'><strong>ut</strong></span> 
     </span>
    </p>
   </div>
   <div class='ocr_carea' id='block_1_87' title="bbox 402 5287 1977 5363">
    <p class='ocr_par' dir='ltr' id='par_1_87' title="bbox 402 5287 1977 5363">
     <span class='ocr_line' id='line_1_87' title="bbox 402 5287 1977 5363; baseline -0.001 -17"><span class='ocrx_word' id='word_1_651' title='bbox 402 5294 617 5348; x_wconf 83' lang='lat' dir='ltr'><strong>etiamsi</strong></span> <span class='ocrx_word' id='word_1_652' title='bbox 650 5293 861 5363; x_wconf 80' lang='lat' dir='ltr'><strong>Moyses</strong></span> <span class='ocrx_word' id='word_1_653' title='bbox 890 5293 1159 5362; x_wconf 88' lang='lat' dir='ltr'><strong>quispiam</strong></span> <span class='ocrx_word' id='word_1_654' title='bbox 1191 5291 1283 5352; x_wconf 91' lang='lat' dir='ltr'><strong>sit,</strong></span> <span class='ocrx_word' id='word_1_655' title='bbox 1315 5297 1370 5345; x_wconf 89' lang='lat' dir='ltr'><strong>et</strong></span> <span class='ocrx_word' id='word_1_656' title='bbox 1402 5287 1646 5354; x_wconf 91' lang='lat' dir='ltr'><strong>Samuel,</strong></span> <span class='ocrx_word' id='word_1_657' title='bbox 1682 5297 1739 5342; x_wconf 90' lang='lat' dir='ltr'><strong>et</strong></span> <span class='ocrx_word' id='word_1_658' title='bbox 1779 5289 1977 5359; x_wconf 89' lang='lat' dir='ltr'><strong>aliquis</strong></span> 
     </span>
    </p>
   </div>
   <div class='ocr_carea' id='block_1_88' title="bbox 405 5382 1977 5452">
    <p class='ocr_par' dir='ltr' id='par_1_88' title="bbox 405 5382 1977 5452">
     <span class='ocr_line' id='line_1_88' title="bbox 405 5382 1977 5452; baseline 0 -14"><span class='ocrx_word' id='word_1_659' title='bbox 405 5386 546 5440; x_wconf 90' lang='lat' dir='ltr'><strong>alius</strong></span> <span class='ocrx_word' id='word_1_660' title='bbox 571 5387 769 5442; x_wconf 90' lang='lat' dir='ltr'><strong>virtute</strong></span> <span class='ocrx_word' id='word_1_661' title='bbox 788 5386 1087 5446; x_wconf 79' lang='lat' dir='ltr'><strong>excellens,</strong></span> <span class='ocrx_word' id='word_1_662' title='bbox 1113 5384 1497 5449; x_wconf 87' lang='lat' dir='ltr'><strong>nihilominus,</strong></span> <span class='ocrx_word' id='word_1_663' title='bbox 1516 5393 1790 5452; x_wconf 90' lang='lat' dir='ltr'><strong>quatenus</strong></span> <span class='ocrx_word' id='word_1_664' title='bbox 1812 5382 1977 5438; x_wconf 91' lang='lat' dir='ltr'><strong>homo</strong></span> 
     </span>
    </p>
   </div>
   <div class='ocr_carea' id='block_1_89' title="bbox 406 5474 1978 5545">
    <p class='ocr_par' dir='ltr' id='par_1_89' title="bbox 406 5474 1978 5545">
     <span class='ocr_line' id='line_1_89' title="bbox 406 5474 1978 5545; baseline -0.003 -14"><span class='ocrx_word' id='word_1_665' title='bbox 406 5488 511 5541; x_wconf 83' lang='lat' dir='ltr'><strong>est,</strong></span> <span class='ocrx_word' id='word_1_666' title='bbox 546 5477 685 5530; x_wconf 83' lang='lat' dir='ltr'><strong>hanc</strong></span> <span class='ocrx_word' id='word_1_667' title='bbox 711 5492 898 5532; x_wconf 89' lang='lat' dir='ltr'><strong>vocem</strong></span> <span class='ocrx_word' id='word_1_668' title='bbox 927 5477 1031 5532; x_wconf 91' lang='lat' dir='ltr'><strong>sibi</strong></span> <span class='ocrx_word' id='word_1_669' title='bbox 1062 5475 1360 5531; x_wconf 79' lang='lat' dir='ltr'><strong>convenire</strong></span> <span class='ocrx_word' id='word_1_670' title='bbox 1395 5481 1570 5545; x_wconf 88' lang='lat' dir='ltr'><strong>putet,</strong></span> <span class='ocrx_word' id='word_1_671' title='bbox 1615 5482 1674 5528; x_wconf 91' lang='lat' dir='ltr'><strong>ut</strong></span> <span class='ocrx_word' id='word_1_672' title='bbox 1702 5474 1794 5544; x_wconf 92' lang='lat' dir='ltr'><strong>qui</strong></span> <span class='ocrx_word' id='word_1_673' title='bbox 1826 5490 1978 5529; x_wconf 88' lang='lat' dir='ltr'><strong>com-</strong></span> 
     </span>
    </p>
   </div>
   <div class='ocr_carea' id='block_1_90' title="bbox 407 5569 1976 5638">
    <p class='ocr_par' dir='ltr' id='par_1_90' title="bbox 407 5569 1976 5638">
     <span class='ocr_line' id='line_1_90' title="bbox 407 5569 1976 5638; baseline -0.003 -15"><span class='ocrx_word' id='word_1_674' title='bbox 407 5584 626 5623; x_wconf 87' lang='lat' dir='ltr'><strong>munem</strong></span> <span class='ocrx_word' id='word_1_675' title='bbox 644 5570 841 5624; x_wconf 87' lang='lat' dir='ltr'><strong>habeat</strong></span> <span class='ocrx_word' id='word_1_676' title='bbox 864 5585 987 5622; x_wconf 86' lang='lat' dir='ltr'><strong>cnm</strong></span> <span class='ocrx_word' id='word_1_677' title='bbox 1014 5569 1224 5623; x_wconf 87' lang='lat' dir='ltr'><strong>Adamo</strong></span> <span class='ocrx_word' id='word_1_678' title='bbox 1246 5576 1524 5632; x_wconf 88' lang='lat' dir='ltr'><strong>naturam,</strong></span> <span class='ocrx_word' id='word_1_679' title='bbox 1550 5569 1825 5638; x_wconf 80' lang='lat' dir='ltr'><strong>particeps</strong></span> <span class='ocrx_word' id='word_1_680' title='bbox 1849 5569 1976 5623; x_wconf 89' lang='lat' dir='ltr'><strong>item</strong></span> 
     </span>
    </p>
   </div>
   <div class='ocr_carea' id='block_1_91' title="bbox 404 5660 1064 5731">
    <p class='ocr_par' dir='ltr' id='par_1_91' title="bbox 404 5660 1064 5731">
     <span class='ocr_line' id='line_1_91' title="bbox 404 5660 1064 5731; baseline 0 -16"><span class='ocrx_word' id='word_1_681' title='bbox 404 5660 689 5731; x_wconf 85' lang='lat' dir='ltr'><strong>ejectionis</strong></span> <span class='ocrx_word' id='word_1_682' title='bbox 718 5675 934 5730; x_wconf 86' lang='lat' dir='ltr'><strong>quoque</strong></span> <span class='ocrx_word' id='word_1_683' title='bbox 974 5660 1064 5715; x_wconf 87' lang='lat' dir='ltr'><strong>sit.</strong></span> 
     </span>
    </p>
   </div>
   <div class='ocr_carea' id='block_1_92' title="bbox 477 5778 1153 5845">
    <p class='ocr_par' dir='ltr' id='par_1_92' title="bbox 477 5778 1153 5845">
     <span class='ocr_line' id='line_1_92' title="bbox 477 5778 1153 5845; baseline -0.001 -12"><span class='ocrx_word' id='word_1_684' title='bbox 477 5782 522 5812; x_wconf 87' lang='lat'><strong>&#39;“&#39;</strong></span> <span class='ocrx_word' id='word_1_685' title='bbox 564 5778 697 5834; x_wconf 85' lang='lat' dir='ltr'><strong>Luc.</strong></span> <span class='ocrx_word' id='word_1_686' title='bbox 734 5795 901 5845; x_wconf 75' lang='lat' dir='ltr'><strong>xviii,</strong></span> <span class='ocrx_word' id='word_1_687' title='bbox 944 5779 1006 5833; x_wconf 81' lang='grc'><strong>10</strong></span> <span class='ocrx_word' id='word_1_688' title='bbox 1034 5796 1153 5845; x_wconf 87' lang='lat' dir='ltr'><strong>sqq.</strong></span> 
     </span>
    </p>
   </div>
   <div class='ocr_carea' id='block_1_93' title="bbox 1232 5776 2273 5841">
    <p class='ocr_par' dir='ltr' id='par_1_93' title="bbox 1232 5776 2273 5841">
     <span class='ocr_line' id='line_1_93' title="bbox 1232 5776 2273 5841; baseline -0.001 -9"><span class='ocrx_word' id='word_1_689' title='bbox 1232 5779 1275 5811; x_wconf 71' lang='grc'><strong>⁷⁸</strong></span> <span class='ocrx_word' id='word_1_690' title='bbox 1316 5778 1478 5832; x_wconf 82' lang='lat' dir='ltr'><strong>Prov.</strong></span> <span class='ocrx_word' id='word_1_691' title='bbox 1513 5794 1659 5841; x_wconf 64' lang='lat' dir='ltr'><strong>xxiv,</strong></span> <span class='ocrx_word' id='word_1_692' title='bbox 1699 5776 1780 5832; x_wconf 82' lang='grc'><strong>16.</strong></span> <span class='ocrx_word' id='word_1_693' title='bbox 1861 5778 1902 5810; x_wconf 80' lang='grc'><strong>⁷⁷</strong></span> <span class='ocrx_word' id='word_1_694' title='bbox 1947 5777 2083 5834; x_wconf 85' lang='lat' dir='ltr'><strong>Gcn.</strong></span> <span class='ocrx_word' id='word_1_695' title='bbox 2120 5791 2185 5838; x_wconf 87' lang='grc' dir='ltr'><strong>ιι,</strong></span> <span class='ocrx_word' id='word_1_696' title='bbox 2221 5782 2273 5831; x_wconf 74' lang='grc' dir='ltr'><strong>ό.</strong></span> 
     </span>
    </p>
   </div>
   <div class='ocr_carea' id='block_1_94' title="bbox 2076 3179 3646 3252">
    <p class='ocr_par' dir='ltr' id='par_1_94' title="bbox 2076 3179 3646 3252">
     <span class='ocr_line' id='line_1_94' title="bbox 2076 3179 3646 3252; baseline 0.001 -20"><span class='ocrx_word' id='word_1_697' title='bbox 2076 3180 2318 3251; x_wconf 83' lang='grc' dir='ltr'><strong>περιέχει</strong></span> <span class='ocrx_word' id='word_1_698' title='bbox 2348 3182 2407 3233; x_wconf 85' lang='grc' dir='ltr'><strong>τὸ</strong></span> <span class='ocrx_word' id='word_1_699' title='bbox 2433 3182 2540 3234; x_wconf 72' lang='grc' dir='ltr'>πᾶν</span> <span class='ocrx_word' id='word_1_700' title='bbox 2572 3199 2584 3211; x_wconf 93' lang='grc'><strong>·</strong></span> <span class='ocrx_word' id='word_1_701' title='bbox 2619 3180 2734 3235; x_wconf 86' lang='grc' dir='ltr'>ἀλλ’</span> <span class='ocrx_word' id='word_1_702' title='bbox 2768 3180 2844 3244; x_wconf 85' lang='grc' dir='ltr'>ὡς</span> <span class='ocrx_word' id='word_1_703' title='bbox 2873 3182 2932 3234; x_wconf 82' lang='grc' dir='ltr'>ὲν</span> <span class='ocrx_word' id='word_1_704' title='bbox 2976 3179 3259 3244; x_wconf 81' lang='grc' dir='ltr'>ἀνατολαῖς</span> <span class='ocrx_word' id='word_1_705' title='bbox 3296 3184 3402 3251; x_wconf 78' lang='grc' dir='ltr'>τῆς</span> <span class='ocrx_word' id='word_1_706' title='bbox 3428 3182 3646 3252; x_wconf 72' lang='grc' dir='ltr'>πρώτης</span> 
     </span>
    </p>
   </div>
   <div class='ocr_carea' id='block_1_95' title="bbox 2076 3269 3647 3344">
    <p class='ocr_par' dir='ltr' id='par_1_95' title="bbox 2076 3269 3647 3344">
     <span class='ocr_line' id='line_1_95' title="bbox 2076 3269 3647 3344; baseline 0.001 -21"><span class='ocrx_word' id='word_1_707' title='bbox 2076 3274 2211 3342; x_wconf 82' lang='grc' dir='ltr'>ἡμῖν</span> <span class='ocrx_word' id='word_1_708' title='bbox 2241 3271 2499 3343; x_wconf 82' lang='grc' dir='ltr'>πατρίδος</span> <span class='ocrx_word' id='word_1_709' title='bbox 2545 3269 2749 3342; x_wconf 82' lang='grc' dir='ltr'>οὔσης·</span> <span class='ocrx_word' id='word_1_710' title='bbox 2796 3271 2940 3339; x_wconf 83' lang='grc' dir='ltr'>λέγω</span> <span class='ocrx_word' id='word_1_711' title='bbox 2982 3271 3038 3323; x_wconf 85' lang='grc' dir='ltr'>δὲ</span> <span class='ocrx_word' id='word_1_712' title='bbox 3080 3271 3180 3341; x_wconf 81' lang='grc' dir='ltr'><strong>τῆς</strong></span> <span class='ocrx_word' id='word_1_713' title='bbox 3210 3272 3291 3324; x_wconf 78' lang='grc' dir='ltr'><strong>-ὲν</strong></span> <span class='ocrx_word' id='word_1_714' title='bbox 3335 3272 3647 3344; x_wconf 76' lang='grc' dir='ltr'>παραδείσῳ</span> 
     </span>
    </p>
   </div>
   <div class='ocr_carea' id='block_1_96' title="bbox 2074 3357 3648 3433">
    <p class='ocr_par' dir='ltr' id='par_1_96' title="bbox 2074 3357 3648 3433">
     <span class='ocr_line' id='line_1_96' title="bbox 2074 3357 3648 3433; baseline 0 -16"><span class='ocrx_word' id='word_1_715' title='bbox 2074 3363 2366 3433; x_wconf 75' lang='grc' dir='ltr'>διαγωγῆς,</span> <span class='ocrx_word' id='word_1_716' title='bbox 2423 3357 2490 3433; x_wconf 80' lang='grc' dir='ltr'>ἦς</span> <span class='ocrx_word' id='word_1_717' title='bbox 2533 3361 2989 3432; x_wconf 59' lang='grc' dir='ltr'>ἐκπεπτώκαμεν</span> <span class='ocrx_word' id='word_1_718' title='bbox 3042 3362 3472 3430; x_wconf 63' lang='grc' dir='ltr'><strong>Ὲφύτευσενό</strong></span> <span class='ocrx_word' id='word_1_719' title='bbox 3506 3365 3648 3429; x_wconf 74' lang='grc' dir='ltr'>Θεὸς</span> 
     </span>
    </p>
   </div>
   <div class='ocr_carea' id='block_1_97' title="bbox 2075 3454 3651 3525">
    <p class='ocr_par' dir='ltr' id='par_1_97' title="bbox 2075 3454 3651 3525">
     <span class='ocr_line' id='line_1_97' title="bbox 2075 3454 3651 3525; baseline 0 -16"><span class='ocrx_word' id='word_1_720' title='bbox 2075 3454 2446 3525; x_wconf 79' lang='grc' dir='ltr'>παράδεισον</span> <span class='ocrx_word' id='word_1_721' title='bbox 2468 3456 2539 3508; x_wconf 84' lang='grc' dir='ltr'><strong>ἐν</strong></span> <span class='ocrx_word' id='word_1_722' title='bbox 2578 3454 2751 3523; x_wconf 82' lang='grc' dir='ltr'><strong>Ἐδέμ</strong></span> <span class='ocrx_word' id='word_1_723' title='bbox 2773 3454 2921 3509; x_wconf 82' lang='grc' dir='ltr'>κατὰ</span> <span class='ocrx_word' id='word_1_724' title='bbox 2950 3454 3254 3519; x_wconf 68' lang='grc' dir='ltr'>ἀνατολάς</span> <span class='ocrx_word' id='word_1_725' title='bbox 3278 3472 3292 3485; x_wconf 76' lang='grc' dir='ltr'><strong>ο</strong></span> <span class='ocrx_word' id='word_1_726' title='bbox 3312 3457 3444 3509; x_wconf 78' lang='grc' dir='ltr'>ὅταν</span> <span class='ocrx_word' id='word_1_727' title='bbox 3474 3457 3651 3509; x_wconf 82' lang='grc' dir='ltr'>τοίνυν</span> 
     </span>
    </p>
   </div>
   <div class='ocr_carea' id='block_1_98' title="bbox 2075 3546 3645 3621">
    <p class='ocr_par' dir='ltr' id='par_1_98' title="bbox 2075 3546 3645 3621">
     <span class='ocr_line' id='line_1_98' title="bbox 2075 3546 3645 3621; baseline 0 -19"><span class='ocrx_word' id='word_1_728' title='bbox 2075 3550 2211 3621; x_wconf 81' lang='grc' dir='ltr'>πρὸς</span> <span class='ocrx_word' id='word_1_729' title='bbox 2229 3549 2328 3608; x_wconf 77' lang='grc' dir='ltr'>τὰς</span> <span class='ocrx_word' id='word_1_730' title='bbox 2353 3547 2612 3611; x_wconf 77' lang='grc' dir='ltr'>ἀνατολὰς</span> <span class='ocrx_word' id='word_1_731' title='bbox 2630 3547 2933 3618; x_wconf 81' lang='grc' dir='ltr'>βλέπωμεν,</span> <span class='ocrx_word' id='word_1_732' title='bbox 2953 3548 3046 3600; x_wconf 74' lang='grc' dir='ltr'><strong>καὶ</strong></span> <span class='ocrx_word' id='word_1_733' title='bbox 3066 3547 3165 3617; x_wconf 86' lang='grc' dir='ltr'><strong>τῆς</strong></span> <span class='ocrx_word' id='word_1_734' title='bbox 3186 3546 3524 3611; x_wconf 71' lang='grc' dir='ltr'>ἐκπτώσεως</span> <span class='ocrx_word' id='word_1_735' title='bbox 3540 3548 3645 3602; x_wconf 81' lang='grc' dir='ltr'><strong>τῶν</strong></span> 
     </span>
    </p>
   </div>
   <div class='ocr_carea' id='block_1_99' title="bbox 2077 3638 3655 3711">
    <p class='ocr_par' dir='ltr' id='par_1_99' title="bbox 2077 3638 3655 3711">
     <span class='ocr_line' id='line_1_99' title="bbox 2077 3638 3655 3711; baseline -0.001 -16"><span class='ocrx_word' id='word_1_736' title='bbox 2077 3640 2356 3710; x_wconf 78' lang='grc' dir='ltr'>φωτεινῶν</span> <span class='ocrx_word' id='word_1_737' title='bbox 2394 3656 2454 3693; x_wconf 87' lang='grc' dir='ltr'><strong>τε</strong></span> <span class='ocrx_word' id='word_1_738' title='bbox 2489 3641 2583 3693; x_wconf 73' lang='grc' dir='ltr'>καὶ</span> <span class='ocrx_word' id='word_1_739' title='bbox 2616 3638 2948 3693; x_wconf 84' lang='grc' dir='ltr'>ἀνατολικῶν</span> <span class='ocrx_word' id='word_1_740' title='bbox 2985 3639 3083 3707; x_wconf 81' lang='grc' dir='ltr'>τῆς</span> <span class='ocrx_word' id='word_1_741' title='bbox 3130 3640 3538 3711; x_wconf 74' lang='grc' dir='ltr'>μακαριότητος</span> <span class='ocrx_word' id='word_1_742' title='bbox 3575 3639 3655 3694; x_wconf 83' lang='grc' dir='ltr'><strong>τό·</strong></span> 
     </span>
    </p>
   </div>
   <div class='ocr_carea' id='block_1_100' title="bbox 2078 3730 3653 3804">
    <p class='ocr_par' dir='ltr' id='par_1_100' title="bbox 2078 3730 3653 3804">
     <span class='ocr_line' id='line_1_100' title="bbox 2078 3730 3653 3804; baseline -0.004 -17"><span class='ocrx_word' id='word_1_743' title='bbox 2078 3735 2305 3803; x_wconf 52' lang='grc' dir='ltr'>πωνιτῇ</span> <span class='ocrx_word' id='word_1_744' title='bbox 2340 3731 2548 3803; x_wconf 75' lang='grc' dir='ltr'>διανοίᾳ</span> <span class='ocrx_word' id='word_1_745' title='bbox 2575 3733 2674 3801; x_wconf 80' lang='grc' dir='ltr'>τὴν</span> <span class='ocrx_word' id='word_1_746' title='bbox 2709 3732 2929 3801; x_wconf 79' lang='grc' dir='ltr'>μνήμην</span> <span class='ocrx_word' id='word_1_747' title='bbox 2965 3730 3253 3801; x_wconf 76' lang='grc' dir='ltr'>λάϐωμεν,</span> <span class='ocrx_word' id='word_1_748' title='bbox 3285 3732 3518 3796; x_wconf 80' lang='grc' dir='ltr'>εἰκότως</span> <span class='ocrx_word' id='word_1_749' title='bbox 3551 3732 3653 3804; x_wconf 72' lang='grc' dir='ltr'><strong>τὴν</strong></span> 
     </span>
    </p>
   </div>
   <div class='ocr_carea' id='block_1_101' title="bbox 2077 3822 3655 3895">
    <p class='ocr_par' dir='ltr' id='par_1_101' title="bbox 2077 3822 3655 3895">
     <span class='ocr_line' id='line_1_101' title="bbox 2077 3822 3655 3895; baseline -0.003 -17"><span class='ocrx_word' id='word_1_750' title='bbox 2077 3825 2332 3895; x_wconf 82' lang='grc' dir='ltr'>τοιαύτην</span> <span class='ocrx_word' id='word_1_751' title='bbox 2366 3823 2547 3893; x_wconf 83' lang='grc' dir='ltr'>φωνὴν</span> <span class='ocrx_word' id='word_1_752' title='bbox 2577 3822 3045 3894; x_wconf 72' lang='grc' dir='ltr'>προσϐαλλόμεθα,</span> <span class='ocrx_word' id='word_1_753' title='bbox 3081 3823 3129 3876; x_wconf 77' lang='grc' dir='ltr'>οἱ</span> <span class='ocrx_word' id='word_1_754' title='bbox 3157 3822 3263 3875; x_wconf 78' lang='grc' dir='ltr'>ὑπὸ</span> <span class='ocrx_word' id='word_1_755' title='bbox 3286 3823 3390 3893; x_wconf 86' lang='grc' dir='ltr'><strong>τῆς</strong></span> <span class='ocrx_word' id='word_1_756' title='bbox 3414 3825 3655 3894; x_wconf 76' lang='grc' dir='ltr'>πονηρᾶς</span> 
     </span>
    </p>
   </div>
   <div class='ocr_carea' id='block_1_102' title="bbox 2077 3910 3654 3984">
    <p class='ocr_par' dir='ltr' id='par_1_102' title="bbox 2077 3910 3654 3984">
     <span class='ocr_line' id='line_1_102' title="bbox 2077 3910 3654 3984; baseline 0 -16"><span class='ocrx_word' id='word_1_757' title='bbox 2077 3914 2174 3968; x_wconf 81' lang='grc' dir='ltr'>τοῦ</span> <span class='ocrx_word' id='word_1_758' title='bbox 2226 3914 2341 3984; x_wconf 88' lang='grc' dir='ltr'>βίου</span> <span class='ocrx_word' id='word_1_759' title='bbox 2386 3912 2560 3983; x_wconf 82' lang='grc' dir='ltr'>συκῆς</span> <span class='ocrx_word' id='word_1_760' title='bbox 2615 3910 2959 3983; x_wconf 74' lang='grc' dir='ltr'>σκιαζόμενοι</span> <span class='ocrx_word' id='word_1_761' title='bbox 2984 3950 3000 3975; x_wconf 90' lang='grc'><strong>,</strong></span> <span class='ocrx_word' id='word_1_762' title='bbox 3033 3913 3083 3965; x_wconf 78' lang='grc' dir='ltr'>οἱ</span> <span class='ocrx_word' id='word_1_763' title='bbox 3131 3912 3191 3979; x_wconf 75' lang='grc' dir='ltr'>ἐξ</span> <span class='ocrx_word' id='word_1_764' title='bbox 3226 3912 3528 3983; x_wconf 71' lang='grc' dir='ltr'>ὀφθαλμῶν</span> <span class='ocrx_word' id='word_1_765' title='bbox 3564 3913 3654 3968; x_wconf 75' lang='grc' dir='ltr'><strong>τοῦ</strong></span> 
     </span>
    </p>
   </div>
   <div class='ocr_carea' id='block_1_103' title="bbox 2076 4004 3653 4077">
    <p class='ocr_par' dir='ltr' id='par_1_103' title="bbox 2076 4004 3653 4077">
     <span class='ocr_line' id='line_1_103' title="bbox 2076 4004 3653 4077; baseline 0.001 -18"><span class='ocrx_word' id='word_1_766' title='bbox 2076 4005 2213 4059; x_wconf 83' lang='grc' dir='ltr'>Θεοῦ</span> <span class='ocrx_word' id='word_1_767' title='bbox 2256 4005 2548 4077; x_wconf 77' lang='grc' dir='ltr'>ῥιφέντες,</span> <span class='ocrx_word' id='word_1_768' title='bbox 2589 4007 2637 4058; x_wconf 90' lang='grc' dir='ltr'>οἱ</span> <span class='ocrx_word' id='word_1_769' title='bbox 2687 4004 2821 4075; x_wconf 84' lang='grc' dir='ltr'>πρὸς</span> <span class='ocrx_word' id='word_1_770' title='bbox 2867 4005 2958 4058; x_wconf 86' lang='grc' dir='ltr'><strong>τὸν</strong></span> <span class='ocrx_word' id='word_1_771' title='bbox 3003 4004 3125 4074; x_wconf 76' lang='grc' dir='ltr'><strong>ὅφιν</strong></span> <span class='ocrx_word' id='word_1_772' title='bbox 3160 4006 3653 4076; x_wconf 73' lang='grc' dir='ltr'>αὐτομολήσαντες,</span> 
     </span>
    </p>
   </div>
   <div class='ocr_carea' id='block_1_104' title="bbox 2078 4096 3655 4171">
    <p class='ocr_par' dir='ltr' id='par_1_104' title="bbox 2078 4096 3655 4171">
     <span class='ocr_line' id='line_1_104' title="bbox 2078 4096 3655 4171; baseline 0 -19"><span class='ocrx_word' id='word_1_773' title='bbox 2078 4098 2323 4152; x_wconf 70' lang='grc' dir='ltr'>ἐσθίοντα</span> <span class='ocrx_word' id='word_1_774' title='bbox 2360 4097 2451 4151; x_wconf 74' lang='grc' dir='ltr'><strong>καὶ</strong></span> <span class='ocrx_word' id='word_1_775' title='bbox 2479 4099 2559 4159; x_wconf 86' lang='grc' dir='ltr'><strong>είς</strong></span> <span class='ocrx_word' id='word_1_776' title='bbox 2591 4097 2694 4168; x_wconf 80' lang='grc' dir='ltr'><strong>γῆν</strong></span> <span class='ocrx_word' id='word_1_777' title='bbox 2731 4096 3133 4167; x_wconf 74' lang='grc' dir='ltr'>ἰλυσπώμενον,</span> <span class='ocrx_word' id='word_1_778' title='bbox 3172 4098 3268 4151; x_wconf 80' lang='grc' dir='ltr'>καὶ</span> <span class='ocrx_word' id='word_1_779' title='bbox 3301 4098 3397 4152; x_wconf 77' lang='grc' dir='ltr'><strong>ἐπὶ</strong></span> <span class='ocrx_word' id='word_1_780' title='bbox 3430 4099 3495 4152; x_wconf 81' lang='grc' dir='ltr'>τὸ</span> <span class='ocrx_word' id='word_1_781' title='bbox 3530 4101 3655 4171; x_wconf 78' lang='grc' dir='ltr'>στῆ-</span> 
     </span>
    </p>
   </div>
   <div class='ocr_carea' id='block_1_105' title="bbox 2080 4188 3658 4262">
    <p class='ocr_par' dir='ltr' id='par_1_105' title="bbox 2080 4188 3658 4262">
     <span class='ocr_line' id='line_1_105' title="bbox 2080 4188 3658 4262; baseline 0 -19"><span class='ocrx_word' id='word_1_782' title='bbox 2080 4190 2171 4253; x_wconf 80' lang='grc' dir='ltr'><strong>θος</strong></span> <span class='ocrx_word' id='word_1_783' title='bbox 2196 4191 2291 4244; x_wconf 72' lang='grc' dir='ltr'><strong>καὶ</strong></span> <span class='ocrx_word' id='word_1_784' title='bbox 2322 4190 2420 4261; x_wconf 84' lang='grc' dir='ltr'>τὴν</span> <span class='ocrx_word' id='word_1_785' title='bbox 2449 4189 2656 4243; x_wconf 87' lang='grc' dir='ltr'>κοιλίαν</span> <span class='ocrx_word' id='word_1_786' title='bbox 2705 4188 2897 4242; x_wconf 78' lang='grc' dir='ltr'>ἑαυτοῦ</span> <span class='ocrx_word' id='word_1_787' title='bbox 2937 4189 3298 4260; x_wconf 83' lang='grc' dir='ltr'>πορευόμενον</span> <span class='ocrx_word' id='word_1_788' title='bbox 3319 4230 3335 4256; x_wconf 92' lang='grc'><strong>,</strong></span> <span class='ocrx_word' id='word_1_789' title='bbox 3382 4191 3478 4245; x_wconf 75' lang='grc' dir='ltr'>καὶ</span> <span class='ocrx_word' id='word_1_790' title='bbox 3527 4193 3658 4262; x_wconf 68' lang='grc' dir='ltr'>ἡμῖν</span> 
     </span>
    </p>
   </div>
   <div class='ocr_carea' id='block_1_106' title="bbox 2077 4279 3656 4352">
    <p class='ocr_par' dir='ltr' id='par_1_106' title="bbox 2077 4279 3656 4352">
     <span class='ocr_line' id='line_1_106' title="bbox 2077 4279 3656 4352; baseline -0.001 -17"><span class='ocrx_word' id='word_1_791' title='bbox 2077 4283 2144 4335; x_wconf 71' lang='grc' dir='ltr'><strong>τὰ</strong></span> <span class='ocrx_word' id='word_1_792' title='bbox 2174 4283 2262 4335; x_wconf 80' lang='grc' dir='ltr'>ἴσα</span> <span class='ocrx_word' id='word_1_793' title='bbox 2290 4283 2466 4334; x_wconf 86' lang='grc' dir='ltr'>ποιεῖν</span> <span class='ocrx_word' id='word_1_794' title='bbox 2500 4279 2954 4351; x_wconf 78' lang='grc' dir='ltr'>συμϐουλεύοντα,</span> <span class='ocrx_word' id='word_1_795' title='bbox 2995 4280 3123 4352; x_wconf 82' lang='grc' dir='ltr'>περὶ</span> <span class='ocrx_word' id='word_1_796' title='bbox 3162 4279 3260 4351; x_wconf 82' lang='grc' dir='ltr'><strong>τὴν</strong></span> <span class='ocrx_word' id='word_1_797' title='bbox 3292 4282 3492 4352; x_wconf 78' lang='grc' dir='ltr'>γηῖνην</span> <span class='ocrx_word' id='word_1_798' title='bbox 3525 4279 3656 4334; x_wconf 77' lang='grc' dir='ltr'>ἀπό-</span> 
     </span>
    </p>
   </div>
   <div class='ocr_carea' id='block_1_107' title="bbox 2079 4369 3654 4443">
    <p class='ocr_par' dir='ltr' id='par_1_107' title="bbox 2079 4369 3654 4443">
     <span class='ocr_line' id='line_1_107' title="bbox 2079 4369 3654 4443; baseline -0.001 -17"><span class='ocrx_word' id='word_1_799' title='bbox 2079 4373 2270 4426; x_wconf 89' lang='grc' dir='ltr'>λαυσιν</span> <span class='ocrx_word' id='word_1_800' title='bbox 2315 4372 2479 4443; x_wconf 80' lang='grc' dir='ltr'>ἔχειν,</span> <span class='ocrx_word' id='word_1_801' title='bbox 2538 4373 2630 4425; x_wconf 73' lang='grc' dir='ltr'><strong>καὶ</strong></span> <span class='ocrx_word' id='word_1_802' title='bbox 2664 4373 2777 4435; x_wconf 88' lang='grc' dir='ltr'>τοῖς</span> <span class='ocrx_word' id='word_1_803' title='bbox 2816 4369 3173 4442; x_wconf 77' lang='grc' dir='ltr'>χαμαιζήλοις</span> <span class='ocrx_word' id='word_1_804' title='bbox 3207 4373 3304 4425; x_wconf 77' lang='grc' dir='ltr'><strong>καὶ</strong></span> <span class='ocrx_word' id='word_1_805' title='bbox 3342 4375 3654 4443; x_wconf 77' lang='grc' dir='ltr'>χαμερπὲσι</span> 
     </span>
    </p>
   </div>
   <div class='ocr_carea' id='block_1_108' title="bbox 2080 4461 3655 4536">
    <p class='ocr_par' dir='ltr' id='par_1_108' title="bbox 2080 4461 3655 4536">
     <span class='ocr_line' id='line_1_108' title="bbox 2080 4461 3655 4536; baseline -0.002 -18"><span class='ocrx_word' id='word_1_806' title='bbox 2080 4464 2177 4536; x_wconf 84' lang='grc' dir='ltr'>τὴν</span> <span class='ocrx_word' id='word_1_807' title='bbox 2236 4463 2462 4533; x_wconf 83' lang='grc' dir='ltr'>καρδίαν</span> <span class='ocrx_word' id='word_1_808' title='bbox 2502 4461 2709 4516; x_wconf 83' lang='grc' dir='ltr'>ἑαυτῶν</span> <span class='ocrx_word' id='word_1_809' title='bbox 2765 4462 3044 4533; x_wconf 73' lang='grc' dir='ltr'>ἐπισύρειν</span> <span class='ocrx_word' id='word_1_810' title='bbox 3099 4464 3332 4532; x_wconf 85' lang='grc' dir='ltr'>νοήμασι</span> <span class='ocrx_word' id='word_1_811' title='bbox 3362 4501 3379 4525; x_wconf 85' lang='grc'><strong>,</strong></span> <span class='ocrx_word' id='word_1_812' title='bbox 3434 4464 3530 4516; x_wconf 76' lang='grc' dir='ltr'><strong>καὶ</strong></span> <span class='ocrx_word' id='word_1_813' title='bbox 3567 4464 3655 4516; x_wconf 76' lang='grc' dir='ltr'><strong>ἐπὶ</strong></span> 
     </span>
    </p>
   </div>
   <div class='ocr_carea' id='block_1_109' title="bbox 2079 4553 3654 4625">
    <p class='ocr_par' dir='ltr' id='par_1_109' title="bbox 2079 4553 3654 4625">
     <span class='ocr_line' id='line_1_109' title="bbox 2079 4553 3654 4625; baseline 0 -17"><span class='ocrx_word' id='word_1_814' title='bbox 2079 4556 2284 4609; x_wconf 79' lang='grc' dir='ltr'>κοιλίαν</span> <span class='ocrx_word' id='word_1_815' title='bbox 2314 4553 2665 4625; x_wconf 84' lang='grc' dir='ltr'>πορεύεσθαι,</span> <span class='ocrx_word' id='word_1_816' title='bbox 2700 4553 2965 4620; x_wconf 81' lang='grc' dir='ltr'>τουτέστι,</span> <span class='ocrx_word' id='word_1_817' title='bbox 2999 4555 3122 4625; x_wconf 74' lang='grc' dir='ltr'>περὶ</span> <span class='ocrx_word' id='word_1_818' title='bbox 3144 4554 3233 4607; x_wconf 71' lang='grc' dir='ltr'>τὸν</span> <span class='ocrx_word' id='word_1_819' title='bbox 3258 4554 3654 4608; x_wconf 73' lang='grc' dir='ltr'>ἀπολαυστικὸν</span> 
     </span>
    </p>
   </div>
   <div class='ocr_carea' id='block_1_110' title="bbox 2079 4641 3654 4716">
    <p class='ocr_par' dir='ltr' id='par_1_110' title="bbox 2079 4641 3654 4716">
     <span class='ocr_line' id='line_1_110' title="bbox 2079 4641 3654 4716; baseline -0.001 -16"><span class='ocrx_word' id='word_1_820' title='bbox 2079 4646 2424 4716; x_wconf 82' lang='grc' dir='ltr'>ἀσχολεῖσθαι</span> <span class='ocrx_word' id='word_1_821' title='bbox 2476 4646 2615 4715; x_wconf 85' lang='grc' dir='ltr'>βίον·</span> <span class='ocrx_word' id='word_1_822' title='bbox 2659 4645 2719 4699; x_wconf 82' lang='grc' dir='ltr'>ὲν</span> <span class='ocrx_word' id='word_1_823' title='bbox 2755 4644 2963 4708; x_wconf 80' lang='grc' dir='ltr'>τούτοις</span> <span class='ocrx_word' id='word_1_824' title='bbox 3013 4641 3105 4699; x_wconf 76' lang='grc' dir='ltr'><strong>οὖν</strong></span> <span class='ocrx_word' id='word_1_825' title='bbox 3159 4647 3313 4710; x_wconf 73' lang='grc' dir='ltr'>ὄντες</span> <span class='ocrx_word' id='word_1_826' title='bbox 3366 4648 3514 4701; x_wconf 73' lang='grc' dir='ltr'>κατὰ</span> <span class='ocrx_word' id='word_1_827' title='bbox 3564 4647 3654 4701; x_wconf 76' lang='grc' dir='ltr'>τὸν</span> 
     </span>
    </p>
   </div>
   <div class='ocr_carea' id='block_1_111' title="bbox 2079 4736 3657 4809">
    <p class='ocr_par' dir='ltr' id='par_1_111' title="bbox 2079 4736 3657 4809">
     <span class='ocr_line' id='line_1_111' title="bbox 2079 4736 3657 4809; baseline -0.003 -17"><span class='ocrx_word' id='word_1_828' title='bbox 2079 4739 2288 4792; x_wconf 82' lang='grc' dir='ltr'>ἄσωτον</span> <span class='ocrx_word' id='word_1_829' title='bbox 2337 4740 2540 4790; x_wconf 72' lang='grc' dir='ltr'>ἐκεῖνον</span> <span class='ocrx_word' id='word_1_830' title='bbox 2566 4779 2581 4801; x_wconf 88' lang='grc'><strong>,</strong></span> <span class='ocrx_word' id='word_1_831' title='bbox 2621 4738 2758 4808; x_wconf 75' lang='grc' dir='ltr'>μετὰ</span> <span class='ocrx_word' id='word_1_832' title='bbox 2790 4736 2887 4809; x_wconf 77' lang='grc' dir='ltr'><strong>τὴν</strong></span> <span class='ocrx_word' id='word_1_833' title='bbox 2929 4736 3142 4808; x_wconf 85' lang='grc' dir='ltr'>μακρὰν</span> <span class='ocrx_word' id='word_1_834' title='bbox 3187 4738 3566 4809; x_wconf 84' lang='grc' dir='ltr'>ταλαιπωρίαν</span> <span class='ocrx_word' id='word_1_835' title='bbox 3592 4740 3657 4808; x_wconf 78' lang='grc' dir='ltr'>ῆν</span> 
     </span>
    </p>
   </div>
   <div class='ocr_carea' id='block_1_112' title="bbox 2079 4829 3658 4902">
    <p class='ocr_par' dir='ltr' id='par_1_112' title="bbox 2079 4829 3658 4902">
     <span class='ocr_line' id='line_1_112' title="bbox 2079 4829 3658 4902; baseline -0.001 -18"><span class='ocrx_word' id='word_1_836' title='bbox 2079 4833 2205 4895; x_wconf 80' lang='grc' dir='ltr'>τοὺς</span> <span class='ocrx_word' id='word_1_837' title='bbox 2243 4830 2456 4902; x_wconf 85' lang='grc' dir='ltr'>χοίρους</span> <span class='ocrx_word' id='word_1_838' title='bbox 2494 4829 2794 4901; x_wconf 88' lang='grc' dir='ltr'>ποιμαίνων</span> <span class='ocrx_word' id='word_1_839' title='bbox 2832 4830 3143 4899; x_wconf 77' lang='grc' dir='ltr'>ὑπέμεινεν,</span> <span class='ocrx_word' id='word_1_840' title='bbox 3178 4829 3397 4883; x_wconf 78' lang='grc' dir='ltr'>ἐπειδὰν</span> <span class='ocrx_word' id='word_1_841' title='bbox 3422 4833 3505 4893; x_wconf 81' lang='grc' dir='ltr'><strong>είς</strong></span> <span class='ocrx_word' id='word_1_842' title='bbox 3534 4833 3658 4885; x_wconf 80' lang='grc' dir='ltr'>ἐαυ-</span> 
     </span>
    </p>
   </div>
   <div class='ocr_carea' id='block_1_113' title="bbox 2082 4920 3659 4992">
    <p class='ocr_par' dir='ltr' id='par_1_113' title="bbox 2082 4920 3659 4992">
     <span class='ocr_line' id='line_1_113' title="bbox 2082 4920 3659 4992; baseline -0.001 -16"><span class='ocrx_word' id='word_1_843' title='bbox 2082 4926 2210 4987; x_wconf 77' lang='grc' dir='ltr'>τοὺς</span> <span class='ocrx_word' id='word_1_844' title='bbox 2247 4921 2629 4992; x_wconf 80' lang='grc' dir='ltr'>ἐπανέλθωμεν</span> <span class='ocrx_word' id='word_1_845' title='bbox 2670 4920 2859 4991; x_wconf 83' lang='grc' dir='ltr'>ὥσπερ</span> <span class='ocrx_word' id='word_1_846' title='bbox 2896 4922 3185 4988; x_wconf 82' lang='grc' dir='ltr'>κάκεῖνος,</span> <span class='ocrx_word' id='word_1_847' title='bbox 3221 4924 3317 4975; x_wconf 77' lang='grc' dir='ltr'>καὶ</span> <span class='ocrx_word' id='word_1_848' title='bbox 3351 4920 3449 4975; x_wconf 75' lang='grc' dir='ltr'><strong>τοῦ</strong></span> <span class='ocrx_word' id='word_1_849' title='bbox 3499 4924 3659 4992; x_wconf 79' lang='grc' dir='ltr'>ούρα-</span> 
     </span>
    </p>
   </div>
   <div class='ocr_carea' id='block_1_114' title="bbox 2084 5012 3658 5085">
    <p class='ocr_par' dir='ltr' id='par_1_114' title="bbox 2084 5012 3658 5085">
     <span class='ocr_line' id='line_1_114' title="bbox 2084 5012 3658 5085; baseline -0.003 -16"><span class='ocrx_word' id='word_1_850' title='bbox 2084 5017 2196 5069; x_wconf 88' lang='grc' dir='ltr'>νίου</span> <span class='ocrx_word' id='word_1_851' title='bbox 2221 5014 2431 5085; x_wconf 81' lang='grc' dir='ltr'>Πατρὸς</span> <span class='ocrx_word' id='word_1_852' title='bbox 2459 5013 2664 5067; x_wconf 76' lang='grc' dir='ltr'>ἔννοιαν</span> <span class='ocrx_word' id='word_1_853' title='bbox 2689 5013 2964 5082; x_wconf 77' lang='grc' dir='ltr'>λάϐωμεν,</span> <span class='ocrx_word' id='word_1_854' title='bbox 3002 5012 3180 5075; x_wconf 87' lang='grc' dir='ltr'>καλῶς</span> <span class='ocrx_word' id='word_1_855' title='bbox 3203 5013 3526 5083; x_wconf 84' lang='grc' dir='ltr'>κεχρήμεθα</span> <span class='ocrx_word' id='word_1_856' title='bbox 3542 5016 3658 5075; x_wconf 79' lang='grc' dir='ltr'>ταῖς</span> 
     </span>
    </p>
   </div>
   <div class='ocr_carea' id='block_1_115' title="bbox 2084 5104 3657 5176">
    <p class='ocr_par' dir='ltr' id='par_1_115' title="bbox 2084 5104 3657 5176">
     <span class='ocr_line' id='line_1_115' title="bbox 2084 5104 3657 5176; baseline -0.001 -18"><span class='ocrx_word' id='word_1_857' title='bbox 2084 5106 2361 5169; x_wconf 82' lang='grc' dir='ltr'>τοιαύταις</span> <span class='ocrx_word' id='word_1_858' title='bbox 2389 5108 2591 5174; x_wconf 74' lang='grc' dir='ltr'>φωναῖς</span> <span class='ocrx_word' id='word_1_859' title='bbox 2612 5146 2627 5169; x_wconf 87' lang='grc'><strong>,</strong></span> <span class='ocrx_word' id='word_1_860' title='bbox 2660 5105 2741 5158; x_wconf 83' lang='grc' dir='ltr'>ὅτι</span> <span class='ocrx_word' id='word_1_861' title='bbox 2785 5109 2969 5174; x_wconf 69' lang='grc' dir='ltr'>’Ἄφες</span> <span class='ocrx_word' id='word_1_862' title='bbox 3002 5104 3145 5174; x_wconf 76' lang='grc' dir='ltr'>ἡμῖν</span> <span class='ocrx_word' id='word_1_863' title='bbox 3181 5108 3253 5158; x_wconf 86' lang='grc' dir='ltr'><strong>τὰ</strong></span> <span class='ocrx_word' id='word_1_864' title='bbox 3289 5105 3657 5176; x_wconf 59' lang='grc' dir='ltr'><strong>ὀφειλήματα</strong></span> 
     </span>
    </p>
   </div>
   <div class='ocr_carea' id='block_1_116' title="bbox 2090 5189 3657 5266">
    <p class='ocr_par' dir='ltr' id='par_1_116' title="bbox 2090 5189 3657 5266">
     <span class='ocr_line' id='line_1_116' title="bbox 2090 5189 3657 5266; baseline -0.002 -17"><span class='ocrx_word' id='word_1_865' title='bbox 2090 5195 2257 5266; x_wconf 74' lang='grc' dir='ltr'>ἡμῶν</span> <span class='ocrx_word' id='word_1_866' title='bbox 2279 5213 2293 5227; x_wconf 89' lang='grc'><strong>·</strong></span> <span class='ocrx_word' id='word_1_867' title='bbox 2323 5195 2466 5248; x_wconf 82' lang='grc' dir='ltr'>ὥστε</span> <span class='ocrx_word' id='word_1_868' title='bbox 2500 5194 2602 5248; x_wconf 80' lang='grc' dir='ltr'>κᾶν</span> <span class='ocrx_word' id='word_1_869' title='bbox 2634 5195 2873 5262; x_wconf 82' lang='grc' dir='ltr'><strong>Μωῦσῆς</strong></span> <span class='ocrx_word' id='word_1_870' title='bbox 2900 5211 2985 5257; x_wconf 90' lang='grc' dir='ltr'>τις</span> <span class='ocrx_word' id='word_1_871' title='bbox 3016 5189 3088 5266; x_wconf 83' lang='grc' dir='ltr'>ᾗ,</span> <span class='ocrx_word' id='word_1_872' title='bbox 3122 5195 3217 5247; x_wconf 74' lang='grc' dir='ltr'>καὶ</span> <span class='ocrx_word' id='word_1_873' title='bbox 3249 5195 3528 5266; x_wconf 82' lang='grc' dir='ltr'>Σαμουὴλ,</span> <span class='ocrx_word' id='word_1_874' title='bbox 3558 5194 3657 5248; x_wconf 73' lang='grc' dir='ltr'>κᾶν</span> 
     </span>
    </p>
   </div>
   <div class='ocr_carea' id='block_1_117' title="bbox 2084 5282 3656 5359">
    <p class='ocr_par' dir='ltr' id='par_1_117' title="bbox 2084 5282 3656 5359">
     <span class='ocr_line' id='line_1_117' title="bbox 2084 5282 3656 5359; baseline -0.002 -17"><span class='ocrx_word' id='word_1_875' title='bbox 2084 5288 2272 5359; x_wconf 74' lang='grc' dir='ltr'>ἕτερός</span> <span class='ocrx_word' id='word_1_876' title='bbox 2299 5305 2383 5351; x_wconf 89' lang='grc' dir='ltr'><strong>τις</strong></span> <span class='ocrx_word' id='word_1_877' title='bbox 2424 5286 2533 5341; x_wconf 89' lang='grc' dir='ltr'><strong>τῶν</strong></span> <span class='ocrx_word' id='word_1_878' title='bbox 2568 5286 2635 5340; x_wconf 87' lang='grc' dir='ltr'><strong>δι’</strong></span> <span class='ocrx_word' id='word_1_879' title='bbox 2674 5286 2877 5357; x_wconf 81' lang='grc' dir='ltr'>ἀρετῆς</span> <span class='ocrx_word' id='word_1_880' title='bbox 2923 5285 3216 5356; x_wconf 78' lang='grc' dir='ltr'>ἐξεχόντων</span> <span class='ocrx_word' id='word_1_881' title='bbox 3239 5325 3255 5348; x_wconf 90' lang='grc'><strong>,</strong></span> <span class='ocrx_word' id='word_1_882' title='bbox 3301 5286 3459 5340; x_wconf 70' lang='grc' dir='ltr'>οὐδὲν</span> <span class='ocrx_word' id='word_1_883' title='bbox 3500 5282 3656 5359; x_wconf 78' lang='grc' dir='ltr'>ἦττον</span> 
     </span>
    </p>
   </div>
   <div class='ocr_carea' id='block_1_118' title="bbox 2085 5377 3653 5451">
    <p class='ocr_par' dir='ltr' id='par_1_118' title="bbox 2085 5377 3653 5451">
     <span class='ocr_line' id='line_1_118' title="bbox 2085 5377 3653 5451; baseline -0.003 -17"><span class='ocrx_word' id='word_1_884' title='bbox 2085 5380 2428 5451; x_wconf 80' lang='grc' dir='ltr'>ἁρμόζουσαν</span> <span class='ocrx_word' id='word_1_885' title='bbox 2461 5380 2672 5450; x_wconf 77' lang='grc' dir='ltr'>ἡγεῖται</span> <span class='ocrx_word' id='word_1_886' title='bbox 2708 5377 2913 5448; x_wconf 88' lang='grc' dir='ltr'>ταύτην</span> <span class='ocrx_word' id='word_1_887' title='bbox 2938 5417 2953 5440; x_wconf 90' lang='grc'><strong>,</strong></span> <span class='ocrx_word' id='word_1_888' title='bbox 2986 5377 3129 5431; x_wconf 77' lang='grc' dir='ltr'>καθὰ</span> <span class='ocrx_word' id='word_1_889' title='bbox 3166 5377 3455 5449; x_wconf 71' lang='grc' dir='ltr'>ἄνθρωπος</span> <span class='ocrx_word' id='word_1_890' title='bbox 3492 5381 3653 5435; x_wconf 77' lang='grc' dir='ltr'>ἐστιν.</span> 
     </span>
    </p>
   </div>
   <div class='ocr_carea' id='block_1_119' title="bbox 2086 5469 3654 5542">
    <p class='ocr_par' dir='ltr' id='par_1_119' title="bbox 2086 5469 3654 5542">
     <span class='ocr_line' id='line_1_119' title="bbox 2086 5469 3654 5542; baseline -0.001 -17"><span class='ocrx_word' id='word_1_891' title='bbox 2086 5471 2265 5542; x_wconf 81' lang='grc' dir='ltr'>ἑαυτῷ</span> <span class='ocrx_word' id='word_1_892' title='bbox 2317 5471 2415 5541; x_wconf 77' lang='grc' dir='ltr'><strong>τὴν</strong></span> <span class='ocrx_word' id='word_1_893' title='bbox 2468 5471 2650 5540; x_wconf 76' lang='grc' dir='ltr'>φωνὴν</span> <span class='ocrx_word' id='word_1_894' title='bbox 2676 5509 2691 5533; x_wconf 85' lang='grc'><strong>,</strong></span> <span class='ocrx_word' id='word_1_895' title='bbox 2753 5471 2782 5523; x_wconf 87' lang='grc' dir='ltr'>ὁ</span> <span class='ocrx_word' id='word_1_896' title='bbox 2826 5469 3095 5523; x_wconf 88' lang='grc' dir='ltr'>κοινωνῶν</span> <span class='ocrx_word' id='word_1_897' title='bbox 3151 5469 3251 5540; x_wconf 84' lang='grc' dir='ltr'>τῆς</span> <span class='ocrx_word' id='word_1_898' title='bbox 3306 5470 3525 5539; x_wconf 75' lang='grc' dir='ltr'>φύσεως</span> <span class='ocrx_word' id='word_1_899' title='bbox 3567 5470 3654 5524; x_wconf 73' lang='grc' dir='ltr'><strong>τοῦ</strong></span> 
     </span>
    </p>
   </div>
   <div class='ocr_carea' id='block_1_120' title="bbox 2100 5561 3313 5635">
    <p class='ocr_par' dir='ltr' id='par_1_120' title="bbox 2100 5561 3313 5635">
     <span class='ocr_line' id='line_1_120' title="bbox 2100 5561 3313 5635; baseline 0 -18"><span class='ocrx_word' id='word_1_900' title='bbox 2100 5564 2287 5635; x_wconf 73' lang='grc' dir='ltr'>Ἀδὰμ,</span> <span class='ocrx_word' id='word_1_901' title='bbox 2330 5562 2598 5617; x_wconf 85' lang='grc' dir='ltr'>κοινωνῶν</span> <span class='ocrx_word' id='word_1_902' title='bbox 2624 5562 2678 5615; x_wconf 80' lang='grc' dir='ltr'>δὲ</span> <span class='ocrx_word' id='word_1_903' title='bbox 2714 5564 2809 5616; x_wconf 75' lang='grc' dir='ltr'><strong>καὶ</strong></span> <span class='ocrx_word' id='word_1_904' title='bbox 2840 5561 2941 5633; x_wconf 81' lang='grc' dir='ltr'><strong>τῆς</strong></span> <span class='ocrx_word' id='word_1_905' title='bbox 2967 5564 3313 5627; x_wconf 72' lang='grc' dir='ltr'>ἐκπτώσεως.</span> 
     </span>
    </p>
   </div>
   <div class='ocr_carea' id='block_1_121' title="bbox 2358 5769 2815 5835">
    <p class='ocr_par' dir='ltr' id='par_1_121' title="bbox 2358 5769 2815 5835">
     <span class='ocr_line' id='line_1_121' title="bbox 2358 5769 2815 5835; baseline -0.009 -6"><span class='ocrx_word' id='word_1_906' title='bbox 2358 5778 2397 5807; x_wconf 67' lang='grc' dir='ltr'><strong>ιδ</strong></span> <span class='ocrx_word' id='word_1_907' title='bbox 2432 5777 2566 5828; x_wconf 74' lang='lat' dir='ltr'><strong>ben.</strong></span> <span class='ocrx_word' id='word_1_908' title='bbox 2607 5786 2689 5835; x_wconf 88' lang='grc' dir='ltr'>ιιι,</span> <span class='ocrx_word' id='word_1_909' title='bbox 2733 5769 2815 5825; x_wconf 76' lang='grc' dir='ltr'><strong>Η.</strong></span> 
     </span>
    </p>
   </div>
  </div>
