3844 6224
219 291 366 348 1185

1179 289 1269 346 DE
1316 287 1670 346 ORATIONE
1707 285 2055 344 DOMINICA.
2101 316 2170 328 --
2232 286 2490 342 ORATIO
2547 288 2607 340 V.

3363 286 3502 342 1186

307 407 530 478 Ἐπειδὴ
555 405 696 478 γὰρ,
728 405 914 472 καθώς
940 424 1107 480 φησιν
1141 409 1168 461 6
1213 407 1568 472 Ἀπόστολος,
1603 409 1674 461 ἐν
1728 405 1809 470 τῷ

1983 401 2256 468 Quoniam
2289 404 2457 466 enim,
2509 413 2568 456 ut
2605 405 2784 474 inquit
2839 401 3154 472 Apostolus,
3205 417 3385 456 omnes
3411 417 3503 469 pur

233 503 422 570 Ἀδὰμ
453 499 681 566 πάντες
711 499 1184 569 ἀποθνήσκομεν·
1208 541 1223 564 ,
1269 496 1408 554 εἶναι
1437 504 1702 572 προσήκει
1739 497 1815 568 τῷ

235 596 412 666 Ἀδὰμ
443 595 536 648 ἐπὶ
578 597 646 664 τῇ
690 595 953 666 μετανοίᾳ
1010 593 1326 664 πρέπουσαν
1377 592 1562 664 φωνὴν
1599 593 1816 646 πάντων

218 689 335 742 τῶν
384 688 581 758 ἐκείνῳ
611 687 1052 756 συντεθνηκότων
1077 726 1091 747 ,
1131 685 1205 750 ὡς
1261 685 1326 740 ἂν
1372 689 1474 757 τῆς
1511 685 1816 756 ἀμνηστίας

223 781 364 849 ἡμῖν
395 780 504 833 τῶν
552 780 1040 850 πλημμελημάτων
1073 778 1352 850 δοθείσης,
1411 781 1594 850 χάριτι
1655 779 1816 833 πάλιν

226 872 340 924 ὑπὸ
359 872 455 926 τοῦ
485 873 694 942 Κυρίου
732 871 1058 942 σωθείημεν,
1087 870 1269 935 καθώς
1299 889 1462 942 φησιν
1493 872 1522 924 6
1560 872 1816 924 Ἀπόστο-

227 961 342 1027 λος.
378 964 539 1018 Ἀλλά
572 963 744 1018 ταῦτα
773 964 871 1034 μὲν
917 964 1130 1035 εἴρηται
1151 1004 1166 1028 ,
1199 963 1274 1026 ὡς
1311 963 1377 1016 άν
1398 979 1481 1027 τις
1518 963 1609 1016 τὸν
1643 964 1818 1017 κοινό-

227 1071 389 1125 τερον
419 1053 734 1108 ἐπισκοπῶν
768 1055 926 1123 λόγον
944 1096 958 1118 ,
985 1055 1048 1107 τὸ
1085 1053 1446 1125 προκείμενον
1468 1052 1813 1124 θεωρήσειεν.

229 1148 296 1200 Ei
319 1147 377 1200 δέ
406 1165 493 1211 τις
521 1147 620 1217 τὴν
657 1146 828 1217 ἀληθῆ
876 1145 968 1199 τοῦ
1022 1147 1266 1216 ῥήματος
1316 1145 1504 1216 ζητοίη
1540 1145 1814 1198 διάνοιαν·

229 1240 334 1290 οὐκ
357 1234 511 1308 οἶμαι
540 1238 730 1308 χρείαν
761 1239 848 1308 ἐφ’
879 1240 1010 1309 ἡμῖν
1041 1235 1180 1292 εἶναι
1203 1281 1217 1304 ,
1260 1238 1395 1308 πρὸς
1426 1238 1488 1290 τὸ
1515 1238 1692 1291 κοινὸν
1720 1241 1818 1308 τῆς

231 1330 450 1397 φύσεως
481 1329 774 1400 ἀναφέρειν
817 1331 915 1400 τὴν
957 1330 1164 1384 ἔννοιαν
1188 1349 1202 1364 ο
1237 1330 1395 1400 ἱκανὴ
1426 1330 1536 1399 γὰρ
1569 1330 1601 1399 ἡ
1639 1329 1820 1381 συνεί-

230 1423 388 1492 δησις
426 1425 488 1476 ἐκ
518 1424 628 1475 τῶν
673 1422 890 1494 ἑκάστῳ
938 1423 1286 1494 βεϐιωμένων
1321 1423 1628 1492 ἀναγκαίαν
1665 1424 1821 1493 ποιή-

234 1515 433 1569 σασθαι
463 1515 558 1567 τοῦ
601 1515 752 1568 ἐλέου
779 1516 880 1586 τὴν
907 1514 1143 1586 αἴτησιν.
1191 1515 1494 1579 Πολυειδῶς
1529 1515 1637 1588 γὰρ
1677 1515 1820 1568 κατὰ

231 1607 326 1659 τὸν
371 1607 484 1677 βίον
516 1605 704 1660 τοῦτον
737 1608 836 1677 τῆς
875 1607 1020 1677 ζωῆς
1065 1608 1199 1680 ἡμῖν
1235 1609 1638 1680 ἐνεργουμένης
1663 1625 1678 1642 ο
1721 1609 1822 1679 τῆς

235 1698 339 1768 μὲν
367 1697 508 1752 κατὰ
528 1698 704 1770 ψυχὴν
731 1701 826 1752 καὶ
847 1699 1107 1762 διάνοιαν,
1130 1700 1229 1771 τῆς
1253 1700 1310 1753 δὲ
1331 1701 1472 1754 κατὰ
1503 1701 1603 1765 τὰς
1625 1703 1819 1772 αίσ⁰ή“

237 1807 353 1854 σεις
405 1791 498 1843 τοῦ
549 1790 802 1862 σώματος
833 1807 848 1820 ⁸
903 1791 1178 1858 δύσκολον,
1239 1793 1272 1863 ἢ
1329 1793 1426 1846 καὶ⁴
1471 1795 1818 1848 παντάπασιν

233 1886 516 1955 ἀμήχανον
557 1881 733 1946 εἶναι,
774 1884 848 1955 μὴ
900 1884 978 1937 ἐνί
1015 1902 1123 1938 τινι
1166 1885 1303 1954 πρὸς
1349 1887 1622 1956 ἁμαρτίαν
1655 1887 1817 1940 πάθει

235 1975 644 2046 συνενεχθῆναι,
670 1970 781 2027 οἷόν
813 1992 865 2028 τι
902 1974 1077 2042 λέγω·
1109 1974 1222 2046 Τῆς
1251 1976 1655 2048 ἀπολαυστικῆς
1692 1978 1820 2031 ταύ-

231 2081 337 2134 της
373 2065 473 2134 τῆς
505 2067 646 2118 κατὰ
681 2065 739 2118 τὸ
774 2065 932 2135 σῶμα
969 2066 1114 2135 ζωῆς
1157 2065 1618 2140 ἐπιμεριζομένης
1660 2071 1820 2140 ήμῶν

233 2163 358 2222 ταῖς
386 2159 691 2230 αἰσθήσεσι,
733 2163 834 2231 τῆς
865 2160 922 2213 δὲ
951 2161 1092 2214 κατὰ
1122 2160 1321 2233 ψυχὴν,
1364 2163 1422 2215 ἐν
1457 2166 1519 2235 τῇ
1568 2165 1668 2236 τῆς
1704 2165 1818 2218 δια-

234 2251 386 2315 νοίας
419 2254 564 2322 ὁρμῇ
609 2251 1026 2323 θεωρουμένης,
1065 2254 1159 2306 καὶ
1216 2255 1274 2305 ἐν
1323 2257 1389 2326 τῇ
1457 2257 1669 2326 κινήσει
1721 2259 1820 2328 τῆς

237 2345 650 2416 προαιρέσεως·
681 2345 768 2409 τίς
818 2339 974 2410 οὗτος
1001 2346 1204 2418 ὑψηλός
1240 2365 1299 2400 τε
1341 2349 1435 2402 καὶ
1475 2351 1822 2421 μεγαλοφυής

235 2435 318 2504 τῷ
349 2435 678 2505 φρονήματι,
724 2435 800 2497 ὡς
843 2435 909 2488 δι’
949 2437 1274 2507 ἀμφοτέροιν
1309 2435 1415 2503 ἔξω
1446 2439 1696 2506 γενέσθαι
1725 2441 1819 2494 τοῦ

235 2525 381 2578 κατά
430 2524 628 2578 κακίαν
665 2525 1048 2596 μολύσματος;
1096 2529 1191 2592 Τίς
1233 2529 1375 2581 κατά
1423 2530 1512 2582 τὸν
1545 2530 1821 2602 ὀφθαλμὸν

236 2616 622 2687 ἀναμάρτητος
642 2633 657 2681 ;
676 2617 766 2681 Τίς
797 2617 940 2671 κατά
966 2619 1065 2688 τὴν
1099 2619 1268 2688 ἀκοὴν
1291 2620 1693 2688 άνυπεύθυνος;
1726 2624 1822 2685 Τίς

235 2710 338 2780 τῆς
367 2709 821 2781 βοσκηματώδους
851 2711 1056 2782 ταύτης
1100 2713 1243 2766 κατά
1276 2713 1366 2767 τὸν
1406 2713 1600 2785 λαιμὸν
1627 2717 1822 2788 ἡδονῆς

161 2819 166 2824 ·
237 2801 553 2873 ἀλλότριος;
585 2803 683 2866 Τίς
721 2806 786 2873 τῇ
822 2803 932 2874 ἁφῇ
963 2805 1062 2874 τῆς
1109 2805 1251 2859 κατά
1274 2805 1372 2876 τὴν
1420 2807 1692 2879 ἁμαρτίαν
1723 2810 1821 2862 λα-

240 2893 345 2962 ϐῆς
375 2893 708 2964 καθαρεύει;
739 2895 838 2958 Τίς
879 2896 978 2948 οὐκ
1007 2891 1148 2948 οἶδεν
1183 2896 1244 2948 τὸ
1280 2897 1508 2968 αἴνιγμα
1537 2901 1637 2970 τῆς
1683 2901 1824 2971 Γρα-

239 2985 352 3054 φῆς
369 2984 636 3054 λεγούσης
653 3002 668 3018 ⁸
688 2985 790 3039 Διὰ
811 2985 928 3040 τῶν
954 2987 1211 3055 θυρίδων
1231 2989 1694 3058 εἰσεληλυθέναι
1715 2993 1824 3044 τὸν

1923 497 2190 551 Adamum
2241 499 2504 551 morimur
2531 499 2600 562 ⁷³,
2638 496 2896 552 convenit
2955 509 3075 549 eam
3133 509 3322 550 vocem
3380 511 3504 565 quae

1918 585 2190 642 Adamum
2237 588 2462 642 nomine
2519 586 2856 658 poenitentia:
2908 585 3090 648 decet,
3141 598 3498 640 communem

1920 693 2044 734 esse
2074 680 2320 734 omnium
2349 679 2443 748 qui
2479 693 2604 734 cum
2635 677 2728 732 illo
2759 675 2964 732 mortui
2997 684 3162 740 sunt,
3193 683 3278 740 ut,
3305 689 3503 744 quem-

1920 770 2216 826 admodum
2263 772 2339 826 ait
2373 771 2694 842 Apostolus,
2747 769 3044 824 abolitione
3085 775 3140 824 et
3177 768 3502 837 impunitate

1920 861 2247 918 delictorum
2286 865 2446 918 nobis
2477 879 2763 927 concessa,
2811 876 2908 932 per
2941 859 3172 930 gratiam
3230 876 3428 916 rursus
3469 875 3500 914 a

1925 953 2158 1010 Domino
2190 972 2490 1012 servemur.
2537 957 2644 1011 Sed
2678 956 2794 1010 bare
2827 955 3046 1025 quidem
3089 953 3316 1025 perinde
3355 953 3502 1008 dicta

1922 1055 2076 1114 sunt,
2101 1063 2164 1102 ac
2195 1049 2239 1103 si
2269 1049 2396 1118 quis
2423 1049 2688 1104 rationem
2723 1049 2899 1118 magis
2941 1062 3290 1104 communem
3325 1045 3497 1115 inspi-

1920 1140 2092 1207 ciens,
2115 1143 2453 1210 propositam
2476 1155 2589 1196 rem
2614 1140 2928 1195 consideret
2960 1157 2973 1194 :
3002 1137 3148 1209 quod
3191 1137 3237 1191 si
3267 1137 3395 1208 quis
3410 1151 3503 1190 ve-

1921 1247 2038 1287 ram
2071 1233 2224 1287 verbi
2243 1233 2576 1288 sententiam
2610 1232 2831 1301 quaerit,
2856 1246 2967 1285 non
2995 1231 3191 1300 opinor
3220 1244 3356 1298 opus
3378 1243 3503 1284 esse

1921 1325 1977 1379 in
2005 1324 2162 1380 nobis
2193 1325 2260 1378 ad
2291 1339 2636 1379 communem
2669 1331 2923 1378 naturam
2959 1320 3166 1376 referre
3215 1319 3504 1390 cogitatio-

1925 1425 2301 1486 nem:potest
2321 1417 2468 1471 enim
2516 1432 2616 1472 sua
2666 1417 2938 1486 cujusque
2985 1415 3110 1468 vitae
3161 1413 3504 1468 conscientia

1925 1510 2296 1564 necessariam
2337 1507 2519 1566 facere
2553 1510 2948 1566 misericordia
2979 1513 3319 1582 petitionem.
3364 1511 3504 1566 Cum

1924 1599 2072 1654 enim
2102 1599 2213 1654 vita
2235 1614 2266 1654 a
2299 1599 2463 1656 nobis
2494 1600 2548 1654 in
2579 1601 2684 1656 hoc
2719 1604 2922 1656 saeculo
2945 1601 3096 1657 varie
3139 1599 3502 1656 multiformi-

1925 1697 2120 1760 terque
2173 1693 2458 1762 exigatur;
2517 1693 2624 1746 alia
2678 1693 2898 1763 quidem
2951 1694 3107 1763 juxta
3162 1694 3405 1748 animum
3450 1699 3507 1748 et

1925 1791 2184 1844 mentem,
2208 1785 2316 1838 alia
2335 1799 2466 1840 vero
2495 1786 2800 1840 secundum
2839 1803 3040 1842 sensus
3073 1789 3362 1858 corporis:
3389 1785 3500 1842 dif-

1924 1875 2260 1936 ficulter.aut
2281 1877 2443 1930 etiam
2471 1878 2696 1932 omnino
2716 1878 2830 1932 fieri
2862 1893 2970 1933 non
2995 1895 3157 1950 posse
3169 1879 3428 1943 arbitror,
3447 1890 3510 1934 ut

1925 1983 2034 2022 non
2056 1984 2180 2022 cum
2213 1983 2324 2023 uno
2349 1969 2530 2039 aliquo
2549 1969 2742 2025 affectu
2763 1971 2883 2042 quis
2903 1973 2956 2027 in
2977 1978 3256 2042 peccatum
3278 1973 3508 2032 labatur.

1926 2061 2088 2130 quale
2115 2061 2246 2130 quid
2276 2063 2510 2132 exempli
2544 2064 2720 2132 gratia
2770 2063 2938 2118 aﬂ‘ero
2977 2064 3032 2118 in
3064 2065 3304 2120 medium
3335 2063 3506 2118 :Cum

1926 2153 2044 2209 haec
2087 2155 2200 2210 vita
2245 2171 2354 2225 qua
2397 2171 2493 2224 per
2532 2171 2732 2225 corpus
2777 2155 3013 2210 fruimur
3063 2159 3118 2212 in
3175 2172 3374 2212 sensus
3417 2174 3512 2210 uo-

1927 2255 2076 2302 stros
2129 2248 2426 2311 dividatur,
2481 2263 2544 2302 ea
2589 2263 2722 2303 vero
2755 2263 2878 2319 quae
2913 2249 3216 2304 secundum
3261 2251 3505 2304 animum

1927 2340 2168 2408 exigitur
2206 2340 2260 2394 in
2303 2340 2507 2395 mentis
2545 2341 2752 2410 impetu
2787 2349 2841 2395 et
2875 2351 3026 2396 motu
3075 2341 3264 2396 liberte
3307 2341 3506 2394 volun-

1930 2431 2060 2484 tatis
2091 2430 2501 2492 consideretur,
2545 2430 2672 2498 quis
2703 2429 2841 2483 adeo
2876 2445 3074 2500 magno
3100 2437 3264 2501 atque
3290 2432 3514 2484 excelso

1929 2520 2134 2580 animo,
2160 2520 2287 2589 quis
2318 2529 2472 2573 tanta
2521 2521 2813 2589 prudentia
2867 2521 3152 2590 praeditus,
3179 2523 3326 2590 quis
3369 2523 3510 2576 tanti

1929 2612 2158 2682 spiritus
2188 2619 2296 2676 est,
2355 2619 2415 2665 ut
2448 2627 2546 2682 per
2579 2623 2868 2682 utramque
2893 2613 3018 2667 vita:
3038 2613 3310 2669 rationem
3351 2614 3510 2668 vitio-

1930 2704 2110 2758 silatis
2167 2718 2232 2758 ac
2278 2703 2498 2758 malitiae
2539 2705 2922 2773 contagionem
2968 2715 3024 2760 et
3077 2705 3508 2775 inquinationem

1929 2796 2182 2867 effugiat?
2217 2797 2361 2862 quis,
2395 2795 2542 2866 quod
2567 2798 2632 2851 ad
2663 2798 2883 2851 oculum
2909 2797 3126 2864 attinet,
3155 2814 3356 2869 expers
3381 2815 3511 2869 pec-

1931 2892 2038 2944 cati
2079 2889 2360 2960 est?quis,
2379 2889 2522 2958 quod
2553 2889 2619 2944 ad
2651 2890 2900 2946 auditum
2946 2891 3164 2956 attinet,
3209 2893 3514 2948 innoxius?
3546 2957 3552 2962 ,

1931 2985 2056 3055 quis
2081 2985 2146 3038 ab
2184 2984 2288 3038 hac
2335 2983 2552 3038 bestiali
2601 2983 2742 3053 gulae
2773 2984 3053 3053 voluptate
3085 2984 3340 3040 alienus?
3387 2986 3514 3055 quis

240 3079 539 3141 mirator;
573 3078 686 3141 Τὰς
721 3077 832 3150 γὰρ
858 3079 1140 3150 αἰσθήσεις
1164 3122 1178 3146 ,
1207 3081 1274 3134 δι’
1315 3075 1390 3134 ὧν
1421 3083 1760 3138 ἐκπίπτουσα
1789 3087 1821 3155 ἡ

1933 3085 2082 3132 tactu
2115 3091 2288 3147 purus
2317 3086 2370 3130 et
2401 3090 2612 3130 vacuus
2647 3075 2716 3129 ab
2749 3077 3041 3132 occasione
3079 3077 3326 3146 peccati?
3377 3077 3515 3144 Quis

239 3171 388 3241 ψυχὴ
420 3170 554 3242 πρὸς
581 3169 650 3223 τὰ
677 3169 876 3234 ἐἔξωθεν
905 3171 1206 3242 πράγματα
1259 3173 1366 3226 τῶν
1413 3175 1555 3229 κατὰ
1601 3175 1826 3249 γνώμην

241 3260 731 3331 ἀντιλαμϐάνεται,
773 3260 992 3330 θυρίδας
1049 3264 1081 3334 ὴ
1130 3263 1320 3335 Γραφὴ
1362 3271 1824 3336 προσηγόρευσεν,

241 3355 312 3417 ἃς
339 3354 602 3407 ὁδοποιεῖν
626 3353 704 3425 τῷ
749 3353 964 3424 θανάτῳ
1011 3354 1111 3424 τὴν
1150 3355 1354 3409 εἴσοδον
1397 3357 1632 3426 ὁ⁴Λόγος
1674 3358 1826 3427 φησί.

241 3447 336 3518 Τῷ
366 3447 480 3500 ὄντι
513 3445 622 3516 γὰρ
643 3445 852 3500 πολλῶν
887 3445 1132 3501 θανάτων
1159 3449 1362 3512 εἴσοδος
1381 3451 1589 3518 γίνεται
1631 3453 1829 3507 πολλά-

243 3559 334 3604 κις
362 3542 390 3593 ὁ
413 3541 686 3612 ὀφθαλμὸς
707 3582 722 3605 ,
750 3543 778 3594 6
818 3540 1159 3613 θυμούμενον
1187 3543 1400 3613 βλέπων
1423 3587 1438 3607 ,
1475 3547 1569 3600 καὶ
1604 3549 1738 3618 πρὸς
1767 3550 1828 3602 τὸ

245 3631 363 3684 ἴσον
418 3629 592 3694 πάθος
647 3631 1128 3702 ἀντεγειρόμενος’
1189 3633 1222 3705 ἢ
1265 3635 1644 3707 εὐημεροῦντα
1697 3641 1828 3711 παρ’

243 3721 424 3788 ἀξίαν,
453 3721 548 3774 καὶ
572 3721 652 3785 είς
684 3719 879 3790 φθόνον
907 3720 1238 3792 φλεγόμενος
1264 3739 1278 3753 ο
1309 3723 1342 3794 ἢ
1373 3725 1829 3799 ὑπερηφανούμε-

243 3833 358 3878 νον,
396 3815 490 3869 καὶ
538 3813 672 3886 πρὸς
720 3815 875 3886 μῖσος
918 3815 1298 3888 ἐκπίπτων-ἥ
1343 3835 1468 3871 τινα
1499 3821 1830 3891 εὐχροοῦσαν

247 3909 416 3980 ὓλην,
456 3909 490 3980 ἢ
533 3907 624 3961 ἐπὶ
670 3907 886 3978 μορφῆς
933 3909 1302 3980 εὐφυεστέραν
1353 3910 1678 3977 διάπλασιν,
1735 3914 1830 3967 καὶ

245 4003 368 4063 ὅλος
397 4001 533 4071 πρὸς
567 3999 668 4072 τὴν
701 3997 796 4051 τοῦ
828 3999 1123 4070 ἁρέσαντος
1152 3999 1447 4072 ἐπιθυμίαν
1483 4003 1829 4058 κατολισθαί-

247 4110 378 4147 νων.
414 4091 599 4154 Οὕτως
626 4091 832 4159 ἀνοίγει
870 4089 948 4160 τῷ
981 4090 1195 4161 θανάτῳ
1225 4091 1322 4156 τὰς
1352 4093 1571 4166 θυρίδας
1608 4096 1670 4148 τὸ
1714 4093 1828 4162 οὖς,

248 4185 318 4239 δι’
343 4177 417 4238 ὧν
446 4183 634 4237 ἀκούει
653 4225 668 4248 ,
690 4181 864 4236 πολλὰ
903 4181 1050 4254 πάθη
1077 4183 1168 4236 ἐπὶ
1192 4184 1290 4255 τὴν
1326 4183 1505 4256 ψυχὴν
1534 4189 1834 4260 παραδέχε-

248 4295 342 4330 ται
362 4315 376 4338 ,
402 4275 565 4344 φόϐον
587 4317 604 4340 ,
638 4273 837 4346 λύπην,
861 4273 1030 4344 θυμὸν
1056 4315 1070 4338 ,
1099 4275 1312 4346 ἡδονὴν,
1342 4276 1638 4349 ἐπιθυμίαν
1665 4319 1678 4344 ,
1713 4281 1832 4337 διά-

252 4387 408 4441 χυσιν
439 4367 675 4438 γέλωτος
694 4407 710 4430 ,
739 4368 832 4420 καὶ
857 4367 925 4420 τά
955 4367 1198 4420 τοιαῦτα.
1237 4368 1301 4421 Ἥ
1337 4368 1393 4422 δὲ
1423 4371 1566 4425 κατὰ
1587 4373 1685 4445 τὴν
1713 4375 1834 4443 γεῦ-

1931 3173 2107 3225 nescit
2136 3169 2480 3223 involucrum
2515 3175 2571 3224 et
2622 3171 2856 3240 aenigma
2916 3169 3213 3239 Scriptura:
3251 3169 3512 3239 dicentis,

1929 3263 2074 3335 quod
2125 3279 2222 3333 per
2275 3261 2544 3317 fenestras
2593 3277 2740 3318 mors
2802 3263 3052 3332 ingressa
3086 3263 3262 3318 sit“?
3307 3264 3517 3321 Sensus

1930 3357 2099 3420 enim,
2129 3372 2226 3426 per
2257 3371 2397 3425 quos
2427 3356 2645 3410 animus
2701 3353 2952 3410 eminens
2979 3365 3034 3410 et
3087 3357 3154 3410 ad
3189 3371 3278 3412 res
3333 3363 3517 3412 exter—

1931 3467 2033 3506 nas
2069 3466 2193 3506 sese
2234 3464 2497 3505 exercens
2543 3463 2606 3502 ea
2655 3463 2779 3516 quae
2825 3448 3049 3518 placent
3088 3450 3285 3519 arripit
3329 3459 3384 3505 et
3419 3465 3516 3520 ap-

1929 3541 2236 3612 prehendit,
2313 3541 2584 3595 fenestras
2647 3536 2932 3608 Scriptura
2988 3541 3300 3608 appellavit,
3376 3557 3517 3612 quas

1933 3634 2127 3690 Sermo
2140 3633 2297 3689 morti
2315 3633 2518 3686 aditum
2537 3630 2844 3701 patefacere
2857 3633 3150 3689 dicit.Nam
3167 3649 3356 3690 revera
3377 3637 3518 3690 mul-

1931 3729 2004 3784 tis
2034 3743 2176 3796 smpe
2207 3727 2476 3780 mortibus
2503 3725 2816 3778 introeundi
2863 3726 3018 3780 locus
3047 3727 3245 3782 oculus
3275 3727 3516 3787 exsistit.

1932 3822 2060 3875 dum
2087 3821 2170 3875 vel
2196 3821 2524 3875 irascentem
2575 3819 2745 3884 videt,
2807 3827 2862 3874 et
2913 3819 2980 3873 ad
3023 3819 3271 3874 eamdem
3326 3829 3516 3874 contra

1932 3913 2397 3985 perturbationem
2460 3911 2745 3975 incitatur,
2825 3911 2908 3964 vel
2971 3927 3232 3982 prospera
3298 3912 3518 3968 fortuna

1933 4015 2128 4076 praeter
2157 4005 2409 4059 meritum
2461 4011 2724 4068 utentem,
2779 4011 2832 4058 et
2872 4005 2928 4058 in
2983 4003 3245 4058 invidiam
3286 4003 3520 4059 exarde-

1934 4099 2038 4154 scit
2071 4097 2194 4152 :vel
2227 4097 2652 4167 superbientem,
2689 4107 2742 4152 et
2767 4097 2822 4150 in
2846 4095 3034 4150 odium
3069 4097 3216 4158 ruit;
3269 4097 3354 4151 vel
3413 4097 3518 4150 ali-

1933 4206 2098 4261 quam
2157 4190 2441 4244 materiam
2474 4189 2604 4244 boni
2640 4189 2865 4254 coloris,
2921 4188 3356 4244 dexterioremve
3401 4189 3520 4243 oris

1935 4297 1998 4335 ac
2033 4279 2221 4336 for-mm
2251 4281 2502 4350 figuram,
2541 4288 2596 4334 et
2647 4287 2794 4336 totus
2829 4279 2898 4335 ad
2921 4281 3426 4351 concupiscendum
3465 4281 3521 4336 id

1938 4373 2082 4442 quod
2109 4372 2377 4442 placuerit
2409 4371 2702 4427 delabitur.
2735 4371 2813 4426 Ita
2853 4371 3005 4426 auris
3050 4372 3214 4426 morti
3249 4371 3522 4426 fenestras

259 4479 343 4514 σιν
376 4459 678 4521 ἀπόλαυσις
701 4499 716 4525 ,
755 4459 938 4530 μήτηρ
958 4499 974 4522 ,
1013 4457 1088 4523 ὡς
1120 4459 1186 4514 ἂν
1216 4459 1358 4514 εἴποι
1400 4479 1520 4527 τις,
1559 4463 1668 4517 τῶν
1710 4467 1826 4521 καθ¹

1943 4467 2139 4538 aperit,
2170 4474 2224 4520 et
2253 4481 2349 4536 per
2381 4481 2444 4521 ea
2478 4481 2601 4536 quae
2631 4465 2784 4520 audit
2810 4465 3016 4519 multos
3049 4461 3276 4520 affectus
3304 4463 3370 4519 ad
3401 4465 3523 4518 ani-

255 4551 488 4607 ἒκαστόν
516 4553 630 4604 ἐστι
651 4551 837 4604 κακῶν
861 4568 874 4581 ·
902 4550 986 4614 τίς
1007 4551 1116 4621 γὰρ
1142 4552 1243 4606 οὐκ
1271 4549 1430 4618 οἶδεν,
1453 4555 1532 4609 ὅτι
1558 4557 1682 4628 ῥίζα
1711 4578 1834 4631 σχε-

253 4648 343 4700 δόν
375 4648 490 4699 ἐστι
518 4645 624 4697 τῶν
649 4645 777 4715 περὶ
801 4644 893 4698 τὸν
933 4645 1046 4714 βίον
1075 4644 1561 4719 πλημμελημάτων
1584 4691 1599 4715 ,
1627 4655 1660 4723 ἡ
1707 4657 1835 4726 περὶ

254 4739 346 4792 τὸν
371 4737 565 4808 λαιμὸν
587 4735 847 4806 ἁσχολία;
876 4736 1092 4807 Ταύτης
1121 4737 1229 4808 γάρ
1253 4739 1599 4814 ἐξήρτηταιὴ
1629 4748 1831 4819 τρυφή,

255 4831 290 4898 ἡ
341 4826 510 4898 μέθη,
538 4827 571 4896 ὴ
606 4825 1018 4896 γαστριμαργία
1039 4866 1054 4890 ,
1089 4827 1120 4897 ή
1152 4827 1279 4898 περὶ
1309 4829 1408 4900 τὴν
1436 4831 1644 4886 δίαιταν
1687 4837 1833 4890 άσω-

255 4919 382 4984 τία,
427 4919 463 4988 ή
512 4915 773 4988 πληθώρα
798 4957 812 4981 ,
853 4916 882 4968 ὁ
922 4916 1116 4987 κόρος,
1157 4920 1185 4970 ὀ
1213 4919 1434 4990 κῶμος,
1496 4925 1840 5000 ήκτηνώδης

261 5009 356 5062 καὶ
401 5006 594 5076 ἄλογος
628 5007 758 5078 περὶ
812 5006 880 5059 τά
931 5007 1078 5077 πάθη
1129 5009 1226 5078 τῆς
1275 5010 1501 5081 ἀτιμίας
1535 5021 1838 5089 καταφορὰ.

272 5099 506 5170 Ὁμοίως
530 5101 564 5170 ἡ
592 5099 733 5152 κατὰ
761 5098 860 5169 τὴν
881 5099 1026 5170 ἁφήν
1061 5099 1310 5172 αἴσθησις
1329 5143 1343 5164 ,
1369 5104 1585 5159 πάντων
1616 5107 1842 5179 ἔσχατον

258 5192 368 5246 τῶν
403 5190 866 5262 ἁμαρτανομένων
899 5190 1050 5244 ἐστί·
1088 5191 1266 5246 πάντα
1303 5194 1412 5266 γὰρ
1464 5197 1564 5250 ὅσα
1612 5199 1689 5269 τῷ
1737 5201 1842 5255 an.

265 5303 397 5356 ματι
435 5284 586 5354 παρά
616 5283 724 5336 τῶν
755 5282 1052 5352 φιληδόνων
1086 5285 1498 5356 ἐπιτηδεύεται,
1550 5291 1650 5362 τῆς
1692 5295 1842 5348 ἀντι-

262 5376 477 5446 λήψεως
509 5375 608 5446 τῆς
661 5375 897 5445 ἁπτικῆς
942 5377 1088 5429 ἐστιν
1149 5376 1595 5449 ἀρρωστήματα,
1649 5378 1724 5437 ὧν
1772 5387 1842 5441 τά

265 5467 389 5521 καθ’
421 5467 650 5520 ἕκαστον
696 5467 998 5538 διηγεῖσθαι
1037 5467 1246 5538 μακρὸν
1299 5467 1366 5521 ἄν
1409 5469 1522 5540 εἴη·
1574 5475 1667 5528 καὶ
1718 5478 1842 5530 οὐδὲ

269 5562 478 5631 πρέπον
531 5560 648 5630 ἅμα
702 5562 818 5623 τοῖς
874 5561 1218 5633 σεμνοτέροις
1267 5548 1376 5614 τῶν
1431 5561 1604 5632 λόγων
1665 5585 1840 5640 παρα-

273 5650 542 5721 μιγνύειν,
571 5651 670 5704 ὅσα
690 5651 790 5722 τῆς
821 5652 965 5722 ἁφῆς
1001 5652 1116 5704 ἐστι
1142 5654 1592 5726 κατηγορήματα.

340 5767 385 5799 ⁷ο
427 5765 444 5819 |
485 5765 610 5820 Cor.
647 5783 733 5824 xv.
766 5765 858 5822 ‘29..
934 5765 981 5800 ⁸⁸
1017 5764 1126 5819 Jer.
1163 5781 1212 5818 Ix
1239 5804 1254 5830 ,
1282 5766 1372 5821 21.

1941 4573 2090 4613 mum
2119 4557 2460 4622 transmittit,
2499 4563 2728 4622 metum,
2755 4555 3059 4623 tristitiam,
3085 4555 3242 4619 iram,
3272 4557 3524 4624 volupta-

1941 4659 2074 4716 tem,
2135 4648 2510 4714 cupiditatem,
2567 4647 2739 4703 risum
2794 4646 3054 4711 effusura,
3121 4657 3175 4702 et
3230 4647 3522 4716 ejusmodi.

1944 4743 2116 4798 Porro
2140 4751 2390 4811 gustatus
2426 4741 2698 4810 voluptas,
2737 4749 2930 4804 mater,
2975 4747 3036 4794 ut
3062 4739 3262 4794 dixerit
3294 4741 3524 4810 aliquis,

1943 4833 2278 4904 singulorum
2301 4831 2567 4884 malorum
2593 4838 2675 4884 est
2710 4830 2875 4898 :quis
2928 4831 3074 4884 enim
3115 4830 3329 4900 ignorat
3375 4833 3526 4900 quod

1938 4927 2076 4996 gulae
2106 4923 2347 4978 studium
2375 4921 2528 4975 radix
2549 4921 2942 4992 propemodum
2977 4922 3051 4976 sit
3092 4936 3282 4977 eorum
3324 4937 3526 4992 pecca-

1937 5025 2116 5072 torum
2157 5031 2278 5087 qute
2317 5015 2371 5069 in
2421 5015 2529 5068 vita
2574 5014 3038 5068 committuntur?
3083 5014 3168 5069 Ab
3229 5013 3331 5068 hac
3373 5015 3524 5069 enim

1941 5109 2179 5180 pendent
2237 5108 2398 5162 luxus
2429 5116 2594 5176 atque
2638 5105 2867 5170 deliciae,
2913 5105 3174 5168 ebrietas,
3229 5106 3525 5176 ingluvies,

1943 5203 1997 5256 in
2032 5201 2174 5254 victu
2227 5199 2583 5270 prodigalitas
2631 5207 2796 5268 atque
2827 5197 3098 5267 profusio,
3167 5197 3522 5262 abundantia,

1946 5294 2191 5356 satietas,
2250 5291 2600 5353 comessatio,
2647 5289 2897 5345 bestialis
2953 5297 3008 5344 et
3061 5289 3275 5344 ratione
3324 5303 3528 5345 carens

1948 5385 2182 5454 impetus
2235 5385 2302 5438 ad
2333 5385 2461 5438 vitia
2517 5381 2894 5454 ignominiosa.
2955 5380 3221 5437 Similiter
3267 5384 3524 5452 tangendi

1946 5493 2144 5533 sensus
2172 5477 2414 5530 omnium
2441 5483 2788 5546 peccatorum
2815 5481 3119 5530 extremum
3168 5483 3252 5528 est
3290 5494 3302 5529 :
3341 5474 3526 5528 omnia

1947 5569 2090 5623 enim
2126 5583 2248 5638 quae
2277 5582 2508 5637 corpore
2532 5573 2859 5622 exercentur
2897 5579 2928 5619 a
2969 5565 3338 5622 sectatoribus
3381 5566 3526 5620 volu-

1951 5661 2148 5730 ptatis,
2183 5661 2636 5731 apprehensionis
2678 5675 2800 5732 qum
2847 5665 2996 5715 tactu
3045 5657 3104 5713 lit
3139 5657 3314 5715 morbi
3360 5666 3528 5726 sunt,
