3844 6224
386 316 522 371 H87

1612 322 1670 379 S.
1704 319 2033 379 GREGORII
2058 319 2357 378 NYSSENI

3520 325 3668 381 H88

382 445 505 499 qua:
528 428 841 499 singulatim
867 441 1141 499 exponere
1184 429 1403 499 longum
1438 433 1601 486 tuerit
1633 452 1646 487 :
1685 432 1849 487 simul
1897 447 1967 487 ne
2004 430 2264 486 decorum
2295 432 2514 502 quidem
2573 439 2658 488 est
2697 426 3006 484 immiscere
3039 433 3383 503 gravioribus
3456 453 3655 492 sermo

382 524 545 579 nibus
574 538 914 594 quaecunque
948 531 1126 579 tactus
1154 525 1386 579 crimina
1419 538 1568 581 sunt.

450 614 622 670 Porro
663 615 1060 670 multitudinem
1103 628 1449 686 peccatorum
1491 635 1611 689 quae
1646 619 1829 673 animo
1869 634 1944 689 par

2134 614 2257 667 Τῶν
2294 614 2351 667 δὲ
2388 616 2530 668 κατὰ
2563 614 2663 685 τὴν
2699 611 2882 685 ψυχήν
2909 629 2970 665 τε
3010 616 3103 668 καὶ
3128 618 3449 689 προαίρεσιν
3472 622 3665 693 πλημ..

378 706 516 759 riter
544 720 607 759 ac
657 704 933 760 destinata
994 706 1278 762 voluntate
1315 710 1753 771 committuntur,
1813 724 1963 778 quae-

384 813 511 852 nam
540 799 714 852 oratio
744 813 1070 854 enumerare
1101 801 1315 869 possit?
1345 801 1417 855 Ex
1466 802 1844 867 interioribus,
1878 802 1961 854 in-

380 892 520 959 quit,
566 890 987 959 proﬁciscuntur
1037 892 1296 962 improbre
1339 895 1740 963 cogitationes:
1797 901 1960 962 atque

374 981 571 1050 adjecit
645 996 837 1037 earum
897 985 1288 1053 cogitationum
1346 986 1548 1054 quibus
1606 985 1959 1055 inquinamur

378 1073 873 1129 enumerationem.
906 1073 962 1130 Si
1001 1076 1165 1146 igitur
1200 1077 1269 1131 ab
1298 1077 1555 1132 omnibus
1607 1077 1741 1131 adeo
1789 1077 1957 1146 parti-

373 1161 479 1219 bus
511 1172 861 1233 peccatorum
904 1166 1042 1220 retia
1095 1165 1257 1221 nobis
1313 1166 1649 1221 circumfusa
1678 1174 1829 1229 sunt,
1862 1182 1958 1236 per

371 1256 558 1310 omnia
587 1271 849 1311 sensuum
881 1257 1271 1322 instrumenta,
1302 1274 1397 1328 per
1424 1258 1653 1313 intimos
1683 1267 1738 1312 et
1771 1260 1956 1314 occul-

370 1353 480 1410 tos,
513 1361 578 1400 ac
605 1346 763 1418 quasi
796 1346 852 1400 in
886 1347 1051 1402 corde
1085 1348 1316 1402 latentes
1348 1348 1514 1402 animi
1569 1356 1773 1425 motus,
1831 1350 1954 1419 quis

370 1438 718 1509 gloriabitur,
748 1448 805 1493 ut
838 1438 1018 1509 inquit
1054 1439 1357 1511 Sapientia,
1388 1456 1448 1496 se
1498 1455 1696 1510 purum
1752 1440 1955 1495 habere

368 1544 467 1586 cor
493 1529 538 1562 ⁸³
562 1530 586 1583 ?
611 1530 736 1599 quis
786 1544 815 1583 a
845 1529 1105 1585 sordibus
1138 1541 1477 1602 expurgatus
1523 1534 1653 1588 est?
1684 1532 1952 1603 quemad‘

370 1621 590 1675 modum
617 1620 720 1676 Job
744 1630 978 1678 testatur
998 1623 1086 1677 "2
1125 1622 1329 1679 Sordes
1373 1633 1505 1679 sunt
1549 1624 1745 1679 animae
1801 1624 1953 1694 puri-

338 1710 498 1806 .tatis
535 1712 802 1781 voluptas,
857 1726 979 1783 quae
1015 1712 1373 1768 multifariam
1431 1715 1727 1785 multisque
1773 1716 1950 1769 modis

370 1802 623 1856 humanae
652 1803 777 1856 vitae
811 1804 1224 1868 commiscetur,
1260 1819 1358 1874 per
1380 1806 1624 1859 animum
1653 1806 1857 1874 pariter
1885 1821 1950 1860 ac

367 1905 589 1959 corpus,
616 1905 711 1959 per
737 1891 1117 1960 cogitationes,
1153 1908 1248 1962 per
1283 1909 1499 1958 sensus,
1536 1910 1630 1965 per
1670 1903 1850 1950 motus
1881 1910 1945 1950 ex

369 1982 651 2052 proposito
696 1982 1054 2050 procedentes
1084 2024 1098 2044 .
1151 1999 1248 2053 per
1301 1985 1551 2054 corporis
1602 1986 1948 2055 operationes

365 2082 421 2126 et
452 2072 700 2128 eﬂ'ectus.
731 2073 869 2139 Quis
898 2088 1028 2142 ergo
1077 2089 1269 2144 puram
1322 2074 1392 2128 ab
1446 2075 1547 2130 hac
1586 2077 1796 2130 macula
1831 2077 1950 2129 ani-

365 2181 510 2220 mam
546 2165 748 2221 habet?
773 2166 867 2235 qui
932 2165 1049 2221 ﬁeri
1086 2166 1289 2236 potuit,
1355 2175 1415 2221 ut
1468 2167 1613 2221 fastu
1654 2182 1949 2236 percussus

364 2274 477 2314 non
506 2258 579 2313 sit
604 2258 627 2311 ?
652 2258 745 2328 qui
776 2258 957 2328 potuit
992 2274 1099 2312 non
1137 2274 1261 2314 esse
1304 2259 1572 2329 superbiae
1603 2259 1738 2329 pede
1766 2261 1947 2314 calca-

363 2349 497 2406 tus?
523 2365 686 2419 quem
719 2363 916 2405 manus
952 2349 1229 2419 peccatrix
1262 2365 1370 2403 non
1414 2350 1749 2403 commovit?
1788 2351 1947 2419 cujus

362 2457 460 2511 pes
490 2440 557 2495 ad
607 2441 907 2512 nequitiam
936 2449 990 2496 et
1021 2442 1282 2495 malitiam
1321 2457 1430 2496 non
1453 2444 1741 2497 cucurrit?
1785 2460 1945 2512 quem

361 2535 564 2589 oculus
620 2533 983 2588 immodestus
1059 2547 1169 2586 non
1239 2532 1547 2602 inquinavit
1608 2541 1663 2587 et
1722 2535 1945 2591 auditus

360 2624 598 2681 stolidus
616 2632 671 2680 et
703 2624 992 2694 imperitus
1025 2638 1132 2677 non
1156 2625 1574 2687 contaminavit,
1602 2634 1656 2680 et
1690 2636 1943 2695 gustatus

362 2717 432 2771 ad
493 2731 617 2773 sese
666 2731 776 2770 non
841 2716 1139 2779 convertit,
1199 2725 1254 2769 et
1306 2724 1635 2785 occupatum
1671 2716 1948 2772 detinuit?

360 2808 524 2878 cujus
555 2822 653 2862 cor
681 2806 749 2861 ad
782 2821 955 2862 vanos
998 2815 1181 2861 motus
1231 2806 1366 2861 rude
1421 2816 1476 2862 et
1529 2809 1944 2863 inexercitatum

360 2897 603 2953 mansit?
632 2896 903 2963 Quoniam
938 2896 1106 2967 igitur
1136 2895 1252 2950 haec
1284 2896 1433 2950 circa
1465 2912 1567 2951 nos
1598 2905 1727 2952 sunt
1757 2898 1945 2967 pejora

358 2987 581 3059 quidem
610 2996 777 3057 atque
814 2986 1089 3041 atrociora
1126 2986 1193 3041 iis
1231 2988 1324 3055 qui
1362 2988 1418 3041 in
1459 2987 1740 3043 bestialem
1772 2989 1944 3059 magis

362 3087 616 3135 naturam
651 3080 1006 3149 degenerant,
1038 3076 1424 3149 {moderatiora
1454 3087 1633 3133 autem
1668 3087 1830 3150 atque
1861 3088 1946 3133 to—

361 3174 673 3230 lerabiliora
703 3171 1135 3244 attentioribus,]
1172 3173 1385 3242 penitus
1425 3182 1605 3227 autem
1640 3182 1694 3228 et
1717 3189 1943 3244 prorsus

358 3271 638 3331 omnibus,
665 3268 869 3338 quibus
915 3268 1224 3322 communis
1254 3275 1339 3322 est
1374 3277 1591 3330 natura,
1628 3268 1939 3322 communia

357 3375 580 3431 quoque
605 3360 802 3415 delicta
843 3368 1053 3413 natura
1104 3368 1270 3414 sunt:
1319 3359 1525 3413 idcirco
1564 3358 1672 3413 Deo
1702 3375 1796 3429 per
1822 3375 1941 3412 ora-

358 3454 567 3508 tionem
596 3452 993 3521 supplicantes,
1037 3461 1096 3506 ut
1152 3451 1496 3505 dimittantur
1546 3451 1703 3504 nobis
1756 3451 1937 3504 debita

356 3559 601 3600 oramus.
626 3544 730 3598 Sed
766 3543 919 3598 irrita
950 3551 1115 3613 atque
1141 3543 1383 3596 inellicax
1407 3550 1490 3597 est
1515 3541 1783 3611 ejusmodi
1810 3557 1934 3605 vox,

356 3646 410 3692 et
438 3636 506 3691 ad
545 3651 711 3691 aures
745 3635 962 3691 divinas
998 3651 1107 3690 non
1138 3636 1372 3705 pertinet
1402 3651 1465 3689 ac
1507 3643 1774 3705 penetrat,
1831 3636 1936 3691 nisi

355 3728 701 3785 conscientia
740 3744 849 3782 una
894 3729 1180 3783 nobiscum
1231 3728 1450 3787 clamet,
1507 3725 1649 3796 quod
1703 3736 1934 3790 rectum,

358 3824 590 3884 bonum,
639 3831 693 3877 et
727 3822 984 3877 decorum
1027 3820 1098 3874 sit
1150 3817 1580 3874 misericordiam
1643 3818 1932 3887 impartiri.

357 3912 491 3967 Nam
532 3912 626 3983 qui
657 3912 869 3981 judicat
921 3909 1311 3964 humanitatem
1348 3910 1512 3965 Deum
1565 3910 1758 3964 decere
1789 3910 1935 3980 (nisi

352 4005 501 4061 enim
535 4006 729 4059 decere
761 4009 997 4074 putaret,
1041 4017 1156 4056 rem
1214 4002 1524 4055 imlecoram
1569 4012 1623 4055 et
1658 4019 1767 4056 non
1802 4019 1936 4057 con-

357 4098 663 4152 venientem
695 4095 914 4166 aggredi
933 4111 1055 4150 eum
1080 4104 1239 4163 atque
1266 4096 1546 4163 suscipere
1590 4110 1696 4149 non
1714 4098 1935 4165 oraret),

352 4199 477 4238 eum
529 4198 744 4252 aequum
779 4182 941 4237 fuerit
996 4185 1113 4238 suis
1160 4183 1319 4237 factis
1366 4185 1638 4251 judicium
1692 4186 1759 4241 de
1788 4187 1932 4239 bono

352 4282 518 4343 atque
557 4273 761 4328 decoro
802 4272 1046 4327 stabilire
1075 4282 1237 4342 atque
1256 4271 1602 4334 conﬁrmare,
1638 4288 1708 4327 ne
1737 4273 1931 4342 ajusto

344 4366 531 4435 judice
559 4364 827 4434 ejusmodi
849 4363 977 4431 quid
1006 4364 1193 4417 audiat
1220 4380 1234 4415 :
1271 4362 1494 4424 Medica,
1527 4379 1657 4415 cura
1684 4364 1927 4432 teipsum,

353 4474 441 4513 me
474 4458 540 4513 ad
578 4457 976 4512 humanitatem
1020 4457 1279 4519 hortaris,
1316 4471 1479 4525 quam
1538 4464 1595 4509 tu
1664 4454 1930 4524 proximis

351 4566 461 4604 non
496 4549 832 4620 impertiris:
875 4549 1257 4604 remissionem
1295 4548 1601 4602 debitorum
1636 4546 1797 4615 petis,
1832 4547 1927 4614 qni

2068 704 2413 775 μελουμένων
2446 704 2539 756 τὸν
2570 703 2758 774 ἐσμὸν,
2783 700 2873 767 τίς
2899 701 2964 754 ἂν
2991 703 3421 776 ἐξαριθμήσαιτο
3456 709 3657 778 λόγος;

2068 794 2334 862 Ἔσωθεν,
2364 796 2552 865 φησὶν,
2579 796 2971 867 ἐκπορεύονται
3004 794 3342 867 διαλογισμοὶ
3373 804 3608 871 πονηροί
3639 820 3655 833 ⁸

2062 888 2157 940 καὶ
2182 887 2488 958 προσέθηκε
2508 886 2617 940 τῶν
2643 886 2997 957 ἐνθυμήσεων
3022 886 3130 939 τῶν
3156 890 3477 944 κοινούντων
3499 894 3656 962 ἡμᾶς

2060 978 2152 1031 τὸν
2180 978 2500 1046 κατάλογον.
2532 979 2596 1031 El
2629 979 2811 1032 τοίνυν
2840 978 2982 1032 οὕτω
3029 980 3364 1050 πανταχόθεν
3402 985 3541 1053 ἡμῖν
3580 986 3653 1039 τά

2058 1070 2167 1124 τῶν
2193 1070 2483 1141 ἁμαρτιῶν
2514 1070 2707 1124 δίκτυα
2749 1071 3106 1141 περικέχυται
3132 1112 3146 1135 ,
3179 1070 3267 1124 διὰ
3294 1072 3513 1127 πάντων
3535 1076 3652 1130 τῶν

2059 1161 2449 1233 αἰσθητηρίων,
2480 1161 2568 1215 διὰ
2592 1162 2702 1215 τῶν
2731 1163 3035 1233 ἐγκαρδίων
3063 1164 3167 1234 τῆς
3195 1162 3376 1234 ψυχῆς
3405 1184 3531 1237 κινη
3540 1169 3651 1237 μά-

2056 1270 2164 1306 των
2190 1271 2203 1283 ·
2230 1253 2314 1316 τίς
2342 1255 2706 1324 καυχήσεται,
2747 1253 2930 1318 καθὼς
2957 1257 2989 1325 ή
3031 1254 3203 1323 Σοφία
3239 1258 3437 1326 φησὶν,
3467 1260 3647 1330 ἁγνὴν

2056 1343 2201 1414 ἔχειν
2231 1345 2497 1416 καρδίαν;
2531 1348 2628 1410 Τίς
2655 1346 3048 1417 κεκαθάρισται
3092 1349 3202 1402 ἀπὸ
3234 1349 3407 1420 ῥύπου
3435 1367 3450 1414 ς
3499 1355 3579 1415 ὡς
3614 1353 3646 1405 ό

2068 1433 2189 1486 Ἰὼῦ
2209 1434 2272 1488 τὸ
2297 1435 2538 1489 τοιοῦτον
2569 1438 2928 1508 μαρτύρεται.
2985 1438 3181 1503 Ῥύπος
3210 1441 3329 1493 ἐστὶ
3360 1442 3459 1512 τῆς
3495 1447 3645 1499 κατὰ

2053 1522 2233 1595 ψυχὴν
2259 1526 2628 1597 καθαρότητος
2659 1528 2692 1598 ἡ
2721 1527 2879 1598 ἡδονὴ
2921 1531 2957 1599 ή
2986 1529 3308 1601 πολυμερῶς
3341 1532 3436 1584 καὶ
3472 1534 3643 1586 πολυ-

2052 1616 2272 1684 τρόπως
2292 1617 2371 1687 τῷ
2399 1617 2727 1690 ἀνθρωπίνῳ
2751 1621 3199 1692 καταμιγνυμένη
3242 1623 3342 1694 βίῳ
3368 1665 3384 1686 ,
3415 1624 3505 1677 διὰ
3534 1625 3644 1694 ψυ-

2052 1707 2155 1777 χῆς
2183 1725 2243 1760 τε
2275 1708 2369 1761 καὶ
2400 1706 2680 1780 σώματος,
2702 1709 2769 1764 δι’
2805 1710 3176 1782 ἐνθυμήσεων,
3206 1713 3272 1766 δι’
3301 1714 3639 1786 αίσθήσεων,

2050 1796 2139 1849 διὰ
2161 1798 2270 1850 τῶν
2298 1800 2440 1852 κατὰ
2464 1799 2721 1870 πρόθεσιν
2755 1802 3103 1873 κινημάτων,
3136 1803 3225 1857 διὰ
3259 1804 3369 1858 τῶν
3395 1823 3642 1877 σωματι-

2050 1888 2164 1941 κῶν
2194 1891 2605 1960 ἐνεργημάτων.
2631 1892 2730 1956 Τίς
2755 1887 2846 1945 οῦν
2867 1892 3113 1964 καθαράν
3144 1896 3244 1965 τῆς
3270 1895 3485 1967 κηλῖδος
3507 1898 3641 1951 ταύ-

1983 1973 2023 2027 Β
2049 1998 2150 2051 της
2180 1982 2279 2054 τὴν
2322 1982 2499 2054 ψυχὴν
2532 1984 2680 2055 ἔχεις
2734 1986 2861 2049 Πῶς
2910 1987 3009 2040 οὐκ
3053 1986 3266 2059 ἐπλήγη
3313 1988 3394 2059 τῷ
3441 1988 3636 2060 τύφῳς

2050 2074 2175 2138 Πῶς
2223 2075 2321 2129 οὐκ
2350 2076 2597 2147 ἐπατήθη
2636 2077 2714 2146 τῷ
2758 2076 2879 2130 ποδὶ
2903 2079 2999 2149 τῆς
3047 2079 3424 2150 ὑπερηφανίας
3447 2121 3463 2142 ,
3501 2082 3567 2134 ὃν
3601 2084 3637 2153 ή

2050 2168 2345 2240 ἀμαρτωλὴ
2392 2171 2513 2240 χεὶρ
2547 2170 2646 2223 οὐκ
2685 2171 3015 2235 ἐσάλευσενς
3050 2163 3124 2224 Οῦ
3156 2173 3185 2224 ό
3228 2170 3361 2235 ποῦς
3415 2173 3497 2237 είς
3540 2190 3640 2225 κα-

2050 2261 2173 2312 κίαν
2203 2261 2303 2314 οὐκ
2334 2258 2603 2331 ἔδραμεν;
2640 2263 2734 2316 Ὃν
2766 2262 3044 2334 ὀφθαλμὸς
3091 2264 3338 2317 άτακτῶν
3370 2264 3471 2317 οὐκ
3507 2265 3639 2335 ἐμό-

2048 2350 2203 2404 λυνεν
2225 2391 2241 2415 ,
2272 2353 2366 2406 καὶ
2407 2354 2727 2418 ἀπαίδευτος
2757 2355 2893 2424 ἀκοὴ
2943 2355 3044 2408 οὐκ
3072 2355 3390 2426 ἐρρύπωσεν
3413 2397 3428 2419 ,
3465 2358 3564 2409 καὶ
3597 2361 3632 2425 ἡ

2048 2441 2235 2509 γεῦσις
2284 2443 2420 2514 πρὸς
2464 2443 2663 2514 ἑαυτὴν
2706 2444 2807 2497 οὐκ
2841 2444 3176 2514 ήσχόλησεν,
3219 2444 3313 2497 καὶ
3361 2447 3395 2515 ή
3430 2445 3635 2515 καρδία

2053 2533 2188 2600 πρὸς
2241 2533 2474 2603 ματαίας
2516 2537 2759 2605 κινήσεις
2807 2534 3165 2605 ἀνενέργητος
3202 2533 3435 2604 ἔμεινεν.
3468 2535 3634 2589 Ἐπεὶ

2050 2620 2143 2678 οὖν
2186 2624 2254 2678 τὰ
2295 2626 2423 2696 περὶ
2465 2627 2615 2696 ἡμᾶς
2669 2625 2836 2695 χείρω
2883 2626 2981 2696 μὲν
3029 2626 3123 2680 καὶ
3177 2625 3633 2697 χαλεπωδὲστερα

2046 2718 2159 2778 τοῖς
2184 2715 2663 2787 κτηνωδεστέροις’
2708 2715 2882 2784 πάντη
2912 2714 2969 2767 δὲ
2999 2715 3093 2768 καὶ
3125 2716 3341 2778 πάντως
3388 2716 3448 2767 ἐν
3490 2717 3631 2769 πᾶσι

2045 2811 2159 2871 τοῖς
2181 2807 2496 2861 κοινωνοῦσι
2520 2807 2621 2876 τῆς
2652 2804 2866 2875 φύσεώς
2888 2808 3001 2860 ἐστι
3041 2808 3134 2860 καὶ
3166 2809 3199 2878 ή
3229 2808 3484 2860 κοινωνία
3514 2807 3631 2859 τῶν

2046 2897 2533 2970 πλημμελημάτων
2560 2898 2659 2967 τῆς
2689 2897 2929 2966 φύσεως·
2960 2897 3045 2951 διὰ
3072 2899 3230 2951 τοῦτο
3254 2900 3632 2967 προσπίπτον·

2045 3006 2139 3053 τες
2171 2987 2258 3042 διὰ
2280 2988 2587 3059 προσευχῆς
2612 2986 2689 3057 τῷ
2713 2986 2831 3057 Θεῷ
2852 2986 3118 3056 ἀφεθῆναι
3147 2989 3279 3058 ήμῖν
3304 2988 3373 3041 τά
3407 2989 3631 3059 ὀφειλήο

2048 3078 2665 3151 ματα’παρακαλοῦμεν.
2703 3079 2843 3133 Ἀλλ’
2868 3079 3145 3150 ἄπρακτός
3168 3082 3314 3134 ἐστιν
3345 3082 3377 3151 ή
3398 3082 3628 3152 τοιαύτη

2046 3170 2218 3241 φωνὴ,
2250 3170 2344 3223 καὶ
2382 3172 2460 3234 εἰς
2492 3169 2661 3233 ἀκοὰς
2689 3170 2840 3232 θείας
2872 3169 3181 3239 φθάνουσα,
3215 3170 3290 3241 μὴ
3318 3171 3419 3239 τῆς
3452 3187 3629 3226 συνει-

2044 3262 2249 3333 δήσεως
2280 3261 2411 3332 ήμῖν
2438 3278 2498 3313 συ
2508 3259 2781 3332 μϐοὼσης,
2803 3260 2885 3314 ὅτι
2906 3261 3070 3315 καλόν
3088 3264 3232 3315 ἐστιν
3257 3263 3291 3332 ή
3315 3260 3411 3314 τοῦ
3436 3263 3627 3327 ἐλέους

1967 3324 2009 3381 C
2047 3324 2351 3423 μετάδοσις.
2390 3352 2450 3405 Ὀ
2478 3324 2587 3424 γάρ
2624 3324 2744 3423 Θεῷ
2769 3324 3021 3423 ’πρέπειν
3062 3353 3160 3424 τὴν
3210 3324 3628 3425 φιλανθρωπίαν

2043 3446 2275 3516 κρίνων’
2307 3446 2367 3497 οὐ
2422 3444 2531 3515 γὰρ
2576 3443 2642 3497 ἂν
2687 3446 2735 3497 εί
2780 3444 2857 3515 μὴ
2912 3444 3143 3513 πρέπειν
3188 3444 3356 3515 ᾤετο,
3391 3447 3531 3517 πρὸς
3563 3447 3627 3499 τὸ

2041 3535 2287 3608 ἀπρεπές
2314 3553 2374 3588 τε
2400 3536 2495 3591 καὶ
2526 3536 2865 3606 ἀνάρμοστον
2897 3534 3069 3588 ἐλθεῖν
3099 3534 3249 3603 ὴξίου
3270 3550 3284 3563 ·
3316 3535 3527 3597 δίκαιος
3555 3536 3625 3589 ἂν

2040 3629 2123 3697 εἴη
2156 3630 2266 3691 τοῖς
2296 3627 2445 3691 ίδίοις
2473 3627 2654 3698 ἔργοις
2679 3627 2775 3697 τὴν
2803 3626 2933 3696 περὶ
2975 3625 3070 3679 τοῦ
3123 3624 3287 3678 καλοῦ
3321 3624 3624 3693 βεϐαιῶσαι

2040 3719 2222 3790 κρίσιν
2246 3761 2262 3786 ,
2297 3719 2372 3783 ὡς
2411 3719 2477 3772 ἂν
2515 3718 2589 3789 μὴ
2626 3717 2689 3770 τὸ
2711 3717 2949 3770 τοιοῦτον
2993 3718 3275 3771 ἀκούσειεν
3322 3718 3473 3787 παρὰ
3522 3718 3623 3770 τοῦ

2039 3811 2248 3882 κριτοῦ,
2283 3812 2365 3865 ὅτι
2397 3810 2596 3878 Ἰατρέ,
2628 3810 3005 3877 θεράπευσον
3032 3810 3318 3885 σεαυζόνυ
3350 3809 3451 3878 ἐμὲ
3480 3809 3625 3879 πρὸς

2039 3903 2449 3973 φιλανθρωπίαν
2495 3901 2860 3970 παρακαλεῖς,
2908 3894 2975 3969 ἦς
3016 3903 3127 3963 τοῖς
3165 3899 3333 3963 πέλας
3361 3901 3524 3964 αὐτὸς
3557 3902 3621 3952 οὐ

2042 3993 2388 4063 μετέδωκαςς
2436 3993 2663 4058 Ἀφεσιν
2723 3989 3051 4059 ὀφλημάτων
3103 3990 3305 4051 αἰτεῖς·
3358 3988 3476 4049 πῶς
3524 3984 3622 4041 οὖν

2037 4086 2331 4154 κατάγχεις
2359 4084 2422 4136 σὺ
2455 4082 2544 4136 τὸν
2573 4083 2889 4152 ὑπόχρεωνς
2937 4079 3348 4148 Ἐξαλειφοῆναι
3384 4079 3445 4130 τὸ
3473 4078 3623 4131 κατὰ

2039 4175 2130 4228 σοῦ
2157 4174 2515 4246 χειρόγραφον
2540 4173 2672 4245 εὔχῃ
2696 4213 2710 4236 ,
2740 4174 2767 4225 ὁ
2792 4171 2856 4224 δι’
2885 4169 3200 4239 ἐπιμελείας
3230 4170 3521 4235 ιρυλάσσων
3549 4169 3619 4222 τὰ

2033 4267 2142 4320 τῶν
2172 4265 2484 4320 ὑπευθύνων
2516 4262 2818 4334 συμϐόλαια
2840 4279 2855 4293 ·
2887 4261 3063 4331 χρεῶν
3092 4264 3263 4324 αἰτεῖς
3301 4262 3617 4323 ἀποκοπὰς,

2033 4361 2061 4413 ό
2086 4357 2298 4429 τρέφων
2329 4356 2418 4410 διὰ
2461 4356 2568 4408 τῶν
2592 4357 2764 4409 τόκων
2791 4355 2852 4407 τδ
2882 4354 3088 4407 δάνειον
3110 4370 3123 4382 ·
3152 4355 3180 4405 ὁ
3212 4352 3301 4414 σὸς
3327 4353 3620 4421 ὀφειλέτης

2034 4450 2091 4502 ἐν
2135 4449 2528 4519 δεσμωτηρίῳ,
2581 4447 2676 4499 καὶ
2728 4448 2792 4498 σὺ
2828 4448 2884 4499 ἐν
2916 4445 3188 4515 εύκτηρίῳ
3216 4461 3227 4474 ·
3269 4447 3475 4506 ἐκεῖνος
3522 4446 3619 4494 ἐπὶ

2032 4544 2145 4604 τοῖς
2197 4540 2503 4609 ὀφλήμασιν
2547 4536 2829 4590 όδυνᾶται’
2860 4538 2954 4589 καὶ
2994 4535 3058 4587 σὺ
3091 4533 3357 4603 ἀφεθῆναί
3403 4551 3482 4585 σοι
3516 4534 3620 4603 τὴν

352 4649 410 4694 tit
433 4657 563 4711 ergo
609 4650 669 4694 ut
711 4653 768 4696 tu
798 4640 1031 4696 sulloces
1077 4640 1372 4694 obaeratum
1402 4640 1424 4692 ?
1457 4638 1626 4692 deleri
1660 4638 1758 4691 tibi
1806 4638 1926 4690 chi-

2048 4632 2252 4701 ὄφειλὴν
2280 4631 2479 4696 ἀξιοῖς·
2526 4628 2754 4697 ἀνήκοός
2784 4626 2899 4680 ἐστί
2934 4643 3026 4679 σου
3063 4627 3096 4696 ή
3130 4624 3621 4693 προσευχὴ,ύπερ-

347 4735 680 4805 rographum
711 4734 975 4789 adversus
1003 4742 1057 4786 te
1098 4732 1362 4798 scriptum
1394 4730 1657 4799 precaris,
1715 4728 1805 4798 qui
1841 4730 1927 4782 di-

2048 4726 2157 4795 ςχεῖ
2188 4723 2293 4792 γὰρ
2313 4724 2346 4791 ή
2383 4719 2477 4773 τοῦ
2501 4719 2841 4789 όδυνωμένου
2875 4719 3022 4785 φωνή
3049 4735 3061 4747 ·
3101 4716 3197 4767 ἐὰν
3226 4714 3395 4786 λύσῃς
3416 4715 3473 4767 τὸ
3506 4734 3620 4769 σω-

350 4804 577 4893 ligenter
606 4841 793 4881 servas
809 4826 1171 4879 obnoxiorum
1205 4830 1363 4891 pacta
1381 4830 1545 4890 atque
1572 4829 1917 4874 contractus:

2048 4813 2261 4864 λατικδν
2289 4810 2447 4880 χρέος
2468 4849 2483 4873 ,
2511 4806 2801 4877 λυθήσεταί
2834 4822 2916 4859 σοι
2957 4805 3054 4874 τῆς
3087 4804 3264 4875 ψυχῆς
3296 4807 3364 4857 τά
3388 4805 3572 4874 δεσμά
3599 4824 3613 4836 ο

345 4918 560 4971 tabulas
596 4932 765 4971 novas
815 4925 867 4970 et
916 4914 1266 4970 abolitionem
1322 4919 1485 4981 atque
1536 4910 1915 4966 remissionem

2048 4905 2123 4957 ιᾶν
2151 4902 2532 4972 συγχωρήσῃς,
2565 4897 3050 4970 συγχωρηθήσεται
3067 4914 3081 4927 ·
3108 4896 3320 4965 σεαυτῷ
3344 4896 3614 4961 δικάσεις,

344 5009 651 5063 debitorum
683 5006 843 5077 petis,
876 5007 968 5075 qui
1005 5021 1100 5075 per
1128 5017 1326 5059 usuras
1354 5017 1428 5055 aes
1459 5000 1694 5054 alienum
1741 4998 1923 5052 nutris

2048 4996 2239 5065 πεαυτῷ
2279 4993 2702 5063 νομοθετήσεις,
2767 4991 2831 5061 τῇ
2895 4988 3033 5059 πρὸς
3084 4988 3179 5042 τὸν
3243 4989 3614 5060 ὑποκείμενον

343 5112 397 5155 et
426 5115 631 5171 auges;
664 5107 792 5153 tuus
842 5097 1057 5151 debitor
1114 5093 1289 5150 estin
1354 5106 1596 5154 carcere,
1634 5098 1689 5145 et
1747 5097 1806 5142 tu
1867 5090 1917 5141 in

2048 5086 2258 5140 ῖιαθέσει
2305 5087 2405 5155 τὴν
2436 5083 2641 5136 ἄνωθεν
2664 5082 2841 5153 ψῆφον
2873 5081 2966 5134 ἐπὶ
3002 5080 3231 5134 σεαυτοῦ
3259 5083 3462 5151 φέρων.

342 5194 626 5257 oratorio;
657 5190 749 5244 ille
776 5201 847 5243 on
877 5189 1059 5244 debita
1089 5187 1390 5246 cruciatur,
1420 5195 1472 5238 et
1501 5192 1556 5236 tu
1587 5181 1793 5236 remitti
1823 5181 1918 5235 tibi
1957 5180 2199 5233 debitum
2228 5177 2314 5232 vis
2340 5193 2352 5228 :
2394 5176 2644 5231 exaudiri
2676 5174 2855 5229 oratio
2891 5183 2985 5227 tua
3044 5187 3155 5227 non
3184 5182 3384 5244 potest,
3444 5190 3618 5244 supe-

340 5296 428 5340 rat
466 5288 612 5343 enim
650 5301 820 5342 sonus
858 5292 913 5339 et
948 5284 1212 5353 strepitus
1258 5283 1414 5336 vocis
1449 5281 1570 5350 ejus
1614 5281 1708 5350 qui
1753 5280 2035 5334 cruciatur
2086 5296 2098 5331 :
2155 5278 2201 5333 si
2248 5284 2307 5331 tu
2346 5276 2637 5346 corporale
2670 5274 2912 5330 debitum
2958 5272 3258 5334 dimiseris,
3322 5271 3618 5326 solventur

329 5376 443 5432 'tibi
473 5382 670 5433 animae
703 5378 953 5432 vincula:
983 5377 1030 5432 si
1066 5375 1492 5438 condonaveris,
1517 5372 1921 5428 condonabitur
1959 5372 2097 5426 tibi:
2136 5371 2254 5441 ipse
2319 5368 2486 5439 judex
2528 5369 2662 5433 eris,
2739 5368 2857 5438 ipse
2898 5366 2999 5422 tibi
3053 5366 3227 5437 legem
3271 5362 3440 5431 feres,
3476 5364 3617 5418 alle-

341 5471 547 5531 ctione,
575 5484 682 5538 qua
716 5477 773 5523 tu
803 5471 1102 5525 obnoxium
1153 5478 1479 5540 prosecutus
1514 5468 1702 5533 fueris,
1746 5482 2001 5537 superam
2034 5465 2363 5523 sententiam
2392 5480 2490 5535 per
2528 5473 2584 5520 te
2610 5462 2813 5519 ferens.

413 5558 546 5614 Tale
583 5559 867 5630 quidpiam
910 5559 1041 5613 mihi
1079 5558 1293 5615 videtur
1327 5558 1589 5612 Dominus
1632 5556 1799 5615 etiam
1860 5556 1913 5610 in

2093 5554 2344 5610 Τοιοῦτόν
2367 5554 2420 5608 τί
2453 5572 2541 5626 μοι
2574 5554 2723 5609 δοκεῖ
2752 5555 2844 5608 καὶ
2871 5552 2932 5607 ἐν
2958 5550 3035 5623 τῷ
3066 5550 3239 5621 ἑτέρῳ
3279 5548 3426 5621 λόγῳ
3456 5547 3617 5604 διδά-

425 5732 467 5766 “
510 5731 671 5788 Prov.
704 5749 768 5788 xx
795 5777 806 5797 ,
838 5734 892 5788 9.
964 5736 1007 5768 "
1046 5732 1145 5789 Job
1177 5752 1284 5801 λιν,
1322 5735 1345 5788 4
1380 5735 1524 5793 iuxta
1556 5732 1708 5786 LXX.
