3844 6224
189 283 332 341 i189

1165 291 1256 347 os
1292 292 1653 351 ORATIONE
1683 293 2038 350 DOMINICA.
2067 322 2138 335 -
2173 258 2434 353 casino
2470 297 2534 351 v.

3329 303 3468 358 11⁸ὶο

188 418 344 456 σειν
372 406 402 458 6
432 405 634 478 Κύριος
661 407 1071 481 διηγηματικῶς
1107 413 1168 467 τδ
1198 410 1377 486 δόγμα
1414 416 1574 470 τοῦτο
1599 433 1751 488 παρα

1884 414 1992 468 alio
2028 430 2283 471 sermone
2312 418 2531 481 docere,
2566 432 2659 488 per
2686 419 2906 473 modum
2949 417 3284 473 narrationis
3321 422 3465 473 hanc

180 494 501 567 τιθέμενος,
523 498 652 553 ἔνθα
687 501 937 571 βασιλεύς
976 506 1059 568 τίς
1084 507 1230 560 ἐστιν
1259 509 1316 561 ὲν
1339 507 1418 578 τῷ
1452 509 1769 580 διηγήματι,

181 590 438 661 φοϐερῶς
476 596 895 667 προκαθήμενος
917 615 930 627 ·
960 602 1055 653 καὶ
1084 603 1210 666 τοὺς
1242 604 1460 668 οἰκέτας
1485 607 1565 668 εἰς
1592 607 1774 677 κρίσιν

178 683 336 750 ἄγων
360 727 373 747 ,
437 687 533 739 καὶ
582 687 691 741 τῶν
735 691 1200 762 οίκονομηθέντων
1229 699 1357 767 παρ’
1401 697 1629 751 ἑκάστου
1673 699 1773 769 τὴν

178 776 388 842 γνῶσιν
443 779 735 850 ἐπιζητῶν.
765 783 1175 854 Προσαχθέντος
1210 786 1267 840 δέ
1304 805 1447 851 τινος
1499 790 1607 842 τῶν
1646 808 1773 863 χρε-

178 868 497 935 ωφειλετῶν
522 911 538 935 ,
587 874 683 925 καὶ
722 873 1130 945 φιλανθρωπίας
1161 882 1516 951 τετυχηκότος
1540 924 1555 948 ,
1582 885 1768 957 ἐπειδὴ

180 963 515 1031 προσπεσὼν
568 966 691 1019 ἀντὶ
718 970 816 1037 τῆς
860 967 970 1022 τῶν
1019 972 1316 1043 χρημάτων
1366 976 1627 1040 ἐκτίσεως
1669 979 1768 1050 τὴν

180 1054 461 1124 ἱκετηρίαν
489 1057 859 1128 προσήγαγεν,
888 1055 1006 1112 εἶτα
1032 1061 1176 1115 κατά
1202 1064 1296 1117 τοῦ
1330 1067 1618 1136 ὁμοδούλου
1651 1071 1769 1121 ὲπι-

180 1146 391 1216 μετρίῳ
416 1146 685 1218 ὀφλήματι
708 1150 918 1218 πικρῶς
948 1168 1006 1205 τε
1039 1155 1133 1206 καὶ
1159 1155 1384 1226 ἀπηνῶς
1410 1156 1764 1225 διατεθέντος,

176 1236 536 1308 ὀργιζόμενον
567 1241 789 1311 ἐποίησε
825 1245 892 1313 τῇ
926 1244 1063 1314 πρὸς
1092 1246 1183 1299 τὸν
1213 1247 1498 1317 ὁμόδουλον
1529 1250 1765 1322 άπηνείᾳ

175 1329 271 1381 τὸν
306 1329 554 1400 βασιλέασ
596 1334 688 1386 καὶ
725 1335 1026 1405 προσέταξε
1052 1339 1164 1401 τοῖς
1195 1337 1545 1408 βασανισταῖς
1580 1342 1763 1414 πάγχυ

176 1421 346 1475 αὐτὸν
373 1423 472 1491 τῆς
501 1423 593 1477 τοῦ
626 1424 890 1495 βασιλέως
915 1428 1092 1492 οἰκίας
1141 1430 1523 1503 ἀλλοτριῶσαι,
1556 1434 1649 1487 ἐπὶ
1674 1452 1763 1488 το-

178 1514 371 1570 σοῦτόν
393 1533 453 1569 τε
479 1520 799 1589 παρατεῖναι
824 1519 926 1591 τὴν
959 1519 1196 1587 κόλασιν,
1237 1522 1341 1587 ἓως
1379 1523 1446 1577 ἂν
1477 1523 1575 1595 τὴν
1604 1524 1762 1590 ἀξίαν

174 1607 451 1679 τιμωρίαν
478 1610 937 1683 ἀναποπληρὼσῃ.
970 1612 1221 1684 Ἀληθῶς
1269 1613 1380 1687 γὰρ
1410 1616 1585 1670 ὀϐολοί
1617 1617 1761 1681 τινές

175 1704 318 1754 εἰσιν
350 1702 560 1766 ἀτελεῖς
595 1720 656 1756 τε
692 1706 785 1758 καὶ
813 1705 1169 1778 εὐαρίθμητοι
1199 1708 1336 1778 πρὸς
1366 1710 1634 1779 μυριάδας
1664 1728 1758 1765 τα-

172 1791 385 1845 λάντων
434 1794 875 1866 παρατιθέμενοι,
925 1797 996 1851 τὰ
1033 1798 1141 1851 τῶν
1191 1798 1433 1869 ἀδελφῶν
1473 1799 1628 1874 ήμῶν
1680 1802 1759 1864 εἰς

174 1886 327 1956 ἡμᾶς
363 1886 655 1958 ὀφλήματα
702 1889 985 1961 συγκρίσει
1013 1891 1105 1944 τὸν
1148 1891 1279 1945 Θεὸν
1324 1892 1433 1946 τῶν
1477 1893 1760 1967 ἡμετέρων

172 1977 687 2051 πλημμελημάτων.
750 1982 931 2051 Ζημία
993 1981 1211 2047 πάντως
1265 1984 1415 2036 ἐστὶν
1463 1986 1496 2054 ή
1549 1984 1759 2054 ὕϐρεως

171 2070 401 2143 ἀφορμὴ
436 2073 588 2143 παρά
618 2089 763 2137 τινος
792 2075 1132 2145 γεγενημένη
1156 2114 1171 2136 ,
1199 2074 1231 2146 ἢ
1263 2076 1477 2129 οἰκέτου
1505 2078 1691 2139 κακία,
1722 2077 1755 2149 ἢ

173 2163 272 2216 καὶ
310 2165 389 2226 εἰς
439 2165 751 2233 σωματικὸν
794 2164 1020 2219 θάνατον
1052 2167 1307 2240 ἐπιϐουλή
1327 2186 1340 2199 ·
1371 2164 1490 2222 εἶτα
1522 2170 1587 2223 σὺ
1623 2171 1759 2241 πρὸς

170 2256 274 2326 τὴν
308 2256 518 2327 άμυναν
550 2258 755 2312 τούτων
790 2261 847 2312 ὲν
881 2259 1155 2331 φλεγμονῇ
1191 2262 1415 2333 καρδίας
1440 2262 1752 2336 ὲξερεθίζῃ,

173 2346 269 2399 καὶ
317 2348 499 2401 πᾶσαν
537 2348 636 2419 τὴν
678 2348 921 2403 ἐπίνοιαν
979 2352 1056 2412 εἰς
1109 2351 1206 2421 τὴν
1245 2350 1352 2406 τῶν
1407 2353 1755 2424 προλελυπη-

170 2434 347 2488 κότων
376 2437 646 2507 τιμωρίαν
676 2439 981 2508 ἀναζητετς,
1021 2440 1080 2492 οὐ
1117 2439 1327 2513 λογίζῃ·
1380 2443 1429 2494 εἰ
1477 2443 1574 2511 μὲν
1622 2443 1757 2513 πρὸς

167 2526 391 2596 οἰκέτην
430 2529 470 2591 ,ό
521 2527 691 2598 θυμὸς
722 2528 1077 2600 φλεγμαίνοιο
1129 2533 1208 2585 ὅτι
1259 2534 1317 2586 οὑ
1367 2535 1559 2603 φύσις,
1616 2534 1754 2589 άλλά

168 2617 455 2672 δυναστεία
499 2619 635 2690 πρὸς
678 2619 922 2674 δουλείαν
971 2638 1029 2674 τε
1068 2624 1162 2677 καὶ
1203 2625 1497 2695 κυριότητα
1552 2626 1613 2678 τὸ
1656 2628 1752 2679 ἀν-

169 2707 445 2778 θρώπινον
492 2709 742 2779 ἔσχισεν;
784 2711 874 2781 Τῷ
925 2712 1029 2784 γὰρ
1085 2713 1354 2785 ἀνθρώπῳ
1404 2715 1675 2769 δουλεύειν
1725 2718 1753 2768 ὁ

166 2797 265 2851 τοῦ
298 2800 499 2863 παντὸς
527 2801 805 2872 οἰκονόμος
833 2802 930 2873 τὴν
957 2803 1148 2871 ἄγονον
1175 2805 1336 2872 φύσιν
1363 2807 1528 2877 μόνην
1562 2808 1752 2877 ἐνομο-

168 2885 387 2958 θέτησε,
411 2888 593 2952 καθώς
621 2907 783 2960 φησιν
807 2892 835 2944 6
864 2893 1175 2961 Προφήτης,
1204 2895 1285 2948 ὅτι
1315 2893 1517 2949 Πάντα
1542 2895 1752 2950 ὑπέτα·

167 2979 282 3046 ξας
307 2980 586 3035 ὑποκάτω
607 2980 726 3035 τῶν
746 2983 946 3036 ποδῶν
966 2986 1170 3045 αὐτοῦ,
1197 2988 1460 3055 πρόϐατα
1478 2988 1573 3040 καὶ
1592 2988 1751 3053 βόας

1881 509 2211 560 sententiam
2253 507 2306 561 in
2338 509 2576 562 medium
2609 507 2842 565 al'ferens
2878 528 2891 564 :
2945 510 3036 564 ubi
3089 526 3184 565 rex
3236 509 3461 579 quidam

1879 596 1936 651 in
1980 600 2299 656 narratione
2328 601 2700 657 introducitur
2730 603 3046 658 terribiliter
3072 618 3169 673 pro
3197 602 3461 657 tribunali

1876 690 2106 756 sedens,
2146 700 2201 744 et
2244 707 2434 747 servos
2470 694 2537 747 ad
2577 694 2845 763 judicium
2899 710 3123 765 cogens,
3169 702 3224 749 et
3268 708 3460 747 eorum

1874 796 1995 849 quae
2055 784 2434 853 unusquisque
2488 785 2934 843 administrassct
2981 790 3354 858 cognitionem
3404 796 3460 842 et

1874 876 2232 943 quaestionem
2267 877 2565 932 instituens
2589 879 2655 933 ⁸³.
2687 880 2824 933 Cum
2859 890 3038 934 autem
3075 879 3298 950 quidam
3357 880 3457 935 de-

1872 966 2022 1020 bitor
2050 967 2340 1030 adductus,
2376 983 2439 1021 ac
2462 971 2721 1038 quoniam
2755 972 2821 1025 ad
2850 986 3026 1042 genua
3049 974 3305 1029 accidens
3333 974 3454 1028 loco

1870 1060 2266 1129 persolutionis
2300 1063 2676 1131 pecuniarum,
2712 1065 3010 1133 supplicem
3062 1065 3304 1120 libellum
3353 1067 3454 1120 0|)—

1869 1151 2092 1217 tulerat,
2141 1152 2537 1208 humanitatem
2574 1164 2910 1211 consecutus
2959 1165 3126 1220 esset,
3159 1158 3357 1213 deinde
3384 1159 3455 1212 ob

1869 1243 2145 1298 modicum
2175 1244 2423 1299 debitum
2448 1247 2712 1301 adversus
2743 1262 3072 1303 conservum
3097 1250 3297 1304 acerbe
3332 1265 3455 1305 sese

1867 1341 1921 1388 et
1958 1335 2334 1391 inhumaniter
2359 1338 2643 1405 gessisset,
2680 1355 2749 1394 ex
2791 1339 3196 1395 inhumanitate
3259 1342 3453 1395 adver—

1864 1441 1961 1481 sus
1992 1442 2320 1482 conservrum
2342 1430 2476 1483 iram
2508 1431 2652 1500 regis
2688 1434 3004 1500 provocavit
3033 1448 3046 1484 :
3072 1432 3167 1502 qui
3194 1435 3451 1502 quaesito-

1865 1515 2018 1571 ribus
2059 1525 2115 1571 et
2178 1519 2478 1574 tortoribus
2538 1520 2800 1589 praecepit
2853 1532 2913 1575 ut
2964 1537 3091 1576 eum
3148 1524 3367 1592 penitus
3419 1540 3450 1576 a

1864 1607 2029 1662 domo
2057 1609 2552 1680 regisalienarent,
2582 1620 2745 1681 atque
2770 1628 2836 1668 eo
2892 1628 3067 1683 usque
3123 1613 3447 1683 supplicium

1864 1709 2239 1769 prorogarent,
2273 1701 2454 1771 quoad
2489 1703 2713 1758 meritas
2764 1718 2955 1772 poenas
3014 1704 3276 1758 dedisset.
3309 1703 3445 1758 Nam

1861 1790 2008 1844 oboli
2036 1792 2258 1861 quidem
2287 1809 2479 1848 revera
2517 1795 2654 1849 viles
2674 1804 2729 1850 et
2758 1804 3047 1851 numeralu
3075 1796 3260 1852 faciles
3295 1806 3447 1863 sunt,

1860 1895 1985 1935 cum
2015 1882 2321 1937 innumeris
2352 1883 2572 1937 talentis
2626 1884 2954 1954 comparati,
2991 1885 3283 1938 adversum
3345 1900 3448 1937 nos

1859 1973 2041 2028 debita
2083 1972 2336 2038 fratrum,
2373 1975 2421 2030 si
2450 1990 2575 2029 cnm
2611 1976 2819 2031 nostris
2848 1977 3119 2031 adversus
3152 1975 3318 2028 Deum
3352 1976 3449 2029 dc-

1859 2064 2005 2119 lictis
2033 2064 2411 2120 conferantur.
2451 2065 2724 2122 Damnosa
2755 2084 2983 2137 prorsus
3013 2077 3096 2122 est
3120 2069 3202 2121 vel
3231 2068 3447 2137 injuriae

1858 2157 2078 2210 occasio
2099 2158 2175 2211 ab
2206 2158 2393 2228 aliquo
2437 2159 2684 2229 praebita,
2740 2161 2820 2213 vel
2876 2162 3019 2215 servi
3049 2160 3319 2230 nequitia,
3358 2162 3445 2214 νυι

1857 2248 2019 2301 etiam
2050 2248 2263 2304 insidiae
2294 2251 2419 2304 vitae
2451 2252 2725 2321 corporali
2794 2259 3036 2314 structae,
3069 2260 3123 2305 et
3155 2261 3214 2305 tu
3250 2252 3315 2305 ad
3361 2256 3445 2306 ul-

1857 2340 2176 2396 ciscendum
2203 2342 2473 2409 ejusmodi
2520 2343 2866 2397 incommoda
2907 2358 3001 2412 per
3052 2342 3443 2397 inﬂammatio-

1856 2448 1980 2487 nem
2013 2433 2197 2489 cordis
2237 2436 2556 2489 accenderis
2616 2444 2671 2488 et
2734 2435 2989 2507 irritaris,
3031 2442 3084 2489 et
3142 2434 3277 2488 nihil
3333 2452 3440 2488 non

1856 2525 2294 2580 comminisceris
2334 2533 2387 2580 et
2418 2528 2720 2596 excugitas,
2763 2544 2873 2597 quo
2919 2526 3205 2581 ulciscaris
3259 2541 3356 2582 eos
3411 2542 3440 2579 a

1854 2616 2057 2684 quibus
2087 2615 2288 2685 injuria
2318 2617 2610 2673 lacessitus
2641 2618 2719 2672 sis
2740 2658 2754 2680 ,
2798 2633 2906 2671 non
2958 2619 3169 2689 cogitas
3205 2618 3292 2688 (si
3345 2619 3441 2673 ad-

1855 2724 2048 2763 versus
2073 2724 2291 2763 servum
2331 2710 2589 2764 nimirum
2635 2713 2709 2764 ita
2750 2710 3068 2778 exarseris)
3122 2711 3268 2781 quod
3326 2726 3437 2764 non

1854 2811 2073 2862 natura,
2108 2804 2202 2857 sed
2235 2804 2319 2858 vis
2346 2803 2399 2857 in
2431 2805 2747 2858 servitutem
2788 2804 2993 2874 pariter
3020 2813 3073 2859 et
3100 2805 3437 2859 dominatio-

1853 2909 1975 2946 nem
2010 2909 2182 2961 genus
2235 2894 2534 2947 humanum
2602 2894 2764 2948 scidit
2828 2904 2992 2963 atque
3024 2893 3252 2948 divisit?
3302 2893 3437 2947 Nam

1854 2984 2056 3038 homini
2105 2985 2313 3039 servire
2348 3001 2510 3039 unam
2577 2986 2807 3040 rationis
2842 2995 3120 3055 expertem
3158 2994 3434 3047 naturam,

166 3073 412 3139 ἁπάσας
433 3113 449 3136 ,
482 3075 581 3128 καί
622 3074 696 3129 τὰ
722 3077 962 3129 πετεινὰ
995 3076 1091 3129 καί
1134 3078 1204 3131 τὰ
1237 3077 1448 3146 κτήνη,
1480 3078 1748 3145 καὶτοὺς

1858 3089 2039 3127 rerum
2094 3075 2474 3128 universarum
2531 3074 2948 3129 administrator
3002 3075 3117 3144 lege
3150 3074 3438 3129 constituit

165 3166 399 3236 ἰχθύας.
440 3164 627 3219 Ταῦτά
653 3183 713 3218 τε
745 3168 837 3219 καὶ
863 3165 1025 3220 δοῦλα
1057 3169 1471 3238 προσαγορεύει,
1499 3170 1748 3240 φησάσης

1856 3174 1910 3221 et
1930 3166 2134 3230 sanxit,
2167 3178 2227 3219 ut
2254 3167 2431 3236 inquit
2459 3166 2728 3235 Propheta
2759 3182 2770 3218 :
2799 3166 2994 3221 Omnia
3015 3166 3286 3236 subjecisti
3313 3166 3439 3219 sub-

165 3255 396 3325 ἑτέρωθι
408 3255 510 3325 τῆς
524 3256 1106 3327 προφητείας-διδόντι
1122 3258 1244 3325 τοῖς
1260 3260 1507 3326 κτήνεσι
1523 3261 1753 3329 τροφὴν

166 3346 388 3405 αὐτῶν,
408 3347 502 3400 καί
523 3348 719 3416 χλόην
736 3346 810 3417 τῇ
830 3348 1077 3417 δουλείᾳ
1097 3349 1214 3403 τῶν
1227 3352 1568 3420 ἀνθρώπων.
1578 3354 1680 3406 Τὸν
1695 3354 1750 3406 δὲ

166 3438 456 3508 ἄνθρωπον
483 3441 548 3509 τῇ
574 3439 894 3511 αὑτεξουσίᾳ
914 3441 1096 3512 χάριτι
1124 3442 1555 3515 κατεκόσμησεν.
1588 3445 1749 3498 Ὥστε

173 3528 238 3581 τὸ
270 3528 384 3582 ῐσον
409 3529 523 3599 ἔχει
557 3545 641 3582 σοι
666 3529 743 3600 τῷ
769 3530 868 3601 τῆς
902 3531 1114 3600 φύσεως
1145 3532 1434 3603 ἀξιώματι,
1465 3536 1494 3587 6
1519 3536 1749 3600 ὑπεζευ-

164 3620 368 3690 γμένος
407 3620 662 3693 συνηθείᾳ
688 3623 784 3675 καὶ
814 3622 983 3693 νόμῳ,
1014 3624 1138 3678 οὔτε
1184 3626 1333 3695 παρά
1381 3626 1474 3679 σοῦ
1499 3627 1744 3696 γέγονεν,

165 3710 292 3767 οὔτε
311 3714 370 3765 ὲν
397 3713 480 3765 σοὶ
500 3714 589 3784 ζῇ,
619 3713 744 3769 οὔτε
758 3712 858 3777 τάς
876 3716 1192 3785 σωματικάς
1207 3733 1265 3767 τε
1282 3717 1375 3768 καὶ
1403 3717 1500 3780 τὰς
1512 3717 1749 3788 ψυχικὰς

163 3808 266 3877 τῆς
283 3806 459 3877 ψυχῆς
482 3806 761 3877 ἐνεργείας
788 3809 938 3879 παρά
968 3808 1061 3861 σοῦ
1079 3806 1260 3862 λαϐὼν
1290 3808 1421 3879 ἔχει.
1452 3810 1517 3862 Τί
1542 3807 1635 3864 οὖν
1667 3828 1749 3864 το-

167 3899 357 3951 σοῦτον
378 3899 616 3964 ὲπιζέεις
637 3902 755 3953 κατ’
781 3899 943 3952 αὐτοῦ
958 3900 1032 3970 τῷ
1048 3900 1225 3971 θυμῷ,
1242 3902 1455 3972 ρᾳθυμή
1466 3904 1657 3966 σαντός
1673 3921 1749 3955 τι-

164 4005 274 4054 νος,
296 3989 330 4061 ἦ
356 3990 783 4060 ἀποστήσαντος,
808 3990 996 4061 ῆτάχα
1019 3992 1421 4063 καταφρόνησιν
1447 3994 1746 4064 ἐνδειξαμέ-

162 4100 258 4136 νου
280 4098 362 4134 σοι
382 4081 524 4134 κατά
546 4081 858 4152 πρόσωπον;
882 4082 1008 4135 Δέον
1025 4084 1160 4153 πρὸς
1177 4085 1366 4137 ἑαυτὸν
1386 4084 1622 4154 βλέπειν,
1637 4080 1747 4150 οἶος

162 4176 228 4228 σὺ
278 4174 508 4242 γέγονας
553 4172 633 4243 τῷ
674 4174 919 4247 Δεσπότῃ
947 4173 1024 4245 τῷ
1065 4176 1327 4229 πλάσαντί
1371 4194 1430 4230 σε
1474 4178 1567 4231 καὶ
1606 4195 1746 4249 παρ-

161 4266 425 4334 αγαγόντι
468 4267 556 4318 διὰ
597 4264 865 4333 γενέσεως
884 4307 898 4331 ,
949 4268 1044 4321 καὶ
1075 4268 1326 4322 κοινωνόν
1356 4286 1416 4321 σε
1443 4268 1549 4322 τῶν
1582 4272 1640 4323 ὲν
1665 4269 1745 4341 τῷ

159 4360 354 4430 κόσμῳ
385 4358 679 4429 θαυμάτων
716 4362 1037 4430 ποιήσαντι;
1069 4360 1158 4431 Τῷ
1189 4361 1443 4431 προθέντι
1473 4361 1564 4415 τὸν
1594 4363 1744 4433 ἥλιον

1858 3268 1938 3311 ter
1977 3257 2132 3325 pedes
2162 3258 2298 3326 ejus,
2336 3274 2452 3312 oves
2498 3268 2547 3311 et
2580 3257 2729 3311 boves
2764 3261 3037 3311 universas
3058 3297 3072 3318 ,
3115 3258 3350 3312 volucres
3383 3265 3434 3310 et

1849 3350 2111 3419 iumenta,
2131 3360 2178 3402 et
2218 3350 2384 3416 pisces
2409 3348 2477 3403 “.
2519 3350 2690 3418 Atque
2759 3349 2871 3402 haec
2910 3348 3080 3402 etiam
3137 3363 3299 3402 serva
3336 3363 3435 3413 ap-

1853 3441 2033 3511 pellat,
2073 3455 2196 3494 cum
2252 3440 2305 3493 in
2373 3438 2481 3493 alio
2539 3440 2661 3493 loco
2715 3437 2986 3507 PrOpheta
3028 3438 3213 3492 dicat:
3270 3437 3436 3491 Danli

1861 3531 2134 3599 pecoribus
2166 3531 2478 3584 alimentum
2533 3531 2791 3600 ipsorum,
2855 3539 2904 3583 et
2961 3529 3179 3584 herbam
3220 3530 3432 3583 servitio

1850 3622 2121 3675 hominum
2156 3623 2224 3687 ⁸⁸;
2263 3622 2536 3677 hominem
2578 3637 2707 3676 vero
2753 3623 2988 3692 propriae
3020 3636 3083 3676 ac
3116 3622 3298 3676 libera!
3334 3637 3432 3675 vo-

1849 3715 2076 3769 luntatis
2102 3715 2272 3785 gratia
2322 3730 2383 3768 ac
2419 3716 2565 3769 dono
2590 3714 2891 3770 decoravit.
2936 3714 3124 3784 Itaque
3166 3723 3429 3785 quantum

1849 3805 1917 3859 ad
1944 3813 2153 3858 natura
2182 3805 2499 3875 dignitatem
2520 3804 2734 3865 attinet,
2756 3803 3002 3872 ejusdem
3034 3812 3214 3857 tecum
3239 3805 3429 3857 condi-

1848 3896 2015 3951 tionis
2045 3897 2091 3952 is
2117 3905 2224 3957 est,
2264 3899 2358 3966 qui
2387 3897 2502 3965 lege
2525 3903 2689 3966 atque
2714 3897 3113 3951 consuetudine
3165 3896 3263 3949 tibi
3297 3896 3429 3950 sub-

1848 3988 2000 4043 ditus
2035 3995 2140 4050 est,
2166 4005 2341 4058 neque
2365 4004 2394 4041 a
2426 3997 2477 4042 te
2508 3988 2686 4043 l‘actus
2711 3997 2816 4049 est,
2846 4003 3021 4057 neque
3053 4003 3147 4056 per
3172 3996 3225 4042 te
3258 3988 3386 4040 vivit
3412 4005 3429 4054 ;

1845 4095 2025 4149 neque
2060 4081 2310 4149 corporis
2338 4082 2545 4149 pariter
2597 4088 2650 4132 et
2686 4079 2851 4133 animi
2909 4078 3178 4131 ellicacias
3224 4078 3323 4132 abs
3375 4086 3431 4131 te

1845 4172 2011 4227 habet
2041 4178 2315 4240 acceptas.
2349 4170 2491 4236 Quid
2525 4170 2691 4239 igitur
2727 4169 2994 4224 adversus
3042 4185 3165 4223 eum
3203 4170 3430 4222 iracun-

1844 4265 1933 4318 dia
1968 4272 2254 4334 tantopere
2298 4264 2634 4326 ell‘ervescis,
2696 4263 2742 4318 si
2776 4263 2899 4332 quis
2967 4262 3331 4331 negligentior
3373 4268 3429 4315 et

1844 4357 2156 4412 demissiori
2190 4357 2397 4418 animo,
2455 4363 2550 4410 aut
2587 4355 2853 4425 fugitivus
2884 4354 3069 4417 fuerit,
3102 4355 3185 4407 vel
3247 4354 3425 4423 palam

159 4454 241 4516 εἰς
285 4448 606 4516 ἀπόλαυσιν,
656 4454 751 4506 καὶ
796 4453 974 4515 πάσας
1009 4452 1106 4514 τὰς
1131 4452 1224 4506 τοῦ
1270 4452 1368 4525 ζῇν
1397 4455 1649 4526 ἀφορμὰς
1678 4459 1741 4510 ἐκ

1854 4449 2100 4505 fortassis
2132 4449 2399 4504 adversus
2420 4458 2472 4503 te
2496 4447 2957 4503 contumaciorem
2991 4462 3051 4500 se
3077 4444 3427 4508 exhibuerit,

158 4544 267 4598 τῶν
320 4544 598 4615 στοιχείων
647 4544 1021 4616 χαρισαμένῳ,
1069 4546 1133 4597 ὲκ
1166 4546 1267 4615 γῆς
1299 4563 1359 4598 τε
1407 4548 1499 4600 καὶ
1541 4549 1739 4619 πυρὸς,

156 4640 256 4692 καὶ
283 4639 465 4710 ἀέρος,
490 4626 583 4692 καὶ
613 4638 830 4704 ὓδατος;
859 4637 947 4707 Τῷ
975 4639 1373 4709 παρασχομένῳ
1401 4638 1497 4709 τὴν
1525 4640 1741 4709 διανοη-

155 4731 318 4801 τικὴν
346 4732 526 4802 χάριν,
559 4731 658 4801 τὴν
688 4730 1083 4802 ἀντιληπτικὴν
1115 4731 1384 4801 αἴσθησιν,
1414 4733 1511 4801 τὴν
1534 4732 1741 4802 διακρι·

155 4822 318 4892 τικὴν
342 4820 510 4875 καλοῦ
533 4838 593 4874 τε
621 4822 714 4875 καὶ
739 4821 979 4892 χείρονος
1004 4822 1196 4893 ὲπιστή
1207 4840 1341 4892 μην;
1370 4822 1493 4884 Πῶς
1518 4823 1580 4875 σὺ
1604 4822 1741 4894 πρὸς

156 4913 250 4963 τὸν
300 4911 541 4964 τοιοῦτον
583 4911 860 4982 Δεσπότην
909 4910 1005 4982 ἔσῃ
1044 4910 1382 4981 καταπειθὴς
1429 4914 1522 4965 καὶ
1561 4912 1735 4983 ἀπρό-

159 5020 392 5067 σκοπτος
417 5019 431 5068 ;
458 5003 572 5056 Οὐκ
591 5003 833 5072 ἀπέστης
856 5003 954 5072 τῆς
975 5002 1291 5066 δεσποτείας
1312 5019 1325 5065 ;
1360 5005 1474 5056 Οὐκ
1507 5004 1635 5074 ἐδρα
1646 5003 1739 5057 πέ-

153 5112 354 5158 τευσας
381 5094 517 5166 πρὸς
557 5095 655 5167 τὴν
684 5095 988 5165 άμαρτίαν;
1021 5095 1135 5147 Οὐκ
1162 5077 1476 5165 ἀντηλλάξω
1502 5095 1600 5165 τὴν
1639 5113 1737 5148 πο-

154 5184 330 5255 νηράν
365 5184 721 5250 δεσποτείαν;
758 5185 830 5237 Οὐ
862 5184 924 5237 τό
950 5201 1012 5253 γε
1046 5184 1139 5237 ἐπὶ
1169 5184 1251 5238 σοὶ
1281 5185 1486 5256 ἔρημον
1511 5185 1607 5255 τὴν
1640 5184 1734 5238 τοῦ

153 5274 430 5329 Δεσπότου
460 5275 748 5338 κατέλιπες
769 5275 966 5337 οἰκίαν,
997 5275 1055 5327 ὲν
1147 5273 1380 5344 ἐτάχθης
1407 5273 1736 5345 ἐργάζεσθαι

153 5368 248 5421 καὶ
279 5366 595 5434 φυλάσσειν,
620 5367 812 5420 τούτου
845 5366 1249 5437 άποφοίτησας;
1292 5366 1373 5419 Τά
1404 5366 1461 5419 δὲ
1504 5366 1735 5420 καταλε-

152 5458 397 5529 λεγμένα
444 5459 919 5530 πλημμελήματα,
951 5458 1049 5529 οὐχ
1088 5458 1194 5511 ὑπὸ
1229 5458 1465 5530 μάρτυρι
1506 5458 1584 5529 τῷ
1615 5458 1735 5529 Θεῷ

149 5548 233 5620 τῷ
264 5549 537 5621 πανταχοῦ
570 5551 707 5617 bim,
740 5553 836 5606 καὶ
864 5553 1041 5606 πάντα
1069 5550 1355 5623 ὲφορῶντι,
1385 5551 1418 5622 ἢ
1450 5551 1732 5622 πράττεις,

1846 4558 1970 4596 cum
2004 4549 2057 4597 te
2085 4543 2266 4610 ipsum
2300 4542 2574 4611 inspicere
2607 4547 2890 4609 oporteat,
2922 4538 3101 4607 qualis
3132 4546 3191 4591 tu
3236 4537 3427 4591 adver-

1841 4648 1937 4687 sus
1969 4630 2258 4686 Dominum
2296 4630 2500 4690 fueris,
2533 4630 2625 4698 qui
2659 4639 2711 4683 te
2764 4628 3039 4691 formavit,
3097 4626 3190 4696 qui
3220 4633 3274 4680 te
3329 4641 3426 4695 per

1842 4727 2183 4780 nativitatem
2220 4724 2502 4795 produxit,
2541 4730 2595 4778 et
2638 4723 3031 4776 miraculorum
3076 4718 3267 4774 mundi
3299 4734 3426 4788 par-

1839 4817 2059 4886 ticipem
2090 4816 2260 4882 fecit;
2308 4817 2402 4886 qni
2450 4816 2619 4870 solem
2663 4814 2730 4868 ad
2777 4813 3070 4867 fruendum
3136 4811 3424 4881 proposuit

1839 4917 1894 4962 et
1930 4923 1995 4962 ex
2029 4908 2318 4963 elementis
2348 4907 2532 4961 omnia
2579 4905 2794 4960 vivendi
2851 4902 3100 4959 subsidia
3166 4901 3419 4971 praebuit,

1838 5014 1901 5054 ex
1947 5008 2113 5059 terra,
2145 5014 2213 5053 ex
2251 4999 2388 5069 igni,
2423 5014 2491 5052 ex
2546 5012 2694 5061 aere,
2728 5004 2781 5049 et
2817 5010 2995 5063 aqua;
3066 4996 3160 5064 qui
3217 4993 3420 5047 donum

1839 5091 2139 5162 cogitandi,
2176 5089 2647 5145 animadvertendi
2677 5087 3133 5157 intelligendique
3158 5085 3420 5154 praebuit;

1838 5185 1932 5253 qui
1970 5183 2410 5254 apprehendendi
2443 5192 2499 5238 et
2541 5182 2869 5238 defendendi
2913 5195 3158 5243 sensum,
3192 5180 3285 5247 qui
3327 5178 3422 5231 bo-

1836 5291 1968 5330 num
1999 5293 2030 5330 a
2065 5277 2207 5329 malo
2240 5274 2586 5330 discernendi
2616 5275 2900 5329 scientiam
2942 5270 3135 5326 dedit?
3160 5270 3254 5339 qui
3303 5269 3419 5322 ﬁeri

1836 5367 2003 5438 igitur
2035 5374 2218 5438 potest
2262 5376 2321 5420 ut
2366 5377 2422 5420 ιιι
2463 5365 2736 5434 ejusmodi
2778 5362 3011 5418 Domino
3049 5361 3296 5424 obedias,
3363 5368 3421 5413 nt

1835 5476 1960 5516 eum
1996 5476 2105 5515 non
2131 5459 2421 5514 oll'endas?
2451 5473 2518 5513 an
2552 5473 2660 5512 non
2710 5471 2740 5510 a
2773 5457 3056 5511 dominatu
3097 5454 3375 5510 descivisti
3398 5454 3424 5507 ?

1838 5566 1905 5607 an
1940 5567 2052 5610 non
2085 5551 2153 5607 ad
2186 5560 2473 5609 peccatum
2501 5550 2840 5628 profugisti?
2872 5564 2940 5604 an
2976 5563 3084 5604 non
3110 5547 3420 5604 imorobuni

225 5731 272 5763 ³³
314 5730 503 5786 Mattn.
538 5748 650 5788 \vu
750 5732 796 5766 ⁸⁸
832 5731 981 5789 Psal.
1014 5748 1108 5789 vm
1132 5772 1147 5789 .
1180 5731 1232 5789 8.
1293 5731 1339 5767 ⁸⁸
1381 5732 1526 5789 Psal.
1560 5746 1795 5799 chvm,
1825 5733 1879 5798 8.
