3844 6224
443 291 570 346 ΙΙἸΙ

1682 288 1739 343 S.
1766 285 2094 342 CREGORII
2135 289 2423 345 NYSSENI

3589 291 3725 344 “‘3'!

437 409 724 463 dominum
756 422 852 477 pro
882 408 1028 463 bono
1052 421 1336 476 amplexus
1368 407 1464 461 es?
1494 420 1562 460 an
1594 419 1726 471 non,
1758 413 2023 478 quantum

2142 407 2162 476 ἢ
2197 407 2402 475 λέγεις,
2446 407 2480 476 ἢ
2520 407 2737 476 φρονεῖς
2783 407 2851 458 τὰ
2905 405 2979 477 μὴ
3026 405 3252 473 δέοντα;
3300 401 3436 460 Εἶτα
3480 407 3728 471 τοιοῦτος

438 502 494 556 in
528 511 580 556 te
618 501 742 563 fuit,
773 499 1052 557 desertam
1085 499 1300 554 Domini
1326 500 1548 554 domum
1579 497 1873 567 reliquisti,
1897 512 2024 552 cum

439 594 530 648 ubi
560 595 865 649 collocatus
888 609 1014 649 eras
1037 593 1104 647 ad
1133 591 1471 662 Operandum
1493 600 1548 646 et
1575 589 2024 654 custodiendum,

435 687 569 740 inde
596 687 955 741 discessisti?
986 694 1152 756 atque
1179 694 1501 739 enmuerata
1535 684 1757 748 delicta,
1812 698 1881 736 an
1915 696 2026 736 non

444 779 557 834 Dco
592 791 748 844 teste,
791 783 884 852 qui
920 781 1122 850 ubique
1156 788 1262 844 est,
1299 790 1351 833 et
1378 779 1561 833 omnia
1629 777 1893 839 intuetur,
1933 783 2027 828 aut

443 875 767 938 committis,
806 885 899 928 aut
939 874 1098 934 dicis,
1139 882 1233 927 aut
1280 874 1492 942 cogitas
1541 887 1603 926 ea
1661 885 1783 940 qua:
1839 868 2026 922 animo

443 969 737 1036 Concipere
769 984 878 1022 non
922 967 1182 1037 oportet?
1212 965 1278 1018 Et
1329 966 1452 1020 talis
1505 979 1629 1019 cum
1692 963 1793 1024 sis.
1829 969 1882 1015 et
1945 967 2024 1014 tot

440 1059 762 1115 nominibus
821 1060 1130 1118 obnoxius.
1184 1072 1439 1127 magnum
1493 1055 1702 1125 aliquid
1753 1068 2022 1108 conservo

440 1153 628 1224 largiri
660 1163 712 1208 te
742 1166 921 1224 putas.
959 1154 1004 1208 si
1045 1153 1112 1206 ad
1143 1151 1364 1222 aliquod
1397 1150 1517 1219 ejus
1547 1150 1602 1202 in
1653 1153 2019 1216 te.peccatum

2132 498 2232 562 ὢν,
2258 503 2354 552 και
2371 498 2646 563 τοσούτοις
2670 499 2973 570 ὑπόχρεως,
3003 498 3146 568 μέγα
3172 517 3224 552 τι
3245 499 3334 572 οἵῃ
3353 499 3430 571 τῷ
3448 499 3728 571 ὁμοδούλῳ

2133 591 2456 664 χαρίζεσθαι
2476 635 2491 657 ,
2534 594 2586 646 εἴ
2613 609 2668 644 τι
2695 591 2802 645 τῶν
2836 593 2915 654 εἰς
2956 592 3017 644 σὲ
3048 592 3552 661 πλημμεληθέντων
3588 609 3730 664 παρ-

2135 685 2295 752 ίδοις;
2343 686 2407 740 Εἰ
2447 686 2625 739 τοίνυν
2669 685 2958 755 μέλλοιμεν
3008 686 3308 755 προσάγειν
3354 685 3432 755 τῷ
3469 685 3596 756 Θεῷ
3630 686 3729 756 τὴν

2133 781 2276 852 ὑπὲρ
2305 779 2401 834 τοῦ
2428 779 2610 844 ἐλέους
2633 780 2726 833 καὶ
2748 780 2845 850 τῆς
2870 779 3202 850 συγγνώμης
3229 779 3598 851 παράκλησιν,
3625 800 3732 835 πα-

2127 875 2558 946 ρασκευάσωμεν
2603 872 2682 944 τῷ
2726 873 2988 925 συνειδότι
3035 872 3132 944 τὴν
3162 872 3493 944 παρρησίαν,
3523 873 3606 936 ὡς
3635 874 3732 925 τὸν

2125 963 2241 1034 βίον
2295 965 2596 1036 συνήγορον
2643 964 2743 1034 τῆς
2791 965 2974 1035 φωνῆς
3020 965 3225 1033 ταύτης
3270 963 3730 1035 προστήσασθαι,

2123 1053 2219 1106 καὶ
2271 1054 2448 1106 εἰπεῖν
2495 1053 2732 1126 ἀληθῶς·
2783 1056 2864 1109 ὅτι
2905 1059 3016 1111 Καὶ
3055 1060 3219 1129 ἡμεῖς
3268 1057 3564 1127 ἀφήκαμεν
3616 1056 3735 1116 τοῖς

2121 1142 2431 1212 ὀφείλουσιν
2465 1146 2622 1216 ἡμῖν.

437 1246 704 1300 exanimi
755 1247 980 1300 lenitate
1037 1244 1379 1299 conuiveas?
1439 1241 1495 1296 Si
1529 1241 1695 1309 igitur
1756 1239 1864 1291 Deo
1929 1250 2028 1306 pro
2071 1235 2454 1290 misericordia
2529 1247 2692 1308 atque
2741 1241 2896 1295 venia
2972 1257 3162 1313 preCcs
3225 1242 3465 1297 oblaturi
3525 1241 3734 1304 simus,

440 1339 782 1396 conscientia
815 1339 1071 1392 ﬁduciam
1104 1338 1264 1392 nobis
1305 1351 1582 1406 paremus,
1621 1341 1678 1387 ut
1708 1332 1874 1386 vitam
1932 1337 2176 1382 nostram
2211 1329 2533 1385 advocatam
2594 1341 2648 1387 et
2690 1342 2979 1402 patronam
3060 1336 3188 1391 huic
3261 1337 3383 1391 voci
3459 1335 3737 1406 praeﬁcia-

441 1451 584 1494 mus.
622 1442 676 1489 et
703 1449 830 1487 vere
858 1431 1108 1487 dicamus
1135 1450 1148 1486 :
1193 1431 1258 1485 Et
1299 1446 1401 1486 nos
1436 1429 1748 1485 remisimus
1777 1423 2102 1481 debentibus
2132 1423 2310 1478 nobis.

514 1525 619 1581 Sed
653 1524 783 1596 quid
814 1525 918 1579 sibi
965 1525 1080 1577 vult
1121 1523 1174 1578 id
1211 1523 1358 1593 quod
1415 1521 1578 1577 modo
1616 1520 1780 1576 dictis
1837 1519 2025 1574 statim

442 1619 719 1687 adjectum
755 1616 885 1670 cst?
917 1615 1294 1670 necessarium
1335 1615 1593 1670 existimo
1633 1628 1701 1666 ne
1754 1612 1856 1665 hoc
1903 1609 2027 1680 qui-

2205 1519 2270 1572 Τί
2307 1519 2554 1589 βούλεται
2594 1522 2654 1575 τὸ
2688 1522 2884 1594 ἐφεξῆς
2911 1516 3024 1587 τοῖς
3051 1523 3360 1596 εἰρημένοις
3382 1524 3730 1594 προσκείμε-

2132 1627 2255 1673 νον;
2303 1611 2642 1678 Ἀναγκαίως
2686 1608 2866 1682 οἶμαι,
2920 1613 3055 1683 μηδὲ
3129 1611 3287 1664 τοῦτο
3343 1611 3733 1682 παραδραμεῖν

443 1709 566 1763 dem
629 1708 908 1778 praeterire
967 1708 1320 1762 inexcussum
1381 1715 1434 1760 et
1482 1703 1918 1773 inexplicatum,
1973 1708 2032 1754 ut

2142 1701 2468 1774 ἀθεώρητον,
2499 1702 2575 1768 ὡς
2601 1703 2666 1757 ἂν
2690 1678 2889 1769 εἰδότες
2909 1678 2953 1772 ᾧ
2983 1678 3433 1775 προσευχόμεθα,
3453 1678 3620 1772 φυγῇ
3638 1703 3734 1754 καὶ

444 1803 684 1858 scientes
719 1802 982 1870 quidnam
1013 1816 1257 1865 oremus,
1292 1815 1400 1853 non
1433 1811 1682 1866 corpore,
1715 1794 1811 1849 sed
1843 1793 2027 1846 animo

445 1895 902 1964 supplicationem
947 1892 1244 1946 oﬂeramus
1275 1910 1287 1945 :
1334 1889 1416 1944 Ne
1444 1907 1537 1944 nos
1585 1887 1809 1941 inducas
1841 1886 1896 1937 in
1922 1893 2034 1937 ten-

447 1986 720 2046 lationem,
751 1983 840 2036 sed
871 1982 1040 2035 libera
1079 1998 1173 2034 nos
1216 1998 1248 2033 a
1281 1980 1443 2033 malo.
1486 1977 1770 2044 Quantam,
1809 1975 2029 2034 fratres,

445 2076 644 2129 horum
685 2075 978 2128 verborum
1023 2072 1104 2126 vis
1136 2072 1268 2125 est?
1306 2069 1534 2124 Videtur
1571 2069 1702 2122 mihi
1769 2065 2032 2118 Dominus

444 2169 632 2222 multis
657 2182 720 2220 ac
742 2166 977 2220 diversis
1002 2163 1288 2220 vocabulis
1315 2163 1518 2216 malum
1549 2161 1699 2214 illum
1724 2159 2031 2218 nominare,

447 2263 599 2324 dum,
626 2261 782 2329 juxta
814 2257 1174 2312 tliﬂerentiaiii
1214 2270 1504 2327 pravarum
1535 2253 1948 2308 eﬂicientiarum
1979 2259 2033 2305 et

448 2351 831 2421 improborum
858 2347 1274 2409 exercitiorum,
1311 2345 1499 2399 multis
1536 2342 1853 2397 nominibus
1905 2356 2030 2394 eum

447 2445 709 2514 appellat,
742 2440 1052 2504 Diabolum,
1083 2437 1395 2499 Beelzebul,
1441 2434 1831 2495 Mammonam,
1882 2431 2033 2502 prin-

447 2541 622 2606 cipem
661 2533 872 2598 mumli,
898 2531 1248 2592 homicidam,
1281 2528 1619 2598 improbum,
1649 2533 1860 2596 patrem
1887 2539 2035 2578 men-

447 2629 612 2692 dacii,
645 2627 881 2696 aliisque
909 2624 1206 2679 similibus.
1246 2620 1500 2676 Forsitan
1533 2619 1699 2690 igitur
1731 2633 1900 2672 unum
1935 2616 2033 2668 ali-

449 2717 595 2787 quod
635 2733 700 2771 ex
745 2717 813 2770 iis
847 2730 968 2785 quae
1012 2714 1162 2766 circa
1206 2727 1330 2766 eum
1370 2709 1758 2777 intelliguntur
1797 2703 2034 2759 nomini-

447 2809 554 2864 bus
582 2816 667 2862 est
698 2807 864 2862 etiam
893 2805 1143 2864 tentatio,
1179 2817 1242 2855 ac
1263 2799 1552 2855 conﬁrmat
1582 2796 1740 2851 nobis
1762 2791 2030 2864 ejusmodi

449 2901 766 2970 opinionem
798 2895 1194 2952 concordantia
1233 2903 1399 2960 atque
1428 2888 1811 2944 convenientia
1853 2885 2030 2939 dicto-

450 3010 595 3048 rum.
632 2993 768 3047 Cum
809 2990 1043 3044 dixisset
1074 2989 1246 3046 enim,
1287 2983 1370 3040 Ne
1393 2983 1616 3038 inducas
1645 2998 1738 3035 nos
1763 2981 1818 3033 in
1857 2987 2026 3032 tenta-

452 3087 647 3140 tionem
669 3099 685 3136 :
711 3081 1021 3151 subiunxit,
1041 3077 1280 3132 Liberari
1307 3093 1339 3130 a
1362 3075 1538 3138 malo;
1557 3071 1714 3142 quasi
1737 3084 1823 3125 res
1843 3067 2030 3122 eadem

451 3193 547 3247 per
579 3185 874 3243 utrumque
911 3187 1109 3225 nomen
1165 3169 1526 3240 signiﬁcetur.
1587 3163 1722 3216 Nam
1768 3161 1812 3216 si
1854 3161 1902 3216 is
1937 3157 2032 3229 qui

453 3284 561 3322 non
609 3268 894 3336 ingressus
941 3273 1026 3317 est
1083 3262 1136 3315 in
1191 3260 1548 3315 tentationem
1613 3268 1844 3323 prorsus
1877 3260 2034 3306 extra

451 3359 657 3412 malum
689 3366 815 3419 est,
874 3365 1036 3423 atque
1081 3354 1128 3407 is
1180 3351 1273 3421 qui
1326 3350 1380 3403 in
1438 3348 1795 3403 teutationem
1843 3340 2037 3396 incidit

455 3449 510 3500 iu
579 3447 723 3500 malo
787 3443 1105 3499 necessario
1169 3449 1462 3504 versatur,
1536 3440 1722 3507 utique
1801 3431 2036 3489 tentatio

451 3547 507 3594 et
583 3539 763 3592 malus
843 3533 1243 3606 signiﬁcatione
1331 3546 1496 3585 unmn
1584 3528 1803 3600 quidem
1883 3531 2034 3580 sunt.

452 3630 534 3684 Ad
577 3629 707 3698 quid
755 3629 922 3698 igitur
979 3641 1079 3680 nos
1123 3623 1393 3695 ejusmodi
1457 3620 1724 3675 orationis
1783 3617 2038 3674 doctrina

452 3721 748 3776 hortatur?
806 3718 877 3774 Ut
957 3719 1226 3774 evitemus
1293 3730 1356 3770 ac
1429 3715 1702 3783 fugiamus
1780 3725 1875 3766 eas
1949 3723 2038 3766 res

451 3827 576 3882 qua:
670 3825 766 3879 per
847 3810 994 3862 hunc
1084 3805 1349 3860 mundum
1433 3811 1787 3873 speetautur,
1853 3812 2039 3868 quem-

453 3900 752 3956 admodum
795 3899 921 3952 alibi
959 3897 1094 3950 dicit
1122 3896 1188 3948 ad
1229 3895 1567 3964 discipulos:
1605 3889 1764 3945 Totus
1808 3885 2034 3940 mundus

453 3996 508 4046 in
530 3993 672 4045 ηιαιο
692 3993 829 4044 situs
857 4001 930 4044 est
953 3989 1020 4042 ⁸⁸.
1050 3987 1191 4059 Ergo
1222 3987 1314 4057 qui
1343 3994 1497 4040 extra
1531 3986 1731 4038 malum
1754 3996 1878 4035 esse
1897 3979 2036 4039 vult,

456 4084 774 4140 necessario
808 4098 928 4138 sese
959 4097 988 4135 a
1021 4081 1227 4135 mundo
1251 4078 1579 4150 segregabit.
1610 4073 1728 4128 Non
1777 4072 1922 4128 enim
1959 4071 2038 4124 ιο.

455 4195 580 4234 cum
615 4179 776 4233 habet
803 4175 1034 4232 tentatio
1077 4175 1315 4228 animam
1374 4167 1697 4239 attingendi,
1756 4166 1861 4221 nisi
1917 4173 2038 4217 tan-

454 4287 619 4342 quam
649 4285 831 4326 escam
859 4265 1150 4338 quamdam
1178 4265 1318 4318 hanc
1352 4261 1690 4315 mundanam
1719 4257 2040 4327 occupatio-

2135 1796 2213 1868 μὴ
2260 1796 2474 1868 σώματι
2520 1798 2726 1850 ἱκεσίαν
2773 1797 3138 1868 προσάγωμεν
3226 1794 3322 1862 Μὴ
3369 1793 3735 1864 εἰσενέγκῃς

2133 1886 2296 1958 ἡμᾶς
2350 1891 2436 1955 εἰς
2473 1888 2830 1957 πειρασμόν·
2872 1889 3034 1944 ἀλλὰ
3055 1889 3243 1956 ῥῦσαι
3285 1886 3435 1955 ἡμᾶς
3472 1887 3598 1940 ἀπὸ
3624 1886 3734 1939 τοῦ

2134 1981 2426 2050 πονηροῦ.
2462 1981 2580 2044 Τίς,
2617 1981 2859 2049 ἀδελφοὶ,
2896 1980 3003 2034 τῶν
3055 1980 3360 2051 εἰρημένων
3389 1983 3423 2051 ἡ
3454 1979 3731 2050 δύναμιςς

2135 2075 2294 2127 Δοκεῖ
2337 2091 2428 2143 μοι
2479 2074 2834 2145 πολυτρόπως
2880 2091 2939 2127 τε
2979 2075 3073 2128 καὶ
3118 2073 3391 2144 διαφόρως
3437 2074 3464 2124 ὀ
3516 2073 3734 2143 Κύριος

2134 2165 2225 2218 τὸν
2257 2166 2424 2219 κακὸν
2457 2166 2766 2236 ὀνομάζειν,
2814 2166 2951 2219 κατὰ
2990 2166 3088 2228 τὰς
3125 2165 3232 2217 τῶν
3267 2164 3521 2234 πονηρῶν
3569 2165 3734 2234 ἐνερ-

2134 2259 2300 2325 γειῶν
2335 2258 2596 2329 διαφορὰς
2635 2258 3008 2328 πολυωνύμως
3052 2259 3213 2312 αὑτὸν
3251 2258 3573 2322 ἀποκαλῶν,
3614 2257 3734 2312 διά·

2135 2348 2312 2410 ϐολον,
2345 2347 2693 2412 Βεελζεὸοὺλ,
2725 2349 3074 2419 Μαμμωνάν,
3098 2350 3332 2420 ἄρχοντα
3363 2349 3458 2401 τοῦ
3485 2349 3729 2418 κόσμου,

2135 2439 2602 2512 ἀνθρωποκτόνον,
2637 2440 2894 2510 πονηρὸν,
2931 2440 3147 2510 πατέρα
3178 2440 3424 2509 ψεύδους,
3457 2440 3555 2492 καὶ
3586 2439 3731 2493 ἄλλα

2134 2530 2381 2586 τοιαῦτα.
2424 2531 2578 2601 Τάχα
2611 2531 2790 2584 τοίνυν
2821 2530 2878 2583 ἓν
2911 2531 3020 2583 τῶν
3048 2531 3176 2603 περί
3208 2530 3370 2583 αὑτὸν
3413 2530 3730 2601 νοουμένων

2133 2621 2307 2692 ὄνομά
2362 2622 2415 2675 τί
2471 2623 2588 2676 ἐστι
2635 2623 2730 2676 καὶ
2777 2623 2807 2674 6
2846 2621 3184 2692 πειρασμὸς.
3233 2622 3327 2674 καὶ
3370 2621 3581 2690 βεϐαιοῖ
3627 2620 3727 2690 τὴν

2133 2709 2389 2777 τοιαύτην
2441 2712 2572 2781 ἡμῖν
2615 2711 2869 2765 ὑπόνοιαν
2914 2713 2947 2780 ἡ
3007 2712 3112 2763 τῶν
3160 2711 3466 2782 εἰρημένων
3517 2710 3723 2764 σύστα-

2137 2821 2241 2868 σις.
2293 2805 2476 2856 Εἰπὼν
2550 2802 2682 2873 γὰρ,
2735 2803 2831 2869 Μὴ
2875 2803 3228 2871 εἰσενέγκῃς
3268 2800 3427 2871 ἡμᾶς
3463 2804 3550 2867 εἰς
3593 2817 3723 2854 πει-

2127 2895 2388 2964 μισμὸν,
2413 2896 2694 2964 ἐπήγαγεν
2721 2894 2782 2947 τὸ
2819 2893 3146 2963 Ῥυσθ-ῆναι
3165 2895 3283 2948 ἀπὸ
3301 2895 3406 2947 τοῦ
3430 2895 3720 2963 πονηροῦ.

2149 2989 2236 3054 Ὠς
2259 2988 2353 3042 τοῦ
2376 2987 2542 3042 αὑτοῦ
2585 2989 2649 3042 δι’
2685 2987 2964 3058 ἑκατέρων
2992 2987 3100 3041 τῶν
3131 2987 3411 3058 ὀνομάτων
3461 3005 3723 3058 σημαινο-

2143 3081 2324 3150 μένου.
2358 3079 2422 3136 Εἰ
2454 3080 2562 3152 γὰρ
2601 3081 2630 3133 6
2698 3080 2771 3150 μὴ
2821 3077 3078 3132 εἰσελθὼν
3112 3081 3190 3142 εἰς
3234 3078 3563 3148 πειρασμὸν,
3617 3078 3722 3145 ἔξω

2139 3175 2359 3238 πάντως
2388 3175 2506 3226 ἐστὶ
2535 3173 2629 3227 τοῦ
2663 3171 2924 3244 πονηροῦο
2953 3173 3047 3226 καὶ
3069 3174 3098 3225 6
3128 3171 3278 3242 ἐντῷ
3303 3172 3601 3242 πειρασμῷ
3631 3189 3720 3238 γε-

2138 3268 2395 3338 νόμενος,
2423 3267 2482 3318 ὲν
2517 3263 2596 3335 τῷ
2632 3265 2853 3335 πονηρῷ
2883 3264 3001 3317 κατ’
3041 3265 3282 3332 ἀνάγκην
3316 3262 3525 3331 γίνεται
3565 3275 3581 3289 ⁸
3619 3264 3719 3334 ἄρα

2137 3361 2166 3412 6
2196 3355 2497 3426 πειρασμὸς
2521 3373 2578 3408 τε
2607 3355 2702 3408 καὶ
2738 3355 2766 3406 6
2793 3353 3032 3424 πονηρὸς
3057 3354 3116 3406 ἓν
3140 3370 3193 3406 τι
3225 3353 3363 3406 κατὰ
3397 3354 3496 3423 τὴν
3539 3369 3717 3422 σημα-

2141 3449 2262 3501 σίαν
2283 3447 2419 3501 ἐστί.
2444 3447 2508 3498 Τί
2530 3443 2621 3500 οὖν
2650 3447 2781 3516 ἡμῖν
2803 3447 2835 3514 ἡ
2857 3448 3076 3514 τοιαύτη
3093 3442 3405 3496 διδασκαλία
3431 3442 3531 3511 τῆς
3554 3461 3723 3513 προσ-

2140 3539 2307 3610 ευχῆς
2355 3537 2736 3607 ὲγκελεύεται;
2769 3535 2843 3588 Τὸ
2883 3535 2988 3601 ἔξω
3019 3535 3264 3604 γίνεσθαι
3304 3534 3412 3588 τῶν
3454 3535 3601 3588 κατὰ
3632 3535 3724 3587 τὸν

2139 3635 2344 3704 κόσμον
2387 3630 2576 3685 τοῦτον
2610 3624 3018 3698 θεωρουμένων,
3070 3624 3252 3688 καθώς
3293 3641 3459 3696 φησιν
3490 3624 3726 3697 ἑτέρωθι

2141 3726 2276 3796 πρὸς
2299 3724 2428 3787 τοὺς
2465 3720 2728 3791 μαθητάς·
2768 3719 2849 3771 ὃτι
2889 3718 3072 3780 ’ολος
3101 3719 3134 3771 ό
3157 3718 3384 3786 κόσμος
3419 3717 3489 3769 ἐν
3511 3716 3596 3782 τῷ
3622 3732 3729 3769 πο-

2138 3814 2300 3885 νηρῷ
2329 3814 2535 3868 κεῖται.
2576 3810 2783 3865 Οὑκοῦν
2810 3812 2840 3863 6
2880 3809 3038 3872 ἐκτὸς
3069 3808 3323 3878 γενέσθαι
3360 3807 3454 3860 τοῦ
3479 3807 3728 3880 πονηροῦ

2141 3909 2328 3969 Οέλων,
2371 3905 2431 3970 ἐξ
2480 3905 2724 3973 ἀνάγκης
2774 3903 2869 3956 τοῦ
2913 3903 3119 3970 κόσμου
3172 3900 3363 3954 ἑαυτὸν
3418 3901 3722 3953 ἀποικίσει.

2141 4002 2216 4054 Οὑ
2246 3999 2354 4070 γὰρ
2382 3999 2494 4068 ἔχει
2529 3995 2712 4067 χώραν
2743 3996 2772 4047 6
2796 3991 3101 4064 πειρασμὸς
3131 3991 3232 4060 τῆς
3257 3991 3432 4061 ψυχῆς
3457 3991 3726 4059 ἅψασθαι,

2141 4095 2188 4146 εἰ
2222 4091 2297 4164 μὴ
2325 4090 2579 4160 καθάπερ
2603 4106 2655 4141 τι
2688 4086 2880 4156 δέλεαρ
2910 4086 3010 4155 τὴν
3036 4083 3307 4155 κοσμικὴν
3329 4083 3539 4154 ταύτην
3565 4085 3728 4152 ἀσχο-

2139 4185 2260 4239 λίαν
2298 4184 2377 4254 τῷ
2416 4180 2639 4252 πονηρῷ
2687 4178 2966 4250 ἀγκίστρῳ
2986 4179 3096 4244 τοῖς
3114 4176 3446 4248 λιχνοτέροις
3474 4176 3728 4246 προέτει-

2143 4296 2254 4332 νεν.
2301 4277 2517 4331 Μᾶλλον
2557 4275 2616 4328 δὲ
2661 4273 2986 4343 σαφέστερον
3023 4269 3090 4323 ἂν
3119 4269 3254 4338 ἡμῖν
3273 4265 3338 4319 δι’
3370 4266 3579 4336 ἑτέρων
3599 4267 3726 4318 ὑπο-

455 4380 581 4419 nem
633 4377 802 4433 pravo
833 4361 994 4414 hamo
1017 4357 1357 4411 avidioribus
1388 4353 1710 4426 porrigeret.
1752 4350 1866 4404 lmo
1910 4366 2032 4405 vers

2143 4368 2452 4439 δειγμάτων
2485 4366 2547 4418 τὸ
2585 4365 2764 4434 νόημα
2801 4363 3030 4431 γένοιτο.
3075 4357 3301 4429 Χαλεπὴ
3352 4357 3621 4421 πολλάκις
3664 4358 3724 4409 ὲκ

456 4463 632 4532 magis
665 4467 851 4529 aperta
893 4455 1052 4512 nobis
1090 4452 1360 4510 sententia
1391 4467 1489 4522 per
1531 4450 1668 4504 alias
1722 4444 2038 4503 similitudi-

458 4572 557 4608 nes
593 4553 705 4607 ﬁeri
741 4549 957 4622 pou-rit.
1003 4547 1216 4601 vaum
1239 4556 1294 4599 et
1320 4543 1580 4600 infestum
1613 4557 1676 4596 ex
1714 4546 2037 4606 tempestate

459 4658 624 4714 atque
658 4643 911 4709 procellis
942 4653 1319 4709 smpenumero
1348 4651 1498 4690 mare
1521 4642 1605 4688 est
1632 4651 1646 4700 ;
1681 4639 1735 4685 at
1768 4647 1877 4685 non
1919 4645 2038 4699 pro-

457 4743 543 4796 cul
571 4740 638 4792 ab
669 4753 734 4793 eo
763 4737 1010 4791 remotis.
1041 4733 1158 4786 Vim
1192 4728 1614 4798 ahsumptricem
1657 4726 1820 4780 habet
1858 4725 1999 4795 ignis
2020 4764 2035 4788 ,

457 4832 551 4886 sed
594 4831 854 4897 subjectae
883 4826 1144 4880 materiae.
1183 4823 1369 4876 Dirum
1405 4833 1459 4876 et
1496 4829 1652 4875 atrox
1682 4819 1882 4873 bellum
1917 4827 2033 4873 est:

457 4923 552 4978 sed
587 4923 722 4977 solis
763 4921 832 4973 iis
874 4921 966 4988 qui
1027 4916 1198 4987 praelii
1255 4915 1550 4984 participes
1583 4922 1730 4967 sunt.
1764 4910 2041 4976 Oucmad-

458 5014 681 5068 modum
720 5012 886 5081 igitur
918 5012 962 5065 is
991 5010 1084 5080 qui
1109 5007 1450 5060 calamitates
1499 5004 1819 5058 bellicorum
1861 5002 2036 5055 malo-

458 5121 578 5158 rum
616 5101 776 5169 fugit,
819 5107 1076 5170 precatur
1125 5111 1194 5150 ne
1221 5095 1426 5148 incidat
1467 5094 1520 5148 in
1564 5094 1809 5158 bellum;
1856 5099 1910 5146 et
1941 5090 2032 5161 qui

457 5198 638 5266 ignem
669 5195 842 5256 timet,
867 5209 936 5246 ne
964 5191 1017 5244 in
1047 5191 1172 5259 igne
1201 5195 1486 5254 versetur;
1521 5195 1574 5239 et
1594 5185 1685 5254 qui
1733 5199 1884 5238 mare
1909 5183 2036 5237 hor-

456 5287 646 5351 rcscit,
686 5301 755 5339 ne
792 5281 1082 5351 navigandi
1135 5280 1441 5335 necessitas
1471 5277 1789 5332 incumbat:
1828 5274 1902 5328 ita
1943 5273 2036 5344 qui

458 5380 586 5434 mali
614 5379 873 5446 impetum
909 5383 964 5429 et
1013 5374 1294 5429 incursum
1335 5375 1546 5435 metuit,
1577 5377 1832 5440 precetur
1869 5383 1937 5423 ne
1984 5368 2040 5422 in

459 5489 583 5527 eum
613 5469 840 5524 incidat.
876 5466 1145 5534 Quoniam
1179 5475 1381 5525 autem,
1420 5477 1478 5519 ut
1508 5475 1632 5518 ante
1660 5463 1922 5524 diximus,
1983 5461 2038 5514 in

462 5564 607 5620 malo
637 5563 800 5618 situm
833 5575 956 5615 esse
999 5559 1260 5612 mundum
1314 5557 1505 5612 Sermo
1545 5555 1716 5618 dicit,
1771 5563 1933 5623 atque
1986 5552 2040 5605 in

536 5733 579 5765 ⁸⁶
618 5731 636 5784 l
667 5729 822 5788 Joan.
858 5749 907 5793 v,
939 5727 1023 5784 19.

2138 4460 2435 4533 τρικυμίας
2471 4457 2618 4512 ἐστὶν
2655 4459 2688 4526 ή
2723 4455 2986 4510 θάλασσα·
3019 4451 3133 4506 ἀλλ’
3163 4451 3285 4521 οὑχὶ
3317 4450 3410 4502 καὶ
3440 4452 3557 4514 τοῖς
3592 4449 3724 4519 περ-

2145 4552 2316 4626 ρωθεν
2341 4546 2775 4617 ἀποικιζομένοις
2801 4545 2987 4614 αὑτῆς.
3017 4541 3317 4613 Φθαρτικὸν
3346 4541 3405 4594 τὸ
3428 4539 3565 4610 πῦρ,
3594 4539 3724 4593 ἀλλά

2142 4646 2240 4715 τῆς
2268 4644 2646 4709 ὑποπεσούσης
2677 4637 2829 4708 ὕλης.
2870 4635 3049 4696 Δεινὸς
3073 4635 3102 4686 ὁ
3136 4631 3402 4701 πόλεμος,
3435 4630 3580 4685 ἀλλὰ
3632 4629 3724 4699 μό-

2143 4753 2255 4799 νοις
2295 4737 2408 4798 τοῖς
2450 4729 2766 4786 κοινωνοῦσι
2801 4728 2898 4798 τῆς
2942 4724 3317 4796 παρατάξεως.
3370 4722 3585 4793 Ὠσπερ
3616 4721 3669 4773 δὲ
3699 4721 3724 4772 6

2145 4829 2244 4892 τὰς
2280 4825 2562 4897 συμφορὰς
2595 4822 2706 4876 τῶν
2738 4820 2816 4884 ,ὲκ
2861 4817 2956 4872 τοῦ
2988 4816 3222 4887 πολέμου
3265 4812 3482 4883 φεύγων
3513 4811 3721 4868 κακῶν,

2147 4917 2367 4988 εὔχεται
2402 4913 2475 4986 μὴ
2505 4912 2757 4965 ἐκπεσεῖν
2785 4907 3023 4978 πολέμῳ·
3052 4906 3148 4958 καὶ
3191 4903 3217 4955 6
3245 4902 3306 4954 τδ
3335 4900 3445 4972 πῦρ
3469 4898 3723 4960 δεδοικὼς

2145 5011 2207 5065 τὸ
2242 5009 2314 5082 μὴ
2344 5010 2401 5060 ἐν
2437 5005 2587 5076 αὑτῷ
2619 4999 2872 5072 γενέσθαι
2891 5016 2905 5031 ⁶
2947 4999 3042 5052 καὶ
3068 4999 3097 5050 6
3123 4995 3360 5066 φρίττων
3397 4991 3494 5062 τὴν
3523 4991 3721 5045 θάλασ-

2145 5080 2266 5162 σαν,
2297 5099 2359 5152 τὸ
2388 5097 2460 5168 μὴ
2491 5097 2571 5158 εἰς
2594 5093 2838 5162 ἀνάγκην
2864 5087 3139 5148 ναυτιλίας
3167 5085 3359 5138 ὲλθείψ
3396 5081 3546 5136 οὑτω
3583 5080 3721 5134 καὶὸ

2144 5193 2237 5246 τοῦ
2261 5187 2498 5260 πονηροῦ
2522 5187 2622 5256 τὴν
2658 5180 2961 5256 προσὸολὴν
2989 5176 3258 5240 δεδοικὼς,
3293 5173 3537 5245 εὑχέσθω
3567 5173 3627 5226 τὸ
3653 5173 3718 5241 μὴ

2147 5285 2205 5336 ὲν
2237 5278 2386 5349 αὑτῷ
2406 5273 2680 5346 γενέσθαι.
2725 5269 2942 5339 Ἐπειδὴ
2971 5268 3048 5329 δὲ,
3078 5265 3256 5326 καθὼς
3289 5264 3717 5336 προειρήκαμεν,

2151 5374 2208 5425 ὲν
2243 5367 2319 5439 τῷ
2350 5364 2573 5436 πονηρῷ
2607 5362 2819 5417 κεῖσθαι
2837 5359 2928 5413 τὸν
2964 5358 3164 5428 κόσμον
3205 5356 3233 5408 6
3269 5355 3428 5421 λόγος
3455 5357 3646 5424 φησὶν,
3669 5355 3720 5404 ἐν

2139 5458 2196 5512 δὲ
2221 5459 2333 5519 τοῖς
2353 5453 2636 5523 κοσμικοῖς
2659 5450 2980 5519 πράγμασιν
2998 5448 3051 5499 αἱ
3073 5445 3181 5498 τῶν
3208 5444 3540 5516 πειρασμῶν
3560 5445 3719 5512 ἁφορ·

2145 5550 2262 5605 ααίο
2300 5546 2482 5610 καλῶς
2506 5543 2600 5600 καὶ
2633 5538 2919 5615 προσηνῶς
2945 5541 2972 5592 ὁ
3000 5537 3258 5609 όυσθῆναι
3293 5535 3402 5590 ἀπὸ
3432 5535 3531 5590 τοῦ
3563 5551 3711 5603 πονη-
