3844 6224
174 295 305 350 1195

1260 294 1345 348 DE
1369 294 1970 352 BEATITUDINIBUS.
2004 294 2262 351 ORATIO
2293 298 2335 352 ἰ.

3288 297 3425 352 ιιοι

175 412 265 484 ροῦ
292 412 579 483 εὐχόμενος
601 453 615 475 ,
648 412 754 477 ἔξω
787 411 896 468 τῶν
929 413 1253 486 πειρασμῶν
1292 415 1544 482 γενέσθαι
1574 434 1748 490 παρα-

1868 415 2143 471 nundanis
2161 413 2393 486 negotiis
2410 412 2769 468 tcntationum
2791 411 3110 467 occasiones
3129 409 3425 478 exsistunt,

171 505 336 561 καλεῖ.
381 506 455 559 Οὐ
508 505 618 576 γὰρ
666 506 733 559 ἄν
783 523 867 569 τις
911 508 1155 580 καταπίῃ
1196 509 1257 561 τὸ
1303 510 1616 582 ἄγκιστρον,
1669 512 1744 581 μὴ

172 596 519 660 κατασπάσας
550 598 607 650 ὲν
632 596 843 668 λιχνείᾳ
865 598 927 650 τὸ
955 599 1170 670 δέλεαρ.
1213 600 1348 652 Ἀλλ’
1380 600 1622 672 εἴπωμεν
1652 602 1747 656 καὶ

169 688 323 758 ἡμεῖς
343 689 674 752 ἀναστάντες
706 689 783 760 τῷ
810 689 950 760 Θεῷ,
983 691 1062 744 ὅτι
1095 692 1193 759 Μὴ
1214 693 1562 762 εἰσενέγκῃς
1592 691 1751 762 ἡμᾶς

168 782 252 846 εις
286 781 622 849 πειρασμὸν
660 782 980 852 (τουτέστιν,
1030 786 1110 848 είς
1157 785 1226 839 τὰ
1260 784 1355 838 τοῦ
1396 785 1511 855 βίου
1554 787 1747 857 κακὰ),

169 872 327 926 ἀλλὰ
361 874 548 941 ῥῦσαι
590 872 749 943 ἡμᾶς
800 876 917 930 ἀπὸ
960 876 1067 931 τοῦ
1119 878 1403 946 πονηροῦ,
1438 877 1534 935 τοῦ
1573 880 1631 933 ὲν
1675 879 1753 950 τῷ

169 964 356 1035 κόσμῳ
381 965 557 1035 τούτῳ
602 966 700 1036 τὴν
735 968 887 1037 ἰσχὺν
927 968 1288 1039 κεκτημένου,
1318 964 1380 1026 οὗ
1412 969 1752 1042 ρυσθείημεν

166 1056 344 1125 χάριτι
374 1056 469 1110 τοῦ
501 1056 758 1129 Χριστοῦ,
803 1060 885 1112 ὃτι
924 1059 1072 1131 αὐτῷ
1100 1062 1132 1131 ή
1157 1061 1384 1132 δύναμις
1422 1064 1515 1118 καὶ
1541 1066 1574 1135 ἡ
1600 1064 1748 1130 δόξα,

168 1146 284 1216 ἅμα
319 1146 398 1218 τῷ
423 1150 617 1221 Πατρὶ,
660 1151 756 1203 καὶ
798 1150 875 1221 τῷ
903 1151 1042 1220 ἁγίῳ
1068 1152 1364 1224 Πνεύματι,
1392 1154 1485 1208 νῦν
1519 1156 1615 1209 καὶ
1642 1154 1749 1222 ἀεὶ,

169 1238 260 1289 καὶ
296 1239 375 1300 είς
404 1241 528 1303 τοὺς
560 1238 761 1305 αἰῶνας
787 1240 896 1294 τῶν
927 1240 1161 1297 αίώνων.
1211 1244 1402 1315 ’Δμήν.

184 1514 3110 1561 W

1853 517 2000 561 recte
2028 514 2082 561 et
2111 506 2506 562 convenienter
2529 505 2623 574 qui
2657 518 2688 558 a
2716 504 2865 558 malo
2888 503 3115 560 liberari
3145 510 3423 574 precatur,

1858 605 1919 651 ut
1956 598 2355 653 tentationibus
2383 597 2677 663 eximatur,
2704 606 2844 650 orat.
2886 594 3005 651 Non
3027 595 3174 650 enim
3224 593 3425 664 aliquis

1857 688 2080 743 hamum
2110 688 2480 753 devoraverit,
2509 687 2613 742 nisi
2646 703 2743 757 per
2787 687 3080 757 ingluviem
3117 700 3300 742 escam
3340 694 3426 739 at-

1859 779 2109 835 traxerit.
2143 777 2345 833 Verum
2405 786 2695 849 surgentes
2744 777 2992 832 dicamus
3024 777 3190 831 etiam
3220 789 3323 830 nos
3354 773 3426 829 ad

1859 871 2028 926 Deum
2058 890 2071 925 :
2107 870 2191 926 Ne
2222 888 2317 926 nos
2350 872 2572 926 inducas
2606 873 2660 925 in
2701 871 3065 931 tentationem,
3096 867 3201 923 hoc
3236 873 3324 923 est
3366 865 3426 920 in

1855 963 2000 1017 mala
2028 965 2253 1019 saeculi:
2306 963 2396 1019 sed
2450 965 2612 1019 libera
2636 980 2728 1020 nos
2765 980 2798 1017 a
2857 963 3021 1028 malo,
3070 959 3164 1032 qui
3214 959 3270 1014 in
3322 957 3447 1046 hoc.

1856 1057 2063 1111 mundo
2088 1058 2235 1112 vires
2268 1057 2450 1123 habet,
2482 1072 2511 1111 a
2530 1073 2643 1128 quo
2676 1058 2972 1113 liberemur
2996 1054 3172 1127 gratia
3191 1049 3448 1115 Christi,l

1853 1151 1945 1205 cui
1979 1152 2219 1220 potentia
2260 1161 2316 1206 et
2361 1151 2533 1221 gloria
2591 1167 2700 1206 una
2747 1167 2870 1207 cum
2903 1149 3066 1205 Patre
3101 1155 3157 1203 et
3214 1144 3424 1217 Spiritu

1851 1250 2065 1304 sancto,
2106 1256 2254 1297 nunc
2282 1249 2337 1297 et
2364 1257 2597 1313 semper,
2629 1251 2684 1298 et
2706 1242 2762 1298 in
2818 1241 3014 1298 saecula
3074 1238 3420 1296 saeculorum.

1852 1332 2047 1389 Amen.

3128 1525 3387 1565 τιπὲπ

1542 1734 1681 1786 ΤΟΥ
1718 1735 1808 1787 ΕΝ
1843 1734 2064 1787 ΑΠΟΙΣ

1236 1915 1855 2005 ΓΡΗΓΟΡΙΟΥ
1926 1916 2356 2007 ΝΥΣΣΗΣ

819 2140 1058 2255 ΕΙΣ
1148 2137 1537 2254 ΤΟΥΣ
1648 2142 2792 2262 ΜΑΚΑΡΙΣΜΟΥΣ.

1120 2576 1215 2665 S.
1272 2570 1849 2664 GBEGORII
1922 2573 2430 2664 NYSSENI

970 2806 1162 2919 DE
1234 2809 2616 2927 BEATITUDINIBUS.

1443 3055 1641 3109 Eodem
1671 3055 1858 3125 Sifauo
1882 3057 2175 3127 interprete.

1758 3258 1828 3271 ῃ

811 3431 1028 3485 ΛΟΓΟΣ
1065 3432 1141 3485 A'.

2474 3432 2734 3489 ORATIO
2765 3434 2805 3489 Ι.

184 3522 368 3584 ’ἰδὼν
411 3522 480 3576 δὲ
517 3521 658 3589 τοὺς
705 3522 952 3594 ὄχλους,
993 3523 1176 3594 ἀκέὸη
1212 3523 1303 3590 εἰς
1350 3526 1417 3578 τὸ
1462 3526 1619 3594 ὀροςο
1656 3528 1753 3581 καὶ

1868 3530 2007 3584 Visis
2038 3537 2213 3583 autem
2246 3527 2417 3582 turbis
2447 3527 2685 3582 ascendit
2714 3528 2767 3580 in
2807 3537 3125 3590 maritume:
3153 3546 3269 3585 cum
3302 3549 3418 3587 rou-

253 3593 621 3658 καθίσαντος
641 3593 849 3664 αὑτοῦ,
876 3592 1228 3664 προσῆλθον
1244 3595 1405 3660 αὐτῷ
1432 3592 1756 3664 οἷμάθηταὶ

254 3664 464 3718 αὐτοῦ’
498 3663 595 3716 καὶ
627 3662 876 3732 ἀνοίξας
897 3663 960 3732 τὸ
983 3665 1175 3732 στόμα
1195 3665 1401 3726 αὑτοῦ.
1434 3662 1759 3721 ὲδῖδασὸιεν

248 3734 493 3797 αὐτοὺς,
526 3732 744 3803 λέγωγ·
791 3731 1173 3801 Μακάριοιοὶ
1213 3734 1435 3803 πτωχοὶ
1458 3734 1537 3800 τῷ
1575 3738 1757 3790 πνεύ-

242 3819 409 3873 ματι,
434 3803 524 3855 ὅτι
548 3800 744 3856 αὐτῶν
760 3803 928 3856 ἐστιν
956 3800 995 3871 ἦ
1017 3804 1304 3866 ,βασιλεία
1326 3800 1444 3858 τῶν
1466 3806 1755 3875 οὐρανῶν.

247 3894 346 3957 Τίς
373 3894 478 3964 ἄρα
515 3893 752 3958 τοιοῦτός
781 3895 928 3948 ἐστιν
960 3895 1017 3946 ὲν
1047 3897 1159 3958 τοῖς
1198 3895 1653 3967 συνειλεγμένοις,
1684 3898 1759 3962 ὡς

171 3986 431 4059 μαθητής
449 4003 510 4038 τε
543 3980 679 4039 εἶναι
708 3984 802 4039 τοῦ
836 3986 1008 4054 Λόγου
1033 4028 1048 4051 ,
1072 3987 1168 4040 καὶ
1207 3988 1569 4059 συναναϐἧναι
1607 3988 1758 4059 αὐτῷ

171 4077 438 4153 χαμόθεν,
461 4077 570 4130 ἀπὸ
592 4076 700 4129 τῶν
729 4076 921 4129 κοίλων
942 4094 1000 4130 τε
1027 4078 1121 4133 καὶ
1148 4079 1419 4136 ταπεινῶν
1445 4081 1756 4152 νοημάτων,

172 4170 258 4232 εἰς
279 4167 342 4220 τὸ
371 4166 736 4237 πνευματικὸν
763 4165 887 4236 ὅρος
901 4168 1001 4237 τῆς
1029 4166 1239 4237 ὑψηλῆς
1265 4166 1532 4237 θεωρίας;
1565 4169 1629 4220 Ὃ
1655 4168 1760 4220 πᾶ-

176 4276 281 4312 σαν
306 4259 404 4330 μὲν
436 4258 592 4311 σκιὰν
620 4258 719 4328 τὴν
751 4258 816 4310 ὲκ
859 4257 965 4310 τῶν
1002 4258 1515 4327 ύπερανεστηκότων
1536 4258 1636 4328 τῆς
1664 4275 1763 4313 κα-

175 4349 306 4411 κίας
352 4346 641 4416 γεωλόφων
685 4346 1048 4416 ἐκπέφευγεν,
1075 4349 1452 4419 ἁπανταχόθεν
1480 4349 1536 4401 δὲ
1566 4352 1631 4419 τῇ
1666 4349 1761 4402 τοῦ

174 4438 435 4509 ἀληθινοῦ
459 4438 633 4509 φωτὸς
654 4439 832 4491 ἀκτῖνι
855 4438 1355 4509 περιλαμπόμενον,
1380 4440 1437 4492 ὲν
1456 4436 1674 4509 καθαρᾷ
1695 4441 1760 4509 τῇ

173 4531 281 4601 τῆς
305 4528 564 4600 ἀληθείας
580 4529 765 4601 αἰθρίᾳ
785 4530 962 4584 πάντα
988 4530 1201 4585 δίδωσιν
1231 4532 1295 4584 ἐκ
1325 4530 1609 4602 περιωπῆς
1635 4530 1764 4584 καθ-ν

175 4622 337 4691 ορᾷν,
351 4621 451 4674 ὅσα
468 4624 579 4685 τοῖς
597 4622 653 4674 ἐν
671 4621 746 4692 τῷ
760 4621 924 4693 κοίλῳ
938 4622 1350 4695 καθειργμένοις
1364 4622 1512 4675 ἐστὶν
1533 4621 1757 4675 ἀθέατα.

176 4712 264 4765 Τὰ
292 4712 349 4764 δὲ
374 4713 481 4765 ἀπὸ
503 4711 599 4765 τοῦ
629 4711 796 4783 ὕψους
824 4713 1013 4767 τούτου
1040 4713 1505 4782 κατοπτευόμενα,
1552 4708 1639 4767 οἷα
1668 4713 1762 4767 καὶ

1927 3601 2164 3663 sedisset,
2219 3607 2552 3670 accesserunt
2598 3597 2667 3650 ad
2713 3598 2865 3670 illum
2909 3598 3159 3670 discipuli
3198 3600 3334 3670 ejus,
3378 3613 3428 3655 et

1929 3681 2111 3739 aperto
2140 3687 2228 3725 ore
2257 3686 2353 3723 suo
2372 3667 2592 3721 docebat
2618 3684 2727 3732 eos,
2757 3669 2971 3723 dicens:
2994 3668 3143 3723 Beati
3176 3667 3428 3740 paupere:

1928 3743 2143 3810 spiritu,
2167 3740 2416 3811 quoniam
2432 3754 2612 3793 eorum
2647 3749 2724 3792 est
2750 3754 2964 3810 regnum
2996 3740 3242 3795 cwtorum
3255 3741 3320 3795 ⁸⁷.

1930 3891 2064 3959 Quis
2092 3893 2258 3964 igitur
2282 3893 2334 3946 in
2366 3892 2471 3947 hoc
2489 3898 2633 3948 coetu
2662 3890 2788 3947 talis
2817 3898 2923 3957 est,
2954 3893 3048 3964 qui
3076 3901 3130 3949 et
3151 3893 3430 3953 Sermonis

1859 3983 2162 4054 discipulus
2189 3984 2282 4047 sit,
2311 3990 2365 4039 et
2390 3999 2514 4042 cum
2535 3999 2619 4052 eo,
2653 4001 2684 4039 a
2710 3987 2943 4041 terrenis
2980 3987 3345 4058 ooncavisque
3367 4003 3432 4044 ac

1860 4075 2159 4130 humilibus
2180 4074 2603 4145 cogitationibus
2630 4075 3065 4131 etintellectibus
3091 4078 3350 4133 ascendat
3373 4078 3428 4133 in

1861 4165 2197 4235 spiritualem
2225 4174 2461 4221 montem
2485 4166 2605 4221 altae
2632 4167 3249 4238 contemplationis?qui
3272 4184 3431 4225 mons

1862 4271 2078 4312 onmem
2109 4256 2328 4326 quidem
2365 4257 2613 4312 umbram
2658 4273 2724 4312 ex
2772 4258 3140 4317 eminentibus
3172 4262 3432 4330 nequitia

1861 4348 2087 4418 Vitiique
2121 4348 2345 4401 tumulis
2375 4358 2684 4416 porrectam
2716 4347 2922 4419 effugit,
2959 4364 3028 4405 ex
3057 4350 3315 4408 omnibus
3339 4368 3434 4409 au-

1862 4447 1971 4494 tem
2000 4439 2248 4511 partibus
2273 4454 2417 4494 vera:
2443 4439 2585 4495 lucis
2609 4440 2764 4495 radio
2788 4441 3165 4507 collustratus,
3206 4442 3262 4497 in
3291 4459 3432 4514 pura

1862 4530 2112 4587 veritatis
2162 4530 2457 4587 serenitate
2491 4532 2676 4585 omnia
2722 4546 3062 4602 quaecunque
3094 4531 3153 4587 in
3185 4547 3432 4589 concavo

1862 4621 2226 4677 coercitorum
2262 4629 2317 4676 et
2345 4622 2735 4677 conclusornm
2777 4622 2955 4680 oculis
2983 4622 3255 4680 subducta
3281 4633 3431 4691 sunt.

1863 4729 1928 4770 ex
1956 4716 2178 4785 specula
2201 4715 2593 4785 conspicienda
2620 4716 2842 4785 praebet.
2877 4716 3008 4784 Quae
3032 4727 3213 4773 autem
3238 4719 3307 4777 ab
3329 4719 3434 4774 hac

171 4806 281 4857 ὅσα
304 4803 474 4868 ἐστὶν,
508 4805 668 4868 αὐτὸς
703 4804 732 4856 ό
762 4804 893 4869 Θεὸς
915 4805 1104 4874 Λόγος,
1137 4805 1454 4875 μακαρίζων
1479 4806 1605 4869 τοὺς
1640 4821 1756 4857 συν-

1868 4806 2157 4861 altitudine
2190 4806 2625 4877 conspiciuntur,
2671 4815 2806 4878 quot
2829 4817 2884 4863 et
2916 4809 3100 4878 qualia
3141 4810 3274 4876 sint,
3314 4811 3433 4879 ipse

174 4895 491 4959 αναύάντας
535 4895 684 4965 αύτῷ
718 4895 1071 4967 διεξέρχεται,
1095 4890 1205 4951 οἷον
1233 4895 1478 4967 δακτύλῳ
1512 4898 1618 4950 τινὶ
1649 4896 1757 4949 δει-

170 4986 332 5049 κνὺς,
360 4984 509 5038 ἐνθεν
544 4986 642 5057 μὲν
673 4986 769 5058 τὴν
813 4986 919 5042 τῶν
945 4986 1189 5059 οὐρανῶν
1229 4987 1525 5058 βασιλείαν,
1558 4987 1758 5058 ἐτέρω-

168 5074 274 5127 θεν
311 5075 386 5137 δὲ,
426 5076 527 5146 τῆς
565 5077 677 5130 ἄνω
717 5079 820 5149 γῆς
869 5079 968 5151 τὴν
1011 5079 1403 5150 κληρονομίαν⁸
1440 5076 1558 5133 εἶτα
1590 5078 1758 5143 ἔλεον,

174 5166 277 5218 καὶ
302 5166 668 5238 δικαιοσύνην,
720 5169 814 5222 καὶ
842 5169 1209 5241 παράκλησιν,
1251 5170 1346 5222 καὶ
1373 5169 1472 5242 τὴν
1501 5171 1637 5241 πρὸς
1667 5171 1761 5225 τὸν

172 5257 315 5309 Θεὸν
346 5257 451 5309 τῶν
475 5259 609 5312 ὅλων
633 5262 920 5333 γινομένην
951 5262 1288 5330 συγγένειαν·
1319 5262 1412 5316 καὶ
1442 5263 1532 5317 τὸν
1563 5264 1627 5316 ὲκ
1652 5262 1761 5315 τῶν

169 5346 437 5418 διωγμῶν
469 5349 697 5420 καρπὸν,
736 5351 765 5404 ὃ
808 5352 922 5404 ὲστι
954 5352 1014 5405 τὸ
1043 5353 1285 5407 σύνοικον
1322 5351 1457 5406 Θεοῦ
1486 5353 1758 5421 γενέσθαρν

172 5438 278 5491 καὶ
305 5440 404 5491 ὅσα
429 5439 564 5494 ἄλλα
606 5442 834 5510 πάρεστι
863 5443 998 5514 πρὸς
1035 5443 1246 5507 τούτοις
1283 5442 1524 5514 βλέπειν,
1552 5444 1759 5499 ἄνωθεν

168 5530 245 5581 ἐκ
276 5529 372 5584 τοῦ
416 5531 576 5603 ὅρους
612 5533 1175 5602 δακτυλοδεικτοῦντος
1200 5536 1297 5591 τοῦ
1342 5536 1537 5607 Λόγου,
1576 5541 1640 5592 ὲκ
1663 5538 1761 5610 τῆς

251 5704 304 5737 ⁸⁷
346 5705 535 5763 Matth.
567 5725 623 5771 ν,
660 5711 680 5764 1
726 5726 848 5780 sqq.

467 5803 739 5866 Ριτιιοι..
786 5807 897 5867 Gn.
929 5804 1139 5867 XLIV.

1865 4896 2012 4954 Deus
2042 4896 2305 4963 Verbum,
2344 4914 2530 4954 eorum
2561 4900 2657 4970 qui
2700 4914 2807 4954 una
2835 4915 3021 4956 secum
3063 4902 3431 4957 ascenderunt

1865 4990 2258 5046 beatitudinem
2300 4990 2624 5060 explicando
2658 4991 3029 5061 prosequitur,
3060 5002 3318 5062 tanquam
3347 4992 3432 5047 div

1863 5083 1976 5153 gito
2014 5081 2250 5153 quodam
2278 5082 2592 5149 ostendens,
2638 5082 2766 5137 hinc
2796 5082 3016 5152 quidem
3065 5097 3295 5153 regnum
3320 5097 3433 5138 cm-

1868 5175 2069 5237 lorum,
2103 5189 2169 5227 ex
2212 5173 2384 5227 altera
2410 5186 2542 5227 vero
2572 5179 2746 5243 parte,
2792 5188 3042 5243 superna:
3068 5181 3228 5229 terra:
3260 5173 3435 5230 hare-

1867 5262 2091 5317 ditatem
2129 5279 2142 5315 :
2177 5260 2373 5316 deinde
2425 5259 2883 5326 misericordiam,
2938 5268 2991 5317 et
3033 5260 3327 5331 justitiam,
3379 5269 3435 5318 et

1868 5350 2323 5414 consolationem,
2372 5359 2535 5418 atque
2573 5363 2715 5414 eam,
2768 5363 2890 5417 quae
2938 5365 3064 5404 cum
3096 5348 3206 5406 Deo
3248 5366 3437 5407 rerum

1870 5444 2248 5499 universarum
2272 5440 2508 5507 exsistit,
2543 5439 2927 5511 cognationem
2965 5459 2979 5497 :
3016 5451 3071 5497 et
3094 5440 3333 5499 fructum
3365 5457 3438 5500 ex

1870 5532 2368 5608 persecutionibus,
2400 5530 2547 5603 quod
2572 5536 2655 5588 est
2682 5532 3133 5590 contubernalem
3156 5532 3251 5590 Dei
3284 5533 3437 5609 ﬁeri;

3005 5804 3084 5874 38
