3844 6224
468 273 606 331 1195

1723 269 1784 326 S.
1824 267 2154 326 GREGORII
2193 267 2485 323 NYSSENI

3585 271 3709 326 nos

468 403 534 444 ac
578 400 935 460 quacumque
980 386 1085 441 alia
1138 394 1398 458 praeterea
1443 387 1492 442 si
1523 387 1648 458 quis
1701 401 1768 442 ex
1811 387 2030 442 sublimi

2135 385 2344 456 ὑψηλῆς
2406 384 2636 448 σκοπιᾶς
2689 383 2776 437 διὰ
2831 384 2937 437 τῶν
2986 384 3214 438 ἐλπίδων
3255 385 3712 454 ἀποϐλεπόμενον.

468 480 688 550 specula
717 493 812 550 per
848 491 999 549 spem
1030 479 1318 550 despiciat,
1351 494 1590 550 superne
1622 479 1694 534 de
1727 488 1915 535 monte
1952 479 2038 533 die

466 575 578 643 gito
623 580 958 627 monstrante
1009 570 1206 639 Verbo,
1264 573 1322 626 in
1371 580 1628 643 promptu
1686 581 1773 628 est
1825 571 2033 626 videre.

465 663 734 730 Quoniam
769 662 935 733 igitur
964 663 1210 719 ascendit
1237 662 1500 719 Dominus
1537 665 1592 718 in
1623 673 1883 726 montem,
1938 678 2036 716 au-

465 755 683 808 diamus
717 754 907 807 Isaiam
958 753 1318 808 clamantem:
1367 753 1565 816 Venite,
1607 755 1952 808 attendamus
1983 755 2039 806 in

463 850 690 896 montem
720 841 928 894 Domini
948 842 1025 905 ⁸⁸.
1059 849 1224 912 atque
1251 844 1465 899 etiamsi
1490 843 1798 898 laboramus
1826 859 1889 897 ex
1913 857 2040 912 pec-

468 942 614 994 cato,
657 933 1029 987 confortemus
1052 940 1106 987 et
1143 934 1551 998 conﬁrmemus,
1581 933 2038 1004 quemadmodum

464 1023 746 1093 prophetia
794 1023 1119 1092 praescribit,
1178 1039 1376 1080 manus
1412 1024 1702 1096 languidas
1749 1040 1814 1080 ac
1861 1041 2039 1096 genua

463 1114 749 1170 dissoluta.
783 1111 918 1166 Nam
955 1115 1001 1169 si
1042 1115 1096 1168 in
1137 1130 1412 1170 summum
1455 1115 1648 1186 jugum
1677 1116 2036 1178 evaserimus,

463 1207 806 1262 inveniemus
849 1206 943 1276 qui
992 1204 1277 1261 medeatur
1318 1208 1467 1260 omni
1515 1209 1730 1272 morbo,
1781 1209 2040 1278 omnique

466 1299 750 1369 languori,
819 1313 1013 1368 nempe
1065 1313 1188 1353 eum
1251 1299 1348 1368 qui
1405 1299 1752 1355 infirmitates
1819 1313 2076 1362 nostras.

465 1389 716 1458 suscipit,
755 1397 810 1443 et
851 1387 1074 1442 morbos
1124 1395 1307 1457 portat
1327 1388 1391 1440 ”.
1449 1387 1717 1454 Quocirca
1755 1404 2040 1445 curramus

465 1483 628 1537 etiam
679 1495 780 1536 nos
828 1478 897 1534 ad
937 1493 1250 1542 ascensum,
1281 1486 1342 1532 ut
1373 1495 1497 1534 cum
1541 1479 1680 1536 Isaia
1728 1481 1782 1536 in
1828 1498 2041 1538 summo

461 1573 593 1644 jugo
618 1573 733 1644 spei
760 1571 1042 1627 constituti
1074 1571 1507 1640 contemplemur
1557 1589 1621 1626 ex
1651 1575 1872 1643 specula
1900 1576 2040 1628 bona

467 1664 556 1717 illa
590 1678 712 1733 qua:
766 1662 972 1719 secutis
1017 1663 1073 1717 in
1127 1661 1469 1716 altitudinem
1500 1661 1736 1718 Verbum
1766 1666 2037 1732 ostendit;

2151 475 2368 545 Ἐπειδὴ
2385 472 2478 528 οὖν
2497 475 2773 528 ἀναϐαίνει
2798 476 2876 538 είς
2891 477 2950 528 τὸ
2966 476 3088 545 δρος
3115 479 3142 528 6
3161 478 3380 546 Κύριος,
3399 477 3716 547 ἀκούσωμεν

2150 567 2370 619 Ἡσαΐου
2407 566 2656 636 βοῶντος·
2681 565 2875 629 Δεῦτε,
2897 566 3207 633 ἀναδῶμεν
3235 570 3323 632 εἰς
3350 569 3415 619 τὸ
3446 566 3593 633 ὄρος
3623 565 3717 619 τοῦ

2136 660 2379 725 Κυρίου·
2416 658 2518 711 κᾶν
2558 657 2870 727 ἀσθενῶμεν
2917 657 2975 720 ἐξ
3008 659 3298 727 ἁμαρτίας,
3328 658 3715 727 ἐνισχύσωμεν,

2138 746 2318 810 καθὼς
2339 748 2624 816 ὑφηγεῖται
2647 748 2679 816 ἡ
2703 747 3032 818 προφητεία,
3055 751 3242 818 χεῖρας
3266 747 3611 816 παρειμένας
3633 748 3718 799 καὶ

2138 839 2342 905 γόνατα
2371 837 2806 906 παραλελυμένα.
2842 838 2904 889 Ei
2943 837 3050 908 γὰρ
3087 837 3182 888 ἐπὶ
3213 836 3306 888 τοῦ
3342 837 3518 906 ἄκρου
3549 834 3718 902 γενοί-

2143 929 2313 999 μεθα,
2354 930 2656 1000 εὑρήσομεν
2685 927 2777 980 τὸν
2814 929 3038 998 ἰώμενον
3070 930 3251 981 πᾶσαν
3289 929 3444 981 νόσον
3480 929 3582 981 καί
3616 930 3716 980 πᾶ-

2141 1038 2241 1074 σαν
2295 1020 2582 1090 μαλακίαν,
2619 1021 2709 1074 τὸν
2745 1020 2843 1082 τὰς
2885 1020 3169 1082 ἀσθενείας
3207 1020 3360 1090 muli»
3404 1019 3719 1089 ἀναλαμϐά-

2138 1130 2334 1177 νοντα,
2385 1115 2480 1166 καὶ
2526 1113 2623 1176 τὰς
2671 1113 2858 1174 νόσους
2903 1111 3260 1180 βαστάζοντα.
3319 1109 3534 1162 Οὐκοῦν
3593 1109 3718 1179 δρά-

2143 1222 2330 1275 μωμεν
2356 1205 2449 1256 καὶ
2473 1206 2633 1274 ἡμεῖς
2671 1205 2807 1274 πρὸς
2835 1204 2935 1273 τὴν
2970 1202 3172 1265 ἄνοδον,
3209 1202 3293 1254 ἵνα
3327 1201 3467 1271 μετά
3499 1201 3717 1253 Ἡσαΐου

2139 1296 2280 1350 κατά
2314 1299 2413 1366 τὴν
2446 1295 2755 1368 ἀκρώρειαν
2785 1295 2885 1363 τῆς
2912 1295 3125 1357 ἐλπίδος
3169 1294 3478 1362 γενόμενοι,
3522 1292 3717 1362 ἴδωμεν

2139 1390 2203 1442 ἐκ
2236 1390 2519 1460 περιωπῆς
2551 1389 2619 1441 τά
2666 1387 2847 1455 ἀγαθά
2886 1389 3103 1448 ἐκεῖνα,
3130 1388 3231 1440 ὅσα
3269 1388 3379 1447 τοῖς
3424 1384 3721 1454 ἀκολουθή-

2141 1498 2297 1535 σασιν
2331 1483 2422 1535 ἐπὶ
2456 1482 2516 1535 τὸ
2543 1480 2676 1550 ὕψος
2698 1481 2726 1532 6
2752 1479 2923 1547 Λόγος
2953 1478 3241 1532 δείκνυσιν.
3287 1477 3423 1529 Ἀλλ’
3455 1475 3720 1540 ἀνοιξάτω

2143 1576 2237 1627 καὶ
2269 1576 2399 1644 ἡμῖν
2429 1576 2455 1626 ὁ
2479 1572 2609 1634 Θεὸς
2642 1571 2811 1638 Λόγος
2839 1570 2901 1622 τὸ
2935 1568 3122 1638 στόμα,
3167 1569 3260 1621 καὶ
3285 1565 3554 1630 διδαξάτω
3581 1568 3721 1636 ἡμᾶς

2139 1668 2350 1728 ἐκεῖνα,
2395 1659 2470 1718 ὧν
2518 1667 2552 1736 ἡ
2596 1663 2857 1732 ἀκρόασις
2901 1660 3237 1732 μακαριότης
3277 1661 3448 1713 ἐστίν·
3479 1658 3720 1726 γενέσθω

463 1770 651 1810 verum
701 1753 868 1809 etiam
919 1753 1079 1807 nobis
1108 1750 1251 1806 Deus
1294 1750 1530 1806 Verbum
1584 1769 1646 1810 os
1685 1758 1915 1826 aperiat,
1975 1772 2030 1810 ac

2140 1759 2197 1810 δέ
2241 1756 2399 1828 ἡμῶν
2437 1757 2580 1826 ἀρχὴ
2626 1755 2726 1823 τῆς
2769 1753 3026 1824 θεωρίας,
3065 1752 3236 1823 ἡτῶν
3276 1750 3591 1822 εἰρημένων
3626 1749 3719 1819 τῆς

463 1847 655 1901 doceat
692 1861 794 1900 nos
839 1859 903 1900 ea
947 1859 1177 1915 quorum
1235 1845 1443 1899 auditio
1481 1845 1760 1901 beatitudo
1791 1859 1894 1902 est.
1931 1847 2037 1901 Su-

2144 1848 2489 1910 διδασκαλίας
2512 1847 2675 1916 ἀρχή.

465 1943 642 1990 matur
688 1943 867 1990 autem
901 1950 933 1989 a
962 1914 1120 1990 nobis
1171 1935 1384 1990 initium
1434 1939 1933 2004 contemplationis,
1975 1947 2031 1994 ct
2068 1914 2766 2004 commentationis,Hunde
2838 1914 3102 1991 doctrinm
3174 1934 3444 1991 dictorum
3497 1933 3716 1987 initium

463 2030 647 2102 cmpit.

533 2122 710 2190 Beati,
749 2118 946 2191 inquit,
995 2135 1246 2189 pauperes
1298 2122 1510 2190 spiritu,
1565 2121 1815 2190 quoniam
1853 2138 2033 2174 eorum

461 2223 539 2269 est
567 2228 780 2283 regnum
815 2211 1086 2264 caelorum.
1131 2209 1187 2264 Si
1219 2210 1345 2280 quis
1373 2225 1570 2265 avarus
1600 2209 1807 2263 incidat
1848 2212 1901 2263 in
1951 2221 2034 2262 ta-

462 2305 618 2360 bulas
661 2303 976 2358 tbesaurum
1037 2301 1237 2355 alicubi
1283 2299 1664 2356 absconditum
1704 2301 2030 2364 iudicantes,

461 2397 510 2450 is
539 2401 722 2448 autem
766 2393 941 2454 locus,
987 2391 1080 2461 qui
1116 2393 1430 2446 thesaurum
1463 2393 1758 2454 contineat,
1800 2393 2031 2444 multum

459 2485 716 2543 sudorem
775 2492 829 2539 et
891 2482 1132 2538 laborem
1193 2482 1568 2552 aspirantibus
1633 2481 1700 2534 ad
1755 2496 1850 2536 eas
1901 2496 2033 2551 cpes

460 2577 754 2641 ostendat,
808 2575 1052 2646 nunquid
1084 2575 1152 2629 ad
1191 2575 1407 2630 labores
1441 2574 1850 2644 oblanguescet,
1891 2585 1944 2628 et
1979 2575 2032 2626 in

463 2670 616 2722 lucro
645 2667 939 2738 quaerendo
969 2666 1154 2738 segnis
1181 2668 1308 2728 erit.
1347 2667 1670 2738 nullumque
1708 2683 1818 2737 pra:
1851 2665 2036 2722 studio

461 2759 701 2813 laborem
750 2773 965 2812 sumere
995 2768 1156 2827 atque
1188 2756 1631 2826 defatigationem
1680 2759 1867 2812 subire
1896 2758 2035 2812 divi-

462 2849 553 2902 tiis
584 2847 800 2902 dulcius
844 2855 898 2901 et
931 2847 1230 2916 jucundius
1277 2848 1656 2902 exiSIimabit?
1693 2847 1813 2902 Non
1860 2849 1936 2902 ita
1977 2863 2036 2902 se

464 2953 552 2992 res
580 2936 771 2991 habet:
804 2951 913 2990 non
947 2938 1019 2991 ita
1050 2944 1168 3003 est;
1212 2937 1306 2992 sed
1347 2952 1537 2991 omnes
1577 2938 1796 3007 quidem
1834 2938 1901 2991 ad
1933 2939 2036 2991 hoc

461 3027 747 3082 advocabit
776 3028 1015 3094 amicos;
1067 3044 1129 3082 ex
1171 3029 1427 3083 omnibus
1463 3029 1588 3082 item
1642 3029 1912 3099 partibus,
1967 3045 2033 3084 ex

460 3118 661 3184 quibus
714 3117 934 3186 poterit,
986 3118 1207 3173 auxiliis
1262 3117 1366 3172 sibi
1418 3119 1738 3182 contractis,
1788 3119 2102 3210 multitu-C

459 3206 586 3261 dine
618 3221 910 3276 operarum
945 3223 1078 3276 opes
1109 3209 1229 3263 illas
1268 3209 1619 3265 absconditas
1679 3223 1807 3264 suas
1854 3208 2030 3263 factu-

463 3312 556 3351 rus
609 3297 701 3351 sit.
768 3295 868 3350 Hic
931 3305 1016 3352 est
1079 3298 1171 3353 ille
1228 3299 1539 3363 thesaurus,
1597 3298 1812 3363 fratres,
1870 3315 2029 3368 quem

460 3388 725 3457 scriptum
758 3387 981 3451 indicat,
1013 3389 1346 3446 absconditae
1395 3401 1574 3447 autem
1609 3407 1704 3460 per
1727 3392 2032 3446 obscurita-

457 3489 570 3535 tem
595 3482 800 3536 divitiae
827 3490 975 3536 sunt.
1012 3484 1182 3554 Igitur
1212 3500 1312 3538 nos
1337 3500 1554 3554 quoque
1591 3485 1684 3554 qui
1723 3485 2029 3555 incorrupti

458 3573 578 3625 auri
621 3573 803 3642 cupidi
835 3588 1045 3637 sumus,
1088 3589 1310 3644 precum
1345 3576 1504 3645 quasi
1542 3591 1802 3630 manuum
1849 3579 2032 3632 multi-

451 3663 646 3720 tudine
681 3672 921 3728 utamur,
977 3673 1037 3719 ut
1080 3666 1283 3721 divitiae
1328 3667 1487 3722 nobis
1539 3668 1818 3738 patefiant,
1869 3679 2030 3738 atque

456 3769 648 3808 omnes
686 3767 752 3808 ex
805 3769 963 3824 aequo
1000 3755 1318 3810 thesaurum
1371 3757 1700 3821 dividamus,
1752 3765 1806 3812 et
1854 3766 2025 3812 totum

455 3862 579 3900 eum
614 3847 847 3916 quisque
897 3849 1168 3917 acquirat.
1213 3846 1364 3904 Talis
1406 3850 1552 3904 enim
1589 3849 1786 3904 divisio
1814 3850 2028 3904 virtutis

454 3947 567 4002 est,
631 3946 690 3992 ut
742 3946 795 3993 et
847 3939 902 3992 in
948 3953 1167 3998 omnes.
1220 3940 1314 4010 qui
1361 3955 1478 3996 eam
1529 3941 1928 4009 amplectuntur
1974 3951 2027 3996 et

455 4026 730 4091 affectant,
771 4027 1064 4093 dividatur,
1096 4035 1152 4082 et
1177 4029 1377 4098 cuique
1420 4028 1564 4084 adsit
1593 4030 1845 4084 universa
1887 4031 2028 4083 inter

455 4118 868 4189 participantes,
897 4133 1003 4172 non
1058 4119 1344 4173 diminuta.
1395 4117 1529 4172 Nam
1585 4120 1640 4173 in
1690 4128 2024 4175 terrenarum

453 4210 674 4279 quidem
708 4210 1019 4263 divitiarum
1055 4208 1465 4274 distributione,
1497 4209 1588 4277 qui
1631 4211 1752 4280 plus
1781 4211 1932 4280 justo
1961 4213 2025 4266 a.l

453 4319 513 4359 se
550 4303 797 4364 traxerit,
832 4302 1086 4372 injuriam
1134 4301 1262 4356 facit
1298 4303 1380 4356 his
1417 4303 1510 4370 qui
1547 4317 1613 4356 ex
1656 4303 1826 4370 aequis
1859 4305 2026 4373 parli-

461 4391 566 4448 bus
596 4393 730 4447 socii
760 4400 888 4447 sunt
934 4391 1105 4460 (socii
1138 4393 1283 4446 enim
1325 4400 1532 4461 partem
1570 4409 1797 4461 prorsus
1834 4396 2026 4448 minuit

2207 2118 2515 2187 Μακάριοι,
2560 2120 2723 2188 φησὶν
2744 2159 2758 2178 ,
2795 2121 2851 2171 οἱ
2897 2115 3118 2186 πτωχοὶ
3153 2113 3234 2179 τῷ
3273 2112 3570 2178 πνεύματι
3592 2150 3607 2170 ,
3633 2107 3717 2160 ὅτι

2137 2210 2339 2265 αὐτῶν
2369 2212 2538 2264 ἐστιν
2567 2212 2606 2277 ή
2633 2210 2921 2274 βασιλεία
2951 2204 3068 2262 τῶν
3091 2203 3376 2274 οὐρανῶν.
3403 2203 3471 2254 Εἴ
3497 2217 3583 2263 τις
3614 2199 3715 2251 τῶν

2137 2303 2474 2374 φιλοχρύσων
2527 2303 2849 2373 γράμμασιν
2900 2301 3108 2369 ἐντύχοι
3138 2295 3409 2367 θησαυρὸν
3456 2295 3518 2344 ἐν
3572 2291 3716 2360 τύπῳ

2137 2394 2575 2464 καταμηνύουσιν
2607 2409 2619 2420 ·
2656 2395 2684 2444 6
2717 2391 2772 2444 δὲ
2813 2391 3077 2461 περιέχων
3103 2387 3195 2440 τὸν
3232 2383 3508 2454 θησαυρὸν
3532 2381 3713 2445 τόπος,

2137 2487 2304 2540 πολὺν
2361 2485 2560 2553 ἱδρῶτα
2615 2484 2709 2536 καὶ
2765 2483 2924 2535 πόνον
2966 2476 3304 2532 ὑποδεικνύοι
3359 2477 3469 2536 τοῖς
3532 2472 3716 2524 ἐπιθυ-

2143 2578 2301 2649 μοῦσι
2337 2575 2430 2628 τοῦ
2461 2578 2766 2644 κτήματος·
2794 2569 2904 2641 ἆρα
2932 2568 3395 2641 μαλακισθήσεται
3425 2565 3565 2634 πρὸς
3595 2564 3715 2624 τοὺς

2139 2669 2350 2730 πόνους,
2381 2664 2476 2718 καὶ
2497 2661 2944 2733 καταραθυμήσει
2983 2659 3074 2716 τοῦ
3108 2657 3353 2727 κέρδους,
3383 2655 3478 2708 καὶ
3521 2654 3583 2707 τὸ
3611 2671 3713 2725 μη-

2137 2760 2263 2812 δένα
2290 2758 2534 2827 κάματον
2564 2755 2668 2806 ὑπὸ
2697 2755 2795 2824 τῆς
2843 2752 3078 2822 σπουδῆς
3122 2747 3560 2815 εἰσενέγκασθαι,
3588 2747 3715 2813 γλυ-

2138 2851 2366 2919 κύτερον
2414 2847 2510 2901 τοῦ
2555 2846 2783 2898 πλούτου
2834 2847 3157 2913 ποιήσεται;
3200 2843 3312 2894 Οὐκ
3353 2841 3471 2892 ἐστι
3524 2839 3712 2897 ταῦτα,

2140 2945 2241 2996 οὐκ
2269 2942 2412 2994 ἔστιν
2436 2957 2450 2971 ⁸
2479 2938 2613 2993 ἀλλά
2635 2938 2844 2999 πάντας
2867 2938 2963 3006 μὲν
2991 2935 3126 3007 πρὸς
3155 2934 3312 2986 τοῦτο
3341 2931 3715 3002 παρακαλέσει

2137 3032 2265 3095 τοὺς
2290 3031 2495 3093 φίλους,
2517 3028 2852 3100 πανταχόθεν
2877 3027 2934 3080 δὲ
2963 3027 3037 3091 ώς
3068 3026 3132 3080 ἂν
3155 3021 3264 3088 οἷός
3291 3042 3352 3076 τε
3454 3025 3558 3093 τὴν
3583 3024 3713 3093 πρὸς

2137 3121 2295 3175 τοῦτο
2353 3121 2603 3192 βοήθειαν
2653 3119 2832 3189 ἑαυτῷ
2884 3117 3203 3188 συναγείρας
3251 3115 3329 3185 τῷ
3371 3115 3573 3184 πλήθει
3618 3114 3716 3182 τῆς

2133 3214 2339 3284 χειρὸς,
2367 3213 2496 3266 ῐδιον
2535 3214 2768 3265 ποιεῖται
2804 3211 2894 3263 τὸν
2928 3209 3156 3262 πλοῦτον
3189 3207 3280 3260 τὸν
3308 3207 3712 3278 κεκρυμμένον.

2133 3298 2301 3368 Οὗτος
2353 3304 2558 3364 ἐκεῖνός
2593 3305 2738 3356 ἐστιν
2767 3305 2794 3355 6
2823 3300 3094 3372 θησαυρὸς
3113 3339 3126 3360 ,
3159 3299 3408 3367 ἀδελφοὶ,
3435 3299 3497 3351 δν
3551 3314 3716 3352 κατα-

2135 3398 2328 3468 μηνύει
2360 3396 2422 3449 τὸ
2454 3397 2716 3468 γράμμαο
2735 3395 3036 3465 κέκρυπται
3059 3392 3115 3445 δὲ
3143 3392 3245 3445 ὑπὸ
3263 3392 3362 3461 τῆς
3396 3391 3665 3459 ἀσαφείας
3689 3393 3716 3443 6

2133 3486 2605 3551 πλοῦτος.οὺκοῦν
2639 3482 2968 3556 χρησώμεθα
2999 3483 3090 3536 καὶ
3119 3484 3278 3553 ἡμεῖς
3305 3483 3351 3532 οξ
3380 3482 3716 3550 ἐπιθυμηταὶ

2130 3577 2226 3630 τοῦ
2270 3579 2546 3647 ἀκηράτου
2592 3575 2850 3646 χρυσίου,
2880 3576 2945 3643 τῇ
2980 3572 3088 3625 τῶν
3134 3572 3310 3641 εὐχῶν
3361 3571 3714 3641 πολυχειρίᾳ,

2130 3667 2271 3720 ὥστε
2307 3669 2440 3738 ἡμῖν
2472 3669 2552 3729 εἰς
2589 3667 2650 3719 τὸ
2699 3664 2938 3734 ἐμφανὲς
2983 3664 3074 3716 τὸν
3123 3661 3348 3714 πλοῦτον
3384 3661 3596 3727 ἐλθεῖν,
3627 3662 3716 3714 κα)⁵

2131 3761 2338 3822 πάντας
2390 3760 2447 3825 ἐξ
2495 3759 2610 3812 ῐσου
2663 3759 2930 3812 διελέσθαι
2977 3757 3068 3810 τὸν
3121 3757 3428 3825 θησαυρὸν,
3460 3757 3561 3808 καὶ
3600 3755 3715 3808 ὅλον

2133 3852 2359 3906 ἕκαστον
2385 3851 2711 3922 κτήσασθαι.
2747 3851 2980 3920 Τοιαύτη
3019 3849 3127 3920 γὰρ
3153 3848 3253 3918 τῆς
3283 3847 3488 3917 ἀρετ-ἧς
3518 3849 3553 3919 ἠ
3584 3849 3714 3900 διαί-

2134 3959 2314 4014 ρεσις,
2353 3941 2492 3996 ῶστε
2530 3944 2624 3997 καὶ⁵
2665 3946 2744 4006 είς
2795 3944 3004 4005 πάντας
3055 3942 3183 4005 τοὺς
3234 3940 3718 4010 ἀντιποιουμένους

2129 4033 2571 4105 διαμερίςεσθαι,
2623 4035 2718 4088 καὶ
2777 4036 2958 4087 πᾶσαν
3006 4033 3221 4102 ἑκάστῳ
3283 4034 3589 4102 παρεῖναι,
3646 4032 3716 4100 μὴ

2127 4125 2521 4196 ἐλαττουμένην
2561 4127 2618 4179 ἐν
2655 4127 2766 4189 τοῖς
2790 4125 3240 4196 συμμετέχουσιν.
3269 4123 3356 4175 Ἐν
3389 4124 3488 4192 μὲν
3526 4123 3714 4193 γὰρτῇ

2126 4216 2219 4269 τοῦ
2262 4217 2448 4286 γηῖνου
2480 4215 2710 4270 πλούτου
2744 4217 2972 4287 διανομῇ
3007 4215 3183 4269 ἀδικεῖ
3207 4213 3331 4276 τοὺς
3376 4213 3714 4284 ἱσομοιροῦν-

2126 4324 2225 4371 τας
2267 4310 2296 4362 6
2322 4309 2384 4362 τὸ
2422 4309 2582 4362 πλέον
2615 4309 3116 4380 παρασπασάμενος
3151 4323 3165 4337 ·
3190 4305 3404 4358 ἐλαττοῖ
3431 4305 3546 4377 γὰρ
3580 4306 3714 4358 πάν-

2125 4415 2233 4463 τως
2271 4398 2333 4452 τὺ
2361 4398 2527 4470 μέρος
2552 4397 2647 4452 τοῦ
2681 4396 3134 4469 συμμετέχοντος,
3163 4397 3192 4448 6
3222 4395 3282 4447 τὸ
3320 4394 3526 4447 ἑαυτοῦ
3562 4395 3714 4447 πλεο·

453 4486 499 4540 is
536 4485 628 4553 qui
667 4498 822 4538 suam
869 4485 994 4553 plus
1026 4484 1178 4552 justo
1204 4483 1467 4552 auxerit);
1507 4486 1819 4555 spirituales
1846 4497 2024 4544 autem

2135 4492 2301 4555 νάσας
2335 4509 2348 4522 ο
2411 4495 2440 4544 6
2500 4491 2559 4544 δὲ
2608 4492 2977 4562 πνευματικὸς
3026 4488 3252 4551 πλοῦτος
3299 4486 3362 4539 τὸ
3422 4486 3524 4539 τοῦ
3567 4487 3710 4558 ἡλίου

450 4576 653 4631 divitiae
708 4570 849 4630 idem
914 4575 1122 4629 faciunt
1181 4575 1324 4644 quod
1363 4575 1466 4638 sol,
1525 4577 1618 4645 qui
1672 4584 1724 4631 et
1771 4577 2025 4632 omnibus

453 4666 762 4721 videntibus
802 4682 860 4721 se
898 4666 1160 4736 impertit,
1199 4676 1253 4721 et
1287 4673 1436 4721 totus
1469 4667 1766 4737 unicuique
1794 4669 2021 4726 accedit.

454 4756 722 4821 Quoniam
763 4757 926 4827 igitur
977 4771 1076 4825 par
1116 4757 1184 4809 ab
1220 4771 1555 4828 unoquoque
1606 4759 1816 4816 lucrum
1847 4775 1914 4815 ex
1945 4761 2025 4814 la-

452 4848 585 4901 bore
634 4856 908 4917 speratur,
977 4862 1072 4916 par
1119 4847 1187 4901 ab
1238 4849 1495 4903 omnibus
1542 4848 1799 4905 afferatur
1852 4851 1920 4905 ad
1971 4852 2024 4906 id

451 4937 598 5006 quod
636 4950 667 4991 a
711 4938 870 4992 nobis
909 4939 1191 5008 quaeritur,
1243 4955 1465 5009 precum
1517 4940 1909 5008 adjumentum.
1944 4944 2023 4997 Ac

453 5027 686 5096 primum
719 5028 939 5098 quidem
984 5030 1226 5084 omnium
1259 5029 1501 5084 arbitror
1539 5041 1792 5101 opartere
1835 5035 2021 5090 consi-

451 5117 646 5173 derare
675 5118 847 5188 ipsam
873 5119 1287 5185 beatitudinem,
1320 5131 1374 5176 et
1406 5122 1706 5193 intelligere
1760 5125 2021 5192 quidnam

450 5208 670 5264 tandem
706 5225 768 5265 ea
808 5210 899 5264 sit.
936 5209 1237 5271 Beatitudo.
1302 5220 1361 5264 ut
1411 5227 1528 5266 mea
1575 5214 1793 5282 quidem
1838 5217 2022 5285 Opinio

449 5299 578 5363 fert,
638 5302 1052 5370 comprehensio
1103 5302 1348 5372 quaedam
1399 5311 1484 5358 est
1534 5307 1777 5360 omnium
1831 5322 2019 5362 earum

451 5405 633 5444 rerum
660 5407 781 5460 quae
815 5392 1033 5447 nomine
1069 5393 1196 5446 boni
1239 5393 1641 5463 intelliguntur:
1677 5411 1707 5449 a
1746 5413 1854 5467 qua
1884 5399 2020 5453 nihil

451 5480 606 5536 abest
643 5495 830 5535 eorum
862 5497 980 5550 qua:
1005 5483 1275 5552 pertinent
1307 5483 1371 5537 ad
1399 5484 1662 5540 bonorum
1694 5487 2018 5544 desiderium

519 5656 568 5692 ⁸⁸
608 5657 708 5712 Isa.
750 5675 783 5710 ιι
854 5659 906 5711 5.
982 5659 1026 5688 ⁸’
1069 5657 1175 5711 Isa.
1219 5674 1380 5721 uxr,
1413 5659 1466 5712 4.

2133 4584 2294 4647 ποιεῖ,
2324 4582 2419 4635 καὶ
2450 4583 2582 4636 πᾶσι
2630 4585 2744 4645 τοῖς
2789 4582 3076 4652 βλέπουσιν
3106 4577 3295 4632 ἑαυτὸν
3321 4578 3591 4650 μερίζων,
3625 4577 3714 4631 καὶ

2130 4672 2251 4736 ὅλος
2287 4673 2504 4744 ἑκάστῳ
2544 4675 2998 4746 παραγινόμενος.
3031 4672 3184 4724 Ἐπεὶ
3216 4666 3310 4723 οὖν
3354 4671 3471 4722 ἴσον
3503 4672 3714 4739 ἑκάστῳ

2128 4763 2272 4816 τὸέκ
2301 4763 2395 4816 τοῦ
2428 4765 2592 4818 πόνου
2623 4763 2815 4835 κέρδος
2837 4759 3240 4830 ἐλπίζεται,ῐση
3275 4759 3523 4827 γενέσθω
3554 4764 3716 4813 πᾶσιν

2129 4851 2217 4905 διὰ
2242 4851 2348 4904 τῶν
2381 4853 2554 4923 εὐχῶν
2580 4853 2717 4925 πρὸς
2736 4851 3142 4923 τὸζητούμενον
3168 4852 3302 4920 ἡμῖν
3323 4852 3358 4919 ἡ
3396 4851 3713 4921 συνέργεια.

2131 4943 2352 5013 Πρῶτον
2399 4945 2498 5014 μὲν
2525 4941 2618 4999 οὖν
2657 4945 2820 4998 αὐτόν
2854 4961 2998 5012 φημι
3043 4940 3152 5009 ἐγὼ
3179 4942 3290 4995 δεῖν
3333 4942 3427 4994 τὸν
3470 4960 3716 5013 μακαρι-

2127 5034 2395 5104 σμὸν,ὅτί
2422 5037 2551 5089 ποτέ
2580 5037 2750 5102 ἐστιν,
2772 5036 3041 5104 ἐννοῆσαι.
3067 5032 3428 5102 Μακαριὸτης
3465 5034 3555 5095 τίς
3582 5038 3713 5087 ἐστι.

2125 5125 2268 5178 κατά
2295 5141 2359 5192 γε
2387 5125 2478 5179 τὸν
2503 5127 2633 5196 ἐμὸν
2662 5126 2838 5194 λόγον,
2863 5123 3151 5196 περίληψις
3184 5125 3402 5175 πάντων
3430 5123 3547 5175 τῶν
3581 5129 3715 5176 κατὰ

2122 5218 2182 5271 τὸ
2227 5217 2430 5286 ἀγαθὸν
2467 5217 2803 5288 νοουμένωνο
2843 5213 2910 5290 ἦς
2959 5217 3154 5269 ἄπεστι
3203 5212 3311 5264 τῶν
3358 5215 3438 5275 είς
3503 5216 3715 5282 ἀγαθὴν

2124 5305 2420 5377 ἐπιθυμίαν
2452 5309 2692 5378 ἡκόντων
2725 5308 2899 5361 οὐδέν,
2937 5307 3147 5359 Γένοιτο
3177 5305 3219 5355 δ’
3262 5303 3327 5356 ἂν
3357 5305 3496 5374 ἡμῖν
3534 5309 3630 5358 καὶ
3657 5308 3713 5356 ἐκ

2127 5399 2226 5469 τῆς
2254 5399 2350 5452 τοῦ
2397 5400 2640 5454 ἐναντίου
2690 5400 3044 5470 παραθέσεως
3085 5394 3516 5466 γνωριμώτερον
3550 5396 3614 5450 τὸ
3655 5399 3714 5448 ὲκ

2127 5491 2219 5545 τοῦ
2259 5492 2612 5564 μακαρισμοῦ
2664 5492 3096 5564 σημαινόμενον
3126 5487 3369 5542 ἐναντίον
3402 5487 3460 5541 δὲ
3496 5488 3578 5562 τῷ
3615 5506 3714 5561 μα·
