3844 6224
81 362 108 412 ί
131 354 228 411 ῘΩἹ

1169 357 1253 412 DE
1293 353 1892 410 BEATlTUDlNIBUS.
1914 355 2169 412 ORATIO
2197 357 2237 414 1.

3203 349 3340 404 H98

78 472 267 542 καρίῳ
297 473 355 525 τὸ
382 474 582 528 ἄθλιον.
633 473 910 544 Ἀθλιότης
961 467 1054 526 οὖν
1088 473 1256 535 ἐστιν,
1291 475 1324 542 ἡ
1356 474 1412 525 ὲν
1441 474 1553 536 τοῖς
1576 471 1670 522 λυ-

1777 485 1934 544 atque
1957 476 2328 544 cupiditatem.
2365 474 2572 531 Poterit
2609 484 2788 530 autem
2822 474 2980 530 nobis
3015 489 3082 530 ex
3117 487 3340 544 compa-

81 569 288 636 πηροῖς
329 584 384 618 τε
433 567 527 620 καὶ
559 567 876 637 ἀϐουλήτοις
917 566 1113 620 πάθεσι
1157 565 1522 636 ταλαιπωρία.
1554 565 1668 617 Με-

83 659 345 730 μέριαται
373 659 430 712 δὲ
479 662 542 712 ὲκ
591 659 685 711 τοῦ
721 659 960 712 ἐναντίου
997 661 1030 728 ἡ
1061 660 1146 728 ἐφ’
1171 658 1430 728 ἐκατέρου
1471 655 1578 708 τῶν
1612 657 1669 708 ὲν

81 751 274 813 αὑτοῖς
294 750 594 820 γινομένων
615 750 872 814 διάθεσις.
911 749 1173 820 ’Υπάρχει
1197 747 1304 818 γὰρ
1327 747 1406 816 τῷ
1439 745 1535 816 μὲν
1567 761 1671 814 μα-

81 840 437 911 καριζομένῳ
467 839 530 892 τὸ
578 839 960 910 εὐφραίνεσθαι
1008 841 1120 902 τοῖς
1171 836 1549 908 προκειμένοις
1589 835 1670 896 είς

82 934 396 985 ἀπόλαυσιν
441 932 588 1002 αὑτῷ
633 934 726 986 καὶ
776 931 1102 1001 ἀγάλλεσθαι
1133 948 1146 961 ³
1186 931 1265 1001 τῷ
1299 930 1354 982 δὲ
1387 927 1668 991 ταλανιζο-

85 1023 240 1094 μένῳ
260 1021 320 1077 τὸ
347 1023 596 1076 ἀνιᾶσθαι
615 1027 726 1086 τοῖς
742 1023 1006 1095 παροῦσιν
1032 1021 1180 1092 αὐτῷ
1204 1023 1296 1074 καὶ
1317 1019 1664 1088 ἀλγύνεσθαι.

81 1113 164 1164 Τὸ
195 1115 296 1182 μὲν
328 1108 418 1166 οὖν
449 1112 782 1182 μακαριστὸν
816 1111 1046 1182 ἀληθῶς,
1070 1111 1202 1165 αὑτὸ
1233 1111 1291 1162 τὸ
1315 1107 1466 1162 Θεῖόν
1497 1111 1664 1161 ἐστιν.

85 1207 160 1256 ’⁸0
185 1205 240 1256 τί
284 1221 414 1256 ποτε
453 1203 560 1274 γὰρ
589 1204 722 1258 αὑτὸ
771 1201 908 1257 εἶναι
944 1202 1292 1273 ὑποθώμεθα,
1329 1201 1666 1273 μακαριότης

81 1295 237 1347 ἐστὶν
287 1297 320 1364 ἡ
373 1297 643 1365 ἀκήρατος
690 1296 872 1365 ἐκείνη
917 1293 1050 1366 ζωὴ,
1099 1295 1160 1347 τὸ
1209 1295 1443 1366 ἄρρητον
1483 1311 1543 1345 τε
1577 1292 1670 1344 καὶ

81 1387 458 1457 ἁκατανόητον
493 1385 718 1454 ἀγαθὸν,
742 1387 801 1438 τὸ
831 1387 1204 1458 ἁνέκφραστον
1225 1385 1434 1446 κάλλος,
1457 1387 1490 1454 ἡ
1519 1385 1669 1437 αὑτο-

81 1481 270 1550 χάρις,
307 1480 398 1532 καὶ
434 1481 626 1548 σοφία,
659 1481 752 1533 καὶ
803 1480 1064 1550 δύναμις·
1096 1481 1156 1533 τὸ
1212 1479 1464 1549 ἀληθινὸν
1515 1478 1662 1548 φῶς·

81 1573 118 1638 ἡ
153 1569 306 1640 πηγὴ
356 1572 536 1640 πάσης
563 1570 894 1640 ἀγαθότητος
918 1587 930 1600 ·
955 1571 988 1640 ἡ
1014 1569 1379 1640 ὑπερκειμένη
1409 1568 1502 1622 τοῦ
1535 1585 1670 1620 παν-

78 1663 178 1726 τὸς
201 1661 420 1726 ἐξουσία
446 1677 459 1692 ·
477 1663 539 1715 τὸ
563 1663 720 1731 μόνον
749 1663 1031 1734 ἐράσμιον,
1059 1663 1118 1714 τὸ
1140 1663 1224 1715 ἀεὶ⁹
1242 1661 1500 1724 ὡσαύτως
1520 1661 1662 1732 ἕχον.

77 1751 148 1802 τὸ
183 1750 430 1820 διηνεκὲς
459 1750 768 1820 ἀγαλλίαμα
792 1765 806 1779 ·
828 1751 860 1820 ἡ
901 1751 1065 1813 ἀΐδιος
1087 1751 1390 1822 εὐφροσύνη
1410 1769 1424 1783 ο
1450 1751 1574 1821 περὶ
1597 1746 1666 1820 ἧς

83 1843 270 1894 πάντα
305 1859 389 1904 τις
420 1841 455 1895 ἃ
504 1840 728 1895 δύναται
758 1842 934 1910 λέγων
957 1881 972 1906 ,
1003 1842 1150 1909 λέγει
1199 1842 1308 1894 τῶν
1357 1843 1474 1894 κατ’
1507 1841 1662 1905 ἀξίαν
1696 1824 1738 1878 Β

79 1931 262 1986 οὐδέν.
295 1930 433 1984 οὔτε
485 1931 594 2004 γάρ
630 1935 664 2004 ἡ
707 1932 932 1986 διάνοια.
961 1931 1294 1985 καθικνεῖται
1331 1931 1425 1984 τοῦ
1473 1931 1626 1994 ὄντος
1651 1969 1667 1996 ,

79 2023 190 2077 κάν
227 2042 281 2077 τι
315 2024 442 2096 περὶ
476 2003 638 2077 αὑτοῦ
654 2003 771 2076 τῶν
804 2023 1149 2095 ὑψηλοτέρων
1187 2024 1374 2092 νοῆσαι
1412 2025 1672 2093 χωρήσω-

83 2131 211 2184 μεν,
250 2115 424 2168 οὐδενὶ
455 2115 600 2184 λόγῳ
625 2113 686 2166 τὸ
713 2113 906 2184 νοηθὲν
933 2113 1333 2182 ἐξαγγέλλεται.
1378 2111 1534 2166 Ἐπεὶ
1564 2111 1622 2165 δὲ
1642 2114 1670 2164 6

84 2207 306 2270 πλάσας
352 2206 442 2258 τὸν
488 2205 808 2278 ἄνθρωπον,
845 2206 966 2258 κατ’
1019 2204 1202 2258 εἰκόνα
1243 2203 1379 2256 Θεοῦ
1415 2204 1670 2274 ἐποίησεν

79 2299 286 2356 αὐτόν·
327 2298 595 2367 δευτέρως
624 2298 689 2351 ἂν
721 2295 806 2368 εἴη
845 2296 1180 2368 μακαριστὸν
1209 2295 1271 2347 τὸ
1308 2293 1446 2348 κατά
1482 2312 1672 2365 μετου-

81 2391 210 2445 σίαν
243 2391 342 2462 τῆς
381 2391 549 2453 ὅντως
595 2388 992 2460 μακαριότητος
1035 2387 1093 2441 ἐν
1133 2387 1208 2458 τῷ
1245 2387 1469 2458 ὀνόματι
1502 2386 1671 2454 τούτῳ

83 2483 396 2550 γινόμενον.
417 2481 628 2550 Ὥσπερ
650 2479 758 2550 γὰρ
774 2477 866 2530 ἐπὶ
882 2478 978 2548 τῆς
1011 2477 1328 2547 σωματικῆς
1344 2478 1401 2529 εὑ
1411 2477 1672 2548 μορφίας,

80 2575 148 2627 τὸ
179 2574 284 2643 μὲν
330 2572 684 2643 πρωτότυπον
733 2571 926 2632 κάλλος
965 2571 1022 2622 ἐν
1062 2568 1140 2640 τῷ
1188 2569 1350 2633 ζῶντι
1394 2565 1670 2639 προσώπῳ

85 2664 208 2716 ἐστὶ
262 2663 356 2716 καὶ
409 2661 712 2732 ὑφεστῶτι,
761 2659 1063 2732 δευτερεύει
1091 2659 1148 2713 δὲ
1195 2657 1386 2712 τούτου
1430 2657 1489 2711 τὸ
1531 2659 1673 2711 κατὰ

91 2755 329 2825 μίμησιν
375 2755 468 2806 ἐπὶ
499 2755 598 2826 τῆς
643 2755 852 2816 εἰκόνος
883 2752 1231 2823 δεικνύμενον
1263 2767 1277 2782 ·
1309 2751 1483 2814 οὕτως
1513 2751 1608 2804 καὶ
1637 2749 1670 2822 ἡ

85 2845 407 2916 ἀνθρωπίνη
435 2845 596 2914 φύσις
614 2885 628 2904 ,
655 2845 818 2900 εἰκὼν
844 2839 978 2898 οὖσα
1001 2843 1102 2914 τῆς
1139 2842 1539 2915 ὑπερκειμένης
1570 2859 1674 2912 μα-

85 2937 437 3008 καριότητος,
465 2938 557 2990 καὶ
581 2936 716 3007 αὑτὴ
741 2935 818 3006 τῷ
844 2935 1034 3006 ἀγαθῷ
1057 2935 1242 2989 κάλλει
1271 2932 1670 3005 χαρακτηρίζε-

83 3046 200 3091 ται,
239 3029 367 3082 ὅταν
414 3029 498 3095 ἐφ’
547 3030 743 3100 ἑαυτῆς
791 3027 1023 3080 δεικνύει
1077 3028 1175 3092 τὰς
1223 3028 1330 3079 τῶν
1388 3025 1672 3097 μακαρίων

86 3119 459 3190 χαρακτήρων
506 3119 788 3188 ἐμφάσεις.
835 3117 974 3170 Ἀλλ’
1009 3117 1196 3188 ἐπειδὴ
1221 3120 1248 3170 ὁ
1270 3117 1369 3186 τῆς
1397 3117 1672 3188 ἁμαρτίας

87 3205 266 3280 ῥύπος
287 3209 352 3262 τὸ
377 3210 470 3262 ἐπὶ
521 3210 723 3272 εἰκόνος
746 3208 938 3271 κάλλος
967 3207 1264 3279 ἡχρείωσεν
1282 3225 1294 3238 ⁸
1327 3204 1488 3278 ἦλθεν
1523 3209 1551 3260 6
1581 3209 1674 3260 ὲκ-

89 3303 300 3354 νίπτων
347 3302 494 3371 ἡμᾶς
526 3300 605 3371 τῷ
633 3300 748 3370 ίδίῳ
782 3300 934 3354 ὕδατι
955 3343 968 3365 ,
997 3299 1076 3370 τῷ
1105 3299 1264 3363 ζῶντί
1304 3317 1362 3351 τε
1399 3299 1492 3352 καὶ
1523 3298 1676 3351 ἁλλο-

91 3393 242 3462 μένῳ
282 3393 362 3454 είς
392 3390 538 3461 ζωὴν
573 3389 806 3452 αἰώνιον,
840 3389 980 3443 ὥστε
1031 3389 1178 3460 ἡμᾶς
1215 3387 1580 3458 ἀποθεμένους
1617 3387 1676 3441 τὸ

89 3481 152 3547 ἐξ
180 3483 460 3552 άμαρτίας
492 3477 698 3552 αἶσχος,
738 3481 898 3534 πάλιν
938 3480 1077 3534 κατά
1107 3480 1204 3538 τὴν
1237 3477 1512 3550 μακαρίαν
1545 3481 1676 3532 ἀνα-

95 3573 444 3644 καινισθῆναι
481 3575 714 3644 μορφήν.
751 3573 862 3626 Καὶ
910 3565 1160 3641 καθάπερ
1195 3566 1287 3623 ἐπὶ
1323 3571 1422 3640 τῆς
1461 3569 1676 3640 ζωγρα-

93 3667 268 3740 φικῆς
287 3666 484 3736 τέχνης
507 3668 650 3720 εἴποι
678 3665 742 3718 ἄν
771 3683 852 3728 τις
889 3665 1026 3736 πρὸς
1058 3664 1183 3727 τοὺς
1217 3664 1474 3735 ἀπείρους
1498 3665 1526 3715 6
1555 3664 1677 3714 ἐπι-

92 3763 360 3832 στήμων,
395 3761 569 3811 έκεῖνο
623 3757 786 3810 καλὸν
839 3752 978 3810 εἶναι
1029 3756 1091 3809 τὸ
1136 3755 1466 3827 πρόσωπον,
1501 3747 1562 3806 τὸ
1612 3755 1676 3806 ἐκ

93 3851 316 3906 τοιῶνδε
359 3851 466 3902 τῶν
513 3848 608 3902 τοῦ
652 3848 902 3918 σώματος
961 3846 1164 3920 μορίων
1217 3847 1602 3915 συγκείμενον·

93 3945 244 4014 κόμη
281 3960 340 3994 τε
375 3941 584 4000 τοιάδε,
617 3940 710 3992 καὶ
755 3936 1049 4008 ὀφθαλμῶν
1079 3937 1287 4000 κύκλοι,
1323 3937 1415 3988 καὶ
1458 3933 1676 4006 ὀφρύων

95 4031 458 4106 περιγραφαὶ,
483 4031 576 4084 καὶ
603 4031 842 4100 παρειῶν
881 4031 1048 4092 θέσις,
1081 4030 1175 4082 καὶ
1203 4027 1272 4080 τὰ
1304 4027 1424 4080 καθ’
1447 4027 1676 4082 ἕκαστον

95 4127 280 4180 πάντα
309 4125 376 4177 δι’
407 4117 482 4176 ὧν
529 4121 941 4192 συμπληροῦται
969 4121 1004 4191 ὴ
1037 4119 1309 4190 εὐμορφία
1333 4135 1346 4148 ·
1375 4118 1546 4183 οὕτως
1583 4119 1677 4171 καὶ¹

97 4221 126 4270 6
143 4217 244 4284 τὴν
267 4215 538 4284 ἡμετέραν
565 4212 701 4282 πρὸς
723 4211 820 4282 τὴν
845 4210 936 4264 τοῦ
963 4209 1124 4280 μόνου
1153 4209 1420 4280 μακαρίου
1448 4209 1677 4278 μίμησιν

93 4301 512 4373 ἀναζωγραφῶν
559 4301 704 4370 ψυχὴ
727 4342 740 4364 ,
775 4300 843 4354 τὰ
881 4299 1001 4352 καθ’
1042 4297 1270 4352 ἕκαστον
1315 4298 1420 4352 τῶν
1459 4301 1536 4363 εἰς
1575 4318 1676 4370 μα-

95 4393 368 4464 καρισμὸν
409 4391 789 4446 συντεινόντων
811 4431 826 4455 ,
885 4387 1189 4462 ὑπογράφει
1237 4389 1314 4461 τῷ
1363 4391 1534 4461 λόγῳ,
1586 4391 1679 4444 καί

1775 565 1984 620 ratione
2010 565 2269 620 contrarii
2317 567 2530 636 planius
2569 568 2682 622 ﬁeri
2747 568 2876 637 quid
2913 582 3008 637 per
3043 568 3340 623 beatitudi-

1773 671 1897 709 nem
1943 657 2313 728 signiﬁcetur;
2357 660 2634 714 contraria
2667 667 2844 714 autem
2880 660 3204 716 beatitudini
3235 661 3340 716 mi-

1773 749 1916 802 seria
1951 757 2056 804 est.
2087 749 2305 806 Miseria
2331 752 2496 821 igitur
2523 760 2608 805 est
2635 752 2690 806 in
2733 753 2946 808 acerbis
2998 768 3062 806 ac
3089 753 3342 809 tristibus

1773 847 2074 911 nostraque
2121 843 2401 898 voluntate
2443 859 2554 898 non
2612 844 2989 901 accidentibus
3033 845 3256 904 casibus
3289 854 3346 900 et

1771 932 2176 988 calamitatibus
2213 949 2476 988 :erumna.
2522 933 2750 990 Aﬂ‘ectio
2789 936 2916 991 item
2979 951 3171 992 eorum
3217 951 3344 1008 quae

1771 1024 1825 1077 in
1862 1025 1995 1094 ipsis
2031 1027 2186 1091 ﬁunt,
2253 1028 2308 1082 in
2357 1035 2592 1097 utroque
2639 1029 2692 1081 in
2737 1029 3072 1084 contrarium
3105 1029 3340 1086 deducta

1771 1121 1934 1182 atque
1967 1115 2140 1172 divisa
2178 1125 2280 1172 est.
2313 1115 2444 1172 Nam
2471 1119 2520 1173 ei
2575 1120 2666 1191 qui
2695 1120 2914 1188 quidem
2945 1121 3137 1178 beatus
3167 1123 3340 1178 habe-

1771 1207 1881 1264 tur,
1940 1202 2011 1256 ob
2051 1219 2138 1258 res
2177 1205 2244 1258 ad
2297 1204 2580 1260 fruendum
2637 1208 2741 1262 sibi
2793 1211 3100 1278 propositas
3144 1211 3339 1276 laetari,

1772 1288 1872 1342 sibi
1907 1291 2121 1358 placere
2158 1301 2212 1346 et
2247 1294 2522 1348 exsultare
2555 1293 2722 1360 licet;
2763 1297 2812 1348 ei
2863 1310 2992 1350 vero
3039 1297 3130 1366 qui
3173 1299 3342 1352 miser

1770 1379 2134 1447 existimatur,
2166 1383 2328 1438 rebus
2367 1385 2468 1438 sibi
2498 1385 2860 1451 praesentibus
2900 1388 3024 1457 angi
3057 1396 3222 1459 atque
3247 1388 3342 1444 do:-

1769 1471 1882 1527 lere
1920 1473 2205 1544 contingit.
2243 1474 2416 1530 Porro
2455 1478 2600 1546 quod
2633 1493 2759 1534 vere
2787 1479 3004 1533 beatum
3029 1477 3338 1536 habendum

1769 1561 1858 1626 sit,
1908 1561 2084 1632 ipsum
2137 1565 2380 1620 divinum
2422 1583 2622 1622 numen
2663 1577 2766 1624 est.
2801 1568 2936 1622 Nam
2986 1570 3250 1640 quidquid
3283 1571 3340 1626 id

1767 1655 1983 1710 tandem
2013 1673 2135 1712 esse
2166 1673 2466 1728 ponamus,
2510 1659 2786 1716 beatitudo
2817 1669 2902 1716 cst
2933 1663 3022 1716 illa
3058 1661 3342 1718 immorta-

1771 1747 1838 1802 lis
1872 1755 1926 1802 et
1957 1747 2272 1817 incorrupta
2312 1751 2442 1816 vita,
2484 1751 2754 1808 ineffabile
2775 1754 2979 1824 pariter
3009 1761 3064 1810 et
3097 1755 3335 1810 inanim-

1769 1838 2092 1896 adversibile
2145 1849 2310 1912 atque
2361 1843 2778 1912 inexcogitabile
2819 1846 3045 1909 bonum,
3115 1847 3338 1902 inenar—

1771 1928 1958 2008 rabilis
1991 1930 2498 2002 inexplicabilisque
2530 1933 2904 2003 pulchritudo,
2937 1950 2966 1988 a
3001 1935 3179 2005 seipsa
3213 1952 3342 2008 prot-

1773 2003 1932 2078 l'ecta,
1969 2035 1998 2072 a
2031 2020 2210 2090 seipsa
2241 2021 2386 2084 data,
2417 2029 2472 2076 et
2508 2022 2702 2092 gratia,
2733 2029 2787 2076 et
2828 2003 3116 2093 sapientia,
3154 2003 3346 2096 et-po-

1771 2109 1960 2171 tentia,
2009 2124 2135 2164 vera
2171 2111 2284 2176 lux,
2337 2110 2460 2167 fons
2493 2113 2674 2168 omnis
2700 2115 2979 2181 bonitatis,
3019 2118 3183 2172 rebus
3221 2120 3344 2173 uni-

1772 2201 1946 2254 versis
1999 2201 2296 2268 prmsidens
2347 2218 2410 2256 ac
2445 2203 2868 2276 superimposita
2918 2217 3181 2276 potestas,
3223 2211 3342 2264 sola

1772 2288 2042 2354 amabilis,
2079 2307 2294 2362 semper
2325 2293 2512 2348 eodem
2541 2295 2702 2350 modo
2744 2313 2864 2352 sese
2891 2298 3117 2365 habens,
3149 2317 3343 2372 perpe-

1773 2389 1860 2434 tua
1902 2383 2216 2449 exsultatio,
2271 2387 2604 2456 sempiterna
2651 2388 2858 2456 laetitia,
2909 2390 2977 2448 de
3001 2408 3108 2462 qua
3141 2395 3186 2448 si
3216 2396 3342 2464 quis

1771 2474 1916 2528 dicat
1951 2476 2130 2529 omnia
2165 2491 2286 2546 quae.
2317 2478 2511 2547 possit,
2541 2480 2676 2534 nihil
2705 2482 2838 2536 dicit
2863 2497 3054 2538 eorum
3112 2503 3234 2557 quae
3263 2489 3342 2542 rei

1771 2564 2010 2632 dignitas
2043 2567 2283 2636 postulat
2317 2574 2480 2638 atque
2518 2571 2767 2639 requirit.
2799 2571 2988 2642 Neque
3011 2575 3156 2630 enim
3189 2577 3346 2632 intel-

1773 2655 1992 2724 ligentia
2039 2659 2348 2728 mentisque
2401 2669 2456 2716 et
2503 2664 2706 2734 ingenii
2746 2665 2972 2732 agitatio
3019 2666 3240 2737 attingit
3287 2677 3346 2724 et

1773 2747 2088 2815 assequitur
2115 2749 2168 2802 id
2194 2749 2339 2818 quod
2367 2761 2474 2814 est,
2507 2761 2670 2822 atque
2705 2756 2866 2808 etiam
2907 2755 2952 2810 si
2989 2756 3120 2824 quid
3151 2756 3218 2811 de
3251 2759 3346 2812 illo

1771 2835 1916 2892 bono
1955 2837 2039 2892 vel
2077 2839 2368 2918 sublimius
2397 2850 2451 2897 et
2481 2843 2648 2898 altius
2679 2845 2918 2914 cogitare
2945 2852 3000 2900 et
3045 2845 3348 2918 intelligere

1773 2927 2070 2993 valeamus,
2123 2917 2272 2983 nulla
2319 2939 2502 2986 tamen
2553 2934 2766 2988 ratione
2793 2933 2876 2988 vel
2909 2935 3160 2992 oratione
3199 2917 3346 3008 quod

1773 3021 2043 3088 cogitatur
2081 3027 2136 3074 et
2173 3017 2496 3092 intelligitur
2553 3025 2890 3082 enuntiatur.
2931 3027 3198 3093 Quoniam
3244 3045 3347 3084 au-

1780 3117 1884 3163 tem
1931 3111 1978 3166 is
2017 3111 2109 3180 qui
2165 3113 2319 3167 ﬁnxit
2355 3114 2651 3180 hominem,
2705 3118 3004 3172 secundum
3053 3121 3346 3190 imaginem

1729 3197 1743 3264 _‘
1781 3197 1876 3253 Dei
1915 3198 2043 3254 fecit
2080 3215 2202 3255 eum
2227 3240 2244 3264 ,
2281 3197 2523 3258 secundo
2569 3205 2687 3260 loco
2731 3209 2947 3261 beatum
2988 3209 3346 3277 judicandum

1781 3287 1942 3344 fuerit
1971 3290 2024 3344 id
2065 3291 2211 3361 quod
2241 3309 2336 3362 per
2364 3296 2912 3352 communicationem
2958 3307 3012 3353 et
3055 3302 3351 3373 participa-

1777 3381 1978 3436 tionem
2006 3382 2126 3451 ejus
2155 3399 2274 3453 quae
2303 3400 2428 3440 vere
2479 3387 2712 3442 beatitas
2737 3399 2838 3450 est,
2871 3388 2974 3444 hoc
3009 3391 3228 3448 nomine
3253 3408 3352 3464 ap-

1779 3473 2028 3540 pellatur.
2057 3469 2522 3540 Quemadmodum
2545 3480 2687 3532 enim
2716 3481 2768 3533 in
2799 3483 3074 3550 praestanti
3101 3487 3351 3555 corporis

1781 3559 1976 3622 forma,
2003 3563 2324 3632 principalis
2353 3561 2569 3634 quidem
2609 3581 2674 3620 ac
2704 3569 2963 3638 primaria
2997 3573 3351 3642 pulchritudo

1781 3651 1834 3706 in
1862 3654 2060 3708 viventi
2092 3671 2326 3725 vereque
2367 3658 2690 3713 subsistenti
2723 3659 2860 3717 facie
2891 3671 3010 3730 est,
3047 3667 3348 3722 secundum

1779 3759 1909 3796 vero
1941 3745 2120 3799 locum
2154 3747 2222 3802 ab
2253 3748 2354 3800 hac
2384 3749 2592 3806 obtinet
2622 3752 2674 3806 id
2727 3755 2868 3822 quod
2899 3757 2968 3812 ad
2989 3755 3350 3816 imitationem

1780 3835 1900 3906 ejus
1950 3831 2002 3892 in
2045 3838 2280 3910 imagine
2328 3849 2492 3912 atque
2545 3843 2841 3901 simulacro
2887 3850 3232 3909 ostenditur:
3275 3853 3350 3906 ita

1781 3935 1974 3982 natura
2011 3945 2228 4000 quoque
2267 3933 2528 3996 humana,
2569 3951 2693 4006 quae
2723 3946 2808 3992 est
2842 3937 3044 4011 eﬁigies
3081 3951 3135 3997 et
3171 3945 3351 4016 imago

1783 4035 2031 4089 supernae
2072 4021 2450 4088 beatitudinis,
2493 4027 2658 4082 etiam
2709 4029 2824 4098 ipsa
2859 4031 3001 4086 bona
3039 4035 3352 4104 pulchritu-

1782 4113 1908 4167 dine
1936 4107 2275 4180 designatur,
2318 4130 2440 4169 cum
2483 4117 2536 4171 in
2569 4133 2690 4175 sese
2725 4119 3008 4178 beatorum
3049 4125 3354 4181 ostenderit

1783 4205 2074 4276 insignium
2107 4207 2534 4277 signiﬁcationes
2571 4218 2626 4266 et
2654 4215 3186 4282 repratsentationes.
3241 4219 3351 4272 Sed

1783 4297 1910 4365 quia
1943 4299 2150 4366 peccati
2190 4299 2382 4356 sordes
2411 4300 2876 4370 pulchritudinem
2917 4301 3172 4375 imaginis
3199 4308 3350 4364 labe.

1784 4385 2060 4442 far-tarum
2087 4395 2141 4442 et
2167 4389 2410 4446 inutilem
2459 4391 2829 4458 reddiderunt,
2859 4395 3004 4451 venit
3033 4398 3080 4452 is
3114 4399 3207 4468 qui
3249 4415 3354 4455 nos

97 4501 264 4554 φησιν
288 4484 346 4535 ἐν
375 4481 628 4554 πρώτοις·
656 4477 943 4550 Μακάριοι
971 4485 1022 4536 οἱ
1038 4481 1256 4550 πτωχοὶ
1274 4480 1352 4546 τῷ
1372 4483 1673 4551 πνεύματι,

1785 4481 1992 4534 clueret
2022 4495 2120 4534 sua
2152 4497 2314 4551 aqua,
2349 4484 2553 4537 viventi
2593 4486 2796 4553 pariter
2826 4501 2889 4540 ac
2933 4488 3152 4544 salienti
3185 4490 3240 4545 in
3269 4492 3356 4545 vi-

104 4577 193 4628 ὅτι
229 4571 430 4627 αὐτῶν
467 4573 634 4626 ἐστιν
662 4571 701 4639 ἡ
727 4573 1016 4636 ,βασιλεία
1051 4571 1170 4626 τῶν
1195 4567 1484 4638 οὐρανῶν.

1792 4583 1900 4626 tam
1930 4581 2212 4635 aeternam.
2246 4582 2325 4638 ut,
2365 4571 2612 4644 deposita
2662 4577 2995 4647 turpitudine
3023 4595 3092 4636 ex
3127 4591 3355 4652 peccato

99 4675 404 4728 contracta,
433 4669 500 4720 ad
531 4667 744 4720 beatam
773 4665 1003 4720 formam
1034 4680 1378 4720 renovemur.
1427 4665 1506 4718 Ac
1539 4663 1994 4734 quemadmodum
2036 4666 2089 4718 in
2156 4674 2272 4720 arte.
2333 4667 2590 4738 pingendi
2640 4669 2688 4723 si
2736 4671 2861 4739 quis
2909 4671 3030 4741 ejus
3095 4674 3177 4728 rei
3241 4689 3356 4730 non

97 4765 326 4832 ignarus
377 4761 560 4824 fuerit,
619 4763 686 4816 ad
723 4761 1004 4832 imperitos
1035 4757 1216 4816 dicere
1265 4761 1460 4830 possit,
1517 4761 1663 4814 illam
1703 4761 1986 4830 pulchram
2019 4775 2144 4815 esse
2178 4761 2394 4826 faciem,
2425 4777 2546 4830 qua:
2567 4777 2632 4816 ex
2663 4764 2868 4820 talibus
2928 4767 3178 4836 corporis
3235 4781 3357 4838 par-

101 4859 247 4912 tibus
273 4865 510 4923 constet,
556 4857 646 4910 cui
677 4865 730 4910 et
769 4856 998 4926 capillus
1029 4856 1178 4920 talis,
1236 4865 1290 4910 et
1358 4855 1640 4910 oculorum
1719 4856 1902 4920 orbes,
1954 4863 2009 4910 et
2057 4855 2476 4924 superciliorum
2525 4857 2945 4929 descriptiones,
2984 4869 3038 4916 et
3090 4877 3354 4932 genarum

103 4953 424 5020 positiones,
455 4959 510 5006 et
542 4951 855 5022 singulatim
887 4951 1068 5004 omnia
1099 4951 1300 5020 quibus
1334 4949 1522 5005 formae
1551 4951 1863 5020 praestantia
1899 4953 2226 5020 completur,
2290 4951 2494 5012 adsint.
2541 4953 2728 5008 eodem
2781 4955 2942 5010 modo
3009 4957 3056 5012 is
3129 4959 3222 5028 qui
3289 4959 3358 5014 ad

102 5045 464 5098 imitationem
501 5044 642 5112 ejus,
685 5043 826 5113 quod
860 5043 1035 5098 solum
1061 5043 1278 5097 beatum
1313 5050 1418 5106 est,
1480 5044 1715 5098 animam
1774 5055 2016 5098 nostram
2049 5044 2206 5113 quasi
2259 5043 2528 5114 pingendo
2562 5047 2939 5110 reconcinnat,
2982 5050 3198 5120 singula
3237 5067 3360 5122 qua:

103 5143 414 5210 pertineant
449 5139 514 5194 ad
557 5140 948 5194 beatitudinem
1004 5154 1256 5194 sermone
1303 5139 1586 5202 describit,
1625 5147 1680 5194 et
1718 5141 1792 5192 ait
1823 5141 1876 5194 in
1905 5141 2118 5210 primis,
2145 5139 2293 5192 Beati
2319 5155 2568 5209 pauperes
2596 5141 2804 5209 spiritu,
2867 5143 3117 5214 quoniam
3177 5159 3361 5199 eorum

101 5245 176 5288 est
205 5251 426 5304 regnum
454 5233 724 5288 caelorum.

159 5325 326 5378 Ἀλλά
348 5323 400 5376 τί
422 5324 610 5394 κέρδος
633 5326 697 5377 ἐκ
722 5324 819 5394 τῆς
845 5323 1256 5394 μεγαλοδωρεῶς
1279 5319 1584 5390 γενήσεται,
1608 5320 1684 5391 μὴ

102 5413 508 5487 φανερωθείσης
541 5417 668 5485 ἡμῖν
692 5414 790 5484 τῆς
807 5407 1128 5483 ἐγκειμένης
1155 5411 1388 5474 διανοίας
1407 5409 1485 5480 τῷ
1511 5409 1682 5480 λόγῳς

101 5509 212 5560 Καὶ
236 5507 345 5577 γὰρ
375 5507 466 5560 ἐπὶ
483 5507 580 5576 τῆς
611 5505 881 5576 ἰατρικῆς,
911 5505 1080 5558 πολλὰ.
1100 5503 1206 5556 τῶν
1225 5502 1418 5572 τιμίων
1447 5501 1538 5554 καὶ
1557 5501 1686 5554 δυσ-

105 5601 378 5668 πορίστων
413 5599 718 5668 φαρμάκων
749 5595 997 5667 ἄχρηστα
1023 5589 1134 5658 τοῖς
1165 5593 1415 5662 ἀγνοοῦσι
1445 5593 1538 5646 καὶ
1561 5592 1683 5646 ἀνόδ-

105 5707 238 5757 ιιητα
266 5689 437 5759 μένει,
461 5689 564 5752 ἓως
595 5688 660 5741 ἂν
691 5689 771 5751 είς
799 5688 828 5740 ὃ
864 5705 916 5739 τι
938 5687 1202 5758 χρήσιμον
1232 5685 1460 5738 ἕκαστον
1481 5684 1685 5737 τούτων

107 5779 253 5834 iactv
287 5777 438 5850 παρά
477 5777 574 5847 τῆς
622 5777 817 5848 τέχνης
869 5775 1206 5847 ἀκούσωμεν.
1252 5775 1316 5828 Τί
1347 5771 1442 5828 οὖν
1475 5777 1588 5829 ἐστι
1621 5773 1682 5827 τὸ

1859 5317 2060 5374 Verum
2110 5317 2239 5386 quid
2279 5316 2418 5370 lucri
2468 5330 2536 5370 ex
2575 5330 2640 5370 ea
2691 5315 3064 5370 muniﬁcentia
3114 5316 3360 5380 accedet,

1788 5425 1910 5464 cum
1945 5409 2213 5464 sententia
2246 5421 2368 5477 quae
2401 5407 2455 5461 in
2497 5407 2566 5461 iis
2599 5407 2780 5462 verbis
2833 5409 3144 5462 continetur
3199 5409 3362 5464 nobis

1788 5501 2060 5556 declarata
2099 5517 2208 5554 non
2243 5499 2357 5554 sit?
2382 5497 2593 5552 Etenim
2629 5498 2684 5550 in
2723 5498 2994 5553 medicina
3037 5499 3204 5552 multa
3239 5513 3365 5568 prc-

1790 5591 1927 5644 tiosa
1967 5595 2398 5657 comparatuque
2442 5595 2606 5656 atque
2641 5588 2864 5640 inventu
2907 5585 3142 5641 diﬁicilia
3193 5590 3364 5642 medi-

1791 5687 2040 5734 camenta
2085 5677 2410 5747 infrugifera
2454 5678 2778 5747 inutiliaque
2819 5678 3198 5748 ignorantibus
3243 5691 3363 5732 nta-

1789 5779 1943 5837 nent,
1983 5771 2158 5826 donec
2201 5771 2270 5826 ab
2311 5779 2428 5826 arte
2473 5769 2841 5826 audiverimus
2899 5771 2966 5827 ad
3005 5771 3132 5842 quid
3168 5771 3362 5826 horum
