1922 3112
247 168 316 196 “99

849 169 877 197 S.
899 169 1062 198 GREGORII
1081 169 1228 197 NYSSENI

1808 169 1871 197 1200

247 226 375 263 quodque
391 226 457 254 utile
473 227 518 254 sit.
536 227 607 260 Quid
633 227 717 263 igitur
739 233 792 262 est,
808 235 953 263 pauperem
973 236 1035 256 esse

1088 227 1242 262 ¹ιιτωχεῦσαι
1259 226 1298 262 τῷ
1315 226 1460 262 πνεύματι,
1478 226 1512 253 δι’
1531 222 1562 252 οὗ
1586 226 1754 261 πριγίνεται
1779 227 1809 253 τὸ
1829 229 1871 262 τῆς

247 273 357 308 spiritu,
378 280 425 308 per
440 273 514 308 quod
529 282 613 309 regno
632 275 764 302 caelorum
781 275 865 310 potiri
882 275 1035 310 contingit?

248 318 307 345 Duo
322 319 480 346 divitiarum
494 327 555 347 esse
569 327 668 355 genera
683 328 699 348 a
715 320 859 356 Scriptura
874 321 1032 351 didicimus.

247 371 332 390 unum
357 364 428 399 quod
450 365 581 398 probetur
603 370 630 393 et
646 369 800 401 expetatur,
826 367 942 393 alterum
960 366 1033 401 quod

246 410 392 437 damnetur
404 414 431 438 et
446 411 626 446 improbetur.
647 411 813 447 Expetende
828 413 938 448 quidem
952 417 1035 447 atque

248 454 395 489 probanda:
418 456 549 483 virtutum
572 457 674 484 divitia
693 462 777 490 sunt;
794 457 1034 485 criminationibus

248 503 338 526 autem
353 500 479 527 obnoxiae
489 505 553 528 sunt
566 506 592 528 et
606 501 796 536 improbantur
813 503 969 530 materiales
985 510 1033 537 pa-

246 545 315 573 riter
335 550 416 580 atque
435 550 561 578 terrenae,
586 547 716 581 quoniam
733 547 786 575 illa:
805 547 916 582 quidem
936 548 1035 575 animae

246 599 313 626 opes
321 592 472 625 exsistunt;
482 592 524 620 ha:
535 600 599 620 vero
612 593 645 620 ad
657 593 819 628 decipienda
830 601 960 622 sensuum
969 601 1033 621 vasa

248 637 351 665 idoneae
376 642 450 665 sunt.
469 638 652 671 Quamobrem
678 640 728 667 has
750 639 879 675 colligere
902 639 1034 667 Dominus

247 687 331 713 wtat.
347 683 447 718 quippe
461 684 597 711 tinearum
612 685 782 719 corruptioni
798 685 962 719 insidiisque
984 692 1035 711 no-

247 734 407 756 cturnorum
440 730 530 757 l'nrum
561 730 711 765 expositas.
748 729 912 758 Sublimium
944 734 1034 757 autem

247 782 338 802 rerum
364 775 477 806 divitiis.
504 782 573 810 quas
595 775 637 803 vis
662 775 819 810 corruptrix
839 783 895 803 non
916 775 1034 810 attingit,

247 819 358 847 studere
379 828 429 847 nos
445 820 530 855 jubet.
545 820 637 848 Tineaa
656 825 746 848 autem
766 825 793 848 et
810 820 877 848 luris
899 820 1036 848 mentione

247 864 329 894 facta.
355 865 501 898 perniciem
528 865 627 892 animae
642 865 835 892 thesaurorum
853 864 983 892 ostendit.
1006 863 1034 891 Si

1086 274 1223 309 βασιλείας
1235 274 1290 300 τῶν
1306 273 1428 308 οὐρανῶν
1439 272 1560 308 ἐγκράτῆ
1571 273 1712 307 γενέσθαι;
1727 273 1782 300 Δύο
1797 275 1871 300 πλού-

1085 328 1149 352 τους
1168 320 1243 355 παρὰ
1259 320 1308 354 τῆς
1331 319 1443 355 Γραφῆς
1462 318 1738 354 μεμαθήκαμεν-ἕνα
1764 319 1872 346 σπουδα-

1084 365 1208 400 ζόμενον,
1224 364 1272 391 καὶ
1289 365 1337 391 ἕνα
1362 364 1604 399 κατακρινόμενον.
1625 364 1811 396 Σπουδάξεται
1830 365 1872 400 μὲν

1084 411 1099 437 ὸ
1110 410 1165 437 τῶν
1179 410 1284 445 ἀρετῶν
1293 409 1406 441 πλοῦτος
1416 430 1424 441 ,
1437 409 1608 436 διαϐάλλεται
1619 409 1646 435 δὲ
1658 411 1672 436 ό
1687 409 1781 441 ὑλικάς
1789 418 1818 436 τε
1832 411 1872 436 καὶ

1084 455 1193 489 γήϊνος·
1211 455 1252 481 ὅτι
1266 455 1280 481 6
1296 455 1344 489 μὲν
1361 454 1409 489 τῆς
1433 454 1521 489 ψυχῆς
1542 454 1647 488 γίνεται
1676 455 1790 489 κτῆμα,
1804 453 1871 486 οὗτος

1084 499 1112 526 δὲ
1138 500 1208 535 πρὸς
1228 500 1277 534 τὴν
1302 501 1355 525 τῶν
1380 500 1564 535 αἰσθητηρίων
1589 500 1696 534 ἀπάτην
1719 501 1871 535 ἐπιτηδείως

1084 545 1151 580 ἔχει.
1171 546 1216 572 Διὸ
1234 546 1332 572 κωλύει
1360 545 1453 571 τοῦτον
1478 545 1651 581 θησαυρίζειν
1669 547 1682 571 ὁ
1703 546 1822 581 Κύριος,
1841 547 1873 576 ὡς

1084 591 1124 623 εις
1141 590 1242 625 βρῶσιν
1259 592 1347 624 σητῶν
1370 591 1415 617 καὶ
1439 592 1477 621 είς
1494 591 1638 625 ἐπιόονλὴν
1665 590 1721 616 τῶν
1749 599 1875 625 τοιχωρυ-

1084 636 1203 671 χούντων
1215 636 1381 670 ἐκκείμενον.
1392 636 1503 662 Κελεὺει
1518 636 1546 662 δὲ
1561 637 1624 671 περὶ
1637 636 1681 661 τὸν
1695 636 1750 661 τῶν
1770 637 1876 670 ὑψηλῶν

1084 681 1198 709 πλοῦτον
1221 683 1270 718 τὴν
1286 683 1402 717 σπουδὴν
1418 683 1499 717 ἔχειν,
1520 680 1549 709 οὗ
1571 684 1586 716 ἠ
1606 682 1743 717 φθαρτικὴ
1765 683 1876 716 δύναμις

1084 728 1115 754 οὐ
1135 728 1332 763 προσάπτεται.
1363 729 1435 763 Σῆτα
1462 729 1488 754 δὲ
1510 729 1555 754 καὶ
1581 728 1700 762 κλέπτην
1724 728 1822 759 εἰπὼν,
1837 729 1878 754 τὶν

1084 772 1210 808 λυμεῶνα
1230 773 1287 799 τῶν
1307 775 1356 808 τῆς
1381 773 1470 807 ψυχῆς
1495 772 1637 807 Θησανρῷν
1661 773 1824 804 ἐνεδείξατο.
1847 773 1875 799 ΕΞ

1084 817 1130 847 οὖν
1159 819 1436 853 ἁντιδιαστὲλλεταιὴ
1459 819 1537 844 πενία
1564 818 1603 853 τῷ
1622 818 1748 852 πλούτῳ,
1774 819 1877 849 πάντως

1084 864 1156 892 κατὰ
1176 864 1227 900 τὴν
1241 865 1387 898 ἀναλογίαν
1404 865 1450 890 καὶ
1472 864 1568 898 διπλῆν
1585 865 1641 890 ἔστι
1654 864 1816 898 διδαχθῆναι
1834 874 1879 890 πε-

248 908 333 943 igitur
348 908 451 935 divitiis
464 910 610 943 opponitur
625 913 778 944 paupertas,
793 908 870 943 juxta
884 908 1036 944 analogiam

1088 910 1166 938 νίαν·
1182 911 1231 946 τὴν
1254 911 1303 945 μὲν
1326 911 1497 945 ἀπόϐλητον,
1520 911 1568 945 τὴν
1591 910 1619 936 δέ
1646 911 1877 945 μακαριζομένην.

246 958 274 981 et
299 955 504 981 convenientem
528 955 674 985 rationem,
702 954 838 990 duplicem
857 955 938 990 plane
965 962 1035 990 pau-

248 1004 381 1034 pertatem
402 1008 512 1035 quoque
532 1000 748 1028 animadvertere
763 1001 828 1028 licet
843 1010 849 1028 :
866 1008 948 1027 unam
975 1002 1036 1035 qni-

246 1046 308 1072 dem
332 1044 518 1079 rejiciendam,
536 1046 649 1073 alteram
670 1053 746 1077 vero,
763 1053 824 1081 quae
839 1046 917 1073 beata
930 1046 1034 1081 judice-

247 1095 302 1119 tur.
334 1091 496 1125 Quicunque
523 1092 606 1126 igitur
634 1099 650 1118 a
671 1092 862 1126 temperantia,
887 1092 1035 1120 sobrietate

248 1140 329 1171 alque
348 1136 482 1164 modestia
508 1137 598 1165 nudus
619 1141 646 1164 et
665 1137 754 1173 inops,
781 1142 828 1165 aut
853 1138 1034 1173 pretiosarum

246 1182 362 1217 justitiaa
382 1190 476 1218 opum.
499 1188 547 1209 aut
570 1184 720 1218 sapientiae,
741 1187 789 1211 aut
813 1184 972 1218 prudentiae,
991 1187 1040 1211 aut

249 1228 320 1256 alius
337 1229 500 1263 cujusquam
527 1230 709 1264 pretiosarum
731 1234 813 1264 atque
835 1230 1038 1258 reconditarum

249 1281 339 1301 rerum
368 1281 481 1309 egenus.
515 1282 627 1310 pauper,
661 1280 688 1302 et
716 1274 858 1302 mendicus
890 1275 1038 1305 invenitur,

249 1321 419 1355 paupertatis
435 1321 544 1347 nomine
561 1327 734 1347 aerumnosus
765 1328 797 1347 ac
817 1320 980 1348 miserabilis
995 1324 1037 1347 est

248 1366 284 1393 ob
299 1365 418 1401 inopiam
437 1373 525 1393 rerum
549 1365 749 1399 pretiosarum;
773 1369 800 1392 at
814 1366 859 1400 qui
875 1369 971 1400 sponte
987 1372 1036 1393 sua

248 1419 342 1438 earum
369 1419 458 1438 rerum
485 1412 606 1438 omnium
621 1419 681 1445 qua:
705 1419 753 1446 per
773 1412 869 1438 vitium
888 1416 914 1439 et
938 1411 1036 1445 nequi-

250 1459 313 1484 tiam
335 1458 534 1492 intelliguntur.
554 1457 633 1491 inops
653 1461 679 1484 et
697 1465 801 1492 egenus
825 1461 867 1485 est
885 1467 892 1484 :
911 1465 943 1483 ac
968 1456 1037 1484 nihil

1093 956 1122 983 '0
1147 957 1195 992 μὲν
1220 953 1267 982 οὖν
1292 957 1466 991 σωφροσύνης
1491 956 1654 991 πτωχεύων,
1672 957 1688 990 ἦ
1716 956 1765 982 τοῦ
1791 958 1879 990 τιμίου

1087 1002 1227 1037 κτήματος
1248 1004 1297 1036 τῆς
1318 1001 1505 1037 δικαιοσύνης,
1544 1002 1559 1036 ἦ
1588 1002 1637 1036 τῆς
1666 1002 1780 1036 σοφίας.
1798 1003 1814 1037 ἦ
1835 1003 1879 1036 τῆς

1087 1048 1281 1083 φρονήσεως,ἢ
1300 1048 1379 1074 ἄλλοι)
1398 1048 1469 1079 τινος
1489 1048 1542 1074 τῶν
1558 1048 1708 1074 πολυτελῶν
1729 1048 1878 1083 κειμηλίων

1088 1093 1172 1128 πίνης
1198 1102 1228 1120 τε
1252 1094 1297 1119 καὶ
1322 1094 1452 1128 ἀκτήμων
1477 1094 1523 1120 καὶ
1547 1094 1652 1128 πτωχὸς
1669 1095 1876 1129 εὑρισκόμενος,

1086 1139 1177 1171 ἄθλιος
1189 1139 1239 1174 τῆς
1252 1141 1346 1170 πενίας
1362 1142 1408 1166 καὶ
1424 1140 1537 1172 ἐλεεινδς
1550 1141 1598 1175 τῆς
1615 1141 1668 1167 τῶν
1685 1142 1785 1176 τιμίων
1798 1142 1878 1175 ἀκτη-

1092 1185 1210 1221 μοσύνης
1222 1194 1229 1201 ·
1240 1186 1255 1212 ὸ
1271 1186 1299 1212 δὲ
1314 1186 1424 1212 πάντων
1448 1187 1501 1212 τῶν
1521 1188 1591 1213 κατὰ
1608 1188 1706 1213 κακίαν
1727 1188 1879 1222 νοουμένων

1089 1231 1220 1261 ἑκουσίως
1238 1231 1396 1265 πτωχεύων,
1414 1232 1459 1257 καὶ
1479 1232 1553 1259 οὐδὲν
1568 1232 1621 1258 τῶν
1641 1232 1802 1259 διαϐολικῶν
1824 1242 1880 1258 κει-

1090 1277 1194 1312 μηλίων
1209 1277 1238 1303 ἐν
1259 1279 1314 1307 τοῖς
1337 1277 1411 1308 ἰδίοις
1436 1278 1557 1313 ταμείοις
1574 1279 1641 1313 ἔχων
1654 1279 1798 1309 ἀπόθετον,
1815 1279 1878 1304 ἀλλά

1087 1323 1126 1358 τῷ
1149 1322 1283 1358 πνεύματι
1310 1323 1388 1353 ζέων,
1412 1324 1459 1350 καὶ
1478 1325 1521 1350 διὰ
1539 1324 1632 1350 τούτου
1649 1325 1696 1359 τὴν
1716 1325 1772 1351 τῶν
1790 1327 1879 1352 κακῶν

1087 1367 1183 1394 πενίαν
1197 1367 1285 1400 ἐαυτῷ
1305 1366 1486 1401 Θησαυρίζων,
1506 1369 1549 1402 εἴη
1564 1368 1596 1394 ἂν
1611 1366 1686 1400 οὗτος
1699 1370 1727 1395 ἐν
1760 1371 1793 1404 τῇ
1831 1379 1878 1404 μει-

1091 1412 1256 1448 καριζομένῃ
1271 1412 1390 1446 πτωχείᾳ
1404 1413 1455 1438 ὑπὸ
1472 1413 1518 1438 τοῦ
1531 1414 1617 1446 Λόγου
1625 1414 1812 1449 δεικνύμενος,
1822 1413 1854 1450 ἧς
1866 1416 1881 1440 ὁ

1090 1457 1195 1493 καρπὸς
1213 1457 1335 1492 βασιλεία
1349 1458 1471 1492 οὐρανῶν
1493 1458 1577 1485 ἐστιν.

249 1511 281 1529 ex
300 1503 443 1530 diabolicis
465 1503 564 1538 opibus
589 1503 616 1529 in
638 1503 696 1530 suis
711 1502 889 1530 conclavibus
912 1502 1083 1530 reconditum
1120 1502 1213 1534 habet,
1244 1502 1291 1529 sed
1314 1502 1411 1536 spiritu
1435 1503 1529 1535 fervet,
1565 1507 1592 1529 et
1617 1511 1664 1538 per
1700 1504 1775 1531 hunc
1801 1505 1880 1530 maln-

251 1556 310 1575 rinn
332 1549 382 1575 sibi
405 1553 594 1584 paupertatem
616 1549 720 1584 colligit
743 1552 771 1576 et
785 1549 891 1584 quaerit,
907 1548 953 1576 ille
968 1548 1051 1576 fuerit
1069 1548 1093 1576 is
1118 1549 1195 1584 quia
1213 1547 1304 1576 Verbo
1333 1548 1359 1574 in
1379 1556 1409 1575 ea
1431 1557 1491 1583 qua:
1514 1550 1591 1576 beata
1614 1549 1729 1577 habetur
1761 1556 1881 1586 egestate

250 1596 352 1622 Vcrsari
373 1596 526 1623 ostenditur
541 1605 548 1623 :
564 1595 643 1629 cujus
665 1595 794 1630 egestatis
812 1595 918 1623 fructus
937 1599 979 1634 est
994 1602 1107 1630 regnum
1122 1594 1264 1621 co-lorum.

285 1640 386 1668 Verum
399 1645 569 1668 revertamur
581 1649 678 1668 rursus
693 1641 726 1668 ad
742 1641 907 1672 institutum.
923 1644 950 1668 et
968 1648 1033 1675 ope-
1047 1642 1070 1672 C

251 1693 310 1713 ram
325 1687 455 1712 thesauro
471 1685 618 1720 qua'rendo
640 1693 781 1715 navemus.
801 1693 852 1712 neu
872 1685 1037 1712 desistamus

252 1730 415 1757 scrutatoria
440 1733 521 1763 atque
538 1730 712 1763 iuquisitoria
735 1731 839 1757 ratione
861 1734 888 1757 et
913 1729 1038 1757 oratione

250 1784 346 1803 eruere
367 1780 394 1802 et
415 1775 535 1802 revelare
559 1775 585 1801 id
610 1776 681 1810 quod
716 1775 853 1802 occultum
876 1779 927 1802 est.
948 1775 1037 1805 Beati.

252 1823 353 1857 inquit,
370 1829 494 1856 pauperes
507 1822 612 1856 spiritu.
629 1821 735 1848 Dictum
753 1821 804 1848 hoc
820 1820 929 1856 quidem
945 1821 1037 1855 aliquo

252 1869 333 1897 modo
354 1868 435 1896 etiam
458 1868 485 1894 in
511 1868 700 1904 superioribus
719 1872 771 1901 est,
798 1873 825 1896 et
847 1876 921 1896 nune
937 1870 1036 1896 iterum

251 1914 367 1945 dicetur,
388 1913 460 1948 quod
477 1913 541 1941 ﬁnis
558 1914 622 1941 vita:
636 1921 699 1941 cum
720 1914 820 1941 virtute
839 1914 969 1949 degendae
989 1914 1036 1947 sit,

252 1965 282 1988 ut
302 1960 365 1995 quis
381 1959 490 1987 Numiui
515 1960 608 1987 divino
623 1960 798 1987 assimiletur.
823 1961 903 1995 Atqui
922 1960 947 1987 id
963 1959 1037 1995 quod

253 2004 390 2041 passionis
417 2008 444 2032 et
470 2003 583 2031 affectus
608 2011 716 2038 expers,
743 2004 930 2039 incorruptum
957 2008 1037 2038 atque

252 2050 404 2077 immortale
420 2053 471 2079 est,
496 2049 677 2084 undequaque
696 2049 836 2076 hominum
861 2048 955 2083 effugit
976 2048 1038 2075 imi-

251 2096 395 2123 tationem.
411 2094 503 2129 Neque
516 2094 588 2121 enim
612 2094 669 2121 lleri
689 2098 779 2128 potest
797 2097 826 2121 ut
853 2094 907 2120 vita
931 2092 1037 2120 affecti-

253 2141 314 2170 bus.
332 2139 583 2174 perturbationibus
599 2139 727 2173 vitiisque
738 2143 764 2165 et
776 2138 887 2166 casibus
906 2137 1035 2169 obnoxia,

252 2185 419 2212 assimilvtur
441 2184 550 2219 penitus
569 2188 596 2211 et
611 2192 642 2210 ex
659 2184 787 2211 omnibus
807 2183 931 2219 partibus
945 2183 968 2210 ei
986 2190 1037 2210 na-

252 2236 320 2257 turae
347 2238 407 2265 qua:
436 2237 523 2265 neque
562 2229 795 2264 perturbationes,
827 2236 914 2263 neque
944 2236 1036 2260 casus,

253 2284 341 2310 neque
371 2276 485 2303 allectus
510 2275 578 2302 ullos
604 2274 731 2301 admittit.
757 2274 784 2301 Si
809 2274 892 2309 igitur
914 2273 1036 2301 divinum

1126 1640 1195 1666 Ἀλλ’
1215 1641 1405 1676 ἐπανέλθωμεν
1431 1641 1511 1666 πάλιν
1539 1641 1584 1666 ἐπὶ
1600 1641 1648 1674 τὴν
1671 1641 1807 1676 ἐργασίαν
1833 1641 1879 1667 τοῦ

1089 1684 1236 1721 θησαυροῦ,
1255 1687 1301 1712 καὶ
1319 1687 1356 1721 μὴ
1370 1686 1531 1720 ἁποστῶμεν
1546 1687 1583 1720 τῷ
1596 1686 1799 1721 μεταλλευτικῷ
1812 1687 1880 1722 λόγῳ

1088 1731 1118 1757 τὺ
1132 1733 1324 1768 κεκρυμμένον
1343 1732 1590 1763 ἀνακαλύπτοντες,
1612 1731 1771 1765 Μακάριοι,
1788 1735 1879 1768 φησὶν.

1089 1778 1117 1803 οἰ
1131 1777 1241 1811 πτωχοὶ
1264 1777 1302 1810 τῷ
1319 1779 1472 1812 πνεύματι.
1490 1778 1602 1812 Εἴρηται
1620 1778 1668 1812 μὲν
1695 1778 1795 1814 τρόπον
1821 1779 1879 1804 τινὰ

1088 1821 1167 1848 τοῦτο
1181 1822 1227 1848 καὶ
1243 1822 1271 1848 ἐν
1286 1823 1342 1853 τοῖς
1357 1821 1527 1857 ἔμπροσθεν,
1544 1821 1592 1847 καὶ
1613 1820 1660 1847 νῦν
1677 1821 1760 1847 πάλιν
1775 1822 1882 1857 εἰρήσε-

1087 1875 1143 1898 ται,
1160 1867 1201 1893 ὅτι
1214 1866 1290 1898 τέλος
1303 1867 1350 1893 τοῦ
1365 1868 1423 1893 κατ’
1438 1867 1539 1902 ἀρετὴν
1553 1865 1609 1901 βίου
1630 1867 1704 1892 ἐστὶν
1729 1867 1747 1901 ἡ
1768 1867 1840 1901 πρὸς
1852 1867 1881 1893 τὸ

1089 1912 1165 1939 Θετον
1181 1913 1320 1947 ὁμοίωσις.
1344 1913 1424 1939 Ἀλλὰ
1441 1912 1494 1948 μὴν
1511 1912 1541 1938 τὸ
1554 1911 1656 1943 ἀπαθὲς
1675 1913 1722 1938 καὶ
1743 1913 1881 1948 ἀκήρατον

1088 1958 1217 1993 ἐκφεύγει
1233 1959 1320 1993 πάντη
1333 1958 1381 1994 τὴν
1404 1958 1481 1994 παρὰ
1500 1957 1649 1993 ἀνθρώ-ιπυν
1663 1958 1793 1992 μίμησιν,
1816 1958 1880 1984 Οὐδὲ

1088 2004 1142 2039 γάρ
1156 2005 1215 2031 ἐστι
1229 2004 1339 2031 δυνατὸν
1352 2004 1439 2039 πάντη
1455 2004 1503 2039 τὴν
1523 2003 1632 2039 ἐμπαθῆ
1651 2003 1724 2039 ζωὴν
1746 2004 1881 2039 ὁμοιωθῆ-

1088 2058 1131 2076 ναι
1147 2050 1215 2085 πρὸς
1235 2050 1286 2085 τὴν
1303 2049 1356 2076 τῶν
1372 2050 1466 2076 παθῶν
1479 2049 1653 2076 ἀνεπίδεκτον
1679 2049 1773 2083 φύσιν.
1790 2051 1823 2076 ΕΞ
1837 2048 1884 2077 οὖν

1090 2095 1169 2130 μόνον
1183 2095 1212 2121 τὸ
1228 2095 1303 2122 Θείον
1316 2095 1460 2131 μακάριον,
1475 2094 1588 2126 καθὼςό
1605 2095 1768 2127 Ἀπνόο-τολος
1785 2097 1883 2131 ὀνομά-

1089 2140 1130 2172 ζει
1143 2161 1150 2172 ,
1167 2141 1184 2176 ή
1203 2140 1232 2167 δὲ
1247 2140 1294 2167 τοῦ
1316 2140 1492 2176 μακαρισμοῦ
1507 2140 1633 2167 κοινωνία
1652 2142 1707 2172 τοῖς
1726 2141 1884 2177 ἀνθρώποις

1087 2186 1132 2213 διὰ
1143 2187 1191 2221 τῆς
1206 2187 1273 2222 πρὸς
1283 2186 1328 2212 τὸν
1343 2186 1409 2213 Θεόν
1420 2187 1493 2213 ἐστιν
1506 2185 1661 2221 ὁμοιώσεως
1672 2207 1681 2219 ,
1695 2188 1710 2221 ἠ
1723 2186 1754 2213 δὲ
1767 2188 1883 2223 μίμησις

1087 2231 1202 2266 impar
1215 2231 1268 2265 ἄρα
1277 2231 1420 2264 ἀνέφικτος
1435 2232 1508 2257 ἐστιν
1520 2231 1540 2265 ὴ*
1549 2230 1718 2266 μακαριότης
1729 2233 1769 2268 τῇ
1779 2232 1883 2267 ἀνθρω-

1089 2275 1153 2311 πίνῃ
1168 2275 1235 2311 ζωῇ.
1262 2275 1332 2301 Ἀλλ’
1350 2275 1423 2302 ἐστιν
1439 2276 1457 2302 ἃ
1477 2278 1529 2311 τῆς
1548 2276 1681 2311 Θεότητος
1701 2276 1806 2304 δυνατὰ
1829 2279 1884 2308 τοῖς

252 2322 358 2348 bitumen
383 2321 471 2348 solum
487 2321 596 2348 beatum
620 2324 672 2351 est,
695 2324 725 2347 ut
741 2320 768 2347 id
786 2320 934 2354 Apostolus
949 2320 1036 2347 nomi-

1089 2321 1260 2357 βουλομένοις
1287 2321 1429 2357 πρόκειται
1452 2323 1492 2354 είς
1511 2322 1637 2358 μίμησιν.
1656 2322 1730 2349 Τίνα,
1751 2321 1800 2349 οὖν
1827 2323 1883 2349 ἐστι

252 2372 310 2399 nat,
333 2366 511 2394 beatitudinis
535 2373 600 2393 vero
628 2366 783 2393 communio
812 2365 970 2392 hominibus
990 2373 1039 2400 per

254 2415 305 2441 hoc
321 2413 464 2447 contingit.
482 2412 505 2439 si
522 2411 576 2439 Deo
591 2412 793 2444 assimilcntur,
816 2411 931 2438 imitatio
947 2418 1038 2438 autem

252 2458 372 2494 expediri
400 2462 427 2485 et
453 2457 551 2484 conﬁci
581 2465 635 2484 non
666 2457 889 2492 potest:utique
920 2457 1038 2483 humana

251 2506 308 2533 vita
326 2505 521 2532 bealitudinem
537 2504 645 2537 assequi
661 2511 715 2530 non
737 2506 837 2537 potest.
854 2502 954 2530 Verum
969 2510 1038 2530 non-

251 2552 327 2578 nulla
342 2550 456 2578 Deitatis
476 2550 584 2584 propria
599 2549 759 2577 hominibus
770 2557 880 2584 quoque
896 2548 1036 2584 proposita

253 2601 327 2628 sunt,
351 2596 425 2628 ut,si
445 2596 543 2627 velint,
570 2595 615 2621 illa
635 2595 744 2629 assequi
770 2594 900 2622 imitando
919 2594 1034 2628 possint.

252 2642 382 2676 Quaenam
412 2642 494 2675 igitur
516 2640 573 2668 haec
592 2641 674 2667 sunt?
699 2640 811 2668 Videtur
834 2641 900 2668 mihi
917 2640 1036 2668 Verbum

251 2691 439 2722 paupertatem
464 2691 491 2714 et
511 2686 630 2721 inopiam
646 2687 759 2721 spiritus
780 2686 920 2713 nominare
940 2687 1038 2713 volun-

252 2735 349 2762 tariam
365 2734 448 2762 animi
466 2734 644 2761 humilitatem
660 2738 742 2768 atque
763 2733 966 2765 dcmissiouem,
996 2737 1038 2759 at—

252 2788 305 2815 que
323 2780 404 2814 hujus
424 2780 578 2815 exemplum
592 2779 740 2814 Apostolus
763 2779 842 2806 nobis
857 2778 902 2806 Dei
920 2786 1037 2814 pauper-

253 2829 337 2851 tatem
353 2825 491 2859 proponit,
503 2825 567 2851 dum
585 2825 652 2851 dicit
668 2833 674 2849 :
692 2824 744 2856 Qui
760 2832 819 2850 cum
832 2823 902 2850 dives
918 2824 963 2855 sit,
975 2830 1037 2856 pro-

253 2875 310 2904 pter
330 2879 375 2896 nos
390 2878 488 2905 pauper
507 2875 531 2897 et
548 2878 641 2905 egenus
660 2870 745 2897 factus
768 2874 817 2903 ert,
842 2874 871 2896 ut
895 2878 940 2897 nos
962 2869 1034 2896 illius

1089 2366 1191 2399 ταῦτας
1205 2366 1279 2392 δοκεῖ
1293 2375 1338 2401 μοι
1353 2367 1489 2401 πτωχείαν
1508 2367 1678 2402 πνεύματος,
1694 2367 1746 2403 τὴν
1761 2369 1885 2394 ἑκούσιον

1088 2412 1340 2447 ταπεινοφροσύνην
1357 2412 1499 2448 ὀνομάζειν
1513 2414 1527 2439 ὁ
1537 2413 1632 2446 Λόγος.
1650 2413 1764 2449 Ταύτης
1776 2415 1806 2441 δὲ
1821 2415 1884 2440 ὑπό-

1089 2458 1188 2493 δειγμα
1200 2458 1249 2493 τὴν
1264 2458 1311 2485 τοῦ
1327 2458 1396 2485 Θεοῦ
1411 2458 1545 2493 πτωχείαν
1555 2459 1570 2485 ὁ
1581 2459 1747 2491 Ἀπόσιολος
1766 2462 1834 2496 ἡμῖν
1844 2460 1885 2486 λέ-

1091 2511 1147 2537 γων
1158 2504 1355 2538 προδείκνυσιν,
1368 2504 1402 2537 ὂς
1412 2504 1449 2530 δι’
1462 2503 1540 2539 ἡμᾶς
1550 2504 1723 2538 ἐπτώχευσε
1735 2507 1883 2538 πλούσιος

1089 2548 1141 2581 ὢν,
1161 2550 1212 2576 ἵνα
1224 2549 1309 2584 ἡμεῖς
1323 2549 1360 2584 τῇ
1370 2550 1487 2576 ἐκείνου
1500 2550 1629 2584 πτωχείᾳ
1647 2551 1882 2585 πλουτήσωμεν.

1096 2595 1172 2621 Ἐπεὶ
1179 2593 1225 2622 οὖν
1233 2596 1267 2621 τὰ
1276 2595 1343 2622 ἄλλα
1349 2596 1447 2628 πάντα,
1455 2596 1506 2622 ὅσα
1517 2596 1581 2631 περὶ
1587 2596 1636 2631 τὴν
1646 2596 1724 2622 θείαν
1732 2598 1883 2632 καθορᾶται

1091 2642 1181 2675 φύσιν,
1191 2641 1402 2677 ὑπερπίπτειτῷ
1413 2642 1504 2679 μέτρῳ
1515 2642 1564 2676 τῆς
1573 2641 1751 2678 ἀνθρωπίνης
1762 2644 1868 2676 φύσεως
1876 2649 1882 2654 ”

1090 2688 1107 2722 ὴ
1124 2687 1152 2713 δὲ
1167 2688 1326 2722 ταπεινότης
1350 2687 1476 2722 συμφυής
1489 2695 1531 2718 τις
1545 2687 1611 2722 ἡμῖν
1629 2688 1689 2713 ἐστι
1703 2689 1754 2715 καὶ
1774 2689 1887 2722 σύντρορ

1090 2741 1139 2767 φος
1157 2734 1213 2764 τοῖς
1223 2733 1310 2768 χαμαὶ
1319 2733 1487 2768 ἐρχομένοις,
1505 2734 1551 2759 καὶ
1569 2734 1603 2759 ἐκ
1616 2733 1669 2768 γῆς
1684 2733 1736 2769 τὴν
1755 2734 1885 2761 σύστασιν

1089 2777 1206 2812 ἔχουσιν,
1218 2779 1265 2805 καὶ
1280 2778 1319 2810 είς
1331 2779 1383 2814 γῆν
1394 2779 1591 2815 καταῤῥέουσιν
1601 2787 1609 2794 ·
1619 2779 1649 2805 ἑν
1660 2778 1700 2813 τῷ
1716 2780 1792 2806 κατὰ
1807 2779 1884 2814 φύων

1090 2824 1122 2850 σὺ
1138 2824 1183 2850 καὶ
1199 2824 1302 2859 δυνατῷ
1315 2825 1362 2851 τὸν
1378 2824 1444 2851 Θεὸν
1462 2825 1662 2860 μιμησάμενος,
1679 2825 1731 2860 τὴν
1746 2826 1882 2861 μακαρίαν

1089 2870 1170 2902 αὐτὸς
1198 2870 1298 2902 ὑπέδυς
1326 2871 1443 2906 μοοφήν.
1462 2871 1516 2898 Καὶ
1540 2869 1636 2906 μηδεὶς
1652 2871 1756 2898 ἄπονον
1775 2870 1881 2900 οἰέσθω-
