3844 6224
184 362 320 417 1201

1248 375 1336 432 DE
1374 379 1980 448 BEATITUDINIBUS.
2018 392 2274 452 ORATIO
2310 398 2351 453 1.

3302 414 3441 472 1202

178 483 280 537 καὶ
327 484 463 587 μετὰ
495 487 780 579 ῥᾳστώνης
826 490 1252 567 ὲκποριζόμενον
1284 499 1346 554 τὸ
1386 503 1486 574 τῆς
1523 522 1750 562 ταπεινοί

1866 521 2095 581 egestate
2159 516 2527 574 ditesceremus
2545 521 2614 575 θ’.
2677 520 2947 588 Quoniam
3022 525 3188 596 igitur
3245 542 3440 588 cratera

180 574 456 665 φροσύνης
487 576 834 651 κατόρθωμα.
856 583 945 637 ’Τὸ
986 586 1229 643 ἐναντίον
1265 592 1363 662 μὲν
1411 591 1506 651 οὖν
1561 600 1764 665 παντὸς

176 664 488 721 οὑτινοσοῦν
513 668 620 722 τῶν
642 674 972 746 κατ’ἀρετὴν
1000 678 1563 754 ὲπιτηδευομένων,τδ
1592 664 1765 745 τοιοῦέ-

175 755 271 807 τόν
298 759 444 811 ἐστιν
472 760 891 834 ἐπιπονώτερον.
918 766 1018 821 Διά
1048 770 1133 837 τί;
1163 773 1245 827 ὅτι
1288 777 1639 846 καθεύδοντος
1666 786 1761 840 τοῦ

178 846 495 919 ἀνθρώπου,
519 853 610 906 τοῦ
638 854 708 907 τά
730 857 875 911 καλὰ
902 860 1192 932 σπέρματα
1232 866 1551 939 δεξαμένου,
1583 874 1644 928 τὸ
1673 894 1765 930 κε-

176 939 410 1007 φάλαιον
441 944 539 1013 τῆς
591 946 837 1009 ἐναντίας
871 952 1078 1021 σπορᾶς
1107 955 1259 1026 παρά
1290 958 1384 1013 τοῦ
1437 962 1633 1035 ἐχθροῦ
1664 968 1764 1037 τῆς

174 1033 325 1121 ςωῆς
343 1036 375 1103 ἡ
384 1033 497 1103 μῶν
515 1036 574 1088 τὸ
588 1037 686 1107 τῆς
708 1038 1085 1111 ὑπερηφανίας
1105 1046 1374 1121 ὲῤῥιζώθη
1402 1033 1661 1117 ζιζάνιον.
1683 1033 1762 1111 Δι’

174 1116 252 1177 ὧν
288 1124 394 1195 γὰρ
420 1128 624 1190 ἐκεῖνος
651 1129 844 1184 ἑαυτὸν
872 1133 953 1196 είς
982 1135 1085 1205 γῆν
1121 1116 1479 1211 κατέρῥαξεν,
1505 1145 1585 1215 τῷ
1612 1147 1762 1219 αὐτῷ

174 1215 364 1285 τρόπῳ
384 1216 444 1269 τὸ
470 1217 701 1272 δείλαιον
722 1221 879 1289 γένος
904 1224 966 1278 τὸ
980 1225 1320 1298 ἀνθρώπινον
1340 1233 1476 1302 πρὸς
1504 1236 1564 1289 τὸ
1587 1215 1762 1293 κοινὸν

174 1303 379 1374 πτῶμα
412 1306 589 1377 ἑαυτῷ
642 1311 1075 1393 συγκατέσαλενς
1116 1319 1211 1371 καὶ
1262 1320 1413 1374 οὐδέν
1450 1323 1600 1379 ἐστιν
1633 1325 1761 1382 ἄλλο

174 1393 275 1464 τῆς
300 1395 512 1464 φύσεως
534 1400 690 1489 ἡμῶν
721 1403 960 1458 τοιοῦτον
994 1408 1186 1476 κακὸν,
1209 1410 1285 1474 ὡς
1304 1412 1366 1465 τὸ
1393 1414 1462 1467 δι’
1478 1416 1763 1489 ὑπερηφα-

173 1486 315 1582 νίας.
355 1489 506 1542 Ἐπεὶ
545 1488 638 1546 οὖν
675 1494 962 1567 ἐμπέφυκε
1004 1517 1120 1564 πως
1145 1502 1206 1555 τὸ
1230 1505 1371 1559 κατὰ
1405 1507 1505 1579 τὴν
1530 1486 1761 1582 ἔπαρσιν

170 1577 349 1640 πάθος
381 1583 543 1635 παντὶ
570 1585 755 1654 σχεδὸν
792 1586 871 1657 τῷ
903 1591 1244 1647 κοινωνοῦντι
1286 1596 1387 1665 τῆς
1415 1577 1759 1674 ἀνθρωπίνης

172 1668 516 1766 φύσεως,διά
542 1674 697 1728 τοῦτο
725 1678 973 1734 ἐντεῦθεν
996 1681 1105 1735 τῶν
1128 1689 1491 1759 μακαρισμῶν
1555 1668 1759 1766 Κύριος

168 1760 422 1831 ἄρχεται,
455 1759 566 1819 οἷον
610 1767 904 1838 ἀρχέγονόν
936 1790 988 1825 τι
1031 1776 1204 1829 κακὸν
1244 1779 1522 1836 ἐκϐάλλων
1559 1784 1624 1837 ὲκ
1645 1759 1759 1855 ’τῆς

1867 603 2069 669 omnia,
2100 620 2223 675 qua:
2251 607 2398 663 circa
2433 618 2682 666 naturam
2729 613 2968 669 divinam
3007 617 3438 688 conspiciuntur,

1867 704 2126 761 superant
2154 699 2372 753 modum
2399 700 2649 758 humana:
2676 714 2887 760 natura:
2913 725 2927 759 :
2957 706 3237 764 humilitas
3257 719 3437 766 autem

1865 787 2066 842 coalita
2100 798 2270 860 atque
2312 804 2573 850 consueta
2624 796 2784 851 nobis
2832 797 2984 852 humi
3014 802 3353 870 repentibus,
3384 813 3441 859 et

1872 894 1937 932 ex
1988 886 2135 934 terra
2185 883 2455 948 conﬂatis,
2493 895 2547 940 et
2573 886 2627 941 in
2680 897 2879 943 terram
2912 888 3296 959 deﬂuentibus,
3330 905 3434 960 est,

1865 970 1908 1022 si
1944 978 2000 1024 tu
2041 971 2188 1027 ineo
2245 975 2393 1044 quod
2425 990 2454 1029 a
2483 986 2680 1033 natura
2713 989 2803 1034 tua
2839 997 2946 1035 non
2978 994 3062 1037 est
3090 984 3350 1048 alienum,
3384 995 3439 1041 et

1864 1077 1896 1115 a
1927 1069 1980 1115 te
2003 1064 2253 1131 praestari
2282 1074 2481 1133 potest,
2511 1065 2680 1122 Deum
2722 1068 2967 1126 imitatus
2999 1069 3193 1139 fueris,
3220 1071 3434 1127 beatam

1865 1153 2093 1209 formam
2125 1156 2243 1226 ipse
2274 1157 2520 1212 induisti.
2566 1159 2645 1213 Ac
2673 1173 2832 1214 nemo
2858 1169 3009 1230 putet
3036 1162 3241 1218 nullius
3270 1178 3436 1233 nego-

1865 1247 1925 1298 tii
1958 1262 2072 1301 rem
2106 1262 2250 1310 esse,
2294 1263 2358 1302 ac
2406 1248 2568 1305 facile
2601 1249 2738 1305 ραὶοί
2773 1266 2955 1321 posse,
2994 1261 3051 1307 ut
3079 1253 3202 1324 quis
3249 1255 3437 1309 animo

1863 1337 2055 1392 humili
2120 1346 2285 1409 atque
2334 1340 2575 1396 demisso
2630 1341 2722 1397 sit.
2772 1338 2886 1396 lmo
2934 1351 3126 1397 contra
3178 1344 3314 1397 nihil
3366 1359 3434 1399 ex

1860 1429 2115 1484 onmibus
2169 1446 2506 1501 quaecunque
2573 1446 2669 1501 per
2742 1433 3000 1488 virtutem
3070 1442 3306 1504 aguntur
3378 1443 3435 1491 et

1860 1526 2208 1586 exercentur,
2238 1534 2392 1590 atque
2444 1520 2777 1576 laboriosum
2821 1529 2875 1577 et
2927 1536 3220 1591 operosum
3272 1532 3435 1594 atque

1861 1606 2129 1674 ejusmodi
2185 1624 2274 1664 res
2322 1618 2427 1664 est.
2484 1608 2896 1674 Quamobrem?
2953 1610 3082 1680 quia
3129 1610 3433 1667 dormiente

1860 1697 2080 1753 homine
2108 1698 2203 1769 qui
2253 1700 2397 1755 bona
2440 1701 2649 1755 semina
2698 1711 3006 1771 acceperat,
3055 1710 3220 1773 caput
3269 1710 3433 1774 atque

1862 1789 2134 1860 praecipua
2166 1805 2294 1860 pars
2318 1791 2584 1846 contrarii
2606 1792 2833 1848 seminis
2873 1794 2942 1847 ab
2974 1793 3197 1849 inimico
3226 1803 3432 1849 nostra:

166 1851 523 1925 ἕξεωςὴμῶν
559 1858 657 1928 τὴν
695 1859 1096 1933 ὑπερηφανίαν,
1129 1868 1187 1921 ὲν
1238 1867 1317 1939 τῷ
1365 1851 1750 1942 συμϐουλεύειν

1857 1851 1981 1928 vitae
2032 1851 2309 1945 superbiae
2356 1879 2628 1932 zizaniam
2682 1880 2993 1948 conjectum
3036 1882 3252 1937 radices
3298 1882 3427 1956 egit.

170 1945 515 2015 μιμήσασθαι
564 1950 657 2003 τὸν
708 1953 975 2017 ἑκουσίως
1022 1959 1443 2028 πτωχεύσαντα,
1493 1964 1552 2027 ὃς
1608 1967 1755 2021 ἐστιν

161 2035 384 2105 άληθῶς
420 2040 707 2112 μακάριος,
742 2044 829 2098 ἵνα
859 2047 918 2098 ὲν
944 2040 989 2115 ᾧ
1024 2048 1299 2120 δυνάμεθα
1333 2053 1518 2119 καθὼς
1546 2055 1613 2110 ἂν
1650 2053 1753 2112 οἷοί

164 2144 225 2181 τε
257 2124 406 2199 ὦμεν
438 2132 797 2202 ὁμοιωθέντες
827 2140 890 2192 ἐκ
940 2139 1035 2193 τοῦ
1069 2143 1382 2213 πτωχεῖωαι
1429 2147 1573 2201 κατὰ
1627 2166 1754 2221 προ-

160 2220 401 2293 αίρεσιν,
435 2226 530 2277 καὶ
571 2226 672 2296 τὴν
704 2228 799 2282 τοῦ
833 2234 1184 2303 μακαρισμοῦ
1216 2236 1499 2291 κοινωνίαν
1524 2220 1753 2308 ἐφελκυ-

164 2311 410 2382 σώμεθα.
459 2314 638 2370 Τοῦτο
668 2319 779 2387 τὰρ
804 2322 1158 2388 φρονείσθω,
1202 2326 1397 2396 φησὶν,
1423 2327 1492 2381 ἐν
1520 2330 1686 2399 ὑμῖν,
1718 2332 1751 2387 ὃ

160 2405 263 2457 καὶ
287 2406 358 2458 ἐν
386 2407 619 2475 Χριστῷ
658 2410 850 2478 Ἰησοῦ
872 2430 884 2442 ·
930 2412 998 2478 ὃς
1034 2415 1104 2468 ἐν
1133 2414 1341 2486 μορφῇ
1380 2419 1529 2474 Θεοῦ
1564 2422 1752 2491 ὐπάρο

132 2513 307 2563 κχων,
343 2501 458 2567 οὐχ
496 2498 813 2570 ἁρπαγμὸν
847 2504 1121 2575 ἡγήσατο
1168 2506 1235 2560 τὸ
1273 2509 1425 2563 εἶναι
1463 2511 1570 2565 ἴσα
1604 2508 1745 2579 Θεῷ·

158 2585 299 2640 ἀλλ’
325 2586 546 2640 ἑαυτὸν
580 2588 841 2645 emam
883 2594 1127 2663 μορφὴν
1162 2595 1388 2653 δούλου
1429 2602 1648 2657 λαϐὼν.
1684 2604 1749 2656 Τί

158 2677 504 2748 πτωχότερον
546 2680 641 2732 ἐπὶ
668 2681 801 2735 Θεοῦ
834 2683 936 2752 τῆς
964 2682 1055 2738 τοῦ
1072 2686 1262 2740 δούλου
1300 2691 1541 2762 μορφῆς;
1566 2694 1631 2746 Τί
1654 2711 1750 2748 τα-

159 2766 473 2836 πεινότερον
502 2769 595 2821 ἐπὶ
614 2770 709 2823 τοῦ
739 2772 1001 2841 βασιλέως
1026 2776 1135 2830 τῶν
1161 2777 1349 2844 ὄντων,
1378 2781 1409 2852 ἢ
1441 2782 1502 2835 τὸ
1529 2785 1609 2848 είς
1636 2802 1750 2838 κοι-

157 2857 361 2910 νωνίαν
375 2860 476 2928 τῆς
499 2863 722 2932 πτωχῆς
744 2864 902 2934 ἡμῶν
929 2866 1142 2933 φύσεως
1171 2869 1374 2935 ὲλθεῖν;
1405 2873 1464 2926 '0
1488 2874 1749 2940 Βασιλεὺς

159 2947 274 3000 τῶν
300 2948 710 3018 βασιλευόντων,
743 2956 838 3009 καὶ
870 2956 1074 3028 Κύριος
1096 2959 1205 3013 τῶν
1241 2964 1600 3034 κυριευόντων
1630 2966 1747 3020 ἐθε-

156 3039 361 3106 λόντως
387 3043 487 3113 τὴν
512 3046 611 3116 τῆς
630 3046 872 3112 δουλείας
904 3051 1117 3121 μορφὴν
1141 3052 1452 3109 ὑποδύεταιο
1484 3060 1512 3110 ὁ
1539 3058 1747 3130 Κριτὴς

1852 1963 2320 2030 Quemadmodum
2354 1968 2500 2023 enim
2546 1969 2639 2024 ille
2677 1985 2738 2025 se
2771 1970 2827 2025 in
2870 1979 3071 2027 terram
3125 1974 3422 2045 praecipita-

1852 2056 1947 2119 vit,
1995 2054 2188 2111 eodem
2238 2058 2399 2113 modo
2456 2058 2719 2115 miserum
2771 2077 2943 2131 genus
2995 2063 3315 2129 humanum,
3361 2066 3430 2121 ad

1850 2160 2198 2201 communem
2231 2149 2445 2203 ruinam
2478 2166 2661 2206 secum
2689 2168 2798 2207 una
2832 2154 3090 2220 detraxit,
3127 2170 3191 2209 ac
3219 2156 3426 2213 nullum

1850 2236 1997 2290 aliud
2038 2246 2248 2294 naturae
2275 2248 2478 2295 nostrae
2506 2241 2707 2296 malum
2744 2244 2851 2298 tale
2897 2253 3002 2307 est,
3027 2246 3208 2315 qualis
3255 2255 3343 2303 est
3379 2248 3427 2303 is

1850 2328 1943 2397 qui
2014 2344 2113 2399 per
2164 2332 2477 2401 superbiam
2542 2335 2698 2390 nobis
2770 2337 2995 2391 morbus
3050 2337 3421 2407 ingeneratur.

1848 2420 2115 2485 Quoniam
2141 2423 2308 2493 igitur
2332 2425 2589 2480 omnibus
2620 2428 3013 2496 propemodum
3052 2430 3147 2499 qui
3176 2429 3427 2485 humana:

1848 2521 2057 2566 natura;
2088 2515 2383 2584 participes
2433 2524 2562 2570 sunt
2623 2517 2817 2571 vitium
2860 2518 3115 2573 elationis
3160 2519 3425 2589 quodam‘

1848 2602 2007 2655 modo
2045 2602 2288 2656 innatum
2332 2612 2437 2671 est,
2498 2605 2708 2661 idcirco
2746 2606 3008 2661 Dominus
3050 2608 3179 2663 hinc
3206 2608 3424 2663 initium

1848 2692 2213 2750 beatitudines
2248 2695 2553 2763 exponendi
2591 2696 2742 2763 facit,
2773 2707 3031 2767 tanquam
3074 2698 3424 2767 primordiale

1847 2781 2049 2834 malum
2082 2782 2355 2851 quoddam
2405 2799 2474 2838 ex
2508 2784 2697 2838 habitu
2729 2794 2923 2840 nostro
2970 2789 3281 2856 superbiam
3320 2789 3422 2857 eji-

1844 2871 2019 2934 ciens,
2046 2872 2175 2925 dum
2214 2874 2453 2928 consulit
2504 2883 2567 2928 ut
2608 2876 2887 2929 imitemur
2914 2893 3060 2944 eum,
3100 2879 3192 2946 qui
3229 2890 3423 2948 sponte

1846 2977 1942 3015 sua
1981 2978 2187 3032 egenus
2236 2963 2375 3030 fuit,
2434 2966 2527 3035 qui
2566 2982 2695 3022 vere
2737 2968 2929 3022 beatus
2972 2977 3079 3031 est,
3105 2978 3183 3029 ut.
3226 2971 3283 3024 in
3312 2987 3422 3041 quo

1845 3069 2158 3122 possumus,
2186 3072 2284 3125 pro
2316 3056 2458 3110 virili
2494 3066 2681 3113 nostra
2706 3067 2862 3128 parte
2905 3059 3227 3125 assimilati,
3256 3077 3323 3116 ex
3355 3077 3421 3117 eo

154 3132 255 3185 τοῦ
272 3135 491 3199 παντὸς,
511 3136 782 3209 ὑπόφορος
807 3142 918 3203 τοῖς
941 3140 1328 3198 δυναστεύουσι
1348 3146 1573 3215 γίνεται·
1591 3151 1618 3202 ὁ
1645 3150 1744 3221 τῆς

1851 3145 1987 3214 quod
2040 3154 2227 3201 nostra
2289 3148 2570 3203 voluntate
2614 3152 2772 3220 egeni
2814 3159 3189 3221 paupertatem
3246 3156 3421 3208 secuti

152 3223 390 3290 κτίσεως
418 3227 623 3299 Κύριος
665 3231 721 3282 ὲν
760 3232 1009 3305 σπηλαίῳ
1036 3209 1407 3304 κατάγεταιίὸ
1430 3238 1525 3292 τοῦ
1546 3209 1743 3307 παντός

1851 3236 2136 3301 iuerimus,
2183 3240 2343 3294 etiam
2374 3240 2735 3299 beatitudinis
2762 3244 3204 3299 communionem
3249 3253 3423 3299 attra-

157 3316 652 3390 περιδεδραγμένος
698 3322 797 3392 οὐχ
836 3324 1078 3395 εὑρίσκει
1110 3327 1272 3381 τόπον
1303 3331 1361 3382 ὲν
1398 3330 1474 3400 τῷ
1510 3332 1743 3385 καταλύ-

158 3422 317 3475 ματι,
341 3405 455 3460 ἀλλ’
474 3409 531 3460 ὲν
551 3411 613 3479 τῇ
634 3410 808 3482 φάτνῃ
825 3412 932 3465 τῶν
950 3414 1160 3483 ἀλόγων
1181 3414 1334 3479 ζώων
1354 3435 1429 3473 πα
1438 3422 1744 3491 ραῤῥιπτεί-

155 3516 270 3552 ται·
294 3501 323 3552 ὁ
354 3501 591 3573 καθαρὸς
614 3502 708 3555 καὶ
728 3504 1025 3576 ἀκήρατος,
1041 3507 1134 3560 τὸν
1156 3509 1251 3579 τῆς
1274 3511 1619 3582 ἀνθρωπίνης
1640 3512 1743 3581 φύ-

159 3608 300 3648 σεως
324 3593 673 3662 καταδέχεται
699 3594 889 3666 ῥύπον,
917 3598 1010 3651 καὶ
1036 3598 1123 3652 διὰ
1144 3600 1324 3670 πάσης
1351 3601 1449 3670 τῆς
1470 3604 1741 3675 πτωχείας

152 3679 317 3750 ἡμῶν
362 3682 643 3747 διεξελθὼν
679 3685 840 3757 μέχρι
878 3687 978 3757 τῆς
1000 3687 1094 3742 τοῦ
1122 3688 1352 3744 θανάτου
1382 3692 1593 3761 πρόεισι
1625 3692 1743 3746 πεί-

160 3790 279 3843 ρας.
327 3774 517 3844 Ὁρᾶτε
559 3776 659 3845 τῆς
705 3777 950 3831 ἑκουσίου
1002 3782 1275 3850 πτωχείας
1315 3780 1376 3836 τὺ
1422 3784 1633 3856 μέτρον.
1679 3785 1742 3841 Ἠ

160 3864 273 3932 ζωὴ
317 3864 544 3919 θανάτου
566 3868 805 3933 γεύεταν
829 3871 857 3922 ὁ
884 3872 1089 3941 Κριτής
1113 3873 1193 3935 είς
1220 3874 1502 3945 κριτήριον
1529 3876 1741 3945 ἄγεταν

156 3954 186 4006 ὁ
212 3959 311 4026 τῆς
342 3955 484 4029 ζωῆς
525 3959 632 4012 τῶν
667 3960 835 4014 ὄντων
867 3960 1072 4032 Κύριος
1130 3963 1225 4015 ἐπὶ
1249 3968 1313 4035 τῇ
1344 3965 1509 4037 ψήφῳ
1537 3968 1629 4021 τοῦ
1662 3969 1743 4024 δι-

153 4047 417 4112 κάζοντος
438 4051 665 4118 γίνεται·
694 4053 723 4105 ὁ
751 4053 932 4124 πάσης
954 4054 1051 4124 τῆς
1068 4044 1176 4107 ὖπε
1186 4056 1443 4125 ρκοσμῖου
1462 4057 1745 4130 δυνάμεως

153 4140 423 4204 Βασιλεὺς
484 4142 583 4206 τὰς
631 4142 741 4197 τῶν
788 4144 996 4216 δημίων
1042 4147 1146 4200 οὐκ
1196 4148 1493 4203 ἀπωθεῖται
1531 4153 1739 4223 χεῖρας.

160 4232 301 4301 Πρὸς
327 4232 482 4286 τοῦτό
524 4250 627 4300 σοι,
661 4236 813 4306 φησὶ,
844 4237 905 4290 τὸ
940 4237 1342 4309 ὑπόδειγμα,τὸ
1365 4241 1463 4312 τῆς
1486 4260 1741 4297 ταπεινο-

160 4318 434 4390 φροσύνης
467 4322 710 4392 βλεπέτω
742 4326 961 4398 μέτρον.

1847 3329 2041 3382 hamus
2086 3338 2141 3384 et
2191 3332 2549 3388 asciscamus.
2602 3333 2718 3387 Hoc
2762 3335 2903 3388 enim
2954 3337 3172 3406 quisque
3210 3338 3419 3401 sentiet,

1846 3416 2039 3487 inquit,
2082 3418 2219 3471 inter
2248 3436 2357 3484 vos,
2396 3424 2535 3491 quod
2566 3432 2616 3476 et
2663 3424 2717 3476 in
2742 3420 2957 3479 Christo
2988 3422 3120 3479 Iesu
3142 3442 3161 3479 :
3184 3426 3275 3496 qui
3302 3442 3421 3479 cum

1841 3516 1978 3561 esset
2025 3510 2081 3560 in
2126 3509 2301 3573 [arma
2363 3510 2491 3575 Dei,
2547 3530 2653 3567 non
2709 3515 2952 3582 rapinam
3005 3516 3300 3570 arbitratus
3343 3527 3422 3569 est

1844 3599 1980 3668 quod
2019 3600 2125 3655 Deo
2157 3616 2256 3669 par
2277 3611 2325 3656 et
2355 3604 2575 3673 wqualis
2597 3614 2733 3659 esset
2758 3622 2776 3660 :
2808 3607 2898 3660 sed
2924 3607 3099 3676 {arma
3119 3610 3251 3665 servi
3276 3625 3414 3661 sum-

1840 3701 1931 3759 pta
1982 3694 2210 3761 seipsum
2259 3696 2549 3749 exinanivit
2572 3698 2640 3750 ιη.
2703 3696 2909 3767 Ecquid
2983 3699 3157 3770 magis
3212 3700 3265 3753 in
3314 3698 3421 3753 Deo

1843 3785 2177 3849 mendicum,
2207 3803 2373 3855 quam
2410 3787 2587 3842 forma
2622 3789 2805 3844 servi?
2839 3790 2973 3859 quid
3004 3792 3057 3843 in
3088 3805 3214 3860 rege
3235 3805 3418 3844 rerum

1843 3878 2220 3932 universarum
2270 3879 2571 3944 humilius,
2645 3896 2812 3951 quam
2867 3881 2921 3935 in
2976 3880 3417 3935 communionem

1844 3968 2025 4038 inopis
2073 3984 2139 4024 ac
2190 3970 2455 4024 mendicas
2500 3980 2704 4025 nostra;
2740 3982 2947 4026 uatum
2997 3971 3254 4025 venisse?
3304 3968 3419 4025 Rex

1851 4061 2220 4131 regnantium,
2263 4069 2317 4116 et
2358 4060 2622 4117 Dominus
2651 4061 3052 4117 dominantium
3088 4071 3283 4131 sponte
3318 4078 3417 4115 sua

1847 4153 2080 4207 formam
2126 4154 2410 4208 servitutis
2452 4153 2666 4220 induit;
2697 4152 2871 4209 Judex
2912 4168 3093 4209 rerum
3136 4154 3421 4207 universa-

1847 4261 1968 4300 rum
2016 4244 2359 4315 principibus
2389 4245 2716 4301 tributarius
2741 4248 2990 4309 exsistit;
3015 4255 3279 4301 creaturae
3309 4243 3416 4298 Do-

1850 4336 2032 4391 minus
2064 4334 2121 4389 in
2163 4335 2423 4404 spelunca
2465 4334 2775 4391 diversatur
2811 4354 2822 4387 :
2856 4335 2947 4405 qui
2984 4335 3243 4390 mundum
3291 4337 3420 4389 uni-

154 4428 380 4468 versum
446 4420 768 4489 complexus
811 4431 919 4483 est,
970 4436 1078 4475 non
1125 4423 1338 4479 invenit
1377 4425 1556 4481 locum
1636 4427 1693 4483 in
1767 4428 2103 4493 diversorio,
2165 4430 2260 4484 sed
2318 4430 2371 4483 in
2436 4431 2702 4500 praesepio
2746 4430 3030 4485 brutorum
3103 4430 3417 4485 animalium

151 4508 419 4578 abjicitur
448 4532 461 4567 :
490 4531 660 4584 purus
709 4518 800 4571 ille
831 4529 885 4571 et
928 4519 1285 4590 incorruptus
1335 4521 1591 4579 humana)
1639 4532 1852 4581 natura:
1925 4526 2119 4582 sordes
2189 4542 2300 4581 non
2357 4529 2585 4596 respuit,
2659 4542 2721 4580 ac
2766 4542 2863 4595 per
2899 4541 3113 4579 omnem
3175 4534 3416 4579 nostram

157 4604 564 4660 mendicitatem
599 4619 908 4676 penetrans,
961 4626 1133 4680 usque
1181 4610 1250 4665 ad
1299 4614 1491 4670 mortis
1526 4618 1875 4685 progreditur
1940 4618 2395 4686 experimentum.
2471 4615 2663 4672 Videte
2719 4617 3039 4670 voluntaria:
3099 4615 3421 4670 mendicita-

150 4702 232 4756 tis
258 4701 501 4756 modum.
530 4700 655 4755 Vita
686 4713 915 4759 mortem
942 4714 1160 4773 gustat;
1184 4704 1359 4762 Judex
1391 4710 1447 4762 in
1476 4708 1746 4778 judicium
1784 4713 2041 4778 ducitur;
2072 4712 2334 4766 Dominus
2374 4712 2497 4765 vitae
2566 4727 2750 4766 rerum
2816 4709 3199 4764 universarum
3244 4708 3419 4776 subji-

152 4793 305 4845 citur
342 4791 547 4860 judicis
584 4793 842 4861 decreto;
890 4797 1460 4866 supramundanarum
1498 4802 1746 4856 omnium
1793 4805 2076 4872 copiarum
2134 4802 2244 4857 Rex
2297 4802 2617 4857 carniﬁcum
2660 4817 2857 4857 manus
2894 4815 3003 4855 non
3064 4798 3298 4868 repellit.
3338 4798 3419 4852 Ad

153 4885 287 4941 hoc.
338 4884 532 4953 inquit,
585 4886 892 4955 exemplum
931 4887 1128 4942 modus
1175 4890 1343 4943 animi
1389 4890 1745 4947 demissionis
1782 4894 1883 4947 tibi
1914 4903 2143 4963 spectet.

231 4977 384 5050 Τάχα
410 4980 467 5033 δέ
501 4998 589 5051 μοι
610 4981 756 5034 δοκεῖ
780 4982 957 5046 καλῶς
983 4983 1126 5053 ἔχειν
1156 4986 1249 5037 καὶ
1271 4986 1370 5059 τὴν
1391 4987 1612 5055 ἀλογίαν
1643 4988 1736 5041 τοῦ

1914 4989 2143 5044 Videtur
2172 4998 2352 5043 autem
2401 4988 2532 5042 mihi
2580 4987 2816 5042 fortasse
2859 5003 2967 5040 non
3014 4982 3421 5040 incommodum

155 5072 401 5125 τοιούτου
441 5073 803 5143 διασκοπῆσαι
835 5074 1060 5138 πάθους,
1099 5076 1175 5138 ὡς
1222 5077 1289 5129 ἂν
1333 5078 1739 5151 εὐκατόρθωτος

155 5165 293 5232 ἡμῖν
318 5165 346 5215 ό
387 5164 736 5234 μακαρισμὸς
764 5165 992 5232 γένοιτο,
1025 5168 1121 5221 σὺν
1148 5167 1415 5241 εὐμαρείᾳ
1444 5171 1611 5241 πολλῇ
1645 5171 1740 5225 καὶ

160 5252 413 5324 ῥᾳστώνῃ
434 5256 529 5323 τῆς
557 5256 1053 5327 ταπεινοφροσύνης
1072 5258 1335 5330 κατορθου
1345 5260 1532 5331 μένης.
1548 5262 1738 5317 Καθά·

157 5355 267 5413 περ
312 5345 418 5413 γὰρ
450 5344 500 5397 οἱ
548 5344 910 5415 ἐπιστήμονες
956 5347 1065 5399 τῶν
1115 5347 1334 5417 ἰατρῶν,
1364 5350 1427 5401 τὸ
1464 5352 1740 5405 νοσοποιὸν

159 5434 331 5487 αἴτιον
354 5434 755 5505 προεξελόντες,
795 5439 922 5507 ῥᾷον
972 5439 1330 5509 ἐπικρατοῦσι
1372 5441 1466 5494 τοῦ
1500 5444 1702 5509 πάθους
1724 5462 1736 5475 ·

158 5525 333 5587 οὕτως
369 5528 463 5579 καὶ
492 5529 652 5598 ἡμεῖς
681 5528 777 5599 τὴν
816 5530 1125 5601 χαυνότητα
1158 5530 1266 5583 τῶν
1303 5533 1657 5603 τυφουμὲνων
1676 5534 1755 5605 τῷ

159 5619 408 5690 λογισμῷ
457 5622 924 5686 καταστείλαντες,
961 5624 1281 5679 εὐεπίϐατον
1311 5626 1521 5691 ἑαυτοῖς
1542 5627 1639 5700 τὴν
1660 5629 1760 5700 τῆς

232 5803 283 5839 ⁸ο
320 5803 364 5861 ll
398 5805 524 5861 Cor.
551 5770 676 5873 Δνιιι,
714 5807 767 5863 9.
844 5808 887 5840 "
929 5808 1159 5879 Philipp.
1197 5823 1265 5870 ιι,
1301 5808 1333 5863 5
1363 5824 1482 5877 sqq.

1846 5096 1971 5136 esse
2002 5081 2271 5151 ejusmodi
2296 5081 2415 5136 vitii
2442 5080 2990 5140 inconsiderantiam,
3020 5077 3420 5133 absurditatem

1842 5181 1901 5227 et
1947 5173 2418 5242 importunitatem
2468 5180 2740 5241 spectare,
2781 5180 2840 5224 ut
2877 5186 3001 5225 cum
3039 5169 3208 5222 multa
3244 5165 3424 5220 facili-

1844 5274 1956 5319 tate
2004 5277 2167 5335 atque
2221 5265 2605 5319 commoditate
2661 5263 2994 5318 succedente
3043 5260 3205 5315 nobis
3254 5257 3423 5312 animi

1845 5357 2176 5422 humilitate,
2238 5356 2397 5410 facile
2446 5354 2663 5423 assequi
2713 5361 2875 5422 atque
2929 5353 3199 5407 coniicere
3262 5349 3423 5403 nobis

1844 5452 2233 5506 beatitudinem
2307 5451 2602 5520 possimus.
2671 5447 2739 5500 Ut
2802 5448 2945 5501 enim
3004 5444 3162 5514 periti
3222 5442 3423 5496 medici

1846 5560 2014 5599 causa
2048 5545 2222 5598 iucrbi
2249 5544 2525 5599 el‘fectrice
2552 5541 2707 5613 prius
2734 5548 3011 5609 exempta,
3038 5534 3421 5607 aegritudinem

1847 5633 2064 5691 facilius
2107 5635 2371 5690 vincunt:
2400 5634 2476 5689 ita
2531 5648 2631 5687 nos
2660 5645 2898 5702 quoque,
2943 5628 3036 5682 ubi
3082 5623 3422 5681 inﬂationem
