  <div class='ocr_page' id='page_1' title='image "/cluster/home/n/w/nwhite01/storage/ocr_20150623/44/nnc1.0037127462/611.png"; bbox 0 0 3844 6224; ppageno 0'>
   <div class='ocr_carea' id='block_1_1' title="bbox 465 368 602 428">
    <p class='ocr_par' dir='ltr' id='par_1_1' title="bbox 465 368 602 428">
     <span class='ocr_line' id='line_1_1' title="bbox 465 368 602 428; baseline 0.015 -2"><span class='ocrx_word' id='word_1_1' title='bbox 465 368 602 428; x_wconf 65' lang='lat' dir='ltr'><strong>i303</strong></span> 
     </span>
    </p>
   </div>
   <div class='ocr_carea' id='block_1_2' title="bbox 1699 362 2446 422">
    <p class='ocr_par' dir='ltr' id='par_1_2' title="bbox 1699 362 2446 422">
     <span class='ocr_line' id='line_1_2' title="bbox 1699 362 2446 422; baseline -0.008 -1"><span class='ocrx_word' id='word_1_2' title='bbox 1699 367 1754 421; x_wconf 78' lang='grc'><strong>5.</strong></span> <span class='ocrx_word' id='word_1_3' title='bbox 1786 365 2115 422; x_wconf 74' lang='lat' dir='ltr'><strong>GREGORII</strong></span> <span class='ocrx_word' id='word_1_4' title='bbox 2155 362 2446 419; x_wconf 74' lang='lat' dir='ltr'><strong>NYSSENI</strong></span> 
     </span>
    </p>
   </div>
   <div class='ocr_carea' id='block_1_3' title="bbox 3592 346 3726 400">
    <p class='ocr_par' dir='ltr' id='par_1_3' title="bbox 3592 346 3726 400">
     <span class='ocr_line' id='line_1_3' title="bbox 3592 346 3726 400; baseline 0 0"><span class='ocrx_word' id='word_1_5' title='bbox 3592 346 3726 400; x_wconf 65' lang='grc' dir='ltr'><strong>ΕΜ</strong></span> 
     </span>
    </p>
   </div>
   <div class='ocr_carea' id='block_1_4' title="bbox 464 458 2045 555">
    <p class='ocr_par' dir='ltr' id='par_1_4' title="bbox 464 486 2034 555">
     <span class='ocr_line' id='line_1_4' title="bbox 464 486 2034 555; baseline -0.003 -12"><span class='ocrx_word' id='word_1_6' title='bbox 464 493 520 543; x_wconf 84' lang='lat' dir='ltr'><strong>et</strong></span> <span class='ocrx_word' id='word_1_7' title='bbox 551 495 819 543; x_wconf 75' lang='lat' dir='ltr'><strong>tumorem</strong></span> <span class='ocrx_word' id='word_1_8' title='bbox 872 487 1107 543; x_wconf 78' lang='lat' dir='ltr'><strong>inaniter</strong></span> <span class='ocrx_word' id='word_1_9' title='bbox 1163 504 1221 542; x_wconf 87' lang='lat' dir='ltr'><strong>se</strong></span> <span class='ocrx_word' id='word_1_10' title='bbox 1256 486 1580 555; x_wconf 80' lang='lat' dir='ltr'><strong>jactantiuni</strong></span> <span class='ocrx_word' id='word_1_11' title='bbox 1633 494 1795 555; x_wconf 86' lang='lat' dir='ltr'><strong>atque</strong></span> <span class='ocrx_word' id='word_1_12' title='bbox 1841 500 2034 554; x_wconf 88' lang='lat' dir='ltr'><strong>super-</strong></span> 
     </span>
    </p>
   </div>
   <div class='ocr_carea' id='block_1_5' title="bbox 2152 458 3728 555">
    <p class='ocr_par' dir='ltr' id='par_1_5' title="bbox 2152 458 3728 550">
     <span class='ocr_line' id='line_1_5' title="bbox 2152 458 3728 550; baseline -0.013 -14"><span class='ocrx_word' id='word_1_13' title='bbox 2152 479 2635 550; x_wconf 74' lang='grc' dir='ltr'>ταπεινοφροσύνης</span> <span class='ocrx_word' id='word_1_14' title='bbox 2673 476 2790 530; x_wconf 84' lang='grc' dir='ltr'>όδδν</span> <span class='ocrx_word' id='word_1_15' title='bbox 2833 471 3283 541; x_wconf 57' lang='grc' dir='ltr'>καταστήσωμεν,</span> <span class='ocrx_word' id='word_1_16' title='bbox 3314 465 3490 520; x_wconf 80' lang='grc' dir='ltr'>Πόθεν</span> <span class='ocrx_word' id='word_1_17' title='bbox 3539 458 3639 517; x_wconf 79' lang='grc' dir='ltr'>οὖν</span> <span class='ocrx_word' id='word_1_18' title='bbox 3669 464 3728 516; x_wconf 76' lang='grc' dir='ltr'>ἄν</span> 
     </span>
    </p>
   </div>
   <div class='ocr_carea' id='block_1_6' title="bbox 464 575 2036 648">
    <p class='ocr_par' dir='ltr' id='par_1_6' title="bbox 464 575 2036 648">
     <span class='ocr_line' id='line_1_6' title="bbox 464 575 2036 648; baseline -0.004 -14"><span class='ocrx_word' id='word_1_19' title='bbox 464 577 731 634; x_wconf 84' lang='lat' dir='ltr'><strong>bientium</strong></span> <span class='ocrx_word' id='word_1_20' title='bbox 759 578 967 634; x_wconf 89' lang='lat' dir='ltr'><strong>ratione</strong></span> <span class='ocrx_word' id='word_1_21' title='bbox 993 579 1438 648; x_wconf 87' lang='lat' dir='ltr'><strong>represserimus,</strong></span> <span class='ocrx_word' id='word_1_22' title='bbox 1482 576 1662 638; x_wconf 87' lang='lat' dir='ltr'><strong>facile,</strong></span> <span class='ocrx_word' id='word_1_23' title='bbox 1690 575 2036 630; x_wconf 90' lang='lat' dir='ltr'><strong>commodum</strong></span> 
     </span>
    </p>
   </div>
   <div class='ocr_carea' id='block_1_7' title="bbox 462 667 2033 739">
    <p class='ocr_par' dir='ltr' id='par_1_7' title="bbox 462 667 2033 739">
     <span class='ocr_line' id='line_1_7' title="bbox 462 667 2033 739; baseline -0.003 -15"><span class='ocrx_word' id='word_1_24' title='bbox 462 677 518 724; x_wconf 89' lang='lat' dir='ltr'><strong>et</strong></span> <span class='ocrx_word' id='word_1_25' title='bbox 547 669 855 739; x_wconf 78' lang='lat' dir='ltr'><strong>expeditum</strong></span> <span class='ocrx_word' id='word_1_26' title='bbox 882 670 963 725; x_wconf 90' lang='lat' dir='ltr'><strong>eis</strong></span> <span class='ocrx_word' id='word_1_27' title='bbox 990 670 1092 724; x_wconf 88' lang='lat' dir='ltr'><strong>iter</strong></span> <span class='ocrx_word' id='word_1_28' title='bbox 1125 670 1291 724; x_wconf 90' lang='lat' dir='ltr'><strong>animi</strong></span> <span class='ocrx_word' id='word_1_29' title='bbox 1331 669 1683 723; x_wconf 90' lang='lat' dir='ltr'><strong>demissionis</strong></span> <span class='ocrx_word' id='word_1_30' title='bbox 1715 667 2033 722; x_wconf 85' lang='lat' dir='ltr'><strong>eﬂiciamus.</strong></span> 
     </span>
    </p>
   </div>
   <div class='ocr_carea' id='block_1_8' title="bbox 464 759 2039 835">
    <p class='ocr_par' dir='ltr' id='par_1_8' title="bbox 464 759 2039 835">
     <span class='ocr_line' id='line_1_8' title="bbox 464 759 2039 835; baseline -0.004 -16"><span class='ocrx_word' id='word_1_31' title='bbox 464 761 621 820; x_wconf 88' lang='lat' dir='ltr'><strong>Unde</strong></span> <span class='ocrx_word' id='word_1_32' title='bbox 665 764 828 835; x_wconf 89' lang='lat' dir='ltr'><strong>igitur</strong></span> <span class='ocrx_word' id='word_1_33' title='bbox 871 763 1070 834; x_wconf 89' lang='lat' dir='ltr'><strong>aliquis</strong></span> <span class='ocrx_word' id='word_1_34' title='bbox 1113 764 1294 833; x_wconf 83' lang='lat' dir='ltr'><strong>potius</strong></span> <span class='ocrx_word' id='word_1_35' title='bbox 1345 762 1519 818; x_wconf 89' lang='lat' dir='ltr'><strong>fastus</strong></span> <span class='ocrx_word' id='word_1_36' title='bbox 1561 773 1723 831; x_wconf 88' lang='lat' dir='ltr'><strong>atque</strong></span> <span class='ocrx_word' id='word_1_37' title='bbox 1767 759 2039 830; x_wconf 72' lang='lat' dir='ltr'><strong>superbia:</strong></span> 
     </span>
    </p>
   </div>
   <div class='ocr_carea' id='block_1_9' title="bbox 464 852 2036 923">
    <p class='ocr_par' dir='ltr' id='par_1_9' title="bbox 464 852 2036 923">
     <span class='ocr_line' id='line_1_9' title="bbox 464 852 2036 923; baseline -0.004 -13"><span class='ocrx_word' id='word_1_38' title='bbox 464 855 760 910; x_wconf 83' lang='lat' dir='ltr'><strong>vanitatem</strong></span> <span class='ocrx_word' id='word_1_39' title='bbox 792 853 1291 909; x_wconf 87' lang='lat' dir='ltr'><strong>demonstraverit?</strong></span> <span class='ocrx_word' id='word_1_40' title='bbox 1319 869 1425 923; x_wconf 91' lang='lat' dir='ltr'><strong>qua</strong></span> <span class='ocrx_word' id='word_1_41' title='bbox 1459 854 1670 908; x_wconf 90' lang='lat' dir='ltr'><strong>ratione</strong></span> <span class='ocrx_word' id='word_1_42' title='bbox 1712 852 1838 911; x_wconf 88' lang='lat' dir='ltr'><strong>alia.</strong></span> <span class='ocrx_word' id='word_1_43' title='bbox 1872 866 2036 921; x_wconf 90' lang='lat' dir='ltr'><strong>quam</strong></span> 
     </span>
    </p>
   </div>
   <div class='ocr_carea' id='block_1_10' title="bbox 463 942 2037 1016">
    <p class='ocr_par' dir='ltr' id='par_1_10' title="bbox 463 942 2037 1016">
     <span class='ocr_line' id='line_1_10' title="bbox 463 942 2037 1016; baseline -0.003 -15"><span class='ocrx_word' id='word_1_44' title='bbox 463 948 509 1001; x_wconf 82' lang='lat' dir='ltr'><strong>si</strong></span> <span class='ocrx_word' id='word_1_45' title='bbox 572 956 828 999; x_wconf 88' lang='lat' dir='ltr'><strong>naturam</strong></span> <span class='ocrx_word' id='word_1_46' title='bbox 871 945 1195 1007; x_wconf 87' lang='lat' dir='ltr'><strong>ostenderit,</strong></span> <span class='ocrx_word' id='word_1_47' title='bbox 1244 960 1492 1016; x_wconf 76' lang='lat' dir='ltr'><strong>quamam</strong></span> <span class='ocrx_word' id='word_1_48' title='bbox 1541 960 1605 1000; x_wconf 89' lang='lat' dir='ltr'><strong>ea</strong></span> <span class='ocrx_word' id='word_1_49' title='bbox 1654 943 1769 1000; x_wconf 90' lang='lat' dir='ltr'><strong>sit?</strong></span> <span class='ocrx_word' id='word_1_50' title='bbox 1805 942 1941 996; x_wconf 88' lang='lat' dir='ltr'><strong>Nam</strong></span> <span class='ocrx_word' id='word_1_51' title='bbox 1990 942 2037 997; x_wconf 91' lang='lat' dir='ltr'><strong>si</strong></span> 
     </span>
    </p>
   </div>
   <div class='ocr_carea' id='block_1_11' title="bbox 463 1035 2033 1106">
    <p class='ocr_par' dir='ltr' id='par_1_11' title="bbox 463 1035 2033 1106">
     <span class='ocr_line' id='line_1_11' title="bbox 463 1035 2033 1106; baseline -0.001 -20"><span class='ocrx_word' id='word_1_52' title='bbox 463 1036 591 1105; x_wconf 83' lang='lat' dir='ltr'><strong>quis</strong></span> <span class='ocrx_word' id='word_1_53' title='bbox 619 1035 687 1091; x_wconf 91' lang='lat' dir='ltr'><strong>ad</strong></span> <span class='ocrx_word' id='word_1_54' title='bbox 717 1037 978 1106; x_wconf 88' lang='lat' dir='ltr'><strong>seipsnm,</strong></span> <span class='ocrx_word' id='word_1_55' title='bbox 1007 1045 1062 1091; x_wconf 88' lang='lat' dir='ltr'><strong>et</strong></span> <span class='ocrx_word' id='word_1_56' title='bbox 1091 1052 1198 1090; x_wconf 90' lang='lat' dir='ltr'><strong>non</strong></span> <span class='ocrx_word' id='word_1_57' title='bbox 1229 1036 1296 1090; x_wconf 88' lang='lat' dir='ltr'><strong>ad</strong></span> <span class='ocrx_word' id='word_1_58' title='bbox 1339 1051 1404 1091; x_wconf 88' lang='lat' dir='ltr'><strong>ea</strong></span> <span class='ocrx_word' id='word_1_59' title='bbox 1457 1051 1581 1106; x_wconf 70' lang='lat' dir='ltr'><strong>qua:</strong></span> <span class='ocrx_word' id='word_1_60' title='bbox 1608 1036 1754 1090; x_wconf 91' lang='lat' dir='ltr'><strong>circa</strong></span> <span class='ocrx_word' id='word_1_61' title='bbox 1788 1050 1847 1089; x_wconf 86' lang='lat' dir='ltr'><strong>se</strong></span> <span class='ocrx_word' id='word_1_62' title='bbox 1883 1040 2033 1095; x_wconf 89' lang='lat' dir='ltr'><strong>sunt,</strong></span> 
     </span>
    </p>
   </div>
   <div class='ocr_carea' id='block_1_12' title="bbox 465 1122 2038 1198">
    <p class='ocr_par' dir='ltr' id='par_1_12' title="bbox 465 1122 2038 1198">
     <span class='ocr_line' id='line_1_12' title="bbox 465 1122 2038 1198; baseline -0.005 -15"><span class='ocrx_word' id='word_1_63' title='bbox 465 1127 747 1198; x_wconf 81' lang='lat' dir='ltr'><strong>respiciat,</strong></span> <span class='ocrx_word' id='word_1_64' title='bbox 794 1143 901 1181; x_wconf 94' lang='lat' dir='ltr'><strong>non</strong></span> <span class='ocrx_word' id='word_1_65' title='bbox 955 1127 1112 1181; x_wconf 91' lang='lat' dir='ltr'><strong>video</strong></span> <span class='ocrx_word' id='word_1_66' title='bbox 1162 1141 1270 1196; x_wconf 92' lang='lat' dir='ltr'><strong>qua</strong></span> <span class='ocrx_word' id='word_1_67' title='bbox 1319 1127 1532 1181; x_wconf 83' lang='lat' dir='ltr'><strong>ratione</strong></span> <span class='ocrx_word' id='word_1_68' title='bbox 1578 1125 1625 1180; x_wconf 90' lang='lat' dir='ltr'><strong>is</strong></span> <span class='ocrx_word' id='word_1_69' title='bbox 1663 1125 1718 1179; x_wconf 92' lang='lat' dir='ltr'><strong>in</strong></span> <span class='ocrx_word' id='word_1_70' title='bbox 1762 1122 2038 1192; x_wconf 86' lang='lat' dir='ltr'><strong>ejusmodi</strong></span> 
     </span>
    </p>
   </div>
   <div class='ocr_carea' id='block_1_13' title="bbox 467 1211 2040 1286">
    <p class='ocr_par' dir='ltr' id='par_1_13' title="bbox 467 1211 2040 1286">
     <span class='ocr_line' id='line_1_13' title="bbox 467 1211 2040 1286; baseline 0 -19"><span class='ocrx_word' id='word_1_71' title='bbox 467 1217 658 1272; x_wconf 87' lang='lat' dir='ltr'><strong>vitium</strong></span> <span class='ocrx_word' id='word_1_72' title='bbox 702 1217 941 1272; x_wconf 80' lang='lat' dir='ltr'><strong>incidere</strong></span> <span class='ocrx_word' id='word_1_73' title='bbox 973 1215 1164 1286; x_wconf 86' lang='lat' dir='ltr'><strong>possit.</strong></span> <span class='ocrx_word' id='word_1_74' title='bbox 1199 1214 1341 1281; x_wconf 85' lang='lat' dir='ltr'><strong>Quid</strong></span> <span class='ocrx_word' id='word_1_75' title='bbox 1382 1215 1548 1285; x_wconf 88' lang='lat' dir='ltr'><strong>igitur</strong></span> <span class='ocrx_word' id='word_1_76' title='bbox 1590 1215 1754 1268; x_wconf 89' lang='lat' dir='ltr'><strong>homo</strong></span> <span class='ocrx_word' id='word_1_77' title='bbox 1782 1214 1904 1268; x_wconf 86' lang='lat' dir='ltr'><strong>est?</strong></span> <span class='ocrx_word' id='word_1_78' title='bbox 1943 1211 2040 1267; x_wconf 82' lang='lat' dir='ltr'><strong>Vis</strong></span> 
     </span>
    </p>
   </div>
   <div class='ocr_carea' id='block_1_14' title="bbox 467 1301 2037 1377">
    <p class='ocr_par' dir='ltr' id='par_1_14' title="bbox 467 1301 2037 1377">
     <span class='ocr_line' id='line_1_14' title="bbox 467 1301 2037 1377; baseline -0.006 -13"><span class='ocrx_word' id='word_1_79' title='bbox 467 1317 527 1364; x_wconf 94' lang='lat' dir='ltr'><strong>ut</strong></span> <span class='ocrx_word' id='word_1_80' title='bbox 572 1323 639 1362; x_wconf 78' lang='lat' dir='ltr'><strong>ex</strong></span> <span class='ocrx_word' id='word_1_81' title='bbox 673 1308 1003 1377; x_wconf 88' lang='lat' dir='ltr'><strong>scriptorum</strong></span> <span class='ocrx_word' id='word_1_82' title='bbox 1045 1306 1412 1361; x_wconf 88' lang='lat' dir='ltr'><strong>monumentis</strong></span> <span class='ocrx_word' id='word_1_83' title='bbox 1462 1304 1735 1376; x_wconf 88' lang='lat' dir='ltr'><strong>proferam</strong></span> <span class='ocrx_word' id='word_1_84' title='bbox 1781 1303 1835 1358; x_wconf 94' lang='lat' dir='ltr'><strong>id</strong></span> <span class='ocrx_word' id='word_1_85' title='bbox 1890 1301 2037 1373; x_wconf 92' lang='lat' dir='ltr'><strong>quod</strong></span> 
     </span>
    </p>
   </div>
   <div class='ocr_carea' id='block_1_15' title="bbox 467 1397 2040 1470">
    <p class='ocr_par' dir='ltr' id='par_1_15' title="bbox 467 1397 2040 1470">
     <span class='ocr_line' id='line_1_15' title="bbox 467 1397 2040 1470; baseline -0.004 -16"><span class='ocrx_word' id='word_1_86' title='bbox 467 1402 590 1470; x_wconf 88' lang='lat' dir='ltr'><strong>plus</strong></span> <span class='ocrx_word' id='word_1_87' title='bbox 619 1399 878 1470; x_wconf 90' lang='lat' dir='ltr'><strong>ponderis</strong></span> <span class='ocrx_word' id='word_1_88' title='bbox 925 1407 978 1453; x_wconf 88' lang='lat' dir='ltr'><strong>et</strong></span> <span class='ocrx_word' id='word_1_89' title='bbox 1025 1399 1371 1454; x_wconf 83' lang='lat' dir='ltr'><strong>auctoritatis</strong></span> <span class='ocrx_word' id='word_1_90' title='bbox 1426 1398 1480 1452; x_wconf 94' lang='lat' dir='ltr'><strong>in</strong></span> <span class='ocrx_word' id='word_1_91' title='bbox 1531 1413 1590 1454; x_wconf 89' lang='lat' dir='ltr'><strong>se</strong></span> <span class='ocrx_word' id='word_1_92' title='bbox 1623 1397 1928 1461; x_wconf 86' lang='lat' dir='ltr'><strong>contineat,</strong></span> <span class='ocrx_word' id='word_1_93' title='bbox 1975 1411 2040 1449; x_wconf 88' lang='lat' dir='ltr'><strong>ao</strong></span> 
     </span>
    </p>
   </div>
   <div class='ocr_carea' id='block_1_16' title="bbox 465 1491 2042 1562">
    <p class='ocr_par' dir='ltr' id='par_1_16' title="bbox 465 1491 2042 1562">
     <span class='ocr_line' id='line_1_16' title="bbox 465 1491 2042 1562; baseline -0.003 -17"><span class='ocrx_word' id='word_1_94' title='bbox 465 1493 589 1562; x_wconf 88' lang='lat' dir='ltr'><strong>plus</strong></span> <span class='ocrx_word' id='word_1_95' title='bbox 623 1491 882 1546; x_wconf 68' lang='lat' dir='ltr'><strong>aestimari</strong></span> <span class='ocrx_word' id='word_1_96' title='bbox 928 1491 1166 1545; x_wconf 86' lang='lat' dir='ltr'><strong>debeat?</strong></span> <span class='ocrx_word' id='word_1_97' title='bbox 1197 1492 1266 1543; x_wconf 82' lang='lat' dir='ltr'><strong>At</strong></span> <span class='ocrx_word' id='word_1_98' title='bbox 1315 1492 1362 1545; x_wconf 90' lang='lat' dir='ltr'><strong>is</strong></span> <span class='ocrx_word' id='word_1_99' title='bbox 1396 1491 1489 1560; x_wconf 87' lang='lat' dir='ltr'><strong>qui</strong></span> <span class='ocrx_word' id='word_1_100' title='bbox 1546 1497 1736 1560; x_wconf 80' lang='lat' dir='ltr'><strong>nostra</strong></span> <span class='ocrx_word' id='word_1_101' title='bbox 1777 1498 1952 1553; x_wconf 89' lang='lat' dir='ltr'><strong>ornat,</strong></span> <span class='ocrx_word' id='word_1_102' title='bbox 1987 1497 2042 1541; x_wconf 94' lang='lat' dir='ltr'><strong>et</strong></span> 
     </span>
    </p>
   </div>
   <div class='ocr_carea' id='block_1_17' title="bbox 465 1580 2041 1653">
    <p class='ocr_par' dir='ltr' id='par_1_17' title="bbox 465 1580 2041 1653">
     <span class='ocr_line' id='line_1_17' title="bbox 465 1580 2041 1653; baseline -0.004 -15"><span class='ocrx_word' id='word_1_103' title='bbox 465 1583 710 1638; x_wconf 88' lang='lat' dir='ltr'><strong>inﬂatius</strong></span> <span class='ocrx_word' id='word_1_104' title='bbox 743 1581 1192 1653; x_wconf 83' lang='lat' dir='ltr'><strong>splendidiusque</strong></span> <span class='ocrx_word' id='word_1_105' title='bbox 1235 1582 1308 1636; x_wconf 89' lang='lat' dir='ltr'><strong>de</strong></span> <span class='ocrx_word' id='word_1_106' title='bbox 1348 1582 1632 1636; x_wconf 85' lang='lat' dir='ltr'><strong>nobilitate</strong></span> <span class='ocrx_word' id='word_1_107' title='bbox 1674 1581 1914 1634; x_wconf 83' lang='lat' dir='ltr'><strong>humana</strong></span> <span class='ocrx_word' id='word_1_108' title='bbox 1962 1580 2041 1631; x_wconf 89' lang='lat' dir='ltr'><strong>lo-</strong></span> 
     </span>
    </p>
   </div>
   <div class='ocr_carea' id='block_1_18' title="bbox 466 1672 2037 1746">
    <p class='ocr_par' dir='ltr' id='par_1_18' title="bbox 466 1672 2037 1746">
     <span class='ocr_line' id='line_1_18' title="bbox 466 1672 2037 1746; baseline -0.003 -16"><span class='ocrx_word' id='word_1_109' title='bbox 466 1677 675 1746; x_wconf 85' lang='lat' dir='ltr'><strong>quitur,</strong></span> <span class='ocrx_word' id='word_1_110' title='bbox 725 1690 792 1729; x_wconf 75' lang='lat' dir='ltr'><strong>ex</strong></span> <span class='ocrx_word' id='word_1_111' title='bbox 844 1674 958 1727; x_wconf 91' lang='lat' dir='ltr'><strong>luto</strong></span> <span class='ocrx_word' id='word_1_112' title='bbox 1021 1683 1336 1744; x_wconf 78' lang='lat' dir='ltr'><strong>generatam</strong></span> <span class='ocrx_word' id='word_1_113' title='bbox 1388 1682 1640 1728; x_wconf 91' lang='lat' dir='ltr'><strong>naturam</strong></span> <span class='ocrx_word' id='word_1_114' title='bbox 1694 1688 1819 1727; x_wconf 86' lang='lat' dir='ltr'><strong>esse</strong></span> <span class='ocrx_word' id='word_1_115' title='bbox 1867 1672 2037 1727; x_wconf 91' lang='lat' dir='ltr'><strong>dicit:</strong></span> 
     </span>
    </p>
   </div>
   <div class='ocr_carea' id='block_1_19' title="bbox 465 1764 2040 1836">
    <p class='ocr_par' dir='ltr' id='par_1_19' title="bbox 465 1764 2040 1836">
     <span class='ocr_line' id='line_1_19' title="bbox 465 1764 2040 1836; baseline -0.003 -16"><span class='ocrx_word' id='word_1_116' title='bbox 465 1775 630 1836; x_wconf 85' lang='lat' dir='ltr'><strong>atque</strong></span> <span class='ocrx_word' id='word_1_117' title='bbox 661 1766 914 1820; x_wconf 83' lang='lat' dir='ltr'><strong>nobilitas</strong></span> <span class='ocrx_word' id='word_1_118' title='bbox 967 1774 1021 1820; x_wconf 92' lang='lat' dir='ltr'><strong>et</strong></span> <span class='ocrx_word' id='word_1_119' title='bbox 1062 1765 1318 1835; x_wconf 87' lang='lat' dir='ltr'><strong>splendor</strong></span> <span class='ocrx_word' id='word_1_120' title='bbox 1348 1764 1616 1834; x_wconf 67' lang='lat' dir='ltr'><strong>superbiae</strong></span> <span class='ocrx_word' id='word_1_121' title='bbox 1659 1764 2040 1834; x_wconf 76' lang='lat' dir='ltr'><strong>cognationem</strong></span> 
     </span>
    </p>
   </div>
   <div class='ocr_carea' id='block_1_20' title="bbox 2140 551 3730 640">
    <p class='ocr_par' dir='ltr' id='par_1_20' title="bbox 2140 551 3730 640">
     <span class='ocr_line' id='line_1_20' title="bbox 2140 551 3730 640; baseline -0.014 -16"><span class='ocrx_word' id='word_1_122' title='bbox 2140 589 2222 632; x_wconf 84' lang='grc' dir='ltr'>τις</span> <span class='ocrx_word' id='word_1_123' title='bbox 2259 571 2457 640; x_wconf 82' lang='grc' dir='ltr'>μᾶλλον</span> <span class='ocrx_word' id='word_1_124' title='bbox 2485 567 2766 630; x_wconf 75' lang='grc' dir='ltr'>ἐπιδείξειε</span> <span class='ocrx_word' id='word_1_125' title='bbox 2805 560 3112 628; x_wconf 76' lang='grc' dir='ltr'>τοῦτύφου</span> <span class='ocrx_word' id='word_1_126' title='bbox 3159 557 3219 610; x_wconf 84' lang='grc' dir='ltr'>τὸ</span> <span class='ocrx_word' id='word_1_127' title='bbox 3255 556 3525 627; x_wconf 82' lang='grc' dir='ltr'>μάταιον;</span> <span class='ocrx_word' id='word_1_128' title='bbox 3559 551 3730 604; x_wconf 71' lang='grc' dir='ltr'>Πόθεν</span> 
     </span>
    </p>
   </div>
   <div class='ocr_carea' id='block_1_21' title="bbox 2140 642 3730 729">
    <p class='ocr_par' dir='ltr' id='par_1_21' title="bbox 2140 642 3730 729">
     <span class='ocr_line' id='line_1_21' title="bbox 2140 642 3730 729; baseline -0.014 -13"><span class='ocrx_word' id='word_1_129' title='bbox 2140 662 2382 723; x_wconf 79' lang='grc' dir='ltr'>ἄλλοθεν,</span> <span class='ocrx_word' id='word_1_130' title='bbox 2414 661 2447 729; x_wconf 82' lang='grc' dir='ltr'>ἢ</span> <span class='ocrx_word' id='word_1_131' title='bbox 2492 661 2556 710; x_wconf 79' lang='grc' dir='ltr'><strong>ἐκ</strong></span> <span class='ocrx_word' id='word_1_132' title='bbox 2588 656 2680 709; x_wconf 84' lang='grc' dir='ltr'>τοῦ</span> <span class='ocrx_word' id='word_1_133' title='bbox 2722 653 2890 717; x_wconf 83' lang='grc' dir='ltr'>δεῖξαι</span> <span class='ocrx_word' id='word_1_134' title='bbox 2932 652 3030 721; x_wconf 83' lang='grc' dir='ltr'><strong>τὴν</strong></span> <span class='ocrx_word' id='word_1_135' title='bbox 3063 651 3256 718; x_wconf 83' lang='grc' dir='ltr'>φύσιν,</span> <span class='ocrx_word' id='word_1_136' title='bbox 3287 648 3407 716; x_wconf 80' lang='grc' dir='ltr'>ἥτις</span> <span class='ocrx_word' id='word_1_137' title='bbox 3434 644 3598 698; x_wconf 72' lang='grc' dir='ltr'>ἐστίν</span> <span class='ocrx_word' id='word_1_138' title='bbox 3627 659 3645 706; x_wconf 91' lang='grc'>;</span> <span class='ocrx_word' id='word_1_139' title='bbox 3677 642 3730 692; x_wconf 76' lang='lat'><strong>&#39;0</strong></span> 
     </span>
    </p>
   </div>
   <div class='ocr_carea' id='block_1_22' title="bbox 2140 735 3733 825">
    <p class='ocr_par' dir='ltr' id='par_1_22' title="bbox 2140 735 3733 825">
     <span class='ocr_line' id='line_1_22' title="bbox 2140 735 3733 825; baseline -0.016 -16"><span class='ocrx_word' id='word_1_140' title='bbox 2140 755 2249 825; x_wconf 85' lang='grc' dir='ltr'>γὰρ</span> <span class='ocrx_word' id='word_1_141' title='bbox 2283 754 2419 824; x_wconf 84' lang='grc' dir='ltr'>πρὸς</span> <span class='ocrx_word' id='word_1_142' title='bbox 2440 749 2650 811; x_wconf 77' lang='grc' dir='ltr'>ἑαυτὸν,</span> <span class='ocrx_word' id='word_1_143' title='bbox 2685 747 2779 801; x_wconf 76' lang='grc' dir='ltr'>καὶ</span> <span class='ocrx_word' id='word_1_144' title='bbox 2812 745 2884 815; x_wconf 83' lang='grc' dir='ltr'>μὴ</span> <span class='ocrx_word' id='word_1_145' title='bbox 2911 746 2982 796; x_wconf 84' lang='grc' dir='ltr'><strong>τὰ</strong></span> <span class='ocrx_word' id='word_1_146' title='bbox 3020 742 3147 812; x_wconf 77' lang='grc' dir='ltr'>περὶ</span> <span class='ocrx_word' id='word_1_147' title='bbox 3174 740 3332 791; x_wconf 81' lang='grc' dir='ltr'>αὑτὸν</span> <span class='ocrx_word' id='word_1_148' title='bbox 3365 737 3610 807; x_wconf 68' lang='grc' dir='ltr'>βλέπων,</span> <span class='ocrx_word' id='word_1_149' title='bbox 3635 735 3733 825; x_wconf 47' lang='grc' dir='ltr'>οῦκ</span> 
     </span>
    </p>
   </div>
   <div class='ocr_carea' id='block_1_23' title="bbox 2143 823 3732 913">
    <p class='ocr_par' dir='ltr' id='par_1_23' title="bbox 2143 823 3732 913">
     <span class='ocr_line' id='line_1_23' title="bbox 2143 823 3732 913; baseline -0.014 -12"><span class='ocrx_word' id='word_1_150' title='bbox 2143 823 2468 913; x_wconf 16' lang='grc' dir='ltr'>ἃνῖεὺλόγως</span> <span class='ocrx_word' id='word_1_151' title='bbox 2498 844 2576 906; x_wconf 89' lang='grc' dir='ltr'>εἰς</span> <span class='ocrx_word' id='word_1_152' title='bbox 2615 842 2677 894; x_wconf 84' lang='grc' dir='ltr'><strong>τὸ</strong></span> <span class='ocrx_word' id='word_1_153' title='bbox 2727 839 2965 892; x_wconf 83' lang='grc' dir='ltr'>τοιοῦτον</span> <span class='ocrx_word' id='word_1_154' title='bbox 3015 833 3244 904; x_wconf 75' lang='grc' dir='ltr'><strong>ἐμπέσοι</strong></span> <span class='ocrx_word' id='word_1_155' title='bbox 3292 831 3483 892; x_wconf 72' lang='grc' dir='ltr'>πάθος.</span> <span class='ocrx_word' id='word_1_156' title='bbox 3532 827 3604 880; x_wconf 86' lang='grc' dir='ltr'>Τί</span> <span class='ocrx_word' id='word_1_157' title='bbox 3639 823 3732 879; x_wconf 70' lang='grc' dir='ltr'>οὖν</span> 
     </span>
    </p>
   </div>
   <div class='ocr_carea' id='block_1_24' title="bbox 2141 918 3730 1006">
    <p class='ocr_par' dir='ltr' id='par_1_24' title="bbox 2141 918 3730 1006">
     <span class='ocr_line' id='line_1_24' title="bbox 2141 918 3730 1006; baseline -0.014 -16"><span class='ocrx_word' id='word_1_158' title='bbox 2141 939 2288 990; x_wconf 75' lang='grc' dir='ltr'>ἐστιν</span> <span class='ocrx_word' id='word_1_159' title='bbox 2313 937 2624 1006; x_wconf 76' lang='grc' dir='ltr'>ἄνθρωποςς</span> <span class='ocrx_word' id='word_1_160' title='bbox 2656 929 2841 983; x_wconf 81' lang='grc' dir='ltr'><strong>Βούλει</strong></span> <span class='ocrx_word' id='word_1_161' title='bbox 2874 927 2965 980; x_wconf 82' lang='grc' dir='ltr'>τὸν</span> <span class='ocrx_word' id='word_1_162' title='bbox 2992 925 3310 995; x_wconf 83' lang='grc' dir='ltr'>σεμνότερον</span> <span class='ocrx_word' id='word_1_163' title='bbox 3331 922 3423 974; x_wconf 79' lang='grc' dir='ltr'>καὶ</span> <span class='ocrx_word' id='word_1_164' title='bbox 3461 918 3730 989; x_wconf 79' lang='grc' dir='ltr'>τιμιώτε-</span> 
     </span>
    </p>
   </div>
   <div class='ocr_carea' id='block_1_25' title="bbox 2146 1010 3733 1099">
    <p class='ocr_par' dir='ltr' id='par_1_25' title="bbox 2146 1010 3733 1099">
     <span class='ocr_line' id='line_1_25' title="bbox 2146 1010 3733 1099; baseline -0.013 -16"><span class='ocrx_word' id='word_1_165' title='bbox 2146 1047 2234 1099; x_wconf 90' lang='grc' dir='ltr'><strong>ρον</strong></span> <span class='ocrx_word' id='word_1_166' title='bbox 2257 1029 2395 1081; x_wconf 82' lang='grc' dir='ltr'>εῐπω</span> <span class='ocrx_word' id='word_1_167' title='bbox 2423 1026 2529 1078; x_wconf 88' lang='grc' dir='ltr'>τῶν</span> <span class='ocrx_word' id='word_1_168' title='bbox 2548 1025 2718 1092; x_wconf 86' lang='grc' dir='ltr'>λόγων</span> <span class='ocrx_word' id='word_1_169' title='bbox 2736 1039 2750 1086; x_wconf 90' lang='grc'>;</span> <span class='ocrx_word' id='word_1_170' title='bbox 2792 1020 2932 1072; x_wconf 75' lang='grc' dir='ltr'>Ἀλλ’</span> <span class='ocrx_word' id='word_1_171' title='bbox 2953 1020 2980 1070; x_wconf 99' lang='lat'><strong>6</strong></span> <span class='ocrx_word' id='word_1_172' title='bbox 3002 1015 3221 1086; x_wconf 82' lang='grc' dir='ltr'>κοσμῶν</span> <span class='ocrx_word' id='word_1_173' title='bbox 3241 1013 3309 1066; x_wconf 76' lang='grc' dir='ltr'><strong>τὰ</strong></span> <span class='ocrx_word' id='word_1_174' title='bbox 3336 1013 3617 1083; x_wconf 74' lang='grc' dir='ltr'>ἡμέτερα,</span> <span class='ocrx_word' id='word_1_175' title='bbox 3637 1010 3733 1063; x_wconf 73' lang='grc' dir='ltr'><strong>καὶ</strong></span> 
     </span>
    </p>
   </div>
   <div class='ocr_carea' id='block_1_26' title="bbox 2141 1103 3732 1192">
    <p class='ocr_par' dir='ltr' id='par_1_26' title="bbox 2141 1103 3732 1192">
     <span class='ocr_line' id='line_1_26' title="bbox 2141 1103 3732 1192; baseline -0.015 -18"><span class='ocrx_word' id='word_1_176' title='bbox 2141 1121 2280 1192; x_wconf 85' lang='grc' dir='ltr'>πρὸς</span> <span class='ocrx_word' id='word_1_177' title='bbox 2311 1120 2371 1172; x_wconf 83' lang='grc' dir='ltr'><strong>τὸ</strong></span> <span class='ocrx_word' id='word_1_178' title='bbox 2393 1115 2845 1187; x_wconf 83' lang='grc' dir='ltr'>κομπωδέστερον</span> <span class='ocrx_word' id='word_1_179' title='bbox 2859 1107 3228 1171; x_wconf 78' lang='grc' dir='ltr'>διασκευὰζων</span> <span class='ocrx_word' id='word_1_180' title='bbox 3255 1106 3353 1175; x_wconf 81' lang='grc' dir='ltr'><strong>τὴν</strong></span> <span class='ocrx_word' id='word_1_181' title='bbox 3372 1103 3732 1172; x_wconf 77' lang='grc' dir='ltr'>ἀνθρωπίνην</span> 
     </span>
    </p>
   </div>
   <div class='ocr_carea' id='block_1_27' title="bbox 2142 1192 3735 1280">
    <p class='ocr_par' dir='ltr' id='par_1_27' title="bbox 2142 1192 3735 1280">
     <span class='ocr_line' id='line_1_27' title="bbox 2142 1192 3735 1280; baseline -0.014 -15"><span class='ocrx_word' id='word_1_182' title='bbox 2142 1212 2437 1280; x_wconf 85' lang='grc' dir='ltr'>εὐγένειαν,</span> <span class='ocrx_word' id='word_1_183' title='bbox 2476 1211 2540 1260; x_wconf 82' lang='grc' dir='ltr'><strong>ὲκ</strong></span> <span class='ocrx_word' id='word_1_184' title='bbox 2591 1205 2762 1276; x_wconf 83' lang='grc' dir='ltr'>πηλοῦ</span> <span class='ocrx_word' id='word_1_185' title='bbox 2813 1201 3126 1271; x_wconf 81' lang='grc' dir='ltr'>γενεαλογεῖ</span> <span class='ocrx_word' id='word_1_186' title='bbox 3169 1199 3268 1268; x_wconf 79' lang='grc' dir='ltr'><strong>τὴν</strong></span> <span class='ocrx_word' id='word_1_187' title='bbox 3315 1195 3480 1264; x_wconf 86' lang='grc' dir='ltr'>φύσιν</span> <span class='ocrx_word' id='word_1_188' title='bbox 3517 1211 3534 1224; x_wconf 89' lang='grc'><strong>·</strong></span> <span class='ocrx_word' id='word_1_189' title='bbox 3563 1193 3662 1245; x_wconf 72' lang='grc' dir='ltr'><strong>καὶ</strong></span> <span class='ocrx_word' id='word_1_190' title='bbox 3701 1192 3735 1260; x_wconf 83' lang='grc' dir='ltr'><strong>ἠ</strong></span> 
     </span>
    </p>
   </div>
   <div class='ocr_carea' id='block_1_28' title="bbox 2142 1287 3737 1373">
    <p class='ocr_par' dir='ltr' id='par_1_28' title="bbox 2142 1287 3737 1373">
     <span class='ocr_line' id='line_1_28' title="bbox 2142 1287 3737 1373; baseline -0.015 -15"><span class='ocrx_word' id='word_1_191' title='bbox 2142 1305 2412 1373; x_wconf 83' lang='grc' dir='ltr'>εὐγένεια,</span> <span class='ocrx_word' id='word_1_192' title='bbox 2443 1303 2536 1354; x_wconf 68' lang='grc' dir='ltr'><strong>καλ⁸</strong></span> <span class='ocrx_word' id='word_1_193' title='bbox 2565 1303 2598 1371; x_wconf 78' lang='grc' dir='ltr'>ἡ</span> <span class='ocrx_word' id='word_1_194' title='bbox 2624 1297 2886 1368; x_wconf 77' lang='grc' dir='ltr'><strong>σεμνότης</strong></span> <span class='ocrx_word' id='word_1_195' title='bbox 2916 1293 3009 1347; x_wconf 86' lang='grc' dir='ltr'><strong>τοῦ</strong></span> <span class='ocrx_word' id='word_1_196' title='bbox 3026 1290 3396 1362; x_wconf 75' lang='grc' dir='ltr'><strong>ὑπερηφάνου,</strong></span> <span class='ocrx_word' id='word_1_197' title='bbox 3426 1287 3493 1339; x_wconf 81' lang='grc' dir='ltr'><strong>τὸ</strong></span> <span class='ocrx_word' id='word_1_198' title='bbox 3527 1301 3737 1353; x_wconf 88' lang='grc' dir='ltr'>συγγε-</span> 
     </span>
    </p>
   </div>
   <div class='ocr_carea' id='block_1_29' title="bbox 2142 1377 3740 1467">
    <p class='ocr_par' dir='ltr' id='par_1_29' title="bbox 2142 1377 3740 1467">
     <span class='ocr_line' id='line_1_29' title="bbox 2142 1377 3740 1467; baseline -0.016 -17"><span class='ocrx_word' id='word_1_199' title='bbox 2142 1398 2230 1460; x_wconf 83' lang='grc' dir='ltr'>νὲς</span> <span class='ocrx_word' id='word_1_200' title='bbox 2250 1397 2384 1467; x_wconf 82' lang='grc' dir='ltr'>πρὸς</span> <span class='ocrx_word' id='word_1_201' title='bbox 2407 1397 2504 1465; x_wconf 80' lang='grc' dir='ltr'>τὴν</span> <span class='ocrx_word' id='word_1_202' title='bbox 2534 1392 2747 1445; x_wconf 79' lang='grc' dir='ltr'>πλίνθον</span> <span class='ocrx_word' id='word_1_203' title='bbox 2776 1390 2909 1459; x_wconf 76' lang='grc' dir='ltr'>ἔχει.</span> <span class='ocrx_word' id='word_1_204' title='bbox 2954 1387 3015 1440; x_wconf 80' lang='grc' dir='ltr'><strong>Εἰ</strong></span> <span class='ocrx_word' id='word_1_205' title='bbox 3052 1385 3109 1438; x_wconf 86' lang='grc' dir='ltr'>δὲ</span> <span class='ocrx_word' id='word_1_206' title='bbox 3139 1382 3234 1452; x_wconf 79' lang='grc' dir='ltr'><strong>τὴν</strong></span> <span class='ocrx_word' id='word_1_207' title='bbox 3265 1381 3513 1452; x_wconf 83' lang='grc' dir='ltr'>προσεχῆ</span> <span class='ocrx_word' id='word_1_208' title='bbox 3549 1393 3613 1428; x_wconf 84' lang='grc' dir='ltr'>τε</span> <span class='ocrx_word' id='word_1_209' title='bbox 3642 1377 3740 1426; x_wconf 68' lang='grc' dir='ltr'>καὶ</span> 
     </span>
    </p>
   </div>
   <div class='ocr_carea' id='block_1_30' title="bbox 2143 1467 3739 1560">
    <p class='ocr_par' dir='ltr' id='par_1_30' title="bbox 2143 1467 3739 1560">
     <span class='ocr_line' id='line_1_30' title="bbox 2143 1467 3739 1560; baseline -0.016 -17"><span class='ocrx_word' id='word_1_210' title='bbox 2143 1491 2430 1560; x_wconf 86' lang='grc' dir='ltr'>πρόχειρον</span> <span class='ocrx_word' id='word_1_211' title='bbox 2481 1487 2578 1556; x_wconf 74' lang='grc' dir='ltr'><strong>τῆς</strong></span> <span class='ocrx_word' id='word_1_212' title='bbox 2625 1483 2890 1552; x_wconf 86' lang='grc' dir='ltr'>γενέσεως</span> <span class='ocrx_word' id='word_1_213' title='bbox 2940 1480 3115 1532; x_wconf 84' lang='grc' dir='ltr'>εἰπεῖν</span> <span class='ocrx_word' id='word_1_214' title='bbox 3154 1475 3379 1536; x_wconf 78' lang='grc' dir='ltr'>ἐθέλοις,</span> <span class='ocrx_word' id='word_1_215' title='bbox 3409 1472 3621 1537; x_wconf 78' lang='grc' dir='ltr'>ἄπαγε,</span> <span class='ocrx_word' id='word_1_216' title='bbox 3665 1467 3739 1536; x_wconf 79' lang='grc' dir='ltr'>μὴ</span> 
     </span>
    </p>
   </div>
   <div class='ocr_carea' id='block_1_31' title="bbox 2144 1560 3738 1652">
    <p class='ocr_par' dir='ltr' id='par_1_31' title="bbox 2144 1560 3738 1652">
     <span class='ocr_line' id='line_1_31' title="bbox 2144 1560 3738 1652; baseline -0.016 -17"><span class='ocrx_word' id='word_1_217' title='bbox 2144 1582 2352 1652; x_wconf 79' lang='grc' dir='ltr'><strong>φθέγξῃ</strong></span> <span class='ocrx_word' id='word_1_218' title='bbox 2402 1580 2530 1649; x_wconf 68' lang='grc' dir='ltr'>περὶ</span> <span class='ocrx_word' id='word_1_219' title='bbox 2579 1577 2806 1629; x_wconf 83' lang='grc' dir='ltr'>τούτου·</span> <span class='ocrx_word' id='word_1_220' title='bbox 2843 1576 2918 1644; x_wconf 85' lang='grc' dir='ltr'>μὴ</span> <span class='ocrx_word' id='word_1_221' title='bbox 2950 1570 3174 1642; x_wconf 79' lang='grc' dir='ltr'>γρύξῃς,</span> <span class='ocrx_word' id='word_1_222' title='bbox 3224 1567 3298 1637; x_wconf 81' lang='grc' dir='ltr'>μὴ</span> <span class='ocrx_word' id='word_1_223' title='bbox 3346 1560 3738 1629; x_wconf 52' lang='grc' dir='ltr'>ἀνακαλύψας,</span> 
     </span>
    </p>
   </div>
   <div class='ocr_carea' id='block_1_32' title="bbox 2143 1654 3740 1740">
    <p class='ocr_par' dir='ltr' id='par_1_32' title="bbox 2143 1654 3740 1740">
     <span class='ocr_line' id='line_1_32' title="bbox 2143 1654 3740 1740; baseline -0.013 -14"><span class='ocrx_word' id='word_1_224' title='bbox 2143 1673 2325 1736; x_wconf 86' lang='grc' dir='ltr'>καθώς</span> <span class='ocrx_word' id='word_1_225' title='bbox 2358 1689 2521 1740; x_wconf 78' lang='grc' dir='ltr'>φησιν</span> <span class='ocrx_word' id='word_1_226' title='bbox 2547 1672 2574 1722; x_wconf 89' lang='lat'><strong>6</strong></span> <span class='ocrx_word' id='word_1_227' title='bbox 2601 1669 2762 1737; x_wconf 87' lang='grc' dir='ltr'>νόμος</span> <span class='ocrx_word' id='word_1_228' title='bbox 2783 1705 2799 1728; x_wconf 93' lang='grc'><strong>,</strong></span> <span class='ocrx_word' id='word_1_229' title='bbox 2829 1662 3215 1734; x_wconf 77' lang='grc' dir='ltr'>ἀσχημοσύνην</span> <span class='ocrx_word' id='word_1_230' title='bbox 3245 1656 3456 1727; x_wconf 77' lang='grc' dir='ltr'>πατρὸς</span> <span class='ocrx_word' id='word_1_231' title='bbox 3490 1654 3593 1706; x_wconf 75' lang='grc' dir='ltr'>καὶ</span> <span class='ocrx_word' id='word_1_232' title='bbox 3629 1668 3740 1721; x_wconf 76' lang='grc' dir='ltr'>μη-</span> 
     </span>
    </p>
   </div>
   <div class='ocr_carea' id='block_1_33' title="bbox 2142 1744 3742 1837">
    <p class='ocr_par' dir='ltr' id='par_1_33' title="bbox 2142 1744 3742 1837">
     <span class='ocr_line' id='line_1_33' title="bbox 2142 1744 3742 1837; baseline -0.016 -18"><span class='ocrx_word' id='word_1_233' title='bbox 2142 1765 2271 1837; x_wconf 85' lang='grc' dir='ltr'>τρός</span> <span class='ocrx_word' id='word_1_234' title='bbox 2314 1783 2406 1816; x_wconf 89' lang='grc' dir='ltr'><strong>σου</strong></span> <span class='ocrx_word' id='word_1_235' title='bbox 2439 1781 2450 1792; x_wconf 91' lang='grc'><strong>·</strong></span> <span class='ocrx_word' id='word_1_236' title='bbox 2484 1762 2557 1832; x_wconf 84' lang='grc' dir='ltr'>μὴ</span> <span class='ocrx_word' id='word_1_237' title='bbox 2591 1757 2958 1830; x_wconf 82' lang='grc' dir='ltr'>δημοσιεύσῃς</span> <span class='ocrx_word' id='word_1_238' title='bbox 2987 1754 3066 1824; x_wconf 86' lang='grc' dir='ltr'><strong>τῷ</strong></span> <span class='ocrx_word' id='word_1_239' title='bbox 3102 1751 3242 1820; x_wconf 84' lang='grc' dir='ltr'>λόγῳ</span> <span class='ocrx_word' id='word_1_240' title='bbox 3287 1748 3356 1801; x_wconf 76' lang='grc' dir='ltr'><strong>τὰ</strong></span> <span class='ocrx_word' id='word_1_241' title='bbox 3385 1747 3568 1817; x_wconf 80' lang='grc' dir='ltr'>λήθης</span> <span class='ocrx_word' id='word_1_242' title='bbox 3613 1744 3742 1837; x_wconf 77' lang='grc' dir='ltr'>ἄξια</span> 
     </span>
    </p>
   </div>
   <div class='ocr_carea' id='block_1_34' title="bbox 465 1822 2045 1925">
    <p class='ocr_par' dir='ltr' id='par_1_34' title="bbox 465 1822 2041 1922">
     <span class='ocr_line' id='line_1_34' title="bbox 465 1822 2041 1922; baseline -0.001 -16"><span class='ocrx_word' id='word_1_243' title='bbox 465 1822 593 1906; x_wconf 61' lang='lat' dir='ltr'><strong>cuin</strong></span> <span class='ocrx_word' id='word_1_244' title='bbox 643 1851 810 1906; x_wconf 89' lang='lat' dir='ltr'><strong>latere</strong></span> <span class='ocrx_word' id='word_1_245' title='bbox 850 1852 1031 1906; x_wconf 89' lang='lat' dir='ltr'><strong>habet.</strong></span> <span class='ocrx_word' id='word_1_246' title='bbox 1089 1822 1244 1919; x_wconf 51' lang='lat' dir='ltr'><strong>Quod</strong></span> <span class='ocrx_word' id='word_1_247' title='bbox 1282 1854 1327 1907; x_wconf 90' lang='lat' dir='ltr'><strong>si</strong></span> <span class='ocrx_word' id='word_1_248' title='bbox 1377 1822 1693 1906; x_wconf 68' lang='lat' dir='ltr'><strong>continuam</strong></span> <span class='ocrx_word' id='word_1_249' title='bbox 1726 1822 1943 1922; x_wconf 61' lang='lat' dir='ltr'><strong>pariter</strong></span> <span class='ocrx_word' id='word_1_250' title='bbox 1987 1859 2041 1906; x_wconf 93' lang='lat' dir='ltr'><strong>et</strong></span> 
     </span>
    </p>
   </div>
   <div class='ocr_carea' id='block_1_35' title="bbox 2152 1822 3743 1925">
    <p class='ocr_par' dir='ltr' id='par_1_35' title="bbox 2152 1822 3743 1925">
     <span class='ocr_line' id='line_1_35' title="bbox 2152 1822 3743 1925; baseline -0.014 -16"><span class='ocrx_word' id='word_1_251' title='bbox 2152 1822 2496 1925; x_wconf 35' lang='grc' dir='ltr'>καὶ-βαθείας.</span> <span class='ocrx_word' id='word_1_252' title='bbox 2515 1822 2693 1921; x_wconf 69' lang='grc' dir='ltr'>σὶγῆξ.</span> <span class='ocrx_word' id='word_1_253' title='bbox 2737 1846 2870 1902; x_wconf 83' lang='grc' dir='ltr'><strong>Εἶτα</strong></span> <span class='ocrx_word' id='word_1_254' title='bbox 2900 1822 3001 1899; x_wconf 72' lang='grc' dir='ltr'><strong>δύκ</strong></span> <span class='ocrx_word' id='word_1_255' title='bbox 3033 1822 3309 1916; x_wconf 75' lang='grc' dir='ltr'>έρυθριᾷς,</span> <span class='ocrx_word' id='word_1_256' title='bbox 3340 1843 3371 1894; x_wconf 91' lang='grc' dir='ltr'><strong>ό</strong></span> <span class='ocrx_word' id='word_1_257' title='bbox 3401 1841 3598 1910; x_wconf 68' lang='grc' dir='ltr'>γήϊνος</span> <span class='ocrx_word' id='word_1_258' title='bbox 3645 1836 3743 1888; x_wconf 77' lang='grc' dir='ltr'><strong>ἀν-</strong></span> 
     </span>
    </p>
   </div>
   <div class='ocr_carea' id='block_1_36' title="bbox 461 1944 2043 2015">
    <p class='ocr_par' dir='ltr' id='par_1_36' title="bbox 461 1944 2043 2015">
     <span class='ocr_line' id='line_1_36' title="bbox 461 1944 2043 2015; baseline 0.003 -19"><span class='ocrx_word' id='word_1_259' title='bbox 461 1958 585 1997; x_wconf 86' lang='lat' dir='ltr'><strong>eam</strong></span> <span class='ocrx_word' id='word_1_260' title='bbox 621 1961 742 2014; x_wconf 66' lang='lat' dir='ltr'><strong>qum</strong></span> <span class='ocrx_word' id='word_1_261' title='bbox 769 1945 821 1999; x_wconf 89' lang='lat' dir='ltr'><strong>in</strong></span> <span class='ocrx_word' id='word_1_262' title='bbox 867 1953 1122 2015; x_wconf 91' lang='lat' dir='ltr'><strong>promptu</strong></span> <span class='ocrx_word' id='word_1_263' title='bbox 1163 1953 1324 2015; x_wconf 87' lang='lat' dir='ltr'><strong>atque</strong></span> <span class='ocrx_word' id='word_1_264' title='bbox 1375 1944 1629 2013; x_wconf 83' lang='lat' dir='ltr'><strong>expedito</strong></span> <span class='ocrx_word' id='word_1_265' title='bbox 1677 1946 2043 2014; x_wconf 91' lang='lat' dir='ltr'><strong>omnibusque</strong></span> 
     </span>
    </p>
   </div>
   <div class='ocr_carea' id='block_1_37' title="bbox 467 2034 2044 2106">
    <p class='ocr_par' dir='ltr' id='par_1_37' title="bbox 467 2034 2044 2106">
     <span class='ocr_line' id='line_1_37' title="bbox 467 2034 2044 2106; baseline -0.001 -14"><span class='ocrx_word' id='word_1_266' title='bbox 467 2043 597 2092; x_wconf 84' lang='lat' dir='ltr'><strong>nota</strong></span> <span class='ocrx_word' id='word_1_267' title='bbox 657 2045 742 2090; x_wconf 86' lang='lat' dir='ltr'><strong>est</strong></span> <span class='ocrx_word' id='word_1_268' title='bbox 807 2036 1213 2106; x_wconf 80' lang='lat' dir='ltr'><strong>generationem</strong></span> <span class='ocrx_word' id='word_1_269' title='bbox 1270 2034 1517 2105; x_wconf 87' lang='lat' dir='ltr'><strong>proferre</strong></span> <span class='ocrx_word' id='word_1_270' title='bbox 1585 2036 1756 2099; x_wconf 91' lang='lat' dir='ltr'><strong>velis,</strong></span> <span class='ocrx_word' id='word_1_271' title='bbox 1826 2051 2044 2091; x_wconf 87' lang='lat' dir='ltr'><strong>remove</strong></span> 
     </span>
    </p>
   </div>
   <div class='ocr_carea' id='block_1_38' title="bbox 465 2125 2044 2197">
    <p class='ocr_par' dir='ltr' id='par_1_38' title="bbox 465 2125 2044 2197">
     <span class='ocr_line' id='line_1_38' title="bbox 465 2125 2044 2197; baseline 0.001 -16"><span class='ocrx_word' id='word_1_272' title='bbox 465 2125 676 2190; x_wconf 76' lang='lat' dir='ltr'><strong>isthaec,</strong></span> <span class='ocrx_word' id='word_1_273' title='bbox 705 2142 822 2190; x_wconf 92' lang='lat' dir='ltr'><strong>oro,</strong></span> <span class='ocrx_word' id='word_1_274' title='bbox 858 2142 924 2182; x_wconf 89' lang='lat' dir='ltr'><strong>ne</strong></span> <span class='ocrx_word' id='word_1_275' title='bbox 948 2127 1190 2197; x_wconf 83' lang='lat' dir='ltr'><strong>loquaris</strong></span> <span class='ocrx_word' id='word_1_276' title='bbox 1217 2127 1282 2180; x_wconf 87' lang='lat' dir='ltr'><strong>de</strong></span> <span class='ocrx_word' id='word_1_277' title='bbox 1313 2127 1415 2180; x_wconf 89' lang='lat' dir='ltr'><strong>hac</strong></span> <span class='ocrx_word' id='word_1_278' title='bbox 1451 2141 1542 2181; x_wconf 91' lang='lat' dir='ltr'><strong>re:</strong></span> <span class='ocrx_word' id='word_1_279' title='bbox 1580 2127 1950 2193; x_wconf 86' lang='lat' dir='ltr'><strong>obmutescas,</strong></span> <span class='ocrx_word' id='word_1_280' title='bbox 1976 2143 2044 2182; x_wconf 92' lang='lat' dir='ltr'><strong>ne</strong></span> 
     </span>
    </p>
   </div>
   <div class='ocr_carea' id='block_1_39' title="bbox 468 2214 2041 2288">
    <p class='ocr_par' dir='ltr' id='par_1_39' title="bbox 468 2214 2041 2288">
     <span class='ocr_line' id='line_1_39' title="bbox 468 2214 2041 2288; baseline 0.003 -20"><span class='ocrx_word' id='word_1_281' title='bbox 468 2214 676 2276; x_wconf 85' lang='lat' dir='ltr'><strong>hiscas.</strong></span> <span class='ocrx_word' id='word_1_282' title='bbox 728 2231 794 2270; x_wconf 91' lang='lat' dir='ltr'><strong>ne</strong></span> <span class='ocrx_word' id='word_1_283' title='bbox 823 2217 1052 2282; x_wconf 85' lang='lat' dir='ltr'><strong>reveles,</strong></span> <span class='ocrx_word' id='word_1_284' title='bbox 1083 2225 1142 2270; x_wconf 91' lang='lat' dir='ltr'><strong>ut</strong></span> <span class='ocrx_word' id='word_1_285' title='bbox 1175 2218 1260 2272; x_wconf 76' lang='lat' dir='ltr'><strong>lex</strong></span> <span class='ocrx_word' id='word_1_286' title='bbox 1298 2217 1495 2287; x_wconf 84' lang='lat' dir='ltr'><strong>inquit.</strong></span> <span class='ocrx_word' id='word_1_287' title='bbox 1531 2217 1766 2273; x_wconf 87' lang='lat' dir='ltr'><strong>dedecus</strong></span> <span class='ocrx_word' id='word_1_288' title='bbox 1793 2220 1963 2288; x_wconf 89' lang='lat' dir='ltr'><strong>patris</strong></span> <span class='ocrx_word' id='word_1_289' title='bbox 1985 2227 2041 2273; x_wconf 87' lang='lat' dir='ltr'><strong>et</strong></span> 
     </span>
    </p>
   </div>
   <div class='ocr_carea' id='block_1_40' title="bbox 467 2306 2042 2380">
    <p class='ocr_par' dir='ltr' id='par_1_40' title="bbox 467 2306 2042 2380">
     <span class='ocr_line' id='line_1_40' title="bbox 467 2306 2042 2380; baseline 0.001 -17"><span class='ocrx_word' id='word_1_290' title='bbox 467 2306 662 2363; x_wconf 86' lang='lat' dir='ltr'><strong>matris</strong></span> <span class='ocrx_word' id='word_1_291' title='bbox 712 2315 817 2360; x_wconf 75' lang='lat' dir='ltr'><strong>tua:</strong></span> <span class='ocrx_word' id='word_1_292' title='bbox 838 2309 883 2339; x_wconf 76' lang='grc'><strong>⁸³</strong></span> <span class='ocrx_word' id='word_1_293' title='bbox 913 2326 926 2358; x_wconf 86' lang='lat'><strong>:</strong></span> <span class='ocrx_word' id='word_1_294' title='bbox 961 2324 1028 2362; x_wconf 86' lang='lat' dir='ltr'><strong>ne</strong></span> <span class='ocrx_word' id='word_1_295' title='bbox 1058 2325 1310 2364; x_wconf 87' lang='lat' dir='ltr'><strong>sermone</strong></span> <span class='ocrx_word' id='word_1_296' title='bbox 1339 2310 1583 2380; x_wconf 91' lang='lat' dir='ltr'><strong>publices</strong></span> <span class='ocrx_word' id='word_1_297' title='bbox 1613 2319 1773 2379; x_wconf 87' lang='lat' dir='ltr'><strong>atque</strong></span> <span class='ocrx_word' id='word_1_298' title='bbox 1798 2311 2042 2380; x_wconf 81' lang='lat' dir='ltr'><strong>divulges</strong></span> 
     </span>
    </p>
   </div>
   <div class='ocr_carea' id='block_1_41' title="bbox 465 2397 2039 2468">
    <p class='ocr_par' dir='ltr' id='par_1_41' title="bbox 465 2397 2039 2468">
     <span class='ocr_line' id='line_1_41' title="bbox 465 2397 2039 2468; baseline 0 -16"><span class='ocrx_word' id='word_1_299' title='bbox 465 2411 531 2454; x_wconf 81' lang='lat' dir='ltr'><strong>ea</strong></span> <span class='ocrx_word' id='word_1_300' title='bbox 579 2413 699 2466; x_wconf 63' lang='lat' dir='ltr'><strong>quae</strong></span> <span class='ocrx_word' id='word_1_301' title='bbox 743 2397 1016 2452; x_wconf 84' lang='lat' dir='ltr'><strong>oblivione</strong></span> <span class='ocrx_word' id='word_1_302' title='bbox 1050 2406 1211 2466; x_wconf 86' lang='lat' dir='ltr'><strong>atque</strong></span> <span class='ocrx_word' id='word_1_303' title='bbox 1235 2399 1342 2452; x_wconf 88' lang='lat' dir='ltr'><strong>alto</strong></span> <span class='ocrx_word' id='word_1_304' title='bbox 1367 2399 1586 2454; x_wconf 90' lang='lat' dir='ltr'><strong>silentio</strong></span> <span class='ocrx_word' id='word_1_305' title='bbox 1620 2400 1850 2468; x_wconf 83' lang='lat' dir='ltr'><strong>tegenda</strong></span> <span class='ocrx_word' id='word_1_306' title='bbox 1890 2409 2039 2454; x_wconf 89' lang='lat' dir='ltr'><strong>sunt.</strong></span> 
     </span>
    </p>
   </div>
   <div class='ocr_carea' id='block_1_42' title="bbox 384 2486 2038 2562">
    <p class='ocr_par' dir='ltr' id='par_1_42' title="bbox 384 2486 2038 2562">
     <span class='ocr_line' id='line_1_42' title="bbox 384 2486 2038 2562; baseline -0.001 -16"><span class='ocrx_word' id='word_1_307' title='bbox 384 2489 394 2498; x_wconf 91' lang='grc'><em>’</em></span> <span class='ocrx_word' id='word_1_308' title='bbox 467 2486 534 2548; x_wconf 78' lang='lat' dir='ltr'><strong>Et</strong></span> <span class='ocrx_word' id='word_1_309' title='bbox 560 2505 671 2544; x_wconf 90' lang='lat' dir='ltr'><strong>non</strong></span> <span class='ocrx_word' id='word_1_310' title='bbox 698 2489 1000 2552; x_wconf 90' lang='lat' dir='ltr'><strong>erubescis,</strong></span> <span class='ocrx_word' id='word_1_311' title='bbox 1033 2498 1210 2545; x_wconf 91' lang='lat' dir='ltr'><strong>terrea</strong></span> <span class='ocrx_word' id='word_1_312' title='bbox 1240 2499 1439 2553; x_wconf 91' lang='lat' dir='ltr'><strong>statua,</strong></span> <span class='ocrx_word' id='word_1_313' title='bbox 1473 2506 1597 2544; x_wconf 83' lang='lat' dir='ltr'><strong>mox</strong></span> <span class='ocrx_word' id='word_1_314' title='bbox 1632 2492 1810 2562; x_wconf 82' lang='lat' dir='ltr'><strong>pulvis</strong></span> <span class='ocrx_word' id='word_1_315' title='bbox 1836 2491 2038 2554; x_wconf 85' lang='lat' dir='ltr'><strong>futura,</strong></span> 
     </span>
    </p>
   </div>
   <div class='ocr_carea' id='block_1_43' title="bbox 467 2581 2045 2650">
    <p class='ocr_par' dir='ltr' id='par_1_43' title="bbox 467 2581 2045 2650">
     <span class='ocr_line' id='line_1_43' title="bbox 467 2581 2045 2650; baseline 0.001 -15"><span class='ocrx_word' id='word_1_316' title='bbox 467 2581 562 2650; x_wconf 88' lang='lat' dir='ltr'><strong>qui</strong></span> <span class='ocrx_word' id='word_1_317' title='bbox 603 2583 658 2636; x_wconf 90' lang='lat' dir='ltr'><strong>in</strong></span> <span class='ocrx_word' id='word_1_318' title='bbox 704 2581 922 2636; x_wconf 89' lang='lat' dir='ltr'><strong>modum</strong></span> <span class='ocrx_word' id='word_1_319' title='bbox 965 2581 1126 2636; x_wconf 73' lang='lat' dir='ltr'><strong>bullze</strong></span> <span class='ocrx_word' id='word_1_320' title='bbox 1159 2581 1307 2636; x_wconf 91' lang='lat' dir='ltr'><strong>brevi</strong></span> <span class='ocrx_word' id='word_1_321' title='bbox 1330 2581 1653 2636; x_wconf 86' lang='lat' dir='ltr'><strong>duraturum</strong></span> <span class='ocrx_word' id='word_1_322' title='bbox 1700 2583 1754 2636; x_wconf 92' lang='lat' dir='ltr'><strong>in</strong></span> <span class='ocrx_word' id='word_1_323' title='bbox 1785 2592 1834 2637; x_wconf 89' lang='lat' dir='ltr'><strong>te</strong></span> <span class='ocrx_word' id='word_1_324' title='bbox 1867 2591 2045 2637; x_wconf 86' lang='lat' dir='ltr'><strong>tumo-</strong></span> 
     </span>
    </p>
   </div>
   <div class='ocr_carea' id='block_1_44' title="bbox 467 2670 2041 2742">
    <p class='ocr_par' dir='ltr' id='par_1_44' title="bbox 467 2670 2041 2742">
     <span class='ocr_line' id='line_1_44' title="bbox 467 2670 2041 2742; baseline 0.001 -18"><span class='ocrx_word' id='word_1_325' title='bbox 467 2687 580 2725; x_wconf 93' lang='lat' dir='ltr'><strong>rem</strong></span> <span class='ocrx_word' id='word_1_326' title='bbox 615 2672 886 2736; x_wconf 87' lang='lat' dir='ltr'><strong>contines,</strong></span> <span class='ocrx_word' id='word_1_327' title='bbox 921 2679 976 2726; x_wconf 92' lang='lat' dir='ltr'><strong>te</strong></span> <span class='ocrx_word' id='word_1_328' title='bbox 1030 2671 1285 2742; x_wconf 90' lang='lat' dir='ltr'><strong>superbia</strong></span> <span class='ocrx_word' id='word_1_329' title='bbox 1339 2671 1558 2740; x_wconf 89' lang='lat' dir='ltr'><strong>repleri,</strong></span> <span class='ocrx_word' id='word_1_330' title='bbox 1610 2670 1754 2727; x_wconf 90' lang='lat' dir='ltr'><strong>fastu</strong></span> <span class='ocrx_word' id='word_1_331' title='bbox 1810 2681 2041 2736; x_wconf 88' lang='lat' dir='ltr'><strong>tumere,</strong></span> 
     </span>
    </p>
   </div>
   <div class='ocr_carea' id='block_1_45' title="bbox 468 2763 2044 2834">
    <p class='ocr_par' dir='ltr' id='par_1_45' title="bbox 468 2763 2044 2834">
     <span class='ocr_line' id='line_1_45' title="bbox 468 2763 2044 2834; baseline 0 -17"><span class='ocrx_word' id='word_1_332' title='bbox 468 2777 612 2817; x_wconf 88' lang='lat' dir='ltr'><strong>vano</strong></span> <span class='ocrx_word' id='word_1_333' title='bbox 667 2764 864 2832; x_wconf 90' lang='lat' dir='ltr'><strong>spiritu</strong></span> <span class='ocrx_word' id='word_1_334' title='bbox 921 2772 1084 2833; x_wconf 91' lang='lat' dir='ltr'><strong>atque</strong></span> <span class='ocrx_word' id='word_1_335' title='bbox 1127 2763 1457 2834; x_wconf 87' lang='lat' dir='ltr'><strong>cogitatione</strong></span> <span class='ocrx_word' id='word_1_336' title='bbox 1508 2772 1746 2817; x_wconf 88' lang='lat' dir='ltr'><strong>mentem</strong></span> <span class='ocrx_word' id='word_1_337' title='bbox 1801 2763 2044 2818; x_wconf 88' lang='lat' dir='ltr'><strong>inﬂatam</strong></span> 
     </span>
    </p>
   </div>
   <div class='ocr_carea' id='block_1_46' title="bbox 467 2854 2047 2926">
    <p class='ocr_par' dir='ltr' id='par_1_46' title="bbox 467 2854 2047 2926">
     <span class='ocr_line' id='line_1_46' title="bbox 467 2854 2047 2926; baseline 0.001 -16"><span class='ocrx_word' id='word_1_338' title='bbox 467 2854 690 2910; x_wconf 81' lang='lat' dir='ltr'><strong>habere.</strong></span> <span class='ocrx_word' id='word_1_339' title='bbox 715 2856 910 2910; x_wconf 88' lang='lat' dir='ltr'><strong>Annon</strong></span> <span class='ocrx_word' id='word_1_340' title='bbox 945 2857 1174 2926; x_wconf 87' lang='lat' dir='ltr'><strong>respicis</strong></span> <span class='ocrx_word' id='word_1_341' title='bbox 1210 2855 1277 2909; x_wconf 89' lang='lat' dir='ltr'><strong>ad</strong></span> <span class='ocrx_word' id='word_1_342' title='bbox 1309 2865 1604 2926; x_wconf 91' lang='lat' dir='ltr'><strong>utrumque</strong></span> <span class='ocrx_word' id='word_1_343' title='bbox 1629 2857 1751 2911; x_wconf 59' lang='lat' dir='ltr'><strong>vitae</strong></span> <span class='ocrx_word' id='word_1_344' title='bbox 1795 2857 2047 2912; x_wconf 71' lang='lat' dir='ltr'><strong>humanae</strong></span> 
     </span>
    </p>
   </div>
   <div class='ocr_carea' id='block_1_47' title="bbox 470 2945 2046 3017">
    <p class='ocr_par' dir='ltr' id='par_1_47' title="bbox 470 2945 2046 3017">
     <span class='ocr_line' id='line_1_47' title="bbox 470 2945 2046 3017; baseline 0.003 -19"><span class='ocrx_word' id='word_1_345' title='bbox 470 2946 787 3011; x_wconf 76' lang='lat' dir='ltr'><strong>terminum,</strong></span> <span class='ocrx_word' id='word_1_346' title='bbox 815 2947 960 3000; x_wconf 88' lang='lat' dir='ltr'><strong>unde</strong></span> <span class='ocrx_word' id='word_1_347' title='bbox 1004 2955 1058 3001; x_wconf 91' lang='lat' dir='ltr'><strong>et</strong></span> <span class='ocrx_word' id='word_1_348' title='bbox 1094 2945 1307 3000; x_wconf 91' lang='lat' dir='ltr'><strong>initium</strong></span> <span class='ocrx_word' id='word_1_349' title='bbox 1340 2957 1540 3010; x_wconf 87' lang='lat' dir='ltr'><strong>sumat,</strong></span> <span class='ocrx_word' id='word_1_350' title='bbox 1582 2956 1637 3002; x_wconf 92' lang='lat' dir='ltr'><strong>et</strong></span> <span class='ocrx_word' id='word_1_351' title='bbox 1685 2947 1739 3000; x_wconf 92' lang='lat' dir='ltr'><strong>in</strong></span> <span class='ocrx_word' id='word_1_352' title='bbox 1777 2949 1904 3017; x_wconf 91' lang='lat' dir='ltr'><strong>quid</strong></span> <span class='ocrx_word' id='word_1_353' title='bbox 1949 2949 2046 3003; x_wconf 91' lang='lat' dir='ltr'><strong>de-</strong></span> 
     </span>
    </p>
   </div>
   <div class='ocr_carea' id='block_1_48' title="bbox 468 3034 2050 3108">
    <p class='ocr_par' dir='ltr' id='par_1_48' title="bbox 468 3034 2050 3108">
     <span class='ocr_line' id='line_1_48' title="bbox 468 3034 2050 3108; baseline 0.006 -22"><span class='ocrx_word' id='word_1_354' title='bbox 468 3034 659 3096; x_wconf 79' lang='lat' dir='ltr'><strong>sinat?</strong></span> <span class='ocrx_word' id='word_1_355' title='bbox 691 3034 892 3090; x_wconf 77' lang='lat' dir='ltr'><strong>Verum</strong></span> <span class='ocrx_word' id='word_1_356' title='bbox 923 3037 1175 3106; x_wconf 88' lang='lat' dir='ltr'><strong>superbis</strong></span> <span class='ocrx_word' id='word_1_357' title='bbox 1206 3053 1271 3090; x_wconf 91' lang='lat' dir='ltr'><strong>ac</strong></span> <span class='ocrx_word' id='word_1_358' title='bbox 1307 3038 1484 3106; x_wconf 87' lang='lat' dir='ltr'><strong>jactas</strong></span> <span class='ocrx_word' id='word_1_359' title='bbox 1519 3047 1569 3092; x_wconf 93' lang='lat' dir='ltr'><strong>te</strong></span> <span class='ocrx_word' id='word_1_360' title='bbox 1598 3040 1818 3094; x_wconf 88' lang='lat' dir='ltr'><strong>nomine</strong></span> <span class='ocrx_word' id='word_1_361' title='bbox 1849 3040 2050 3108; x_wconf 85' lang='lat' dir='ltr'><strong>juven—</strong></span> 
     </span>
    </p>
   </div>
   <div class='ocr_carea' id='block_1_49' title="bbox 471 3125 2048 3200">
    <p class='ocr_par' dir='ltr' id='par_1_49' title="bbox 471 3125 2048 3200">
     <span class='ocr_line' id='line_1_49' title="bbox 471 3125 2048 3200; baseline 0.002 -20"><span class='ocrx_word' id='word_1_362' title='bbox 471 3125 604 3180; x_wconf 86' lang='lat' dir='ltr'><strong>tutis</strong></span> <span class='ocrx_word' id='word_1_363' title='bbox 649 3135 703 3180; x_wconf 90' lang='lat' dir='ltr'><strong>et</strong></span> <span class='ocrx_word' id='word_1_364' title='bbox 735 3125 803 3182; x_wconf 90' lang='lat' dir='ltr'><strong>ad</strong></span> <span class='ocrx_word' id='word_1_365' title='bbox 835 3126 1021 3181; x_wconf 89' lang='lat' dir='ltr'><strong>ﬂorem</strong></span> <span class='ocrx_word' id='word_1_366' title='bbox 1064 3127 1242 3182; x_wconf 68' lang='lat' dir='ltr'><strong>aatatis</strong></span> <span class='ocrx_word' id='word_1_367' title='bbox 1293 3128 1545 3198; x_wconf 88' lang='lat' dir='ltr'><strong>respicis,</strong></span> <span class='ocrx_word' id='word_1_368' title='bbox 1592 3140 1646 3183; x_wconf 92' lang='lat' dir='ltr'><strong>et</strong></span> <span class='ocrx_word' id='word_1_369' title='bbox 1685 3129 1962 3200; x_wconf 87' lang='lat' dir='ltr'><strong>gloriaris,</strong></span> <span class='ocrx_word' id='word_1_370' title='bbox 1994 3137 2048 3184; x_wconf 92' lang='lat' dir='ltr'><strong>et</strong></span> 
     </span>
    </p>
   </div>
   <div class='ocr_carea' id='block_1_50' title="bbox 470 3215 2043 3290">
    <p class='ocr_par' dir='ltr' id='par_1_50' title="bbox 470 3215 2043 3290">
     <span class='ocr_line' id='line_1_50' title="bbox 470 3215 2043 3290; baseline 0.004 -20"><span class='ocrx_word' id='word_1_371' title='bbox 470 3215 570 3271; x_wconf 87' lang='lat' dir='ltr'><strong>tibi</strong></span> <span class='ocrx_word' id='word_1_372' title='bbox 619 3217 802 3287; x_wconf 88' lang='lat' dir='ltr'><strong>places</strong></span> <span class='ocrx_word' id='word_1_373' title='bbox 853 3229 1073 3288; x_wconf 89' lang='lat' dir='ltr'><strong>propter</strong></span> <span class='ocrx_word' id='word_1_374' title='bbox 1121 3219 1372 3274; x_wconf 88' lang='lat' dir='ltr'><strong>decorem</strong></span> <span class='ocrx_word' id='word_1_375' title='bbox 1427 3227 1481 3274; x_wconf 90' lang='lat' dir='ltr'><strong>et</strong></span> <span class='ocrx_word' id='word_1_376' title='bbox 1542 3221 2043 3290; x_wconf 84' lang='lat' dir='ltr'><strong>pulchritudinem,</strong></span> 
     </span>
    </p>
   </div>
   <div class='ocr_carea' id='block_1_51' title="bbox 468 3305 2040 3379">
    <p class='ocr_par' dir='ltr' id='par_1_51' title="bbox 468 3305 2040 3379">
     <span class='ocr_line' id='line_1_51' title="bbox 468 3305 2040 3379; baseline 0.003 -20"><span class='ocrx_word' id='word_1_377' title='bbox 468 3305 618 3376; x_wconf 90' lang='lat' dir='ltr'><strong>quod</strong></span> <span class='ocrx_word' id='word_1_378' title='bbox 644 3307 739 3362; x_wconf 90' lang='lat' dir='ltr'><strong>tibi</strong></span> <span class='ocrx_word' id='word_1_379' title='bbox 774 3321 971 3362; x_wconf 91' lang='lat' dir='ltr'><strong>manus</strong></span> <span class='ocrx_word' id='word_1_380' title='bbox 1006 3323 1172 3377; x_wconf 87' lang='lat' dir='ltr'><strong>supra</strong></span> <span class='ocrx_word' id='word_1_381' title='bbox 1205 3307 1425 3362; x_wconf 89' lang='lat' dir='ltr'><strong>modum</strong></span> <span class='ocrx_word' id='word_1_382' title='bbox 1470 3310 1685 3379; x_wconf 82' lang='lat' dir='ltr'><strong>vigeant</strong></span> <span class='ocrx_word' id='word_1_383' title='bbox 1713 3311 1779 3365; x_wconf 89' lang='lat' dir='ltr'><strong>ad</strong></span> <span class='ocrx_word' id='word_1_384' title='bbox 1811 3321 2040 3376; x_wconf 92' lang='lat' dir='ltr'><strong>motum,</strong></span> 
     </span>
    </p>
   </div>
   <div class='ocr_carea' id='block_1_52' title="bbox 470 3397 2045 3473">
    <p class='ocr_par' dir='ltr' id='par_1_52' title="bbox 470 3397 2045 3473">
     <span class='ocr_line' id='line_1_52' title="bbox 470 3397 2045 3473; baseline 0.006 -23"><span class='ocrx_word' id='word_1_385' title='bbox 470 3397 617 3466; x_wconf 85' lang='lat' dir='ltr'><strong>quod</strong></span> <span class='ocrx_word' id='word_1_386' title='bbox 647 3399 854 3454; x_wconf 86' lang='lat' dir='ltr'><strong>celeres</strong></span> <span class='ocrx_word' id='word_1_387' title='bbox 886 3409 939 3454; x_wconf 90' lang='lat' dir='ltr'><strong>et</strong></span> <span class='ocrx_word' id='word_1_388' title='bbox 969 3401 1184 3454; x_wconf 90' lang='lat' dir='ltr'><strong>veloces</strong></span> <span class='ocrx_word' id='word_1_389' title='bbox 1236 3401 1302 3452; x_wconf 91' lang='lat' dir='ltr'><strong>ad</strong></span> <span class='ocrx_word' id='word_1_390' title='bbox 1345 3402 1540 3455; x_wconf 89' lang='lat' dir='ltr'><strong>saltum</strong></span> <span class='ocrx_word' id='word_1_391' title='bbox 1583 3402 1682 3456; x_wconf 89' lang='lat' dir='ltr'><strong>tibi</strong></span> <span class='ocrx_word' id='word_1_392' title='bbox 1717 3405 1827 3457; x_wconf 88' lang='lat' dir='ltr'><strong>sint</strong></span> <span class='ocrx_word' id='word_1_393' title='bbox 1857 3404 2045 3473; x_wconf 85' lang='lat' dir='ltr'><strong>pedes,</strong></span> 
     </span>
    </p>
   </div>
   <div class='ocr_carea' id='block_1_53' title="bbox 467 3490 2047 3566">
    <p class='ocr_par' dir='ltr' id='par_1_53' title="bbox 467 3490 2047 3566">
     <span class='ocr_line' id='line_1_53' title="bbox 467 3490 2047 3566; baseline 0.003 -21"><span class='ocrx_word' id='word_1_394' title='bbox 467 3490 618 3563; x_wconf 85' lang='lat' dir='ltr'><strong>quod</strong></span> <span class='ocrx_word' id='word_1_395' title='bbox 665 3491 897 3562; x_wconf 90' lang='lat' dir='ltr'><strong>capillus</strong></span> <span class='ocrx_word' id='word_1_396' title='bbox 963 3492 1141 3546; x_wconf 91' lang='lat' dir='ltr'><strong>ventis</strong></span> <span class='ocrx_word' id='word_1_397' title='bbox 1199 3491 1581 3556; x_wconf 76' lang='lat' dir='ltr'><strong>diffundatur,</strong></span> <span class='ocrx_word' id='word_1_398' title='bbox 1630 3494 1776 3562; x_wconf 90' lang='lat' dir='ltr'><strong>quod</strong></span> <span class='ocrx_word' id='word_1_399' title='bbox 1847 3496 2047 3566; x_wconf 84' lang='lat' dir='ltr'><strong>lanugo</strong></span> 
     </span>
    </p>
   </div>
   <div class='ocr_carea' id='block_1_54' title="bbox 470 3585 2049 3656">
    <p class='ocr_par' dir='ltr' id='par_1_54' title="bbox 470 3585 2049 3656">
     <span class='ocr_line' id='line_1_54' title="bbox 470 3585 2049 3656; baseline 0.001 -13"><span class='ocrx_word' id='word_1_400' title='bbox 470 3585 725 3643; x_wconf 80' lang='lat' dir='ltr'><strong>maxillas</strong></span> <span class='ocrx_word' id='word_1_401' title='bbox 767 3585 1087 3656; x_wconf 84' lang='lat' dir='ltr'><strong>distinguat,</strong></span> <span class='ocrx_word' id='word_1_402' title='bbox 1130 3585 1276 3654; x_wconf 91' lang='lat' dir='ltr'><strong>quod</strong></span> <span class='ocrx_word' id='word_1_403' title='bbox 1306 3586 1402 3640; x_wconf 88' lang='lat' dir='ltr'><strong>tibi</strong></span> <span class='ocrx_word' id='word_1_404' title='bbox 1435 3587 1602 3641; x_wconf 86' lang='lat' dir='ltr'><strong>vestis</strong></span> <span class='ocrx_word' id='word_1_405' title='bbox 1643 3603 1896 3656; x_wconf 73' lang='lat' dir='ltr'><strong>purpura:</strong></span> <span class='ocrx_word' id='word_1_406' title='bbox 1940 3590 2049 3644; x_wconf 88' lang='lat' dir='ltr'><strong>tin-</strong></span> 
     </span>
    </p>
   </div>
   <div class='ocr_carea' id='block_1_55' title="bbox 2147 1926 3745 2018">
    <p class='ocr_par' dir='ltr' id='par_1_55' title="bbox 2147 1926 3745 2018">
     <span class='ocr_line' id='line_1_55' title="bbox 2147 1926 3745 2018; baseline -0.014 -18"><span class='ocrx_word' id='word_1_407' title='bbox 2147 1946 2322 2018; x_wconf 78' lang='grc' dir='ltr'>δριὰς,</span> <span class='ocrx_word' id='word_1_408' title='bbox 2363 1949 2390 1999; x_wconf 89' lang='lat'><strong>6</strong></span> <span class='ocrx_word' id='word_1_409' title='bbox 2433 1945 2547 2015; x_wconf 85' lang='grc' dir='ltr'>μετ’</span> <span class='ocrx_word' id='word_1_410' title='bbox 2575 1944 2752 2010; x_wconf 80' lang='grc' dir='ltr'>ὀλίγον</span> <span class='ocrx_word' id='word_1_411' title='bbox 2787 1939 3000 2004; x_wconf 83' lang='grc' dir='ltr'>κόνις,ὁ</span> <span class='ocrx_word' id='word_1_412' title='bbox 3027 1934 3376 2006; x_wconf 80' lang='grc' dir='ltr'>πομφόλυγος</span> <span class='ocrx_word' id='word_1_413' title='bbox 3405 1931 3574 2000; x_wconf 80' lang='grc' dir='ltr'>δίκην</span> <span class='ocrx_word' id='word_1_414' title='bbox 3596 1926 3745 1981; x_wconf 79' lang='grc' dir='ltr'><strong>ὠκύ-</strong></span> 
     </span>
    </p>
   </div>
   <div class='ocr_carea' id='block_1_56' title="bbox 2153 2022 3745 2110">
    <p class='ocr_par' dir='ltr' id='par_1_56' title="bbox 2153 2022 3745 2110">
     <span class='ocr_line' id='line_1_56' title="bbox 2153 2022 3745 2110; baseline -0.013 -19"><span class='ocrx_word' id='word_1_415' title='bbox 2153 2056 2317 2110; x_wconf 87' lang='grc' dir='ltr'>μορον</span> <span class='ocrx_word' id='word_1_416' title='bbox 2347 2040 2403 2089; x_wconf 83' lang='grc' dir='ltr'><strong>ὲν</strong></span> <span class='ocrx_word' id='word_1_417' title='bbox 2430 2035 2639 2104; x_wconf 80' lang='grc' dir='ltr'>σεαυτῷ</span> <span class='ocrx_word' id='word_1_418' title='bbox 2672 2033 2940 2104; x_wconf 80' lang='grc' dir='ltr'>περιέχων</span> <span class='ocrx_word' id='word_1_419' title='bbox 2969 2029 3028 2083; x_wconf 83' lang='grc' dir='ltr'><strong>τὸ</strong></span> <span class='ocrx_word' id='word_1_420' title='bbox 3055 2027 3298 2098; x_wconf 80' lang='grc' dir='ltr'>φύσημα,</span> <span class='ocrx_word' id='word_1_421' title='bbox 3333 2024 3560 2094; x_wconf 80' lang='grc' dir='ltr'>πλήρης</span> <span class='ocrx_word' id='word_1_422' title='bbox 3575 2022 3745 2092; x_wconf 81' lang='grc' dir='ltr'>ὑπερ-</span> 
     </span>
    </p>
   </div>
   <div class='ocr_carea' id='block_1_57' title="bbox 2149 2113 3740 2200">
    <p class='ocr_par' dir='ltr' id='par_1_57' title="bbox 2149 2113 3740 2200">
     <span class='ocr_line' id='line_1_57' title="bbox 2149 2113 3740 2200; baseline -0.011 -18"><span class='ocrx_word' id='word_1_423' title='bbox 2149 2129 2383 2200; x_wconf 76' lang='grc' dir='ltr'>ηφανίας</span> <span class='ocrx_word' id='word_1_424' title='bbox 2415 2128 2694 2196; x_wconf 81' lang='grc' dir='ltr'>γινόμενος</span> <span class='ocrx_word' id='word_1_425' title='bbox 2717 2165 2731 2189; x_wconf 89' lang='grc'><strong>,</strong></span> <span class='ocrx_word' id='word_1_426' title='bbox 2767 2125 2861 2178; x_wconf 76' lang='grc' dir='ltr'>καὶ</span> <span class='ocrx_word' id='word_1_427' title='bbox 2912 2117 3392 2192; x_wconf 84' lang='grc' dir='ltr'>περιφλεγμαίνων</span> <span class='ocrx_word' id='word_1_428' title='bbox 3425 2114 3510 2186; x_wconf 81' lang='grc' dir='ltr'><strong>τῷ</strong></span> <span class='ocrx_word' id='word_1_429' title='bbox 3561 2113 3740 2182; x_wconf 78' lang='grc' dir='ltr'>τύφῳ,</span> 
     </span>
    </p>
   </div>
   <div class='ocr_carea' id='block_1_58' title="bbox 2151 2206 3742 2290">
    <p class='ocr_par' dir='ltr' id='par_1_58' title="bbox 2151 2206 3742 2290">
     <span class='ocr_line' id='line_1_58' title="bbox 2151 2206 3742 2290; baseline -0.012 -16"><span class='ocrx_word' id='word_1_430' title='bbox 2151 2223 2246 2275; x_wconf 80' lang='grc' dir='ltr'><strong>καὶ</strong></span> <span class='ocrx_word' id='word_1_431' title='bbox 2290 2221 2367 2290; x_wconf 84' lang='grc' dir='ltr'><strong>τῷ</strong></span> <span class='ocrx_word' id='word_1_432' title='bbox 2420 2220 2630 2289; x_wconf 78' lang='grc' dir='ltr'>ματαίῳ</span> <span class='ocrx_word' id='word_1_433' title='bbox 2683 2217 2990 2288; x_wconf 83' lang='grc' dir='ltr'>φρονήματι</span> <span class='ocrx_word' id='word_1_434' title='bbox 3043 2209 3282 2279; x_wconf 80' lang='grc' dir='ltr'>ὲξογκῶν</span> <span class='ocrx_word' id='word_1_435' title='bbox 3321 2208 3427 2278; x_wconf 81' lang='grc' dir='ltr'>τὴν</span> <span class='ocrx_word' id='word_1_436' title='bbox 3471 2206 3742 2259; x_wconf 79' lang='grc' dir='ltr'>διάνοιαν.</span> 
     </span>
    </p>
   </div>
   <div class='ocr_carea' id='block_1_59' title="bbox 2151 2297 3747 2384">
    <p class='ocr_par' dir='ltr' id='par_1_59' title="bbox 2151 2297 3747 2384">
     <span class='ocr_line' id='line_1_59' title="bbox 2151 2297 3747 2384; baseline -0.011 -18"><span class='ocrx_word' id='word_1_437' title='bbox 2151 2315 2263 2384; x_wconf 82' lang='grc' dir='ltr'>Οὐχ</span> <span class='ocrx_word' id='word_1_438' title='bbox 2305 2314 2436 2383; x_wconf 79' lang='grc' dir='ltr'>όρᾷς</span> <span class='ocrx_word' id='word_1_439' title='bbox 2469 2314 2546 2373; x_wconf 83' lang='grc' dir='ltr'><strong>είς</strong></span> <span class='ocrx_word' id='word_1_440' title='bbox 2581 2311 2866 2380; x_wconf 85' lang='grc' dir='ltr'>ἀμφότερα</span> <span class='ocrx_word' id='word_1_441' title='bbox 2899 2309 2996 2377; x_wconf 82' lang='grc' dir='ltr'>τῆς</span> <span class='ocrx_word' id='word_1_442' title='bbox 3030 2304 3176 2374; x_wconf 76' lang='grc' dir='ltr'>ζωῆς</span> <span class='ocrx_word' id='word_1_443' title='bbox 3207 2299 3305 2354; x_wconf 77' lang='grc' dir='ltr'>τοῦ</span> <span class='ocrx_word' id='word_1_444' title='bbox 3340 2297 3643 2370; x_wconf 76' lang='grc' dir='ltr'>ἀνθρὼτωυ</span> <span class='ocrx_word' id='word_1_445' title='bbox 3673 2297 3747 2350; x_wconf 71' lang='grc' dir='ltr'>τὰ</span> 
     </span>
    </p>
   </div>
   <div class='ocr_carea' id='block_1_60' title="bbox 2153 2386 3749 2474">
    <p class='ocr_par' dir='ltr' id='par_1_60' title="bbox 2153 2386 3749 2474">
     <span class='ocr_line' id='line_1_60' title="bbox 2153 2386 3749 2474; baseline -0.013 -17"><span class='ocrx_word' id='word_1_446' title='bbox 2153 2403 2385 2474; x_wconf 88' lang='grc' dir='ltr'>πέρατα,</span> <span class='ocrx_word' id='word_1_447' title='bbox 2420 2401 2513 2453; x_wconf 74' lang='grc' dir='ltr'><strong>καὶ</strong></span> <span class='ocrx_word' id='word_1_448' title='bbox 2543 2402 2687 2461; x_wconf 80' lang='grc' dir='ltr'>ὅπως</span> <span class='ocrx_word' id='word_1_449' title='bbox 2715 2399 2962 2469; x_wconf 82' lang='grc' dir='ltr'>ἄρχεται,</span> <span class='ocrx_word' id='word_1_450' title='bbox 2993 2395 3087 2448; x_wconf 74' lang='grc' dir='ltr'>καὶ</span> <span class='ocrx_word' id='word_1_451' title='bbox 3121 2394 3202 2456; x_wconf 81' lang='grc' dir='ltr'>εἰς</span> <span class='ocrx_word' id='word_1_452' title='bbox 3227 2393 3256 2445; x_wconf 85' lang='grc' dir='ltr'><strong>ὅ</strong></span> <span class='ocrx_word' id='word_1_453' title='bbox 3279 2409 3329 2444; x_wconf 86' lang='grc' dir='ltr'>τι</span> <span class='ocrx_word' id='word_1_454' title='bbox 3363 2390 3553 2460; x_wconf 78' lang='grc' dir='ltr'>λήγεις</span> <span class='ocrx_word' id='word_1_455' title='bbox 3581 2386 3749 2439; x_wconf 63' lang='lat' dir='ltr'><strong>am</strong></span> 
     </span>
    </p>
   </div>
   <div class='ocr_carea' id='block_1_61' title="bbox 2151 2479 3749 2565">
    <p class='ocr_par' dir='ltr' id='par_1_61' title="bbox 2151 2479 3749 2565">
     <span class='ocr_line' id='line_1_61' title="bbox 2151 2479 3749 2565; baseline -0.011 -18"><span class='ocrx_word' id='word_1_456' title='bbox 2151 2496 2381 2565; x_wconf 80' lang='grc' dir='ltr'>γαυριᾷς</span> <span class='ocrx_word' id='word_1_457' title='bbox 2409 2496 2474 2563; x_wconf 79' lang='grc' dir='ltr'><strong>τῇ</strong></span> <span class='ocrx_word' id='word_1_458' title='bbox 2523 2491 2768 2560; x_wconf 81' lang='grc' dir='ltr'>νεότητι,</span> <span class='ocrx_word' id='word_1_459' title='bbox 2799 2490 2892 2542; x_wconf 71' lang='grc' dir='ltr'><strong>καὶ</strong></span> <span class='ocrx_word' id='word_1_460' title='bbox 2927 2486 3064 2557; x_wconf 82' lang='grc' dir='ltr'>πρὸς</span> <span class='ocrx_word' id='word_1_461' title='bbox 3093 2485 3151 2538; x_wconf 84' lang='grc' dir='ltr'>τὸ</span> <span class='ocrx_word' id='word_1_462' title='bbox 3187 2483 3346 2546; x_wconf 79' lang='grc' dir='ltr'>ἄνθος</span> <span class='ocrx_word' id='word_1_463' title='bbox 3385 2482 3489 2551; x_wconf 84' lang='grc' dir='ltr'><strong>τῆς</strong></span> <span class='ocrx_word' id='word_1_464' title='bbox 3526 2479 3749 2549; x_wconf 68' lang='grc' dir='ltr'>ἡλικίας</span> 
     </span>
    </p>
   </div>
   <div class='ocr_carea' id='block_1_62' title="bbox 2107 2573 3748 2655">
    <p class='ocr_par' dir='ltr' id='par_1_62' title="bbox 2107 2573 3748 2655">
     <span class='ocr_line' id='line_1_62' title="bbox 2107 2573 3748 2655; baseline -0.012 -16"><span class='ocrx_word' id='word_1_465' title='bbox 2107 2636 2112 2640; x_wconf 79' lang='lat'><strong>.</strong></span> <span class='ocrx_word' id='word_1_466' title='bbox 2153 2585 2392 2655; x_wconf 83' lang='grc' dir='ltr'>βλέπεις,</span> <span class='ocrx_word' id='word_1_467' title='bbox 2427 2584 2519 2636; x_wconf 73' lang='grc' dir='ltr'>καὶ</span> <span class='ocrx_word' id='word_1_468' title='bbox 2545 2579 2927 2651; x_wconf 79' lang='grc' dir='ltr'>ὲγκαλλωπίζῃ</span> <span class='ocrx_word' id='word_1_469' title='bbox 2949 2581 3016 2648; x_wconf 82' lang='grc' dir='ltr'><strong>τῇ</strong></span> <span class='ocrx_word' id='word_1_470' title='bbox 3047 2577 3282 2647; x_wconf 79' lang='grc' dir='ltr'>ὤρᾳ,ὄτι</span> <span class='ocrx_word' id='word_1_471' title='bbox 3313 2591 3400 2626; x_wconf 88' lang='grc' dir='ltr'><strong>σοι</strong></span> <span class='ocrx_word' id='word_1_472' title='bbox 3426 2573 3748 2642; x_wconf 72' lang='grc' dir='ltr'>ὑπερσφριο</span> 
     </span>
    </p>
   </div>
   <div class='ocr_carea' id='block_1_63' title="bbox 2151 2660 3752 2744">
    <p class='ocr_par' dir='ltr' id='par_1_63' title="bbox 2151 2660 3752 2744">
     <span class='ocr_line' id='line_1_63' title="bbox 2151 2660 3752 2744; baseline -0.011 -15"><span class='ocrx_word' id='word_1_473' title='bbox 2151 2676 2322 2740; x_wconf 88' lang='grc' dir='ltr'>γῶσιν</span> <span class='ocrx_word' id='word_1_474' title='bbox 2344 2676 2402 2727; x_wconf 86' lang='grc' dir='ltr'>αἱ</span> <span class='ocrx_word' id='word_1_475' title='bbox 2433 2677 2611 2744; x_wconf 89' lang='grc' dir='ltr'>χεῖρες</span> <span class='ocrx_word' id='word_1_476' title='bbox 2646 2673 2783 2743; x_wconf 86' lang='grc' dir='ltr'>πρὸς</span> <span class='ocrx_word' id='word_1_477' title='bbox 2837 2672 3070 2739; x_wconf 83' lang='grc' dir='ltr'>κίνησιν,</span> <span class='ocrx_word' id='word_1_478' title='bbox 3111 2669 3205 2721; x_wconf 78' lang='grc' dir='ltr'><strong>καὶ</strong></span> <span class='ocrx_word' id='word_1_479' title='bbox 3243 2665 3438 2734; x_wconf 85' lang='grc' dir='ltr'>κοῦφοι</span> <span class='ocrx_word' id='word_1_480' title='bbox 3489 2663 3635 2732; x_wconf 78' lang='grc' dir='ltr'>πρὸς</span> <span class='ocrx_word' id='word_1_481' title='bbox 3687 2660 3752 2713; x_wconf 72' lang='grc' dir='ltr'><strong>τὸ</strong></span> 
     </span>
    </p>
   </div>
   <div class='ocr_carea' id='block_1_64' title="bbox 2155 2755 3748 2838">
    <p class='ocr_par' dir='ltr' id='par_1_64' title="bbox 2155 2755 3748 2838">
     <span class='ocr_line' id='line_1_64' title="bbox 2155 2755 3748 2838; baseline -0.01 -17"><span class='ocrx_word' id='word_1_482' title='bbox 2155 2768 2302 2838; x_wconf 81' lang='grc' dir='ltr'>ἆλμα</span> <span class='ocrx_word' id='word_1_483' title='bbox 2323 2771 2370 2820; x_wconf 77' lang='lat' dir='ltr'><strong>oi</strong></span> <span class='ocrx_word' id='word_1_484' title='bbox 2398 2767 2576 2831; x_wconf 83' lang='grc' dir='ltr'>πόδες,</span> <span class='ocrx_word' id='word_1_485' title='bbox 2611 2766 2704 2819; x_wconf 69' lang='grc' dir='ltr'>καὶ</span> <span class='ocrx_word' id='word_1_486' title='bbox 2761 2761 3042 2834; x_wconf 81' lang='grc' dir='ltr'>περισοὸεἰ</span> <span class='ocrx_word' id='word_1_487' title='bbox 3066 2763 3188 2822; x_wconf 80' lang='grc' dir='ltr'>ταῖς</span> <span class='ocrx_word' id='word_1_488' title='bbox 3231 2757 3425 2829; x_wconf 74' lang='grc' dir='ltr'>αὔραις</span> <span class='ocrx_word' id='word_1_489' title='bbox 3447 2758 3480 2810; x_wconf 91' lang='lat'><strong>6</strong></span> <span class='ocrx_word' id='word_1_490' title='bbox 3508 2755 3748 2825; x_wconf 77' lang='grc' dir='ltr'>βόστρυο</span> 
     </span>
    </p>
   </div>
   <div class='ocr_carea' id='block_1_65' title="bbox 2154 2848 3750 2929">
    <p class='ocr_par' dir='ltr' id='par_1_65' title="bbox 2154 2848 3750 2929">
     <span class='ocr_line' id='line_1_65' title="bbox 2154 2848 3750 2929; baseline -0.01 -16"><span class='ocrx_word' id='word_1_491' title='bbox 2154 2877 2266 2929; x_wconf 91' lang='grc' dir='ltr'>χος,</span> <span class='ocrx_word' id='word_1_492' title='bbox 2299 2860 2390 2912; x_wconf 71' lang='grc' dir='ltr'>καὶ</span> <span class='ocrx_word' id='word_1_493' title='bbox 2419 2859 2518 2927; x_wconf 80' lang='grc' dir='ltr'><strong>τὴν</strong></span> <span class='ocrx_word' id='word_1_494' title='bbox 2549 2856 2781 2927; x_wconf 77' lang='grc' dir='ltr'>παρειὰν</span> <span class='ocrx_word' id='word_1_495' title='bbox 2815 2852 3120 2924; x_wconf 73' lang='grc' dir='ltr'>ὑπογράφει</span> <span class='ocrx_word' id='word_1_496' title='bbox 3145 2853 3174 2904; x_wconf 90' lang='lat'><strong>6</strong></span> <span class='ocrx_word' id='word_1_497' title='bbox 3201 2851 3397 2912; x_wconf 72' lang='grc' dir='ltr'>ἴουλος,</span> <span class='ocrx_word' id='word_1_498' title='bbox 3415 2849 3514 2902; x_wconf 75' lang='grc' dir='ltr'><strong>καὶ</strong></span> <span class='ocrx_word' id='word_1_499' title='bbox 3541 2848 3632 2900; x_wconf 76' lang='grc' dir='ltr'>ὅτι</span> <span class='ocrx_word' id='word_1_500' title='bbox 3665 2863 3750 2898; x_wconf 81' lang='grc' dir='ltr'><strong>σοι</strong></span> 
     </span>
    </p>
   </div>
   <div class='ocr_carea' id='block_1_66' title="bbox 2152 2939 3750 3022">
    <p class='ocr_par' dir='ltr' id='par_1_66' title="bbox 2152 2939 3750 3022">
     <span class='ocr_line' id='line_1_66' title="bbox 2152 2939 3750 3022; baseline -0.01 -17"><span class='ocrx_word' id='word_1_501' title='bbox 2152 2954 2186 3022; x_wconf 91' lang='grc' dir='ltr'><strong>ή</strong></span> <span class='ocrx_word' id='word_1_502' title='bbox 2225 2951 2389 3020; x_wconf 79' lang='grc' dir='ltr'>ἐσθὴς</span> <span class='ocrx_word' id='word_1_503' title='bbox 2427 2954 2491 3021; x_wconf 80' lang='grc' dir='ltr'><strong>τῇ</strong></span> <span class='ocrx_word' id='word_1_504' title='bbox 2545 2949 2688 3019; x_wconf 81' lang='grc' dir='ltr'><strong>βαφῇ</strong></span> <span class='ocrx_word' id='word_1_505' title='bbox 2719 2949 2819 3018; x_wconf 83' lang='grc' dir='ltr'><strong>τῆς</strong></span> <span class='ocrx_word' id='word_1_506' title='bbox 2855 2947 3142 3017; x_wconf 85' lang='grc' dir='ltr'>πορφύρας</span> <span class='ocrx_word' id='word_1_507' title='bbox 3171 2939 3618 3014; x_wconf 77' lang='grc' dir='ltr'>ὑπερανθίζεται,</span> <span class='ocrx_word' id='word_1_508' title='bbox 3651 2939 3750 2991; x_wconf 80' lang='grc' dir='ltr'><strong>καὶ</strong></span> 
     </span>
    </p>
   </div>
   <div class='ocr_carea' id='block_1_67' title="bbox 2156 3029 3750 3108">
    <p class='ocr_par' dir='ltr' id='par_1_67' title="bbox 2156 3029 3750 3108">
     <span class='ocr_line' id='line_1_67' title="bbox 2156 3029 3750 3108; baseline -0.008 -12"><span class='ocrx_word' id='word_1_509' title='bbox 2156 3042 2498 3096; x_wconf 83' lang='grc' dir='ltr'>πεποίκιλταί</span> <span class='ocrx_word' id='word_1_510' title='bbox 2536 3059 2618 3093; x_wconf 90' lang='grc' dir='ltr'><strong>σοι</strong></span> <span class='ocrx_word' id='word_1_511' title='bbox 2648 3039 2716 3092; x_wconf 80' lang='grc' dir='ltr'><strong>τὰ</strong></span> <span class='ocrx_word' id='word_1_512' title='bbox 2749 3041 2814 3092; x_wconf 80' lang='grc' dir='ltr'><strong>ἐκ</strong></span> <span class='ocrx_word' id='word_1_513' title='bbox 2845 3038 3025 3108; x_wconf 86' lang='grc' dir='ltr'>σηρῶν</span> <span class='ocrx_word' id='word_1_514' title='bbox 3054 3036 3382 3105; x_wconf 82' lang='grc' dir='ltr'>ὑφάσματα,</span> <span class='ocrx_word' id='word_1_515' title='bbox 3418 3030 3682 3102; x_wconf 72' lang='grc' dir='ltr'>πολέμοις</span> <span class='ocrx_word' id='word_1_516' title='bbox 3713 3029 3750 3098; x_wconf 64' lang='grc' dir='ltr'>ἢ</span> 
     </span>
    </p>
   </div>
   <div class='ocr_carea' id='block_1_68' title="bbox 2156 3123 3751 3206">
    <p class='ocr_par' dir='ltr' id='par_1_68' title="bbox 2156 3123 3751 3206">
     <span class='ocr_line' id='line_1_68' title="bbox 2156 3123 3751 3206; baseline -0.008 -19"><span class='ocrx_word' id='word_1_517' title='bbox 2156 3135 2371 3206; x_wconf 86' lang='grc' dir='ltr'>θήραις,</span> <span class='ocrx_word' id='word_1_518' title='bbox 2397 3136 2430 3204; x_wconf 77' lang='grc' dir='ltr'>ἣ</span> <span class='ocrx_word' id='word_1_519' title='bbox 2483 3151 2623 3185; x_wconf 87' lang='grc' dir='ltr'>τισιν</span> <span class='ocrx_word' id='word_1_520' title='bbox 2658 3131 2919 3200; x_wconf 83' lang='grc' dir='ltr'>ἱστορίαις</span> <span class='ocrx_word' id='word_1_521' title='bbox 2955 3127 3376 3196; x_wconf 85' lang='grc' dir='ltr'>πεποικιλμένα,</span> <span class='ocrx_word' id='word_1_522' title='bbox 3401 3124 3437 3194; x_wconf 73' lang='grc' dir='ltr'>ἢ</span> <span class='ocrx_word' id='word_1_523' title='bbox 3471 3123 3617 3194; x_wconf 77' lang='grc' dir='ltr'>τάχα</span> <span class='ocrx_word' id='word_1_524' title='bbox 3649 3123 3751 3176; x_wconf 71' lang='grc' dir='ltr'>καὶ</span> 
     </span>
    </p>
   </div>
   <div class='ocr_carea' id='block_1_69' title="bbox 2152 3214 3748 3296">
    <p class='ocr_par' dir='ltr' id='par_1_69' title="bbox 2152 3214 3748 3296">
     <span class='ocr_line' id='line_1_69' title="bbox 2152 3214 3748 3296; baseline -0.008 -18"><span class='ocrx_word' id='word_1_525' title='bbox 2152 3227 2288 3296; x_wconf 75' lang='grc' dir='ltr'>πρὸς</span> <span class='ocrx_word' id='word_1_526' title='bbox 2312 3227 2380 3277; x_wconf 81' lang='grc' dir='ltr'><strong>τὰ</strong></span> <span class='ocrx_word' id='word_1_527' title='bbox 2409 3225 2596 3276; x_wconf 86' lang='grc' dir='ltr'>πέδιλα</span> <span class='ocrx_word' id='word_1_528' title='bbox 2627 3223 2844 3292; x_wconf 83' lang='grc' dir='ltr'>βλέπεις</span> <span class='ocrx_word' id='word_1_529' title='bbox 2876 3219 3151 3291; x_wconf 81' lang='grc' dir='ltr'>ἐπιμελῶς</span> <span class='ocrx_word' id='word_1_530' title='bbox 3182 3219 3239 3270; x_wconf 83' lang='grc' dir='ltr'>ὲν</span> <span class='ocrx_word' id='word_1_531' title='bbox 3270 3216 3349 3286; x_wconf 79' lang='grc' dir='ltr'><strong>τῷ</strong></span> <span class='ocrx_word' id='word_1_532' title='bbox 3381 3215 3574 3286; x_wconf 78' lang='grc' dir='ltr'>μέλανι</span> <span class='ocrx_word' id='word_1_533' title='bbox 3597 3214 3748 3267; x_wconf 81' lang='grc' dir='ltr'>στίλ-</span> 
     </span>
    </p>
   </div>
   <div class='ocr_carea' id='block_1_70' title="bbox 2151 3306 3743 3384">
    <p class='ocr_par' dir='ltr' id='par_1_70' title="bbox 2151 3306 3743 3384">
     <span class='ocr_line' id='line_1_70' title="bbox 2151 3306 3743 3384; baseline -0.009 -16"><span class='ocrx_word' id='word_1_534' title='bbox 2151 3319 2332 3378; x_wconf 76' lang='grc' dir='ltr'>ϐοντα,</span> <span class='ocrx_word' id='word_1_535' title='bbox 2363 3316 2454 3368; x_wconf 75' lang='grc' dir='ltr'><strong>καὶ</strong></span> <span class='ocrx_word' id='word_1_536' title='bbox 2498 3315 2806 3384; x_wconf 84' lang='grc' dir='ltr'>περιέργως</span> <span class='ocrx_word' id='word_1_537' title='bbox 2856 3314 2977 3374; x_wconf 83' lang='grc' dir='ltr'>ταῖς</span> <span class='ocrx_word' id='word_1_538' title='bbox 3006 3309 3117 3364; x_wconf 83' lang='grc' dir='ltr'>ἀπὸ</span> <span class='ocrx_word' id='word_1_539' title='bbox 3148 3307 3256 3361; x_wconf 85' lang='grc' dir='ltr'>τῶν</span> <span class='ocrx_word' id='word_1_540' title='bbox 3293 3306 3535 3378; x_wconf 77' lang='grc' dir='ltr'>ραφίδων</span> <span class='ocrx_word' id='word_1_541' title='bbox 3557 3321 3743 3376; x_wconf 79' lang='grc' dir='ltr'>γραμ-</span> 
     </span>
    </p>
   </div>
   <div class='ocr_carea' id='block_1_71' title="bbox 2154 3393 3750 3479">
    <p class='ocr_par' dir='ltr' id='par_1_71' title="bbox 2154 3393 3750 3479">
     <span class='ocr_line' id='line_1_71' title="bbox 2154 3393 3750 3479; baseline -0.01 -19"><span class='ocrx_word' id='word_1_542' title='bbox 2154 3411 2282 3479; x_wconf 88' lang='grc' dir='ltr'>μαῖς</span> <span class='ocrx_word' id='word_1_543' title='bbox 2343 3407 2709 3476; x_wconf 83' lang='grc' dir='ltr'>ἐπιτέρποντα</span> <span class='ocrx_word' id='word_1_544' title='bbox 2739 3421 2754 3469; x_wconf 86' lang='grc'>;</span> <span class='ocrx_word' id='word_1_545' title='bbox 2787 3402 2929 3471; x_wconf 87' lang='grc' dir='ltr'>Πρὸς</span> <span class='ocrx_word' id='word_1_546' title='bbox 2978 3401 3152 3454; x_wconf 82' lang='grc' dir='ltr'>ταῦτα</span> <span class='ocrx_word' id='word_1_547' title='bbox 3207 3399 3450 3469; x_wconf 78' lang='grc' dir='ltr'>βλέπεις.</span> <span class='ocrx_word' id='word_1_548' title='bbox 3496 3394 3640 3467; x_wconf 75' lang='grc' dir='ltr'>πρὸς</span> <span class='ocrx_word' id='word_1_549' title='bbox 3691 3393 3750 3445; x_wconf 78' lang='grc' dir='ltr'>δὲ</span> 
     </span>
    </p>
   </div>
   <div class='ocr_carea' id='block_1_72' title="bbox 2151 3485 3749 3568">
    <p class='ocr_par' dir='ltr' id='par_1_72' title="bbox 2151 3485 3749 3568">
     <span class='ocr_line' id='line_1_72' title="bbox 2151 3485 3749 3568; baseline -0.01 -16"><span class='ocrx_word' id='word_1_550' title='bbox 2151 3498 2375 3554; x_wconf 85' lang='grc' dir='ltr'>σεαυτὸν</span> <span class='ocrx_word' id='word_1_551' title='bbox 2405 3500 2502 3567; x_wconf 75' lang='grc' dir='ltr'><strong>οὐχ</strong></span> <span class='ocrx_word' id='word_1_552' title='bbox 2525 3498 2652 3568; x_wconf 82' lang='grc' dir='ltr'>ὁρᾷς</span> <span class='ocrx_word' id='word_1_553' title='bbox 2673 3513 2687 3561; x_wconf 90' lang='lat'>;</span> <span class='ocrx_word' id='word_1_554' title='bbox 2714 3495 2884 3560; x_wconf 81' lang='grc' dir='ltr'>Δείξω</span> <span class='ocrx_word' id='word_1_555' title='bbox 2907 3511 2988 3547; x_wconf 91' lang='grc' dir='ltr'><strong>σοι</strong></span> <span class='ocrx_word' id='word_1_556' title='bbox 3022 3492 3212 3562; x_wconf 86' lang='grc' dir='ltr'>ῶσπερ</span> <span class='ocrx_word' id='word_1_557' title='bbox 3237 3492 3296 3543; x_wconf 87' lang='grc' dir='ltr'>ὲν</span> <span class='ocrx_word' id='word_1_558' title='bbox 3316 3489 3632 3559; x_wconf 82' lang='grc' dir='ltr'>κατόπτρῳ,</span> <span class='ocrx_word' id='word_1_559' title='bbox 3661 3485 3749 3547; x_wconf 75' lang='grc' dir='ltr'><strong>τίς</strong></span> 
     </span>
    </p>
   </div>
   <div class='ocr_carea' id='block_1_73' title="bbox 2151 3585 2565 3653">
    <p class='ocr_par' dir='ltr' id='par_1_73' title="bbox 2151 3585 2565 3653">
     <span class='ocr_line' id='line_1_73' title="bbox 2151 3585 2565 3653; baseline -0.005 -10"><span class='ocrx_word' id='word_1_560' title='bbox 2151 3587 2199 3643; x_wconf 79' lang='grc' dir='ltr'><strong>εἴ</strong></span> <span class='ocrx_word' id='word_1_561' title='bbox 2235 3592 2329 3644; x_wconf 80' lang='grc' dir='ltr'>καὶ</span> <span class='ocrx_word' id='word_1_562' title='bbox 2361 3585 2470 3653; x_wconf 77' lang='grc' dir='ltr'>οἷος</span> <span class='ocrx_word' id='word_1_563' title='bbox 2498 3586 2565 3641; x_wconf 86' lang='grc' dir='ltr'><strong>εἷ.</strong></span> 
     </span>
    </p>
   </div>
   <div class='ocr_carea' id='block_1_74' title="bbox 470 3673 3745 3757">
    <p class='ocr_par' dir='ltr' id='par_1_74' title="bbox 470 3673 3745 3757">
     <span class='ocr_line' id='line_1_74' title="bbox 470 3673 3745 3757; baseline -0.003 -23"><span class='ocrx_word' id='word_1_564' title='bbox 470 3688 563 3734; x_wconf 89' lang='lat' dir='ltr'><strong>ctu</strong></span> <span class='ocrx_word' id='word_1_565' title='bbox 588 3695 754 3749; x_wconf 88' lang='lat' dir='ltr'><strong>supra</strong></span> <span class='ocrx_word' id='word_1_566' title='bbox 787 3681 1005 3735; x_wconf 90' lang='lat' dir='ltr'><strong>modum</strong></span> <span class='ocrx_word' id='word_1_567' title='bbox 1037 3680 1228 3735; x_wconf 83' lang='lat' dir='ltr'><strong>ﬂorida</strong></span> <span class='ocrx_word' id='word_1_568' title='bbox 1257 3682 1346 3747; x_wconf 86' lang='lat' dir='ltr'><strong>sit,</strong></span> <span class='ocrx_word' id='word_1_569' title='bbox 1380 3681 1526 3752; x_wconf 94' lang='lat' dir='ltr'><strong>quod</strong></span> <span class='ocrx_word' id='word_1_570' title='bbox 1584 3684 1747 3752; x_wconf 92' lang='lat' dir='ltr'><strong>panni</strong></span> <span class='ocrx_word' id='word_1_571' title='bbox 1786 3684 1877 3738; x_wconf 90' lang='lat' dir='ltr'><strong>tibi</strong></span> <span class='ocrx_word' id='word_1_572' title='bbox 1943 3688 2104 3742; x_wconf 90' lang='lat' dir='ltr'><strong>serici</strong></span> <span class='ocrx_word' id='word_1_573' title='bbox 2160 3688 2394 3757; x_wconf 63' lang='lat' dir='ltr'><strong>prwliis,</strong></span> <span class='ocrx_word' id='word_1_574' title='bbox 2449 3686 2925 3746; x_wconf 81' lang='lat' dir='ltr'><strong>venationibusve,</strong></span> <span class='ocrx_word' id='word_1_575' title='bbox 2981 3690 3076 3735; x_wconf 87' lang='lat' dir='ltr'><strong>aut</strong></span> <span class='ocrx_word' id='word_1_576' title='bbox 3118 3679 3366 3735; x_wconf 88' lang='lat' dir='ltr'><strong>historiis</strong></span> <span class='ocrx_word' id='word_1_577' title='bbox 3410 3673 3745 3748; x_wconf 83' lang='lat' dir='ltr'><strong>quibusdam</strong></span> 
     </span>
    </p>
   </div>
   <div class='ocr_carea' id='block_1_75' title="bbox 471 3771 3752 3846">
    <p class='ocr_par' dir='ltr' id='par_1_75' title="bbox 471 3771 3752 3846">
     <span class='ocr_line' id='line_1_75' title="bbox 471 3771 3752 3846; baseline -0.002 -19"><span class='ocrx_word' id='word_1_578' title='bbox 471 3775 753 3844; x_wconf 87' lang='lat' dir='ltr'><strong>variegati,</strong></span> <span class='ocrx_word' id='word_1_579' title='bbox 788 3775 1030 3830; x_wconf 86' lang='lat' dir='ltr'><strong>distincti</strong></span> <span class='ocrx_word' id='word_1_580' title='bbox 1059 3788 1248 3846; x_wconf 86' lang='lat' dir='ltr'><strong>atque</strong></span> <span class='ocrx_word' id='word_1_581' title='bbox 1283 3779 1530 3832; x_wconf 82' lang='lat' dir='ltr'><strong>exornati</strong></span> <span class='ocrx_word' id='word_1_582' title='bbox 1569 3780 1712 3840; x_wconf 90' lang='lat' dir='ltr'><strong>sint,</strong></span> <span class='ocrx_word' id='word_1_583' title='bbox 1775 3789 1868 3832; x_wconf 84' lang='lat' dir='ltr'><strong>aut</strong></span> <span class='ocrx_word' id='word_1_584' title='bbox 1917 3781 2145 3837; x_wconf 76' lang='lat' dir='ltr'><strong>forsitan</strong></span> <span class='ocrx_word' id='word_1_585' title='bbox 2194 3783 2261 3836; x_wconf 87' lang='lat' dir='ltr'><strong>ad</strong></span> <span class='ocrx_word' id='word_1_586' title='bbox 2301 3783 2494 3836; x_wconf 83' lang='lat' dir='ltr'><strong>talaria</strong></span> <span class='ocrx_word' id='word_1_587' title='bbox 2545 3781 2788 3833; x_wconf 81' lang='lat' dir='ltr'><strong>adhibita</strong></span> <span class='ocrx_word' id='word_1_588' title='bbox 2853 3793 2988 3833; x_wconf 86' lang='lat' dir='ltr'><strong>cura</strong></span> <span class='ocrx_word' id='word_1_589' title='bbox 3038 3778 3094 3832; x_wconf 92' lang='lat' dir='ltr'><strong>in</strong></span> <span class='ocrx_word' id='word_1_590' title='bbox 3143 3776 3300 3846; x_wconf 88' lang='lat' dir='ltr'><strong>nigro</strong></span> <span class='ocrx_word' id='word_1_591' title='bbox 3368 3771 3632 3830; x_wconf 83' lang='lat' dir='ltr'><strong>nitentia,</strong></span> <span class='ocrx_word' id='word_1_592' title='bbox 3694 3777 3752 3821; x_wconf 87' lang='lat' dir='ltr'><strong>et</strong></span> 
     </span>
    </p>
   </div>
   <div class='ocr_carea' id='block_1_76' title="bbox 472 3857 3752 3942">
    <p class='ocr_par' dir='ltr' id='par_1_76' title="bbox 472 3857 3752 3942">
     <span class='ocr_line' id='line_1_76' title="bbox 472 3857 3752 3942; baseline -0.002 -23"><span class='ocrx_word' id='word_1_593' title='bbox 472 3864 750 3935; x_wconf 67' lang='lat' dir='ltr'><strong>superﬂuo</strong></span> <span class='ocrx_word' id='word_1_594' title='bbox 796 3882 959 3935; x_wconf 87' lang='lat' dir='ltr'><strong>opere</strong></span> <span class='ocrx_word' id='word_1_595' title='bbox 997 3867 1284 3922; x_wconf 86' lang='lat' dir='ltr'><strong>ﬁbularum</strong></span> <span class='ocrx_word' id='word_1_596' title='bbox 1344 3869 1502 3923; x_wconf 88' lang='lat' dir='ltr'><strong>lineis</strong></span> <span class='ocrx_word' id='word_1_597' title='bbox 1544 3870 1873 3924; x_wconf 82' lang='lat' dir='ltr'><strong>oblectantia</strong></span> <span class='ocrx_word' id='word_1_598' title='bbox 1917 3874 2164 3942; x_wconf 80' lang='lat' dir='ltr'><strong>spectas?</strong></span> <span class='ocrx_word' id='word_1_599' title='bbox 2229 3874 2309 3926; x_wconf 91' lang='lat' dir='ltr'><strong>Ad</strong></span> <span class='ocrx_word' id='word_1_600' title='bbox 2379 3874 2483 3926; x_wconf 80' lang='lat' dir='ltr'><strong>ista</strong></span> <span class='ocrx_word' id='word_1_601' title='bbox 2561 3871 2811 3939; x_wconf 89' lang='lat' dir='ltr'><strong>respicis,</strong></span> <span class='ocrx_word' id='word_1_602' title='bbox 2883 3867 3121 3938; x_wconf 91' lang='lat' dir='ltr'><strong>teipsum</strong></span> <span class='ocrx_word' id='word_1_603' title='bbox 3144 3879 3276 3920; x_wconf 92' lang='lat' dir='ltr'><strong>vero</strong></span> <span class='ocrx_word' id='word_1_604' title='bbox 3321 3877 3438 3917; x_wconf 88' lang='lat' dir='ltr'><strong>non</strong></span> <span class='ocrx_word' id='word_1_605' title='bbox 3465 3857 3752 3916; x_wconf 85' lang='lat' dir='ltr'><strong>intueris?</strong></span> 
     </span>
    </p>
   </div>
   <div class='ocr_carea' id='block_1_77' title="bbox 472 3957 2356 4036">
    <p class='ocr_par' dir='ltr' id='par_1_77' title="bbox 472 3957 2356 4036">
     <span class='ocr_line' id='line_1_77' title="bbox 472 3957 2356 4036; baseline 0.003 -22"><span class='ocrx_word' id='word_1_606' title='bbox 472 3957 765 4014; x_wconf 85' lang='lat' dir='ltr'><strong>Ostendam</strong></span> <span class='ocrx_word' id='word_1_607' title='bbox 819 3960 916 4013; x_wconf 92' lang='lat' dir='ltr'><strong>tibi</strong></span> <span class='ocrx_word' id='word_1_608' title='bbox 960 3967 1219 4030; x_wconf 85' lang='lat' dir='ltr'><strong>tanquam</strong></span> <span class='ocrx_word' id='word_1_609' title='bbox 1277 3961 1328 4015; x_wconf 91' lang='lat' dir='ltr'><strong>in</strong></span> <span class='ocrx_word' id='word_1_610' title='bbox 1379 3963 1622 4031; x_wconf 90' lang='lat' dir='ltr'><strong>speculo,</strong></span> <span class='ocrx_word' id='word_1_611' title='bbox 1674 3965 1766 4033; x_wconf 91' lang='lat' dir='ltr'><strong>qui</strong></span> <span class='ocrx_word' id='word_1_612' title='bbox 1808 3965 1906 4028; x_wconf 88' lang='lat' dir='ltr'><strong>sis,</strong></span> <span class='ocrx_word' id='word_1_613' title='bbox 1959 3977 2014 4020; x_wconf 89' lang='lat' dir='ltr'><strong>et</strong></span> <span class='ocrx_word' id='word_1_614' title='bbox 2049 3969 2226 4036; x_wconf 85' lang='lat' dir='ltr'><strong>qualis</strong></span> <span class='ocrx_word' id='word_1_615' title='bbox 2260 3968 2356 4022; x_wconf 90' lang='lat' dir='ltr'><strong>sis.</strong></span> 
     </span>
    </p>
   </div>
   <div class='ocr_carea' id='block_1_78' title="bbox 543 4053 2050 4129">
    <p class='ocr_par' dir='ltr' id='par_1_78' title="bbox 543 4053 2050 4129">
     <span class='ocr_line' id='line_1_78' title="bbox 543 4053 2050 4129; baseline 0.007 -21"><span class='ocrx_word' id='word_1_616' title='bbox 543 4053 661 4109; x_wconf 89' lang='lat' dir='ltr'><strong>Non</strong></span> <span class='ocrx_word' id='word_1_617' title='bbox 691 4055 868 4110; x_wconf 89' lang='lat' dir='ltr'><strong>vidisti</strong></span> <span class='ocrx_word' id='word_1_618' title='bbox 898 4059 951 4110; x_wconf 88' lang='lat' dir='ltr'><strong>in</strong></span> <span class='ocrx_word' id='word_1_619' title='bbox 984 4057 1105 4111; x_wconf 89' lang='lat' dir='ltr'><strong>loco</strong></span> <span class='ocrx_word' id='word_1_620' title='bbox 1128 4058 1347 4128; x_wconf 90' lang='lat' dir='ltr'><strong>publico</strong></span> <span class='ocrx_word' id='word_1_621' title='bbox 1375 4061 1700 4129; x_wconf 89' lang='lat' dir='ltr'><strong>sepeliendis</strong></span> <span class='ocrx_word' id='word_1_622' title='bbox 1732 4061 2050 4119; x_wconf 90' lang='lat' dir='ltr'><strong>hominibus</strong></span> 
     </span>
    </p>
   </div>
   <div class='ocr_carea' id='block_1_79' title="bbox 475 4146 2049 4221">
    <p class='ocr_par' dir='ltr' id='par_1_79' title="bbox 475 4146 2049 4221">
     <span class='ocr_line' id='line_1_79' title="bbox 475 4146 2049 4221; baseline 0.007 -22"><span class='ocrx_word' id='word_1_623' title='bbox 475 4146 766 4210; x_wconf 84' lang='lat' dir='ltr'><strong>destinato,</strong></span> <span class='ocrx_word' id='word_1_624' title='bbox 791 4155 999 4202; x_wconf 67' lang='lat' dir='ltr'><strong>naturze</strong></span> <span class='ocrx_word' id='word_1_625' title='bbox 1030 4157 1234 4204; x_wconf 72' lang='lat' dir='ltr'><strong>nostra:</strong></span> <span class='ocrx_word' id='word_1_626' title='bbox 1271 4152 1574 4221; x_wconf 88' lang='lat' dir='ltr'><strong>mysteria?</strong></span> <span class='ocrx_word' id='word_1_627' title='bbox 1603 4167 1714 4207; x_wconf 92' lang='lat' dir='ltr'><strong>non</strong></span> <span class='ocrx_word' id='word_1_628' title='bbox 1742 4153 1925 4209; x_wconf 87' lang='lat' dir='ltr'><strong>vidisti</strong></span> <span class='ocrx_word' id='word_1_629' title='bbox 1954 4171 2049 4210; x_wconf 93' lang='lat' dir='ltr'><strong>os-</strong></span> 
     </span>
    </p>
   </div>
   <div class='ocr_carea' id='block_1_80' title="bbox 475 4239 2052 4316">
    <p class='ocr_par' dir='ltr' id='par_1_80' title="bbox 475 4239 2052 4316">
     <span class='ocr_line' id='line_1_80' title="bbox 475 4239 2052 4316; baseline 0.003 -23"><span class='ocrx_word' id='word_1_630' title='bbox 475 4239 640 4304; x_wconf 86' lang='lat' dir='ltr'><strong>sium,</strong></span> <span class='ocrx_word' id='word_1_631' title='bbox 691 4239 810 4294; x_wconf 85' lang='lat' dir='ltr'><strong>aliis</strong></span> <span class='ocrx_word' id='word_1_632' title='bbox 843 4255 1008 4309; x_wconf 84' lang='lat' dir='ltr'><strong>super</strong></span> <span class='ocrx_word' id='word_1_633' title='bbox 1039 4241 1142 4294; x_wconf 87' lang='lat' dir='ltr'><strong>alia</strong></span> <span class='ocrx_word' id='word_1_634' title='bbox 1178 4249 1381 4296; x_wconf 90' lang='lat' dir='ltr'><strong>temere</strong></span> <span class='ocrx_word' id='word_1_635' title='bbox 1407 4243 1668 4312; x_wconf 76' lang='lat' dir='ltr'><strong>.abjectis,</strong></span> <span class='ocrx_word' id='word_1_636' title='bbox 1704 4247 2052 4316; x_wconf 86' lang='lat' dir='ltr'><strong>congeriem?</strong></span> 
     </span>
    </p>
   </div>
   <div class='ocr_carea' id='block_1_81' title="bbox 474 4330 2048 4407">
    <p class='ocr_par' dir='ltr' id='par_1_81' title="bbox 474 4330 2048 4407">
     <span class='ocr_line' id='line_1_81' title="bbox 474 4330 2048 4407; baseline 0.004 -25"><span class='ocrx_word' id='word_1_637' title='bbox 474 4330 744 4385; x_wconf 84' lang='lat' dir='ltr'><strong>calvarias</strong></span> <span class='ocrx_word' id='word_1_638' title='bbox 802 4333 1061 4387; x_wconf 88' lang='lat' dir='ltr'><strong>carnibus</strong></span> <span class='ocrx_word' id='word_1_639' title='bbox 1101 4333 1354 4398; x_wconf 87' lang='lat' dir='ltr'><strong>nudatas,</strong></span> <span class='ocrx_word' id='word_1_640' title='bbox 1406 4336 1707 4391; x_wconf 90' lang='lat' dir='ltr'><strong>terribilem</strong></span> <span class='ocrx_word' id='word_1_641' title='bbox 1759 4337 2048 4407; x_wconf 82' lang='lat' dir='ltr'><strong>quemdam</strong></span> 
     </span>
    </p>
   </div>
   <div class='ocr_carea' id='block_1_82' title="bbox 475 4421 2055 4496">
    <p class='ocr_par' dir='ltr' id='par_1_82' title="bbox 475 4421 2055 4496">
     <span class='ocr_line' id='line_1_82' title="bbox 475 4421 2055 4496; baseline 0.003 -22"><span class='ocrx_word' id='word_1_642' title='bbox 475 4437 537 4474; x_wconf 83' lang='lat' dir='ltr'><strong>ac</strong></span> <span class='ocrx_word' id='word_1_643' title='bbox 567 4421 864 4477; x_wconf 83' lang='lat' dir='ltr'><strong>deformem</strong></span> <span class='ocrx_word' id='word_1_644' title='bbox 893 4433 1172 4494; x_wconf 83' lang='lat' dir='ltr'><strong>aspectum</strong></span> <span class='ocrx_word' id='word_1_645' title='bbox 1200 4425 1485 4480; x_wconf 82' lang='lat' dir='ltr'><strong>exhaustis</strong></span> <span class='ocrx_word' id='word_1_646' title='bbox 1518 4427 1694 4481; x_wconf 90' lang='lat' dir='ltr'><strong>oculis</strong></span> <span class='ocrx_word' id='word_1_647' title='bbox 1715 4427 2055 4496; x_wconf 75' lang='lat' dir='ltr'><strong>praebentes?</strong></span> 
     </span>
    </p>
   </div>
   <div class='ocr_carea' id='block_1_83' title="bbox 475 4513 2048 4588">
    <p class='ocr_par' dir='ltr' id='par_1_83' title="bbox 475 4513 2048 4588">
     <span class='ocr_line' id='line_1_83' title="bbox 475 4513 2048 4588; baseline 0.004 -23"><span class='ocrx_word' id='word_1_648' title='bbox 475 4513 669 4568; x_wconf 68' lang='lat' dir='ltr'><strong>Vidisti</strong></span> <span class='ocrx_word' id='word_1_649' title='bbox 714 4530 811 4568; x_wconf 91' lang='lat' dir='ltr'><strong>ora</strong></span> <span class='ocrx_word' id='word_1_650' title='bbox 871 4515 1169 4584; x_wconf 71' lang='lat' dir='ltr'><strong>ringentis,</strong></span> <span class='ocrx_word' id='word_1_651' title='bbox 1229 4515 1544 4585; x_wconf 79' lang='lat' dir='ltr'><strong>reliquaque</strong></span> <span class='ocrx_word' id='word_1_652' title='bbox 1593 4518 1836 4572; x_wconf 85' lang='lat' dir='ltr'><strong>membra</strong></span> <span class='ocrx_word' id='word_1_653' title='bbox 1888 4528 2048 4588; x_wconf 90' lang='lat' dir='ltr'><strong>prout</strong></span> 
     </span>
    </p>
   </div>
   <div class='ocr_carea' id='block_1_84' title="bbox 476 4603 2053 4676">
    <p class='ocr_par' dir='ltr' id='par_1_84' title="bbox 476 4603 2053 4676">
     <span class='ocr_line' id='line_1_84' title="bbox 476 4603 2053 4676; baseline 0.002 -20"><span class='ocrx_word' id='word_1_654' title='bbox 476 4603 591 4659; x_wconf 87' lang='lat' dir='ltr'><strong>fors</strong></span> <span class='ocrx_word' id='word_1_655' title='bbox 621 4605 764 4668; x_wconf 89' lang='lat' dir='ltr'><strong>tulit,</strong></span> <span class='ocrx_word' id='word_1_656' title='bbox 803 4605 1016 4659; x_wconf 87' lang='lat' dir='ltr'><strong>divulsa</strong></span> <span class='ocrx_word' id='word_1_657' title='bbox 1044 4615 1206 4674; x_wconf 81' lang='lat' dir='ltr'><strong>atque</strong></span> <span class='ocrx_word' id='word_1_658' title='bbox 1232 4608 1517 4676; x_wconf 85' lang='lat' dir='ltr'><strong>dispersa?</strong></span> <span class='ocrx_word' id='word_1_659' title='bbox 1564 4608 1609 4662; x_wconf 91' lang='lat' dir='ltr'><strong>si</strong></span> <span class='ocrx_word' id='word_1_660' title='bbox 1644 4610 1734 4661; x_wconf 90' lang='lat' dir='ltr'><strong>illa</strong></span> <span class='ocrx_word' id='word_1_661' title='bbox 1761 4607 1965 4671; x_wconf 85' lang='lat' dir='ltr'><strong>vidisti,</strong></span> <span class='ocrx_word' id='word_1_662' title='bbox 2001 4616 2053 4660; x_wconf 88' lang='lat' dir='ltr'><strong>te</strong></span> 
     </span>
    </p>
   </div>
   <div class='ocr_carea' id='block_1_85' title="bbox 476 4697 2054 4768">
    <p class='ocr_par' dir='ltr' id='par_1_85' title="bbox 476 4697 2054 4768">
     <span class='ocr_line' id='line_1_85' title="bbox 476 4697 2054 4768; baseline 0.002 -19"><span class='ocrx_word' id='word_1_663' title='bbox 476 4698 654 4766; x_wconf 85' lang='lat' dir='ltr'><strong>ipsum</strong></span> <span class='ocrx_word' id='word_1_664' title='bbox 682 4698 736 4750; x_wconf 91' lang='lat' dir='ltr'><strong>in</strong></span> <span class='ocrx_word' id='word_1_665' title='bbox 769 4697 876 4751; x_wconf 92' lang='lat' dir='ltr'><strong>illis</strong></span> <span class='ocrx_word' id='word_1_666' title='bbox 907 4698 1192 4766; x_wconf 88' lang='lat' dir='ltr'><strong>spectasti.</strong></span> <span class='ocrx_word' id='word_1_667' title='bbox 1232 4698 1332 4752; x_wconf 89' lang='lat' dir='ltr'><strong>Ubi</strong></span> <span class='ocrx_word' id='word_1_668' title='bbox 1364 4699 1518 4768; x_wconf 79' lang='lat' dir='ltr'><strong>signa</strong></span> <span class='ocrx_word' id='word_1_669' title='bbox 1545 4702 1828 4768; x_wconf 61' lang='lat' dir='ltr'><strong>praesentis</strong></span> <span class='ocrx_word' id='word_1_670' title='bbox 1863 4699 2054 4752; x_wconf 86' lang='lat' dir='ltr'><strong>ﬂoris?</strong></span> 
     </span>
    </p>
   </div>
   <div class='ocr_carea' id='block_1_86' title="bbox 476 4789 2054 4858">
    <p class='ocr_par' dir='ltr' id='par_1_86' title="bbox 476 4789 2054 4858">
     <span class='ocr_line' id='line_1_86' title="bbox 476 4789 2054 4858; baseline 0.002 -18"><span class='ocrx_word' id='word_1_671' title='bbox 476 4789 570 4843; x_wconf 86' lang='lat' dir='ltr'><strong>ubi</strong></span> <span class='ocrx_word' id='word_1_672' title='bbox 620 4790 824 4844; x_wconf 91' lang='lat' dir='ltr'><strong>coloris</strong></span> <span class='ocrx_word' id='word_1_673' title='bbox 862 4790 1076 4843; x_wconf 87' lang='lat' dir='ltr'><strong>bonitas</strong></span> <span class='ocrx_word' id='word_1_674' title='bbox 1129 4790 1182 4841; x_wconf 92' lang='lat' dir='ltr'><strong>in</strong></span> <span class='ocrx_word' id='word_1_675' title='bbox 1221 4789 1413 4858; x_wconf 83' lang='lat' dir='ltr'><strong>genis?</strong></span> <span class='ocrx_word' id='word_1_676' title='bbox 1454 4791 1543 4844; x_wconf 91' lang='lat' dir='ltr'><strong>ubi</strong></span> <span class='ocrx_word' id='word_1_677' title='bbox 1595 4791 1692 4844; x_wconf 83' lang='lat' dir='ltr'><strong>flos</strong></span> <span class='ocrx_word' id='word_1_678' title='bbox 1739 4791 2054 4844; x_wconf 85' lang='lat' dir='ltr'><strong>labiorum?</strong></span> 
     </span>
    </p>
   </div>
   <div class='ocr_carea' id='block_1_87' title="bbox 477 4880 2054 4951">
    <p class='ocr_par' dir='ltr' id='par_1_87' title="bbox 477 4880 2054 4951">
     <span class='ocr_line' id='line_1_87' title="bbox 477 4880 2054 4951; baseline 0 -17"><span class='ocrx_word' id='word_1_679' title='bbox 477 4880 581 4934; x_wconf 74' lang='lat' dir='ltr'><strong>Ubi</strong></span> <span class='ocrx_word' id='word_1_680' title='bbox 607 4881 914 4934; x_wconf 86' lang='lat' dir='ltr'><strong>truculenta</strong></span> <span class='ocrx_word' id='word_1_681' title='bbox 949 4896 1011 4933; x_wconf 92' lang='lat' dir='ltr'><strong>ac</strong></span> <span class='ocrx_word' id='word_1_682' title='bbox 1045 4889 1199 4934; x_wconf 90' lang='lat' dir='ltr'><strong>torva</strong></span> <span class='ocrx_word' id='word_1_683' title='bbox 1235 4882 1518 4934; x_wconf 90' lang='lat' dir='ltr'><strong>oculorum</strong></span> <span class='ocrx_word' id='word_1_684' title='bbox 1556 4883 1924 4951; x_wconf 85' lang='lat' dir='ltr'><strong>pulchritudo,</strong></span> <span class='ocrx_word' id='word_1_685' title='bbox 1951 4882 2054 4936; x_wconf 88' lang='lat' dir='ltr'><strong>sub</strong></span> 
     </span>
    </p>
   </div>
   <div class='ocr_carea' id='block_1_88' title="bbox 474 4971 2053 5041">
    <p class='ocr_par' dir='ltr' id='par_1_88' title="bbox 474 4971 2053 5041">
     <span class='ocr_line' id='line_1_88' title="bbox 474 4971 2053 5041; baseline 0 -16"><span class='ocrx_word' id='word_1_686' title='bbox 474 4972 618 5026; x_wconf 90' lang='lat' dir='ltr'><strong>vallo</strong></span> <span class='ocrx_word' id='word_1_687' title='bbox 652 4980 1175 5041; x_wconf 84' lang='lat' dir='ltr'><strong>protegumentoque</strong></span> <span class='ocrx_word' id='word_1_688' title='bbox 1213 4971 1631 5040; x_wconf 87' lang='lat' dir='ltr'><strong>superciliorum</strong></span> <span class='ocrx_word' id='word_1_689' title='bbox 1671 4972 1932 5026; x_wconf 89' lang='lat' dir='ltr'><strong>elucens?</strong></span> <span class='ocrx_word' id='word_1_690' title='bbox 1962 4973 2053 5025; x_wconf 92' lang='lat' dir='ltr'><strong>ubi</strong></span> 
     </span>
    </p>
   </div>
   <div class='ocr_carea' id='block_1_89' title="bbox 474 5062 2052 5132">
    <p class='ocr_par' dir='ltr' id='par_1_89' title="bbox 474 5062 2052 5132">
     <span class='ocr_line' id='line_1_89' title="bbox 474 5062 2052 5132; baseline -0.003 -13"><span class='ocrx_word' id='word_1_691' title='bbox 474 5072 658 5120; x_wconf 89' lang='lat' dir='ltr'><strong>rectus</strong></span> <span class='ocrx_word' id='word_1_692' title='bbox 683 5079 851 5117; x_wconf 88' lang='lat' dir='ltr'><strong>nasus</strong></span> <span class='ocrx_word' id='word_1_693' title='bbox 883 5063 935 5116; x_wconf 90' lang='lat' dir='ltr'><strong>in</strong></span> <span class='ocrx_word' id='word_1_694' title='bbox 969 5062 1149 5116; x_wconf 87' lang='lat' dir='ltr'><strong>medio</strong></span> <span class='ocrx_word' id='word_1_695' title='bbox 1182 5077 1440 5131; x_wconf 83' lang='lat' dir='ltr'><strong>genarum</strong></span> <span class='ocrx_word' id='word_1_696' title='bbox 1474 5062 1901 5132; x_wconf 89' lang='lat' dir='ltr'><strong>pulchritudinis</strong></span> <span class='ocrx_word' id='word_1_697' title='bbox 1935 5063 2052 5116; x_wconf 93' lang='lat' dir='ltr'><strong>col-</strong></span> 
     </span>
    </p>
   </div>
   <div class='ocr_carea' id='block_1_90' title="bbox 473 5153 2053 5222">
    <p class='ocr_par' dir='ltr' id='par_1_90' title="bbox 473 5153 2053 5222">
     <span class='ocr_line' id='line_1_90' title="bbox 473 5153 2053 5222; baseline -0.003 -12"><span class='ocrx_word' id='word_1_698' title='bbox 473 5155 730 5211; x_wconf 82' lang='lat' dir='ltr'><strong>locatus?</strong></span> <span class='ocrx_word' id='word_1_699' title='bbox 760 5155 851 5209; x_wconf 91' lang='lat' dir='ltr'><strong>ubi</strong></span> <span class='ocrx_word' id='word_1_700' title='bbox 883 5155 948 5208; x_wconf 88' lang='lat' dir='ltr'><strong>ad</strong></span> <span class='ocrx_word' id='word_1_701' title='bbox 978 5154 1223 5208; x_wconf 83' lang='lat' dir='ltr'><strong>cervices</strong></span> <span class='ocrx_word' id='word_1_702' title='bbox 1250 5169 1423 5222; x_wconf 89' lang='lat' dir='ltr'><strong>usque</strong></span> <span class='ocrx_word' id='word_1_703' title='bbox 1455 5155 1709 5208; x_wconf 67' lang='lat' dir='ltr'><strong>demissa:</strong></span> <span class='ocrx_word' id='word_1_704' title='bbox 1733 5153 1941 5206; x_wconf 63' lang='lat' dir='ltr'><strong>comae?</strong></span> <span class='ocrx_word' id='word_1_705' title='bbox 1963 5153 2053 5206; x_wconf 88' lang='lat' dir='ltr'><strong>ubi</strong></span> 
     </span>
    </p>
   </div>
   <div class='ocr_carea' id='block_1_91' title="bbox 473 5246 2054 5317">
    <p class='ocr_par' dir='ltr' id='par_1_91' title="bbox 473 5246 2054 5317">
     <span class='ocr_line' id='line_1_91' title="bbox 473 5246 2054 5317; baseline -0.001 -17"><span class='ocrx_word' id='word_1_706' title='bbox 473 5250 621 5304; x_wconf 87' lang='lat' dir='ltr'><strong>circa</strong></span> <span class='ocrx_word' id='word_1_707' title='bbox 651 5257 895 5317; x_wconf 89' lang='lat' dir='ltr'><strong>tempora</strong></span> <span class='ocrx_word' id='word_1_708' title='bbox 935 5246 1212 5301; x_wconf 90' lang='lat' dir='ltr'><strong>cincinni?</strong></span> <span class='ocrx_word' id='word_1_709' title='bbox 1245 5247 1335 5300; x_wconf 91' lang='lat' dir='ltr'><strong>ubi</strong></span> <span class='ocrx_word' id='word_1_710' title='bbox 1361 5246 1657 5315; x_wconf 68' lang='lat' dir='ltr'><strong>sagittaria:</strong></span> <span class='ocrx_word' id='word_1_711' title='bbox 1678 5246 2054 5315; x_wconf 84' lang='lat' dir='ltr'><strong>jaculatrices-</strong></span> 
     </span>
    </p>
   </div>
   <div class='ocr_carea' id='block_1_92' title="bbox 473 5339 2052 5412">
    <p class='ocr_par' dir='ltr' id='par_1_92' title="bbox 473 5339 2052 5412">
     <span class='ocr_line' id='line_1_92' title="bbox 473 5339 2052 5412; baseline 0 -19"><span class='ocrx_word' id='word_1_712' title='bbox 473 5360 580 5412; x_wconf 85' lang='lat' dir='ltr'><strong>que</strong></span> <span class='ocrx_word' id='word_1_713' title='bbox 611 5343 844 5397; x_wconf 91' lang='lat' dir='ltr'><strong>manus?</strong></span> <span class='ocrx_word' id='word_1_714' title='bbox 887 5344 1225 5409; x_wconf 89' lang='lat' dir='ltr'><strong>equitatores</strong></span> <span class='ocrx_word' id='word_1_715' title='bbox 1265 5341 1472 5409; x_wconf 92' lang='lat' dir='ltr'><strong>pedes?</strong></span> <span class='ocrx_word' id='word_1_716' title='bbox 1514 5342 1607 5395; x_wconf 91' lang='lat' dir='ltr'><strong>ubi</strong></span> <span class='ocrx_word' id='word_1_717' title='bbox 1642 5343 1920 5412; x_wconf 85' lang='lat' dir='ltr'><strong>purpura?</strong></span> <span class='ocrx_word' id='word_1_718' title='bbox 1963 5339 2052 5394; x_wconf 91' lang='lat' dir='ltr'><strong>ubi</strong></span> 
     </span>
    </p>
   </div>
   <div class='ocr_carea' id='block_1_93' title="bbox 473 5435 2051 5502">
    <p class='ocr_par' dir='ltr' id='par_1_93' title="bbox 473 5435 2051 5502">
     <span class='ocr_line' id='line_1_93' title="bbox 473 5435 2051 5502; baseline 0.003 -14"><span class='ocrx_word' id='word_1_719' title='bbox 473 5435 716 5502; x_wconf 85' lang='lat' dir='ltr'><strong>byssus?</strong></span> <span class='ocrx_word' id='word_1_720' title='bbox 759 5435 851 5489; x_wconf 90' lang='lat' dir='ltr'><strong>ubi</strong></span> <span class='ocrx_word' id='word_1_721' title='bbox 892 5435 1384 5502; x_wconf 87' lang='lat' dir='ltr'><strong>paludamentum?</strong></span> <span class='ocrx_word' id='word_1_722' title='bbox 1433 5435 1520 5490; x_wconf 90' lang='lat' dir='ltr'><strong>ubi</strong></span> <span class='ocrx_word' id='word_1_723' title='bbox 1573 5435 2051 5492; x_wconf 87' lang='lat' dir='ltr'><strong>balteus?calcea-</strong></span> 
     </span>
    </p>
   </div>
   <div class='ocr_carea' id='block_1_94' title="bbox 475 5522 2052 5596">
    <p class='ocr_par' dir='ltr' id='par_1_94' title="bbox 475 5522 2052 5596">
     <span class='ocr_line' id='line_1_94' title="bbox 475 5522 2052 5596; baseline 0.002 -21"><span class='ocrx_word' id='word_1_724' title='bbox 475 5522 620 5577; x_wconf 89' lang='lat' dir='ltr'><strong>mina</strong></span> <span class='ocrx_word' id='word_1_725' title='bbox 645 5523 669 5574; x_wconf 88' lang='lat'><strong>?</strong></span> <span class='ocrx_word' id='word_1_726' title='bbox 691 5523 910 5590; x_wconf 89' lang='lat' dir='ltr'><strong>equus?</strong></span> <span class='ocrx_word' id='word_1_727' title='bbox 941 5525 1183 5580; x_wconf 90' lang='lat' dir='ltr'><strong>cursus?</strong></span> <span class='ocrx_word' id='word_1_728' title='bbox 1231 5525 1520 5581; x_wconf 82' lang='lat' dir='ltr'><strong>fremitus?</strong></span> <span class='ocrx_word' id='word_1_729' title='bbox 1562 5527 1763 5589; x_wconf 86' lang='lat' dir='ltr'><strong>omnia,</strong></span> <span class='ocrx_word' id='word_1_730' title='bbox 1797 5541 1891 5596; x_wconf 89' lang='lat' dir='ltr'><strong>per</strong></span> <span class='ocrx_word' id='word_1_731' title='bbox 1930 5539 2052 5594; x_wconf 84' lang='lat' dir='ltr'><strong>quac</strong></span> 
     </span>
    </p>
   </div>
   <div class='ocr_carea' id='block_1_95' title="bbox 475 5615 2052 5688">
    <p class='ocr_par' dir='ltr' id='par_1_95' title="bbox 475 5615 2052 5688">
     <span class='ocr_line' id='line_1_95' title="bbox 475 5615 2052 5688; baseline 0.003 -21"><span class='ocrx_word' id='word_1_732' title='bbox 475 5629 622 5668; x_wconf 80' lang='lat' dir='ltr'><strong>nunc</strong></span> <span class='ocrx_word' id='word_1_733' title='bbox 644 5615 740 5668; x_wconf 92' lang='lat' dir='ltr'><strong>tibi</strong></span> <span class='ocrx_word' id='word_1_734' title='bbox 771 5616 946 5670; x_wconf 87' lang='lat' dir='ltr'><strong>fastus</strong></span> <span class='ocrx_word' id='word_1_735' title='bbox 974 5619 1245 5688; x_wconf 90' lang='lat' dir='ltr'><strong>augetur?</strong></span> <span class='ocrx_word' id='word_1_736' title='bbox 1274 5619 1381 5682; x_wconf 87' lang='lat' dir='ltr'><strong>dic,</strong></span> <span class='ocrx_word' id='word_1_737' title='bbox 1413 5619 1500 5672; x_wconf 89' lang='lat' dir='ltr'><strong>ubi</strong></span> <span class='ocrx_word' id='word_1_738' title='bbox 1527 5619 1663 5680; x_wconf 70' lang='lat' dir='ltr'><strong>haec,</strong></span> <span class='ocrx_word' id='word_1_739' title='bbox 1692 5635 1921 5688; x_wconf 84' lang='lat' dir='ltr'><strong>quorum</strong></span> <span class='ocrx_word' id='word_1_740' title='bbox 1956 5633 2052 5672; x_wconf 87' lang='lat' dir='ltr'><strong>no-</strong></span> 
     </span>
    </p>
   </div>
   <div class='ocr_carea' id='block_1_96' title="bbox 549 5783 1186 5859">
    <p class='ocr_par' dir='ltr' id='par_1_96' title="bbox 549 5783 1186 5859">
     <span class='ocr_line' id='line_1_96' title="bbox 549 5783 1186 5859; baseline 0.005 -21"><span class='ocrx_word' id='word_1_741' title='bbox 549 5783 594 5832; x_wconf 68' lang='grc' dir='ltr'><strong><em>υ</em></strong></span> <span class='ocrx_word' id='word_1_742' title='bbox 631 5784 761 5851; x_wconf 67' lang='lat' dir='ltr'><strong>Lev.</strong></span> <span class='ocrx_word' id='word_1_743' title='bbox 793 5800 960 5851; x_wconf 77' lang='lat' dir='ltr'><strong>xvm,</strong></span> <span class='ocrx_word' id='word_1_744' title='bbox 998 5788 1028 5840; x_wconf 90' lang='lat'>6</span> <span class='ocrx_word' id='word_1_745' title='bbox 1061 5804 1186 5859; x_wconf 78' lang='lat' dir='ltr'><strong>sqq.</strong></span> 
     </span>
    </p>
   </div>
   <div class='ocr_carea' id='block_1_97' title="bbox 2225 4039 3754 4131">
    <p class='ocr_par' dir='ltr' id='par_1_97' title="bbox 2225 4039 3754 4131">
     <span class='ocr_line' id='line_1_97' title="bbox 2225 4039 3754 4131; baseline -0.01 -13"><span class='ocrx_word' id='word_1_746' title='bbox 2225 4065 2338 4118; x_wconf 83' lang='grc' dir='ltr'><strong>Οὐκ</strong></span> <span class='ocrx_word' id='word_1_747' title='bbox 2363 4059 2501 4126; x_wconf 76' lang='grc' dir='ltr'>εἶδες</span> <span class='ocrx_word' id='word_1_748' title='bbox 2527 4065 2583 4116; x_wconf 85' lang='grc' dir='ltr'><strong>ὲν</strong></span> <span class='ocrx_word' id='word_1_749' title='bbox 2608 4039 2950 4131; x_wconf 76' lang='grc' dir='ltr'>πολυανδρίῳ</span> <span class='ocrx_word' id='word_1_750' title='bbox 2987 4058 3055 4112; x_wconf 81' lang='grc' dir='ltr'><strong>τὰ</strong></span> <span class='ocrx_word' id='word_1_751' title='bbox 3079 4058 3178 4128; x_wconf 79' lang='grc' dir='ltr'><strong>τῆς</strong></span> <span class='ocrx_word' id='word_1_752' title='bbox 3207 4055 3424 4126; x_wconf 85' lang='grc' dir='ltr'>φύσεως</span> <span class='ocrx_word' id='word_1_753' title='bbox 3450 4054 3486 4124; x_wconf 79' lang='grc' dir='ltr'><strong>ἡ</strong></span> <span class='ocrx_word' id='word_1_754' title='bbox 3496 4051 3618 4122; x_wconf 84' lang='grc' dir='ltr'><strong>μῶν</strong></span> <span class='ocrx_word' id='word_1_755' title='bbox 3651 4068 3754 4121; x_wconf 84' lang='grc' dir='ltr'>μυ-</span> 
     </span>
    </p>
   </div>
   <div class='ocr_carea' id='block_1_98' title="bbox 2115 4143 3750 4226">
    <p class='ocr_par' dir='ltr' id='par_1_98' title="bbox 2115 4143 3750 4226">
     <span class='ocr_line' id='line_1_98' title="bbox 2115 4143 3750 4226; baseline -0.009 -19"><span class='ocrx_word' id='word_1_756' title='bbox 2115 4184 2120 4190; x_wconf 85' lang='grc'><strong>·</strong></span> <span class='ocrx_word' id='word_1_757' title='bbox 2155 4156 2382 4226; x_wconf 88' lang='grc' dir='ltr'>στήρια;</span> <span class='ocrx_word' id='word_1_758' title='bbox 2447 4155 2544 4205; x_wconf 78' lang='grc' dir='ltr'>οὐκ</span> <span class='ocrx_word' id='word_1_759' title='bbox 2594 4147 2735 4214; x_wconf 83' lang='grc' dir='ltr'>εἶδες</span> <span class='ocrx_word' id='word_1_760' title='bbox 2774 4151 2874 4221; x_wconf 80' lang='grc' dir='ltr'><strong>τὴν</strong></span> <span class='ocrx_word' id='word_1_761' title='bbox 2920 4148 3222 4218; x_wconf 72' lang='grc' dir='ltr'>ἐπάλληλον</span> <span class='ocrx_word' id='word_1_762' title='bbox 3251 4145 3360 4200; x_wconf 83' lang='grc' dir='ltr'>τῶν</span> <span class='ocrx_word' id='word_1_763' title='bbox 3399 4143 3613 4197; x_wconf 82' lang='grc' dir='ltr'>ὀστέων</span> <span class='ocrx_word' id='word_1_764' title='bbox 3642 4159 3750 4194; x_wconf 86' lang='grc' dir='ltr'>σω-</span> 
     </span>
    </p>
   </div>
   <div class='ocr_carea' id='block_1_99' title="bbox 2157 4235 3751 4317">
    <p class='ocr_par' dir='ltr' id='par_1_99' title="bbox 2157 4235 3751 4317">
     <span class='ocr_line' id='line_1_99' title="bbox 2157 4235 3751 4317; baseline -0.008 -19"><span class='ocrx_word' id='word_1_765' title='bbox 2157 4246 2340 4316; x_wconf 89' lang='grc' dir='ltr'>ρείαν;</span> <span class='ocrx_word' id='word_1_766' title='bbox 2375 4246 2575 4317; x_wconf 86' lang='grc' dir='ltr'>κρανία</span> <span class='ocrx_word' id='word_1_767' title='bbox 2610 4245 2824 4315; x_wconf 83' lang='grc' dir='ltr'>σαρκῶν</span> <span class='ocrx_word' id='word_1_768' title='bbox 2854 4238 3274 4312; x_wconf 82' lang='grc' dir='ltr'>γεγυμνωμένα,</span> <span class='ocrx_word' id='word_1_769' title='bbox 3303 4235 3548 4307; x_wconf 76' lang='grc' dir='ltr'>φόὸερόν</span> <span class='ocrx_word' id='word_1_770' title='bbox 3572 4251 3628 4287; x_wconf 85' lang='grc' dir='ltr'>τι</span> <span class='ocrx_word' id='word_1_771' title='bbox 3655 4235 3751 4287; x_wconf 74' lang='grc' dir='ltr'>καὶ</span> 
     </span>
    </p>
   </div>
   <div class='ocr_carea' id='block_1_100' title="bbox 2154 4321 3750 4404">
    <p class='ocr_par' dir='ltr' id='par_1_100' title="bbox 2154 4321 3750 4404">
     <span class='ocr_line' id='line_1_100' title="bbox 2154 4321 3750 4404; baseline -0.006 -18"><span class='ocrx_word' id='word_1_772' title='bbox 2154 4335 2388 4404; x_wconf 82' lang='grc' dir='ltr'>εἰδεχθὲς</span> <span class='ocrx_word' id='word_1_773' title='bbox 2424 4337 2480 4386; x_wconf 86' lang='grc' dir='ltr'><strong>ὲν</strong></span> <span class='ocrx_word' id='word_1_774' title='bbox 2509 4334 2770 4396; x_wconf 83' lang='grc' dir='ltr'>διακένοις</span> <span class='ocrx_word' id='word_1_775' title='bbox 2794 4331 3083 4401; x_wconf 87' lang='grc' dir='ltr'>δεδορκότα</span> <span class='ocrx_word' id='word_1_776' title='bbox 3125 4331 3237 4391; x_wconf 83' lang='grc' dir='ltr'>τοῖς</span> <span class='ocrx_word' id='word_1_777' title='bbox 3265 4326 3551 4396; x_wconf 73' lang='grc' dir='ltr'>δμμασινς</span> <span class='ocrx_word' id='word_1_778' title='bbox 3597 4321 3750 4386; x_wconf 77' lang='grc' dir='ltr'>Εἶδες</span> 
     </span>
    </p>
   </div>
   <div class='ocr_carea' id='block_1_101' title="bbox 2158 4414 3751 4497">
    <p class='ocr_par' dir='ltr' id='par_1_101' title="bbox 2158 4414 3751 4497">
     <span class='ocr_line' id='line_1_101' title="bbox 2158 4414 3751 4497; baseline -0.008 -19"><span class='ocrx_word' id='word_1_779' title='bbox 2158 4428 2398 4496; x_wconf 83' lang='grc' dir='ltr'>στόματα</span> <span class='ocrx_word' id='word_1_780' title='bbox 2428 4427 2717 4497; x_wconf 76' lang='grc' dir='ltr'>σεσηρότα,</span> <span class='ocrx_word' id='word_1_781' title='bbox 2755 4425 2849 4478; x_wconf 70' lang='grc' dir='ltr'><strong>καὶ</strong></span> <span class='ocrx_word' id='word_1_782' title='bbox 2875 4423 2944 4476; x_wconf 76' lang='grc' dir='ltr'><strong>τὰ</strong></span> <span class='ocrx_word' id='word_1_783' title='bbox 2969 4421 3132 4474; x_wconf 85' lang='grc' dir='ltr'>λοιπά</span> <span class='ocrx_word' id='word_1_784' title='bbox 3166 4418 3274 4473; x_wconf 86' lang='grc' dir='ltr'>τῶν</span> <span class='ocrx_word' id='word_1_785' title='bbox 3306 4417 3492 4488; x_wconf 85' lang='grc' dir='ltr'>μελῶν</span> <span class='ocrx_word' id='word_1_786' title='bbox 3521 4417 3660 4487; x_wconf 79' lang='grc' dir='ltr'>πρὸς</span> <span class='ocrx_word' id='word_1_787' title='bbox 3687 4414 3751 4467; x_wconf 74' lang='grc' dir='ltr'><strong>τὸ</strong></span> 
     </span>
    </p>
   </div>
   <div class='ocr_carea' id='block_1_102' title="bbox 2155 4507 3754 4591">
    <p class='ocr_par' dir='ltr' id='par_1_102' title="bbox 2155 4507 3754 4591">
     <span class='ocr_line' id='line_1_102' title="bbox 2155 4507 3754 4591; baseline -0.011 -17"><span class='ocrx_word' id='word_1_788' title='bbox 2155 4539 2217 4574; x_wconf 90' lang='grc' dir='ltr'><strong>συ</strong></span> <span class='ocrx_word' id='word_1_789' title='bbox 2227 4521 2366 4591; x_wconf 77' lang='grc' dir='ltr'>μϐὰν</span> <span class='ocrx_word' id='word_1_790' title='bbox 2397 4521 2780 4591; x_wconf 72' lang='grc' dir='ltr'>πεφορημένα;</span> <span class='ocrx_word' id='word_1_791' title='bbox 2819 4518 2878 4570; x_wconf 79' lang='grc' dir='ltr'><strong>Εἰ</strong></span> <span class='ocrx_word' id='word_1_792' title='bbox 2909 4518 3092 4568; x_wconf 81' lang='grc' dir='ltr'>ἐκεῖνα</span> <span class='ocrx_word' id='word_1_793' title='bbox 3106 4509 3263 4575; x_wconf 81' lang='grc' dir='ltr'>εἶδες,</span> <span class='ocrx_word' id='word_1_794' title='bbox 3283 4510 3517 4565; x_wconf 75' lang='grc' dir='ltr'>σεαυτὸν</span> <span class='ocrx_word' id='word_1_795' title='bbox 3543 4510 3604 4562; x_wconf 81' lang='grc' dir='ltr'>ὲν</span> <span class='ocrx_word' id='word_1_796' title='bbox 3619 4507 3754 4561; x_wconf 76' lang='grc' dir='ltr'>ὲκεί-</span> 
     </span>
    </p>
   </div>
   <div class='ocr_carea' id='block_1_103' title="bbox 2153 4599 3750 4678">
    <p class='ocr_par' dir='ltr' id='par_1_103' title="bbox 2153 4599 3750 4678">
     <span class='ocr_line' id='line_1_103' title="bbox 2153 4599 3750 4678; baseline -0.008 -15"><span class='ocrx_word' id='word_1_797' title='bbox 2153 4629 2262 4673; x_wconf 89' lang='grc' dir='ltr'>νοις</span> <span class='ocrx_word' id='word_1_798' title='bbox 2287 4610 2567 4667; x_wconf 82' lang='grc' dir='ltr'>τεθέασαι.</span> <span class='ocrx_word' id='word_1_799' title='bbox 2596 4610 2706 4662; x_wconf 89' lang='grc' dir='ltr'>Ποῦ</span> <span class='ocrx_word' id='word_1_800' title='bbox 2733 4609 2825 4661; x_wconf 86' lang='grc' dir='ltr'><strong>τοῦ</strong></span> <span class='ocrx_word' id='word_1_801' title='bbox 2857 4606 3120 4678; x_wconf 85' lang='grc' dir='ltr'>παρόντος</span> <span class='ocrx_word' id='word_1_802' title='bbox 3142 4603 3333 4663; x_wconf 82' lang='grc' dir='ltr'>ἄνθους</span> <span class='ocrx_word' id='word_1_803' title='bbox 3367 4601 3441 4653; x_wconf 76' lang='grc' dir='ltr'>τὰ</span> <span class='ocrx_word' id='word_1_804' title='bbox 3469 4599 3750 4670; x_wconf 57' lang='lat' dir='ltr'><strong>cuiam;</strong></span> 
     </span>
    </p>
   </div>
   <div class='ocr_carea' id='block_1_104' title="bbox 2155 4689 3754 4774">
    <p class='ocr_par' dir='ltr' id='par_1_104' title="bbox 2155 4689 3754 4774">
     <span class='ocr_line' id='line_1_104' title="bbox 2155 4689 3754 4774; baseline -0.011 -16"><span class='ocrx_word' id='word_1_805' title='bbox 2155 4704 2256 4758; x_wconf 83' lang='grc' dir='ltr'><strong>ποῦ</strong></span> <span class='ocrx_word' id='word_1_806' title='bbox 2275 4707 2306 4774; x_wconf 86' lang='grc' dir='ltr'>ἡ</span> <span class='ocrx_word' id='word_1_807' title='bbox 2324 4703 2547 4774; x_wconf 75' lang='grc' dir='ltr'>εῦχροια</span> <span class='ocrx_word' id='word_1_808' title='bbox 2562 4701 2658 4770; x_wconf 84' lang='grc' dir='ltr'><strong>τῆς</strong></span> <span class='ocrx_word' id='word_1_809' title='bbox 2689 4701 2948 4770; x_wconf 79' lang='grc' dir='ltr'>παρειᾶς;</span> <span class='ocrx_word' id='word_1_810' title='bbox 2979 4695 3079 4750; x_wconf 87' lang='grc' dir='ltr'><strong>ποῦ</strong></span> <span class='ocrx_word' id='word_1_811' title='bbox 3096 4695 3157 4747; x_wconf 84' lang='grc' dir='ltr'><strong>τὸ</strong></span> <span class='ocrx_word' id='word_1_812' title='bbox 3190 4693 3283 4746; x_wconf 80' lang='grc' dir='ltr'>ἐπὶ</span> <span class='ocrx_word' id='word_1_813' title='bbox 3301 4691 3396 4744; x_wconf 86' lang='grc' dir='ltr'><strong>τοῦ</strong></span> <span class='ocrx_word' id='word_1_814' title='bbox 3427 4691 3645 4760; x_wconf 83' lang='grc' dir='ltr'>χείλους</span> <span class='ocrx_word' id='word_1_815' title='bbox 3667 4689 3754 4743; x_wconf 75' lang='grc' dir='ltr'><strong>ἄν-</strong></span> 
     </span>
    </p>
   </div>
   <div class='ocr_carea' id='block_1_105' title="bbox 2157 4783 3748 4864">
    <p class='ocr_par' dir='ltr' id='par_1_105' title="bbox 2157 4783 3748 4864">
     <span class='ocr_line' id='line_1_105' title="bbox 2157 4783 3748 4864; baseline -0.012 -14"><span class='ocrx_word' id='word_1_816' title='bbox 2157 4797 2266 4860; x_wconf 86' lang='grc' dir='ltr'>θος;</span> <span class='ocrx_word' id='word_1_817' title='bbox 2293 4795 2395 4848; x_wconf 88' lang='grc' dir='ltr'><strong>ποῦ</strong></span> <span class='ocrx_word' id='word_1_818' title='bbox 2411 4795 2472 4847; x_wconf 84' lang='grc' dir='ltr'>τὸ</span> <span class='ocrx_word' id='word_1_819' title='bbox 2493 4793 2749 4864; x_wconf 76' lang='grc' dir='ltr'>βλοσυρὸν</span> <span class='ocrx_word' id='word_1_820' title='bbox 2770 4793 2827 4843; x_wconf 85' lang='grc' dir='ltr'>ὲν</span> <span class='ocrx_word' id='word_1_821' title='bbox 2842 4793 2957 4854; x_wconf 85' lang='grc' dir='ltr'>τοῖς</span> <span class='ocrx_word' id='word_1_822' title='bbox 2970 4789 2997 4841; x_wconf 84' lang='lat'><strong>6</strong></span> <span class='ocrx_word' id='word_1_823' title='bbox 3004 4804 3179 4858; x_wconf 85' lang='grc' dir='ltr'>μμασι</span> <span class='ocrx_word' id='word_1_824' title='bbox 3191 4785 3387 4846; x_wconf 80' lang='grc' dir='ltr'>καλλος</span> <span class='ocrx_word' id='word_1_825' title='bbox 3404 4787 3471 4854; x_wconf 82' lang='grc' dir='ltr'><strong>τῇ</strong></span> <span class='ocrx_word' id='word_1_826' title='bbox 3487 4801 3557 4835; x_wconf 87' lang='grc' dir='ltr'><strong>πε</strong></span> <span class='ocrx_word' id='word_1_827' title='bbox 3565 4783 3748 4854; x_wconf 69' lang='grc' dir='ltr'>ριὸολῇ</span> 
     </span>
    </p>
   </div>
   <div class='ocr_carea' id='block_1_106' title="bbox 2153 4874 3748 4957">
    <p class='ocr_par' dir='ltr' id='par_1_106' title="bbox 2153 4874 3748 4957">
     <span class='ocr_line' id='line_1_106' title="bbox 2153 4874 3748 4957; baseline -0.013 -16"><span class='ocrx_word' id='word_1_828' title='bbox 2153 4889 2259 4941; x_wconf 82' lang='grc' dir='ltr'><strong>τῶν</strong></span> <span class='ocrx_word' id='word_1_829' title='bbox 2301 4888 2518 4957; x_wconf 84' lang='grc' dir='ltr'>ὀφρύων</span> <span class='ocrx_word' id='word_1_830' title='bbox 2555 4882 3045 4953; x_wconf 85' lang='grc' dir='ltr'>ὑπολαμπόμενον;</span> <span class='ocrx_word' id='word_1_831' title='bbox 3087 4878 3190 4931; x_wconf 88' lang='grc' dir='ltr'><strong>ποῦ</strong></span> <span class='ocrx_word' id='word_1_832' title='bbox 3218 4880 3250 4947; x_wconf 85' lang='grc' dir='ltr'>ἡ</span> <span class='ocrx_word' id='word_1_833' title='bbox 3279 4876 3469 4928; x_wconf 84' lang='grc' dir='ltr'>εὐθεῖα</span> <span class='ocrx_word' id='word_1_834' title='bbox 3493 4877 3603 4947; x_wconf 76' lang='grc' dir='ltr'>ῥὶς,</span> <span class='ocrx_word' id='word_1_835' title='bbox 3626 4874 3748 4944; x_wconf 79' lang='grc' dir='ltr'><strong>ήτῴ</strong></span> 
     </span>
    </p>
   </div>
   <div class='ocr_carea' id='block_1_107' title="bbox 2149 4966 3746 5047">
    <p class='ocr_par' dir='ltr' id='par_1_107' title="bbox 2149 4966 3746 5047">
     <span class='ocr_line' id='line_1_107' title="bbox 2149 4966 3746 5047; baseline -0.011 -14"><span class='ocrx_word' id='word_1_836' title='bbox 2149 4979 2340 5033; x_wconf 83' lang='grc' dir='ltr'>κάλλει</span> <span class='ocrx_word' id='word_1_837' title='bbox 2363 4977 2471 5030; x_wconf 83' lang='grc' dir='ltr'>τῶν</span> <span class='ocrx_word' id='word_1_838' title='bbox 2500 4976 2742 5047; x_wconf 75' lang='grc' dir='ltr'>παρειῶν</span> <span class='ocrx_word' id='word_1_839' title='bbox 2773 4971 3164 5044; x_wconf 80' lang='grc' dir='ltr'>μεσιτεύουσα;</span> <span class='ocrx_word' id='word_1_840' title='bbox 3209 4966 3314 5020; x_wconf 85' lang='grc' dir='ltr'><strong>ποῦ</strong></span> <span class='ocrx_word' id='word_1_841' title='bbox 3345 4969 3405 5019; x_wconf 76' lang='grc' dir='ltr'>αἱ</span> <span class='ocrx_word' id='word_1_842' title='bbox 3432 4967 3746 5035; x_wconf 77' lang='grc' dir='ltr'>ἐπαυχένιοι</span> 
     </span>
    </p>
   </div>
   <div class='ocr_carea' id='block_1_108' title="bbox 2154 5056 3748 5143">
    <p class='ocr_par' dir='ltr' id='par_1_108' title="bbox 2154 5056 3748 5143">
     <span class='ocr_line' id='line_1_108' title="bbox 2154 5056 3748 5143; baseline -0.012 -17"><span class='ocrx_word' id='word_1_843' title='bbox 2154 5073 2320 5143; x_wconf 86' lang='grc' dir='ltr'>κόμαι</span> <span class='ocrx_word' id='word_1_844' title='bbox 2339 5089 2354 5138; x_wconf 92' lang='grc'><strong>;</strong></span> <span class='ocrx_word' id='word_1_845' title='bbox 2377 5069 2478 5123; x_wconf 90' lang='grc' dir='ltr'><strong>ποῦ</strong></span> <span class='ocrx_word' id='word_1_846' title='bbox 2496 5066 2964 5140; x_wconf 86' lang='grc' dir='ltr'>οἱπερικροτάφιοι</span> <span class='ocrx_word' id='word_1_847' title='bbox 2984 5062 3267 5133; x_wconf 85' lang='grc' dir='ltr'>βόστρυχοι</span> <span class='ocrx_word' id='word_1_848' title='bbox 3288 5078 3303 5125; x_wconf 88' lang='grc'>;</span> <span class='ocrx_word' id='word_1_849' title='bbox 3328 5057 3434 5112; x_wconf 87' lang='grc' dir='ltr'><strong>ποῦ</strong></span> <span class='ocrx_word' id='word_1_850' title='bbox 3454 5061 3511 5111; x_wconf 80' lang='grc' dir='ltr'>αἱ</span> <span class='ocrx_word' id='word_1_851' title='bbox 3540 5056 3748 5120; x_wconf 72' lang='grc' dir='ltr'>τοξαζόο</span> 
     </span>
    </p>
   </div>
   <div class='ocr_carea' id='block_1_109' title="bbox 2158 5149 3745 5234">
    <p class='ocr_par' dir='ltr' id='par_1_109' title="bbox 2158 5149 3745 5234">
     <span class='ocr_line' id='line_1_109' title="bbox 2158 5149 3745 5234; baseline -0.013 -16"><span class='ocrx_word' id='word_1_852' title='bbox 2158 5179 2313 5234; x_wconf 87' lang='grc' dir='ltr'>μεναι</span> <span class='ocrx_word' id='word_1_853' title='bbox 2327 5165 2535 5233; x_wconf 85' lang='grc' dir='ltr'>χεῖρες;</span> <span class='ocrx_word' id='word_1_854' title='bbox 2557 5161 2607 5213; x_wconf 76' lang='grc' dir='ltr'>οἱ</span> <span class='ocrx_word' id='word_1_855' title='bbox 2625 5158 2983 5228; x_wconf 77' lang='grc' dir='ltr'>ίππαζόμενοι</span> <span class='ocrx_word' id='word_1_856' title='bbox 3001 5154 3159 5215; x_wconf 88' lang='grc' dir='ltr'>πόδες</span> <span class='ocrx_word' id='word_1_857' title='bbox 3179 5171 3192 5217; x_wconf 90' lang='grc'>;</span> <span class='ocrx_word' id='word_1_858' title='bbox 3211 5154 3245 5221; x_wconf 85' lang='grc' dir='ltr'>ὴ</span> <span class='ocrx_word' id='word_1_859' title='bbox 3260 5149 3521 5219; x_wconf 83' lang='grc' dir='ltr'>πορφύρα.</span> <span class='ocrx_word' id='word_1_860' title='bbox 3537 5168 3551 5212; x_wconf 90' lang='grc'>;</span> <span class='ocrx_word' id='word_1_861' title='bbox 3569 5153 3602 5218; x_wconf 79' lang='grc' dir='ltr'><strong>ἠ</strong></span> <span class='ocrx_word' id='word_1_862' title='bbox 3621 5149 3745 5218; x_wconf 62' lang='grc' dir='ltr'>βύσ-</span> 
     </span>
    </p>
   </div>
   <div class='ocr_carea' id='block_1_110' title="bbox 2157 5241 3739 5328">
    <p class='ocr_par' dir='ltr' id='par_1_110' title="bbox 2157 5241 3739 5328">
     <span class='ocr_line' id='line_1_110' title="bbox 2157 5241 3739 5328; baseline -0.009 -22"><span class='ocrx_word' id='word_1_863' title='bbox 2157 5275 2278 5322; x_wconf 77' lang='grc' dir='ltr'>σοςς</span> <span class='ocrx_word' id='word_1_864' title='bbox 2309 5259 2342 5328; x_wconf 81' lang='grc' dir='ltr'><strong>ἡ</strong></span> <span class='ocrx_word' id='word_1_865' title='bbox 2373 5255 2593 5325; x_wconf 84' lang='grc' dir='ltr'>χλανίς;</span> <span class='ocrx_word' id='word_1_866' title='bbox 2633 5255 2667 5323; x_wconf 79' lang='grc' dir='ltr'>ἡ</span> <span class='ocrx_word' id='word_1_867' title='bbox 2705 5250 2883 5320; x_wconf 81' lang='grc' dir='ltr'>ζώνη;</span> <span class='ocrx_word' id='word_1_868' title='bbox 2914 5247 2982 5300; x_wconf 81' lang='grc' dir='ltr'><strong>τὰ</strong></span> <span class='ocrx_word' id='word_1_869' title='bbox 3011 5244 3235 5307; x_wconf 82' lang='grc' dir='ltr'>πέδιλα;</span> <span class='ocrx_word' id='word_1_870' title='bbox 3269 5244 3298 5294; x_wconf 90' lang='lat'><strong>6</strong></span> <span class='ocrx_word' id='word_1_871' title='bbox 3331 5243 3534 5306; x_wconf 78' lang='grc' dir='ltr'>ἴππος;</span> <span class='ocrx_word' id='word_1_872' title='bbox 3571 5244 3600 5293; x_wconf 77' lang='grc' dir='ltr'><strong><em>ὁ</em></strong></span> <span class='ocrx_word' id='word_1_873' title='bbox 3622 5241 3739 5309; x_wconf 85' lang='grc' dir='ltr'>δρό-</span> 
     </span>
    </p>
   </div>
   <div class='ocr_carea' id='block_1_111' title="bbox 2157 5331 3744 5421">
    <p class='ocr_par' dir='ltr' id='par_1_111' title="bbox 2157 5331 3744 5421">
     <span class='ocr_line' id='line_1_111' title="bbox 2157 5331 3744 5421; baseline -0.014 -17"><span class='ocrx_word' id='word_1_874' title='bbox 2157 5368 2286 5421; x_wconf 88' lang='grc' dir='ltr'>μος;</span> <span class='ocrx_word' id='word_1_875' title='bbox 2328 5349 2389 5402; x_wconf 85' lang='grc' dir='ltr'><strong>τὸ</strong></span> <span class='ocrx_word' id='word_1_876' title='bbox 2430 5348 2728 5418; x_wconf 86' lang='grc' dir='ltr'>φρύαγμα;</span> <span class='ocrx_word' id='word_1_877' title='bbox 2766 5342 2966 5404; x_wconf 84' lang='grc' dir='ltr'>πάντα,</span> <span class='ocrx_word' id='word_1_878' title='bbox 2992 5339 3060 5392; x_wconf 81' lang='grc' dir='ltr'>δι’</span> <span class='ocrx_word' id='word_1_879' title='bbox 3092 5331 3166 5391; x_wconf 82' lang='grc' dir='ltr'>ὧν</span> <span class='ocrx_word' id='word_1_880' title='bbox 3213 5353 3294 5388; x_wconf 90' lang='grc' dir='ltr'><strong>σοι</strong></span> <span class='ocrx_word' id='word_1_881' title='bbox 3347 5333 3445 5387; x_wconf 89' lang='grc' dir='ltr'><strong>νῦν</strong></span> <span class='ocrx_word' id='word_1_882' title='bbox 3497 5335 3528 5385; x_wconf 87' lang='grc' dir='ltr'>ὁ</span> <span class='ocrx_word' id='word_1_883' title='bbox 3562 5333 3744 5421; x_wconf 24' lang='grc' dir='ltr'>*τῦφος</span> 
     </span>
    </p>
   </div>
   <div class='ocr_carea' id='block_1_112' title="bbox 2153 5418 3746 5506">
    <p class='ocr_par' dir='ltr' id='par_1_112' title="bbox 2153 5418 3746 5506">
     <span class='ocr_line' id='line_1_112' title="bbox 2153 5418 3746 5506; baseline -0.016 -10"><span class='ocrx_word' id='word_1_884' title='bbox 2153 5441 2412 5506; x_wconf 76' lang='grc' dir='ltr'>αὔξεται;</span> <span class='ocrx_word' id='word_1_885' title='bbox 2467 5437 2578 5492; x_wconf 88' lang='grc' dir='ltr'>Ποῦ</span> <span class='ocrx_word' id='word_1_886' title='bbox 2604 5436 2778 5489; x_wconf 88' lang='grc' dir='ltr'>ταῦτα</span> <span class='ocrx_word' id='word_1_887' title='bbox 2809 5436 2866 5486; x_wconf 82' lang='grc' dir='ltr'><strong>ἐν</strong></span> <span class='ocrx_word' id='word_1_888' title='bbox 2896 5430 3146 5492; x_wconf 74' lang='grc' dir='ltr'>ἐκείνοις,</span> <span class='ocrx_word' id='word_1_889' title='bbox 3189 5425 3335 5486; x_wconf 84' lang='grc' dir='ltr'>εἰπὲ,</span> <span class='ocrx_word' id='word_1_890' title='bbox 3368 5426 3516 5496; x_wconf 85' lang='grc' dir='ltr'>ὑπὲρ</span> <span class='ocrx_word' id='word_1_891' title='bbox 3551 5418 3629 5477; x_wconf 80' lang='grc' dir='ltr'>ὧν</span> <span class='ocrx_word' id='word_1_892' title='bbox 3652 5423 3746 5476; x_wconf 85' lang='grc' dir='ltr'><strong>νῦν</strong></span> 
     </span>
    </p>
   </div>
   <div class='ocr_carea' id='block_1_113' title="bbox 2153 5516 3747 5603">
    <p class='ocr_par' dir='ltr' id='par_1_113' title="bbox 2153 5516 3747 5603">
     <span class='ocr_line' id='line_1_113' title="bbox 2153 5516 3747 5603; baseline -0.014 -17"><span class='ocrx_word' id='word_1_893' title='bbox 2153 5533 2355 5603; x_wconf 79' lang='grc' dir='ltr'>ἑπαίρῃ</span> <span class='ocrx_word' id='word_1_894' title='bbox 2381 5530 2476 5583; x_wconf 58' lang='grc' dir='ltr'><strong>καὶ¹</strong></span> <span class='ocrx_word' id='word_1_895' title='bbox 2506 5526 2931 5599; x_wconf 79' lang='grc' dir='ltr'>μεγαλοφρονεῖς</span> <span class='ocrx_word' id='word_1_896' title='bbox 2953 5540 2966 5586; x_wconf 92' lang='grc'>;</span> <span class='ocrx_word' id='word_1_897' title='bbox 2998 5522 3156 5574; x_wconf 85' lang='grc' dir='ltr'>Ποῖον</span> <span class='ocrx_word' id='word_1_898' title='bbox 3178 5516 3350 5579; x_wconf 76' lang='grc' dir='ltr'>οὕτως</span> <span class='ocrx_word' id='word_1_899' title='bbox 3371 5517 3747 5570; x_wconf 72' lang='grc' dir='ltr'>ἀνυπόστατον</span> 
     </span>
    </p>
   </div>
   <div class='ocr_carea' id='block_1_114' title="bbox 2153 5607 3746 5696">
    <p class='ocr_par' dir='ltr' id='par_1_114' title="bbox 2153 5607 3746 5696">
     <span class='ocr_line' id='line_1_114' title="bbox 2153 5607 3746 5696; baseline 0.005 -19"><span class='ocrx_word' id='word_1_900' title='bbox 2153 5627 2313 5696; x_wconf 78' lang='grc' dir='ltr'>όναρ;</span> <span class='ocrx_word' id='word_1_901' title='bbox 2343 5625 2476 5677; x_wconf 84' lang='grc' dir='ltr'>Ποῖα</span> <span class='ocrx_word' id='word_1_902' title='bbox 2499 5619 2718 5676; x_wconf 81' lang='grc' dir='ltr'>τοιαῦτα</span> <span class='ocrx_word' id='word_1_903' title='bbox 2747 5619 2805 5684; x_wconf 77' lang='grc' dir='ltr'>ἐξ</span> <span class='ocrx_word' id='word_1_904' title='bbox 2830 5616 2998 5670; x_wconf 77' lang='grc' dir='ltr'>ὕπνου</span> <span class='ocrx_word' id='word_1_905' title='bbox 3023 5612 3384 5683; x_wconf 78' lang='grc' dir='ltr'>φαντάσματα</span> <span class='ocrx_word' id='word_1_906' title='bbox 3405 5627 3422 5674; x_wconf 72' lang='grc' dir='ltr'><strong>ἱ</strong></span> <span class='ocrx_word' id='word_1_907' title='bbox 3455 5608 3559 5673; x_wconf 72' lang='grc' dir='ltr'><strong>Τίς</strong></span> <span class='ocrx_word' id='word_1_908' title='bbox 3579 5607 3746 5676; x_wconf 46' lang='grc' dir='ltr'><strong>αὕτη</strong></span> 
     </span>
    </p>
   </div>
  </div>
