3812 6228
408 375 548 442 tam

1615 381 1674 436 S.
1711 371 2043 437 GREGOBII
2081 371 2377 437 NYSSENI

3526 362 3652 419 1202

403 500 608 555 rariam
627 496 793 552 animi
817 495 1200 554 demissionem
1227 504 1391 568 atque
1419 495 1782 552 humilitatem
1805 511 1973 566 regno

2087 498 2169 550 καὶ
2193 496 2285 550 τὸν
2313 497 2502 566 ἕτερον
2529 492 2628 563 τῆς
2677 481 2947 560 πτωχείας
2983 479 3160 556 λόγον,
3201 480 3263 551 ὃς
3289 484 3387 540 τοῦ
3416 486 3545 540 κατ’
3570 486 3656 538 οὑ-

407 591 672 644 caelorum
700 595 986 659 permutet.
1015 587 1126 644 Nec
1153 598 1330 644 tamen
1362 588 1611 652 alteram,
1637 588 1823 650 frater,
1839 603 1975 658 pau-

409 678 636 748 pertatis
669 679 936 732 rationem
965 677 1206 747 rejicias,
1244 695 1364 750 qua:
1401 679 1705 734 caelestium
1751 679 1974 734 divitia-

2077 589 2238 661 ρανὺν
2257 587 2484 641 πλούτου
2503 583 2761 656 πρόξενος
2784 583 3011 651 γίνεται.
3026 578 3324 645 Πώλησόν
3344 592 3490 637 σου.
3506 579 3656 645 φησὶ,

2075 676 2272 734 πάντα
2293 677 2365 731 τὰ
2390 669 2873 743 ὑπάρχοντα,καί
2897 668 3002 735 δός
3033 666 3308 736 πτωχοῖς,
3334 666 3437 719 καὶ
3455 665 3638 732 δεῦρο

408 785 529 823 rum
579 768 919 824 conciliatrix
970 777 1075 824 est.
1134 769 1330 836 Vende,
1377 770 1577 841 inquit,
1626 786 1806 825 omnes
1855 781 1974 825 tuas

2087 769 2388 824 ἀκολούθει
2398 787 2519 839 μοι,
2537 767 2636 822 καὶ
2655 765 2813 832 ἔξεις
2825 761 3132 831 θησαυρὸν
3149 761 3218 814 ἐν
3228 757 3538 828 οὐρανοῖς.
3556 758 3662 810 lia!

408 859 722 929 facultates,
775 869 826 914 et
868 861 939 915 da
963 861 1301 930 pauperibus,
1337 874 1388 917 et
1421 864 1557 929 ueni,
1615 879 1829 934 sequere
1870 879 1976 930 me,

405 963 455 1007 et
496 953 708 1007 habebis
737 953 1042 1008 thesaurum
1081 955 1137 1008 in
1158 954 1302 1008 caelis
1329 954 1398 1009 ".
1452 954 1668 1011 Etenim
1703 955 1977 1026 ejusmodi

2075 859 2186 931 γὰρ
2227 861 2262 931 ὴ
2305 858 2526 930 τοιαύτη
2575 853 2818 926 πτωχεία
2847 853 2993 906 δοκεῖ
3038 867 3127 920 μοι
3181 849 3252 920 μὴ
3301 847 3536 918 ἀπᾴδειν
3565 844 3662 911 τῆς

2079 948 2524 1024 μακαριζομένης
2560 945 2852 1016 πτωχείας.
2911 940 3057 998 Ἰδοὺ
3096 939 3312 1001 πάντα,
3345 936 3468 990 ὅσα
3504 935 3663 1002 εἶχο-

405 1054 696 1113 paupertas
733 1059 842 1100 non
879 1044 1094 1099 videtur
1135 1044 1268 1102 mihi
1297 1044 1610 1117 discrepare
1642 1046 1713 1102 ab
1738 1025 1810 1102 ea
1848 1061 1974 1118 ege-

2087 1060 2208 1109 μεν,
2236 1041 2489 1112 ἀφέντες
2519 1035 3018 1108 ἠκολουθήσαμέν
3044 1049 3164 1098 σοι,
3201 1031 3334 1101 φησὶ
3378 1025 3523 1100 πρδς
3570 1025 3664 1118 τὸν

409 1141 571 1199 state,
602 1147 724 1205 quatI
754 1136 913 1191 beata
934 1136 1236 1206 judicatur.
1283 1135 1422 1192 Ecce
1448 1138 1689 1193 omnibus
1728 1151 1978 1208 quaecun-

407 1238 506 1294 que
531 1225 868 1292 habebamus,
894 1228 1118 1296 relictis,
1140 1231 1304 1284 secuti
1324 1244 1508 1284 sumus
1527 1230 1788 1300 te,inquit
1807 1230 1977 1285 disci-

410 1314 572 1383 pulus
618 1317 685 1369 ad
729 1315 1044 1386 Dominum;
1089 1318 1217 1390 quid
1252 1320 1407 1390 igitur
1463 1321 1568 1374 erit
1604 1319 1756 1375 nobis
1778 1321 1864 1374 "‘Y
1911 1321 1980 1374 Et

409 1405 557 1474 quod
594 1410 679 1460 est
714 1410 1072 1478 responsum?
1121 1411 1275 1466 Beati
1306 1424 1558 1482 pauperes
1587 1414 1798 1484 spiritu,
1843 1429 1979 1483 quo-

412 1495 562 1549 niam
604 1513 785 1552 eorum
843 1510 922 1554 est
967 1517 1184 1572 regnum
1225 1503 1494 1558 caelorum.
1540 1503 1636 1562 Vis
1683 1505 1982 1576 intelligere

410 1588 537 1657 quis
564 1603 769 1660 pauper
795 1591 987 1662 spiritu
1012 1594 1128 1648 sit?
1155 1596 1248 1666 qui
1273 1597 1613 1667 corporalem
1645 1598 1979 1668 Opulentiam

411 1678 608 1734 animm
635 1678 843 1737 divitiis
874 1691 1168 1752 permutat,
1194 1686 1289 1755 qui
1327 1694 1550 1758 propter
1573 1687 1824 1756 spiritum
1851 1702 1982 1758 ege-

409 1778 517 1821 nus
545 1774 650 1831 est,
681 1768 776 1838 qui
802 1775 1047 1828 terrenas
1067 1772 1288 1829 divitias
1319 1776 1485 1831 veluti
1524 1776 1801 1848 quoddam
1837 1792 1980 1833 onus

410 1857 674 1922 excussit,
712 1867 768 1915 et
795 1861 1016 1931 abjecit,
1047 1871 1108 1919 ut
1139 1865 1391 1923 sublimis
1424 1883 1522 1938 per
1547 1884 1728 1925 aerem
1757 1885 1978 1926 sursum

410 1949 676 2019 rapiatur,
711 1959 768 2006 ut
813 1953 988 2024 inquit
1019 1955 1314 2026 Apostolus
1332 1955 1402 2024 ",
1456 1962 1512 2015 in
1547 1962 1681 2019 nube
1717 1981 1826 2020 una
1863 1981 1982 2024 cum

412 2039 520 2094 Deo
552 2057 644 2111 per
679 2046 908 2102 caelestia
963 2049 1194 2104 tendens.
1261 2048 1575 2106 Ponderosa
1613 2053 1862 2123 quaedam
1892 2070 1982 2111 res

411 2138 496 2186 Chl
526 2145 740 2198 aurum,
762 2148 996 2192 onerosa
1021 2151 1110 2194 res
1128 2141 1308 2197 omnis
1332 2158 1454 2213 qua:
1489 2143 1801 2200 divitiarum
1818 2162 1982 2202 causa

410 2221 714 2289 expetitur;
746 2223 884 2308 levis
902 2241 1030 2283 vero
1050 2244 1138 2286 res
1157 2231 1404 2300 quaedam
1432 2241 1487 2290 et
1511 2236 1764 2291 sublimia
1792 2245 1982 2308 petens

411 2318 499 2364 est
531 2311 730 2370 virtus.
768 2307 968 2371 Verum
1002 2318 1118 2375 hac
1154 2322 1258 2377 sibi
1288 2323 1519 2380 invicem
1553 2307 1803 2397 opposita
1829 2337 1979 2397 sunt,

409 2399 778 2470 ponderosum
822 2411 878 2460 et
907 2405 1044 2466 leve.
1102 2408 1246 2482 Ergo
1287 2413 1437 2466 nulla
1470 2414 1684 2471 ratione
1719 2417 1853 2472 elIici
1886 2433 1984 2489 po-

412 2493 519 2580 test
545 2500 608 2547 ut
628 2494 766 2552 levis
808 2496 880 2551 sit
919 2497 969 2555 is
1001 2501 1095 2570 qui
1116 2517 1235 2559 sese
1262 2503 1500 2573 pondere
1526 2507 1768 2563 materiae
1793 2509 1982 2580 aliigit.

413 2579 470 2636 Si
502 2583 668 2654 igitur
705 2586 774 2642 ad
823 2603 1059 2659 superna
1101 2606 1202 2648 nos
1234 2594 1496 2651 accedere
1530 2607 1765 2668 oportet,
1815 2579 1983 2656 abiis

409 2673 505 2742 qui
536 2673 790 2732 deorsum
834 2680 1059 2736 trahunt
1107 2690 1162 2738 et
1204 2685 1396 2756 inopes
1427 2695 1482 2743 et
1506 2689 1661 2760 egeni
1694 2692 1888 2756 simus,
1924 2699 1984 2745 ut

412 2763 468 2818 in
529 2768 782 2837 supernis
839 2785 1143 2829 versemur.
1201 2774 1339 2842 Quis
1393 2788 1576 2836 autem
1640 2783 1712 2836 sit
1765 2783 1982 2847 modus,

412 2856 718 2926 praescribit
773 2860 1082 2927 psalmodia
1113 2882 1126 2916 :
1154 2863 1437 2936 Dispersit,
1490 2871 1786 2942 inquiens,
1840 2873 1984 2928 dedit

408 2944 747 3014 pauperibus,
785 2949 1007 3018 justitia
1066 2955 1182 3024 ejus
1250 2967 1426 3013 manet
1478 2961 1536 3015 in
1593 2963 1848 3017 steculum
1889 2982 1983 3018 sa:-

411 3035 519 3088 culi
538 3036 607 3090 ⁹⁶.
631 3036 735 3104 Qui
755 3045 975 3113 pauperi
1000 3044 1312 3116 impertitus
1336 3049 1520 3117 fuerit,
1537 3051 1595 3107 in
1616 3061 1826 3124 partem
1863 3057 1984 3126 ejus

2077 1133 2354 1204 Δεσπότην
2377 1134 2406 1185 6
2434 1130 2676 1202 μαθητής
2695 1144 2710 1158 ’
2758 1129 2818 1181 τί
2844 1127 2958 1195 ἄρα
2977 1127 3146 1180 ἔσται
3175 1121 3347 1192 ἠμῖν;
3380 1119 3493 1174 Καὶ
3519 1117 3605 1181 τίς
3628 1119 3665 1186 ἠ

2078 1225 2403 1295 ἀπόκρισις;
2447 1220 2737 1290 Μακάριοι
2777 1222 2830 1272 οὶ
2863 1215 3084 1286 πτωχοὶ
3123 1215 3203 1280 τῷ
3230 1212 3548 1280 πνεύματι,
3577 1207 3667 1260 ὅτι

2078 1317 2277 1373 αὐτῶν
2321 1317 2491 1370 ἐστιν
2533 1315 2573 1382 ἡ
2622 1313 2912 1379 ,ϐασιλεία
2954 1308 3075 1364 τῶν
3122 1304 3416 1375 οὐρανῶν.
3473 1302 3666 1356 Βούλει

2079 1410 2289 1480 νοῆσαι,
2337 1407 2420 1472 τίς
2465 1409 2494 1460 6
2543 1406 2837 1475 πτωχεύων
2879 1403 2956 1474 τῷ
2999 1402 3301 1472 πνεύματι;
3359 1399 3423 1452 '0
3467 1397 3668 1451 ἀνταλι

2078 1501 2378 1572 λαξάμενος
2422 1499 2514 1552 τὸν
2558 1499 2655 1568 τῆς
2698 1498 2874 1567 ψυχῆς
2923 1494 3150 1548 πλοῦτον
3191 1493 3290 1564 τῆς
3342 1489 3668 1560 σωματικῆς

2081 1591 2358 1661 εὐπορίας,
2398 1591 2426 1640 6
2452 1587 2540 1641 διὰ
2583 1587 2643 1640 τὸ
2675 1587 2892 1656 πνεῦμα
2923 1582 3237 1654 πτωχεύων,
3275 1581 3307 1632 6
3354 1580 3450 1634 τὸν
3481 1583 3669 1651 γήϊνον

2083 1681 2308 1734 πλοῦτον
2339 1674 2450 1733 οἷόν
2477 1697 2528 1731 τι
2557 1678 2720 1750 βάρος
2748 1676 3201 1746 ἀποσεισάμενος,
3249 1675 3340 1728 ἵνα
3373 1672 3670 1744 μετάρσιός

2081 1789 2141 1826 τε
2178 1773 2272 1826 καὶ
2310 1772 2543 1842 διαέριος
2586 1771 2698 1824 ἀνω
2723 1771 2978 1840 φέρηται,
3012 1766 3192 1830 καθώς
3223 1782 3391 1837 φησιν
3435 1767 3469 1819 6
3509 1764 3670 1817 ’Διεϐ-

2085 1863 2287 1927 στολος,
2365 1858 2472 1919 ἐπὶ
2500 1860 2763 1931 νεφέλης
2797 1855 3378 1928 συμμετειιῳοπορῶν
3405 1853 3492 1921 τῷ
3525 1853 3666 1920 θεῷ.

2080 1952 2228 2025 Βαρύ
2257 1969 2310 2006 τι
2356 1952 2545 2022 χρῆμα
2573 1951 2633 2004 τὺ
2679 1949 2901 2021 χρυσίον
2945 1947 3128 2011 ἐστὶν,
3177 1946 3372 2018 βαρεῖα
3437 1946 3593 1999 πᾶσα
3629 1949 3666 2017 ἡ

2082 2043 2490 2114 σπουδαζομένη
2538 2040 2680 2095 κατά
2721 2039 2810 2094 τὸν
2846 2038 3071 2092 πλοῦτον
3101 2037 3200 2108 ὖλη
3218 2053 3233 2068 θ
3277 2037 3491 2106 κοῦφον
3531 2036 3590 2090 δέ
3614 2054 3668 2089 τι

2079 2135 2176 2188 καὶ
2200 2133 2476 2204 ἀνωφερὲς
2500 2132 2729 2202 πρᾶγμα
2749 2132 2782 2199 ἡ
2810 2129 2998 2200 ἀρετή.
3043 2127 3203 2180 Ἀλλά
3229 2129 3338 2198 μὴν
3365 2126 3668 2180 ἀντίκειται

2079 2225 2252 2279 ταῦτα
2297 2224 2564 2294 ἀλλήλοις,
2598 2221 2660 2274 τὸ
2687 2220 2850 2292 βάρος
2894 2221 2989 2273 καὶ
3035 2220 3070 2291 ἡ
3116 2219 3414 2288 κουφότης.
3460 2216 3671 2271 Οὐκοῦν

2079 2317 2358 2388 ἀμήχανόν
2385 2332 2507 2368 τινα
2539 2311 2790 2383 γενέσθαι
2835 2311 3057 2380 κοῦφον,
3091 2309 3170 2381 τῷ
3206 2310 3365 2382 βάρει
3399 2309 3508 2379 τῆς
3537 2307 3668 2378 ὕλης

2081 2404 2274 2461 ἑαυτὸν
2324 2404 2771 2480 προσηλώσαντα.
2807 2402 2870 2455 Ei
2897 2398 2989 2456 οὖν
3014 2403 3119 2472 χρὴ
3143 2405 3258 2464 τοῖς
3282 2402 3398 2455 ἀνω
3421 2399 3668 2472 προσϐῆ-

2080 2517 2188 2562 ναι,
2231 2500 2342 2552 τῶν
2389 2497 2539 2552 κάτω
2590 2495 2961 2550 καθελκόντων
2996 2491 3428 2562 πτωχεύσωμεν,
3479 2492 3568 2544 ἴνα
3608 2492 3670 2542 ἐν

2079 2592 2192 2654 τοῖς
2218 2591 2329 2644 ἀνω
2371 2587 2674 2658 γενώμεθα.
2729 2587 2828 2650 Τίς
2867 2586 2924 2638 δὲ
2972 2586 3002 2638 6
3052 2584 3275 2656 τρόπος,
3312 2585 3608 2654 ὑφηγεῖται
3631 2583 3670 2652 ἡ

2079 2679 2394 2752 ψαλμῳδία·
2457 2680 2870 2746 Ἐσκόρπισεν,
2911 2676 3093 2730 ἔδωκε
3135 2675 3260 2741 τοῖς
3307 2674 3595 2741 πένησιν,
3626 2675 3668 2741 ή

2079 2771 2434 2839 δικαιοσύνη
2499 2769 2686 2824 αὑτοῦ
2738 2769 2909 2838 μένει
2971 2769 3058 2833 είς
3127 2767 3239 2820 τὸν
3305 2766 3502 2820 αἰῶνα
3562 2767 3670 2820 τοῦ

2080 2862 2316 2928 αἰῶνος.
2359 2862 2418 2914 Ὁ
2445 2860 2524 2931 τῷ
2565 2858 2767 2930 πτωχῷ
2807 2859 3158 2928 κοινωνήσας,
3200 2858 3282 2922 είς
3327 2857 3431 2929 τὴν
3475 2857 3670 2928 μερίδα

2081 2953 2175 3007 τοῦ
2237 2953 2304 3007 δι’
2367 2954 2515 3024 ἡμᾶς
2575 2950 2990 3022 πτωχεύσαντος
3056 2949 3246 3003 ἑαυτὸν
3304 2951 3670 3020 καταστήσειι

2094 3043 2468 3115 Ἐπτώχευσεν
2510 3044 2538 3095 6
2584 3042 2810 3113 Κύριος,
2853 3040 2928 3113 μὴ
2977 3039 3219 3112 φοϐηθῇς
3267 3039 3407 3112 μηδὲ
3452 3043 3520 3094 σὺ
3567 3041 3671 3108 τὴν

410 3133 507 3201 qui
550 3141 770 3203 propter
815 3151 916 3192 nos
963 3152 1170 3210 pauper
1216 3140 1320 3196 fuit
1375 3145 1616 3214 seipsum
1662 3147 1978 3205 constituet.

2087 3135 2372 3206 πτωχείαν.
2419 3134 2578 3186 Ἀλλά
2613 3133 2883 3204 βασιλεύει
2914 3132 3096 3203 πάσης
3136 3131 3240 3200 τῆς
3278 3133 3519 3194 κτίσεως
3541 3134 3570 3185 6
3598 3133 3667 3185 δι’

415 3225 629 3295 lugenus
653 3223 755 3280 fuit
783 3224 1068 3294 Dominus,
1099 3245 1168 3285 ne
1196 3239 1257 3286 tu
1279 3234 1499 3304 quidem
1532 3245 1742 3294 metuas
1766 3251 1980 3310 egesta-

412 3325 541 3371 tcm.
586 3315 780 3373 Verum
823 3335 1050 3391 regnum
1092 3323 1302 3380 obtinet
1341 3327 1520 3382 omnis
1565 3337 1850 3396 creatum,
1887 3333 1981 3402 qui

415 3418 637 3479 propter
660 3426 760 3467 nos
793 3427 998 3483 egenus
1023 3414 1144 3468 fuit.
1174 3417 1312 3487 Ergo
1334 3418 1380 3473 si
1408 3432 1534 3474 cum
1555 3437 1622 3476 eo
1661 3425 1752 3492 qui
1777 3440 1982 3495 egenus

2083 3229 2228 3298 ἡμᾶς
2257 3225 2595 3297 πτωχεύσας.
2623 3223 2832 3278 Οὐκοῦν
2866 3223 2962 3277 ὲάν
2994 3223 3371 3293 πτωχεύσαντι
3406 3239 3669 3293 συμπτωο

2081 3322 2304 3393 χεύσῃς,
2350 3321 2445 3374 καὶ
2493 3317 2828 3390 βασιλεύοντι
2869 3313 3339 3384 συμϐασιλεύσεις.
3376 3313 3668 3382 Μακάριοι

2080 3412 2190 3484 γὰρ
2226 3414 2280 3465 οἱ
2317 3411 2540 3479 πτωχοί
2588 3408 2668 3473 τῷ
2698 3408 3008 3477 πνεύματι,
3051 3406 3140 3460 ὅτι
3179 3404 3383 3460 αὐτῶν
3412 3405 3591 3458 ἐστιν⁹
3625 3404 3668 3468 ἠ

411 3498 517 3554 fuit
573 3516 679 3555 una
729 3517 933 3574 pauper
979 3507 1111 3571 eris,
1152 3523 1276 3562 cum
1319 3519 1582 3580 regnante
1625 3494 1843 3585 quoque
1873 3532 1979 3571 una

2087 3504 2364 3569 βασιλεία
2402 3503 2520 3557 τῶν
2563 3499 2856 3569 οὐρανῶν,
2885 3494 2952 3571 ἧς
2985 3499 3082 3551 καὶ
3112 3499 3274 3585 ἡμεῖς
3297 3496 3669 3566 ἀξιωθείημεν

412 3593 685 3663 regnabis.
716 3593 868 3650 Beati
895 3599 1036 3653 enim
1058 3615 1308 3668 pauperes
1332 3604 1544 3670 spiritu,
1567 3608 1814 3676 quoniam
1841 3611 1983 3681 ipso-

413 3695 528 3739 rum
559 3697 637 3741 est
663 3703 880 3758 regnum
913 3691 1182 3754 caelorum,
1207 3693 1366 3762 cujus
1391 3695 1554 3751 etiam
1578 3714 1680 3755 nos
1698 3699 1848 3773 digni
1881 3704 1983 3758 ha-

415 3779 639 3834 beamur
678 3794 774 3850 per
807 3780 1088 3837 Christum
1127 3783 1313 3841 Jesum
1367 3786 1654 3845 Dominum
1707 3804 1978 3862 nostrum,

414 3869 502 3922 cui
529 3869 700 3940 gloria
715 3883 770 3926 et
791 3871 1105 3942 imperium,
1126 3874 1180 3929 in
1197 3879 1393 3932 saecula
1415 3881 1760 3938 szeculorum.
1785 3885 1979 3942 Amen.

1022 3984 1282 4046 ORATIO
1319 3992 1382 4047 ΙΙ.

414 4073 569 4130 Beati
610 4078 791 4146 mites,
842 4079 1094 4150 quoniam
1129 4083 1230 4150 ipsi
1263 4084 1625 4142 hwreditatem
1665 4098 1820 4144 terra:
1857 4109 1984 4146 con-

1047 4163 1345 4222 sequentur.

482 4237 587 4305 Qui
620 4255 716 4309 per
743 4241 948 4297 scalam
980 4243 1272 4314 quamdam
1299 4245 1365 4300 ad
1397 4247 1590 4303 altiora
1621 4253 1978 4319 contendunt,

414 4342 538 4384 cum
562 4331 615 4386 in
637 4334 817 4402 primo
843 4337 1013 4406 gradu
1045 4338 1410 4401 constiterint,
1443 4357 1539 4410 per
1567 4358 1690 4397 eum
1719 4347 1783 4399 ad
1814 4363 1980 4416 supe-

413 4420 614 4477 riorem
646 4423 932 4491 tolluntur,
975 4441 1039 4482 ac
1063 4442 1256 4483 rursus
1291 4431 1564 4488 secundus
1592 4435 1976 4491 ascendentem

2081 3596 2138 3647 ἐν
2167 3593 2386 3665 Χριστῷ
2423 3592 2597 3664 Ἰησοῦ
2622 3591 2701 3661 τῷ
2736 3592 2925 3662 Κυρίῳ
2952 3589 3130 3660 ἡμῶν,
3160 3583 3206 3657 ᾧ
3240 3591 3275 3658 ἡ
3317 3587 3447 3652 δόξα
3480 3589 3578 3641 καὶ
3607 3586 3668 3638 τὺ

2081 3686 2300 3758 κράτος,
2330 3688 2409 3749 εἰς
2433 3685 2557 3748 τοὺς
2581 3684 2782 3747 αἰῶνας
2809 3683 2918 3735 τῶν
2947 3681 3179 3736 αἰώνων.
3222 3681 3422 3751 ’Δμήν.

2707 3997 2924 4052 ΛΟΓΟΣ
2962 3995 3038 4047 B'.

2081 4087 2367 4158 Μακάριοι
2410 4091 2466 4142 οἱ
2508 4085 2733 4156 πραεῖς,
2773 4079 2869 4172 ότι
2913 4081 3083 4164 αὐτοὶ
3126 4076 3668 4149 κληρονομήσουσι

2727 4171 2844 4208 την
2872 4171 3008 4208 νην.

2727 4173 2768 4208 τ·
2806 4173 2844 4208 ν
2953 4173 3008 4206 ν.

2149 4248 2213 4304 Oi
2241 4248 2327 4303 διὰ
2345 4247 2609 4319 κλίμακός
2627 4173 3267 4316 τινοςητοῖζὲψηλοτέροις
3295 4243 3658 4314 προσϐαίνον-

2078 4354 2189 4406 τες,
2207 4343 2332 4396 ὅταν
2349 4341 2446 4412 τῆς
2461 4339 2682 4412 πρώτης
2698 4339 2928 4392 ὲπιϐῶσι
2949 4337 3225 4409 βαθμίδος,
3246 4337 3314 4388 δι’
3336 4337 3558 4406 ἐκείνης
3573 4334 3668 4389 ἐπὶ

2079 4434 2176 4505 τὴν
2208 4433 2608 4505 ὑπερκειμένην
2650 4431 2930 4502 αἴρονται,
2987 4431 3081 4482 xui.
3119 4429 3281 4483 πάλιν
3346 4430 3380 4500 ἠ
3422 4429 3654 4500 δευτέρα

413 4512 483 4567 ad
517 4516 737 4570 tertium
760 4516 999 4582 adducit,
1031 4527 1195 4589 atque
1228 4520 1314 4574 hic
1344 4522 1410 4576 ad
1444 4525 1772 4593 proximum,
1803 4539 1858 4584 et
1889 4532 1978 4588 ille

2087 4526 2345 4598 προσάγει
2370 4529 2434 4596 τῇ
2475 4525 2630 4596 τρίτῃ
2662 4524 2753 4578 τὸν
2796 4524 3032 4587 ἀνιόντα,
3060 4522 3155 4575 καὶ
3195 4520 3336 4590 αὕτη
3381 4521 3522 4589 πρὸς
3558 4521 3658 4590 τὴν

411 4604 480 4659 ad
519 4605 915 4678 insequentem.
965 4608 1142 4680 Atque
1191 4613 1264 4666 ita
1310 4614 1358 4668 is
1398 4615 1494 4684 qui
1549 4621 1819 4686 ascendit,
1853 4622 1978 4677 dum

412 4709 627 4766 semper
654 4698 724 4753 ab
753 4713 842 4764 eo,
876 4701 930 4754 in
956 4717 1065 4772 quo
1092 4703 1370 4768 consistit,
1398 4709 1464 4760 ad
1495 4710 1836 4778 superiorem
1859 4729 1980 4784 gras

410 4790 540 4843 dum
565 4792 813 4858 enititur,
837 4794 904 4848 ad
934 4807 1205 4851 summum
1241 4811 1503 4856 ascensus
1543 4801 1817 4874 fastigium
1854 4821 1983 4861 eva-

409 4880 509 4935 dit.
540 4883 620 4938 Ad
646 4884 779 4954 quid
809 4886 1110 4955 respiciens
1129 4887 1256 4943 hinc
1277 4891 1572 4948 esordior?
1594 4893 1822 4952 Videtur
1845 4899 1979 4954 mihi

409 4971 466 5026 in
498 4972 720 5028 modum
743 4976 1010 5046 graduum
1035 4977 1426 5035 beatitudinum
1450 4983 1827 5051 explicationis
1847 4989 1983 5044 ordo

410 5063 714 5134 dispositus
742 5075 903 5137 atque
935 5066 1178 5139 digestus
1205 5087 1348 5134 esse,
1371 5073 1585 5130 facilem
1611 5088 1708 5145 per
1735 5087 1978 5134 mutuam

411 5158 858 5224 consequentiam
900 5161 1142 5215 sermoni
1184 5162 1420 5220 elliciens
1469 5180 1782 5222 ascensum.
1845 5170 1978 5225 Nam

409 5248 505 5316 qui
535 5249 770 5320 primum
811 5249 1036 5320 gradum
1062 5251 1481 5311 beatificationis
1505 5265 1686 5313 mente
1711 5274 1975 5316 conscen-

409 5339 571 5404 derit,
594 5356 718 5396 eum
749 5357 844 5412 per
877 5345 1248 5399 necessariam
1277 5347 1566 5416 quamdam
1606 5349 1978 5406 intellectuum

410 5434 856 5502 consequentiam
882 5435 1167 5504 proximus
1194 5437 1419 5507 excipit,
1453 5440 1669 5495 etiamsi
1693 5441 1867 5510 prima
1892 5441 1976 5496 fa-

410 5523 494 5576 cie
524 5536 666 5576 nova
711 5525 1068 5596 mirandaque
1115 5543 1546 5586 commemorare
1582 5547 1764 5588 sermo
1796 5535 1978 5592 videa-

408 5621 516 5666 tur.
567 5608 710 5666 Fieri
754 5617 900 5668 cnim
941 5631 1048 5671 non
1082 5633 1242 5688 posse
1285 5618 1521 5700 fortasse
1563 5622 1707 5678 dicet
1736 5625 1973 5691 auditor,

2083 4617 2298 4688 ἐφεξῆς,
2327 4618 2419 4670 καὶ
2452 4615 2588 4688 αὕτη
2620 4617 2755 4688 πρὸς
2785 4617 2882 4688 τὴν
2917 4615 3034 4686 μεθ’
3078 4612 3296 4683 ἑαυτήν.
3347 4615 3462 4668 Καὶ
3488 4612 3662 4674 οὕτως

2083 4712 2112 4761 6
2140 4703 2303 4762 ἀνιὼν
2335 4709 2444 4762 ἀπὸ
2474 4709 2566 4762 τοῦ
2615 4710 2672 4760 ὲν
2717 4702 2761 4776 ᾧ
2806 4710 2972 4769 ἐστιν,
3003 4707 3090 4760 όιεὶ⁸
3120 4709 3254 4778 πρὸς
3293 4707 3356 4759 τὸ
3404 4707 3661 4776 ὑπερκεί-

2088 4816 2246 4870 μενον
2292 4800 2662 4870 ἀνυψούμενος
2684 4837 2699 4864 ,
2743 4799 2836 4852 ἐπὶ
2880 4798 2941 4851 τὸ
2980 4798 3278 4870 ἀκρότατον
3319 4798 3513 4866 φθάνει
3563 4797 3663 4865 τῆς

2084 4891 2421 4954 ἀναϐάσεως.
2442 4888 2584 4958 Πρὸς
2605 4890 2656 4944 τί
2686 4890 2896 4960 βλέπων
2921 4890 3167 4944 ἐντεῦθεν
3194 4888 3660 4960 προοιμιάζομαιῖ

2085 4987 2241 5038 Δοκεῖ
2272 5001 2361 5054 μοι
2393 4983 2664 5055 βαθμίδων
2688 4985 2842 5054 δίκην
2870 4984 2901 5054 ἡ
2926 4982 3034 5035 τῶν
3071 4981 3436 5052 μακαρισμῶν
3457 4980 3663 5033 διακεῖ-

2085 5079 2210 5132 σθαι
2235 5077 2406 5141 τάξις,
2433 5070 2751 5130 εὐεπίϐατον
2779 5075 2857 5146 τῷ
2882 5075 3024 5145 λόγῳ
3060 5074 3125 5128 δι’
3153 5073 3399 5141 ἀλλήλων
3434 5069 3660 5126 ποιοῦσα

2082 5171 2182 5241 τὴν
2220 5169 2423 5224 ἄνοδον.
2475 5170 2578 5222 Τὸν
2627 5170 2738 5240 γὰρ
2781 5168 2859 5238 τῷ
2900 5166 3102 5238 πρώτῳ
3146 5167 3232 5219 διὰ
3280 5167 3381 5236 τῆς
3425 5164 3660 5225 διανοίας

2081 5262 2446 5331 ἐπιϐεϐηκότα
2470 5259 2820 5331 μακαρισμῷ,
2851 5258 2917 5312 δι’
2945 5257 3242 5326 ἀναγκαίας
3272 5256 3420 5318 τινος
3437 5256 3536 5324 τῆς
3554 5253 3660 5306 τῶν

2085 5354 2370 5425 νοημάτων
2398 5352 2734 5414 ἀκολουθίας,
2763 5355 2792 5404 6
2827 5351 2946 5420 μετ’
2985 5352 3194 5402 ἐκεῖνον
3222 5348 3526 5417 ἐκδέχεται,
3559 5344 3658 5397 κᾶν

2085 5445 2416 5511 ὑποξενίζειν
2440 5443 2568 5514 δοκῇ
2604 5442 2755 5513 παρά
2782 5441 2879 5512 τὴν
2906 5441 3128 5512 πρώτην
3151 5441 3178 5491 6
3206 5439 3386 5507 λόγος.
3428 5436 3523 5507 Μὴ
3551 5435 3658 5504 γάρ

2083 5529 2221 5588 εἶναι
2253 5534 2473 5587 δυνατὸν
2522 5534 2650 5596 ἴσως
2679 5536 2707 5586 6
2737 5531 2953 5586 ἀκούων
2995 5534 3147 5602 ἐρεῖ,
3183 5529 3437 5598 καθάπερ
3475 5532 3532 5581 ὲν
3565 5527 3657 5596 βα-

2085 5627 2236 5698 θμῶν
2266 5626 2524 5692 διαθέσει,
2550 5625 2687 5695 μετά
2719 5625 2819 5695 τὴν
2845 5624 2955 5678 τῶν
2970 5623 3214 5696 οὐρανῶν
3230 5621 3533 5695 βασιλείαν,
3565 5622 3658 5688 τῆς

478 5795 526 5828 θ’
569 5795 754 5855 Matth.
789 5816 878 5855 xix
907 5841 920 5866 ,
955 5801 1046 5855 “3!.
1121 5805 1166 5837 "
1208 5800 1340 5858 Ibid,-
1376 5801 1461 5858 εὖ.
1544 5804 1587 5834 θ’
1627 5804 1643 5858 l
1680 5803 1875 5861 Thess.
1911 5823 1982 5873 l\',
2022 5807 2102 5862 l6.
2181 5810 2226 5841 "
2264 5805 2408 5864 Paul.
2443 5825 2529 5863 cxi
2556 5846 2571 5874 ,
2602 5809 2635 5863 9
