3844 6224
181 340 320 395 1209

1235 343 1325 398 DE
1363 343 1962 401 BEATITUDINIBUS.
2001 346 2261 402 ORATIO
2304 347 2366 404 ll.

3300 344 3440 399 1210

173 464 283 531 γῆς
329 461 430 533 τὴν
468 462 831 534 κληρονομίαν
860 464 1410 536 καταλαμϐάνεσθαι·
1457 467 1570 521 ἀλλ’
1602 467 1762 538 εἴπερ

1868 477 1944 532 ιιι,
1980 476 2245 539 tanquam
2280 471 2332 523 in
2362 469 2631 534 graduum
2663 471 3046 542 dispositione,
3065 477 3187 540 post
3209 484 3435 539 regnum

173 555 284 606 εδει
329 556 394 625 τῇ
434 553 591 623 φύσει
614 553 720 608 τῶν
749 555 917 610 ὄντων
947 554 1040 611 τὸν
1081 558 1236 627 λόγον
1264 559 1512 623 ἔπεσθαι,
1545 559 1638 613 τοῦ
1664 561 1756 613 οὑ-

177 645 342 716 ρανοῦ
384 645 482 717 τὴν
528 647 632 717 γῆν
664 648 1078 722 ἀκολουθότερον
1121 647 1188 722 ἦν
1231 651 1627 724 προτετάχθαι,
1678 650 1754 716 ὡς

173 735 427 789 ἐντεῦθεν
455 737 585 807 ἡμῖν
613 739 699 790 ἐπ’
738 740 944 793 ἐκεῖνον
983 741 1246 812 ἐσομένης
1276 743 1376 812 τῆς
1415 741 1750 805 ἀναϐάσεως.

186 826 329 879 Ἀλλ’
359 829 407 879 εί
434 827 842 900 πτερωθείημέν
886 846 1002 892 πως
1043 829 1121 900 τῷ
1163 829 1332 902 λόγῳ,
1367 831 1460 884 καὶ
1501 831 1642 902 ὑπὲρ
1685 832 1756 884 τά

171 918 321 971 νῶτα
340 918 442 988 τῆς
467 918 724 990 οὐρανίας
754 920 938 989 ἀψίδος
970 922 1254 992 σταίημεν,
1298 923 1600 992 εὑρήσομεν
1641 923 1757 976 ἐκεῖ

172 1007 277 1078 τὴν
305 1008 696 1079 ὑπερουράνιον
724 1009 849 1080 γῆν,
869 1008 969 1080 τὴν
999 1011 1076 1074 εἰς
1107 1011 1473 1082 κληρονομίαν
1492 1014 1606 1074 τοῖς
1633 1013 1756 1064 κατ’

173 1099 380 1170 ἀρετὴν
403 1099 720 1169 βεϐιωκόσιν
740 1100 1124 1172 ἀποκειμένην,
1158 1102 1234 1165 ὡς
1267 1101 1340 1172 μὴ
1372 1103 1547 1156 δοκεῖν
1576 1103 1759 1174 ἡμαρο

174 1191 375 1260 τῆσθαι
398 1191 498 1262 τὴν
527 1191 681 1257 τάξιν
706 1192 803 1262 τῆς
849 1191 958 1246 τῶν
999 1193 1365 1264 μακαρισμῶν
1411 1193 1754 1259 ἀκολουθίας,

177 1281 396 1353 πρῶτον
425 1282 689 1353 οὐρανῶν,
723 1283 817 1334 καὶ
846 1281 984 1352 μετά
1012 1280 1183 1335 ταῦτα
1211 1281 1334 1353 γῆς,
1363 1284 1420 1336 ὲν
1450 1286 1569 1346 ταῖς
1591 1283 1759 1352 ἐπαγ-

177 1373 389 1441 γελίαις
406 1375 539 1444 ἡμῖν
563 1373 717 1444 παρὰ
739 1370 834 1425 τοῦ
853 1371 987 1426 Θεοῦ
1012 1374 1380 1446 προτεθείσης.
1414 1375 1488 1428 Τὸ
1508 1376 1615 1447 γὰρ
1640 1393 1760 1445 φαι-

177 1464 426 1534 νόμενον,
476 1465 600 1517 ὅσον
639 1464 776 1534 πρὸς
817 1464 916 1534 τὴν
952 1467 1266 1537 σωματικὴν
1308 1466 1589 1536 αἴσθησιν.
1639 1467 1760 1520 ὅλον

180 1555 322 1625 πρὸς
350 1555 510 1607 ἑαυτὸ
543 1553 817 1623 συγγενῶς
859 1554 989 1624 ἔχει.
1043 1554 1160 1609 Κᾶν
1203 1557 1309 1626 γὰρ
1344 1556 1372 1608 ὃ
1409 1559 1506 1626 μὲν
1552 1556 1754 1628 ὑψηλὸν

178 1642 322 1699 εἶναι
353 1645 481 1718 δοκῇ
510 1645 587 1716 τῷ
619 1645 828 1716 τοπικῷ
850 1646 1170 1717 διαστήματι
1188 1685 1204 1707 .
1232 1647 1345 1700 ἀλλ’
1361 1643 1453 1700 οὖν
1479 1647 1630 1701 κάτω
1656 1647 1759 1717 τῆς

178 1735 378 1806 νοερᾶς
424 1736 612 1798 οὐσίας
655 1737 823 1800 ἐστὶν,
862 1731 930 1809 ἦς
965 1735 1224 1789 ἀδύνατον
1269 1735 1622 1790 ἐπιϐατεύσαι
1670 1738 1762 1790 τὸν

180 1826 466 1897 λογισμὸν,
493 1826 568 1898 μὴ
594 1826 852 1881 διαϐάντα
877 1825 955 1897 τῷ
988 1827 1130 1898 λόγῳ
1160 1827 1330 1881 ταῦτα
1366 1828 1651 1899 πρότερον,
1687 1821 1762 1882 ὧν

180 1918 519 1973 καθικνεῖται
548 1920 581 1990 ἡ
607 1919 878 1990 αἴσθησις.
907 1918 970 1972 Εἰ
997 1918 1056 1973 δὲ
1079 1923 1146 1990 τῇ
1176 1919 1514 1992 προσηγορίᾳ
1541 1921 1639 1991 τῆς
1657 1919 1763 1990 γῆς

178 2014 215 2081 ὴ
279 2011 650 2084 ὑπερκειμένη
714 2011 1144 2082 κατονομάζεται
1207 2011 1397 2081 λῆξις,
1461 2010 1764 2081 θαυμάσεις

183 2104 391 2175 μηδέν·
442 2105 520 2174 τῷ
559 2104 668 2175 γὰρ
707 2104 948 2175 ταπεινῷ
984 2105 1084 2174 τῆς
1117 2105 1391 2176 ἡμετέρας
1430 2104 1600 2174 ἀκοῆς
1628 2121 1761 2173 συγο

181 2197 502 2251 καταϐαίνει
526 2199 554 2250 ὁ
584 2199 774 2266 Λόγος,
801 2199 830 2251 ὁ
857 2197 944 2250 διὰ
972 2197 1130 2250 τοῦτο
1153 2198 1291 2269 πρὸς
1318 2198 1463 2268 ἡμᾶς
1497 2197 1760 2265 καταϐὰς,

181 2289 375 2361 ἐπειδὴ
421 2290 582 2360 ἡμεῖς
629 2289 764 2359 πρὸς
816 2288 976 2342 αὐτὸν
1020 2289 1367 2360 ἀνυψωθῆναι
1414 2291 1512 2360 οὐχ
1553 2283 1655 2343 οἷοί
1700 2308 1761 2344 τε

179 2377 349 2452 ἦμεν.
390 2380 492 2435 Διά
528 2381 709 2434 τοίνυν
751 2381 858 2435 τῶν
902 2381 1030 2452 ἡμῖν
1071 2382 1362 2453 γνωρίμων
1403 2382 1661 2454 ῥημάτων
1701 2401 1761 2437 τε

181 2475 280 2526 καὶ
327 2473 606 2538 ὀνομάτων
638 2473 971 2544 παραδίδωσι
1017 2473 1087 2525 τά
1137 2473 1258 2527 θεῖα
1307 2479 1599 2544 μυστήρια,
1636 2473 1765 2527 ταύ-

180 2583 306 2630 ταις
331 2568 454 2628 ταῖς
483 2568 688 2635 φωναῖς
717 2565 1076 2636 κεχρημένος,
1112 2565 1177 2629 ἃς
1203 2567 1237 2636 ὴ
1273 2565 1530 2637 συνήθεια
1558 2567 1651 2621 τοῦ
1673 2569 1764 2621 άν-

181 2657 460 2730 θρωπίνου
509 2657 753 2728 περιέχει
803 2655 937 2726 βίον.
987 2655 1098 2710 Καὶ
1143 2656 1253 2728 γάρ
1304 2661 1370 2728 τῇ
1420 2657 1526 2730 πρὸ
1561 2659 1766 2730 ταύτης

182 2747 491 2819 ἐπαγγελίᾳ
532 2749 624 2803 τὸν
674 2748 948 2818 ἄφραστον
996 2749 1202 2802 ἐκεῖνον
1259 2750 1317 2802 ἐν
1363 2752 1477 2813 τοῖς
1519 2751 1764 2822 οὐρανοῖς

187 2839 578 2910 μακαρισμὸν,
618 2836 897 2909 βασιλείαν
944 2839 1254 2910 ὠνόμασεν⁸
1293 2836 1403 2912 ἆρά
1443 2858 1494 2894 τι
1525 2840 1764 2894 τοιοῦτον

183 2931 265 3003 τῷ
287 2932 434 3003 λόγῳ
461 2931 891 3002 παραδεικνύων,
929 2926 1040 2986 οἷον
1085 2934 1120 3003 ἠ
1155 2933 1304 2986 κάτω
1341 2932 1582 3005 περιέχει
1613 2933 1767 3004 βασι-

182 3024 342 3090 λεία;
387 3024 694 3095 διαδήματά
719 3041 840 3077 τινα
887 3028 1004 3088 ταῖς
1035 3024 1144 3078 τῶν
1173 3025 1334 3078 λίθων
1369 3026 1581 3094 αῐγλαις
1614 3043 1767 3098 περι-

183 3117 569 3188 αστράπτοντα
593 3156 610 3181 ,
657 3115 752 3170 καὶ
792 3115 1034 3180 εὐανθεῖς
1077 3117 1398 3190 ἁλουργίδας
1441 3117 1538 3188 ἡδύ
1571 3135 1625 3172 τι
1652 3120 1765 3181 τοῖς

184 3207 391 3282 λίχνοις
419 3209 662 3280 ὄμμασιν
702 3208 1129 3278 ἀπαυγαζούσας
1154 3249 1170 3274 ,
1217 3210 1531 3281 προπύλαιά
1577 3227 1638 3263 τε
1670 3211 1765 3264 καὶ

187 3302 677 3370 καταπετάσματα,
714 3299 811 3355 καὶ
855 3301 1092 3371 ὑψηλοὺς
1121 3301 1364 3371 θρόνους,
1410 3305 1505 3358 καὶ
1544 3302 1766 3374 δορυφό-

189 3409 304 3464 ρων
354 3391 630 3462 στοιχηδὸν
678 3391 1057 3464 περιεστώτων
1100 3391 1302 3458 τάξεις,
1346 3393 1442 3447 καὶ
1487 3394 1588 3447 ὅσα
1634 3393 1771 3447 ἄλλα

189 3481 676 3554 προστραγιρδοῦσι
701 3483 830 3553 περὶ
850 3483 949 3553 τὴν
979 3482 1234 3554 τοιαύτην
1266 3482 1357 3537 τοῦ
1389 3483 1503 3553 βίου
1566 3483 1770 3554 σκηνὴν

187 3578 238 3628 οἱ
263 3577 356 3629 τὸν
384 3575 546 3644 ὄγκον
574 3575 673 3644 τῆς
710 3575 1028 3637 δυναστείας
1053 3575 1142 3628 διά
1172 3574 1279 3628 τῶν
1312 3575 1567 3628 τοιούτων
1592 3575 1685 3627 ἐπὶ
1709 3575 1770 3627 τὸ

194 3669 380 3738 μεῖζον
426 3666 754 3738 ἐξαίροντες.
795 3667 935 3722 Ἀλλ’
981 3666 1168 3738 ἐπειδὴ
1209 3667 1351 3736 μέγα
1394 3683 1447 3719 τι
1491 3668 1586 3719 καὶ
1631 3666 1769 3737 ὑπὲρ

191 3760 372 3815 πάντα
406 3759 588 3830 σχεδὸν
636 3760 704 3814 τὰ
749 3761 807 3812 ἐν
856 3759 1163 3831 ἀνθρώποις
1207 3758 1511 3830 ζηλούμενα
1560 3759 1622 3812 τὸ
1667 3759 1769 3830 τῆς

195 3851 475 3921 βασιλείας
502 3851 673 3922 ὄνομα
705 3851 847 3905 κατά
875 3851 964 3906 τὸν
995 3852 1105 3922 βίον
1137 3852 1302 3908 ἐστὶν.
1334 3851 1422 3904 διὰ
1459 3851 1614 3904 τοῦτο
1644 3868 1770 3904 συν-

193 3944 467 4014 εχρήσατο
500 3942 580 4015 τῷ
601 3943 846 4014 ὀνόματι,
899 3943 1035 4015 πρὸς
1077 3942 1176 4014 τὴν
1219 3941 1326 3996 τῶν
1366 3943 1770 4014 ὑπερκειμένων

194 4035 417 4104 ἀγαθῶν
443 4035 707 4106 δήλωσινο
756 4035 831 4098 ὼς
860 4035 991 4100 εῖγε
1006 4031 1073 4106 ἦν
1109 4034 1238 4088 ἄλλο
1274 4050 1326 4086 τι
1356 4034 1507 4106 παρὰ
1539 4037 1651 4097 τοῖς
1681 4035 1773 4088 ἀν-

196 4125 437 4198 θρώποις
467 4127 566 4196 τῆς
607 4126 880 4197 βασιλείας
917 4124 1209 4196 ἀνώτερον,
1239 4125 1306 4178 δι’
1345 4127 1556 4179 ἐκείνου
1584 4123 1650 4179 ἂν
1676 4123 1769 4178 τοῦ

194 4218 459 4288 ὀνόματος
508 4219 724 4279 πάντως
783 4218 1014 4289 μάλιστα
1076 4217 1421 4288 ἀνεπτέρωσε
1462 4216 1637 4287 ψυχὴν
1676 4215 1771 4269 τοῦ

197 4308 508 4372 ἀκούοντος,
543 4309 678 4380 πρὸς
725 4308 1018 4378 ἐπιθυμίαν
1047 4307 1149 4377 τῆς
1191 4308 1467 4378 ἀφράστου
1509 4307 1773 4378 μακαριό-

196 4413 382 4472 τητος.
434 4401 568 4454 Οὐδὲ
598 4400 705 4473 γὰρ
737 4397 804 4471 ἦν
848 4401 1071 4456 δυνατὸν
1119 4403 1267 4465 ἰδίοις
1307 4400 1562 4471 ὀνόμασιν
1591 4401 1775 4453 ἐκεῖνα

1860 562 2128 615 εωιοιιιιιι
2177 561 2466 616 haereditas
2505 569 2666 616 terra:
2711 563 3184 632 deprehendatur;
3235 560 3330 614 sed
3370 563 3434 613 si-

1855 652 2074 719 quidem
2100 660 2375 722 oporteret
2409 668 2716 708 sermonem
2764 668 2949 709 rerum
2978 653 3130 722 sequi
3161 661 3434 714 naturam,

1857 742 2033 812 magis
2061 750 2491 797 consentaneum
2521 751 2660 807 erat,
2695 753 2756 798 ut
2785 745 2926 798 cmlo
2954 751 3100 798 terra
3153 756 3436 813 praepone-

1856 839 2028 896 retur,
2053 833 2212 903 quasi
2243 832 2370 887 hinc
2395 833 2525 888 illuc
2551 834 2831 890 ascensuri
2873 835 3066 890 simus.
3112 833 3218 888 Sed
3245 835 3292 887 si
3319 847 3437 887 ora-

1859 924 2006 979 tione
2029 925 2282 980 volucres
2303 927 2707 996 quodammodo
2729 925 2857 982 facti
2880 937 2934 983 et
2960 927 3126 983 erecti
3147 927 3434 990 fuerimus,

1859 1033 2132 1088 superque
2171 1019 2334 1074 dorsa
2390 1020 2632 1075 caelestis
2668 1021 2966 1077 testudinis
3003 1019 3434 1079 constiterimus.

1859 1112 2198 1166 inveniemus
2231 1113 2303 1166 ibi
2331 1113 2772 1183 supercmlestem
2799 1122 3026 1175 terram.
3072 1127 3194 1181 quae
3225 1112 3292 1166 iis
3335 1109 3428 1177 qui

1859 1220 1983 1258 cum
2015 1204 2213 1258 virtute
2242 1204 2408 1258 vitam
2448 1206 2814 1273 transegerint
2844 1203 3080 1272 reposita
3105 1212 3208 1264 est,
3243 1207 3302 1253 ut
3328 1216 3436 1254 non

1858 1295 2109 1349 videatur
2139 1294 2276 1348 ordo
2316 1309 2346 1347 a
2380 1293 2729 1348 convenienti
2777 1291 3174 1347 beatitudinum
3221 1290 3433 1357 exposi-

1861 1387 2024 1440 tionis
2048 1385 2436 1454 consequentia
2462 1385 2770 1447 aberrasse,
2793 1383 3026 1453 primum
3050 1381 3213 1443 caelo,
3240 1379 3436 1434 deinde

1862 1483 2008 1529 terra
2067 1476 2224 1530 nobis
2274 1477 2328 1529 in
2372 1475 2833 1544 promissionibus
2881 1490 2911 1528 a
2965 1472 3076 1528 Deo
3133 1472 3435 1544 proposita.

1861 1565 2136 1637 Quidquid
2169 1567 2312 1621 enim
2345 1575 2586 1636 apparet,
2611 1574 2875 1637 quantum
2901 1565 2968 1618 ad
2997 1581 3217 1620 sensum
3241 1579 3435 1634 corpo-

1863 1669 2017 1706 reum
2053 1656 2272 1720 attinet,
2318 1664 2488 1708 totum
2530 1655 2673 1710 inter
2719 1670 2780 1710 se
2822 1665 3112 1726 cognatum
3149 1661 3254 1709 est.
3319 1653 3434 1708 Etsi

1865 1745 2009 1800 enim
2048 1745 2180 1799 illud
2217 1747 2434 1816 quidem
2465 1745 2567 1799 loci
2605 1745 2892 1800 intervallo
2932 1747 3100 1800 altum
3135 1760 3258 1800 esse
3287 1745 3440 1800 vide-

1794 1819 1834 1874 Β
1865 1847 1972 1897 tur.
2014 1843 2252 1891 attamen
2277 1853 2442 1906 super
2467 1836 2909 1898 intellectualem,
2936 1838 3098 1907 inque
3125 1847 3302 1892 mente
3326 1840 3440 1892 sula

1862 1930 2252 1984 consistentem
2275 1937 2521 1982 naturam
2545 1935 2653 1991 est,
2682 1928 2748 1982 ad
2771 1944 2933 1998 quam
2961 1930 3081 1984 ﬁeri
3130 1947 3238 1984 non
3268 1937 3443 2000 potest

1863 2027 1922 2072 ut
1951 2017 2208 2086 cogitatio
2255 2017 2536 2080 ascendat,
2576 2015 2683 2070 nisi
2715 2016 2927 2072 ratione
2971 2018 3124 2087 prius
3155 2018 3269 2073 hinc
3322 2035 3444 2088 qua:

1862 2122 2059 2162 sensus
2115 2106 2426 2176 assequitur
2455 2115 2799 2174 transgressa
2833 2108 2922 2161 sit.
2979 2108 3134 2173 Quod
3168 2109 3213 2162 si
3258 2108 3442 2178 appel-

1862 2198 2066 2253 latione
2094 2205 2255 2253 terrae
2315 2212 2567 2267 superna:
2604 2204 2788 2266 partes
2821 2196 3272 2260 denominantur,
3309 2199 3443 2253 nihil

1862 2291 2102 2354 mireris,
2149 2290 2217 2345 ad
2259 2289 2622 2344 humilitatem
2664 2290 2809 2344 enim
2849 2293 3025 2346 nostri
3060 2292 3283 2347 auditus
3310 2289 3444 2346 Ver-

1861 2380 2012 2445 bum,
2039 2379 2196 2451 quasi
2243 2378 2730 2434 condescendendo
2764 2394 2883 2435 sese
2917 2381 3313 2446 accommodat,
3349 2380 3442 2451 qui

1862 2474 2068 2529 idcirco
2115 2472 2400 2529 descendit
2447 2472 2513 2527 ad
2564 2489 2697 2534 nos,
2723 2471 2854 2543 quia
2885 2489 2986 2528 nos
3032 2474 3100 2528 ad
3142 2474 3294 2527 illum
3324 2474 3440 2528 tolli

1860 2581 1969 2621 non
2001 2573 2335 2635 poteramus.
2386 2563 2572 2634 Itaque
2613 2579 2710 2634 per
2739 2564 2903 2619 verba
2950 2575 3005 2620 et
3047 2567 3270 2620 nomina
3311 2574 3442 2620 nota

1860 2660 2022 2715 nobis
2065 2657 2250 2712 divina
2304 2658 2563 2728 mysteria
2624 2655 2809 2721 tradit,
2863 2655 2949 2711 his
2987 2659 3211 2714 vocibus
3259 2666 3442 2720 utens.

1863 2766 2001 2820 quas
2024 2749 2272 2804 continet
2307 2748 2563 2802 humanae
2596 2748 2723 2801 vitae
2744 2748 3107 2802 consuetudo.
3142 2747 3354 2802 Etenim
3386 2749 3442 2802 in

1862 2843 2110 2914 proxime
2151 2840 2478 2911 praecedenti
2517 2839 2656 2894 hanc
2703 2840 3090 2910 promissione,
3142 2841 3436 2909 inexpliea.

1862 2934 2022 2988 bilem
2048 2933 2195 2986 illam
2231 2932 2283 2985 in
2313 2930 2467 2985 caelis
2495 2930 2886 2986 beatitudinem
2934 2946 3160 3002 regnum
3202 2931 3446 3000 appella-

1862 3027 1974 3092 vit,
2005 3024 2249 3094 nunquid
2274 3021 2546 3094 ejusmodi
2573 3022 2853 3093 quidpiam
2886 3023 3136 3077 indicans
3194 3022 3444 3076 oratione

1865 3119 2024 3189 quale
2051 3118 2293 3172 continet
2321 3129 2546 3185 regnum
2587 3113 2859 3169 infernum
2886 3113 2909 3166 ?
2948 3113 3256 3168 diademata
3293 3126 3443 3181 qure-

1867 3212 1991 3266 dam
2027 3209 2263 3279 lapidum
2317 3206 2605 3277 splendore
2650 3205 2860 3260 circum
2908 3203 3261 3274 fulgurantia,
3296 3201 3436 3256 ﬂori-

1867 3304 1966 3358 das
2006 3309 2185 3355 vestes
2232 3314 2559 3369 purpureas,
2605 3298 2910 3367 jucundum
2951 3296 3241 3366 quemdam
3270 3293 3447 3351 oculis

1868 3395 2114 3450 delicatis
2156 3391 2504 3462 splendorem
2550 3388 2862 3450 reddentes,
2917 3385 3206 3445 vestibula.
3253 3385 3444 3446 aulzea,

1870 3485 2127 3542 sublimia
2171 3483 2329 3544 solia,
2376 3481 2671 3536 satellitum
2715 3480 3221 3548 armigerorumque
3249 3475 3442 3530 ordine

1869 3573 2343 3629 circumstantium
2391 3569 2680 3631 cohortes,
2726 3582 2789 3621 ac
2841 3580 3181 3636 quaecunque
3227 3565 3332 3618 alia
3389 3563 3444 3616 in

1870 3667 2088 3720 modum
2121 3663 2451 3732 tragicorum
2501 3659 2936 3728 spectaculorum
2985 3657 3132 3712 circa
3172 3653 3444 3725 ejusmodi

1871 3759 1995 3811 vitae
2023 3769 2243 3811 scenam
2289 3752 2497 3806 addunt
2525 3751 2579 3804 hi
2605 3750 2697 3821 qui
2730 3748 3144 3818 amplitudinem
3180 3745 3450 3816 principa-

1872 3861 1958 3904 tus
1992 3865 2085 3918 per
2109 3845 2374 3916 ejusmodi
2405 3860 2493 3898 res
2513 3843 2568 3896 in
2603 3841 2780 3909 majus
2807 3837 3123 3894 extollunt?
3171 3836 3276 3892 Sed
3307 3853 3448 3907 quo-

1871 3944 2015 3998 niam
2049 3952 2301 4010 magnum
2336 3933 2616 4005 quiddam,
2658 3940 2712 3986 et
2741 3946 2906 3999 supra
2938 3928 3123 3983 omnia
3155 3942 3444 3998 propemo-

1871 4032 1998 4087 dum
2051 4044 2171 4099 quze
2200 4025 2378 4096 magni
2423 4025 2559 4077 liunt
2589 4025 2730 4076 inter
2758 4019 3032 4080 homines,
3061 4018 3211 4088 regni
3240 4032 3445 4072 nomen

1871 4124 1927 4178 in
1943 4123 2052 4176 vita
2076 4128 2182 4183 est,
2201 4119 2407 4173 idcirco
2433 4131 2567 4170 usus
2584 4122 2667 4168 est
2694 4113 2856 4168 etiam
2887 4125 2954 4166 eo
2981 4110 3049 4165 ad
3079 4124 3445 4179 supernorum

1872 4217 2138 4271 bonorum
2159 4209 2604 4266 declarationem.
2631 4203 2766 4258 Nam
2791 4204 2835 4258 si
2857 4202 3076 4273 quidem
3103 4201 3250 4255 aliud
3280 4199 3446 4269 quid-

1874 4308 2015 4376 piam
2047 4301 2402 4358 excellentius
2458 4313 2620 4366 quam
2655 4310 2883 4365 regnum
2907 4292 3052 4362 apud
3087 4293 3335 4347 homines
3366 4306 3448 4346 es-

1876 4407 1978 4459 set,
2014 4411 2109 4466 per
2144 4393 2274 4448 illud
2323 4390 2667 4462 potissimum
2715 4401 2913 4440 nomen
2945 4385 3188 4438 animum
3225 4397 3450 4452 prorsus

197 4493 270 4546 τά
294 4491 475 4560 ἀγαθά
507 4495 618 4556 τοῖς
643 4491 948 4564 ἀνθρώποις
981 4493 1406 4562 ὲκκαλυφθῆναι,
1445 4490 1480 4546 ἃ
1513 4490 1651 4562 ὑπὲρ
1692 4489 1767 4543 ατ·

1878 4488 2152 4543 audientis
2202 4499 2418 4540 sursum
2466 4479 2624 4551 quasi
2668 4479 2770 4531 alis
2817 4475 3016 4531 additis
3065 4477 3360 4539 evexisset,
3396 4481 3453 4530 et

202 4583 397 4652 σθησίν
425 4600 485 4635 τε
523 4584 615 4635 καὶ
647 4581 848 4651 γνῷσιν
879 4583 1222 4654 ἀνθρωπίνην
1255 4583 1420 4636 ἐστίν.
1470 4582 1619 4636 Οὔτε
1665 4581 1776 4650 γὰρ

199 4676 509 4744 ὀφθαλμὸς
546 4671 688 4737 εἶδε,
732 4676 917 4746 φησιν,
962 4676 1101 4729 οὔτε
1143 4671 1253 4741 οὖς
1301 4672 1589 4744 ἤκουσεν,
1638 4674 1780 4728 οὔτε

197 4768 302 4822 ἐπὶ
355 4766 606 4835 καρδίαν
656 4765 969 4834 ἀνθρώπου
1021 4767 1222 4835 ἀνέϐη.
1279 4767 1417 4821 Ἀλλ’
1477 4767 1552 4830 ὡς
1593 4765 1660 4820 ἂν
1703 4765 1778 4838 μὴ

201 4858 486 4921 παντελῶς
531 4855 783 4927 διαφύγοι
837 4859 930 4912 τὸν
989 4859 1293 4930 στοχασμὸν
1351 4861 1385 4931 ἡ
1449 4857 1776 4928 ὲλπιζομένη

207 4947 569 5018 μακαριότης,
603 4946 679 5009 ὡς
721 4944 1007 5018 χωροῦμεν
1050 4948 1194 5000 κατὰ
1237 4947 1298 5001 τὸ
1330 4947 1582 5002 ταπεινὸν
1623 4947 1780 5020 ἡμῶν

203 5037 307 5106 τῆς
336 5036 571 5106 φύσεως,
613 5031 755 5089 οὑτω
800 5036 908 5090 τῶν
947 5038 1340 5108 ἀνεκφωνήτων
1368 5039 1656 5110 ἀκούομεν.
1687 5039 1779 5110 Μὴ

206 5125 300 5182 οὖν
317 5132 351 5199 ἡ
368 5129 466 5199 τῆς
482 5128 582 5198 γῆς
601 5129 885 5199 ὁμωνυμία
907 5129 1069 5182 πάλιν
1089 5130 1224 5200 μετὰ
1243 5131 1367 5193 τοὺς
1382 5131 1641 5201 οὐρανοὺς
1655 5128 1782 5184 καθ-

209 5220 414 5273 ελκὲτω
463 5237 555 5272 σου
601 5220 698 5290 τὴν
743 5219 981 5273 διάνοιαν
1023 5221 1114 5272 ἐπὶ
1155 5219 1254 5290 τὴν
1293 5221 1441 5274 κάτω
1473 5221 1612 5292 γῆν,
1665 5220 1781 5274 ἀλλ’

210 5311 374 5380 εἴπερ
422 5309 643 5380 ὑψώθης
678 5307 757 5380 τῷ
785 5309 942 5380 Λόγῳ
988 5309 1076 5363 διὰ
1117 5309 1225 5362 τῶν
1278 5310 1555 5382 προτέρων
1606 5327 1782 5381 μακα-

214 5399 444 5474 ρισμῶν,
484 5401 579 5454 καὶ
621 5401 719 5472 τῆς
762 5400 1018 5471 οὐρανίας
1061 5400 1260 5472 ἐπέϐης
1305 5401 1534 5466 ἐλπίδος,
1569 5402 1782 5472 ἐκείνην

217 5510 308 5563 μοι
349 5491 790 5562 πολυπραγμόνει
852 5493 952 5564 τὴν
983 5493 1108 5563 γῆν,
1141 5493 1263 5562 ἥτις
1311 5493 1373 5546 οὐ
1417 5492 1632 5547 πάντων
1665 5495 1783 5548 ἐστὶ

212 5582 565 5654 κληρονομία,
611 5583 751 5655 πλὴν
774 5583 827 5638 εί
853 5601 996 5650 τινες
1022 5583 1110 5638 διὰ
1132 5583 1234 5655 τῆς
1269 5583 1363 5638 τοῦ
1397 5584 1510 5656 βίου
1545 5585 1781 5658 πραότη-

285 5757 330 5791 ’⁷
371 5757 390 5813 Ι
421 5756 547 5814 Cor.
583 5774 650 5823 ιι,
683 5761 736 5816 θ.

1877 4579 2145 4636 erexisset
2171 4575 2236 4628 ad
2271 4569 2670 4641 inexplicabilis
2694 4575 2748 4621 et
2774 4565 3138 4621 inenodabilis
3167 4563 3454 4619 beatitudh

1881 4673 1964 4726 nis
1992 4668 2233 4726 studium
2273 4672 2437 4732 atque
2479 4661 2857 4729 cupiditatem.
2927 4656 3115 4726 Neque
3158 4655 3302 4709 enim
3336 4653 3451 4707 ﬁeri

1879 4765 2086 4833 poterat
2141 4763 2201 4811 ut
2233 4754 2350 4809 suis
2382 4766 2444 4805 ac
2480 4748 2715 4821 propriis
2744 4747 3029 4801 vocabulis
3076 4745 3458 4799 revelarentur

1881 4849 2196 4907 hominibus
2233 4846 2325 4898 illa
2375 4843 2517 4897 bona
2577 4854 2699 4910 qua
2743 4843 3006 4907 superant
3044 4846 3096 4888 et
3140 4848 3360 4888 sensum
3399 4837 3456 4885 et

1885 4941 2248 5014 cognitionem
2291 4937 2582 4989 humanam
2623 4949 2635 4984 :
2683 4927 2857 4998 Neque
2899 4928 3035 4981 enim
3084 4925 3264 4978 oculus
3303 4921 3450 4984 vidit,

1886 5033 2082 5104 inquit,
2126 5046 2286 5099 neque
2329 5029 2475 5081 auris
2513 5025 2713 5079 audivit
2741 5038 2761 5076 :
2795 5037 2955 5090 neque
2996 5021 3051 5072 in
3089 5033 3180 5071 cor
3227 5017 3454 5069 hominis

1886 5125 2119 5182 ascendit
2144 5125 2210 5175 ⁸⁷.
2262 5121 2366 5175 Sed
2409 5134 2477 5172 ne
2529 5116 2744 5186 penitus
2783 5111 3084 5175 beatitudo,
3112 5125 3231 5179 quae
3265 5123 3455 5176 spera-

1886 5229 1995 5281 tur,
2032 5215 2404 5281 conjecturam
2431 5206 2672 5277 eﬂ'ngiat,
2703 5219 2801 5275 pro
2831 5211 2992 5273 captu
3031 5201 3251 5256 humilis
3277 5206 3331 5252 et
3357 5197 3456 5251 ah-

1883 5313 2042 5382 jectze
2077 5315 2278 5361 nostra!
2325 5309 2535 5355 natura'
2571 5295 2864 5351 inell'abilia
2903 5295 2990 5347 illa
3020 5292 3176 5346 nobis
3213 5289 3457 5360 produn-

1887 5381 1990 5460 tur.
2026 5400 2103 5456 Ne
2133 5399 2298 5470 igitur
2325 5392 2566 5463 ejusdem
2596 5387 2832 5444 nominis
2861 5393 3020 5441 terra:
3043 5383 3259 5439 diversa
3287 5381 3455 5451 signi-

1888 5495 2068 5549 Iicatio
2116 5487 2414 5546 secundum
2439 5483 2608 5536 cmlos
2633 5485 2865 5533 mentem
2898 5485 3044 5529 tuam
3071 5491 3262 5530 rursus
3290 5474 3354 5527 ad
3381 5473 3458 5526 ἰιι⁴

1889 5585 2095 5642 (emam
2128 5591 2326 5638 terram
2361 5571 2632 5638 detrahat,
2659 5567 2754 5625 sed
2783 5565 3053 5637 siquidem
3079 5580 3108 5619 a
3136 5563 3315 5622 Verbo
3335 5577 3456 5620 ενοι
