3844 6224
454 352 584 410 ιιι

1682 369 1741 425 S.
1782 366 2109 427 GREGORII
2137 364 2425 422 NYSSENI

3580 356 3711 411 12ιὲ

450 481 571 529 ctus
599 491 659 531 es
681 491 776 546 per
799 477 1010 547 priores
1042 481 1433 538 beatitudinum
1466 486 1835 554 expositiones
1861 489 2012 542 coale-

2129 499 2220 546 τος
2250 479 2389 547 άξιοι
2420 478 2521 552 τῆς
2553 479 2883 550 ἐπαγγελίας
2912 480 3125 551 ἐκείνης
3164 458 3439 550 κρίνονται
3457 493 3477 508 ·
3523 478 3601 547 ἧν
3624 494 3710 547 μοι

451 572 698 637 stemquc
756 572 1128 628 conscendisti
1179 591 1368 644 spem,
1424 576 1491 632 de
1540 579 1631 632 illa
1694 581 1825 633 mihi
1874 589 2019 635 terra

449 657 733 713 sciscitare
748 668 911 730 atque
936 662 1169 731 inquire,
1187 682 1305 732 quae
1334 682 1442 721 non
1463 669 1705 723 omnium
1728 670 2021 729 hmreditas

449 757 553 809 εει,
583 748 675 802 sed
700 750 745 804 si
777 752 869 821 qui
904 762 1123 822 propter
1153 758 1274 810 vita:
1299 760 1771 815 mansuetudinem
1800 769 1854 816 et
1885 760 2016 817 leni-

449 844 615 891 tatem
640 838 728 892 illa
751 844 1112 908 promissione
1134 846 1282 915 digni
1305 848 1652 916 judicantur:
1673 868 1835 921 quam
1857 856 2021 909 etiam

449 940 681 996 magnus
712 929 799 983 ille.
831 929 1019 992 David,
1040 935 1133 1002 qui
1159 945 1356 1004 prmtur
1375 953 1565 995 omnes
1594 957 1688 997 eos
1742 945 1835 1013 qui
1862 953 2021 1002 aztate

447 1018 595 1074 illius
629 1021 683 1074 in
728 1023 836 1077 vita
878 1030 1078 1079 versati
1119 1036 1248 1082 sunt
1302 1031 1438 1086 lenis
1476 1033 1681 1102 pariter
1713 1050 1776 1090 ac
1807 1038 2020 1106 patiens

445 1108 617 1165 fuisse
651 1114 964 1168 testimonio
996 1115 1295 1188 Scriptura:
1330 1124 1667 1191 perhibetur,
1700 1139 2021 1197 suggerente

447 1200 652 1271 Spiritu
675 1206 1015 1275 praecepisse,
1051 1223 1112 1261 ac
1155 1226 1250 1280 per
1281 1212 1436 1267 tidem
1466 1215 1579 1284 jam
1612 1227 1742 1273 tunc
1777 1219 1828 1274 id
1871 1220 2020 1290 quod

448 1301 700 1356 speratur
757 1311 1172 1368 praeoccupasse
1219 1304 1349 1358 mihi
1403 1306 1641 1374 videtur,
1690 1324 1814 1364 cum
1846 1312 2017 1368 dixit:

446 1382 614 1436 Credo
649 1404 727 1439 me
756 1387 923 1443 videre
961 1391 1097 1445 bona
1139 1392 1355 1450 Domini
1396 1398 1450 1451 in
1480 1408 1621 1455 terra
1653 1402 1932 1458 viventium
1949 1405 2016 1460 ".

445 1472 562 1529 Non
588 1478 732 1530 enim
771 1481 1023 1536 existimo
1058 1484 1383 1554 Prophetam
1421 1490 1565 1546 hanc
1598 1495 1893 1549 viventium
1926 1512 2023 1568 ap-

448 1569 680 1637 pellasse
717 1577 940 1636 terram,
971 1591 1093 1643 quae
1136 1581 1386 1635 mortalia
1436 1587 1617 1638 omnia
1656 1589 1926 1656 producit.
1967 1600 2022 1645 et

447 1660 501 1712 in
536 1674 657 1715 sese
687 1678 880 1719 rursus
910 1668 1174 1738 quidquid
1206 1686 1271 1725 ex
1296 1688 1359 1727 ea
1390 1677 1589 1744 prodiit
1644 1681 1868 1735 resolvit
1893 1682 2017 1737 :sed

446 1752 581 1806 vidit
609 1762 662 1809 et
688 1756 952 1812 intellexit
978 1768 1177 1815 terram
1203 1764 1522 1833 viventium,
1546 1786 1709 1840 quam
1740 1790 1889 1831 mors
1910 1791 2019 1831 non

2120 574 2267 628 δοκεί
2298 574 2390 628 καὶ
2418 575 2448 627 ό
2481 572 2655 643 μέγας
2693 570 2877 636 Δαόὶδ,
2906 573 2937 626 ό
2960 571 3111 643 παρά
3156 571 3365 632 πάντας
3405 569 3540 631 τοὺς
3591 571 3708 622 κατ’

2121 666 2284 720 αὑτὸν
2327 663 2792 736 ἐπιδεδημηκότας
2831 662 2910 730 τῷ
2963 662 3063 734 βίῳ
3091 661 3273 733 πραῢς
3313 678 3375 714 τε
3400 661 3503 713 καὶ
3533 659 3708 723 ἀνεξίο

2121 772 2292 819 κακος
2324 753 2692 826 μαρτυρηθεὶς
2719 753 2825 806 ὑπὸ
2841 754 2940 824 τῆς
2966 752 3116 815 θείας
3143 752 3385 824 Γραφῆς,
3406 767 3710 822 προνενοη-

2122 845 2277 899 κέναι
2318 846 2385 915 τῇ
2433 845 2705 914 ὑφηγήσει
2734 842 2829 895 τοῦ
2861 839 3195 913 Πνεύματος,
3226 842 3319 895 καὶ
3346 841 3440 894 διὰ
3470 843 3709 904 πίστεως

2120 935 2220 1008 ἤδη
2246 935 2641 1007 κατεσχηκέναι
2685 935 2746 988 τὸ
2773 933 3146 1004 ἐλπιζόμενον,
3186 932 3355 987 εἰπών
3387 950 3403 965 ο
3436 936 3709 988 Πιστεύω

2122 1026 2230 1082 τοῦ
2264 1026 2412 1083 ἰδεῖν
2440 1032 2514 1081 τὰ
2537 1025 2731 1097 ἀγαθά
2759 1025 2981 1095 Κυρίου
3005 1025 3077 1079 ἐν
3102 1023 3181 1094 τῇ
3206 1024 3453 1085 ζώντων.
3488 1025 3571 1077 Οὔ
3607 1023 3711 1091 γάρ

2121 1136 2267 1190 φημι
2314 1118 2408 1173 τὸν
2433 1118 2749 1188 Προφήτην,
2777 1117 2982 1187 ταύτην
3019 1114 3236 1180 ζώντων
3278 1114 3710 1187 προσειρηκέναι

2120 1209 2219 1279 τὴν
2250 1208 2355 1279 γῆν
2396 1208 2464 1261 τά
2498 1208 2669 1279 θνητά
2706 1207 2884 1262 πάντα
2924 1206 3185 1277 φύουσαν,
3234 1207 3330 1260 καὶ
3376 1208 3458 1269 εἰς
3505 1205 3708 1271 ἑαυτήν

2120 1299 2285 1354 πάλιν
2320 1302 2428 1354 πᾶν
2452 1301 2514 1354 τὸ
2539 1299 2600 1365 ἐξ
2638 1300 2811 1370 αὐτῆς
2851 1300 3008 1368 γένος
3038 1298 3372 1353 ἀναλύουσαν
3391 1312 3406 1326 ·
3450 1295 3575 1349 ἀλλ’
3605 1292 3710 1347 οἶδε

2109 1391 2227 1462 ’γῆν
2248 1392 2485 1458 ζώντων,
2514 1386 2582 1465 ἧς
2602 1393 2702 1447 οὐκ
2726 1391 2897 1462 ἐπέϐη
2933 1392 3163 1454 θάνατος
3182 1408 3195 1420 ·
3228 1392 3286 1443 ὲν
3311 1385 3345 1461 ᾖ
3375 1388 3501 1452 ὁδὸς
3533 1389 3710 1458 ἁμαρ·

2119 1482 2305 1537 τωλῶν
2343 1484 2444 1537 οὐκ
2476 1483 2704 1552 ἐτρίση,
2743 1482 2775 1554 ἢ
2815 1483 3014 1546 κακίας
3055 1483 3200 1552 ῐχνος
3241 1479 3326 1550 ἐφ’
3365 1478 3577 1548 ἑαυτῆς
3612 1478 3709 1529 οὐκ

2120 1574 2370 1643 ἐδέξατο,
2415 1577 2481 1646 ἢν
2512 1577 2612 1630 οὐκ
2654 1575 2883 1647 ἀνέτεμε
2945 1574 3025 1645 τῷ
3059 1574 3273 1644 ἀρότρῳ
3300 1573 3400 1642 τῆς
3438 1568 3705 1639 πονηρίας

2119 1666 2149 1716 ό
2192 1663 2259 1716 τά
2303 1662 2516 1729 ζιζάνια
2568 1665 2846 1735 σπείρων,
2905 1666 2938 1734 ή
2987 1663 3252 1734 τριϐόλων
3303 1661 3400 1714 καὶ
3450 1657 3707 1714 ἀκανθῶν

2121 1752 2313 1821 ἄγονος
2344 1771 2359 1786 ο
2415 1756 2474 1807 ἐν
2586 1755 2648 1807 τὸ
2680 1753 2825 1826 ὕδωρ
2860 1754 2958 1825 τῆς
2992 1750 3371 1815 ἀναπαύσεως,
3409 1749 3511 1804 καὶ
3542 1751 3576 1803 6
3613 1748 3707 1817 τῆς

447 1844 684 1911 invasit;
739 1847 793 1902 in
820 1865 926 1919 qua
953 1851 1038 1903 via
1068 1866 1415 1922 peccatorum
1448 1875 1556 1914 non
1586 1864 1710 1916 trita
1739 1875 1861 1931 est;
1896 1883 2012 1937 qua:

2124 1845 2284 1915 χλόης
2306 1845 2490 1909 τόπος,
2525 1847 2617 1899 καὶ
2640 1848 2672 1916 ή
2698 1846 2935 1916 τετραχῆ
2969 1842 3507 1937 μεριζομένηῌπητη,
3539 1840 3640 1895 καὶ

443 1935 759 1992 vitiositatis
785 1941 1069 2011 vestigium
1106 1944 1161 1998 in
1196 1960 1318 2001 sese
1349 1964 1455 2003 non
1486 1952 1695 2023 accepit
1715 1971 1728 2019 ;
1752 1935 1928 2024 quam
1945 1960 2011 2023 is,

444 2026 538 2094 qui
565 2027 772 2084 zizania
805 2032 1060 2099 seminat,
1102 2051 1213 2092 non
1245 2042 1514 2111 proscidit
1546 2053 1729 2099 aratro
1753 2048 2007 2117 improbi-

445 2116 611 2185 tatis;
641 2135 763 2189 quat
794 2123 1027 2181 tribulos
1053 2136 1107 2181 et
1136 2129 1325 2198 spinas
1355 2148 1462 2187 non
1492 2136 1741 2202 producit
1771 2157 1785 2205 ;
1825 2116 1879 2193 in
1910 2157 2018 2212 qua

444 2222 586 2277 aqua
628 2213 915 2281 requietis.
952 2225 1005 2271 et
1053 2219 1205 2276 locus
1256 2238 1503 2294 pascuze,
1558 2236 1612 2281 et
1654 2226 1781 2283 fons
1831 2231 1925 2299 qui
1963 2232 2016 2284 in

444 2309 681 2369 quatuor
700 2305 846 2380 rivos
872 2307 1168 2378 diducitur,
1206 2324 1259 2369 et
1290 2317 1436 2383 vitis,
1464 2334 1584 2388 qua:
1604 2334 1634 2372 a
1665 2318 1773 2376 Deo
1805 2337 2018 2378 summo

444 2407 625 2446 rerum
651 2395 884 2465 colitur;
932 2409 981 2455 et
1028 2418 1370 2476 quascunque
1400 2409 1638 2480 denique
1676 2412 1783 2466 alia
1817 2429 1847 2467 a
1879 2414 2017 2469 divi-

444 2482 593 2537 nitus
621 2486 832 2553 prodita
863 2498 1026 2559 atque
1057 2504 1311 2563 suggesta
1340 2496 1584 2551 doctrina
1617 2514 1713 2568 per
1735 2499 2015 2556 involucra

441 2576 731 2630 verborum
762 2579 1036 2637 audimus.
1087 2582 1144 2637 Si
1176 2583 1342 2654 igitur
1380 2600 1409 2640 a
1438 2587 1599 2643 nobis
1627 2589 1901 2645 intellecta
1931 2600 2018 2647 est

444 2666 694 2723 sublimis
722 2669 812 2723 illa
840 2678 1005 2737 terra,
1036 2690 1155 2745 qum
1175 2691 1341 2746 supra
1367 2679 1538 2733 caelos
1565 2679 1796 2747 videtur,
1827 2682 1881 2736 in
1908 2698 2016 2753 qua

441 2759 636 2844 civitas
663 2762 808 2831 regis
834 2763 1100 2819 collocata
1127 2773 1230 2830 est,
1267 2767 1335 2823 de
1361 2785 1471 2838 qua
1502 2774 1785 2841 magniﬁca
1811 2788 1876 2827 ac
1902 2775 2018 2844 glo—

444 2840 587 2904 riosa
624 2855 968 2921 pronuntiata
994 2867 1146 2923 sunt,
1180 2869 1238 2912 ut
1265 2858 1441 2928 inquit
1465 2840 1737 2931 Propheta
1759 2865 1824 2929 ⁸⁸,
1870 2840 2015 2920 haud

443 2947 589 2994 recte
617 2943 845 3012 posthac
887 2946 1078 3001 ordine
1120 2948 1557 3007 continuationis
1608 2953 2011 3009 beatitudinum

439 3034 795 3102 expositionis
811 3035 1001 3093 ollensi
1021 3037 1306 3095 fuerimus.
1334 3040 1520 3112 Neque
1544 3043 1690 3097 enim
1714 3046 2013 3102 verisimile

438 3132 604 3191 esset,
635 3127 849 3195 Opinor,
892 3129 1033 3185 hanc
1071 3141 1218 3187 recte
1267 3134 1601 3205 propositam
1648 3152 1769 3193 esse
1812 3150 2011 3194 terram

2123 1936 2275 2006 παρὰ
2300 1935 2393 1988 τοῦ
2423 1936 2558 1989 Θεοῦ
2583 1936 2690 1989 τῶν
2717 1936 2853 1989 ὅλων
2878 1933 3267 2006 γεωργουμένη
3303 1931 3585 2013 ἄμπελος,
3614 1931 3707 1984 καὶ

2118 2028 2218 2080 ὅσα
2256 2026 2390 2079 ἄλλα
2436 2027 2503 2079 δι’
2550 2027 2888 2097 αἰνιγμάτων
2920 2026 3071 2097 παρά
3099 2026 3200 2096 τῆς
3226 2023 3597 2079 θεοπνεύπου
3630 2021 3705 2075 δι-

2114 2116 2413 2181 δασκαλίας
2462 2110 2751 2189 ἀκούομεν.
2808 2118 2872 2171 Et
2902 2117 2968 2189 δὴ
2998 2116 3245 2188 νενόηται
3291 2116 3427 2187 ἡμῖν
3459 2115 3496 2186 ἡ
3526 2112 3703 2185 ὑψηλὴ

2116 2232 2185 2301 γῆ
2220 2232 2473 2302 ὑπεράνω
2510 2232 2619 2286 τῶν
2649 2232 2894 2304 οὐρανῶν
2922 2231 3298 2321 θεωρουμένηὶ
3319 2222 3510 2321 ἐφ’

2114 2319 2194 2382 λις
2229 2319 2323 2372 τοῦ
2366 2320 2627 2389 βασιλέως
2680 2321 3039 2392 συνῴκισται,
3098 2321 3228 2393 περὶ
3262 2316 3334 2392 ἦς
3377 2318 3449 2374 τὰ
3484 2316 3701 2386 δεδοξα-

2118 2411 2290 2481 σμένα
2324 2412 2581 2483 ἐλαλήθη,
2622 2414 2802 2478 καθώς
2823 2429 2986 2483 φησιν
3025 2416 3053 2466 6
3077 2398 3394 2484 Προφήτης,
3424 2408 3616 2465 οὐκέτ’
3635 2409 3701 2464 ἂν

2115 2503 2340 2566 εἰκότως
2370 2503 2505 2573 πρὸς
2533 2506 2630 2574 τὴν
2653 2504 2805 2571 τάξιν
2842 2505 2944 2574 τῆς
2973 2502 3293 2567 ἀκολουθίας
3317 2501 3432 2556 τῶν
3456 2500 3701 2573 ’μακαρι-

2117 2594 2270 2662 σμῶν
2300 2593 2661 2664 ξενιζοίμεθα.
2695 2594 2829 2648 Οὐδὲ
2858 2595 2966 2665 γὰρ
2992 2594 3137 2657 εἰκὸς
3162 2590 3250 2665 ἦν,
3289 2587 3468 2665 οἶμαι,
3495 2590 3700 2662 ταύτην

2116 2683 2365 2752 εὐλογίας
2392 2686 2712 2757 προκεῖσθαι
2749 2688 2867 2749 ταῖς
2897 2685 3082 2739 ἐλπίσι
3116 2685 3215 2756 τὴν
3237 2683 3344 2754 γῆν
3375 2685 3493 2747 τοῖς
3518 2682 3700 2754 ἁρπα-

2114 2778 2462 2846 γησομένοις,
2505 2777 2686 2842 καθώς
2720 2795 2885 2850 φησιν
2916 2780 2945 2831 6
2988 2778 3326 2843 Ἀπόστολος,
3360 2777 3422 2830 ὲν
3448 2774 3699 2845 νεφέλαις

2113 2871 2193 2933 είς
2241 2871 2546 2941 ἀπάντησιν
2570 2871 2664 2924 τοῦ
2695 2872 2899 2942 Κυρίου
2932 2874 3012 2935 είς
3043 2872 3202 2944 ἀέρα,
3229 2871 3325 2924 καὶ
3366 2868 3546 2934 οὕτως
3571 2869 3698 2941 μέλ-

2113 2960 2266 3015 λουσι
2304 2962 2538 3016 πάντοτε
2568 2965 2664 3017 σὺν
2692 2965 2884 3036 Κυρίῳ
2912 2963 3151 3018 ἔσεσθαι.
3178 2962 3275 3028 Τίς
3304 2957 3401 3017 οιῖιν
3424 2962 3509 3016 ἔτι
3542 2962 3699 3041 χρεία

2113 3057 2211 3125 τῆς
2240 3054 2391 3108 κάτω
2417 3056 2540 3126 γῆς,
2567 3050 2701 3124 οίςή
2728 3055 2842 3126 ζωὴ
2865 3057 3158 3127 μετάρσιος
3183 3054 3239 3108 ὲν
3269 3053 3487 3109 ἐλπίσιν
3512 3053 3695 3117 Rath;

2125 3146 2182 3198 'A
2192 3163 2373 3217 ρπαγη
2382 3148 2440 3199 σό
2448 3165 2511 3217 με
2519 3147 2584 3200 θα
2596 3148 2703 3217 γὰρ
2723 3149 2780 3200 ὲν
2793 3148 3045 3217 νεφέλαις
3062 3150 3141 3213 είς
3157 3146 3465 3218 ἀπάντησιν
3476 3138 3577 3200 τοῦ
3586 3142 3697 3199 Κυ-

440 3214 835 3274 benedictionis
878 3221 991 3290 spei
1030 3238 1219 3278 eorum
1268 3225 1359 3294 qui
1412 3227 1716 3296 rapientur,
1754 3239 1812 3283 ut
1841 3232 2012 3302 inquit

2123 3214 2238 3310 ρίου
2261 3214 2340 3301 εἰς
2362 3214 2519 3311 ἀέρα,
2543 3214 2636 3294 καὶ
2656 3214 2829 3304 οὕτως
2849 3214 3081 3295 πάντοτε
3103 3214 3412 3312 σὺν”Κυρίιρ
3430 3224 3693 3308 ἒαόμεθα.

438 3306 802 3375 Apostolus‘,
864 3312 916 3365 in
957 3314 1197 3369 nubibus
1243 3316 1298 3369 in
1344 3331 1635 3372 occursum
1686 3317 1901 3376 Domini
1952 3324 2006 3378 in
2048 3306 2250 3393 aerem,
2308 3338 2363 3383 et
2424 3306 2505 3384 sic
2536 3345 2753 3400 semper
2776 3345 2901 3385 cum
2922 3329 3154 3385 Domino
3185 3329 3357 3384 futuri
3378 3335 3533 3386 sunt.
3556 3326 3696 3395 Quid

439 3401 604 3468 igitur
630 3418 767 3474 opus
805 3413 889 3460 est
924 3408 991 3461 iis
1026 3408 1239 3463 inferna
1272 3417 1439 3477 terra,
1473 3428 1706 3483 quorum
1739 3416 1849 3471 vita
1883 3433 1979 3488 spe
2019 3436 2286 3492 suspensa
2311 3424 2745 3495 est?Rapiemur
2770 3426 2918 3481 enim
2951 3427 3007 3482 in
3037 3425 3276 3482 nubibus
3310 3424 3370 3481 in
3398 3420 3695 3482 occursum

439 3493 652 3549 Domini
682 3497 736 3550 in
762 3512 965 3565 aerem,
999 3507 1054 3555 et
1099 3501 1173 3555 ita
1212 3516 1428 3573 semper
1474 3520 1597 3558 cum
1625 3504 1857 3562 Domino
1890 3511 2099 3567 erimus
2122 3515 2162 3567 '.

509 3584 616 3638 Sed
672 3585 955 3642 videamus
1019 3589 1181 3658 cujus
1229 3592 1449 3647 virtutis
1513 3598 1799 3663 praemium
1858 3599 2008 3655 illius

438 3677 729 3735 haareditas
756 3686 916 3734 terra:
945 3684 1226 3752 proposita
1272 3685 1364 3741 sit.
1393 3685 1550 3740 Beati
1596 3689 1762 3756 enim,
1806 3690 2009 3762 inquit,

439 3772 588 3825 mites
634 3781 689 3827 et
740 3771 935 3828 lenes:
991 3777 1240 3845 quoniam
1281 3778 1384 3847 ipsi
1433 3778 1797 3836 Itwreditatem
1855 3793 2010 3839 terra:

436 3873 835 3935 consequentur.
888 3865 1029 3933 Quid
1086 3875 1169 3921 est
1229 3868 1473 3926 lenitas?
1518 3880 1573 3925 et
1645 3872 1701 3927 in
1764 3888 1873 3943 qua
1950 3890 2010 3931 re

438 3956 717 4012 lrnitatem
751 3955 989 4014 Verbum
1034 3960 1250 4015 beatam
1286 3962 1533 4017 indicat?
1565 3962 1683 4019 Non
1730 3966 1878 4021 enim
1923 3968 2009 4021 vi-

436 4050 596 4103 detur
654 4050 785 4107 mihi
845 4061 1098 4121 oportere
1155 4055 1336 4107 omnia
1403 4070 1467 4109 ex
1527 4071 1687 4126 :equo
1750 4057 2007 4114 virtutem

437 4151 649 4211 putare,
680 4159 1017 4215 quaecunque
1052 4162 1173 4200 cum
1212 4148 1434 4203 lenitate
1471 4149 1630 4212 ﬁunt,
1674 4151 1719 4206 si
1755 4152 2004 4221 quietum

437 4235 642 4304 pariter
672 4245 727 4291 et
773 4237 989 4291 tardum
1045 4254 1142 4309 per
1190 4239 1330 4294 hanc
1386 4240 1681 4296 dictionem
1737 4243 2006 4299 duntaxat

437 4327 803 4396 signiﬁcetur.
834 4326 1020 4397 Neque
1058 4329 1202 4384 enim
1255 4330 1309 4384 in
1354 4333 1695 4396 cursoribus,
1748 4334 1888 4390 lenis
1923 4346 2008 4391 est

437 4419 631 4473 melior
655 4421 997 4475 accclerante
1028 4441 1040 4475 :
1076 4438 1252 4492 neque
1300 4423 1353 4477 in
1382 4433 1498 4479 arte
1533 4426 1775 4496 pugilum
1810 4427 1856 4482 is
1910 4430 2004 4497 qui

2195 3601 2333 3656 Ἀλλ’
2382 3603 2582 3676 ἴδωμεν
2616 3605 2761 3668 τίνος
2805 3606 3007 3676 ἀρετῆς
3046 3606 3214 3677 γέρας
3246 3607 3282 3677 ἡ
3330 3606 3554 3677 ἐκείνης
3599 3608 3693 3679 τῆς

2111 3693 2216 3762 γῆς
2260 3694 2595 3766 κληρονομία
2645 3696 2952 3768 πρόκειται.
2994 3697 3284 3765 Μακάριοι
3324 3698 3457 3769 γὰρ,
3509 3701 3693 3771 φησιν,

2108 3787 2167 3838 οἱ
2205 3785 2412 3855 πραεῖς
2431 3829 2446 3854 ,
2477 3787 2568 3841 ὅτι
2614 3788 2785 3842 αὐτοὶ
2831 3789 3359 3858 κληρονομήσουσι
3394 3789 3514 3857 τὴν
3559 3790 3693 3860 γῆν.

2111 3874 2177 3927 Τί
2205 3874 2265 3929 τὸ
2297 3877 2506 3949 πρᾶον;
2538 3877 2631 3932 καὶ
2664 3880 2790 3950 περὶ
2827 3880 2879 3933 τί
2901 3881 2962 3933 τὸ
2994 3883 3167 3952 πρᾶον
3207 3879 3509 3952 μακαρίζει
3541 3884 3573 3935 6
3598 3882 3698 3935 Λόο

2114 3985 2244 4036 γος;
2284 3970 2345 4023 οὐ
2379 3970 2488 4042 γάρ
2525 3987 2615 4041 μοι
2644 3970 2792 4024 δοκεῖ
2821 3971 2996 4026 πάντα
3026 3972 3222 4043 ἐπίσης
3255 3972 3458 4043 ἀρετὴν
3491 3972 3696 4025 οἴεσθαι

2113 4058 2223 4112 δεῖν
2243 4097 2260 4124 ,
2287 4061 2387 4114 ὅσα
2417 4062 2484 4115 ἂν
2515 4064 2573 4115 ἐν
2605 4062 2875 4134 πραότητι
2905 4062 3134 4131 γίνεται,
3169 4066 3218 4116 εί
3258 4064 3318 4116 τὸ
3341 4064 3614 4135 ἠρεμαίόν
3638 4080 3696 4116 τε

2102 4151 2205 4202 ’καὶ
2239 4150 2407 4222 βραδὺ
2443 4153 2602 4225 μόνον
2633 4154 2723 4208 διά
2748 4155 2848 4226 τῆς
2889 4155 3085 4220 λέξεως
3118 4154 3323 4225 ταύτης
3352 4156 3691 4225 σημαίνοιτο.

2113 4242 2250 4296 Οὔτε
2291 4243 2400 4314 γὰρ
2443 4247 2501 4298 ὲν
2544 4244 2836 4317 δρομεῦσιν
2873 4249 2902 4299 6
2942 4248 3116 4317 πρᾶος
3156 4247 3395 4317 ἀμείνων
3436 4246 3535 4299 τοῦ
3578 4248 3694 4299 ἐπι·

2116 4335 2436 4399 σπεύδοντος
2459 4376 2475 4401 ,
2510 4335 2633 4389 οὕτε
2664 4339 2693 4390 ό
2717 4338 3038 4407 δυσκίνητος
3071 4339 3129 4391 ὲν
3164 4339 3405 4408 πυκτικῇ
3436 4337 3531 4391 τὸν
3556 4336 3695 4391 κατά

2111 4428 2205 4481 τοῦ
2244 4430 2490 4482 ἐναντίου
2527 4428 2790 4498 στέφανον
2823 4429 3065 4499 αἴρεταιο
3101 4429 3205 4482 κᾶν
3240 4428 3531 4499 τρέχωμεν
3565 4429 3694 4499 πρὸς

435 4528 561 4567 cum
621 4513 828 4583 majore
890 4514 1209 4570 dillicultate
1264 4516 1588 4588 tardiusque
1665 4535 1725 4575 se
1787 4531 2006 4589 movet,

2117 4520 2171 4573 τὸ
2215 4519 2467 4591 βραϐεῖον
2507 4520 2607 4591 τῆς
2642 4523 2754 4575 ἀνω
2788 4521 3054 4591 κλήσεως,
3085 4520 3376 4573 ἐπιτείνειν
3412 4521 3440 4572 6
3487 4520 3694 4582 Παῦλος

434 4620 693 4660 coronam
724 4605 791 4660 de
819 4605 1134 4662 adversario
1176 4608 1352 4676 tollit;
1385 4610 1685 4679 quinetiam
1718 4612 1766 4668 si
1812 4628 2005 4667 curra-

436 4713 558 4752 mus
581 4713 680 4767 pro
728 4698 952 4768 prwmio
1001 4715 1254 4770 supernae
1301 4704 1627 4771 vocationis,
1682 4705 2003 4761 intendendi

437 4791 767 4846 celeritatem
822 4802 1015 4847 auctor
1063 4803 1147 4847 est
1205 4793 1426 4859 Paulus,
1484 4795 1614 4849 dum
1675 4797 1846 4852 dicit:
1917 4797 2005 4851 Ita

434 4881 649 4945 currite,
700 4890 757 4933 ut
811 4884 1168 4953 assequamini
1199 4884 1260 4950 ³;
1315 4885 1576 4954 quoniam
1626 4895 1681 4941 et
1730 4888 1849 4957 ipse
1904 4904 2005 4958 per

434 4973 892 5029 vehementiorem
923 4990 1137 5045 semper
1175 4987 1381 5030 motum
1423 4977 1656 5035 ulterius
1700 4980 2000 5045 nitebatur,

432 5077 498 5115 ea
544 5077 665 5132 quae
698 5071 820 5132 post
865 5071 1076 5134 tergum
1112 5075 1298 5120 essent
1351 5067 1617 5123 oblivioni
1669 5070 1913 5135 tradens,
1945 5079 2000 5123 et

433 5170 706 5226 pugnans,
756 5156 913 5228 agilis
960 5165 1015 5212 et
1070 5158 1227 5213 velox
1285 5168 1421 5215 erat.
1483 5161 1825 5217 Observabat
1857 5164 2002 5217 enim

434 5248 737 5303 adversarii
788 5248 1050 5318 impetum
1083 5261 1138 5305 et
1181 5251 1487 5321 incursum,
1544 5255 1697 5309 circa
1753 5271 2003 5325 gressum

434 5341 626 5395 lirmus
656 5346 709 5395 et
745 5349 940 5397 cautus
966 5351 1105 5403 erat,
1140 5349 1193 5396 et
1223 5358 1345 5396 cum
1393 5359 1590 5399 manus
1634 5353 1874 5400 armatas
1912 5346 2007 5399 ha-

2115 4611 2470 4681 συμϐουλεύει
2514 4611 2576 4665 τὺ
2616 4613 2806 4682 τάχος,
2838 4612 3038 4679 λέγων·
3092 4612 3255 4664 Οὕτω
3292 4611 3568 4679 τρέχετε,
3599 4614 3694 4664 ἵνα

2112 4701 2514 4770 καταλάϐητε·
2557 4702 2679 4755 ἐπεὶ
2724 4702 2816 4755 καὶ
2852 4702 3014 4764 αὐτὸς
3053 4701 3143 4754 διὰ
3192 4702 3563 4774 σφοδροτέρας
3610 4703 3691 4755 ἀεὶ

2110 4794 2210 4863 τῆς
2247 4797 2512 4865 κινήσεως
2558 4792 2653 4847 τοῦ
2703 4794 2891 4862 πρόσω
2925 4795 3121 4863 εἴχετο,
3167 4792 3277 4845 τῶν
3315 4793 3494 4846 ὀπίσω
3525 4795 3689 4863 λήθην

2112 4884 2434 4956 ποιούμενος
2456 4902 2469 4915 ·
2496 4886 2591 4939 καὶ
2616 4884 2900 4939 πυκτεύων
2926 4884 3209 4955 εὐκίνητος
3232 4880 3300 4954 ἦν
3321 4900 3334 4912 ·
3358 4883 3564 4955 διεώρα
3587 4887 3687 4954 γὰρ

2112 4976 2208 5030 τοῦ
2244 4976 2583 5040 ἀνθεστῶτος
2614 4978 2712 5048 τὴν
2747 4977 3051 5048 προσϐολήν
3072 4990 3084 5005 ⁶
3123 4977 3218 5029 καὶ
3246 4977 3377 5047 περὶ
3409 4976 3509 5048 τὴν
3542 4976 3689 5046 βάσιν

2109 5067 2356 5138 ἀσφαλὴς
2389 5063 2477 5136 ἦν,
2507 5067 2601 5120 καὶ⁴
2624 5070 2744 5130 ταῖς
2773 5069 2932 5139 χερσὶ
2954 5067 3425 5135 καθωπλισμένος,
3466 5068 3529 5119 οὐ
3558 5065 3689 5119 κατά

2109 5158 2268 5212 κενοῦ
2303 5176 2450 5222 τινος
2481 5159 2573 5212 καὶ
2608 5159 2977 5219 ἁνυποστάτου
3013 5158 3314 5229 διερρίπτει
3344 5158 3408 5211 τὸ
3440 5157 3569 5229 περὶ
3599 5158 3687 5218 τὰς

2108 5251 2301 5320 χεῖρας
2332 5249 2514 5314 ὅπλον,
2544 5248 2681 5302 ἀλλά
2707 5248 2813 5301 τῶν
2844 5248 3072 5319 καιρίων
3101 5244 3196 5303 τοῦ
3226 5247 3687 5318 προσ-παλαίοντος

2107 5341 2330 5411 ἥπτετο,
2359 5342 2478 5395 κατ’
2505 5340 2671 5395 αὑτοῦ
2708 5339 2802 5393 τοῦ
2845 5339 3096 5411 σώματος
3123 5340 3222 5404 τὰς
3248 5341 3466 5410 πληγάς
3493 5341 3681 5410 φέρων.

436 5431 604 5496 heret,
636 5448 744 5486 non
782 5433 839 5486 in
872 5449 1069 5487 vanum
1099 5444 1152 5487 et
1186 5434 1349 5490 inane
1397 5436 1653 5502 quiddam
1701 5439 2009 5492 intentabat

2117 5434 2302 5488 Βούλει
2339 5433 2542 5503 γνῶναι
2576 5432 2669 5485 τοῦ
2710 5432 2925 5485 Παύλου
2959 5433 3057 5503 τὴν
3103 5434 3407 5501 πυκτικηνς
3457 5431 3563 5483 ’Ῑδε
3596 5429 3687 5489 τὰς

435 5523 645 5590 telum,
685 5526 833 5594 quod
897 5525 1151 5580 manibus
1220 5526 1485 5592 tenebat,
1552 5529 1647 5583 sed
1706 5527 2005 5584 adversarii

2117 5527 2341 5590 ὠτειλὰς
2380 5524 2473 5579 τοῦ
2518 5524 3056 5597 ἀνταγωνιζομένου,
3105 5524 3182 5578 ἴδε
3225 5524 3295 5578 τὰ
3334 5525 3560 5577 ὑπωπια
3598 5523 3686 5575 τοῦ

438 5628 778 5684 opportunas
830 5623 994 5686 atque
1027 5615 1102 5671 ad
1146 5615 1290 5672 ictus
1315 5618 1594 5687 expositas
1645 5628 2005 5690 patentesque

2117 5619 2440 5684 ἀντιπάλου,
2467 5618 2543 5672 ἴδε
2572 5618 2641 5672 τὰ
2670 5619 2944 5689 στίγματα
2968 5616 3061 5671 τοῦ
3088 5616 3436 5690 ἡττηθέντος.
3471 5615 3686 5672 Πάντως

509 5793 559 5825 ’⁸
592 5791 736 5848 Psal.
770 5810 893 5852 xxv:
919 5834 934 5863 ,
966 5799 1047 5853 15.
1127 5801 1171 5833 θ’
1209 5800 1350 5860 Psal.
1386 5813 1613 5872 unm;
1641 5805 1693 5860 '5.
1773 5802 1791 5841 ί
1827 5801 1851 5864 1
1884 5802 2012 5861 Thes

2117 5819 2181 5861 [ν.
2217 5802 2303 5862 16.
2380 5805 2400 5837 ³
2437 5801 2621 5859 Matth.
2658 5821 2708 5871 ν,
2742 5805 2797 5858 4.
2874 5802 2894 5834 ³
2929 5801 2949 5855 ι
2985 5801 3113 5857 Cor.
3150 5816 3199 5854 ta
3226 5841 3241 5865 ,
3273 5804 3363 5856 is.
