3844 6224
215 347 358 400 lilii

1249 357 1333 410 DE
1373 346 1976 411 BEATiTUDlNHlUS.
2019 343 2276 399 ORATIO
2319 341 2382 395 ll.

3342 340 3468 393 ΙΞΗ

214 465 280 520 δὲ
317 467 416 518 οὑκ
460 467 672 534 ἀγνοεῖς
704 470 798 521 τὸν
843 471 1136 526 ἀντίπαλον
1187 473 1278 524 τὸν
1321 471 1410 523 διὰ
1449 471 1547 539 τῆς
1595 469 1794 538 σαρκὸς

1907 473 2088 534 partes
2126 461 2434 532 appetebat,
2485 459 2748 515 adversus
2801 461 2980 529 ipsum
3025 471 3228 528 corpus
3283 457 3470 524 plagas

217 560 694 628 προσπαλαίοντα,
745 563 804 614 ὃν
852 563 1161 624 ὑπωπιάζει
1211 564 1300 616 διὰ
1339 565 1441 632 τῆς
1487 561 1792 628 πυκτικῆς,

216 644 482 713 ἀμύσσων
531 651 644 711 τοῖς
689 649 835 715 ὄνυξι
877 653 974 719 τῆς
1019 651 1367 722 ἐγκρατείας,
1410 642 1470 702 οὗ
1511 650 1693 718 νεκροῖ
1730 647 1798 698 τά

221 736 360 806 μέλη
392 735 556 806 λιμῷ,
593 738 686 790 καὶ
711 738 876 807 δίψει,
909 740 1002 792 καὶ
1043 741 1204 809 ψύχει
1228 780 1242 803 ,
1272 741 1364 794 κα)⁸
1393 739 1725 808 γυμνότητι,
1753 729 1798 800 ᾧ

219 825 292 877 τὰ
331 825 600 892 στίγματα
639 827 730 879 τοῦ
763 829 968 898 Κυρίου
1004 829 1303 894 ἐπιϐάλλει,
1339 829 1396 881 ὃν
1427 830 1554 898 νικᾷ
1584 828 1672 880 διὰ
1702 825 1795 878 τοῦ

217 915 423 985 δρόμου
451 917 676 970 κατόπιν
699 919 892 971 ἐαυτοῦ
916 919 1251 984 καταλιπὼν,
1276 920 1351 983 ὼς
1381 919 1446 972 ἂν
1479 919 1554 990 μὴ
1580 922 1797 971 ἐπισκο-

215 1010 364 1061 τοῖτο
389 1009 487 1068 τὰς
518 1011 668 1080 ὄψεις
699 1011 792 1064 τοῦ
831 1013 1125 1066 ἀντιπάλου
1161 1013 1571 1083 προτρέχοντος.
1613 1012 1674 1062 Εἰ
1703 1007 1797 1062 οὗν

217 1099 346 1164 ὀξὺς
383 1103 476 1153 καλ¹
503 1103 784 1174 εὐκίνητος
815 1106 872 1158 ἐν
904 1109 1015 1168 τοῖς
1055 1105 1260 1173 ἀγῶσιν
1288 1108 1315 1158 ὁ
1363 1105 1572 1166 Παῦλος
1595 1145 1608 1166 ,
1647 1103 1741 1154 καὶ
1769 1105 1796 1154 ὀ

217 1187 384 1239 Δαὸὶδ
407 1183 662 1244 πλατύνει
686 1192 755 1244 τὰ
775 1194 1086 1265 διαδήματα
1105 1198 1216 1258 τοῖς
1236 1194 1449 1266 ἐχθροῖς
1471 1193 1793 1263 ἐπιτρέχων,

217 1279 313 1329 καὶ
345 1281 374 1330 ό
400 1281 630 1349 νυμφίος
667 1283 724 1335 ἐν
770 1283 848 1354 τῷ
886 1285 1124 1356 ’ᾼσματι
1169 1285 1387 1355 δορκάδι
1429 1285 1570 1338 κατά
1610 1283 1670 1336 τὸ
1710 1284 1798 1334 εὑ-

217 1367 440 1438 κίνητον
465 1372 761 1440 ὁμοιοῦται,
795 1375 894 1446 ὄρη
926 1377 1222 1447 διαπηδῶν,
1259 1378 1354 1430 καὶ
1384 1377 1590 1447 βουνοῖς
1629 1377 1796 1446 ἐφαλ-

215 1459 444 1530 λόμενος
487 1462 618 1534 (καὶ¹
671 1467 840 1520 πολλὰ
887 1468 1109 1522 τοιαῦτα
1152 1469 1300 1523 ἐστιν
1347 1472 1556 1535 εἰπεῖν,
1613 1473 1670 1524 ἐν
1717 1466 1796 1531 οἷς

217 1554 614 1626 προτιμότερον
640 1557 952 1630 εὑρίσκεται
979 1561 1080 1629 τῆς
1109 1561 1410 1632 πραότητος
1443 1563 1504 1614 τὸ
1530 1562 1672 1614 κατὰ
1701 1561 1796 1632 τὴν

115 1725 120 1728 Ι
215 1643 434 1711 κίνησιν
465 1647 670 1717 τάχος)·
703 1649 819 1713 πῶς
851 1651 1086 1705 ἐνταῦθα
1112 1655 1169 1705 ἐν
1203 1651 1626 1724 κατορθώματος
1667 1653 1797 1706 εἴδει

219 1736 518 1808 μακαρίζει
543 1739 604 1792 τὸ
631 1743 803 1811 πρᾶον
839 1744 867 1794 6
899 1743 1105 1810 Λόγος;
1145 1743 1436 1812 Μακάριοι
1459 1746 1588 1813 γὰρ,
1609 1745 1793 1812 φησιν,

216 1829 276 1878 οἱ
304 1829 542 1894 πραεῖς,
586 1829 676 1884 ὅτι
711 1833 880 1886 αὐτοὶ
919 1835 1448 1903 κληρονομήσουσι
1481 1833 1596 1902 τὴν
1639 1832 1790 1904 γῆν*
1827 1820 1869 1874 Β

213 1921 436 1991 ἐκείνην
486 1923 703 1988 πάντως
742 1925 842 1996 τὴν
893 1926 996 1995 γῆν
1040 1927 1140 1997 τὴν
1185 1927 1294 1980 τῶν
1329 1927 1510 1980 καλῶν
1561 1925 1792 1998 εὔφορον

214 2014 592 2082 γεννημάτων,
633 2017 733 2088 τὴν
767 2017 846 2088 τῷ
885 2016 1026 2089 ξύλῳ
1056 2019 1158 2089 τῆς
1196 2019 1342 2090 ζωῆς
1374 2018 1665 2088 κομῶσαν,
1694 2018 1792 2086 τὴν

213 2106 339 2167 ταῖς
369 2109 572 2176 πηγαῖς
599 2108 708 2163 τῶν
735 2111 1116 2181 πνευματικῶν
1146 2111 1498 2182 χαρισμάτων
1523 2111 1795 2182 κατάρρυ-

213 2213 330 2262 τον,
385 2198 470 2267 ἐφ’
517 2194 585 2271 ἦς
630 2201 664 2270 ἡ
722 2201 966 2272 ἄμπελος
1013 2205 1046 2274 ὴ
1093 2204 1320 2274 ἀληθινὴ
1369 2203 1674 2273 βλαστάνει,
1725 2197 1795 2274 ἧς

213 2287 462 2356 γεωργὸν
497 2287 584 2341 τὸν
613 2290 830 2361 Πατέρα
863 2291 956 2345 τοῦ
987 2293 1189 2363 Κυρίου
1223 2293 1510 2362 ἀκούομεν.

1899 559 2084 613 terens
2113 565 2168 608 et
2201 556 2494 607 intentans.
2542 550 2636 606 Vis
2669 565 3003 619 cognoscere
3038 560 3210 602 artem
3267 547 3468 616 pugili.-

1897 646 2103 701 Pauli?
2133 645 2344 699 intuere
2387 645 2609 698 vulnera
2657 650 2849 697 contra
2901 641 3245 705 cenantis";
3288 639 3474 706 aspice

1887 741 2098 792 livores
2143 743 2196 790 et
2244 735 2618 804 sugillationes
2653 732 2996 796 adversarii;
3031 730 3155 784 vide
3210 737 3372 783 notas
3416 737 3472 782 et

1899 840 2100 900 puncta
2131 828 2282 880 victi.
2316 825 2554 880 Omnino
2587 834 2768 877 autem
2801 837 2910 876 non
2957 823 3178 890 ignoras
3207 819 3468 872 adversa»

1897 923 2061 983 rium,
2091 920 2352 974 nimirum
2386 917 2480 987 qui
2515 932 2611 985 per
2651 931 2870 970 carnem
2922 915 3254 974 obluctatur,
3306 925 3471 980 quem

1899 1029 1994 1082 per
2016 1021 2188 1066 artem
2209 1009 2482 1080 pugnandi
2503 1009 2777 1079 unguibus
2799 1005 3152 1060 continentia:
3167 1003 3470 1062 elacerans,

1897 1104 2172 1173 suggillat,
2205 1102 2363 1170 cujus
2387 1102 2628 1156 membra
2646 1097 2940 1151 mortificat
2973 1095 3136 1156 fame,
3161 1095 3276 1158 siti,
3303 1091 3470 1162 frigo~

1897 1212 1978 1256 re,
2011 1195 2278 1260 nuditate,
2307 1194 2394 1249 cui
2431 1203 2588 1246 notas
2621 1199 2675 1245 et.
2707 1197 2908 1260 puncta
2941 1187 3158 1242 Domini
3203 1186 3471 1254 imprimit

1898 1295 1950 1342 et
1983 1287 2172 1350 inurit,
2207 1299 2366 1353 quem
2399 1298 2564 1336 cursu
2593 1297 2623 1335 a
2655 1291 2808 1350 tergo
2851 1281 3102 1334 relictum
3149 1278 3318 1331 vincit
3346 1316 3360 1340 ,
3399 1293 3472 1330 nc

1897 1384 2266 1448 prmcurrente
2297 1375 2612 1428 adversario
2643 1373 2880 1426 tenebrae
2913 1371 3090 1424 oculis
3147 1369 3264 1422 suis
3291 1365 3471 1420 offun—

1897 1471 2118 1524 dantur.
2177 1469 2232 1520 Si
2271 1469 2439 1536 igitur
2493 1465 2696 1518 Paulus
2755 1465 2808 1516 in
2845 1461 3238 1516 ci-rtaininibus
3289 1459 3468 1526 agilis,

1897 1577 2024 1616 acer
2051 1572 2106 1614 et
2139 1562 2292 1614 velox
2327 1568 2432 1622 est,
2463 1558 2630 1611 David
2667 1558 2924 1610 inimicos
2949 1553 3212 1608 invadens
3243 1567 3470 1621 gressus

1897 1653 2089 1705 dilatat
2112 1651 2156 1714 ',
2187 1659 2241 1704 et
2270 1665 2508 1720 sponsus
2543 1650 2596 1702 in
2629 1647 2880 1709 Cantico,
2935 1659 3166 1714 capreae,
3223 1641 3366 1711 quod
3400 1641 3466 1694 ad

1899 1743 2193 1810 agilitatem
2261 1749 2314 1794 et
2371 1740 2714 1794 velocitatem
2776 1739 3014 1799 attinet,
3077 1734 3464 1792 assimilatur,

1898 1841 2110 1886 montes
2139 1831 2454 1885 transiliens
2481 1831 2522 1895 ⁸,
2553 1839 2607 1884 ει
2633 1829 2688 1882 in
2719 1829 2953 1883 collibus
2996 1826 3225 1890 saltans,
3269 1825 3470 1876 inulta-

1897 1940 2003 1995 que
2037 1924 2306 1993 ejusmodi
2357 1923 2605 1993 proferre
2654 1923 2804 1986 licet,
2853 1921 2910 1974 in
2959 1920 3159 1990 quibus
3217 1916 3470 1971 celeritas

1899 2027 2079 2071 motus
2125 2015 2336 2070 lenitati
2386 2013 2630 2085 praeferri
2681 2013 2995 2082 reperitur;
3027 2011 3121 2081 qui
3174 2009 3252 2074 fit,
3291 2016 3348 2061 ut
3380 2007 3474 2060 hic

1898 2109 2056 2178 quasi
2090 2124 2200 2176 rem
2228 2109 2545 2177 praeclaram
2567 2113 2622 2160 et
2645 2105 2898 2160 eximiam
2927 2102 3204 2159 lenitatem
3231 2099 3465 2154 Verbum

1901 2201 2116 2254 beatam
2153 2200 2411 2269 praedicet
2439 2200 2462 2252 ’ἒ
2488 2197 2642 2252 Beati
2679 2197 2846 2260 enini,
2900 2197 3097 2264 inquit,
3144 2194 3305 2257 lenes,
3337 2206 3470 2260 quo-

1879 2291 2047 2344 rniam
2077 2291 2178 2360 ipsi
2217 2289 2575 2344 liazreditatem
2627 2298 2780 2342 terra:
2829 2287 3274 2356 consequentur”,
3320 2283 3474 2336 illius

216 2383 380 2450 plane
434 2390 596 2437 terra:
649 2383 958 2456 (nimirum)
1007 2403 1129 2458 qua:
1182 2389 1450 2442 bonorum
1507 2386 1785 2440 fructuum
1845 2383 2044 2441 fertilis
2097 2391 2201 2450 εει,
2249 2399 2368 2453 quae
2417 2385 2566 2454 ligno
2619 2384 2740 2438 vita:
2771 2381 3008 2448 frondet,
3059 2395 3180 2450 quae
3226 2377 3470 2432 fontibus

217 2474 594 2542 apiritualium
624 2476 892 2532 donorum
925 2480 1130 2551 irrigua
1165 2490 1270 2546 est,
1291 2482 1346 2535 in
1375 2494 1482 2549 qua
1506 2492 1635 2534 vera
1661 2477 1790 2532 vitis
1830 2478 2116 2547 germinat,
2149 2478 2308 2547 cujus
2338 2476 2604 2531 cultorem
2651 2489 2773 2530 esse
2829 2473 3048 2528 Patrem
3091 2469 3304 2524 Domini
3375 2483 3471 2518 au-

218 2563 403 2619 dimus
425 2564 466 2618 ⁸.

307 2656 448 2709 Ἀλλ’
490 2656 634 2711 ἔοικε
673 2660 909 2715 τοιοῦτόν
955 2681 1008 2716 τι
1059 2663 1364 2733 φιλοσοφεῖν
1401 2665 1430 2716 6
1471 2649 1676 2731 Λόγος,
1718 2661 1799 2713 ὅτι

223 2748 395 2821 πολλὴ
421 2749 556 2826 πρρς
585 2749 681 2822 τὴν
711 2753 909 2807 κακίαν
939 2755 1084 2808 ἐστὶν
1111 2758 1143 2826 ἡ
1183 2756 1420 2816 εὐκολία,
1455 2757 1547 2808 καὶ
1576 2753 1800 2825 ὀξύρρο-

227 2859 328 2894 πον
366 2842 461 2895 ἐπὶ
495 2843 558 2896 τὸ
593 2847 774 2918 χεῖρον
803 2847 836 2916 ἡ
867 2846 1060 2915 φύσις·
1105 2847 1354 2918 καθάπερ
1387 2847 1454 2900 τὰ
1487 2847 1656 2918 βαρέα
1690 2845 1799 2898 τῶν

226 2934 496 3006 σωμάτων
549 2935 683 3008 πρὸς
739 2937 840 3008 μὲν
887 2939 955 2992 τὰ
1007 2939 1118 2992 ἀνω
1170 2941 1516 2993 παντάπασιν
1567 2937 1798 3008 ἀκίνητα

226 3026 410 3096 μένει,
443 3028 492 3078 εί
517 3026 574 3080 δέ
611 3044 753 3092 τινος
793 3029 1098 3100 ἀκρωρείας
1129 3029 1336 3100 ὑψηλῆς
1379 3031 1468 3082 ἐπὶ
1493 3029 1553 3081 τὸ
1597 3028 1797 3099 πρανὲς
1826 3057 1869 3114 C

221 3117 605 3188 ἀποσεισθείη,
658 3119 896 3188 τοσούτῳ
942 3119 1104 3190 ῥοίζῳ
1152 3120 1288 3190 πρὸς
1336 3121 1394 3173 τὸ
1443 3119 1798 3190 ὑποκείμενον

223 3209 474 3279 φέρεται,
512 3209 606 3262 τοῦ
644 3211 844 3264 οἰκείου
879 3211 1076 3282 βάρους
1100 3211 1198 3281 τὴν
1225 3212 1394 3283 φορὰν
1421 3213 1796 3274 ἐπιτείνοντος,

223 3301 301 3363 ὼς
329 3301 466 3374 ὑπὲρ
493 3303 648 3370 λόγον
675 3299 892 3357 εἶναιτὸ
909 3303 1090 3374 τάχος.
1126 3304 1279 3358 Ἐπεὶ
1302 3300 1392 3358 οῦν
1408 3305 1638 3375 χαλεπόν
1655 3307 1800 3357 ἐστιν

225 3394 261 3463 ἠ
297 3395 356 3445 ἐν
395 3393 604 3457 τούτοις
635 3393 850 3466 ὀξύτης,
893 3395 1225 3466 μακαριστὸν
1261 3395 1325 3448 ἂν
1365 3394 1450 3466 εἴη
1489 3396 1704 3458 πάντως
1739 3395 1800 3447 τὸ

227 3487 288 3551 ἐξ
311 3488 665 3559 ἀντιστρόφου
698 3489 1000 3559 νοούμενον.
1035 3489 1204 3542 Τοῦτο
1241 3490 1297 3542 δέ
1327 3492 1440 3542 ἐστι
1474 3490 1735 3559 πραότης,
1765 3491 1798 3558 ἡ

229 3577 369 3648 πρὸς
387 3579 485 3642 τάς
514 3581 764 3644 τοιαύτας
787 3582 885 3651 τῆς
916 3581 1131 3651 φύσεως
1155 3581 1330 3653 ὁρμὰς
1362 3581 1582 3651 βραδεῖά
1617 3597 1676 3633 τε
1706 3581 1800 3633 καὶ

227 3669 544 3740 δυσκίνητος
591 3671 724 3737 ἕξις.
763 3671 1032 3742 Καθάπερ
1076 3673 1185 3743 γὰρ
1224 3674 1285 3726 τὸ
1323 3671 1456 3744 πῦρ,
1495 3673 1800 3743 ἀεικίνητον

225 3760 328 3831 τὴν
367 3761 528 3828 φύσιν
555 3763 648 3815 ἐπὶ
676 3763 744 3816 τὰ
772 3763 884 3817 ἀνω
919 3763 1059 3833 ἕχον,
1093 3763 1344 3836 ἀκίνητόν
1374 3766 1488 3816 ἐστι
1527 3763 1666 3816 κατά
1704 3765 1800 3835 τὴν

226 3853 476 3906 ἐναντίαν
503 3853 674 3924 φοράν
696 3872 708 3884 ·
736 3855 825 3908 τὸν
854 3856 1015 3909 αὑτὸν
1043 3856 1243 3925 τρόπον
1265 3856 1360 3910 καὶ
1397 3859 1429 3926 ἠ
1466 3857 1633 3926 ἀρετὴ
1664 3858 1801 3928 πρὸς

226 3946 296 3999 τὰ
328 3947 440 4000 ἄνω
488 3947 582 3999 καὶ
629 3947 996 4018 ὑπερκείμενα
1039 3947 1186 4012 ὀξεῖά
1233 3965 1317 4010 τις
1367 3943 1520 4012 οὖσα,
1561 3948 1656 4001 καὶ
1705 3949 1801 4018 οὑχ

227 4039 446 4106 ὑφιεῖσά
483 4055 612 4091 ποτε
660 4040 758 4108 τῆς
801 4038 1138 4109 ταχύτητος,
1180 4038 1478 4106 πεπέδηται
1523 4038 1659 4106 πρὸς
1704 4038 1802 4109 τὴν

227 4127 477 4180 ἐναντίαν
512 4129 706 4198 ὁρμήν.
742 4127 950 4181 Οὐκοῦν
981 4127 1168 4197 ἐπειδὴ
1210 4127 1490 4190 πλεονάζει
1527 4127 1668 4179 κατὰ
1704 4127 1801 4197 τὴν

227 4219 390 4288 φύσιν
433 4219 590 4290 ἡμῶν
623 4223 656 4290 ἡ
693 4219 830 4290 πρὸς
865 4219 934 4272 τὰ
978 4219 1121 4272 κακά
1153 4219 1410 4290 ταχύτης,
1447 4219 1624 4281 καλῶς
1651 4219 1712 4271 τὸ
1745 4221 1802 4272 ὲν

226 4313 342 4373 τοῖς
367 4312 624 4373 τοιούτοις
652 4310 894 4380 ἠρεμοῦν
927 4309 1306 4380 μακαρίζεται.
1338 4311 1410 4362 Τὸ
1444 4309 1552 4381 γὰρ
1582 4309 1801 4380 ἡσύχιον

1975 2654 2176 2710 Verum
2255 2656 2470 2709 videtur
2533 2650 2804 2721 ejusmodi
2877 2649 3152 2718 quidpiam
3230 2643 3468 2700 Verbum

1901 2749 2130 2802 innuere
2186 2757 2349 2817 atque
2384 2746 2732 2816 significare,
2789 2739 2935 2810 quod
2993 2740 3152 2792 valde
3211 2740 3469 2792 nimirum

1901 2837 2082 2892 facilis
2121 2838 2174 2892 in
2223 2839 2416 2892 vitium
2461 2844 2514 2891 et
2563 2835 2863 2904 nequitiam
2917 2832 2990 2888 sit
3041 2832 3251 2900 lapsus,
3300 2837 3354 2882 et
3383 2843 3472 2882 res

1901 2943 2170 2998 propensa
2202 2943 2550 2999 praicepsque
2579 2928 2632 2980 in
2653 2926 2806 2997 pejus
2834 2932 3068 2988 natura;
3097 2919 3472 2989 sicutigravia

1903 3037 1966 3076 ac
2015 3025 2316 3091 ponderosa
2373 3034 2606 3088 corpora
2661 3032 2881 3072 sursum
2950 3013 3168 3084 quidem
3236 3026 3468 3072 versus,

1903 3127 2131 3182 prorsus
2167 3113 2390 3165 immota
2425 3117 2672 3173 manent,
2701 3109 2786 3162 sin
2822 3115 3003 3162 autem
3032 3105 3100 3159 ab
3145 3103 3329 3172 aliquo
3361 3103 3472 3156 alto

1901 3201 2190 3255 cacumine
2216 3201 2418 3254 montis
2448 3200 2502 3252 in
2534 3213 2777 3267 praeceps
2823 3197 3170 3251 excutiantur
3198 3201 3251 3247 et
3283 3193 3473 3246 detur-

1903 3293 2119 3354 bentur,
2167 3300 2318 3344 tanto
2357 3294 2562 3358 impetu
2614 3288 2835 3357 propria
2868 3285 3010 3338 mole
3051 3277 3282 3336 cursum
3335 3281 3472 3333 inci-

1901 3392 2071 3447 tante,
2109 3384 2162 3436 in
2195 3382 2503 3452 subjectum
2541 3379 2814 3440 feruntur,
2865 3387 2924 3430 ut
2950 3390 3012 3429 ea
3039 3375 3292 3428 celeritas
3325 3371 3470 3424 nulla

1900 3477 2146 3531 oratione
2171 3475 2400 3544 exprimi
2427 3474 2618 3544 possit.
2669 3470 2942 3537 Quoniam
2970 3469 3136 3538 igitur
3169 3481 3259 3520 res
3309 3464 3470 3517 noxia

1901 3577 2066 3638 atque
2099 3567 2404 3636 periculosa
2455 3566 2510 3619 in
2547 3565 2632 3619 his
2663 3564 2927 3616 velocitas
2955 3569 3062 3624 est,
3099 3559 3318 3612 beatum
3355 3569 3472 3606 om-

1899 3660 2032 3714 nino
2067 3658 2370 3712 liabendum
2408 3655 2569 3708 fuerit
2619 3655 2672 3708 id
2707 3652 2851 3722 quod
2897 3667 2964 3706 ex
2999 3651 3230 3703 adverso
3267 3646 3470 3700 intelli-

1901 3752 2068 3820 gitur.
2122 3748 2180 3803 ld
2235 3758 2413 3801 autem
2472 3746 2667 3800 lenitas
2728 3753 2831 3807 est,
2887 3742 3144 3796 nimirum
3210 3739 3472 3792 adversus

1899 3841 2170 3910 ejusmodi
2229 3847 2439 3893 naturae
2509 3838 2744 3906 impetus
2813 3841 2866 3888 et
2935 3833 3207 3902 appetitus
3283 3829 3474 3883 tardus

1901 3933 2106 4002 pariter
2155 3941 2416 4000 motuque
2463 3929 2698 3983 diflicilis
2759 3927 2978 3981 habitus
3037 3935 3092 3980 et
3153 3923 3468 3978 assuetudo.

1900 4023 2365 4090 Quemadmodum
2416 4023 2562 4075 enim
2633 4019 2797 4090 ignis,
2860 4019 2955 4088 qui
3005 4025 3197 4071 natura
3253 4029 3470 4070 sursum

1877 4129 2091 4168 .versus
2123 4128 2336 4182 semper
2385 4119 2652 4176 movetur,
2691 4109 2987 4164 immobilis
3041 4109 3096 4160 in
3133 4106 3473 4160 contrarium

1900 4221 2124 4262 cursum
2153 4212 2274 4261 est:
2324 4205 2514 4260 eodem
2561 4203 2725 4258 modo
2755 4203 2934 4256 virtus
2981 4215 3202 4270 quoque
3231 4213 3354 4251 cum
3405 4198 3471 4251 ad

1901 4298 2222 4368 superiora,
2285 4309 2616 4364 sursumque
2663 4307 2858 4347 versus
2907 4306 3071 4353 acer,
3125 4293 3387 4359 veloxque
3421 4299 3474 4342 et

227 4403 287 4453 ἐν
315 4401 542 4465 τούτοις,
577 4403 674 4471 τῆς
705 4402 840 4472 πρὸς
868 4403 936 4454 τά
972 4402 1084 4455 ἀνω
1113 4404 1380 4472 κινήσεως
1418 4403 1692 4473 μαρτυρία
1717 4403 1796 4470 γί-

1903 4395 2152 4458 prompta
2187 4387 2277 4450 sit,
2308 4386 2553 4455 nihilque
2584 4398 2822 4452 unquam
2863 4382 2930 4435 de
2979 4380 3260 4434 celeritate
3289 4380 3475 4433 remit-

226 4511 395 4547 νεται.
428 4496 690 4565 Κρεῖττον
719 4495 762 4546 δ’
789 4494 854 4546 ἂν
882 4495 968 4563 εἴη
991 4494 1056 4546 δι’
1083 4493 1257 4546 αὑτῶν
1283 4494 1387 4546 τῶν
1409 4495 1549 4547 κατά
1575 4495 1662 4546 τὸν
1690 4493 1800 4562 βίον

229 4586 638 4656 ὑποδειγμάτων
661 4586 952 4656 σαφηνίσαι
981 4585 1068 4638 τὸν
1099 4585 1252 4654 λόγον
1278 4603 1291 4617 ·
1333 4587 1500 4655 Διπλῆ
1531 4588 1630 4656 τῆς
1672 4588 1800 4640 ἐκά-

229 4694 357 4730 στου
411 4675 778 4747 προαιρέσεὼς
824 4679 970 4730 ἐστιν
1021 4679 1053 4746 ἡ
1099 4678 1344 4747 κίνησις,
1393 4679 1509 4730 κατ’
1556 4678 1800 4742 ἐξουσίαν

230 4769 368 4840 πρὸς
415 4769 476 4821 τὸ
520 4769 708 4822 δοκοῦν
751 4767 1032 4838 προϊοῦσα,
1059 4768 1208 4822 ἐνθεν
1245 4770 1378 4840 πρὸς
1426 4769 1796 4840 σωφροσύνην,

231 4858 442 4912 ἐκεῖθεν
475 4858 612 4929 πρὸς
640 4859 700 4910 τὸ
725 4859 1039 4913 ἀκόλαστον.
1073 4859 1140 4912 ’Ὀ
1169 4859 1212 4912 δ’
1243 4861 1334 4912 ἐπὶ
1367 4861 1562 4931 μέρους
1588 4862 1798 4931 εἴρηται

229 4950 326 5004 τοῦ
369 4949 508 5003 κατά
550 4950 648 5020 τὴν
687 4949 884 5020 ἀρετὴν
917 4951 1010 5002 καὶ
1046 4951 1241 5004 κακίαν
1273 4952 1464 5015 εἴδους,
1509 4952 1665 5004 τοῦτο
1709 4954 1802 5006 καὶ

230 5043 324 5096 ἐπὶ
354 5042 553 5104 παντὸς
583 5042 826 5094 νοείσθω.
867 5041 1114 5110 Σχίζεται
1151 5042 1260 5111 γὰρ
1291 5044 1504 5106 πάντως
1541 5044 1676 5114 πρὸς
1705 5045 1804 5107 τὰς

229 5133 476 5195 ἐναντίας
504 5132 680 5202 ὁρμὰς
709 5131 769 5184 τὸ
802 5131 1140 5202 ἀνθρώπινον
1181 5128 1311 5232 ᾗθος
1332 5173 1346 5196 ,
1386 5134 1418 5203 ἢ
1465 5135 1637 5204 θυμοῦ
1667 5136 1803 5205 πρὸς

230 5225 532 5278 ἐπιείκειαν
571 5223 1087 5292 ἀντιδιαιρουμένου,
1131 5221 1363 5294 ἢξύφου
1415 5226 1548 5294 πρὸς
1588 5227 1803 5296 μετριό-

229 5332 407 5384 τητα,
441 5313 474 5384 ἢ
520 5313 713 5382 φθόνου
761 5314 896 5383 πρὸς
939 5312 1148 5366 εὔνοιαν
1180 5355 1194 5378 ,
1244 5315 1276 5384 ἢ
1310 5316 1628 5386 δυσμενείας
1667 5321 1804 5388 πρὸς

233 5403 583 5475 ἁγαπητικὴν
615 5403 710 5456 καὶ
743 5404 1021 5476 εἰρηνικὴν
1055 5403 1408 5460 συνδιάθεσιν.
1450 5408 1665 5478 Ἐπειδὴ
1695 5410 1804 5462 τοί-

232 5513 328 5548 νυν
355 5495 562 5566 ὑλώδης
597 5495 694 5564 μέν
718 5497 746 5548 6
772 5495 1108 5564 ἀνθρώπινος
1146 5497 1257 5566 βίος
1279 5537 1292 5560 ,
1321 5501 1447 5570 περὶ
1471 5501 1526 5553 δὲ
1550 5502 1648 5565 τὰς
1675 5503 1804 5567 ὕλας

233 5589 305 5642 τὰ
339 5587 486 5656 πάθη
506 5629 520 5652 ,
551 5589 659 5640 πᾶν
689 5587 744 5639 δὲ
777 5588 944 5651 πάθος
974 5587 1150 5654 ὀξεῖαν
1182 5589 1294 5659 ἔχει
1322 5594 1412 5644 καὶ
1443 5595 1809 5666 ἀκατάσχετον

1905 4491 2001 4546 tat,
2035 4481 2102 4535 ad
2155 4479 2492 4534 contrarium
2545 4487 2750 4530 motum
2805 4475 3055 4527 tardatur
3105 4481 3159 4526 et
3215 4473 3472 4541 impedita

1903 4585 2006 4628 est.
2063 4571 2202 4640 Ergo
2248 4573 2375 4640 quia
2423 4571 2589 4624 nimia
2643 4570 2698 4621 in
2754 4577 2951 4620 natura
3010 4573 3196 4618 nostra
3231 4567 3295 4617 ad
3330 4565 3472 4617 mala

1905 4665 2165 4718 velocitas
2195 4671 2298 4723 est,
2330 4672 2474 4716 recte
2497 4663 2552 4714 in
2577 4661 2780 4714 talibus
2818 4659 2974 4728 quies
3003 4667 3058 4710 et
3089 4658 3282 4712 lenitas
3314 4657 3474 4712 beata

1900 4757 2197 4827 judicatur.
2249 4737 2381 4806 Nam
2427 4755 2596 4806 otium
2632 4761 2686 4806 et
2728 4751 2886 4820 quies
2934 4757 3098 4818 atque
3152 4749 3389 4803 cessatio
3439 4763 3472 4802 a

1907 4851 2105 4910 malis,
2161 4855 2343 4900 motus
2401 4845 2465 4898 ad
2530 4857 2766 4912 superna
2805 4841 3173 4896 testimonium
3231 4840 3472 4894 exsistit.

1907 4941 2260 4996 Commodius
2294 4947 2472 4992 autem
2507 4936 2663 4990 fuerit
2701 4949 2798 5004 per
2825 4934 2939 5002 ipsa
2970 4935 3236 4998 exempla,
3269 4948 3388 5001 quae
3421 4932 3474 4984 in

1907 5035 2018 5088 vita
2082 5031 2358 5087 communi
2427 5029 2724 5092 accidunt,
2796 5027 3101 5078 orationem
3170 5025 3472 5079 declarare.

1911 5129 2116 5197 Duplex
2169 5123 2604 5191 uniuscujusque
2657 5119 2956 5172 voluntatis
3010 5124 3192 5172 motus
3241 5125 3366 5179 est,
3407 5115 3473 5168 ad

1909 5223 2194 5276 arbitrium
2226 5233 2334 5288 quo
2387 5217 2560 5269 visqu
2592 5213 2757 5267 fuerit
2805 5210 3181 5282 progrediens,
3233 5209 3358 5262 hinc
3407 5208 3476 5260 ad

1911 5313 2366 5384 temperantiam,
2429 5308 2579 5361 illinc
2643 5305 2708 5358 ad
2783 5303 3254 5357 incontinentiam.
3319 5299 3476 5365 Quod

1912 5417 2093 5461 autem
2125 5405 2178 5458 in
2207 5409 2360 5472 parte
2383 5397 2606 5454 virtutis
2639 5395 2865 5464 vitiique
2917 5393 3104 5447 formae
3133 5392 3337 5446 dictum
3367 5399 3474 5452 est,

1910 5499 2090 5556 hocin
2120 5497 2376 5550 universo
2399 5489 2753 5558 intelligatur.
2782 5485 3060 5540 Scinditur
3082 5484 3224 5536 enim
3249 5497 3480 5552 prorsus

1919 5595 1976 5648 in
2033 5585 2340 5645 contrarios
2398 5581 2672 5652 appetitus
2722 5587 2916 5632 natura
2979 5587 3143 5645 atque
3201 5573 3481 5645 ingenium

309 5769 332 5812 ‘-
367 5769 410 5826 ll
441 5771 564 5828 Cor.
600 5788 650 5826 ιι
676 5811 692 5841 ,
736 5771 753 5824 ι
791 5787 912 5846 sqq.
991 5770 1010 5801 ⁵
1050 5769 1192 5830 Psal.
1219 5783 1360 5836 xvn,
1395 5769 1460 5824 17
1494 5783 1613 5841 sqq.
1690 5771 1710 5801 '
1747 5771 1798 5826 ο

1902 5789 1960 5826 .c.
1996 5787 2068 5836 ιι,
2101 5771 2152 5825 9.
2231 5769 2250 5800 ⁷
2293 5765 2484 5831 Matth.
2517 5782 2571 5832 v.,
2604 5766 2656 5820 4.
2733 5769 2751 5798 ⁸
2789 5762 2943 5820 Joan.
2975 5779 3068 5830 xv,
3099 5762 3152 5816 ι.
