1922 3112
210 154 279 182 lii?)

837 155 865 183 S.
883 155 1045 184 GREGORII
1063 153 1209 184 NYSSENI

210 212 369 244 lnnuanum,
385 220 447 240 cum
462 213 503 240 vel
519 212 660 241 iracundia
676 222 724 250 per
750 215 889 243 lenitatem
911 219 994 250 atque

1046 217 1094 252 τὴν
1123 217 1211 252 ὁρμὴν
1237 216 1304 251 πρὸς
1327 215 1377 250 τὴν
1400 215 1576 251 ἐκπλήρωσιν
1608 212 1656 240 τοῦ
1681 212 1841 248 θελήματος

209 257 415 292 benignitatem,
437 259 478 286 vel
495 259 623 294 superbia
648 267 696 295 per
716 261 879 289 modestiam
892 267 920 288 et
932 268 993 288 mo-

209 303 391 335 derationem,
403 305 445 331 vel
461 304 562 332 invidia
577 313 626 341 per
639 305 771 339 favorem,
794 307 837 335 vel
860 307 952 334 odium
967 312 995 335 et

210 349 338 377 simultas
361 358 410 385 per
437 351 579 385 paciﬁcum
611 355 639 379 et
665 352 783 379 amicum
810 352 935 379 allectum
960 360 993 380 ex

209 396 351 422 contrario
370 396 537 425 declaratur.
561 397 698 430 Quoniam
719 398 802 433 igitur
813 399 868 425 vita
884 398 993 433 quidem

209 441 327 468 immana
344 443 494 469 materialis
516 448 543 470 et
564 450 658 471 crassa
678 448 739 471 est:
766 444 840 471 circa
864 444 994 471 tuaterias

209 491 299 513 autem
316 487 538 522 perturbationes
556 493 584 516 et
598 488 712 516 allectus
727 493 873 517 versantur
887 498 894 516 :
911 493 994 526 atque

209 532 300 560 omnis
326 531 440 560 aﬂectus
463 533 593 566 celerem,
619 534 782 567 violentum,
806 534 994 569 irrepressibi-

208 577 278 612 lemq
284 585 316 604 ue
326 577 408 605 habet
419 579 569 613 appetitum
580 582 607 606 et
620 580 750 614 impetum
762 580 796 607 ad
809 580 994 615 expletionem

209 621 359 649 voluntatis
377 621 552 657 (ponderosa
578 624 651 651 enim
674 628 702 651 et
721 624 850 652 deorsum
877 632 995 660 vergens

209 668 323 695 materia
338 671 391 702 est)
404 677 412 698 ς
429 668 533 696 idcirco
548 670 642 697 beatos
655 670 762 705 judicat
777 669 910 698 Dominus
937 678 992 698 non

209 720 256 740 eos
284 714 331 748 qui
355 718 433 740 extra
457 714 585 742 allectum
608 719 636 743 et
662 716 896 750 perturbationem
922 716 995 751 apud

209 758 316 794 seipsos
334 759 428 786 vivunt
453 759 531 795 (iieri
553 761 626 788 enim
650 768 704 788 non
720 765 820 796 potest,
838 766 868 789 ut
893 762 922 789 in
942 763 995 789 vita

210 806 344 833 tnateriali
360 827 367 839 ,
395 808 516 834 materiae
546 808 656 842 penitus
679 812 706 835 et
730 809 878 836 atIectuum
897 817 995 844 expers

209 852 262 877 vita
279 851 439 886 exigatur);
456 852 504 880 sed
523 857 659 887 quatenus
671 854 862 889 progrediendi
878 854 994 882 facultas

1045 263 1153 299 (βαρεῖα
1168 263 1223 298 γὰρ
1237 262 1285 289 καὶ
1300 261 1462 296 κατωφερὴς
1480 259 1565 296 ἡῦλη)
1576 269 1583 275 ·
1595 259 1640 285 διὰ
1647 258 1727 285 τοῦτο
1747 266 1840 292 μακα-

1046 309 1114 345 ρίζει
1128 309 1143 336 ὁ
1159 308 1277 344 Κύριος,
1292 308 1323 334 οὺ
1338 309 1399 340 τοὺς
1415 306 1467 339 ἔξω
1482 306 1585 337 πάθους
1601 305 1643 339 ἐφ’
1655 303 1765 331 ἑαυτῶν
1781 302 1839 338 βιο-

1044 354 1171 386 τεύοντας
1180 354 1226 387 (οὐ
1236 353 1290 388 γὰρ
1304 352 1414 380 δυνατόν
1431 354 1503 379 ἐστιν
1516 353 1544 378 ὲν
1556 349 1649 377 ὑλώδει
1660 349 1718 385 ζωῇ
1730 349 1778 375 τὸν
1790 348 1840 375 ἀῦ-

1044 400 1088 426 λον
1100 399 1160 427 καθ’
1171 400 1230 426 ὅλου
1245 400 1290 427 καὶ
1301 398 1392 433 ἀπαθῆ
1402 397 1614 433 κατωρθωθῆναι
1627 394 1782 431 βίον),ἁλλὰ
1792 394 1837 421 τὸν

1044 445 1216 480 ἐνδεχόμενον
1231 445 1282 480 τῆς
1299 444 1400 480 ἀρετῆς
1414 444 1476 479 ὅρον
1496 444 1526 469 ὲν
1541 444 1575 478 τῇ
1592 442 1637 469 διὰ
1653 441 1759 477 σαρκὸς
1780 441 1836 474 ζωῇ

1043 491 1093 526 τὴν
1108 490 1250 525 πραότητα
1263 490 1346 524 λέγει,
1366 489 1412 516 καὶ
1429 488 1520 515 ῑκανὺν
1542 488 1582 519 είς
1600 485 1779 523 μακαρισμὸν
1807 483 1837 511 τδ

1045 537 1131 572 πρᾶον
1152 534 1219 561 εἷναί
1240 544 1331 569 φησιν.
1356 535 1392 560 Οὐ
1415 533 1469 568 γὰρ
1493 531 1606 558 καθόλου
1631 530 1678 565 τὴν
1698 528 1838 555 ἀπάθειαν

1044 582 1184 617 νομοθετεῖ
1204 583 1237 615 τῇ
1264 580 1419 615 ἀνθρωπίνῃ
1444 579 1541 612 φύσειο
1565 577 1625 603 οὐδὲ
1649 576 1704 610 γὰρ
1727 574 1837 600 δικαίου

1045 626 1189 662 νομοθέτου
1203 627 1232 651 τὸ
1247 625 1332 652 ταῦτα
1346 624 1475 656 κελεύειν,
1489 624 1539 649 ὅσα
1551 624 1567 657 ἡ
1580 621 1658 656 φύσις
1670 620 1702 646 οὐ
1715 620 1835 654 δέχεται*

1044 671 1076 698 τὸ
1091 672 1144 706 γὰρ
1163 672 1281 698 τοιοῦτον
1305 670 1395 704 ὅμοιόν
1417 671 1500 701 ἐστιν,
1527 668 1620 702 ὥσπερ
1642 666 1674 693 ἂν
1697 666 1724 691 εἴ
1745 673 1789 695 τις
1803 665 1837 689 τὰ

1045 718 1142 752 ἔνυδρα
1162 717 1308 752 μετοικίζοι
1329 716 1396 751 πρὸς
1412 716 1457 741 τὸν
1478 714 1600 749 ἐναέριον
1615 713 1670 747 βίον
1681 731 1689 743 ,
1707 711 1723 746 ἦ
1740 710 1772 735 τὸ
1788 710 1838 743 ἒμ-

1046 765 1126 791 παλιν
1143 765 1189 789 ἐπὶ
1202 763 1231 789 τὸ
1246 761 1327 797 ὕδωρ,
1343 763 1392 787 ὃσα
1405 761 1443 794 τῷ
1460 761 1519 795 ἀέρι
1535 758 1688 793 epanous“
1699 767 1705 771 -
1718 755 1791 782 ἀλλὰ
1805 756 1837 789 τῇ

1045 810 1133 843 οἰκείᾳ
1148 809 1194 834 καὶ
1207 807 1276 834 κατὰ
1289 807 1368 840 φύσιν
1378 807 1489 840 δυνάμει
1503 804 1654 840 πρόσφορον
1668 799 1739 827 εἶναι
1752 808 1838 835 προσ-

1046 855 1105 889 ήκει
1131 854 1175 879 τὸν
1192 853 1281 887 νόμον.
1309 852 1357 878 Διὰ
1369 852 1445 878 τοῦτο
1460 851 1489 876 τὸ
1513 849 1620 884 μέτριόν
1632 855 1662 873 τε
1679 846 1727 872 καὶ
1749 845 1838 879 πρᾶον

209 899 262 928 est,
276 897 388 924 virtutis
412 899 568 930 terminum,
587 903 615 926 et
627 899 737 927 modum
750 900 778 927 in
801 901 868 932 vita,
887 908 948 935 quae
965 901 992 928 in

1046 901 1060 926 ὸ
1071 900 1253 935 μακαρισμὺς,
1264 900 1293 925 οὐ
1304 899 1334 924 τὸ
1348 898 1519 924 παντάπασιν
1528 894 1631 924 ἀπαθὲς
1650 892 1837 927 ὲγκελεύεται·

209 949 293 968 carne
308 942 478 978 transigitur,
493 943 631 971 lenitatem
646 944 723 976 dicit,
738 952 770 972 ac
782 945 849 973 satis
864 945 897 972 ad
909 945 994 973 beati-

210 988 364 1015 tlcationem
381 996 443 1016 esse
459 989 507 1021 ait,
524 990 547 1017 si
565 990 627 1024 quis
643 990 714 1018 lenis
729 995 757 1018 et
772 995 933 1019 mansuetus
949 992 994 1019 sit.

209 1032 267 1059 Non
282 1033 355 1060 enim
373 1034 481 1068 penitus
496 1035 662 1063 vacuitatem
686 1036 844 1067 all'ertuum.
867 1041 895 1064 et
908 1037 996 1072 impa-

210 1078 363 1106 tibiiitatem
380 1079 505 1107 humanae
531 1085 636 1108 natura:
658 1082 811 1116 praescribit
828 1083 902 1117 (non
922 1083 995 1109 enim

209 1124 283 1158 acqui-
303 1125 468 1159 legisiatoris
488 1130 532 1153 est
558 1134 590 1154 ea
613 1126 711 1161 jubere
734 1135 795 1162 qua).
820 1133 917 1155 natura
941 1136 996 1155 non

209 1169 282 1203 capit
294 1177 345 1197 nec
357 1171 491 1204 admittit;
507 1179 570 1198 nam
592 1171 619 1199 id
640 1172 754 1206 perinde
774 1176 817 1200 est
842 1180 874 1200 ac
895 1173 918 1200 si
933 1174 995 1207 quis

208 1214 340 1249 aquatilia
356 1215 483 1243 traducat
499 1217 531 1243 ad
547 1217 650 1244 aeriam
667 1217 764 1249 vitam,
781 1222 823 1245 aut
843 1223 940 1245 contra
962 1218 995 1246 ad

209 1267 308 1294 aquam
323 1261 439 1288 deducat
455 1270 486 1288 ea
515 1269 576 1297 quae
595 1262 622 1289 in
647 1269 710 1290 aere
725 1264 821 1290 vivunt
835 1272 842 1291 :
858 1263 906 1291 sed
930 1272 996 1291 con-

209 1306 283 1332 venit
310 1307 344 1334 ad
375 1308 501 1342 proprias
529 1312 557 1335 et
584 1309 723 1337 naturales
754 1309 827 1337 vires
853 1314 943 1345 aptam
969 1313 996 1337 et

209 1352 445 1380 accommodatam
473 1362 535 1381 esse
551 1355 667 1390 legem).
684 1355 789 1383 Idcirco
810 1359 840 1382 ut
863 1355 996 1383 moderati

208 1397 311 1431 pariter
323 1402 350 1425 et
372 1399 447 1426 lenes
460 1399 559 1432 simus,
577 1408 642 1433 non,
664 1407 693 1428 ut
711 1401 859 1428 affectuum
881 1409 996 1436 prorsus

208 1448 345 1477 expertes,
357 1447 384 1471 et
395 1451 409 1470 a
420 1445 674 1479 perturbationibus
687 1446 799 1473 omnino
811 1446 888 1474 vacui
898 1447 995 1479 simus,

210 1485 376 1515 beatiﬁcatio
392 1496 443 1517 nos
459 1489 606 1524 hortatur;
623 1499 685 1519 nam
701 1492 752 1520 hoc
763 1493 873 1528 quidem
889 1494 996 1521 excedit

210 1535 347 1564 naturam,
383 1533 450 1560 illud
472 1542 537 1562 vero
559 1536 661 1564 virtute
684 1538 841 1565 coniicitur.
860 1537 889 1565 Si
907 1539 992 1573 igitur

1045 946 1075 972 τὸ
1088 945 1136 980 μὲν
1154 945 1205 980 γὰρ
1220 945 1271 976 ἔξω
1284 945 1331 978 τῆς
1345 943 1450 977 φύσεως
1461 961 1469 974 ,
1486 941 1515 966 τὸ
1530 941 1557 966 δὲ
1569 940 1601 965 δι’
1618 938 1718 973 ἀρετῆς
1735 943 1838 970 κατορ-

1046 991 1184 1025 θούμενον.
1211 991 1242 1016 Et
1270 988 1315 1015 οὖν
1344 989 1374 1014 τὸ
1399 988 1526 1022 ἀκίνητον
1557 985 1624 1020 πρὸς
1650 983 1803 1017 ἐπιθυμίαν
1825 981 1838 1007 ὁ

1047 1037 1218 1072 μακαρισμὺς
1236 1035 1393 1065 ὑπετίθετο,
1417 1033 1544 1066 ἀνόνητος
1562 1031 1593 1057 ἂν
1612 1027 1645 1064 ἦν
1660 1028 1701 1063 τῷ
1720 1027 1772 1061 βίῳ
1791 1026 1838 1072 καὶ

1045 1071 1179 1117 ἄχρηστος
1200 1083 1215 1116 ὴ
1235 1080 1357 1113 εὐλογίαι
1381 1079 1421 1110 τίς
1438 1078 1492 1112 γὰρ
1516 1077 1547 1103 ἂν
1564 1075 1610 1102 τοῦ
1625 1074 1747 1101 τοιούτου
1771 1071 1838 1099 καθ-

1047 1128 1131 1154 ίκοιτο
1141 1128 1220 1162 σαρκὶ
1239 1128 1284 1153 καὶ
1295 1127 1389 1160 αῖματι
1401 1123 1624 1157 συνεζευγμένος;
1636 1120 1704 1146 Νυνὶ
1712 1119 1741 1145 δέ
1755 1126 1837 1152 φησιν

1045 1172 1076 1198 οὐ
1092 1174 1136 1197 τὸν
1150 1172 1354 1205 ἐπιθυμήσαντα
1367 1169 1437 1195 κατά
1449 1177 1509 1194 τινα
1518 1166 1660 1200 συντυχίαν
1674 1162 1745 1190 εἶναι
1754 1162 1838 1189 κατὰ-

1045 1226 1136 1252 κριτον
1151 1237 1158 1248 ,
1176 1217 1242 1242 ἀλλὰ
1264 1217 1308 1242 τὸν
1325 1217 1356 1241 ὲκ
1378 1214 1504 1250 προνοίας
1522 1214 1552 1239 τὺ
1572 1212 1656 1242 πάθος
1680 1210 1839 1236 ἐπισπασα-

1047 1272 1135 1298 μενον.
1152 1263 1188 1288 Τὸ
1205 1264 1252 1297 μὲν
1270 1262 1323 1297 γὰρ
1339 1261 1497 1295 ἐγγενέσθαι
1512 1259 1574 1285 ποτὲ
1595 1257 1721 1291 τοιαύτην
1737 1256 1836 1291 ὁρμὴν.

1045 1312 1063 1347 ὴ
1093 1311 1302 1346 συγκεκραμένη
1327 1312 1360 1344 τῇ
1386 1309 1463 1343 φύσει
1487 1308 1615 1337 πολλάκις
1642 1305 1772 1332 ἀσθένεια
1792 1304 1838 1329 καὶ

1046 1358 1121 1391 παρὰ
1138 1357 1248 1391 γνώμην
1269 1355 1489 1391 παρασκευάζει·
1513 1354 1542 1379 τὸ
1565 1353 1592 1378 δὲ
1621 1352 1657 1386 μὴ
1682 1350 1838 1386 χειμάρῤον

1044 1403 1122 1437 δίκην
1146 1402 1341 1437 παρενεχθῆναι
1357 1403 1389 1435 τῇ
1405 1400 1451 1426 τοῦ
1474 1400 1574 1430 πάθους
1598 1398 1682 1432 ὁρμῇ,
1705 1397 1764 1422 ἀλλ’
1791 1396 1838 1421 ἁν-

1044 1448 1143 1483 δριξιῶς
1159 1449 1225 1483 πρὸς
1245 1448 1293 1482 τὴν
1308 1447 1432 1481 τοιαύτην
1452 1445 1571 1472 διάθεσιν
1591 1443 1697 1477 στῆναι,
1720 1442 1770 1467 καὶ
1784 1440 1839 1469 eti;

1045 1493 1184 1528 λογισμοῖς
1209 1493 1237 1519 τὸ
1258 1493 1342 1523 πάθος
1363 1491 1544 1522 ἀπώσασθαι,
1565 1489 1642 1515 τοῦτο
1660 1487 1711 1522 τῆς
1737 1486 1839 1521 ἀρετῆς

1045 1539 1125 1575 ἔργον
1147 1540 1229 1565 ἐστίν.

208 1580 426 1608 tmmobilitatem
442 1582 475 1608 ad
489 1583 666 1617 cupiditatem
680 1584 844 1612 beatiﬁcatio
863 1585 1027 1619 institueret,
1045 1588 1149 1614 nullius
1163 1595 1231 1614 usus
1243 1591 1327 1615 essr-t.
1357 1585 1480 1618 nihilque
1507 1581 1656 1616 adjumenli
1684 1579 1719 1606 ad
1753 1579 1838 1605 vitam

208 1622 362 1652 benedictio
386 1625 503 1654 all‘erret.
522 1627 609 1662 (Quis
626 1629 699 1656 enim
719 1630 795 1657 carni
811 1635 838 1657 et
861 1631 988 1666 sanguini
1024 1632 1189 1667 conjunctus
1221 1633 1247 1658 id
1275 1631 1383 1665 assequi
1405 1630 1535 1665 posset?)
1560 1627 1638 1654 Nunc
1664 1630 1759 1652 autem
1786 1632 1839 1651 ιιοιι

207 1679 273 1699 eum
295 1674 341 1708 qui
359 1674 452 1709 aliquo
464 1682 531 1702 casu
543 1677 724 1710 concupierit,
736 1676 785 1704 sed
801 1677 847 1711 qui
866 1678 993 1705 consulto
1011 1677 1108 1705 vitium
1141 1679 1194 1705 sibi
1224 1678 1353 1705 asciverit
1368 1682 1395 1704 et
1406 1675 1584 1706 contraxerit,
1598 1671 1838 1700 condemnandum

206 1726 269 1746 esse
283 1719 330 1746 ait.
346 1718 413 1746 Nam
428 1724 458 1746 ut
474 1721 633 1748 innascatur
646 1721 793 1757 auquando
810 1723 872 1750 talis
909 1724 1060 1758 appetitus,
1094 1732 1167 1759 saepe
1201 1725 1348 1750 inﬁrmitas
1374 1723 1457 1749 insita
1484 1726 1599 1751 naturae,
1627 1719 1710 1745 etiam
1739 1720 1841 1766 praeter

207 1765 293 1792 animi
317 1767 479 1793 sententiam
497 1766 598 1794 ellicit:
627 1775 721 1795 verum
750 1777 805 1796 non
828 1770 857 1797 in
881 1770 992 1797 modum
1012 1771 1143 1798 torrentis
1176 1771 1279 1805 impetu
1311 1769 1527 1804 perturbationis
1551 1771 1744 1793 transversum
1770 1765 1839 1797 rapi,

209 1810 257 1838 sed
285 1811 387 1839 utiliter
413 1811 544 1840 adversus
568 1813 704 1847 ejusmodi
731 1814 941 1850 dispositionem
968 1821 995 1843 et
1014 1816 1140 1843 allectum
1172 1817 1335 1847 consistere,
1368 1820 1395 1842 et
1424 1814 1576 1841 rationibus
1602 1811 1839 1847 perturbatione."

207 1856 351 1884 discutere
379 1861 462 1892 atque
496 1858 680 1891 submovere,
718 1859 772 1888 hoc
808 1861 920 1889 virtutis
952 1866 994 1889 est
1011 1870 1092 1897 opus.

244 1900 320 1929 Beati
335 1902 416 1936 igitur
433 1902 491 1935 illi,
513 1903 559 1938 qui
580 1903 613 1930 ad
638 1905 813 1939 perturbatos
836 1910 863 1933 et
879 1907 993 1934 vitiosos

1081 1907 1217 1941 Μακάριοι
1230 1907 1317 1933 τοίνυν
1328 1908 1351 1932 οἱ
1366 1907 1401 1941 μὴ
1411 1905 1555 1940 ὀξύρῤοποι
1567 1903 1634 1938 πρὸς
1645 1902 1695 1933 τὰς
1706 1901 1840 1936 ἐμπαθεῖς

209 1947 293 1973 animi
307 1951 397 1974 motus
407 1966 415 1979 ,
430 1955 483 1974 non
498 1948 647 1982 proclives,
665 1950 818 1986 praecipites
829 1955 913 1986 atque
928 1958 995 1985 pro-

209 1994 287 2028 pensi
299 2013 307 2024 ,
324 1993 372 2020 sed
387 1994 493 2021 ratione
508 1994 594 2021 sedati
609 1999 693 2029 sunt;
709 1996 736 2023 in
759 1996 860 2031 quibus
882 1996 997 2024 ratioci-

211 2040 286 2066 natio
300 2039 385 2066 veiuti
409 2039 516 2067 frenum
538 2040 675 2075 quoddam
692 2042 809 2077 impetus
824 2043 977 2078 reprimens
987 2063 994 2075 ,

209 2093 265 2113 non
289 2085 356 2113 sinit
379 2086 500 2113 animum
525 2087 559 2114 ad
582 2088 799 2120 immodestiam,
822 2088 996 2116 insolentiam

208 2139 243 2159 ac
257 2132 489 2166 perturbationem
512 2134 568 2168 rapi
591 2139 673 2169 atque
686 2134 788 2163 elferri.
805 2135 890 2170 Magis
905 2140 996 2163 autem

209 2177 237 2203 id
253 2177 353 2212 aliquis
380 2185 493 2206 eernere
510 2181 597 2213 possit
617 2180 643 2206 in
659 2188 691 2207 ea
711 2181 915 2214 perturbatione
936 2189 997 2217 qua:

210 2229 259 2257 per
273 2222 442 2250 iracundiam
456 2224 608 2259 contingit,
621 2233 702 2259 quam
722 2226 799 2253 beata
815 2234 858 2254 res
873 2226 997 2254 habenda

212 2267 309 2294 lenitas
324 2268 371 2295 sit.
387 2267 568 2304 Posteaquam
589 2270 662 2297 enim
686 2271 726 2298 rei
750 2272 875 2304 verbum,
890 2273 931 2300 vel
955 2273 997 2299 l'a-

212 2316 305 2346 ctum,
331 2314 372 2340 vel
398 2315 521 2349 suspirio
546 2316 688 2343 molestior
710 2318 855 2352 minusque
875 2318 997 2352 jucunda

208 2366 272 2385 eum
288 2359 413 2386 morbum
427 2361 622 2393 commoverit,
638 2366 664 2389 et
681 2363 793 2397 sanguis
806 2363 880 2390 circa
896 2371 945 2391 cor
956 2363 998 2391 ef-

209 2403 358 2434 l‘erbuerit,
372 2408 399 2431 et
414 2404 523 2432 animus
536 2406 689 2435 concitatus
705 2407 786 2435 luerit
809 2408 837 2435 in
853 2409 995 2441 ultionem,

209 2449 439 2483 quemadmodum
455 2449 552 2477 fabulae
565 2459 612 2486 per
626 2452 889 2481 medicamentorum
902 2462 998 2489 quam—

210 2495 273 2521 dam
289 2494 424 2529 potionem
447 2495 473 2522 in
500 2496 641 2523 brutorum
656 2497 816 2525 animalium
831 2499 936 2534 species
952 2507 998 2526 na-

209 2545 299 2566 turam
315 2542 492 2569 transmutari
519 2543 642 2578 lingunt:
658 2543 696 2570 ita
721 2543 809 2571 virum
826 2549 938 2579 repente
958 2546 998 2573 vi-

208 2586 275 2613 dere
291 2586 353 2613 licet
369 2594 464 2621 aprqu
484 2593 532 2615 aut
551 2596 665 2623 canem,
688 2593 735 2616 aut
755 2590 930 2624 pantheram,
951 2597 998 2619 aut

208 2632 290 2658 aliam
310 2634 466 2668 quampiam
483 2635 613 2662 similium
634 2635 753 2663 ferarum
775 2637 809 2663 ab
831 2637 872 2664 ira
895 2637 997 2665 factum

208 2684 281 2704 esse.
296 2677 373 2705 Oculi
390 2680 524 2714 sanguine
538 2680 633 2708 suﬂusi
651 2685 735 2713 sunt,
752 2682 871 2717 capillus
883 2687 995 2711 erectus

211 2723 299 2756 surgit
313 2728 339 2750 et
351 2724 532 2758 inhorrescit,
544 2734 594 2754 vox
609 2734 704 2760 aspera
718 2735 751 2754 ac
762 2728 854 2755 verbis
869 2728 975 2756 irritata
989 2738 996 2759 ς

212 2766 304 2801 lingua
321 2770 526 2802 perturbatione
547 2776 676 2806 torpens,
700 2776 727 2799 et
746 2780 800 2799 non
821 2773 998 2801 subserviens

215 2810 334 2839 tuotibus
349 2813 486 2841 intestinis
502 2823 508 2846 ;
524 2815 593 2842 labia
607 2817 755 2844 constricta
765 2837 772 2848 ,
789 2822 816 2845 et
829 2826 884 2845 non
900 2819 1000 2845 articu-

216 2854 271 2884 late
290 2857 371 2885 verba
391 2861 588 2895 exprimentia,
609 2870 698 2898 neque
720 2864 876 2892 cohibentia
903 2865 930 2892 in
952 2872 1000 2894 ore

1044 1953 1094 1989 τῆς
1109 1952 1198 1987 ψυχῆς
1220 1953 1356 1988 κινήσεις,
1379 1950 1448 1978 ἀλλὰ
1467 1948 1681 1984 κατεσταλμένοι
1697 1948 1740 1983 τῷ
1758 1947 1840 1982 λόγῳ.

1046 1999 1087 2031 ἐφ’
1102 1995 1139 2024 ὧν
1153 1999 1168 2025 ὁ
1187 1998 1317 2033 λογισμὸς
1337 1997 1462 2032 καθάπερ
1484 2004 1527 2028 τις
1546 1995 1654 2030 χαλινὸς
1676 1993 1842 2028 ἁναστομιὶιν

1045 2044 1095 2075 τὰς
1110 2044 1208 2079 ὁρμὰς,
1226 2045 1275 2071 οὐκ
1294 2044 1326 2079 ἐᾷ
1346 2044 1395 2079 τὴν
1417 2042 1504 2078 ψυχὴν
1526 2042 1595 2076 πρὸς
1617 2039 1734 2072 ἀταξίαν
1761 2040 1842 2074 ἐκφέ-

1049 2090 1152 2125 ρεσθαι.
1172 2090 1280 2117 Μᾶλλον
1299 2090 1322 2116 δ’
1346 2090 1378 2116 ἄν
1398 2097 1442 2120 τις
1468 2089 1514 2114 ἐπὶ
1535 2087 1583 2113 τοῦ
1599 2086 1668 2113 κατὰ
1688 2086 1736 2112 τὸν
1757 2086 1842 2121 θυμὸν

1047 2136 1150 2167 πάθους
1167 2136 1197 2162 τὸ
1215 2135 1335 2162 τοιοῦτον
1362 2135 1422 2167 ῐδοι,
1446 2135 1520 2164 ὅπως
1541 2133 1598 2159 ἐστὶ
1626 2132 1800 2167 μακαριστὸν
1826 2133 1842 2166 ἡ

1047 2182 1179 2219 πραότης.
1199 2181 1322 2208 Ἐπειδὰν
1341 2182 1395 2216 γὰρ
1409 2181 1487 2215 λόγος
1499 2200 1506 2211 ,
1521 2180 1538 2215 ἢ
1553 2179 1651 2215 πρᾶξίς
1665 2188 1721 2211 τις,
1737 2179 1756 2215 ἦ
1775 2179 1839 2205 oms-

1047 2236 1105 2254 νοια
1118 2227 1172 2253 τῶν
1188 2227 1360 2262 ἀηδεστέρων
1375 2227 1424 2260 τὴν
1438 2225 1565 2259 τοιαύτην
1580 2224 1734 2258 ἀνακινήσῃ
1752 2224 1840 2253 νόσον.

1048 2274 1095 2300 καὶ
1109 2273 1240 2309 περιζέοῃ
1255 2274 1287 2309 τῇ
1302 2273 1401 2308 καρδίᾳ
1420 2272 1451 2298 τὸ
1470 2269 1550 2306 αἷμα,
1565 2271 1612 2297 καὶ
1624 2271 1758 2305 διαναστῇ
1775 2269 1841 2305 πρὸς

1048 2318 1153 2353 ἄμυναν
1169 2319 1185 2353 ἡ
1200 2318 1291 2354 ψυχή·
1307 2318 1432 2353 καθάπερ
1450 2317 1474 2343 οἱ
1493 2316 1572 2352 μῦθοι
1594 2316 1637 2342 διὰ
1658 2323 1842 2350 φαρμακοπο-

1049 2364 1108 2396 σίας
1126 2364 1198 2396 me;
1214 2365 1254 2396 εἰς
1275 2364 1378 2398 ἀλόγων
1393 2363 1499 2399 μορφὰς
1517 2362 1653 2389 ἀλλοιοῦσι
1674 2361 1724 2396 τὴν
1743 2362 1839 2395 φύσιν·

1048 2409 1134 2442 οὕτως
1147 2410 1221 2437 ἐστιν
1236 2409 1364 2444 ἐξαίφνης
1382 2408 1445 2435 ἰδεῖν
1460 2407 1520 2440 οὖν,
1534 2406 1550 2442 ἢ
1565 2406 1644 2437 κύνα,
1659 2406 1676 2441 ἦ
1696 2406 1840 2441 πάρδαλιν,

1048 2455 1065 2490 ἢ
1081 2456 1144 2483 ἄλλο
1159 2465 1185 2483 τι
1206 2455 1324 2482 τοιοῦτον
1341 2454 1435 2490 θηρίον
1455 2455 1488 2480 ὲκ
1507 2452 1555 2479 τοῦ
1584 2451 1670 2487 θυμοῦ
1690 2451 1737 2477 τὸν
1759 2451 1842 2486 ἄνδρα

1049 2502 1202 2537 γενόμενον.
1220 2500 1359 2534 ’Ὑφαιμος
1379 2497 1532 2533 δφθαλμός’
1554 2495 1614 2532 θρὶξ
1633 2495 1775 2531 ὲσταμένη
1799 2495 1842 2522 καὶ

1049 2548 1263 2583 ἐπιφρίσσουσα·
1282 2545 1358 2580 φωνὴ
1380 2545 1493 2580 τραχεῖα
1512 2543 1560 2570 καὶ
1576 2541 1766 2576 ὲποξυνομένη
1788 2542 1842 2571 τοῖς

1052 2594 1184 2629 ῥήμασιν·
1207 2590 1373 2625 γλῶσσα⁴τῷ
1394 2589 1475 2616 πάθει
1499 2588 1695 2623 νεναρκηκυῖα,
1721 2586 1773 2613 καὶ
1796 2586 1841 2619 οὐχ

1051 2638 1223 2674 ὑπηρετοῦσα
1239 2638 1298 2668 ταῖς
1314 2635 1387 2662 ἔνδον
1405 2634 1518 2671 ὁρμαῖς·
1535 2633 1611 2668 χείλη
1622 2632 1782 2667 πεπηγότα,
1798 2631 1842 2658 καὶ

1050 2686 1081 2712 οὐ
1102 2683 1279 2720 διαρθροῦντα
1300 2682 1345 2708 τὸν
1367 2681 1463 2714 λόγον,
1490 2678 1553 2706 οὔτε
1571 2678 1786 2713 περιστέλλοντα
1805 2676 1842 2711 τῷ

1051 2731 1164 2765 στόματι
1178 2730 1226 2764 τὴν
1246 2727 1424 2762 ἐγγενομένην
1441 2725 1494 2752 ὑπὸ
1507 2725 1554 2751 τοῦ
1569 2724 1675 2755 πάθους
1693 2723 1841 2759 ὑγρότητα,

1053 2776 1109 2803 ἀλλ’
1129 2775 1290 2810 ἀσχημόνως
1305 2773 1350 2799 τὸν
1366 2772 1452 2807 ἀφρὸν
1473 2772 1506 2806 τῇ
1523 2771 1600 2805 φωνῇ
1620 2769 1839 2796 συνεκπτὺοντα·

1051 2821 1173 2848 τοιαῦται
1191 2821 1219 2847 αἱ
1242 2821 1347 2854 χεῖρες·
1363 2817 1477 2844 τοιοῦτοι
1491 2817 1514 2842 οἱ
1530 2815 1624 2847 πόδες·
1639 2815 1755 2850 τοιαύτη
1772 2815 1841 2841 πᾶσα

1051 2865 1097 2891 τοῦ
1114 2864 1238 2899 σώματος
1255 2864 1270 2898 ὴ
1286 2862 1413 2894 διάθεσις,
1428 2861 1542 2888 ἑκάστου
1559 2860 1612 2887 τῶν
1628 2859 1720 2893 μελῶν
1737 2859 1840 2886 σννδια·
