  <div class='ocr_page' id='page_1' title='image "/cluster/home/n/w/nwhite01/storage/ocr_20150623/44/nnc1.0037127462/618.png"; bbox 0 0 3844 6224; ppageno 0'>
   <div class='ocr_carea' id='block_1_1' title="bbox 183 331 3444 399">
    <p class='ocr_par' dir='ltr' id='par_1_1' title="bbox 183 331 3444 399">
     <span class='ocr_line' id='line_1_1' title="bbox 183 331 3444 399; baseline -0.003 -6"><span class='ocrx_word' id='word_1_1' title='bbox 183 340 319 399; x_wconf 69' lang='grc'><strong>1217</strong></span> <span class='ocrx_word' id='word_1_2' title='bbox 1247 339 1335 392; x_wconf 81' lang='lat' dir='ltr'><strong>DE</strong></span> <span class='ocrx_word' id='word_1_3' title='bbox 1368 337 1971 395; x_wconf 79' lang='lat' dir='ltr'><strong>BEATITUDINIBUS.</strong></span> <span class='ocrx_word' id='word_1_4' title='bbox 2006 336 2265 392; x_wconf 68' lang='lat' dir='ltr'><strong>ORATIO</strong></span> <span class='ocrx_word' id='word_1_5' title='bbox 2315 336 2381 392; x_wconf 90' lang='lat' dir='ltr'><strong>ll.</strong></span> <span class='ocrx_word' id='word_1_6' title='bbox 3308 331 3444 385; x_wconf 79' lang='lat' dir='ltr'><strong>l!l8</strong></span> 
     </span>
    </p>
   </div>
   <div class='ocr_carea' id='block_1_2' title="bbox 173 454 1781 533">
    <p class='ocr_par' dir='ltr' id='par_1_2' title="bbox 173 456 1765 533">
     <span class='ocr_line' id='line_1_2' title="bbox 173 456 1765 533; baseline -0.004 -13"><span class='ocrx_word' id='word_1_7' title='bbox 173 464 466 533; x_wconf 76' lang='grc' dir='ltr'><strong>τιθεμένου</strong></span> <span class='ocrx_word' id='word_1_8' title='bbox 504 460 584 532; x_wconf 81' lang='grc' dir='ltr'><strong>τῷ</strong></span> <span class='ocrx_word' id='word_1_9' title='bbox 609 462 791 517; x_wconf 80' lang='grc' dir='ltr'><strong>πάθει.</strong></span> <span class='ocrx_word' id='word_1_10' title='bbox 829 462 891 516; x_wconf 83' lang='grc' dir='ltr'><strong>Εἰ</strong></span> <span class='ocrx_word' id='word_1_11' title='bbox 929 456 1023 515; x_wconf 80' lang='grc' dir='ltr'><strong>οὖν</strong></span> <span class='ocrx_word' id='word_1_12' title='bbox 1054 463 1083 514; x_wconf 90' lang='lat'><strong>6</strong></span> <span class='ocrx_word' id='word_1_13' title='bbox 1114 462 1211 533; x_wconf 83' lang='grc' dir='ltr'><strong>μὲν</strong></span> <span class='ocrx_word' id='word_1_14' title='bbox 1243 462 1484 525; x_wconf 85' lang='grc' dir='ltr'><strong>τοιοῦτος</strong></span> <span class='ocrx_word' id='word_1_15' title='bbox 1509 462 1621 532; x_wconf 69' lang='grc' dir='ltr'><strong>εἴη·</strong></span> <span class='ocrx_word' id='word_1_16' title='bbox 1656 463 1684 513; x_wconf 99' lang='lat'><strong>6</strong></span> <span class='ocrx_word' id='word_1_17' title='bbox 1710 460 1765 513; x_wconf 84' lang='grc' dir='ltr'><strong>δὲ</strong></span> 
     </span>
    </p>
   </div>
   <div class='ocr_carea' id='block_1_3' title="bbox 1890 454 3446 533">
    <p class='ocr_par' dir='ltr' id='par_1_3' title="bbox 1890 454 3446 528">
     <span class='ocr_line' id='line_1_3' title="bbox 1890 454 3446 528; baseline -0.004 -15"><span class='ocrx_word' id='word_1_18' title='bbox 1890 473 1979 513; x_wconf 60' lang='grc' dir='ltr'><strong>πω</strong></span> <span class='ocrx_word' id='word_1_19' title='bbox 2009 457 2417 528; x_wconf 71' lang='lat' dir='ltr'><strong>perturbatione</strong></span> <span class='ocrx_word' id='word_1_20' title='bbox 2448 456 2694 510; x_wconf 88' lang='lat' dir='ltr'><strong>innatum</strong></span> <span class='ocrx_word' id='word_1_21' title='bbox 2722 456 3003 510; x_wconf 83' lang='lat' dir='ltr'><strong>humorem</strong></span> <span class='ocrx_word' id='word_1_22' title='bbox 3026 495 3041 520; x_wconf 92' lang='lat'><strong>,</strong></span> <span class='ocrx_word' id='word_1_23' title='bbox 3067 454 3161 509; x_wconf 88' lang='lat' dir='ltr'><strong>sed</strong></span> <span class='ocrx_word' id='word_1_24' title='bbox 3191 454 3446 508; x_wconf 78' lang='lat' dir='ltr'><strong>indecore</strong></span> 
     </span>
    </p>
   </div>
   <div class='ocr_carea' id='block_1_4' title="bbox 178 547 1781 626">
    <p class='ocr_par' dir='ltr' id='par_1_4' title="bbox 178 547 1773 626">
     <span class='ocr_line' id='line_1_4' title="bbox 178 547 1773 626; baseline -0.004 -19"><span class='ocrx_word' id='word_1_25' title='bbox 178 554 320 626; x_wconf 75' lang='grc' dir='ltr'><strong>πρὸς</strong></span> <span class='ocrx_word' id='word_1_26' title='bbox 364 554 459 607; x_wconf 82' lang='grc' dir='ltr'><strong>τὸν</strong></span> <span class='ocrx_word' id='word_1_27' title='bbox 512 552 862 623; x_wconf 81' lang='grc' dir='ltr'><strong>μακαρισμὸν</strong></span> <span class='ocrx_word' id='word_1_28' title='bbox 916 553 1168 623; x_wconf 80' lang='grc' dir='ltr'><strong>βλέπων,</strong></span> <span class='ocrx_word' id='word_1_29' title='bbox 1210 551 1299 605; x_wconf 85' lang='grc' dir='ltr'><strong>διὰ</strong></span> <span class='ocrx_word' id='word_1_30' title='bbox 1344 551 1451 604; x_wconf 84' lang='grc' dir='ltr'><strong>τῶν</strong></span> <span class='ocrx_word' id='word_1_31' title='bbox 1497 547 1773 619; x_wconf 78' lang='grc' dir='ltr'>λογισμῶν</span> 
     </span>
    </p>
   </div>
   <div class='ocr_carea' id='block_1_5' title="bbox 1890 547 3447 626">
    <p class='ocr_par' dir='ltr' id='par_1_5' title="bbox 1890 548 3447 621">
     <span class='ocr_line' id='line_1_5' title="bbox 1890 548 3447 621; baseline -0.005 -16"><span class='ocrx_word' id='word_1_32' title='bbox 1890 566 2126 621; x_wconf 73' lang='lat' dir='ltr'><strong>spumam</strong></span> <span class='ocrx_word' id='word_1_33' title='bbox 2170 550 2333 603; x_wconf 90' lang='lat' dir='ltr'><strong>simul</strong></span> <span class='ocrx_word' id='word_1_34' title='bbox 2363 564 2487 601; x_wconf 80' lang='lat' dir='ltr'><strong>cum</strong></span> <span class='ocrx_word' id='word_1_35' title='bbox 2516 563 2647 602; x_wconf 90' lang='lat' dir='ltr'><strong>voce</strong></span> <span class='ocrx_word' id='word_1_36' title='bbox 2675 548 2967 617; x_wconf 81' lang='lat' dir='ltr'><strong>expuentia</strong></span> <span class='ocrx_word' id='word_1_37' title='bbox 2992 562 3008 611; x_wconf 90' lang='lat'><strong>;</strong></span> <span class='ocrx_word' id='word_1_38' title='bbox 3047 548 3184 600; x_wconf 85' lang='lat' dir='ltr'><strong>tales</strong></span> <span class='ocrx_word' id='word_1_39' title='bbox 3209 558 3405 598; x_wconf 85' lang='lat' dir='ltr'><strong>manus</strong></span> <span class='ocrx_word' id='word_1_40' title='bbox 3428 584 3447 610; x_wconf 83' lang='lat'><strong>,</strong></span> 
     </span>
    </p>
   </div>
   <div class='ocr_carea' id='block_1_6' title="bbox 179 644 1768 716">
    <p class='ocr_par' dir='ltr' id='par_1_6' title="bbox 179 644 1768 716">
     <span class='ocr_line' id='line_1_6' title="bbox 179 644 1768 716; baseline -0.003 -18"><span class='ocrx_word' id='word_1_41' title='bbox 179 647 561 716; x_wconf 74' lang='grc' dir='ltr'><strong>καταπραΰνοι</strong></span> <span class='ocrx_word' id='word_1_42' title='bbox 590 645 688 716; x_wconf 82' lang='grc' dir='ltr'><strong>τὴν</strong></span> <span class='ocrx_word' id='word_1_43' title='bbox 731 646 885 698; x_wconf 84' lang='grc' dir='ltr'>νόσον</span> <span class='ocrx_word' id='word_1_44' title='bbox 930 648 989 697; x_wconf 86' lang='grc' dir='ltr'><strong>έν</strong></span> <span class='ocrx_word' id='word_1_45' title='bbox 1014 645 1318 699; x_wconf 77' lang='grc' dir='ltr'><strong>καθεστῶτι</strong></span> <span class='ocrx_word' id='word_1_46' title='bbox 1356 644 1431 715; x_wconf 78' lang='grc' dir='ltr'><strong>τῷ</strong></span> <span class='ocrx_word' id='word_1_47' title='bbox 1473 644 1768 714; x_wconf 81' lang='grc' dir='ltr'><strong>βλέμματι,</strong></span> 
     </span>
    </p>
   </div>
   <div class='ocr_carea' id='block_1_7' title="bbox 178 733 1771 808">
    <p class='ocr_par' dir='ltr' id='par_1_7' title="bbox 178 733 1771 808">
     <span class='ocr_line' id='line_1_7' title="bbox 178 733 1771 808; baseline -0.003 -19"><span class='ocrx_word' id='word_1_48' title='bbox 178 738 275 790; x_wconf 72' lang='grc' dir='ltr'><strong>καὶ</strong></span> <span class='ocrx_word' id='word_1_49' title='bbox 296 737 543 808; x_wconf 74' lang='grc' dir='ltr'><strong>ἠρεμαίᾳ</strong></span> <span class='ocrx_word' id='word_1_50' title='bbox 567 739 634 807; x_wconf 79' lang='grc' dir='ltr'><strong>τῇ</strong></span> <span class='ocrx_word' id='word_1_51' title='bbox 652 740 827 808; x_wconf 83' lang='grc' dir='ltr'>φωνῇ,</span> <span class='ocrx_word' id='word_1_52' title='bbox 849 737 1100 805; x_wconf 85' lang='grc' dir='ltr'><strong>καθάπερ</strong></span> <span class='ocrx_word' id='word_1_53' title='bbox 1117 754 1201 799; x_wconf 86' lang='grc' dir='ltr'><strong>τις</strong></span> <span class='ocrx_word' id='word_1_54' title='bbox 1233 738 1414 807; x_wconf 82' lang='grc' dir='ltr'><strong>ἰατρὸς</strong></span> <span class='ocrx_word' id='word_1_55' title='bbox 1438 739 1503 789; x_wconf 80' lang='grc' dir='ltr'><strong>ἐκ</strong></span> <span class='ocrx_word' id='word_1_56' title='bbox 1529 733 1771 805; x_wconf 88' lang='grc' dir='ltr'><strong>φρενίτι-</strong></span> 
     </span>
    </p>
   </div>
   <div class='ocr_carea' id='block_1_8' title="bbox 179 819 1772 897">
    <p class='ocr_par' dir='ltr' id='par_1_8' title="bbox 179 819 1772 897">
     <span class='ocr_line' id='line_1_8' title="bbox 179 819 1772 897; baseline -0.003 -18"><span class='ocrx_word' id='word_1_57' title='bbox 179 824 271 888; x_wconf 85' lang='grc' dir='ltr'><strong>δος</strong></span> <span class='ocrx_word' id='word_1_58' title='bbox 300 825 720 895; x_wconf 80' lang='grc' dir='ltr'><strong>ἀσχημονοῦντα</strong></span> <span class='ocrx_word' id='word_1_59' title='bbox 745 825 1060 895; x_wconf 81' lang='grc' dir='ltr'><strong>θεραπεύων</strong></span> <span class='ocrx_word' id='word_1_60' title='bbox 1090 829 1154 896; x_wconf 83' lang='grc' dir='ltr'><strong>τῇ</strong></span> <span class='ocrx_word' id='word_1_61' title='bbox 1187 826 1351 897; x_wconf 84' lang='grc' dir='ltr'><strong>τέχνῃ</strong></span> <span class='ocrx_word' id='word_1_62' title='bbox 1369 842 1384 857; x_wconf 69' lang='grc'><strong><em>⁸</em></strong></span> <span class='ocrx_word' id='word_1_63' title='bbox 1417 819 1505 894; x_wconf 81' lang='grc' dir='ltr'><strong>ἆρ’</strong></span> <span class='ocrx_word' id='word_1_64' title='bbox 1540 824 1659 893; x_wconf 68' lang='grc' dir='ltr'><strong>οὐχ)⁵</strong></span> <span class='ocrx_word' id='word_1_65' title='bbox 1681 822 1772 875; x_wconf 82' lang='grc' dir='ltr'><strong>καὶ</strong></span> 
     </span>
    </p>
   </div>
   <div class='ocr_carea' id='block_1_9' title="bbox 180 917 1771 989">
    <p class='ocr_par' dir='ltr' id='par_1_9' title="bbox 180 917 1771 989">
     <span class='ocr_line' id='line_1_9' title="bbox 180 917 1771 989; baseline -0.003 -17"><span class='ocrx_word' id='word_1_66' title='bbox 180 917 346 981; x_wconf 81' lang='grc' dir='ltr'><strong>αὐτὸς</strong></span> <span class='ocrx_word' id='word_1_67' title='bbox 372 920 517 989; x_wconf 81' lang='grc' dir='ltr'><strong>ἐρεῖς</strong></span> <span class='ocrx_word' id='word_1_68' title='bbox 552 919 943 989; x_wconf 76' lang='grc' dir='ltr'><strong>ἀντιπαραθεὶς</strong></span> <span class='ocrx_word' id='word_1_69' title='bbox 973 918 1131 972; x_wconf 90' lang='grc' dir='ltr'><strong>τοῦτο</strong></span> <span class='ocrx_word' id='word_1_70' title='bbox 1159 920 1350 989; x_wconf 79' lang='grc' dir='ltr'><strong>ἐκείνῳ</strong></span> <span class='ocrx_word' id='word_1_71' title='bbox 1371 959 1384 983; x_wconf 91' lang='grc'><strong>,</strong></span> <span class='ocrx_word' id='word_1_72' title='bbox 1427 919 1507 971; x_wconf 85' lang='grc' dir='ltr'><strong>ὅτι</strong></span> <span class='ocrx_word' id='word_1_73' title='bbox 1542 917 1771 980; x_wconf 74' lang='grc' dir='ltr'><strong>ἐλεεινὸς</strong></span> 
     </span>
    </p>
   </div>
   <div class='ocr_carea' id='block_1_10' title="bbox 182 1008 1773 1081">
    <p class='ocr_par' dir='ltr' id='par_1_10' title="bbox 182 1008 1773 1081">
     <span class='ocr_line' id='line_1_10' title="bbox 182 1008 1773 1081; baseline -0.001 -18"><span class='ocrx_word' id='word_1_74' title='bbox 182 1010 288 1079; x_wconf 81' lang='grc' dir='ltr'><strong>μὲν</strong></span> <span class='ocrx_word' id='word_1_75' title='bbox 314 1011 409 1063; x_wconf 76' lang='grc' dir='ltr'><strong>καὶ</strong></span> <span class='ocrx_word' id='word_1_76' title='bbox 440 1009 721 1080; x_wconf 83' lang='grc' dir='ltr'><strong>βδελυκτδς</strong></span> <span class='ocrx_word' id='word_1_77' title='bbox 749 1012 777 1062; x_wconf 88' lang='grc' dir='ltr'>ὁ</span> <span class='ocrx_word' id='word_1_78' title='bbox 803 1009 1074 1081; x_wconf 82' lang='grc' dir='ltr'><strong>θηριώδης</strong></span> <span class='ocrx_word' id='word_1_79' title='bbox 1093 1012 1296 1071; x_wconf 77' lang='grc' dir='ltr'><strong>ἐκεῖνος</strong></span> <span class='ocrx_word' id='word_1_80' title='bbox 1317 1049 1331 1075; x_wconf 87' lang='grc'><strong>,</strong></span> <span class='ocrx_word' id='word_1_81' title='bbox 1360 1008 1695 1080; x_wconf 81' lang='grc' dir='ltr'><strong>μακαριστὸς</strong></span> <span class='ocrx_word' id='word_1_82' title='bbox 1715 1008 1773 1061; x_wconf 83' lang='grc' dir='ltr'><strong>δὲ</strong></span> 
     </span>
    </p>
   </div>
   <div class='ocr_carea' id='block_1_11' title="bbox 179 1097 1777 1173">
    <p class='ocr_par' dir='ltr' id='par_1_11' title="bbox 179 1097 1777 1173">
     <span class='ocr_line' id='line_1_11' title="bbox 179 1097 1777 1173; baseline -0.004 -17"><span class='ocrx_word' id='word_1_83' title='bbox 179 1106 210 1157; x_wconf 96' lang='lat'><strong>6</strong></span> <span class='ocrx_word' id='word_1_84' title='bbox 237 1103 417 1173; x_wconf 82' lang='grc' dir='ltr'><strong>πραῢς</strong></span> <span class='ocrx_word' id='word_1_85' title='bbox 459 1105 487 1155; x_wconf 91' lang='grc' dir='ltr'><strong>ό</strong></span> <span class='ocrx_word' id='word_1_86' title='bbox 511 1104 577 1173; x_wconf 79' lang='grc' dir='ltr'><strong>τῇ</strong></span> <span class='ocrx_word' id='word_1_87' title='bbox 611 1101 706 1155; x_wconf 89' lang='grc' dir='ltr'><strong>τοῦ</strong></span> <span class='ocrx_word' id='word_1_88' title='bbox 747 1101 914 1165; x_wconf 82' lang='grc' dir='ltr'><strong>πέλας</strong></span> <span class='ocrx_word' id='word_1_89' title='bbox 946 1101 1113 1168; x_wconf 81' lang='grc' dir='ltr'><strong>κακίᾳ</strong></span> <span class='ocrx_word' id='word_1_90' title='bbox 1143 1097 1216 1171; x_wconf 84' lang='grc' dir='ltr'><strong>μὴ</strong></span> <span class='ocrx_word' id='word_1_91' title='bbox 1252 1098 1678 1170; x_wconf 79' lang='grc' dir='ltr'><strong>συνδιαστρέψας</strong></span> <span class='ocrx_word' id='word_1_92' title='bbox 1715 1097 1777 1151; x_wconf 89' lang='lat'><strong>16</strong></span> 
     </span>
    </p>
   </div>
   <div class='ocr_carea' id='block_1_12' title="bbox 180 1195 494 1267">
    <p class='ocr_par' dir='ltr' id='par_1_12' title="bbox 180 1195 494 1267">
     <span class='ocr_line' id='line_1_12' title="bbox 180 1195 494 1267; baseline -0.003 -18"><span class='ocrx_word' id='word_1_93' title='bbox 180 1195 460 1267; x_wconf 71' lang='grc' dir='ltr'><strong>εὔσχημον</strong></span> <span class='ocrx_word' id='word_1_94' title='bbox 480 1212 494 1260; x_wconf 91' lang='grc'>;</span> 
     </span>
    </p>
   </div>
   <div class='ocr_carea' id='block_1_13' title="bbox 1877 640 3448 712">
    <p class='ocr_par' dir='ltr' id='par_1_13' title="bbox 1877 640 3448 712">
     <span class='ocr_line' id='line_1_13' title="bbox 1877 640 3448 712; baseline -0.005 -14"><span class='ocrx_word' id='word_1_95' title='bbox 1877 646 2014 699; x_wconf 90' lang='lat' dir='ltr'><strong>tales</strong></span> <span class='ocrx_word' id='word_1_96' title='bbox 2043 644 2207 712; x_wconf 82' lang='lat' dir='ltr'><strong>pedes</strong></span> <span class='ocrx_word' id='word_1_97' title='bbox 2231 661 2245 709; x_wconf 91' lang='lat'><strong>;</strong></span> <span class='ocrx_word' id='word_1_98' title='bbox 2279 643 2405 695; x_wconf 89' lang='lat' dir='ltr'><strong>talis</strong></span> <span class='ocrx_word' id='word_1_99' title='bbox 2433 644 2682 711; x_wconf 89' lang='lat' dir='ltr'><strong>corporis</strong></span> <span class='ocrx_word' id='word_1_100' title='bbox 2709 640 3000 711; x_wconf 78' lang='lat' dir='ltr'><strong>dispositio</strong></span> <span class='ocrx_word' id='word_1_101' title='bbox 3027 647 3174 704; x_wconf 89' lang='lat' dir='ltr'><strong>tota;</strong></span> <span class='ocrx_word' id='word_1_102' title='bbox 3208 652 3448 707; x_wconf 79' lang='lat' dir='ltr'><strong>unoquo-</strong></span> 
     </span>
    </p>
   </div>
   <div class='ocr_carea' id='block_1_14' title="bbox 1874 730 3449 805">
    <p class='ocr_par' dir='ltr' id='par_1_14' title="bbox 1874 730 3449 805">
     <span class='ocr_line' id='line_1_14' title="bbox 1874 730 3449 805; baseline -0.004 -17"><span class='ocrx_word' id='word_1_103' title='bbox 1874 750 1982 805; x_wconf 89' lang='lat' dir='ltr'><strong>que</strong></span> <span class='ocrx_word' id='word_1_104' title='bbox 2011 734 2257 787; x_wconf 91' lang='lat' dir='ltr'><strong>membro</strong></span> <span class='ocrx_word' id='word_1_105' title='bbox 2277 772 2291 796; x_wconf 94' lang='lat'><strong>,</strong></span> <span class='ocrx_word' id='word_1_106' title='bbox 2324 742 2484 803; x_wconf 90' lang='lat' dir='ltr'><strong>prout</strong></span> <span class='ocrx_word' id='word_1_107' title='bbox 2516 733 2683 786; x_wconf 86' lang='lat' dir='ltr'><strong>animi</strong></span> <span class='ocrx_word' id='word_1_108' title='bbox 2716 742 2900 786; x_wconf 88' lang='lat' dir='ltr'><strong>motus</strong></span> <span class='ocrx_word' id='word_1_109' title='bbox 2929 731 3125 794; x_wconf 82' lang='lat' dir='ltr'><strong>fuerit,</strong></span> <span class='ocrx_word' id='word_1_110' title='bbox 3161 732 3234 783; x_wconf 84' lang='lat' dir='ltr'><strong>ita</strong></span> <span class='ocrx_word' id='word_1_111' title='bbox 3265 730 3449 799; x_wconf 84' lang='lat' dir='ltr'><strong>dispo-</strong></span> 
     </span>
    </p>
   </div>
   <div class='ocr_carea' id='block_1_15' title="bbox 1883 821 3449 895">
    <p class='ocr_par' dir='ltr' id='par_1_15' title="bbox 1883 821 3449 895">
     <span class='ocr_line' id='line_1_15' title="bbox 1883 821 3449 895; baseline -0.003 -14"><span class='ocrx_word' id='word_1_112' title='bbox 1883 827 1991 881; x_wconf 91' lang='lat' dir='ltr'><strong>sito</strong></span> <span class='ocrx_word' id='word_1_113' title='bbox 2030 827 2343 895; x_wconf 81' lang='lat' dir='ltr'><strong>pariterque</strong></span> <span class='ocrx_word' id='word_1_114' title='bbox 2370 824 2583 879; x_wconf 82' lang='lat' dir='ltr'><strong>aﬂ&#39;ecto.</strong></span> <span class='ocrx_word' id='word_1_115' title='bbox 2632 824 2687 879; x_wconf 90' lang='lat' dir='ltr'><strong>Si</strong></span> <span class='ocrx_word' id='word_1_116' title='bbox 2732 825 2899 895; x_wconf 82' lang='lat' dir='ltr'><strong>igitur</strong></span> <span class='ocrx_word' id='word_1_117' title='bbox 2943 824 3034 877; x_wconf 91' lang='lat' dir='ltr'><strong>hic</strong></span> <span class='ocrx_word' id='word_1_118' title='bbox 3071 822 3292 893; x_wconf 88' lang='lat' dir='ltr'><strong>quidem</strong></span> <span class='ocrx_word' id='word_1_119' title='bbox 3322 821 3449 876; x_wconf 78' lang='lat' dir='ltr'><strong>talis</strong></span> 
     </span>
    </p>
   </div>
   <div class='ocr_carea' id='block_1_16' title="bbox 1878 911 3450 984">
    <p class='ocr_par' dir='ltr' id='par_1_16' title="bbox 1878 911 3450 984">
     <span class='ocr_line' id='line_1_16' title="bbox 1878 911 3450 984; baseline -0.006 -13"><span class='ocrx_word' id='word_1_120' title='bbox 1878 917 2078 981; x_wconf 80' lang='lat' dir='ltr'><strong>fuerit,</strong></span> <span class='ocrx_word' id='word_1_121' title='bbox 2110 917 2159 972; x_wconf 88' lang='lat' dir='ltr'><strong>is</strong></span> <span class='ocrx_word' id='word_1_122' title='bbox 2184 926 2364 970; x_wconf 87' lang='lat' dir='ltr'><strong>autem</strong></span> <span class='ocrx_word' id='word_1_123' title='bbox 2389 959 2403 981; x_wconf 90' lang='lat'><strong>,</strong></span> <span class='ocrx_word' id='word_1_124' title='bbox 2433 916 2525 984; x_wconf 94' lang='lat' dir='ltr'><strong>qui</strong></span> <span class='ocrx_word' id='word_1_125' title='bbox 2556 914 2951 970; x_wconf 81' lang='lat' dir='ltr'><strong>beatitudinem</strong></span> <span class='ocrx_word' id='word_1_126' title='bbox 2979 921 3105 967; x_wconf 86' lang='lat' dir='ltr'><strong>ante</strong></span> <span class='ocrx_word' id='word_1_127' title='bbox 3137 911 3325 966; x_wconf 88' lang='lat' dir='ltr'><strong>oculos</strong></span> <span class='ocrx_word' id='word_1_128' title='bbox 3360 911 3450 964; x_wconf 84' lang='lat' dir='ltr'><strong>ha-</strong></span> 
     </span>
    </p>
   </div>
   <div class='ocr_carea' id='block_1_17' title="bbox 1881 1004 3451 1075">
    <p class='ocr_par' dir='ltr' id='par_1_17' title="bbox 1881 1004 3451 1075">
     <span class='ocr_line' id='line_1_17' title="bbox 1881 1004 3451 1075; baseline -0.006 -11"><span class='ocrx_word' id='word_1_129' title='bbox 1881 1009 2036 1073; x_wconf 88' lang='lat' dir='ltr'><strong>beat,</strong></span> <span class='ocrx_word' id='word_1_130' title='bbox 2082 1006 2391 1061; x_wconf 85' lang='lat' dir='ltr'><strong>rationibus</strong></span> <span class='ocrx_word' id='word_1_131' title='bbox 2430 1009 2681 1060; x_wconf 88' lang='lat' dir='ltr'><strong>morbum</strong></span> <span class='ocrx_word' id='word_1_132' title='bbox 2729 1006 2937 1075; x_wconf 81' lang='lat' dir='ltr'><strong>mitiget</strong></span> <span class='ocrx_word' id='word_1_133' title='bbox 2979 1019 3043 1057; x_wconf 91' lang='lat' dir='ltr'><strong>ac</strong></span> <span class='ocrx_word' id='word_1_134' title='bbox 3084 1004 3282 1067; x_wconf 86' lang='lat' dir='ltr'><strong>leniat,</strong></span> <span class='ocrx_word' id='word_1_135' title='bbox 3317 1016 3451 1056; x_wconf 86' lang='lat' dir='ltr'><strong>con-</strong></span> 
     </span>
    </p>
   </div>
   <div class='ocr_carea' id='block_1_18' title="bbox 1886 1092 3451 1166">
    <p class='ocr_par' dir='ltr' id='par_1_18' title="bbox 1886 1092 3451 1166">
     <span class='ocr_line' id='line_1_18' title="bbox 1886 1092 3451 1166; baseline -0.005 -13"><span class='ocrx_word' id='word_1_136' title='bbox 1886 1098 2055 1153; x_wconf 80' lang='lat' dir='ltr'><strong>stanti</strong></span> <span class='ocrx_word' id='word_1_137' title='bbox 2105 1097 2405 1166; x_wconf 87' lang='lat' dir='ltr'><strong>sedatoque</strong></span> <span class='ocrx_word' id='word_1_138' title='bbox 2452 1096 2604 1150; x_wconf 87' lang='lat' dir='ltr'><strong>vultu</strong></span> <span class='ocrx_word' id='word_1_139' title='bbox 2635 1135 2650 1158; x_wconf 93' lang='lat'><strong>,</strong></span> <span class='ocrx_word' id='word_1_140' title='bbox 2684 1111 2748 1149; x_wconf 90' lang='lat' dir='ltr'><strong>ac</strong></span> <span class='ocrx_word' id='word_1_141' title='bbox 2797 1095 3071 1150; x_wconf 83' lang='lat' dir='ltr'><strong>submissa</strong></span> <span class='ocrx_word' id='word_1_142' title='bbox 3124 1092 3451 1163; x_wconf 85' lang='lat' dir='ltr'><strong>placidaque</strong></span> 
     </span>
    </p>
   </div>
   <div class='ocr_carea' id='block_1_19' title="bbox 1877 1183 3454 1255">
    <p class='ocr_par' dir='ltr' id='par_1_19' title="bbox 1877 1183 3454 1255">
     <span class='ocr_line' id='line_1_19' title="bbox 1877 1183 3454 1255; baseline -0.005 -13"><span class='ocrx_word' id='word_1_143' title='bbox 1877 1202 2012 1242; x_wconf 90' lang='lat' dir='ltr'><strong>voce</strong></span> <span class='ocrx_word' id='word_1_144' title='bbox 2031 1227 2045 1250; x_wconf 91' lang='lat'><strong>,</strong></span> <span class='ocrx_word' id='word_1_145' title='bbox 2078 1193 2337 1255; x_wconf 90' lang='lat' dir='ltr'><strong>tanquam</strong></span> <span class='ocrx_word' id='word_1_146' title='bbox 2368 1183 2615 1239; x_wconf 89' lang='lat' dir='ltr'><strong>medicus</strong></span> <span class='ocrx_word' id='word_1_147' title='bbox 2644 1185 2867 1254; x_wconf 87' lang='lat' dir='ltr'><strong>quidam</strong></span> <span class='ocrx_word' id='word_1_148' title='bbox 2895 1201 2961 1237; x_wconf 75' lang='lat' dir='ltr'><strong>ex</strong></span> <span class='ocrx_word' id='word_1_149' title='bbox 2992 1183 3303 1253; x_wconf 87' lang='lat' dir='ltr'><strong>phrenitide</strong></span> <span class='ocrx_word' id='word_1_150' title='bbox 3330 1188 3454 1236; x_wconf 86' lang='lat' dir='ltr'><strong>tur-</strong></span> 
     </span>
    </p>
   </div>
   <div class='ocr_carea' id='block_1_20' title="bbox 180 1277 3454 1359">
    <p class='ocr_par' dir='ltr' id='par_1_20' title="bbox 180 1277 3454 1359">
     <span class='ocr_line' id='line_1_20' title="bbox 180 1277 3454 1359; baseline -0.003 -16"><span class='ocrx_word' id='word_1_151' title='bbox 180 1291 325 1359; x_wconf 90' lang='lat' dir='ltr'><strong>piter</strong></span> <span class='ocrx_word' id='word_1_152' title='bbox 350 1307 411 1345; x_wconf 90' lang='lat' dir='ltr'><strong>se</strong></span> <span class='ocrx_word' id='word_1_153' title='bbox 436 1297 710 1359; x_wconf 77' lang='lat' dir='ltr'><strong>gerentem</strong></span> <span class='ocrx_word' id='word_1_154' title='bbox 743 1298 860 1345; x_wconf 90' lang='lat' dir='ltr'><strong>arte</strong></span> <span class='ocrx_word' id='word_1_155' title='bbox 886 1305 1086 1345; x_wconf 84' lang='lat' dir='ltr'><strong>curans</strong></span> <span class='ocrx_word' id='word_1_156' title='bbox 1121 1306 1135 1342; x_wconf 88' lang='lat'><strong>:</strong></span> <span class='ocrx_word' id='word_1_157' title='bbox 1170 1303 1352 1341; x_wconf 90' lang='lat' dir='ltr'><strong>annon</strong></span> <span class='ocrx_word' id='word_1_158' title='bbox 1379 1287 1543 1341; x_wconf 90' lang='lat' dir='ltr'><strong>etiam</strong></span> <span class='ocrx_word' id='word_1_159' title='bbox 1580 1286 1729 1355; x_wconf 87' lang='lat' dir='ltr'><strong>ipse,</strong></span> <span class='ocrx_word' id='word_1_160' title='bbox 1768 1282 2179 1353; x_wconf 88' lang='lat' dir='ltr'><strong>comparatione</strong></span> <span class='ocrx_word' id='word_1_161' title='bbox 2224 1282 2368 1335; x_wconf 87' lang='lat' dir='ltr'><strong>illius</strong></span> <span class='ocrx_word' id='word_1_162' title='bbox 2409 1296 2533 1335; x_wconf 87' lang='lat' dir='ltr'><strong>cum</strong></span> <span class='ocrx_word' id='word_1_163' title='bbox 2584 1280 2688 1334; x_wconf 89' lang='lat' dir='ltr'><strong>hoc</strong></span> <span class='ocrx_word' id='word_1_164' title='bbox 2736 1280 2878 1333; x_wconf 82' lang='lat' dir='ltr'><strong>facta</strong></span> <span class='ocrx_word' id='word_1_165' title='bbox 2935 1279 3118 1342; x_wconf 82' lang='lat' dir='ltr'><strong>dices,</strong></span> <span class='ocrx_word' id='word_1_166' title='bbox 3160 1277 3306 1348; x_wconf 91' lang='lat' dir='ltr'><strong>quod</strong></span> <span class='ocrx_word' id='word_1_167' title='bbox 3346 1280 3454 1332; x_wconf 91' lang='lat' dir='ltr'><strong>mi-</strong></span> 
     </span>
    </p>
   </div>
   <div class='ocr_carea' id='block_1_21' title="bbox 184 1369 3455 1451">
    <p class='ocr_par' dir='ltr' id='par_1_21' title="bbox 184 1369 3455 1451">
     <span class='ocr_line' id='line_1_21' title="bbox 184 1369 3455 1451; baseline -0.004 -16"><span class='ocrx_word' id='word_1_168' title='bbox 184 1382 440 1435; x_wconf 87' lang='lat' dir='ltr'><strong>serabilis</strong></span> <span class='ocrx_word' id='word_1_169' title='bbox 460 1381 678 1451; x_wconf 89' lang='lat' dir='ltr'><strong>quidem</strong></span> <span class='ocrx_word' id='word_1_170' title='bbox 702 1390 755 1436; x_wconf 93' lang='lat' dir='ltr'><strong>et</strong></span> <span class='ocrx_word' id='word_1_171' title='bbox 782 1381 1180 1439; x_wconf 86' lang='lat' dir='ltr'><strong>abominandns</strong></span> <span class='ocrx_word' id='word_1_172' title='bbox 1206 1381 1296 1435; x_wconf 90' lang='lat' dir='ltr'><strong>ille</strong></span> <span class='ocrx_word' id='word_1_173' title='bbox 1320 1379 1575 1435; x_wconf 72' lang='lat' dir='ltr'><strong>eﬂeratus</strong></span> <span class='ocrx_word' id='word_1_174' title='bbox 1600 1400 1615 1445; x_wconf 88' lang='lat'><strong>;</strong></span> <span class='ocrx_word' id='word_1_175' title='bbox 1646 1379 1836 1432; x_wconf 87' lang='lat' dir='ltr'><strong>beatus</strong></span> <span class='ocrx_word' id='word_1_176' title='bbox 1860 1389 1991 1430; x_wconf 90' lang='lat' dir='ltr'><strong>vero</strong></span> <span class='ocrx_word' id='word_1_177' title='bbox 2015 1373 2351 1443; x_wconf 79' lang='lat' dir='ltr'><strong>judicandus</strong></span> <span class='ocrx_word' id='word_1_178' title='bbox 2379 1374 2469 1428; x_wconf 89' lang='lat' dir='ltr'><strong>hic</strong></span> <span class='ocrx_word' id='word_1_179' title='bbox 2494 1374 2633 1428; x_wconf 84' lang='lat' dir='ltr'><strong>lenis</strong></span> <span class='ocrx_word' id='word_1_180' title='bbox 2672 1374 2777 1436; x_wconf 88' lang='lat' dir='ltr'><strong>sit,</strong></span> <span class='ocrx_word' id='word_1_181' title='bbox 2820 1375 2914 1443; x_wconf 84' lang='lat' dir='ltr'><strong>qui</strong></span> <span class='ocrx_word' id='word_1_182' title='bbox 2952 1387 3064 1426; x_wconf 87' lang='lat' dir='ltr'><strong>non</strong></span> <span class='ocrx_word' id='word_1_183' title='bbox 3103 1372 3350 1425; x_wconf 87' lang='lat' dir='ltr'><strong>imitatus</strong></span> <span class='ocrx_word' id='word_1_184' title='bbox 3379 1369 3455 1424; x_wconf 86' lang='lat' dir='ltr'><strong>sit</strong></span> 
     </span>
    </p>
   </div>
   <div class='ocr_carea' id='block_1_22' title="bbox 181 1466 1891 1542">
    <p class='ocr_par' dir='ltr' id='par_1_22' title="bbox 181 1466 1891 1542">
     <span class='ocr_line' id='line_1_22' title="bbox 181 1466 1891 1542; baseline -0.003 -17"><span class='ocrx_word' id='word_1_185' title='bbox 181 1472 378 1525; x_wconf 88' lang='lat' dir='ltr'><strong>vitium</strong></span> <span class='ocrx_word' id='word_1_186' title='bbox 403 1473 666 1542; x_wconf 81' lang='lat' dir='ltr'><strong>proximi,</strong></span> <span class='ocrx_word' id='word_1_187' title='bbox 695 1487 795 1528; x_wconf 89' lang='lat' dir='ltr'><strong>nec</strong></span> <span class='ocrx_word' id='word_1_188' title='bbox 824 1472 1082 1527; x_wconf 89' lang='lat' dir='ltr'><strong>decorum</strong></span> <span class='ocrx_word' id='word_1_189' title='bbox 1111 1472 1353 1527; x_wconf 89' lang='lat' dir='ltr'><strong>habitum</strong></span> <span class='ocrx_word' id='word_1_190' title='bbox 1384 1471 1497 1524; x_wconf 92' lang='lat' dir='ltr'><strong>oris</strong></span> <span class='ocrx_word' id='word_1_191' title='bbox 1527 1466 1891 1540; x_wconf 82' lang='lat' dir='ltr'><strong>perverterit?</strong></span> 
     </span>
    </p>
   </div>
   <div class='ocr_carea' id='block_1_23' title="bbox 259 1565 1770 1639">
    <p class='ocr_par' dir='ltr' id='par_1_23' title="bbox 259 1565 1770 1639">
     <span class='ocr_line' id='line_1_23' title="bbox 259 1565 1770 1639; baseline -0.002 -19"><span class='ocrx_word' id='word_1_192' title='bbox 259 1568 369 1620; x_wconf 79' lang='grc' dir='ltr'><strong>Καὶ</strong></span> <span class='ocrx_word' id='word_1_193' title='bbox 406 1569 487 1620; x_wconf 87' lang='grc' dir='ltr'><strong>ὅτι</strong></span> <span class='ocrx_word' id='word_1_194' title='bbox 543 1567 681 1637; x_wconf 79' lang='grc' dir='ltr'><strong>πρὸς</strong></span> <span class='ocrx_word' id='word_1_195' title='bbox 725 1567 885 1621; x_wconf 88' lang='grc' dir='ltr'><strong>τοῦτο</strong></span> <span class='ocrx_word' id='word_1_196' title='bbox 934 1569 1166 1639; x_wconf 84' lang='grc' dir='ltr'><strong>μάλιστα</strong></span> <span class='ocrx_word' id='word_1_197' title='bbox 1209 1567 1270 1620; x_wconf 87' lang='lat'><strong>16</strong></span> <span class='ocrx_word' id='word_1_198' title='bbox 1315 1566 1485 1631; x_wconf 83' lang='grc' dir='ltr'>πάθος</span> <span class='ocrx_word' id='word_1_199' title='bbox 1527 1567 1556 1618; x_wconf 87' lang='lat'><strong>6</strong></span> <span class='ocrx_word' id='word_1_200' title='bbox 1598 1565 1770 1633; x_wconf 85' lang='grc' dir='ltr'><strong>Λόγος</strong></span> 
     </span>
    </p>
   </div>
   <div class='ocr_carea' id='block_1_24' title="bbox 187 1648 1781 1731">
    <p class='ocr_par' dir='ltr' id='par_1_24' title="bbox 187 1656 1769 1731">
     <span class='ocr_line' id='line_1_24' title="bbox 187 1656 1769 1731; baseline -0.001 -21"><span class='ocrx_word' id='word_1_201' title='bbox 187 1658 399 1728; x_wconf 84' lang='grc' dir='ltr'><strong>βλέπει,</strong></span> <span class='ocrx_word' id='word_1_202' title='bbox 423 1658 578 1727; x_wconf 79' lang='grc' dir='ltr'><strong>δῆλόν</strong></span> <span class='ocrx_word' id='word_1_203' title='bbox 607 1661 754 1711; x_wconf 75' lang='grc' dir='ltr'><strong>ἐστιν</strong></span> <span class='ocrx_word' id='word_1_204' title='bbox 774 1661 839 1712; x_wconf 84' lang='grc' dir='ltr'><strong>ὲκ</strong></span> <span class='ocrx_word' id='word_1_205' title='bbox 865 1660 958 1712; x_wconf 85' lang='grc' dir='ltr'><strong>τοῦ</strong></span> <span class='ocrx_word' id='word_1_206' title='bbox 987 1661 1128 1730; x_wconf 85' lang='grc' dir='ltr'><strong>μετὰ</strong></span> <span class='ocrx_word' id='word_1_207' title='bbox 1153 1659 1251 1731; x_wconf 85' lang='grc' dir='ltr'><strong>τὴν</strong></span> <span class='ocrx_word' id='word_1_208' title='bbox 1269 1656 1769 1729; x_wconf 82' lang='grc' dir='ltr'><strong>ταπεινοφροσύνην</strong></span> 
     </span>
    </p>
   </div>
   <div class='ocr_carea' id='block_1_25' title="bbox 1890 1648 3456 1731">
    <p class='ocr_par' dir='ltr' id='par_1_25' title="bbox 1890 1648 3456 1724">
     <span class='ocr_line' id='line_1_25' title="bbox 1890 1648 3456 1724; baseline -0.003 -17"><span class='ocrx_word' id='word_1_209' title='bbox 1890 1652 2119 1710; x_wconf 74' lang='lat' dir='ltr'><strong>Verbum</strong></span> <span class='ocrx_word' id='word_1_210' title='bbox 2165 1653 2455 1724; x_wconf 84' lang='lat' dir='ltr'><strong>respiciat,</strong></span> <span class='ocrx_word' id='word_1_211' title='bbox 2494 1653 2848 1723; x_wconf 88' lang='lat' dir='ltr'><strong>perspicuum</strong></span> <span class='ocrx_word' id='word_1_212' title='bbox 2882 1658 2967 1705; x_wconf 90' lang='lat' dir='ltr'><strong>est</strong></span> <span class='ocrx_word' id='word_1_213' title='bbox 3006 1664 3073 1704; x_wconf 80' lang='lat' dir='ltr'><strong>ex</strong></span> <span class='ocrx_word' id='word_1_214' title='bbox 3102 1664 3169 1703; x_wconf 90' lang='lat' dir='ltr'><strong>eo</strong></span> <span class='ocrx_word' id='word_1_215' title='bbox 3199 1648 3346 1719; x_wconf 89' lang='lat' dir='ltr'><strong>quod</strong></span> <span class='ocrx_word' id='word_1_216' title='bbox 3376 1665 3456 1703; x_wconf 83' lang='lat' dir='ltr'><strong>se-</strong></span> 
     </span>
    </p>
   </div>
   <div class='ocr_carea' id='block_1_26' title="bbox 184 1743 1781 1836">
    <p class='ocr_par' dir='ltr' id='par_1_26' title="bbox 184 1744 1767 1819">
     <span class='ocr_line' id='line_1_26' title="bbox 184 1744 1767 1819; baseline 0.001 -20"><span class='ocrx_word' id='word_1_217' title='bbox 184 1744 549 1814; x_wconf 87' lang='grc' dir='ltr'><strong>νομοθετῆσαι</strong></span> <span class='ocrx_word' id='word_1_218' title='bbox 577 1748 710 1816; x_wconf 82' lang='grc' dir='ltr'><strong>ἡμῖν</strong></span> <span class='ocrx_word' id='word_1_219' title='bbox 737 1748 838 1817; x_wconf 77' lang='grc' dir='ltr'><strong>τὴν</strong></span> <span class='ocrx_word' id='word_1_220' title='bbox 870 1748 1168 1819; x_wconf 85' lang='grc' dir='ltr'><strong>πραότητα.</strong></span> <span class='ocrx_word' id='word_1_221' title='bbox 1204 1750 1387 1801; x_wconf 85' lang='grc' dir='ltr'><strong>’Έοικε</strong></span> <span class='ocrx_word' id='word_1_222' title='bbox 1414 1749 1522 1818; x_wconf 85' lang='grc' dir='ltr'><strong>γὰρ</strong></span> <span class='ocrx_word' id='word_1_223' title='bbox 1548 1746 1767 1818; x_wconf 75' lang='grc' dir='ltr'><strong>ἔχεσθαι</strong></span> 
     </span>
    </p>
   </div>
   <div class='ocr_carea' id='block_1_27' title="bbox 1890 1743 3457 1836">
    <p class='ocr_par' dir='ltr' id='par_1_27' title="bbox 1890 1743 3457 1810">
     <span class='ocr_line' id='line_1_27' title="bbox 1890 1743 3457 1810; baseline -0.006 -8"><span class='ocrx_word' id='word_1_224' title='bbox 1890 1748 2110 1802; x_wconf 83' lang='lat' dir='ltr'><strong>:undum</strong></span> <span class='ocrx_word' id='word_1_225' title='bbox 2144 1746 2311 1801; x_wconf 91' lang='lat' dir='ltr'><strong>animi</strong></span> <span class='ocrx_word' id='word_1_226' title='bbox 2338 1744 2728 1801; x_wconf 84' lang='lat' dir='ltr'><strong>demissionem</strong></span> <span class='ocrx_word' id='word_1_227' title='bbox 2750 1785 2765 1808; x_wconf 93' lang='lat'><strong>,</strong></span> <span class='ocrx_word' id='word_1_228' title='bbox 2805 1744 3084 1797; x_wconf 86' lang='lat' dir='ltr'><strong>lenitatem</strong></span> <span class='ocrx_word' id='word_1_229' title='bbox 3118 1743 3281 1796; x_wconf 89' lang='lat' dir='ltr'><strong>nobis</strong></span> <span class='ocrx_word' id='word_1_230' title='bbox 3321 1756 3457 1810; x_wconf 72' lang='lat' dir='ltr'><strong>pra:-</strong></span> 
     </span>
    </p>
   </div>
   <div class='ocr_carea' id='block_1_28' title="bbox 1948 1555 3455 1628">
    <p class='ocr_par' dir='ltr' id='par_1_28' title="bbox 1948 1555 3455 1628">
     <span class='ocr_line' id='line_1_28' title="bbox 1948 1555 3455 1628; baseline -0.004 -12"><span class='ocrx_word' id='word_1_231' title='bbox 1948 1560 2105 1628; x_wconf 87' lang='lat' dir='ltr'><strong>Quod</strong></span> <span class='ocrx_word' id='word_1_232' title='bbox 2157 1569 2339 1616; x_wconf 84' lang='lat' dir='ltr'><strong>autem</strong></span> <span class='ocrx_word' id='word_1_233' title='bbox 2385 1559 2453 1614; x_wconf 90' lang='lat' dir='ltr'><strong>ad</strong></span> <span class='ocrx_word' id='word_1_234' title='bbox 2507 1560 2650 1613; x_wconf 89' lang='lat' dir='ltr'><strong>hanc</strong></span> <span class='ocrx_word' id='word_1_235' title='bbox 2696 1558 2932 1612; x_wconf 79' lang='lat' dir='ltr'><strong>maxime</strong></span> <span class='ocrx_word' id='word_1_236' title='bbox 2981 1555 3455 1627; x_wconf 84' lang='lat' dir='ltr'><strong>perturbationem</strong></span> 
     </span>
    </p>
   </div>
   <div class='ocr_carea' id='block_1_29' title="bbox 184 1832 1772 1909">
    <p class='ocr_par' dir='ltr' id='par_1_29' title="bbox 184 1832 1772 1909">
     <span class='ocr_line' id='line_1_29' title="bbox 184 1832 1772 1909; baseline 0.003 -23"><span class='ocrx_word' id='word_1_237' title='bbox 184 1835 282 1887; x_wconf 87' lang='grc' dir='ltr'><strong>τοῦ</strong></span> <span class='ocrx_word' id='word_1_238' title='bbox 307 1835 495 1905; x_wconf 78' lang='grc' dir='ltr'><strong>ἐτέρου</strong></span> <span class='ocrx_word' id='word_1_239' title='bbox 536 1833 597 1887; x_wconf 90' lang='lat'><strong>16</strong></span> <span class='ocrx_word' id='word_1_240' title='bbox 631 1835 840 1905; x_wconf 72' lang='grc' dir='ltr'><strong>ἕτερον,</strong></span> <span class='ocrx_word' id='word_1_241' title='bbox 880 1838 976 1890; x_wconf 67' lang='grc' dir='ltr'><strong>καὶ</strong></span> <span class='ocrx_word' id='word_1_242' title='bbox 1012 1832 1122 1891; x_wconf 74' lang='grc' dir='ltr'><strong>οἷον</strong></span> <span class='ocrx_word' id='word_1_243' title='bbox 1164 1841 1344 1909; x_wconf 77' lang='grc' dir='ltr'><strong>μήτηρ</strong></span> <span class='ocrx_word' id='word_1_244' title='bbox 1377 1856 1461 1901; x_wconf 91' lang='grc' dir='ltr'><strong>τις</strong></span> <span class='ocrx_word' id='word_1_245' title='bbox 1495 1834 1632 1891; x_wconf 81' lang='grc' dir='ltr'><strong>εἶναι</strong></span> <span class='ocrx_word' id='word_1_246' title='bbox 1671 1838 1772 1908; x_wconf 82' lang='grc' dir='ltr'><strong>τῆς</strong></span> 
     </span>
    </p>
   </div>
   <div class='ocr_carea' id='block_1_30' title="bbox 186 1925 1775 2001">
    <p class='ocr_par' dir='ltr' id='par_1_30' title="bbox 186 1925 1775 2001">
     <span class='ocr_line' id='line_1_30' title="bbox 186 1925 1775 2001; baseline 0.003 -23"><span class='ocrx_word' id='word_1_247' title='bbox 186 1925 330 1980; x_wconf 82' lang='grc' dir='ltr'><strong>κατά</strong></span> <span class='ocrx_word' id='word_1_248' title='bbox 355 1926 416 1978; x_wconf 83' lang='lat'><strong>16</strong></span> <span class='ocrx_word' id='word_1_249' title='bbox 454 1929 627 1998; x_wconf 81' lang='grc' dir='ltr'><strong>πρᾶον</strong></span> <span class='ocrx_word' id='word_1_250' title='bbox 651 1928 818 1994; x_wconf 74' lang='grc' dir='ltr'><strong>ἕξεως</strong></span> <span class='ocrx_word' id='word_1_251' title='bbox 853 1930 886 1998; x_wconf 83' lang='grc' dir='ltr'>ἡ</span> <span class='ocrx_word' id='word_1_252' title='bbox 924 1929 1025 1997; x_wconf 83' lang='grc' dir='ltr'><strong>τῆς</strong></span> <span class='ocrx_word' id='word_1_253' title='bbox 1064 1928 1563 2001; x_wconf 76' lang='grc' dir='ltr'><strong>ταπεινοφροσύνης</strong></span> <span class='ocrx_word' id='word_1_254' title='bbox 1603 1929 1775 1983; x_wconf 73' lang='grc' dir='ltr'><strong>κατά-</strong></span> 
     </span>
    </p>
   </div>
   <div class='ocr_carea' id='block_1_31' title="bbox 188 2020 1773 2093">
    <p class='ocr_par' dir='ltr' id='par_1_31' title="bbox 188 2020 1773 2093">
     <span class='ocr_line' id='line_1_31' title="bbox 188 2020 1773 2093; baseline 0.003 -23"><span class='ocrx_word' id='word_1_255' title='bbox 188 2035 398 2081; x_wconf 77' lang='grc' dir='ltr'><strong>στασις.</strong></span> <span class='ocrx_word' id='word_1_256' title='bbox 438 2020 502 2074; x_wconf 84' lang='grc' dir='ltr'><strong>Εἰ</strong></span> <span class='ocrx_word' id='word_1_257' title='bbox 531 2020 639 2090; x_wconf 76' lang='grc' dir='ltr'><strong>γὰρ</strong></span> <span class='ocrx_word' id='word_1_258' title='bbox 667 2020 880 2088; x_wconf 83' lang='grc' dir='ltr'><strong>ὑφέλοις</strong></span> <span class='ocrx_word' id='word_1_259' title='bbox 916 2021 1010 2073; x_wconf 90' lang='grc' dir='ltr'><strong>τοῦ</strong></span> <span class='ocrx_word' id='word_1_260' title='bbox 1042 2020 1207 2091; x_wconf 69' lang='grc' dir='ltr'><strong>ἤθους</strong></span> <span class='ocrx_word' id='word_1_261' title='bbox 1244 2021 1335 2074; x_wconf 81' lang='grc' dir='ltr'><strong>τὸν</strong></span> <span class='ocrx_word' id='word_1_262' title='bbox 1360 2020 1548 2090; x_wconf 87' lang='grc' dir='ltr'><strong>τῦφον,</strong></span> <span class='ocrx_word' id='word_1_263' title='bbox 1581 2022 1773 2093; x_wconf 79' lang='grc' dir='ltr'><strong>καιρὸν</strong></span> 
     </span>
    </p>
   </div>
   <div class='ocr_carea' id='block_1_32' title="bbox 185 2108 1774 2184">
    <p class='ocr_par' dir='ltr' id='par_1_32' title="bbox 185 2108 1774 2184">
     <span class='ocr_line' id='line_1_32' title="bbox 185 2108 1774 2184; baseline 0.003 -24"><span class='ocrx_word' id='word_1_264' title='bbox 185 2108 291 2161; x_wconf 78' lang='grc' dir='ltr'><strong>οὐκ</strong></span> <span class='ocrx_word' id='word_1_265' title='bbox 316 2108 431 2178; x_wconf 73' lang='grc' dir='ltr'><strong>ἔχει</strong></span> <span class='ocrx_word' id='word_1_266' title='bbox 453 2109 515 2162; x_wconf 89' lang='lat'><strong>16</strong></span> <span class='ocrx_word' id='word_1_267' title='bbox 535 2109 673 2163; x_wconf 88' lang='grc' dir='ltr'><strong>κατά</strong></span> <span class='ocrx_word' id='word_1_268' title='bbox 698 2109 868 2179; x_wconf 76' lang='grc' dir='ltr'><strong>θυμὸν</strong></span> <span class='ocrx_word' id='word_1_269' title='bbox 890 2111 1205 2179; x_wconf 74' lang='grc' dir='ltr'><strong>ἐγγενέσθαι</strong></span> <span class='ocrx_word' id='word_1_270' title='bbox 1230 2111 1419 2175; x_wconf 81' lang='grc' dir='ltr'><strong>πάθος.</strong></span> <span class='ocrx_word' id='word_1_271' title='bbox 1442 2112 1640 2184; x_wconf 79' lang='grc' dir='ltr'><strong>Ὕϐρις</strong></span> <span class='ocrx_word' id='word_1_272' title='bbox 1665 2113 1774 2183; x_wconf 82' lang='grc' dir='ltr'><strong>γὰρ</strong></span> 
     </span>
    </p>
   </div>
   <div class='ocr_carea' id='block_1_33' title="bbox 190 2197 1775 2272">
    <p class='ocr_par' dir='ltr' id='par_1_33' title="bbox 190 2197 1775 2272">
     <span class='ocr_line' id='line_1_33' title="bbox 190 2197 1775 2272; baseline 0.004 -23"><span class='ocrx_word' id='word_1_273' title='bbox 190 2197 288 2251; x_wconf 81' lang='grc' dir='ltr'><strong>καὶ</strong></span> <span class='ocrx_word' id='word_1_274' title='bbox 320 2199 517 2267; x_wconf 82' lang='grc' dir='ltr'><strong>ἀτιμία</strong></span> <span class='ocrx_word' id='word_1_275' title='bbox 545 2198 647 2267; x_wconf 84' lang='grc' dir='ltr'><strong>τῆς</strong></span> <span class='ocrx_word' id='word_1_276' title='bbox 673 2197 928 2270; x_wconf 84' lang='grc' dir='ltr'><strong>τοιαύτης</strong></span> <span class='ocrx_word' id='word_1_277' title='bbox 956 2201 1266 2270; x_wconf 72' lang='grc' dir='ltr'><strong>ἀρρωστίας</strong></span> <span class='ocrx_word' id='word_1_278' title='bbox 1306 2206 1417 2266; x_wconf 86' lang='grc' dir='ltr'><strong>τοῖς</strong></span> <span class='ocrx_word' id='word_1_279' title='bbox 1446 2202 1775 2272; x_wconf 79' lang='grc' dir='ltr'><strong>ὀργισθεῖσιν</strong></span> 
     </span>
    </p>
   </div>
   <div class='ocr_carea' id='block_1_34' title="bbox 189 2289 1776 2363">
    <p class='ocr_par' dir='ltr' id='par_1_34' title="bbox 189 2289 1776 2363">
     <span class='ocr_line' id='line_1_34' title="bbox 189 2289 1776 2363; baseline 0.004 -22"><span class='ocrx_word' id='word_1_280' title='bbox 189 2289 343 2342; x_wconf 90' lang='grc' dir='ltr'><strong>αἰτία</strong></span> <span class='ocrx_word' id='word_1_281' title='bbox 390 2291 622 2357; x_wconf 87' lang='grc' dir='ltr'><strong>γίνεται.</strong></span> <span class='ocrx_word' id='word_1_282' title='bbox 682 2291 900 2362; x_wconf 82' lang='grc' dir='ltr'><strong>’Δτιμία</strong></span> <span class='ocrx_word' id='word_1_283' title='bbox 943 2292 1001 2345; x_wconf 87' lang='grc' dir='ltr'><strong>δὲ</strong></span> <span class='ocrx_word' id='word_1_284' title='bbox 1041 2293 1140 2363; x_wconf 81' lang='grc' dir='ltr'><strong>οὐχ</strong></span> <span class='ocrx_word' id='word_1_285' title='bbox 1185 2294 1415 2349; x_wconf 69' lang='grc' dir='ltr'><strong>ἅπτεται</strong></span> <span class='ocrx_word' id='word_1_286' title='bbox 1454 2294 1549 2347; x_wconf 91' lang='grc' dir='ltr'><strong>τοῦ</strong></span> <span class='ocrx_word' id='word_1_287' title='bbox 1583 2293 1776 2348; x_wconf 69' lang='grc' dir='ltr'><strong>ἑαυτὸν</strong></span> 
     </span>
    </p>
   </div>
   <div class='ocr_carea' id='block_1_35' title="bbox 190 2381 1779 2457">
    <p class='ocr_par' dir='ltr' id='par_1_35' title="bbox 190 2381 1779 2457">
     <span class='ocr_line' id='line_1_35' title="bbox 190 2381 1779 2457; baseline 0.004 -25"><span class='ocrx_word' id='word_1_288' title='bbox 190 2381 661 2454; x_wconf 81' lang='grc' dir='ltr'><strong>ταπεινοφροσύνῃ</strong></span> <span class='ocrx_word' id='word_1_289' title='bbox 703 2383 1243 2454; x_wconf 83' lang='grc' dir='ltr'><strong>παιδαγωγήσαντος.</strong></span> <span class='ocrx_word' id='word_1_290' title='bbox 1268 2387 1328 2440; x_wconf 84' lang='grc' dir='ltr'><strong>Εἰ</strong></span> <span class='ocrx_word' id='word_1_291' title='bbox 1365 2386 1474 2457; x_wconf 86' lang='grc' dir='ltr'><strong>γάρ</strong></span> <span class='ocrx_word' id='word_1_292' title='bbox 1496 2403 1578 2449; x_wconf 89' lang='grc' dir='ltr'><strong>τις</strong></span> <span class='ocrx_word' id='word_1_293' title='bbox 1618 2403 1779 2440; x_wconf 85' lang='grc' dir='ltr'><strong>κεκα-</strong></span> 
     </span>
    </p>
   </div>
   <div class='ocr_carea' id='block_1_36' title="bbox 191 2473 1776 2550">
    <p class='ocr_par' dir='ltr' id='par_1_36' title="bbox 191 2473 1776 2550">
     <span class='ocr_line' id='line_1_36' title="bbox 191 2473 1776 2550; baseline 0.004 -25"><span class='ocrx_word' id='word_1_294' title='bbox 191 2473 465 2545; x_wconf 85' lang='grc' dir='ltr'><strong>θαρμένον</strong></span> <span class='ocrx_word' id='word_1_295' title='bbox 486 2473 597 2544; x_wconf 75' lang='grc' dir='ltr'><strong>ἔχοι</strong></span> <span class='ocrx_word' id='word_1_296' title='bbox 613 2474 704 2527; x_wconf 83' lang='grc' dir='ltr'><strong>τὸν</strong></span> <span class='ocrx_word' id='word_1_297' title='bbox 722 2474 980 2546; x_wconf 85' lang='grc' dir='ltr'><strong>λογισμὸν</strong></span> <span class='ocrx_word' id='word_1_298' title='bbox 993 2479 1056 2530; x_wconf 76' lang='grc' dir='ltr'><strong>ἐκ</strong></span> <span class='ocrx_word' id='word_1_299' title='bbox 1070 2478 1169 2548; x_wconf 83' lang='grc' dir='ltr'><strong>τῆς</strong></span> <span class='ocrx_word' id='word_1_300' title='bbox 1185 2478 1529 2549; x_wconf 87' lang='grc' dir='ltr'><strong>ἀνθρωπίνης</strong></span> <span class='ocrx_word' id='word_1_301' title='bbox 1540 2479 1776 2550; x_wconf 79' lang='grc' dir='ltr'><strong>ἀπάτης,</strong></span> 
     </span>
    </p>
   </div>
   <div class='ocr_carea' id='block_1_37' title="bbox 189 2564 1775 2643">
    <p class='ocr_par' dir='ltr' id='par_1_37' title="bbox 189 2564 1775 2643">
     <span class='ocr_line' id='line_1_37' title="bbox 189 2564 1775 2643; baseline 0.005 -26"><span class='ocrx_word' id='word_1_302' title='bbox 189 2564 291 2617; x_wconf 80' lang='grc' dir='ltr'><strong>καὶ</strong></span> <span class='ocrx_word' id='word_1_303' title='bbox 316 2564 506 2634; x_wconf 81' lang='grc' dir='ltr'><strong>βλέποι</strong></span> <span class='ocrx_word' id='word_1_304' title='bbox 525 2565 589 2617; x_wconf 82' lang='lat'><strong>16</strong></span> <span class='ocrx_word' id='word_1_305' title='bbox 606 2565 879 2620; x_wconf 80' lang='grc' dir='ltr'><strong>ούτιδανδν</strong></span> <span class='ocrx_word' id='word_1_306' title='bbox 894 2567 993 2637; x_wconf 80' lang='grc' dir='ltr'><strong>τῆς</strong></span> <span class='ocrx_word' id='word_1_307' title='bbox 1014 2569 1229 2637; x_wconf 82' lang='grc' dir='ltr'><strong>φύσεως</strong></span> <span class='ocrx_word' id='word_1_308' title='bbox 1307 2572 1576 2641; x_wconf 81' lang='grc' dir='ltr'><strong>συγκεκλή</strong></span> <span class='ocrx_word' id='word_1_309' title='bbox 1586 2589 1775 2642; x_wconf 88' lang='grc' dir='ltr'><strong>ρωται,</strong></span> 
     </span>
    </p>
   </div>
   <div class='ocr_carea' id='block_1_38' title="bbox 188 2657 1778 2733">
    <p class='ocr_par' dir='ltr' id='par_1_38' title="bbox 188 2657 1778 2733">
     <span class='ocr_line' id='line_1_38' title="bbox 188 2657 1778 2733; baseline 0.004 -24"><span class='ocrx_word' id='word_1_310' title='bbox 188 2657 288 2726; x_wconf 81' lang='grc' dir='ltr'><strong>ἀφ’</strong></span> <span class='ocrx_word' id='word_1_311' title='bbox 318 2657 437 2720; x_wconf 81' lang='grc' dir='ltr'><strong>οἵας</strong></span> <span class='ocrx_word' id='word_1_312' title='bbox 460 2658 631 2728; x_wconf 82' lang='grc' dir='ltr'><strong>ἀρχῆς</strong></span> <span class='ocrx_word' id='word_1_313' title='bbox 655 2659 754 2727; x_wconf 85' lang='grc' dir='ltr'><strong>τὴν</strong></span> <span class='ocrx_word' id='word_1_314' title='bbox 776 2657 1033 2713; x_wconf 89' lang='grc' dir='ltr'><strong>σύστασιν</strong></span> <span class='ocrx_word' id='word_1_315' title='bbox 1056 2661 1190 2731; x_wconf 80' lang='grc' dir='ltr'><strong>ἔχει,</strong></span> <span class='ocrx_word' id='word_1_316' title='bbox 1216 2663 1309 2715; x_wconf 75' lang='grc' dir='ltr'><strong>καὶ</strong></span> <span class='ocrx_word' id='word_1_317' title='bbox 1330 2665 1409 2725; x_wconf 87' lang='grc' dir='ltr'><strong>εἰς</strong></span> <span class='ocrx_word' id='word_1_318' title='bbox 1438 2664 1466 2715; x_wconf 84' lang='grc' dir='ltr'>ὅ</span> <span class='ocrx_word' id='word_1_319' title='bbox 1485 2681 1538 2716; x_wconf 90' lang='grc' dir='ltr'><strong>τι</strong></span> <span class='ocrx_word' id='word_1_320' title='bbox 1555 2664 1778 2733; x_wconf 86' lang='grc' dir='ltr'><strong>φέρεται</strong></span> 
     </span>
    </p>
   </div>
   <div class='ocr_carea' id='block_1_39' title="bbox 189 2747 1780 2825">
    <p class='ocr_par' dir='ltr' id='par_1_39' title="bbox 189 2747 1780 2825">
     <span class='ocr_line' id='line_1_39' title="bbox 189 2747 1780 2825; baseline 0.004 -23"><span class='ocrx_word' id='word_1_321' title='bbox 189 2748 349 2811; x_wconf 84' lang='grc' dir='ltr'><strong>τέλος</strong></span> <span class='ocrx_word' id='word_1_322' title='bbox 374 2747 437 2801; x_wconf 82' lang='grc' dir='ltr'><strong>τὸ</strong></span> <span class='ocrx_word' id='word_1_323' title='bbox 476 2748 647 2818; x_wconf 84' lang='grc' dir='ltr'><strong>βραχὺ</strong></span> <span class='ocrx_word' id='word_1_324' title='bbox 671 2750 767 2803; x_wconf 79' lang='grc' dir='ltr'><strong>καὶ</strong></span> <span class='ocrx_word' id='word_1_325' title='bbox 790 2750 1079 2822; x_wconf 84' lang='grc' dir='ltr'><strong>ὠκύμορον</strong></span> <span class='ocrx_word' id='word_1_326' title='bbox 1103 2753 1199 2823; x_wconf 83' lang='grc' dir='ltr'><strong>τῆς</strong></span> <span class='ocrx_word' id='word_1_327' title='bbox 1222 2754 1351 2824; x_wconf 75' lang='grc' dir='ltr'><strong>τῇδε</strong></span> <span class='ocrx_word' id='word_1_328' title='bbox 1376 2755 1541 2825; x_wconf 85' lang='grc' dir='ltr'><strong>ζωῆς,</strong></span> <span class='ocrx_word' id='word_1_329' title='bbox 1571 2756 1664 2808; x_wconf 72' lang='grc' dir='ltr'><strong>καὶ</strong></span> <span class='ocrx_word' id='word_1_330' title='bbox 1688 2756 1780 2808; x_wconf 85' lang='grc' dir='ltr'><strong>τὸν</strong></span> 
     </span>
    </p>
   </div>
   <div class='ocr_carea' id='block_1_40' title="bbox 194 2841 1781 2919">
    <p class='ocr_par' dir='ltr' id='par_1_40' title="bbox 194 2841 1781 2919">
     <span class='ocr_line' id='line_1_40' title="bbox 194 2841 1781 2919; baseline 0.004 -26"><span class='ocrx_word' id='word_1_331' title='bbox 194 2841 628 2911; x_wconf 78' lang='grc' dir='ltr'><strong>συνεζευγμένον</strong></span> <span class='ocrx_word' id='word_1_332' title='bbox 663 2844 729 2912; x_wconf 85' lang='grc' dir='ltr'><strong>τῇ</strong></span> <span class='ocrx_word' id='word_1_333' title='bbox 760 2844 925 2914; x_wconf 74' lang='grc' dir='ltr'><strong>σαρκὶ</strong></span> <span class='ocrx_word' id='word_1_334' title='bbox 958 2843 1147 2914; x_wconf 82' lang='grc' dir='ltr'><strong>ῥύπον,</strong></span> <span class='ocrx_word' id='word_1_335' title='bbox 1185 2846 1361 2898; x_wconf 78' lang='grc' dir='ltr'><strong>καὶτὸ</strong></span> <span class='ocrx_word' id='word_1_336' title='bbox 1397 2847 1652 2919; x_wconf 80' lang='grc' dir='ltr'><strong>πενιχρὸν</strong></span> <span class='ocrx_word' id='word_1_337' title='bbox 1683 2848 1781 2919; x_wconf 82' lang='grc' dir='ltr'><strong>τῆς</strong></span> 
     </span>
    </p>
   </div>
   <div class='ocr_carea' id='block_1_41' title="bbox 191 2930 1782 3010">
    <p class='ocr_par' dir='ltr' id='par_1_41' title="bbox 191 2930 1782 3010">
     <span class='ocr_line' id='line_1_41' title="bbox 191 2930 1782 3010; baseline 0.004 -25"><span class='ocrx_word' id='word_1_338' title='bbox 191 2932 433 3001; x_wconf 79' lang='grc' dir='ltr'><strong>φύσεως.</strong></span> <span class='ocrx_word' id='word_1_339' title='bbox 472 2934 534 2986; x_wconf 89' lang='lat'><strong>16</strong></span> <span class='ocrx_word' id='word_1_340' title='bbox 564 2932 638 3004; x_wconf 84' lang='grc' dir='ltr'><strong>μὴ</strong></span> <span class='ocrx_word' id='word_1_341' title='bbox 670 2930 806 2989; x_wconf 82' lang='grc' dir='ltr'><strong>εἶναι</strong></span> <span class='ocrx_word' id='word_1_342' title='bbox 840 2935 1008 3006; x_wconf 82' lang='grc' dir='ltr'><strong>αὐτὴν</strong></span> <span class='ocrx_word' id='word_1_343' title='bbox 1036 2935 1284 3007; x_wconf 80' lang='grc' dir='ltr'><strong>αὐτάρκη</strong></span> <span class='ocrx_word' id='word_1_344' title='bbox 1317 2937 1385 2990; x_wconf 88' lang='grc' dir='ltr'><strong>δι’</strong></span> <span class='ocrx_word' id='word_1_345' title='bbox 1416 2939 1615 3009; x_wconf 87' lang='grc' dir='ltr'><strong>έαυτῆς</strong></span> <span class='ocrx_word' id='word_1_346' title='bbox 1647 2939 1782 3010; x_wconf 80' lang='grc' dir='ltr'><strong>πρὸς</strong></span> 
     </span>
    </p>
   </div>
   <div class='ocr_carea' id='block_1_42' title="bbox 190 3023 1782 3100">
    <p class='ocr_par' dir='ltr' id='par_1_42' title="bbox 190 3023 1782 3100">
     <span class='ocr_line' id='line_1_42' title="bbox 190 3023 1782 3100; baseline 0.004 -24"><span class='ocrx_word' id='word_1_347' title='bbox 190 3023 295 3095; x_wconf 83' lang='grc' dir='ltr'><strong>τὴν</strong></span> <span class='ocrx_word' id='word_1_348' title='bbox 330 3025 467 3077; x_wconf 83' lang='grc' dir='ltr'><strong>ἰδίαν</strong></span> <span class='ocrx_word' id='word_1_349' title='bbox 495 3024 774 3087; x_wconf 85' lang='grc' dir='ltr'><strong>σύστασιν,</strong></span> <span class='ocrx_word' id='word_1_350' title='bbox 812 3027 861 3077; x_wconf 86' lang='grc' dir='ltr'><strong>εἰ</strong></span> <span class='ocrx_word' id='word_1_351' title='bbox 898 3026 973 3097; x_wconf 82' lang='grc' dir='ltr'><strong>μὴ</strong></span> <span class='ocrx_word' id='word_1_352' title='bbox 1007 3030 1072 3097; x_wconf 81' lang='grc' dir='ltr'><strong>τῇ</strong></span> <span class='ocrx_word' id='word_1_353' title='bbox 1102 3029 1390 3100; x_wconf 73' lang='grc' dir='ltr'><strong>περιουσίᾳ</strong></span> <span class='ocrx_word' id='word_1_354' title='bbox 1420 3028 1530 3082; x_wconf 86' lang='grc' dir='ltr'><strong>τῶν</strong></span> <span class='ocrx_word' id='word_1_355' title='bbox 1572 3029 1782 3099; x_wconf 83' lang='grc' dir='ltr'><strong>ἀλόγων</strong></span> 
     </span>
    </p>
   </div>
   <div class='ocr_carea' id='block_1_43' title="bbox 1880 1833 3453 1908">
    <p class='ocr_par' dir='ltr' id='par_1_43' title="bbox 1880 1833 3453 1908">
     <span class='ocr_line' id='line_1_43' title="bbox 1880 1833 3453 1908; baseline -0.006 -15"><span class='ocrx_word' id='word_1_356' title='bbox 1880 1837 2119 1908; x_wconf 87' lang='lat' dir='ltr'><strong>scripsit.</strong></span> <span class='ocrx_word' id='word_1_357' title='bbox 2140 1835 2368 1891; x_wconf 82' lang='lat' dir='ltr'><strong>Videtur</strong></span> <span class='ocrx_word' id='word_1_358' title='bbox 2388 1836 2534 1890; x_wconf 91' lang='lat' dir='ltr'><strong>enim</strong></span> <span class='ocrx_word' id='word_1_359' title='bbox 2559 1835 2792 1888; x_wconf 86' lang='lat' dir='ltr'><strong>alterum</strong></span> <span class='ocrx_word' id='word_1_360' title='bbox 2814 1848 2941 1887; x_wconf 91' lang='lat' dir='ltr'><strong>cum</strong></span> <span class='ocrx_word' id='word_1_361' title='bbox 2966 1834 3138 1888; x_wconf 89' lang='lat' dir='ltr'><strong>altero</strong></span> <span class='ocrx_word' id='word_1_362' title='bbox 3155 1833 3453 1894; x_wconf 70' lang='lat' dir='ltr'><strong>cohaerere,</strong></span> 
     </span>
    </p>
   </div>
   <div class='ocr_carea' id='block_1_44' title="bbox 1881 1926 3458 1997">
    <p class='ocr_par' dir='ltr' id='par_1_44' title="bbox 1881 1926 3458 1997">
     <span class='ocr_line' id='line_1_44' title="bbox 1881 1926 3458 1997; baseline -0.004 -13"><span class='ocrx_word' id='word_1_363' title='bbox 1881 1944 1946 1984; x_wconf 87' lang='lat' dir='ltr'><strong>ac</strong></span> <span class='ocrx_word' id='word_1_364' title='bbox 1990 1930 2156 1985; x_wconf 91' lang='lat' dir='ltr'><strong>veluti</strong></span> <span class='ocrx_word' id='word_1_365' title='bbox 2192 1938 2424 1983; x_wconf 89' lang='lat' dir='ltr'><strong>matrem</strong></span> <span class='ocrx_word' id='word_1_366' title='bbox 2460 1926 2754 1997; x_wconf 85' lang='lat' dir='ltr'><strong>quamdam</strong></span> <span class='ocrx_word' id='word_1_367' title='bbox 2795 1928 2916 1995; x_wconf 89' lang='lat' dir='ltr'><strong>ejus</strong></span> <span class='ocrx_word' id='word_1_368' title='bbox 2958 1929 3048 1995; x_wconf 92' lang='lat' dir='ltr'><strong>qui</strong></span> <span class='ocrx_word' id='word_1_369' title='bbox 3081 1927 3228 1980; x_wconf 89' lang='lat' dir='ltr'><strong>circa</strong></span> <span class='ocrx_word' id='word_1_370' title='bbox 3262 1926 3458 1980; x_wconf 90' lang='lat' dir='ltr'><strong>lenita-</strong></span> 
     </span>
    </p>
   </div>
   <div class='ocr_carea' id='block_1_45' title="bbox 1879 2017 3460 2084">
    <p class='ocr_par' dir='ltr' id='par_1_45' title="bbox 1879 2017 3460 2084">
     <span class='ocr_line' id='line_1_45' title="bbox 1879 2017 3460 2084; baseline -0.004 -8"><span class='ocrx_word' id='word_1_371' title='bbox 1879 2030 1987 2078; x_wconf 87' lang='lat' dir='ltr'><strong>tem</strong></span> <span class='ocrx_word' id='word_1_372' title='bbox 2017 2029 2288 2084; x_wconf 81' lang='lat' dir='ltr'><strong>versatur,</strong></span> <span class='ocrx_word' id='word_1_373' title='bbox 2315 2020 2565 2084; x_wconf 85' lang='lat' dir='ltr'><strong>babitus,</strong></span> <span class='ocrx_word' id='word_1_374' title='bbox 2594 2033 2719 2073; x_wconf 89' lang='lat' dir='ltr'><strong>esse</strong></span> <span class='ocrx_word' id='word_1_375' title='bbox 2744 2018 2913 2072; x_wconf 88' lang='lat' dir='ltr'><strong>animi</strong></span> <span class='ocrx_word' id='word_1_376' title='bbox 2943 2017 3299 2073; x_wconf 89' lang='lat' dir='ltr'><strong>demissionis</strong></span> <span class='ocrx_word' id='word_1_377' title='bbox 3330 2034 3460 2071; x_wconf 80' lang='lat' dir='ltr'><strong>con—</strong></span> 
     </span>
    </p>
   </div>
   <div class='ocr_carea' id='block_1_46' title="bbox 1881 2109 3463 2184">
    <p class='ocr_par' dir='ltr' id='par_1_46' title="bbox 1881 2109 3463 2184">
     <span class='ocr_line' id='line_1_46' title="bbox 1881 2109 3463 2184; baseline -0.006 -12"><span class='ocrx_word' id='word_1_378' title='bbox 1881 2116 2216 2172; x_wconf 90' lang='lat' dir='ltr'><strong>stitutionem</strong></span> <span class='ocrx_word' id='word_1_379' title='bbox 2244 2121 2407 2184; x_wconf 89' lang='lat' dir='ltr'><strong>atque</strong></span> <span class='ocrx_word' id='word_1_380' title='bbox 2429 2111 2904 2182; x_wconf 82' lang='lat' dir='ltr'><strong>tranquillitatem.</strong></span> <span class='ocrx_word' id='word_1_381' title='bbox 2931 2109 3062 2164; x_wconf 82' lang='lat' dir='ltr'><strong>Nam</strong></span> <span class='ocrx_word' id='word_1_382' title='bbox 3094 2112 3139 2165; x_wconf 91' lang='lat' dir='ltr'><strong>si</strong></span> <span class='ocrx_word' id='word_1_383' title='bbox 3173 2126 3237 2164; x_wconf 80' lang='lat' dir='ltr'><strong>ex</strong></span> <span class='ocrx_word' id='word_1_384' title='bbox 3271 2110 3463 2164; x_wconf 82' lang='lat' dir='ltr'><strong>anin-o</strong></span> 
     </span>
    </p>
   </div>
   <div class='ocr_carea' id='block_1_47' title="bbox 1882 2201 3455 2279">
    <p class='ocr_par' dir='ltr' id='par_1_47' title="bbox 1882 2201 3455 2279">
     <span class='ocr_line' id='line_1_47' title="bbox 1882 2201 3455 2279; baseline -0.007 -15"><span class='ocrx_word' id='word_1_385' title='bbox 1882 2207 2196 2279; x_wconf 88' lang='lat' dir='ltr'><strong>superbiam</strong></span> <span class='ocrx_word' id='word_1_386' title='bbox 2224 2205 2520 2264; x_wconf 80' lang='lat' dir='ltr'><strong>exemeris.</strong></span> <span class='ocrx_word' id='word_1_387' title='bbox 2538 2203 2887 2258; x_wconf 88' lang='lat' dir='ltr'><strong>occasionem</strong></span> <span class='ocrx_word' id='word_1_388' title='bbox 2913 2202 3233 2256; x_wconf 89' lang='lat' dir='ltr'><strong>innascendi</strong></span> <span class='ocrx_word' id='word_1_389' title='bbox 3261 2201 3455 2254; x_wconf 83' lang='lat' dir='ltr'><strong>vitium</strong></span> 
     </span>
    </p>
   </div>
   <div class='ocr_carea' id='block_1_48' title="bbox 1882 2293 3459 2363">
    <p class='ocr_par' dir='ltr' id='par_1_48' title="bbox 1882 2293 3459 2363">
     <span class='ocr_line' id='line_1_48' title="bbox 1882 2293 3459 2363; baseline -0.006 -8"><span class='ocrx_word' id='word_1_390' title='bbox 1882 2299 2181 2356; x_wconf 75' lang='lat' dir='ltr'><strong>iracundiae</strong></span> <span class='ocrx_word' id='word_1_391' title='bbox 2214 2313 2322 2352; x_wconf 92' lang='lat' dir='ltr'><strong>non</strong></span> <span class='ocrx_word' id='word_1_392' title='bbox 2354 2296 2597 2351; x_wconf 89' lang='lat' dir='ltr'><strong>habebit.</strong></span> <span class='ocrx_word' id='word_1_393' title='bbox 2627 2294 2971 2349; x_wconf 88' lang='lat' dir='ltr'><strong>Contumelia</strong></span> <span class='ocrx_word' id='word_1_394' title='bbox 3002 2294 3147 2349; x_wconf 89' lang='lat' dir='ltr'><strong>enim</strong></span> <span class='ocrx_word' id='word_1_395' title='bbox 3197 2302 3251 2347; x_wconf 91' lang='lat' dir='ltr'><strong>et</strong></span> <span class='ocrx_word' id='word_1_396' title='bbox 3303 2293 3459 2363; x_wconf 77' lang='lat' dir='ltr'><strong>igno-</strong></span> 
     </span>
    </p>
   </div>
   <div class='ocr_carea' id='block_1_49' title="bbox 1882 2383 3455 2445">
    <p class='ocr_par' dir='ltr' id='par_1_49' title="bbox 1882 2383 3455 2445">
     <span class='ocr_line' id='line_1_49' title="bbox 1882 2383 3455 2445; baseline -0.006 0"><span class='ocrx_word' id='word_1_397' title='bbox 1882 2391 2049 2445; x_wconf 90' lang='lat' dir='ltr'><strong>minia</strong></span> <span class='ocrx_word' id='word_1_398' title='bbox 2079 2389 2206 2444; x_wconf 86' lang='lat' dir='ltr'><strong>talis</strong></span> <span class='ocrx_word' id='word_1_399' title='bbox 2240 2387 2573 2443; x_wconf 84' lang='lat' dir='ltr'><strong>inﬁrmitatis</strong></span> <span class='ocrx_word' id='word_1_400' title='bbox 2614 2384 2981 2441; x_wconf 80' lang='lat' dir='ltr'><strong>iraseentibus</strong></span> <span class='ocrx_word' id='word_1_401' title='bbox 3015 2398 3181 2437; x_wconf 87' lang='lat' dir='ltr'><strong>causa</strong></span> <span class='ocrx_word' id='word_1_402' title='bbox 3212 2383 3455 2438; x_wconf 85' lang='lat' dir='ltr'><strong>exsistit.</strong></span> 
     </span>
    </p>
   </div>
   <div class='ocr_carea' id='block_1_50' title="bbox 1883 2474 3459 2552">
    <p class='ocr_par' dir='ltr' id='par_1_50' title="bbox 1883 2474 3459 2552">
     <span class='ocr_line' id='line_1_50' title="bbox 1883 2474 3459 2552; baseline -0.004 -16"><span class='ocrx_word' id='word_1_403' title='bbox 1883 2480 2186 2552; x_wconf 86' lang='lat' dir='ltr'><strong>Ignominia</strong></span> <span class='ocrx_word' id='word_1_404' title='bbox 2219 2486 2401 2533; x_wconf 84' lang='lat' dir='ltr'><strong>autem</strong></span> <span class='ocrx_word' id='word_1_405' title='bbox 2437 2493 2544 2534; x_wconf 93' lang='lat' dir='ltr'><strong>non</strong></span> <span class='ocrx_word' id='word_1_406' title='bbox 2576 2488 2824 2532; x_wconf 86' lang='lat' dir='ltr'><strong>movetur</strong></span> <span class='ocrx_word' id='word_1_407' title='bbox 2878 2475 2924 2529; x_wconf 90' lang='lat' dir='ltr'><strong>is</strong></span> <span class='ocrx_word' id='word_1_408' title='bbox 2973 2475 3064 2544; x_wconf 86' lang='lat' dir='ltr'><strong>qui</strong></span> <span class='ocrx_word' id='word_1_409' title='bbox 3114 2490 3234 2528; x_wconf 88' lang='lat' dir='ltr'><strong>sese</strong></span> <span class='ocrx_word' id='word_1_410' title='bbox 3289 2474 3459 2529; x_wconf 89' lang='lat' dir='ltr'><strong>animi</strong></span> 
     </span>
    </p>
   </div>
   <div class='ocr_carea' id='block_1_51' title="bbox 1884 2568 3461 2638">
    <p class='ocr_par' dir='ltr' id='par_1_51' title="bbox 1884 2568 3461 2638">
     <span class='ocr_line' id='line_1_51' title="bbox 1884 2568 3461 2638; baseline -0.006 -8"><span class='ocrx_word' id='word_1_411' title='bbox 1884 2575 2221 2631; x_wconf 90' lang='lat' dir='ltr'><strong>demissione</strong></span> <span class='ocrx_word' id='word_1_412' title='bbox 2247 2572 2582 2627; x_wconf 82' lang='lat' dir='ltr'><strong>moderatur.</strong></span> <span class='ocrx_word' id='word_1_413' title='bbox 2628 2570 2763 2624; x_wconf 82' lang='lat' dir='ltr'><strong>Nam</strong></span> <span class='ocrx_word' id='word_1_414' title='bbox 2812 2568 2857 2622; x_wconf 92' lang='lat' dir='ltr'><strong>si</strong></span> <span class='ocrx_word' id='word_1_415' title='bbox 2905 2569 3030 2638; x_wconf 85' lang='lat' dir='ltr'><strong>quis</strong></span> <span class='ocrx_word' id='word_1_416' title='bbox 3077 2569 3461 2638; x_wconf 86' lang='lat' dir='ltr'><strong>cogitationem</strong></span> 
     </span>
    </p>
   </div>
   <div class='ocr_carea' id='block_1_52' title="bbox 1885 2659 3468 2732">
    <p class='ocr_par' dir='ltr' id='par_1_52' title="bbox 1885 2659 3468 2732">
     <span class='ocr_line' id='line_1_52' title="bbox 1885 2659 3468 2732; baseline -0.007 -10"><span class='ocrx_word' id='word_1_417' title='bbox 1885 2668 1955 2722; x_wconf 92' lang='lat' dir='ltr'><strong>ab</strong></span> <span class='ocrx_word' id='word_1_418' title='bbox 1988 2666 2229 2721; x_wconf 80' lang='lat' dir='ltr'><strong>humana</strong></span> <span class='ocrx_word' id='word_1_419' title='bbox 2260 2663 2453 2718; x_wconf 74' lang='lat' dir='ltr'><strong>fraude</strong></span> <span class='ocrx_word' id='word_1_420' title='bbox 2480 2677 2704 2717; x_wconf 81' lang='lat' dir='ltr'><strong>vacuam</strong></span> <span class='ocrx_word' id='word_1_421' title='bbox 2733 2678 2797 2717; x_wconf 90' lang='lat' dir='ltr'><strong>ac</strong></span> <span class='ocrx_word' id='word_1_422' title='bbox 2820 2676 3011 2732; x_wconf 80' lang='lat' dir='ltr'><strong>puram</strong></span> <span class='ocrx_word' id='word_1_423' title='bbox 3049 2660 3276 2722; x_wconf 86' lang='lat' dir='ltr'><strong>habeat,</strong></span> <span class='ocrx_word' id='word_1_424' title='bbox 3308 2668 3361 2713; x_wconf 94' lang='lat' dir='ltr'><strong>et</strong></span> <span class='ocrx_word' id='word_1_425' title='bbox 3387 2659 3468 2711; x_wconf 83' lang='lat' dir='ltr'><strong>vi-</strong></span> 
     </span>
    </p>
   </div>
   <div class='ocr_carea' id='block_1_53' title="bbox 1885 2751 3463 2825">
    <p class='ocr_par' dir='ltr' id='par_1_53' title="bbox 1885 2751 3463 2825">
     <span class='ocr_line' id='line_1_53' title="bbox 1885 2751 3463 2825; baseline -0.007 -11"><span class='ocrx_word' id='word_1_426' title='bbox 1885 2760 2093 2814; x_wconf 90' lang='lat' dir='ltr'><strong>litatem</strong></span> <span class='ocrx_word' id='word_1_427' title='bbox 2124 2764 2369 2820; x_wconf 66' lang='lat' dir='ltr'><strong>natura),</strong></span> <span class='ocrx_word' id='word_1_428' title='bbox 2399 2770 2565 2825; x_wconf 89' lang='lat' dir='ltr'><strong>quam</strong></span> <span class='ocrx_word' id='word_1_429' title='bbox 2596 2754 2826 2825; x_wconf 83' lang='lat' dir='ltr'><strong>adeptus</strong></span> <span class='ocrx_word' id='word_1_430' title='bbox 2852 2760 2937 2808; x_wconf 91' lang='lat' dir='ltr'><strong>est</strong></span> <span class='ocrx_word' id='word_1_431' title='bbox 2958 2793 2973 2814; x_wconf 90' lang='lat'><strong>.</strong></span> <span class='ocrx_word' id='word_1_432' title='bbox 3002 2759 3225 2814; x_wconf 89' lang='lat' dir='ltr'><strong>cernat,</strong></span> <span class='ocrx_word' id='word_1_433' title='bbox 3252 2756 3293 2804; x_wconf 69' lang='lat' dir='ltr'><strong>a‘</strong></span> <span class='ocrx_word' id='word_1_434' title='bbox 3313 2751 3463 2821; x_wconf 88' lang='lat' dir='ltr'><strong>quali</strong></span> 
     </span>
    </p>
   </div>
   <div class='ocr_carea' id='block_1_54' title="bbox 1887 2844 3465 2913">
    <p class='ocr_par' dir='ltr' id='par_1_54' title="bbox 1887 2844 3465 2913">
     <span class='ocr_line' id='line_1_54' title="bbox 1887 2844 3465 2913; baseline -0.008 -6"><span class='ocrx_word' id='word_1_435' title='bbox 1887 2851 2045 2907; x_wconf 92' lang='lat' dir='ltr'><strong>initio</strong></span> <span class='ocrx_word' id='word_1_436' title='bbox 2076 2856 2230 2903; x_wconf 88' lang='lat' dir='ltr'><strong>ortus</strong></span> <span class='ocrx_word' id='word_1_437' title='bbox 2263 2846 2371 2910; x_wconf 89' lang='lat' dir='ltr'><strong>sit,</strong></span> <span class='ocrx_word' id='word_1_438' title='bbox 2405 2854 2460 2900; x_wconf 91' lang='lat' dir='ltr'><strong>et</strong></span> <span class='ocrx_word' id='word_1_439' title='bbox 2499 2847 2553 2900; x_wconf 92' lang='lat' dir='ltr'><strong>in</strong></span> <span class='ocrx_word' id='word_1_440' title='bbox 2589 2862 2751 2911; x_wconf 89' lang='lat' dir='ltr'><strong>quem</strong></span> <span class='ocrx_word' id='word_1_441' title='bbox 2789 2845 2951 2900; x_wconf 82' lang='lat' dir='ltr'><strong>tinem</strong></span> <span class='ocrx_word' id='word_1_442' title='bbox 2986 2844 3153 2913; x_wconf 87' lang='lat' dir='ltr'><strong>hujus</strong></span> <span class='ocrx_word' id='word_1_443' title='bbox 3186 2844 3310 2897; x_wconf 77' lang='lat' dir='ltr'><strong>vitae</strong></span> <span class='ocrx_word' id='word_1_444' title='bbox 3337 2844 3465 2897; x_wconf 85' lang='lat' dir='ltr'><strong>bre-</strong></span> 
     </span>
    </p>
   </div>
   <div class='ocr_carea' id='block_1_55' title="bbox 1887 2935 3466 3013">
    <p class='ocr_par' dir='ltr' id='par_1_55' title="bbox 1887 2935 3466 3013">
     <span class='ocr_line' id='line_1_55' title="bbox 1887 2935 3466 3013; baseline -0.005 -16"><span class='ocrx_word' id='word_1_445' title='bbox 1887 2944 1971 2998; x_wconf 90' lang='lat' dir='ltr'><strong>vis</strong></span> <span class='ocrx_word' id='word_1_446' title='bbox 2002 2942 2184 3013; x_wconf 80' lang='lat' dir='ltr'><strong>ﬂuxus</strong></span> <span class='ocrx_word' id='word_1_447' title='bbox 2212 2946 2376 3008; x_wconf 90' lang='lat' dir='ltr'><strong>atque</strong></span> <span class='ocrx_word' id='word_1_448' title='bbox 2407 2952 2605 2992; x_wconf 86' lang='lat' dir='ltr'><strong>cursus</strong></span> <span class='ocrx_word' id='word_1_449' title='bbox 2627 2936 2815 2991; x_wconf 85' lang='lat' dir='ltr'><strong>tendat</strong></span> <span class='ocrx_word' id='word_1_450' title='bbox 2836 2975 2850 2999; x_wconf 91' lang='lat'><strong>,</strong></span> <span class='ocrx_word' id='word_1_451' title='bbox 2884 2945 2936 2990; x_wconf 90' lang='lat' dir='ltr'><strong>et</strong></span> <span class='ocrx_word' id='word_1_452' title='bbox 2961 2937 3114 2989; x_wconf 75' lang='lat' dir='ltr'><strong>carni</strong></span> <span class='ocrx_word' id='word_1_453' title='bbox 3138 2935 3466 3002; x_wconf 69' lang='lat' dir='ltr'><strong>conjuncta!</strong></span> 
     </span>
    </p>
   </div>
   <div class='ocr_carea' id='block_1_56' title="bbox 1890 3028 3468 3100">
    <p class='ocr_par' dir='ltr' id='par_1_56' title="bbox 1890 3028 3468 3100">
     <span class='ocr_line' id='line_1_56' title="bbox 1890 3028 3468 3100; baseline -0.008 -8"><span class='ocrx_word' id='word_1_454' title='bbox 1890 3036 2119 3100; x_wconf 88' lang='lat' dir='ltr'><strong>sordes,</strong></span> <span class='ocrx_word' id='word_1_455' title='bbox 2150 3040 2471 3099; x_wconf 85' lang='lat' dir='ltr'><strong>naturaeque</strong></span> <span class='ocrx_word' id='word_1_456' title='bbox 2498 3029 2774 3100; x_wconf 91' lang='lat' dir='ltr'><strong>inopiam,</strong></span> <span class='ocrx_word' id='word_1_457' title='bbox 2804 3028 2948 3098; x_wconf 92' lang='lat' dir='ltr'><strong>quod</strong></span> <span class='ocrx_word' id='word_1_458' title='bbox 2981 3043 3045 3083; x_wconf 90' lang='lat' dir='ltr'><strong>ea</strong></span> <span class='ocrx_word' id='word_1_459' title='bbox 3081 3028 3340 3081; x_wconf 89' lang='lat' dir='ltr'><strong>nimirum</strong></span> <span class='ocrx_word' id='word_1_460' title='bbox 3372 3041 3468 3096; x_wconf 92' lang='lat' dir='ltr'><strong>per</strong></span> 
     </span>
    </p>
   </div>
   <div class='ocr_carea' id='block_1_57' title="bbox 191 3116 1781 3195">
    <p class='ocr_par' dir='ltr' id='par_1_57' title="bbox 191 3116 1781 3190">
     <span class='ocr_line' id='line_1_57' title="bbox 191 3116 1781 3190; baseline 0.005 -23"><span class='ocrx_word' id='word_1_461' title='bbox 191 3116 257 3168; x_wconf 87' lang='lat'><strong>16</strong></span> <span class='ocrx_word' id='word_1_462' title='bbox 278 3116 455 3169; x_wconf 77' lang='grc' dir='ltr'><strong>ἐνδέον</strong></span> <span class='ocrx_word' id='word_1_463' title='bbox 484 3116 931 3187; x_wconf 87' lang='grc' dir='ltr'><strong>ἀναπληρώσειεν</strong></span> <span class='ocrx_word' id='word_1_464' title='bbox 953 3135 966 3149; x_wconf 83' lang='grc'><em>’</em></span> <span class='ocrx_word' id='word_1_465' title='bbox 994 3119 1169 3182; x_wconf 87' lang='grc' dir='ltr'><strong>λύπας</strong></span> <span class='ocrx_word' id='word_1_466' title='bbox 1198 3137 1258 3172; x_wconf 88' lang='grc' dir='ltr'><strong>τε</strong></span> <span class='ocrx_word' id='word_1_467' title='bbox 1291 3122 1426 3190; x_wconf 68' lang='grc' dir='ltr'><strong>πρὸς</strong></span> <span class='ocrx_word' id='word_1_468' title='bbox 1450 3120 1660 3185; x_wconf 89' lang='grc' dir='ltr'><strong>τούτοις</strong></span> <span class='ocrx_word' id='word_1_469' title='bbox 1688 3122 1781 3175; x_wconf 78' lang='grc' dir='ltr'><strong>καὶ</strong></span> 
     </span>
    </p>
   </div>
   <div class='ocr_carea' id='block_1_58' title="bbox 1890 3116 3465 3195">
    <p class='ocr_par' dir='ltr' id='par_1_58' title="bbox 1890 3118 3465 3183">
     <span class='ocr_line' id='line_1_58' title="bbox 1890 3118 3465 3183; baseline -0.008 0"><span class='ocrx_word' id='word_1_470' title='bbox 1890 3142 2009 3183; x_wconf 89' lang='lat' dir='ltr'><strong>sese</strong></span> <span class='ocrx_word' id='word_1_471' title='bbox 2043 3124 2317 3178; x_wconf 81' lang='lat' dir='ltr'><strong>sufﬁciens</strong></span> <span class='ocrx_word' id='word_1_472' title='bbox 2354 3138 2461 3176; x_wconf 93' lang='lat' dir='ltr'><strong>non</strong></span> <span class='ocrx_word' id='word_1_473' title='bbox 2495 3121 2566 3175; x_wconf 89' lang='lat' dir='ltr'><strong>sit</strong></span> <span class='ocrx_word' id='word_1_474' title='bbox 2599 3120 2667 3174; x_wconf 90' lang='lat' dir='ltr'><strong>ad</strong></span> <span class='ocrx_word' id='word_1_475' title='bbox 2702 3120 2785 3176; x_wconf 89' lang='lat' dir='ltr'><strong>sui</strong></span> <span class='ocrx_word' id='word_1_476' title='bbox 2820 3119 3291 3173; x_wconf 86' lang='lat' dir='ltr'><strong>conservationem</strong></span> <span class='ocrx_word' id='word_1_477' title='bbox 3313 3157 3327 3179; x_wconf 92' lang='lat'><strong>,</strong></span> <span class='ocrx_word' id='word_1_478' title='bbox 3361 3118 3465 3171; x_wconf 92' lang='lat' dir='ltr'><strong>nisi</strong></span> 
     </span>
    </p>
   </div>
   <div class='ocr_carea' id='block_1_59' title="bbox 194 3206 1781 3282">
    <p class='ocr_par' dir='ltr' id='par_1_59' title="bbox 194 3206 1781 3282">
     <span class='ocr_line' id='line_1_59' title="bbox 194 3206 1781 3282; baseline 0.002 -20"><span class='ocrx_word' id='word_1_479' title='bbox 194 3206 370 3278; x_wconf 82' lang='grc' dir='ltr'><strong>πένθη</strong></span> <span class='ocrx_word' id='word_1_480' title='bbox 416 3209 512 3260; x_wconf 66' lang='grc' dir='ltr'><strong>καὶ</strong></span> <span class='ocrx_word' id='word_1_481' title='bbox 549 3208 855 3280; x_wconf 75' lang='grc' dir='ltr'><strong>συμφοράς,</strong></span> <span class='ocrx_word' id='word_1_482' title='bbox 896 3210 992 3273; x_wconf 86' lang='grc' dir='ltr'><strong>τάς</strong></span> <span class='ocrx_word' id='word_1_483' title='bbox 1034 3228 1093 3263; x_wconf 88' lang='grc' dir='ltr'><strong>τε</strong></span> <span class='ocrx_word' id='word_1_484' title='bbox 1144 3212 1514 3282; x_wconf 87' lang='grc' dir='ltr'><strong>πολυτρόπους</strong></span> <span class='ocrx_word' id='word_1_485' title='bbox 1553 3213 1660 3266; x_wconf 84' lang='grc' dir='ltr'><strong>τῶν</strong></span> <span class='ocrx_word' id='word_1_486' title='bbox 1695 3229 1781 3265; x_wconf 93' lang='grc' dir='ltr'><strong>νο-</strong></span> 
     </span>
    </p>
   </div>
   <div class='ocr_carea' id='block_1_60' title="bbox 194 3295 1781 3375">
    <p class='ocr_par' dir='ltr' id='par_1_60' title="bbox 194 3295 1781 3375">
     <span class='ocr_line' id='line_1_60' title="bbox 194 3295 1781 3375; baseline 0.004 -23"><span class='ocrx_word' id='word_1_487' title='bbox 194 3301 461 3369; x_wconf 86' lang='grc' dir='ltr'><strong>σημάτων</strong></span> <span class='ocrx_word' id='word_1_488' title='bbox 495 3300 660 3364; x_wconf 89' lang='grc' dir='ltr'><strong>ἰδέας,</strong></span> <span class='ocrx_word' id='word_1_489' title='bbox 693 3295 779 3365; x_wconf 81' lang='grc' dir='ltr'><strong>αἷς</strong></span> <span class='ocrx_word' id='word_1_490' title='bbox 814 3301 1099 3356; x_wconf 82' lang='grc' dir='ltr'><strong>ὑπόκειται</strong></span> <span class='ocrx_word' id='word_1_491' title='bbox 1133 3305 1170 3374; x_wconf 84' lang='grc' dir='ltr'><strong>ή</strong></span> <span class='ocrx_word' id='word_1_492' title='bbox 1199 3304 1514 3375; x_wconf 85' lang='grc' dir='ltr'><strong>ἀνθρωπίνη</strong></span> <span class='ocrx_word' id='word_1_493' title='bbox 1542 3304 1676 3373; x_wconf 75' lang='grc' dir='ltr'><strong>ζωὴ,</strong></span> <span class='ocrx_word' id='word_1_494' title='bbox 1705 3298 1781 3359; x_wconf 81' lang='grc' dir='ltr'><strong>ὧν</strong></span> 
     </span>
    </p>
   </div>
   <div class='ocr_carea' id='block_1_61' title="bbox 193 3390 1779 3466">
    <p class='ocr_par' dir='ltr' id='par_1_61' title="bbox 193 3390 1779 3466">
     <span class='ocr_line' id='line_1_61' title="bbox 193 3390 1779 3466; baseline 0.004 -22"><span class='ocrx_word' id='word_1_495' title='bbox 193 3392 299 3444; x_wconf 79' lang='grc' dir='ltr'><strong>οὐκ</strong></span> <span class='ocrx_word' id='word_1_496' title='bbox 343 3390 487 3444; x_wconf 77' lang='grc' dir='ltr'><strong>ἔστιν</strong></span> <span class='ocrx_word' id='word_1_497' title='bbox 524 3392 673 3453; x_wconf 85' lang='grc' dir='ltr'><strong>ὅστις</strong></span> <span class='ocrx_word' id='word_1_498' title='bbox 712 3393 777 3445; x_wconf 84' lang='grc' dir='ltr'><strong>ὲκ</strong></span> <span class='ocrx_word' id='word_1_499' title='bbox 809 3392 1022 3460; x_wconf 84' lang='grc' dir='ltr'><strong>φύσεως</strong></span> <span class='ocrx_word' id='word_1_500' title='bbox 1059 3394 1254 3466; x_wconf 88' lang='grc' dir='ltr'><strong>ἀτελής</strong></span> <span class='ocrx_word' id='word_1_501' title='bbox 1288 3399 1403 3448; x_wconf 79' lang='grc' dir='ltr'><strong>ἐστι</strong></span> <span class='ocrx_word' id='word_1_502' title='bbox 1441 3397 1534 3449; x_wconf 74' lang='grc' dir='ltr'><strong>καὶ</strong></span> <span class='ocrx_word' id='word_1_503' title='bbox 1566 3395 1779 3450; x_wconf 75' lang='grc' dir='ltr'><strong>ἐλεύθε-</strong></span> 
     </span>
    </p>
   </div>
   <div class='ocr_carea' id='block_1_62' title="bbox 200 3481 1784 3559">
    <p class='ocr_par' dir='ltr' id='par_1_62' title="bbox 200 3481 1784 3559">
     <span class='ocr_line' id='line_1_62' title="bbox 200 3481 1784 3559; baseline 0.003 -24"><span class='ocrx_word' id='word_1_504' title='bbox 200 3499 317 3554; x_wconf 87' lang='grc' dir='ltr'><strong>ρος.</strong></span> <span class='ocrx_word' id='word_1_505' title='bbox 345 3481 531 3535; x_wconf 86' lang='grc' dir='ltr'><strong>Ταῦτα</strong></span> <span class='ocrx_word' id='word_1_506' title='bbox 554 3484 618 3535; x_wconf 88' lang='grc' dir='ltr'><strong>δι’</strong></span> <span class='ocrx_word' id='word_1_507' title='bbox 651 3482 935 3555; x_wconf 77' lang='grc' dir='ltr'><strong>ἀκριϐείας</strong></span> <span class='ocrx_word' id='word_1_508' title='bbox 962 3486 1358 3557; x_wconf 83' lang='grc' dir='ltr'><strong>κεκαθαρμένῳ</strong></span> <span class='ocrx_word' id='word_1_509' title='bbox 1386 3487 1462 3558; x_wconf 81' lang='grc' dir='ltr'><strong>τῷ</strong></span> <span class='ocrx_word' id='word_1_510' title='bbox 1487 3488 1588 3557; x_wconf 86' lang='grc' dir='ltr'><strong>τῆς</strong></span> <span class='ocrx_word' id='word_1_511' title='bbox 1605 3488 1784 3559; x_wconf 84' lang='grc' dir='ltr'><strong>ψυχῆς</strong></span> 
     </span>
    </p>
   </div>
   <div class='ocr_carea' id='block_1_63' title="bbox 195 3573 1784 3649">
    <p class='ocr_par' dir='ltr' id='par_1_63' title="bbox 195 3573 1784 3649">
     <span class='ocr_line' id='line_1_63' title="bbox 195 3573 1784 3649; baseline 0.004 -23"><span class='ocrx_word' id='word_1_512' title='bbox 195 3573 465 3644; x_wconf 81' lang='grc' dir='ltr'><strong>ὀφθαλμῷ</strong></span> <span class='ocrx_word' id='word_1_513' title='bbox 503 3574 741 3644; x_wconf 81' lang='grc' dir='ltr'><strong>βλέπων,</strong></span> <span class='ocrx_word' id='word_1_514' title='bbox 779 3576 879 3628; x_wconf 80' lang='grc' dir='ltr'><strong>οὐκ</strong></span> <span class='ocrx_word' id='word_1_515' title='bbox 918 3576 985 3628; x_wconf 81' lang='grc' dir='ltr'><strong>ἂν</strong></span> <span class='ocrx_word' id='word_1_516' title='bbox 1027 3576 1224 3647; x_wconf 80' lang='grc' dir='ltr'><strong>ῥᾳδίως</strong></span> <span class='ocrx_word' id='word_1_517' title='bbox 1258 3578 1395 3649; x_wconf 79' lang='grc' dir='ltr'><strong>πρὸς</strong></span> <span class='ocrx_word' id='word_1_518' title='bbox 1424 3579 1524 3642; x_wconf 83' lang='grc' dir='ltr'><strong>τὰς</strong></span> <span class='ocrx_word' id='word_1_519' title='bbox 1554 3579 1663 3633; x_wconf 87' lang='grc' dir='ltr'><strong>τῶν</strong></span> <span class='ocrx_word' id='word_1_520' title='bbox 1698 3596 1784 3632; x_wconf 87' lang='grc' dir='ltr'><strong>τι-</strong></span> 
     </span>
    </p>
   </div>
   <div class='ocr_carea' id='block_1_64' title="bbox 202 3666 1783 3742">
    <p class='ocr_par' dir='ltr' id='par_1_64' title="bbox 202 3666 1783 3742">
     <span class='ocr_line' id='line_1_64' title="bbox 202 3666 1783 3742; baseline 0.004 -25"><span class='ocrx_word' id='word_1_521' title='bbox 202 3667 325 3737; x_wconf 76' lang='grc' dir='ltr'><strong>μῶν</strong></span> <span class='ocrx_word' id='word_1_522' title='bbox 370 3666 636 3736; x_wconf 67' lang='grc' dir='ltr'><strong>ἐλλείψεις</strong></span> <span class='ocrx_word' id='word_1_523' title='bbox 678 3667 1130 3738; x_wconf 85' lang='grc' dir='ltr'><strong>ἀγανακτήσειεν.</strong></span> <span class='ocrx_word' id='word_1_524' title='bbox 1175 3670 1249 3722; x_wconf 82' lang='grc' dir='ltr'>Τὸ</span> <span class='ocrx_word' id='word_1_525' title='bbox 1286 3671 1526 3725; x_wconf 75' lang='grc' dir='ltr'><strong>ἐναντίον</strong></span> <span class='ocrx_word' id='word_1_526' title='bbox 1555 3671 1654 3742; x_wconf 86' lang='grc' dir='ltr'><strong>μὲν</strong></span> <span class='ocrx_word' id='word_1_527' title='bbox 1691 3666 1783 3724; x_wconf 82' lang='grc' dir='ltr'><strong>οὖν</strong></span> 
     </span>
    </p>
   </div>
   <div class='ocr_carea' id='block_1_65' title="bbox 198 3758 1785 3834">
    <p class='ocr_par' dir='ltr' id='par_1_65' title="bbox 198 3758 1785 3834">
     <span class='ocr_line' id='line_1_65' title="bbox 198 3758 1785 3834; baseline 0.003 -23"><span class='ocrx_word' id='word_1_528' title='bbox 198 3758 421 3827; x_wconf 80' lang='grc' dir='ltr'><strong>ἀπάτην</strong></span> <span class='ocrx_word' id='word_1_529' title='bbox 466 3760 732 3827; x_wconf 74' lang='grc' dir='ltr'><strong>ἡγήσεται</strong></span> <span class='ocrx_word' id='word_1_530' title='bbox 774 3759 873 3829; x_wconf 81' lang='grc' dir='ltr'><strong>τὴν</strong></span> <span class='ocrx_word' id='word_1_531' title='bbox 918 3760 1009 3812; x_wconf 82' lang='grc' dir='ltr'><strong>ἐπί</strong></span> <span class='ocrx_word' id='word_1_532' title='bbox 1041 3777 1144 3813; x_wconf 88' lang='grc' dir='ltr'><strong>τινι</strong></span> <span class='ocrx_word' id='word_1_533' title='bbox 1191 3762 1605 3833; x_wconf 88' lang='grc' dir='ltr'><strong>προσαγομένην</strong></span> <span class='ocrx_word' id='word_1_534' title='bbox 1637 3762 1785 3834; x_wconf 81' lang='grc' dir='ltr'><strong>αύτῷ</strong></span> 
     </span>
    </p>
   </div>
   <div class='ocr_carea' id='block_1_66' title="bbox 200 3849 1783 3926">
    <p class='ocr_par' dir='ltr' id='par_1_66' title="bbox 200 3849 1783 3926">
     <span class='ocr_line' id='line_1_66' title="bbox 200 3849 1783 3926; baseline 0.003 -23"><span class='ocrx_word' id='word_1_535' title='bbox 200 3850 358 3921; x_wconf 81' lang='grc' dir='ltr'><strong>παρὰ</strong></span> <span class='ocrx_word' id='word_1_536' title='bbox 393 3849 489 3902; x_wconf 87' lang='grc' dir='ltr'><strong>τοῦ</strong></span> <span class='ocrx_word' id='word_1_537' title='bbox 520 3851 689 3913; x_wconf 88' lang='grc' dir='ltr'><strong>πέλας</strong></span> <span class='ocrx_word' id='word_1_538' title='bbox 726 3852 910 3923; x_wconf 74' lang='grc' dir='ltr'><strong>τιμὴν,</strong></span> <span class='ocrx_word' id='word_1_539' title='bbox 945 3854 1044 3906; x_wconf 81' lang='grc' dir='ltr'><strong>οὐκ</strong></span> <span class='ocrx_word' id='word_1_540' title='bbox 1075 3853 1226 3917; x_wconf 74' lang='grc' dir='ltr'><strong>ὄντος</strong></span> <span class='ocrx_word' id='word_1_541' title='bbox 1261 3856 1391 3925; x_wconf 75' lang='grc' dir='ltr'><strong>ἡμῖν</strong></span> <span class='ocrx_word' id='word_1_542' title='bbox 1431 3857 1489 3908; x_wconf 77' lang='grc' dir='ltr'><strong>έν</strong></span> <span class='ocrx_word' id='word_1_543' title='bbox 1519 3859 1584 3926; x_wconf 81' lang='grc' dir='ltr'><strong>τῇ</strong></span> <span class='ocrx_word' id='word_1_544' title='bbox 1625 3854 1783 3924; x_wconf 78' lang='grc' dir='ltr'><strong>φύσει</strong></span> 
     </span>
    </p>
   </div>
   <div class='ocr_carea' id='block_1_67' title="bbox 200 3940 1785 4015">
    <p class='ocr_par' dir='ltr' id='par_1_67' title="bbox 200 3940 1785 4015">
     <span class='ocr_line' id='line_1_67' title="bbox 200 3940 1785 4015; baseline 0.003 -22"><span class='ocrx_word' id='word_1_545' title='bbox 200 3940 448 3994; x_wconf 82' lang='grc' dir='ltr'><strong>τοιούτου</strong></span> <span class='ocrx_word' id='word_1_546' title='bbox 476 3940 642 4004; x_wconf 83' lang='grc' dir='ltr'><strong>τινὸς,</strong></span> <span class='ocrx_word' id='word_1_547' title='bbox 671 3940 701 3993; x_wconf 84' lang='grc' dir='ltr'><strong>ὃ</strong></span> <span class='ocrx_word' id='word_1_548' title='bbox 727 3941 953 3996; x_wconf 82' lang='grc' dir='ltr'><strong>δύναται</strong></span> <span class='ocrx_word' id='word_1_549' title='bbox 984 3943 1085 4013; x_wconf 85' lang='grc' dir='ltr'><strong>τὴν</strong></span> <span class='ocrx_word' id='word_1_550' title='bbox 1121 3944 1256 4014; x_wconf 79' lang='grc' dir='ltr'><strong>πρὸς</strong></span> <span class='ocrx_word' id='word_1_551' title='bbox 1296 3944 1357 3996; x_wconf 86' lang='lat'><strong>16</strong></span> <span class='ocrx_word' id='word_1_552' title='bbox 1384 3944 1564 4015; x_wconf 86' lang='grc' dir='ltr'><strong>τίμιον</strong></span> <span class='ocrx_word' id='word_1_553' title='bbox 1596 3962 1785 3997; x_wconf 86' lang='grc' dir='ltr'><strong>κοινω-</strong></span> 
     </span>
    </p>
   </div>
   <div class='ocr_carea' id='block_1_68' title="bbox 201 4032 1787 4109">
    <p class='ocr_par' dir='ltr' id='par_1_68' title="bbox 201 4032 1787 4109">
     <span class='ocr_line' id='line_1_68' title="bbox 201 4032 1787 4109; baseline 0.003 -24"><span class='ocrx_word' id='word_1_554' title='bbox 201 4034 325 4085; x_wconf 87' lang='grc' dir='ltr'><strong>νίαν</strong></span> <span class='ocrx_word' id='word_1_555' title='bbox 359 4032 525 4101; x_wconf 82' lang='grc' dir='ltr'><strong>ἔχειν,</strong></span> <span class='ocrx_word' id='word_1_556' title='bbox 557 4034 607 4085; x_wconf 87' lang='grc' dir='ltr'><strong>εί</strong></span> <span class='ocrx_word' id='word_1_557' title='bbox 641 4033 715 4103; x_wconf 83' lang='grc' dir='ltr'><strong>μὴ</strong></span> <span class='ocrx_word' id='word_1_558' title='bbox 745 4034 888 4091; x_wconf 87' lang='grc' dir='ltr'><strong>κατά</strong></span> <span class='ocrx_word' id='word_1_559' title='bbox 913 4034 1092 4105; x_wconf 77' lang='grc' dir='ltr'><strong>ψυχὴν</strong></span> <span class='ocrx_word' id='word_1_560' title='bbox 1128 4035 1308 4105; x_wconf 88' lang='grc' dir='ltr'><strong>μόνον,</strong></span> <span class='ocrx_word' id='word_1_561' title='bbox 1336 4032 1405 4109; x_wconf 75' lang='grc' dir='ltr'><strong>ἦς</strong></span> <span class='ocrx_word' id='word_1_562' title='bbox 1445 4038 1478 4107; x_wconf 87' lang='grc' dir='ltr'><strong>ἠ</strong></span> <span class='ocrx_word' id='word_1_563' title='bbox 1518 4037 1652 4107; x_wconf 82' lang='grc' dir='ltr'><strong>τιμὴ</strong></span> <span class='ocrx_word' id='word_1_564' title='bbox 1686 4037 1787 4090; x_wconf 86' lang='grc' dir='ltr'><strong>οὐκ</strong></span> 
     </span>
    </p>
   </div>
   <div class='ocr_carea' id='block_1_69' title="bbox 202 4124 1787 4198">
    <p class='ocr_par' dir='ltr' id='par_1_69' title="bbox 202 4124 1787 4198">
     <span class='ocr_line' id='line_1_69' title="bbox 202 4124 1787 4198; baseline 0.002 -21"><span class='ocrx_word' id='word_1_565' title='bbox 202 4124 315 4178; x_wconf 73' lang='grc' dir='ltr'><strong>ἀπὸ</strong></span> <span class='ocrx_word' id='word_1_566' title='bbox 342 4124 450 4177; x_wconf 83' lang='grc' dir='ltr'><strong>τῶν</strong></span> <span class='ocrx_word' id='word_1_567' title='bbox 476 4124 617 4178; x_wconf 86' lang='grc' dir='ltr'><strong>κατὰ</strong></span> <span class='ocrx_word' id='word_1_568' title='bbox 637 4125 729 4177; x_wconf 82' lang='grc' dir='ltr'><strong>τὸν</strong></span> <span class='ocrx_word' id='word_1_569' title='bbox 751 4125 954 4197; x_wconf 86' lang='grc' dir='ltr'><strong>κόσμον</strong></span> <span class='ocrx_word' id='word_1_570' title='bbox 983 4126 1169 4180; x_wconf 89' lang='grc' dir='ltr'><strong>τοῦτον</strong></span> <span class='ocrx_word' id='word_1_571' title='bbox 1196 4128 1637 4198; x_wconf 75' lang='grc' dir='ltr'><strong>ἐπιζητουμένων</strong></span> <span class='ocrx_word' id='word_1_572' title='bbox 1664 4144 1787 4180; x_wconf 89' lang='grc' dir='ltr'><strong>συν-</strong></span> 
     </span>
    </p>
   </div>
   <div class='ocr_carea' id='block_1_70' title="bbox 207 4215 1787 4290">
    <p class='ocr_par' dir='ltr' id='par_1_70' title="bbox 207 4215 1787 4290">
     <span class='ocr_line' id='line_1_70' title="bbox 207 4215 1787 4290; baseline 0.003 -23"><span class='ocrx_word' id='word_1_573' title='bbox 207 4216 443 4268; x_wconf 77' lang='grc' dir='ltr'><strong>ίσταται.</strong></span> <span class='ocrx_word' id='word_1_574' title='bbox 480 4216 556 4269; x_wconf 88' lang='lat' dir='ltr'><em>T6</em></span> <span class='ocrx_word' id='word_1_575' title='bbox 596 4215 706 4288; x_wconf 86' lang='grc' dir='ltr'><strong>γὰρ</strong></span> <span class='ocrx_word' id='word_1_576' title='bbox 739 4218 832 4270; x_wconf 73' lang='grc' dir='ltr'><strong>ἐπὶ</strong></span> <span class='ocrx_word' id='word_1_577' title='bbox 865 4217 1078 4288; x_wconf 84' lang='grc' dir='ltr'><strong>πλούτῳ</strong></span> <span class='ocrx_word' id='word_1_578' title='bbox 1108 4218 1433 4289; x_wconf 80' lang='grc' dir='ltr'><strong>κομπάζειν,</strong></span> <span class='ocrx_word' id='word_1_579' title='bbox 1457 4219 1489 4290; x_wconf 82' lang='grc' dir='ltr'>ἢ</span> <span class='ocrx_word' id='word_1_580' title='bbox 1515 4219 1661 4287; x_wconf 84' lang='grc' dir='ltr'><strong>γένει</strong></span> <span class='ocrx_word' id='word_1_581' title='bbox 1699 4236 1787 4271; x_wconf 81' lang='grc' dir='ltr'><strong>σε·</strong></span> 
     </span>
    </p>
   </div>
   <div class='ocr_carea' id='block_1_71' title="bbox 207 4306 1787 4383">
    <p class='ocr_par' dir='ltr' id='par_1_71' title="bbox 207 4306 1787 4383">
     <span class='ocr_line' id='line_1_71' title="bbox 207 4306 1787 4383; baseline 0.001 -25"><span class='ocrx_word' id='word_1_582' title='bbox 207 4306 525 4377; x_wconf 86' lang='grc' dir='ltr'><strong>μνύνεσθαι,</strong></span> <span class='ocrx_word' id='word_1_583' title='bbox 556 4308 591 4379; x_wconf 77' lang='grc' dir='ltr'>ἢ</span> <span class='ocrx_word' id='word_1_584' title='bbox 626 4308 761 4378; x_wconf 80' lang='grc' dir='ltr'><strong>πρὸς</strong></span> <span class='ocrx_word' id='word_1_585' title='bbox 785 4308 942 4373; x_wconf 79' lang='grc' dir='ltr'><strong>δόξαν</strong></span> <span class='ocrx_word' id='word_1_586' title='bbox 973 4312 1125 4381; x_wconf 85' lang='grc' dir='ltr'><strong>ὁρᾷν,</strong></span> <span class='ocrx_word' id='word_1_587' title='bbox 1160 4312 1193 4383; x_wconf 79' lang='grc' dir='ltr'><strong>ἢ</strong></span> <span class='ocrx_word' id='word_1_588' title='bbox 1224 4310 1287 4362; x_wconf 86' lang='lat'><strong>16</strong></span> <span class='ocrx_word' id='word_1_589' title='bbox 1321 4311 1497 4364; x_wconf 86' lang='grc' dir='ltr'><strong>δοκεῖν</strong></span> <span class='ocrx_word' id='word_1_590' title='bbox 1528 4311 1667 4381; x_wconf 83' lang='grc' dir='ltr'><strong>ὑπὲρ</strong></span> <span class='ocrx_word' id='word_1_591' title='bbox 1698 4312 1787 4364; x_wconf 85' lang='grc' dir='ltr'><strong>τὸν</strong></span> 
     </span>
    </p>
   </div>
   <div class='ocr_carea' id='block_1_72' title="bbox 204 4393 1783 4473">
    <p class='ocr_par' dir='ltr' id='par_1_72' title="bbox 204 4393 1783 4473">
     <span class='ocr_line' id='line_1_72' title="bbox 204 4393 1783 4473; baseline 0.004 -23"><span class='ocrx_word' id='word_1_592' title='bbox 204 4397 382 4461; x_wconf 84' lang='grc' dir='ltr'><strong>πέλας</strong></span> <span class='ocrx_word' id='word_1_593' title='bbox 407 4393 565 4462; x_wconf 76' lang='grc' dir='ltr'><strong>εἶναι,</strong></span> <span class='ocrx_word' id='word_1_594' title='bbox 593 4399 661 4452; x_wconf 80' lang='grc' dir='ltr'><strong>δι’</strong></span> <span class='ocrx_word' id='word_1_595' title='bbox 688 4395 764 4453; x_wconf 84' lang='grc' dir='ltr'><strong>ὧν</strong></span> <span class='ocrx_word' id='word_1_596' title='bbox 788 4403 843 4454; x_wconf 91' lang='grc' dir='ltr'><strong>αἰ</strong></span> <span class='ocrx_word' id='word_1_597' title='bbox 879 4400 1215 4473; x_wconf 87' lang='grc' dir='ltr'><strong>ἀνθρώπιναι</strong></span> <span class='ocrx_word' id='word_1_598' title='bbox 1243 4401 1573 4473; x_wconf 79' lang='grc' dir='ltr'><strong>πληροῦνται</strong></span> <span class='ocrx_word' id='word_1_599' title='bbox 1610 4403 1783 4473; x_wconf 79' lang='grc' dir='ltr'><strong>τιμαίο</strong></span> 
     </span>
    </p>
   </div>
   <div class='ocr_carea' id='block_1_73' title="bbox 1887 3211 3469 3288">
    <p class='ocr_par' dir='ltr' id='par_1_73' title="bbox 1887 3211 3469 3288">
     <span class='ocr_line' id='line_1_73' title="bbox 1887 3211 3469 3288; baseline -0.006 -14"><span class='ocrx_word' id='word_1_600' title='bbox 1887 3220 2044 3288; x_wconf 71' lang='lat' dir='ltr'><strong>copia</strong></span> <span class='ocrx_word' id='word_1_601' title='bbox 2073 3220 2364 3273; x_wconf 90' lang='lat' dir='ltr'><strong>brutorum</strong></span> <span class='ocrx_word' id='word_1_602' title='bbox 2389 3212 2709 3268; x_wconf 86' lang='lat' dir='ltr'><strong>animalium</strong></span> <span class='ocrx_word' id='word_1_603' title='bbox 2741 3214 2990 3281; x_wconf 91' lang='lat' dir='ltr'><strong>suppleat</strong></span> <span class='ocrx_word' id='word_1_604' title='bbox 3017 3211 3070 3265; x_wconf 90' lang='lat' dir='ltr'><strong>id</strong></span> <span class='ocrx_word' id='word_1_605' title='bbox 3099 3211 3246 3280; x_wconf 92' lang='lat' dir='ltr'><strong>quod</strong></span> <span class='ocrx_word' id='word_1_606' title='bbox 3273 3211 3424 3265; x_wconf 89' lang='lat' dir='ltr'><strong>deest</strong></span> <span class='ocrx_word' id='word_1_607' title='bbox 3451 3229 3469 3264; x_wconf 87' lang='lat'>:</span> 
     </span>
    </p>
   </div>
   <div class='ocr_carea' id='block_1_74' title="bbox 1888 3301 3469 3373">
    <p class='ocr_par' dir='ltr' id='par_1_74' title="bbox 1888 3301 3469 3373">
     <span class='ocr_line' id='line_1_74' title="bbox 1888 3301 3469 3373; baseline -0.006 -8"><span class='ocrx_word' id='word_1_608' title='bbox 1888 3311 2076 3366; x_wconf 67' lang='lat' dir='ltr'><strong>adhaee</strong></span> <span class='ocrx_word' id='word_1_609' title='bbox 2098 3307 2399 3373; x_wconf 89' lang='lat' dir='ltr'><strong>molestias,</strong></span> <span class='ocrx_word' id='word_1_610' title='bbox 2432 3307 2636 3368; x_wconf 86' lang='lat' dir='ltr'><strong>luctus,</strong></span> <span class='ocrx_word' id='word_1_611' title='bbox 2668 3304 3014 3358; x_wconf 88' lang='lat' dir='ltr'><strong>calamitates</strong></span> <span class='ocrx_word' id='word_1_612' title='bbox 3040 3312 3094 3357; x_wconf 88' lang='lat' dir='ltr'><strong>et</strong></span> <span class='ocrx_word' id='word_1_613' title='bbox 3122 3301 3469 3356; x_wconf 86' lang='lat' dir='ltr'><strong>omnimodas</strong></span> 
     </span>
    </p>
   </div>
   <div class='ocr_carea' id='block_1_75' title="bbox 1888 3395 3474 3468">
    <p class='ocr_par' dir='ltr' id='par_1_75' title="bbox 1888 3395 3474 3468">
     <span class='ocr_line' id='line_1_75' title="bbox 1888 3395 3474 3468; baseline -0.008 -10"><span class='ocrx_word' id='word_1_614' title='bbox 1888 3403 2200 3458; x_wconf 89' lang='lat' dir='ltr'><strong>morborum</strong></span> <span class='ocrx_word' id='word_1_615' title='bbox 2224 3399 2452 3461; x_wconf 79' lang='lat' dir='ltr'><strong>formas,</strong></span> <span class='ocrx_word' id='word_1_616' title='bbox 2476 3397 2678 3468; x_wconf 90' lang='lat' dir='ltr'><strong>quibus</strong></span> <span class='ocrx_word' id='word_1_617' title='bbox 2701 3396 2937 3451; x_wconf 80' lang='lat' dir='ltr'><strong>obnoxia</strong></span> <span class='ocrx_word' id='word_1_618' title='bbox 2960 3396 3068 3449; x_wconf 86' lang='lat' dir='ltr'><strong>vita</strong></span> <span class='ocrx_word' id='word_1_619' title='bbox 3093 3395 3329 3448; x_wconf 89' lang='lat' dir='ltr'><strong>humana</strong></span> <span class='ocrx_word' id='word_1_620' title='bbox 3351 3402 3434 3449; x_wconf 87' lang='lat' dir='ltr'><strong>est</strong></span> <span class='ocrx_word' id='word_1_621' title='bbox 3450 3434 3474 3461; x_wconf 83' lang='grc'><strong>,</strong></span> 
     </span>
    </p>
   </div>
   <div class='ocr_carea' id='block_1_76' title="bbox 1890 3484 3475 3563">
    <p class='ocr_par' dir='ltr' id='par_1_76' title="bbox 1890 3484 3475 3563">
     <span class='ocr_line' id='line_1_76' title="bbox 1890 3484 3475 3563; baseline -0.007 -15"><span class='ocrx_word' id='word_1_622' title='bbox 1890 3509 1921 3548; x_wconf 92' lang='lat' dir='ltr'><strong>a</strong></span> <span class='ocrx_word' id='word_1_623' title='bbox 1954 3493 2156 3563; x_wconf 72' lang='lat' dir='ltr'><strong>quibus</strong></span> <span class='ocrx_word' id='word_1_624' title='bbox 2188 3504 2351 3545; x_wconf 89' lang='lat' dir='ltr'><strong>nemo</strong></span> <span class='ocrx_word' id='word_1_625' title='bbox 2376 3498 2575 3544; x_wconf 73' lang='lat' dir='ltr'><strong>natura</strong></span> <span class='ocrx_word' id='word_1_626' title='bbox 2604 3488 2743 3543; x_wconf 89' lang='lat' dir='ltr'><strong>liber</strong></span> <span class='ocrx_word' id='word_1_627' title='bbox 2767 3494 2821 3542; x_wconf 90' lang='lat' dir='ltr'><strong>et</strong></span> <span class='ocrx_word' id='word_1_628' title='bbox 2844 3486 3104 3540; x_wconf 88' lang='lat' dir='ltr'><strong>immunis</strong></span> <span class='ocrx_word' id='word_1_629' title='bbox 3128 3494 3232 3549; x_wconf 92' lang='lat' dir='ltr'><strong>est,</strong></span> <span class='ocrx_word' id='word_1_630' title='bbox 3286 3485 3397 3538; x_wconf 67' lang='lat' dir='ltr'><strong>haec</strong></span> <span class='ocrx_word' id='word_1_631' title='bbox 3422 3484 3475 3538; x_wconf 81' lang='lat' dir='ltr'><strong>si</strong></span> 
     </span>
    </p>
   </div>
   <div class='ocr_carea' id='block_1_77' title="bbox 1894 3572 3473 3654">
    <p class='ocr_par' dir='ltr' id='par_1_77' title="bbox 1894 3572 3473 3654">
     <span class='ocr_line' id='line_1_77' title="bbox 1894 3572 3473 3654; baseline -0.008 -17"><span class='ocrx_word' id='word_1_632' title='bbox 1894 3583 2021 3654; x_wconf 90' lang='lat' dir='ltr'><strong>quis</strong></span> <span class='ocrx_word' id='word_1_633' title='bbox 2053 3581 2343 3651; x_wconf 85' lang='lat' dir='ltr'><strong>diligenter</strong></span> <span class='ocrx_word' id='word_1_634' title='bbox 2376 3594 2515 3649; x_wconf 89' lang='lat' dir='ltr'><strong>puro</strong></span> <span class='ocrx_word' id='word_1_635' title='bbox 2551 3576 2719 3631; x_wconf 87' lang='lat' dir='ltr'><strong>animi</strong></span> <span class='ocrx_word' id='word_1_636' title='bbox 2755 3574 2918 3630; x_wconf 91' lang='lat' dir='ltr'><strong>oculo</strong></span> <span class='ocrx_word' id='word_1_637' title='bbox 2951 3583 3175 3636; x_wconf 88' lang='lat' dir='ltr'><strong>cernat,</strong></span> <span class='ocrx_word' id='word_1_638' title='bbox 3210 3573 3355 3627; x_wconf 88' lang='lat' dir='ltr'><strong>haud</strong></span> <span class='ocrx_word' id='word_1_639' title='bbox 3393 3572 3473 3625; x_wconf 78' lang='lat' dir='ltr'><strong>l&#39;a—</strong></span> 
     </span>
    </p>
   </div>
   <div class='ocr_carea' id='block_1_78' title="bbox 1892 3667 3480 3731">
    <p class='ocr_par' dir='ltr' id='par_1_78' title="bbox 1892 3667 3480 3731">
     <span class='ocr_line' id='line_1_78' title="bbox 1892 3667 3480 3731; baseline -0.008 0"><span class='ocrx_word' id='word_1_640' title='bbox 1892 3674 1996 3731; x_wconf 91' lang='lat' dir='ltr'><strong>cile</strong></span> <span class='ocrx_word' id='word_1_641' title='bbox 2029 3673 2095 3728; x_wconf 90' lang='lat' dir='ltr'><strong>ad</strong></span> <span class='ocrx_word' id='word_1_642' title='bbox 2129 3674 2397 3728; x_wconf 88' lang='lat' dir='ltr'><strong>bonorum</strong></span> <span class='ocrx_word' id='word_1_643' title='bbox 2432 3668 2679 3725; x_wconf 80' lang='lat' dir='ltr'><strong>defectus</strong></span> <span class='ocrx_word' id='word_1_644' title='bbox 2711 3667 3151 3722; x_wconf 89' lang='lat' dir='ltr'><strong>commovebitur</strong></span> <span class='ocrx_word' id='word_1_645' title='bbox 3184 3674 3239 3720; x_wconf 90' lang='lat' dir='ltr'><strong>et</strong></span> <span class='ocrx_word' id='word_1_646' title='bbox 3269 3680 3480 3720; x_wconf 55' lang='lat' dir='ltr'><strong>excarh</strong></span> 
     </span>
    </p>
   </div>
   <div class='ocr_carea' id='block_1_79' title="bbox 1890 3761 3473 3833">
    <p class='ocr_par' dir='ltr' id='par_1_79' title="bbox 1890 3761 3473 3833">
     <span class='ocr_line' id='line_1_79' title="bbox 1890 3761 3473 3833; baseline -0.004 -12"><span class='ocrx_word' id='word_1_647' title='bbox 1890 3765 2109 3831; x_wconf 90' lang='lat' dir='ltr'><strong>descet;</strong></span> <span class='ocrx_word' id='word_1_648' title='bbox 2152 3763 2399 3833; x_wconf 90' lang='lat' dir='ltr'><strong>quinimo</strong></span> <span class='ocrx_word' id='word_1_649' title='bbox 2444 3770 2636 3817; x_wconf 88' lang='lat' dir='ltr'><strong>contra</strong></span> <span class='ocrx_word' id='word_1_650' title='bbox 2674 3761 2921 3816; x_wconf 80' lang='lat' dir='ltr'><strong>fraudem</strong></span> <span class='ocrx_word' id='word_1_651' title='bbox 2960 3762 3121 3816; x_wconf 89' lang='lat' dir='ltr'><strong>ducet</strong></span> <span class='ocrx_word' id='word_1_652' title='bbox 3152 3776 3272 3817; x_wconf 88' lang='lat' dir='ltr'><strong>esse</strong></span> <span class='ocrx_word' id='word_1_653' title='bbox 3300 3761 3473 3815; x_wconf 84' lang='lat' dir='ltr'><strong>hono-</strong></span> 
     </span>
    </p>
   </div>
   <div class='ocr_carea' id='block_1_80' title="bbox 1890 3853 3477 3925">
    <p class='ocr_par' dir='ltr' id='par_1_80' title="bbox 1890 3853 3477 3925">
     <span class='ocr_line' id='line_1_80' title="bbox 1890 3853 3477 3925; baseline -0.003 -15"><span class='ocrx_word' id='word_1_654' title='bbox 1890 3871 2007 3912; x_wconf 88' lang='lat' dir='ltr'><strong>rem</strong></span> <span class='ocrx_word' id='word_1_655' title='bbox 2031 3897 2045 3921; x_wconf 93' lang='lat'><strong>,</strong></span> <span class='ocrx_word' id='word_1_656' title='bbox 2078 3870 2188 3925; x_wconf 79' lang='lat' dir='ltr'><strong>quo</strong></span> <span class='ocrx_word' id='word_1_657' title='bbox 2222 3856 2292 3909; x_wconf 92' lang='lat' dir='ltr'><strong>ob</strong></span> <span class='ocrx_word' id='word_1_658' title='bbox 2324 3868 2439 3907; x_wconf 91' lang='lat' dir='ltr'><strong>rem</strong></span> <span class='ocrx_word' id='word_1_659' title='bbox 2475 3853 2790 3923; x_wconf 88' lang='lat' dir='ltr'><strong>quampiam</strong></span> <span class='ocrx_word' id='word_1_660' title='bbox 2822 3868 2850 3906; x_wconf 87' lang='lat' dir='ltr'><strong>a</strong></span> <span class='ocrx_word' id='word_1_661' title='bbox 2885 3856 3132 3923; x_wconf 80' lang='lat' dir='ltr'><strong>proximo</strong></span> <span class='ocrx_word' id='word_1_662' title='bbox 3162 3853 3426 3907; x_wconf 76' lang='lat' dir='ltr'><strong>afﬁciatur</strong></span> <span class='ocrx_word' id='word_1_663' title='bbox 3450 3892 3477 3919; x_wconf 72' lang='grc'><strong>,</strong></span> 
     </span>
    </p>
   </div>
   <div class='ocr_carea' id='block_1_81' title="bbox 1892 3944 3476 4016">
    <p class='ocr_par' dir='ltr' id='par_1_81' title="bbox 1892 3944 3476 4016">
     <span class='ocr_line' id='line_1_81' title="bbox 1892 3944 3476 4016; baseline 0.001 -17"><span class='ocrx_word' id='word_1_664' title='bbox 1892 3947 2094 4016; x_wconf 90' lang='lat' dir='ltr'><strong>quippe</strong></span> <span class='ocrx_word' id='word_1_665' title='bbox 2125 3959 2249 4001; x_wconf 90' lang='lat' dir='ltr'><strong>cum</strong></span> <span class='ocrx_word' id='word_1_666' title='bbox 2282 3944 2421 3997; x_wconf 81' lang='lat' dir='ltr'><strong>nihil</strong></span> <span class='ocrx_word' id='word_1_667' title='bbox 2451 3944 2559 3997; x_wconf 89' lang='lat' dir='ltr'><strong>tale</strong></span> <span class='ocrx_word' id='word_1_668' title='bbox 2595 3947 2648 3997; x_wconf 87' lang='lat' dir='ltr'><strong>in</strong></span> <span class='ocrx_word' id='word_1_669' title='bbox 2687 3950 2879 3997; x_wconf 89' lang='lat' dir='ltr'><strong>natura</strong></span> <span class='ocrx_word' id='word_1_670' title='bbox 2914 3952 3102 3998; x_wconf 85' lang='lat' dir='ltr'><strong>nostra</strong></span> <span class='ocrx_word' id='word_1_671' title='bbox 3134 3944 3476 4011; x_wconf 72' lang='lat' dir='ltr'><strong>habeamus,</strong></span> 
     </span>
    </p>
   </div>
   <div class='ocr_carea' id='block_1_82' title="bbox 1890 4035 3474 4109">
    <p class='ocr_par' dir='ltr' id='par_1_82' title="bbox 1890 4035 3474 4109">
     <span class='ocr_line' id='line_1_82' title="bbox 1890 4035 3474 4109; baseline 0 -17"><span class='ocrx_word' id='word_1_672' title='bbox 1890 4037 2042 4109; x_wconf 84' lang='lat' dir='ltr'><strong>quod</strong></span> <span class='ocrx_word' id='word_1_673' title='bbox 2061 4035 2235 4108; x_wconf 84' lang='lat' dir='ltr'><strong>possit</strong></span> <span class='ocrx_word' id='word_1_674' title='bbox 2262 4050 2384 4089; x_wconf 92' lang='lat' dir='ltr'><strong>cum</strong></span> <span class='ocrx_word' id='word_1_675' title='bbox 2417 4035 2679 4102; x_wconf 82' lang='lat' dir='ltr'><strong>dignitate</strong></span> <span class='ocrx_word' id='word_1_676' title='bbox 2708 4044 2763 4090; x_wconf 93' lang='lat' dir='ltr'><strong>et</strong></span> <span class='ocrx_word' id='word_1_677' title='bbox 2793 4037 3001 4090; x_wconf 90' lang='lat' dir='ltr'><strong>honore</strong></span> <span class='ocrx_word' id='word_1_678' title='bbox 3032 4037 3474 4092; x_wconf 87' lang='lat' dir='ltr'><strong>communionem</strong></span> 
     </span>
    </p>
   </div>
   <div class='ocr_carea' id='block_1_83' title="bbox 1892 4127 3481 4198">
    <p class='ocr_par' dir='ltr' id='par_1_83' title="bbox 1892 4127 3481 4198">
     <span class='ocr_line' id='line_1_83' title="bbox 1892 4127 3481 4198; baseline -0.003 -15"><span class='ocrx_word' id='word_1_679' title='bbox 1892 4129 2114 4193; x_wconf 88' lang='lat' dir='ltr'><strong>habere,</strong></span> <span class='ocrx_word' id='word_1_680' title='bbox 2141 4134 2505 4198; x_wconf 83' lang='lat' dir='ltr'><strong>praeterquam</strong></span> <span class='ocrx_word' id='word_1_681' title='bbox 2536 4128 2685 4180; x_wconf 88' lang='lat' dir='ltr'><strong>circa</strong></span> <span class='ocrx_word' id='word_1_682' title='bbox 2715 4128 2956 4181; x_wconf 84' lang='lat' dir='ltr'><strong>animum</strong></span> <span class='ocrx_word' id='word_1_683' title='bbox 2989 4127 3288 4191; x_wconf 78' lang='lat' dir='ltr'><strong>duntaxat,</strong></span> <span class='ocrx_word' id='word_1_684' title='bbox 3312 4127 3481 4195; x_wconf 83' lang='lat' dir='ltr'><strong>cujus</strong></span> 
     </span>
    </p>
   </div>
   <div class='ocr_carea' id='block_1_84' title="bbox 1893 4218 3481 4289">
    <p class='ocr_par' dir='ltr' id='par_1_84' title="bbox 1893 4218 3481 4289">
     <span class='ocr_line' id='line_1_84' title="bbox 1893 4218 3481 4289; baseline -0.002 -15"><span class='ocrx_word' id='word_1_685' title='bbox 1893 4221 2072 4275; x_wconf 83' lang='lat' dir='ltr'><strong>honor</strong></span> <span class='ocrx_word' id='word_1_686' title='bbox 2090 4235 2196 4274; x_wconf 86' lang='lat' dir='ltr'><strong>non</strong></span> <span class='ocrx_word' id='word_1_687' title='bbox 2228 4226 2449 4273; x_wconf 85' lang='lat' dir='ltr'><strong>constat</strong></span> <span class='ocrx_word' id='word_1_688' title='bbox 2479 4233 2547 4272; x_wconf 77' lang='lat' dir='ltr'><strong>ex</strong></span> <span class='ocrx_word' id='word_1_689' title='bbox 2574 4218 2641 4273; x_wconf 89' lang='lat' dir='ltr'><strong>iis</strong></span> <span class='ocrx_word' id='word_1_690' title='bbox 2675 4220 2838 4273; x_wconf 85' lang='lat' dir='ltr'><strong>rebus</strong></span> <span class='ocrx_word' id='word_1_691' title='bbox 2861 4234 2984 4289; x_wconf 68' lang='lat' dir='ltr'><strong>quae</strong></span> <span class='ocrx_word' id='word_1_692' title='bbox 3008 4234 3106 4288; x_wconf 88' lang='lat' dir='ltr'><strong>per</strong></span> <span class='ocrx_word' id='word_1_693' title='bbox 3137 4220 3279 4272; x_wconf 91' lang='lat' dir='ltr'><strong>hunc</strong></span> <span class='ocrx_word' id='word_1_694' title='bbox 3310 4234 3481 4271; x_wconf 85' lang='lat' dir='ltr'><strong>mun-</strong></span> 
     </span>
    </p>
   </div>
   <div class='ocr_carea' id='block_1_85' title="bbox 1893 4308 3473 4382">
    <p class='ocr_par' dir='ltr' id='par_1_85' title="bbox 1893 4308 3473 4382">
     <span class='ocr_line' id='line_1_85' title="bbox 1893 4308 3473 4382; baseline -0.002 -17"><span class='ocrx_word' id='word_1_695' title='bbox 1893 4311 2021 4366; x_wconf 84' lang='lat' dir='ltr'><strong>dum</strong></span> <span class='ocrx_word' id='word_1_696' title='bbox 2051 4320 2400 4382; x_wconf 85' lang='lat' dir='ltr'><strong>expetuntur.</strong></span> <span class='ocrx_word' id='word_1_697' title='bbox 2438 4308 2571 4362; x_wconf 82' lang='lat' dir='ltr'><strong>Nam</strong></span> <span class='ocrx_word' id='word_1_698' title='bbox 2606 4310 2676 4364; x_wconf 92' lang='lat' dir='ltr'><strong>ob</strong></span> <span class='ocrx_word' id='word_1_699' title='bbox 2707 4310 2925 4365; x_wconf 82' lang='lat' dir='ltr'><strong>divitias</strong></span> <span class='ocrx_word' id='word_1_700' title='bbox 2959 4310 3216 4379; x_wconf 77' lang='lat' dir='ltr'><strong>gloriari,</strong></span> <span class='ocrx_word' id='word_1_701' title='bbox 3248 4318 3342 4363; x_wconf 89' lang='lat' dir='ltr'><strong>aut</strong></span> <span class='ocrx_word' id='word_1_702' title='bbox 3376 4325 3473 4378; x_wconf 87' lang='lat' dir='ltr'><strong>ge-</strong></span> 
     </span>
    </p>
   </div>
   <div class='ocr_carea' id='block_1_86' title="bbox 1894 4401 3481 4472">
    <p class='ocr_par' dir='ltr' id='par_1_86' title="bbox 1894 4401 3481 4472">
     <span class='ocr_line' id='line_1_86' title="bbox 1894 4401 3481 4472; baseline -0.003 -13"><span class='ocrx_word' id='word_1_703' title='bbox 1894 4420 2002 4459; x_wconf 88' lang='lat' dir='ltr'><strong>nus</strong></span> <span class='ocrx_word' id='word_1_704' title='bbox 2036 4412 2319 4458; x_wconf 71' lang='lat' dir='ltr'><strong>omentare</strong></span> <span class='ocrx_word' id='word_1_705' title='bbox 2342 4442 2357 4466; x_wconf 91' lang='lat'><strong>,</strong></span> <span class='ocrx_word' id='word_1_706' title='bbox 2387 4408 2482 4456; x_wconf 84' lang='lat' dir='ltr'><strong>aut</strong></span> <span class='ocrx_word' id='word_1_707' title='bbox 2510 4401 2577 4456; x_wconf 91' lang='lat' dir='ltr'><strong>ad</strong></span> <span class='ocrx_word' id='word_1_708' title='bbox 2612 4403 2840 4472; x_wconf 82' lang='lat' dir='ltr'><strong>gloriam</strong></span> <span class='ocrx_word' id='word_1_709' title='bbox 2877 4411 3152 4472; x_wconf 87' lang='lat' dir='ltr'><strong>spectare,</strong></span> <span class='ocrx_word' id='word_1_710' title='bbox 3187 4412 3279 4455; x_wconf 91' lang='lat' dir='ltr'><strong>aut</strong></span> <span class='ocrx_word' id='word_1_711' title='bbox 3307 4417 3481 4471; x_wconf 80' lang='lat' dir='ltr'><strong>supra</strong></span> 
     </span>
    </p>
   </div>
   <div class='ocr_carea' id='block_1_87' title="bbox 205 4489 1781 4567">
    <p class='ocr_par' dir='ltr' id='par_1_87' title="bbox 205 4489 1781 4567">
     <span class='ocr_line' id='line_1_87' title="bbox 205 4489 1781 4567; baseline 0.002 -22"><span class='ocrx_word' id='word_1_712' title='bbox 205 4489 384 4545; x_wconf 88' lang='grc' dir='ltr'><strong>ταῦτα</strong></span> <span class='ocrx_word' id='word_1_713' title='bbox 441 4491 618 4545; x_wconf 89' lang='grc' dir='ltr'><strong>πάντα</strong></span> <span class='ocrx_word' id='word_1_714' title='bbox 666 4493 986 4565; x_wconf 79' lang='grc' dir='ltr'><strong>καθαίρεσις</strong></span> <span class='ocrx_word' id='word_1_715' title='bbox 1031 4495 1131 4563; x_wconf 80' lang='grc' dir='ltr'><strong>τῆς</strong></span> <span class='ocrx_word' id='word_1_716' title='bbox 1177 4494 1417 4565; x_wconf 80' lang='grc' dir='ltr'><strong>ψυχικῆς</strong></span> <span class='ocrx_word' id='word_1_717' title='bbox 1476 4496 1642 4567; x_wconf 80' lang='grc' dir='ltr'><strong>τιμῆς</strong></span> <span class='ocrx_word' id='word_1_718' title='bbox 1697 4497 1781 4548; x_wconf 70' lang='grc' dir='ltr'><strong>καὶ</strong></span> 
     </span>
    </p>
   </div>
   <div class='ocr_carea' id='block_1_88' title="bbox 1890 4489 3483 4567">
    <p class='ocr_par' dir='ltr' id='par_1_88' title="bbox 1893 4491 3483 4564">
     <span class='ocr_line' id='line_1_88' title="bbox 1893 4491 3483 4564; baseline 0.001 -18"><span class='ocrx_word' id='word_1_719' title='bbox 1893 4492 2203 4564; x_wconf 82' lang='lat' dir='ltr'><strong>proximum</strong></span> <span class='ocrx_word' id='word_1_720' title='bbox 2244 4507 2367 4547; x_wconf 90' lang='lat' dir='ltr'><strong>esse</strong></span> <span class='ocrx_word' id='word_1_721' title='bbox 2414 4491 2621 4556; x_wconf 85' lang='lat' dir='ltr'><strong>videri,</strong></span> <span class='ocrx_word' id='word_1_722' title='bbox 2671 4493 2873 4563; x_wconf 90' lang='lat' dir='ltr'><strong>quibus</strong></span> <span class='ocrx_word' id='word_1_723' title='bbox 2918 4493 3084 4548; x_wconf 81' lang='lat' dir='ltr'><strong>rebus</strong></span> <span class='ocrx_word' id='word_1_724' title='bbox 3132 4494 3483 4563; x_wconf 78' lang='lat' dir='ltr'><strong>complentur</strong></span> 
     </span>
    </p>
   </div>
   <div class='ocr_carea' id='block_1_89' title="bbox 206 4582 1794 4658">
    <p class='ocr_par' dir='ltr' id='par_1_89' title="bbox 206 4582 1794 4658">
     <span class='ocr_line' id='line_1_89' title="bbox 206 4582 1794 4658; baseline 0.004 -24"><span class='ocrx_word' id='word_1_725' title='bbox 206 4582 413 4645; x_wconf 74' lang='grc' dir='ltr'><strong>ὖνειδος</strong></span> <span class='ocrx_word' id='word_1_726' title='bbox 441 4583 701 4651; x_wconf 87' lang='grc' dir='ltr'><strong>γίνονται,</strong></span> <span class='ocrx_word' id='word_1_727' title='bbox 745 4585 819 4648; x_wconf 84' lang='grc' dir='ltr'><strong>ὡς</strong></span> <span class='ocrx_word' id='word_1_728' title='bbox 849 4586 923 4657; x_wconf 85' lang='grc' dir='ltr'><strong>μὴ</strong></span> <span class='ocrx_word' id='word_1_729' title='bbox 959 4586 1026 4640; x_wconf 87' lang='grc' dir='ltr'><strong>ἂν</strong></span> <span class='ocrx_word' id='word_1_730' title='bbox 1051 4586 1264 4641; x_wconf 78' lang='grc' dir='ltr'><strong>ἑλέσθαι</strong></span> <span class='ocrx_word' id='word_1_731' title='bbox 1294 4589 1385 4641; x_wconf 81' lang='grc' dir='ltr'><strong>τὸν</strong></span> <span class='ocrx_word' id='word_1_732' title='bbox 1415 4587 1794 4658; x_wconf 82' lang='grc' dir='ltr'><strong>λελογισμένον</strong></span> 
     </span>
    </p>
   </div>
   <div class='ocr_carea' id='block_1_90' title="bbox 208 4674 1790 4750">
    <p class='ocr_par' dir='ltr' id='par_1_90' title="bbox 208 4674 1790 4750">
     <span class='ocr_line' id='line_1_90' title="bbox 208 4674 1790 4750; baseline 0.004 -24"><span class='ocrx_word' id='word_1_733' title='bbox 208 4674 440 4743; x_wconf 87' lang='grc' dir='ltr'><strong>τοιούτῳ</strong></span> <span class='ocrx_word' id='word_1_734' title='bbox 465 4676 573 4728; x_wconf 80' lang='grc' dir='ltr'><strong>τινὶ</strong></span> <span class='ocrx_word' id='word_1_735' title='bbox 600 4676 662 4729; x_wconf 84' lang='lat'><strong>16</strong></span> <span class='ocrx_word' id='word_1_736' title='bbox 692 4677 931 4749; x_wconf 85' lang='grc' dir='ltr'><strong>καθαρὸν</strong></span> <span class='ocrx_word' id='word_1_737' title='bbox 959 4680 1056 4749; x_wconf 78' lang='grc' dir='ltr'><strong>τῆς</strong></span> <span class='ocrx_word' id='word_1_738' title='bbox 1084 4679 1263 4749; x_wconf 75' lang='grc' dir='ltr'><strong>ψυχῆς</strong></span> <span class='ocrx_word' id='word_1_739' title='bbox 1304 4679 1790 4750; x_wconf 84' lang='grc' dir='ltr'><strong>καταμολύνεσθαι.</strong></span> 
     </span>
    </p>
   </div>
   <div class='ocr_carea' id='block_1_91' title="bbox 210 4764 1793 4843">
    <p class='ocr_par' dir='ltr' id='par_1_91' title="bbox 210 4764 1793 4843">
     <span class='ocr_line' id='line_1_91' title="bbox 210 4764 1793 4843; baseline 0.007 -27"><span class='ocrx_word' id='word_1_740' title='bbox 210 4765 287 4817; x_wconf 91' lang='lat' dir='ltr'><em>T6</em></span> <span class='ocrx_word' id='word_1_741' title='bbox 320 4764 377 4818; x_wconf 85' lang='grc' dir='ltr'><strong>δὲ</strong></span> <span class='ocrx_word' id='word_1_742' title='bbox 407 4765 579 4829; x_wconf 81' lang='grc' dir='ltr'><strong>οὕτως</strong></span> <span class='ocrx_word' id='word_1_743' title='bbox 609 4767 753 4838; x_wconf 73' lang='grc' dir='ltr'><strong>ἔχειν</strong></span> <span class='ocrx_word' id='word_1_744' title='bbox 781 4770 931 4823; x_wconf 83' lang='grc' dir='ltr'><strong>οὐδὲν</strong></span> <span class='ocrx_word' id='word_1_745' title='bbox 958 4772 1164 4841; x_wconf 74' lang='grc' dir='ltr'><strong>ἕτερον,</strong></span> <span class='ocrx_word' id='word_1_746' title='bbox 1191 4773 1223 4842; x_wconf 81' lang='grc' dir='ltr'>ἢ</span> <span class='ocrx_word' id='word_1_747' title='bbox 1256 4772 1314 4823; x_wconf 83' lang='grc' dir='ltr'><strong>ὲν</strong></span> <span class='ocrx_word' id='word_1_748' title='bbox 1338 4772 1450 4838; x_wconf 78' lang='grc' dir='ltr'><strong>έξει</strong></span> <span class='ocrx_word' id='word_1_749' title='bbox 1480 4771 1671 4843; x_wconf 83' lang='grc' dir='ltr'><strong>βαθείᾳ</strong></span> <span class='ocrx_word' id='word_1_750' title='bbox 1694 4772 1793 4842; x_wconf 86' lang='grc' dir='ltr'><strong>τῆς</strong></span> 
     </span>
    </p>
   </div>
   <div class='ocr_carea' id='block_1_92' title="bbox 208 4857 1790 4933">
    <p class='ocr_par' dir='ltr' id='par_1_92' title="bbox 208 4857 1790 4933">
     <span class='ocr_line' id='line_1_92' title="bbox 208 4857 1790 4933; baseline 0.004 -24"><span class='ocrx_word' id='word_1_751' title='bbox 208 4857 716 4929; x_wconf 82' lang='grc' dir='ltr'><strong>ταπεινοφροσύνης</strong></span> <span class='ocrx_word' id='word_1_752' title='bbox 743 4860 889 4912; x_wconf 73' lang='grc' dir='ltr'><strong>ἐστὶν</strong></span> <span class='ocrx_word' id='word_1_753' title='bbox 909 4857 1065 4925; x_wconf 81' lang='grc' dir='ltr'><strong>εἶναι,</strong></span> <span class='ocrx_word' id='word_1_754' title='bbox 1098 4857 1167 4933; x_wconf 80' lang='grc' dir='ltr'><strong>ἧς</strong></span> <span class='ocrx_word' id='word_1_755' title='bbox 1202 4861 1637 4933; x_wconf 85' lang='grc' dir='ltr'><strong>κατορθωθείσης</strong></span> <span class='ocrx_word' id='word_1_756' title='bbox 1655 4902 1668 4925; x_wconf 94' lang='grc'><strong>,</strong></span> <span class='ocrx_word' id='word_1_757' title='bbox 1707 4863 1790 4915; x_wconf 76' lang='lat'><strong>06-</strong></span> 
     </span>
    </p>
   </div>
   <div class='ocr_carea' id='block_1_93' title="bbox 208 4946 1793 5021">
    <p class='ocr_par' dir='ltr' id='par_1_93' title="bbox 208 4946 1793 5021">
     <span class='ocr_line' id='line_1_93' title="bbox 208 4946 1793 5021; baseline 0.001 -20"><span class='ocrx_word' id='word_1_758' title='bbox 208 4946 403 5018; x_wconf 89' lang='grc' dir='ltr'><strong>δεμίαν</strong></span> <span class='ocrx_word' id='word_1_759' title='bbox 443 4947 645 5000; x_wconf 79' lang='grc' dir='ltr'><strong>εἴσοδον</strong></span> <span class='ocrx_word' id='word_1_760' title='bbox 671 4951 699 5001; x_wconf 91' lang='lat'><strong>6</strong></span> <span class='ocrx_word' id='word_1_761' title='bbox 732 4948 903 5019; x_wconf 82' lang='grc' dir='ltr'><strong>θυμὸς</strong></span> <span class='ocrx_word' id='word_1_762' title='bbox 930 4951 1069 5003; x_wconf 82' lang='grc' dir='ltr'><strong>κατὰ</strong></span> <span class='ocrx_word' id='word_1_763' title='bbox 1096 4952 1197 5019; x_wconf 82' lang='grc' dir='ltr'><strong>τῆς</strong></span> <span class='ocrx_word' id='word_1_764' title='bbox 1231 4952 1407 5021; x_wconf 78' lang='grc' dir='ltr'><strong>ψυχῆς</strong></span> <span class='ocrx_word' id='word_1_765' title='bbox 1424 4950 1560 5017; x_wconf 65' lang='grc' dir='ltr'><strong>ἔξει.</strong></span> <span class='ocrx_word' id='word_1_766' title='bbox 1592 4950 1793 5003; x_wconf 89' lang='grc' dir='ltr'><strong>Τούτου</strong></span> 
     </span>
    </p>
   </div>
   <div class='ocr_carea' id='block_1_94' title="bbox 210 5039 1795 5114">
    <p class='ocr_par' dir='ltr' id='par_1_94' title="bbox 210 5039 1795 5114">
     <span class='ocr_line' id='line_1_94' title="bbox 210 5039 1795 5114; baseline 0.002 -24"><span class='ocrx_word' id='word_1_767' title='bbox 210 5040 269 5092; x_wconf 73' lang='grc' dir='ltr'><strong>δὲ</strong></span> <span class='ocrx_word' id='word_1_768' title='bbox 295 5039 371 5108; x_wconf 80' lang='grc' dir='ltr'><strong>μὴ</strong></span> <span class='ocrx_word' id='word_1_769' title='bbox 412 5040 700 5110; x_wconf 87' lang='grc' dir='ltr'><strong>παρόντος,</strong></span> <span class='ocrx_word' id='word_1_770' title='bbox 735 5041 764 5091; x_wconf 86' lang='lat'><strong>6</strong></span> <span class='ocrx_word' id='word_1_771' title='bbox 808 5042 1011 5111; x_wconf 78' lang='grc' dir='ltr'><strong>ἧρεμός</strong></span> <span class='ocrx_word' id='word_1_772' title='bbox 1039 5060 1097 5095; x_wconf 87' lang='grc' dir='ltr'><strong>τε</strong></span> <span class='ocrx_word' id='word_1_773' title='bbox 1134 5044 1227 5096; x_wconf 78' lang='grc' dir='ltr'><strong>καὶ</strong></span> <span class='ocrx_word' id='word_1_774' title='bbox 1251 5044 1473 5114; x_wconf 82' lang='grc' dir='ltr'><strong>ἡσύχιος</strong></span> <span class='ocrx_word' id='word_1_775' title='bbox 1504 5041 1795 5113; x_wconf 84' lang='grc' dir='ltr'><strong>κατορθοῦ-</strong></span> 
     </span>
    </p>
   </div>
   <div class='ocr_carea' id='block_1_95' title="bbox 210 5131 1792 5206">
    <p class='ocr_par' dir='ltr' id='par_1_95' title="bbox 210 5131 1792 5206">
     <span class='ocr_line' id='line_1_95' title="bbox 210 5131 1792 5206; baseline 0 -23"><span class='ocrx_word' id='word_1_776' title='bbox 210 5149 304 5186; x_wconf 86' lang='grc' dir='ltr'><strong>ται</strong></span> <span class='ocrx_word' id='word_1_777' title='bbox 339 5131 452 5201; x_wconf 89' lang='grc' dir='ltr'><strong>βίος</strong></span> <span class='ocrx_word' id='word_1_778' title='bbox 477 5149 492 5164; x_wconf 69' lang='grc' dir='ltr'><strong>ι</strong></span> <span class='ocrx_word' id='word_1_779' title='bbox 532 5134 671 5202; x_wconf 83' lang='grc' dir='ltr'><strong>ὅπερ</strong></span> <span class='ocrx_word' id='word_1_780' title='bbox 707 5133 860 5185; x_wconf 80' lang='grc' dir='ltr'><strong>οὐδὲν</strong></span> <span class='ocrx_word' id='word_1_781' title='bbox 897 5134 1105 5205; x_wconf 74' lang='grc' dir='ltr'><strong>ἕτερον,</strong></span> <span class='ocrx_word' id='word_1_782' title='bbox 1142 5137 1189 5187; x_wconf 92' lang='grc' dir='ltr'><strong>εἰ</strong></span> <span class='ocrx_word' id='word_1_783' title='bbox 1223 5134 1295 5206; x_wconf 78' lang='grc' dir='ltr'><strong>μὴ</strong></span> <span class='ocrx_word' id='word_1_784' title='bbox 1339 5135 1586 5206; x_wconf 68' lang='grc' dir='ltr'><strong>πραΰτης</strong></span> <span class='ocrx_word' id='word_1_785' title='bbox 1625 5133 1792 5197; x_wconf 77' lang='grc' dir='ltr'><strong>ἐστὶν,</strong></span> 
     </span>
    </p>
   </div>
   <div class='ocr_carea' id='block_1_96' title="bbox 209 5217 1797 5294">
    <p class='ocr_par' dir='ltr' id='par_1_96' title="bbox 209 5217 1797 5294">
     <span class='ocr_line' id='line_1_96' title="bbox 209 5217 1797 5294; baseline 0.001 -21"><span class='ocrx_word' id='word_1_786' title='bbox 209 5217 281 5294; x_wconf 77' lang='grc' dir='ltr'><strong>ἧς</strong></span> <span class='ocrx_word' id='word_1_787' title='bbox 315 5221 376 5273; x_wconf 88' lang='lat'><strong>16</strong></span> <span class='ocrx_word' id='word_1_788' title='bbox 400 5222 575 5292; x_wconf 84' lang='grc' dir='ltr'><strong>πέρας</strong></span> <span class='ocrx_word' id='word_1_789' title='bbox 608 5223 961 5291; x_wconf 83' lang='grc' dir='ltr'><strong>μακαρισμὸς</strong></span> <span class='ocrx_word' id='word_1_790' title='bbox 994 5224 1086 5275; x_wconf 78' lang='grc' dir='ltr'><strong>καὶ</strong></span> <span class='ocrx_word' id='word_1_791' title='bbox 1119 5224 1376 5293; x_wconf 82' lang='grc' dir='ltr'><strong>οὐρανίας</strong></span> <span class='ocrx_word' id='word_1_792' title='bbox 1403 5223 1507 5292; x_wconf 82' lang='grc' dir='ltr'><strong>γῆς</strong></span> <span class='ocrx_word' id='word_1_793' title='bbox 1539 5223 1797 5293; x_wconf 86' lang='grc' dir='ltr'><strong>κληρονο-</strong></span> 
     </span>
    </p>
   </div>
   <div class='ocr_carea' id='block_1_97' title="bbox 216 5308 1795 5385">
    <p class='ocr_par' dir='ltr' id='par_1_97' title="bbox 216 5308 1795 5385">
     <span class='ocr_line' id='line_1_97' title="bbox 216 5308 1795 5385; baseline 0.001 -20"><span class='ocrx_word' id='word_1_794' title='bbox 216 5313 341 5385; x_wconf 83' lang='grc' dir='ltr'><strong>μία,</strong></span> <span class='ocrx_word' id='word_1_795' title='bbox 373 5315 431 5365; x_wconf 82' lang='grc' dir='ltr'><strong>ὲν</strong></span> <span class='ocrx_word' id='word_1_796' title='bbox 462 5314 683 5384; x_wconf 85' lang='grc' dir='ltr'><strong>Χριστῷ</strong></span> <span class='ocrx_word' id='word_1_797' title='bbox 723 5314 917 5385; x_wconf 83' lang='grc' dir='ltr'><strong>Ἰησοῦ,</strong></span> <span class='ocrx_word' id='word_1_798' title='bbox 941 5308 985 5382; x_wconf 84' lang='grc' dir='ltr'><strong>ᾧ</strong></span> <span class='ocrx_word' id='word_1_799' title='bbox 1025 5317 1057 5384; x_wconf 91' lang='grc' dir='ltr'><strong>ή</strong></span> <span class='ocrx_word' id='word_1_800' title='bbox 1094 5316 1221 5380; x_wconf 83' lang='grc' dir='ltr'><strong>δόξα</strong></span> <span class='ocrx_word' id='word_1_801' title='bbox 1246 5317 1339 5369; x_wconf 70' lang='grc' dir='ltr'><strong>καὶ</strong></span> <span class='ocrx_word' id='word_1_802' title='bbox 1373 5315 1434 5367; x_wconf 86' lang='lat'><strong>16</strong></span> <span class='ocrx_word' id='word_1_803' title='bbox 1470 5315 1690 5384; x_wconf 89' lang='grc' dir='ltr'><strong>κράτος,</strong></span> <span class='ocrx_word' id='word_1_804' title='bbox 1714 5316 1795 5376; x_wconf 87' lang='grc' dir='ltr'><strong>εἰς</strong></span> 
     </span>
    </p>
   </div>
   <div class='ocr_carea' id='block_1_98' title="bbox 210 5405 1230 5477">
    <p class='ocr_par' dir='ltr' id='par_1_98' title="bbox 210 5405 1230 5477">
     <span class='ocr_line' id='line_1_98' title="bbox 210 5405 1230 5477; baseline 0.002 -19"><span class='ocrx_word' id='word_1_805' title='bbox 210 5407 340 5467; x_wconf 82' lang='grc' dir='ltr'><strong>τοὺς</strong></span> <span class='ocrx_word' id='word_1_806' title='bbox 378 5405 581 5468; x_wconf 79' lang='grc' dir='ltr'><strong>αἰῶνας</strong></span> <span class='ocrx_word' id='word_1_807' title='bbox 622 5406 730 5459; x_wconf 84' lang='grc' dir='ltr'><strong>τῶν</strong></span> <span class='ocrx_word' id='word_1_808' title='bbox 762 5405 992 5459; x_wconf 82' lang='grc' dir='ltr'><strong>αἰώνων.</strong></span> <span class='ocrx_word' id='word_1_809' title='bbox 1040 5405 1230 5477; x_wconf 82' lang='grc' dir='ltr'><strong>Ἀμήν.</strong></span> 
     </span>
    </p>
   </div>
   <div class='ocr_carea' id='block_1_99' title="bbox 1904 4584 3479 4655">
    <p class='ocr_par' dir='ltr' id='par_1_99' title="bbox 1904 4584 3479 4655">
     <span class='ocr_line' id='line_1_99' title="bbox 1904 4584 3479 4655; baseline 0.002 -18"><span class='ocrx_word' id='word_1_810' title='bbox 1904 4586 2135 4639; x_wconf 86' lang='lat' dir='ltr'><strong>honores</strong></span> <span class='ocrx_word' id='word_1_811' title='bbox 2173 4586 2437 4653; x_wconf 91' lang='lat' dir='ltr'><strong>humani,</strong></span> <span class='ocrx_word' id='word_1_812' title='bbox 2476 4584 2592 4639; x_wconf 63' lang='lat' dir='ltr'><strong>haec</strong></span> <span class='ocrx_word' id='word_1_813' title='bbox 2624 4586 2809 4639; x_wconf 90' lang='lat' dir='ltr'><strong>omnia</strong></span> <span class='ocrx_word' id='word_1_814' title='bbox 2846 4584 3135 4640; x_wconf 85' lang='lat' dir='ltr'><strong>subversio</strong></span> <span class='ocrx_word' id='word_1_815' title='bbox 3172 4592 3337 4655; x_wconf 89' lang='lat' dir='ltr'><strong>atque</strong></span> <span class='ocrx_word' id='word_1_816' title='bbox 3375 4586 3479 4640; x_wconf 65' lang='lat' dir='ltr'><strong>de~</strong></span> 
     </span>
    </p>
   </div>
   <div class='ocr_carea' id='block_1_100' title="bbox 1899 4675 3483 4739">
    <p class='ocr_par' dir='ltr' id='par_1_100' title="bbox 1899 4675 3483 4739">
     <span class='ocr_line' id='line_1_100' title="bbox 1899 4675 3483 4739; baseline 0.002 -9"><span class='ocrx_word' id='word_1_817' title='bbox 1899 4675 2072 4730; x_wconf 89' lang='lat' dir='ltr'><strong>decus</strong></span> <span class='ocrx_word' id='word_1_818' title='bbox 2104 4677 2299 4732; x_wconf 69' lang='lat' dir='ltr'><strong>animae</strong></span> <span class='ocrx_word' id='word_1_819' title='bbox 2334 4678 2561 4733; x_wconf 89' lang='lat' dir='ltr'><strong>honoris</strong></span> <span class='ocrx_word' id='word_1_820' title='bbox 2596 4678 2904 4739; x_wconf 82' lang='lat' dir='ltr'><strong>exsistunt,</strong></span> <span class='ocrx_word' id='word_1_821' title='bbox 2950 4685 3010 4730; x_wconf 87' lang='lat' dir='ltr'><strong>ut</strong></span> <span class='ocrx_word' id='word_1_822' title='bbox 3057 4692 3216 4731; x_wconf 90' lang='lat' dir='ltr'><strong>nemo</strong></span> <span class='ocrx_word' id='word_1_823' title='bbox 3262 4680 3483 4733; x_wconf 82' lang='lat' dir='ltr'><strong>ratione</strong></span> 
     </span>
    </p>
   </div>
   <div class='ocr_carea' id='block_1_101' title="bbox 1900 4768 3477 4837">
    <p class='ocr_par' dir='ltr' id='par_1_101' title="bbox 1900 4768 3477 4837">
     <span class='ocr_line' id='line_1_101' title="bbox 1900 4768 3477 4837; baseline 0.002 -17"><span class='ocrx_word' id='word_1_824' title='bbox 1900 4768 2161 4836; x_wconf 62' lang='lat' dir='ltr'><strong>praeditus</strong></span> <span class='ocrx_word' id='word_1_825' title='bbox 2206 4778 2260 4823; x_wconf 90' lang='lat' dir='ltr'><strong>et</strong></span> <span class='ocrx_word' id='word_1_826' title='bbox 2303 4769 2716 4835; x_wconf 85' lang='lat' dir='ltr'><strong>consideratus,</strong></span> <span class='ocrx_word' id='word_1_827' title='bbox 2748 4770 2945 4822; x_wconf 81' lang='lat' dir='ltr'><strong>animae</strong></span> <span class='ocrx_word' id='word_1_828' title='bbox 2986 4769 3275 4837; x_wconf 84' lang='lat' dir='ltr'><strong>puritatem</strong></span> <span class='ocrx_word' id='word_1_829' title='bbox 3323 4769 3477 4837; x_wconf 81' lang='lat' dir='ltr'><strong>ejus-</strong></span> 
     </span>
    </p>
   </div>
   <div class='ocr_carea' id='block_1_102' title="bbox 1900 4857 3477 4929">
    <p class='ocr_par' dir='ltr' id='par_1_102' title="bbox 1900 4857 3477 4929">
     <span class='ocr_line' id='line_1_102' title="bbox 1900 4857 3477 4929; baseline -0.001 -17"><span class='ocrx_word' id='word_1_830' title='bbox 1900 4858 2048 4912; x_wconf 86' lang='lat' dir='ltr'><strong>modi</strong></span> <span class='ocrx_word' id='word_1_831' title='bbox 2109 4860 2291 4929; x_wconf 90' lang='lat' dir='ltr'><strong>aliqua</strong></span> <span class='ocrx_word' id='word_1_832' title='bbox 2324 4875 2383 4914; x_wconf 90' lang='lat' dir='ltr'><strong>re</strong></span> <span class='ocrx_word' id='word_1_833' title='bbox 2415 4859 2790 4913; x_wconf 89' lang='lat' dir='ltr'><strong>contaminare</strong></span> <span class='ocrx_word' id='word_1_834' title='bbox 2845 4858 3189 4913; x_wconf 89' lang='lat' dir='ltr'><strong>sustinuerit.</strong></span> <span class='ocrx_word' id='word_1_835' title='bbox 3244 4857 3320 4910; x_wconf 85' lang='lat' dir='ltr'><strong>ita</strong></span> <span class='ocrx_word' id='word_1_836' title='bbox 3376 4872 3477 4910; x_wconf 85' lang='lat' dir='ltr'><strong>au.-</strong></span> 
     </span>
    </p>
   </div>
   <div class='ocr_carea' id='block_1_103' title="bbox 1898 4947 3481 5009">
    <p class='ocr_par' dir='ltr' id='par_1_103' title="bbox 1898 4947 3481 5009">
     <span class='ocr_line' id='line_1_103' title="bbox 1898 4947 3481 5009; baseline -0.001 -8"><span class='ocrx_word' id='word_1_837' title='bbox 1898 4957 2005 5002; x_wconf 85' lang='lat' dir='ltr'><strong>tem</strong></span> <span class='ocrx_word' id='word_1_838' title='bbox 2054 4949 2307 5003; x_wconf 75' lang='lat' dir='ltr'><strong>affectam</strong></span> <span class='ocrx_word' id='word_1_839' title='bbox 2358 4958 2410 5003; x_wconf 88' lang='lat' dir='ltr'><strong>et</strong></span> <span class='ocrx_word' id='word_1_840' title='bbox 2453 4952 2753 5003; x_wconf 89' lang='lat' dir='ltr'><strong>animatum</strong></span> <span class='ocrx_word' id='word_1_841' title='bbox 2798 4964 2956 5009; x_wconf 82' lang='lat' dir='ltr'><strong>esse,</strong></span> <span class='ocrx_word' id='word_1_842' title='bbox 3004 4947 3138 5001; x_wconf 91' lang='lat' dir='ltr'><strong>nihil</strong></span> <span class='ocrx_word' id='word_1_843' title='bbox 3192 4955 3277 5001; x_wconf 93' lang='lat' dir='ltr'><strong>est</strong></span> <span class='ocrx_word' id='word_1_844' title='bbox 3326 4947 3481 5000; x_wconf 77' lang='lat' dir='ltr'><strong>aliud</strong></span> 
     </span>
    </p>
   </div>
   <div class='ocr_carea' id='block_1_104' title="bbox 1900 5040 3479 5112">
    <p class='ocr_par' dir='ltr' id='par_1_104' title="bbox 1900 5040 3479 5112">
     <span class='ocr_line' id='line_1_104' title="bbox 1900 5040 3479 5112; baseline 0.001 -18"><span class='ocrx_word' id='word_1_845' title='bbox 1900 5056 2062 5110; x_wconf 90' lang='lat' dir='ltr'><strong>quam</strong></span> <span class='ocrx_word' id='word_1_846' title='bbox 2093 5043 2147 5095; x_wconf 91' lang='lat' dir='ltr'><strong>in</strong></span> <span class='ocrx_word' id='word_1_847' title='bbox 2196 5042 2467 5112; x_wconf 81' lang='lat' dir='ltr'><strong>profundo</strong></span> <span class='ocrx_word' id='word_1_848' title='bbox 2512 5042 2696 5095; x_wconf 79' lang='lat' dir='ltr'><strong>habitu</strong></span> <span class='ocrx_word' id='word_1_849' title='bbox 2736 5042 2903 5095; x_wconf 91' lang='lat' dir='ltr'><strong>animi</strong></span> <span class='ocrx_word' id='word_1_850' title='bbox 2949 5040 3276 5094; x_wconf 87' lang='lat' dir='ltr'><strong>humilitatis</strong></span> <span class='ocrx_word' id='word_1_851' title='bbox 3308 5054 3431 5093; x_wconf 90' lang='lat' dir='ltr'><strong>esse</strong></span> <span class='ocrx_word' id='word_1_852' title='bbox 3456 5057 3479 5096; x_wconf 84' lang='lat'><strong>:</strong></span> 
     </span>
    </p>
   </div>
   <div class='ocr_carea' id='block_1_105' title="bbox 1901 5130 3483 5204">
    <p class='ocr_par' dir='ltr' id='par_1_105' title="bbox 1901 5130 3483 5204">
     <span class='ocr_line' id='line_1_105' title="bbox 1901 5130 3483 5204; baseline -0.002 -18"><span class='ocrx_word' id='word_1_853' title='bbox 1901 5149 2007 5203; x_wconf 89' lang='lat' dir='ltr'><strong>qua</strong></span> <span class='ocrx_word' id='word_1_854' title='bbox 2065 5134 2313 5189; x_wconf 78' lang='lat' dir='ltr'><strong>confecta</strong></span> <span class='ocrx_word' id='word_1_855' title='bbox 2366 5142 2529 5203; x_wconf 85' lang='lat' dir='ltr'><strong>atque</strong></span> <span class='ocrx_word' id='word_1_856' title='bbox 2578 5135 2869 5204; x_wconf 75' lang='lat' dir='ltr'><strong>expedita,</strong></span> <span class='ocrx_word' id='word_1_857' title='bbox 2924 5133 3136 5186; x_wconf 92' lang='lat' dir='ltr'><strong>nullum</strong></span> <span class='ocrx_word' id='word_1_858' title='bbox 3192 5130 3483 5185; x_wconf 68' lang='lat' dir='ltr'><strong>iracundia</strong></span> 
     </span>
    </p>
   </div>
   <div class='ocr_carea' id='block_1_106' title="bbox 1903 5221 3483 5281">
    <p class='ocr_par' dir='ltr' id='par_1_106' title="bbox 1903 5221 3483 5281">
     <span class='ocr_line' id='line_1_106' title="bbox 1903 5221 3483 5281; baseline -0.004 -3"><span class='ocrx_word' id='word_1_859' title='bbox 1903 5225 2113 5279; x_wconf 90' lang='lat' dir='ltr'><strong>aditum</strong></span> <span class='ocrx_word' id='word_1_860' title='bbox 2150 5226 2412 5281; x_wconf 89' lang='lat' dir='ltr'><strong>adversus</strong></span> <span class='ocrx_word' id='word_1_861' title='bbox 2446 5227 2688 5281; x_wconf 84' lang='lat' dir='ltr'><strong>animum</strong></span> <span class='ocrx_word' id='word_1_862' title='bbox 2721 5226 2960 5279; x_wconf 81' lang='lat' dir='ltr'><strong>habebit.</strong></span> <span class='ocrx_word' id='word_1_863' title='bbox 2990 5223 3161 5279; x_wconf 87' lang='lat' dir='ltr'><strong>Porro</strong></span> <span class='ocrx_word' id='word_1_864' title='bbox 3193 5221 3483 5277; x_wconf 79' lang='lat' dir='ltr'><strong>iracundia</strong></span> 
     </span>
    </p>
   </div>
   <div class='ocr_carea' id='block_1_107' title="bbox 1900 5314 3491 5387">
    <p class='ocr_par' dir='ltr' id='par_1_107' title="bbox 1900 5314 3491 5387">
     <span class='ocr_line' id='line_1_107' title="bbox 1900 5314 3491 5387; baseline -0.001 -19"><span class='ocrx_word' id='word_1_865' title='bbox 1900 5317 2094 5384; x_wconf 86' lang='lat' dir='ltr'><strong>procul</strong></span> <span class='ocrx_word' id='word_1_866' title='bbox 2128 5317 2417 5381; x_wconf 89' lang='lat' dir='ltr'><strong>submota,</strong></span> <span class='ocrx_word' id='word_1_867' title='bbox 2464 5318 2649 5387; x_wconf 84' lang='lat' dir='ltr'><strong>quieta</strong></span> <span class='ocrx_word' id='word_1_868' title='bbox 2694 5317 3016 5386; x_wconf 90' lang='lat' dir='ltr'><strong>placidaque</strong></span> <span class='ocrx_word' id='word_1_869' title='bbox 3062 5316 3170 5368; x_wconf 90' lang='lat' dir='ltr'><strong>vita</strong></span> <span class='ocrx_word' id='word_1_870' title='bbox 3220 5314 3491 5382; x_wconf 13' lang='lat' dir='ltr'><strong>transigi-7</strong></span> 
     </span>
    </p>
   </div>
   <div class='ocr_carea' id='block_1_108' title="bbox 1905 5404 3482 5478">
    <p class='ocr_par' dir='ltr' id='par_1_108' title="bbox 1905 5404 3482 5478">
     <span class='ocr_line' id='line_1_108' title="bbox 1905 5404 3482 5478; baseline 0.001 -19"><span class='ocrx_word' id='word_1_871' title='bbox 1905 5415 2035 5462; x_wconf 90' lang='lat' dir='ltr'><strong>tur:</strong></span> <span class='ocrx_word' id='word_1_872' title='bbox 2074 5407 2222 5478; x_wconf 91' lang='lat' dir='ltr'><strong>quod</strong></span> <span class='ocrx_word' id='word_1_873' title='bbox 2256 5409 2393 5463; x_wconf 92' lang='lat' dir='ltr'><strong>nihil</strong></span> <span class='ocrx_word' id='word_1_874' title='bbox 2424 5407 2573 5463; x_wconf 83' lang='lat' dir='ltr'><strong>aliud</strong></span> <span class='ocrx_word' id='word_1_875' title='bbox 2604 5408 2712 5464; x_wconf 87' lang='lat' dir='ltr'><strong>nisi</strong></span> <span class='ocrx_word' id='word_1_876' title='bbox 2747 5408 2946 5463; x_wconf 85' lang='lat' dir='ltr'><strong>lenitas</strong></span> <span class='ocrx_word' id='word_1_877' title='bbox 2980 5416 3100 5461; x_wconf 89' lang='lat' dir='ltr'><strong>est:</strong></span> <span class='ocrx_word' id='word_1_878' title='bbox 3145 5408 3309 5477; x_wconf 84' lang='lat' dir='ltr'><strong>cujus</strong></span> <span class='ocrx_word' id='word_1_879' title='bbox 3352 5404 3482 5461; x_wconf 81' lang='lat' dir='ltr'><strong>linis</strong></span> 
     </span>
    </p>
   </div>
   <div class='ocr_carea' id='block_1_109' title="bbox 215 5497 3484 5575">
    <p class='ocr_par' dir='ltr' id='par_1_109' title="bbox 215 5497 3484 5575">
     <span class='ocr_line' id='line_1_109' title="bbox 215 5497 3484 5575; baseline -0 -19"><span class='ocrx_word' id='word_1_880' title='bbox 215 5501 500 5556; x_wconf 87' lang='lat' dir='ltr'><strong>beatitudo</strong></span> <span class='ocrx_word' id='word_1_881' title='bbox 534 5509 698 5571; x_wconf 89' lang='lat' dir='ltr'><strong>atque</strong></span> <span class='ocrx_word' id='word_1_882' title='bbox 732 5503 974 5557; x_wconf 73' lang='lat' dir='ltr'><strong>cmlestis</strong></span> <span class='ocrx_word' id='word_1_883' title='bbox 1011 5511 1168 5558; x_wconf 79' lang='lat' dir='ltr'><strong>terrae</strong></span> <span class='ocrx_word' id='word_1_884' title='bbox 1217 5500 1501 5556; x_wconf 86' lang='lat' dir='ltr'><strong>haereditas</strong></span> <span class='ocrx_word' id='word_1_885' title='bbox 1532 5506 1648 5565; x_wconf 87' lang='lat' dir='ltr'><strong>est,</strong></span> <span class='ocrx_word' id='word_1_886' title='bbox 1683 5512 1780 5569; x_wconf 87' lang='lat' dir='ltr'><strong>per</strong></span> <span class='ocrx_word' id='word_1_887' title='bbox 1816 5497 2098 5557; x_wconf 88' lang='lat' dir='ltr'><strong>Christum</strong></span> <span class='ocrx_word' id='word_1_888' title='bbox 2141 5501 2330 5562; x_wconf 81' lang='lat' dir='ltr'><strong>Jesum</strong></span> <span class='ocrx_word' id='word_1_889' title='bbox 2354 5544 2369 5570; x_wconf 94' lang='lat'><strong>,</strong></span> <span class='ocrx_word' id='word_1_890' title='bbox 2431 5503 2519 5560; x_wconf 91' lang='lat' dir='ltr'><strong>cui</strong></span> <span class='ocrx_word' id='word_1_891' title='bbox 2569 5502 2742 5575; x_wconf 78' lang='lat' dir='ltr'><strong>gloria</strong></span> <span class='ocrx_word' id='word_1_892' title='bbox 2790 5510 2843 5558; x_wconf 87' lang='lat' dir='ltr'><strong>et</strong></span> <span class='ocrx_word' id='word_1_893' title='bbox 2889 5501 3218 5572; x_wconf 86' lang='lat' dir='ltr'><strong>imperium,</strong></span> <span class='ocrx_word' id='word_1_894' title='bbox 3272 5500 3328 5556; x_wconf 89' lang='lat' dir='ltr'><strong>in</strong></span> <span class='ocrx_word' id='word_1_895' title='bbox 3378 5515 3484 5555; x_wconf 74' lang='lat' dir='ltr'><strong>sa-</strong></span> 
     </span>
    </p>
   </div>
   <div class='ocr_carea' id='block_1_110' title="bbox 211 5595 953 5653">
    <p class='ocr_par' dir='ltr' id='par_1_110' title="bbox 211 5595 953 5653">
     <span class='ocr_line' id='line_1_110' title="bbox 211 5595 953 5653; baseline -0.003 0"><span class='ocrx_word' id='word_1_896' title='bbox 211 5595 348 5653; x_wconf 80' lang='lat' dir='ltr'><strong>cula</strong></span> <span class='ocrx_word' id='word_1_897' title='bbox 378 5599 730 5652; x_wconf 67' lang='lat' dir='ltr'><strong>saeculorum.</strong></span> <span class='ocrx_word' id='word_1_898' title='bbox 762 5600 953 5653; x_wconf 83' lang='lat' dir='ltr'><strong>Amen.</strong></span> 
     </span>
    </p>
   </div>
  </div>
