3844 6224
363 321 491 380 H9

435 528 592 586 Beati
617 532 709 585 aui
746 532 951 602 lugent,
991 534 1385 637 quoniam’ipsi
1426 533 1839 589 consolationem

979 605 1237 637 ηρρίηέρηι

977 614 1238 673 accipient
1257 614 1302 659 ν.

423 691 675 748 Nondum
725 694 779 747 in
811 695 1073 749 verticem
1122 696 1326 751 montis
1360 695 1656 758 evasimus,
1704 694 1799 749 sed
1833 694 1931 749 ad-

353 782 461 837 huc
510 784 657 836 circa
698 782 909 839 radices
952 785 1153 840 montis
1206 785 1580 840 intellectuum
1620 784 1925 839 haeremus:

351 873 456 928 etsi
512 873 651 928 duos
701 872 970 943 quosdam
1012 875 1127 942 jam
1182 876 1424 929 tumulos
1468 874 1821 929 transivimus
1860 873 1927 929 ad

356 965 565 1017 beatam
595 973 919 1035 egestatem,
951 974 1113 1036 atque
1142 967 1247 1021 hac
1281 966 1620 1037 superiorem
1649 967 1926 1021 lenitatem

350 1072 452 1125 per
475 1055 872 1112 beatitudinem
902 1059 1074 1113 evecti
1099 1075 1110 1109 :
1145 1066 1268 1129 post
1292 1076 1432 1129 quos
1463 1059 1701 1114 tumulos
1733 1057 1798 1110 ad
1837 1074 1929 1113 su-

353 1147 604 1202 blimiora
652 1163 754 1205 nos
787 1149 1023 1204 Verbum
1060 1151 1336 1213 subducit,
1387 1166 1451 1207 ac
1500 1151 1718 1206 tertium
1771 1149 1928 1204 nobis

352 1240 613 1309 deinceps
641 1240 833 1310 jugum
862 1257 957 1311 per
987 1244 1352 1299 beatitudiues
1379 1244 1621 1299 ostendit
1648 1263 1660 1297 :
1693 1242 1757 1295 ad
1783 1241 1926 1312 quod

353 1331 502 1384 omni
537 1341 752 1386 tumore
777 1343 831 1387 et
872 1349 1059 1398 onere,
1101 1342 1265 1405 atque
1302 1337 1565 1390 tenaciter
1610 1335 1925 1397 inhaerente,

339 1432 413 1485 ,ιιι
447 1422 624 1492 inquit
654 1424 973 1492 Apostolus,
1006 1435 1233 1495 peccato
1273 1426 1543 1496 deposito,
1578 1442 1680 1481 nos
1707 1440 1927 1479 currere

353 1527 582 1580 prorsus
625 1522 860 1582 oportet.
904 1522 964 1568 ut
1013 1517 1159 1571 leves
1192 1524 1245 1572 et
1277 1517 1516 1587 expediti
1552 1518 1606 1571 in
1643 1516 1927 1571 cacumine

352 1608 662 1671 constituti,
702 1609 910 1678 puriori
935 1609 1126 1663 lumini
1158 1612 1405 1666 veritatis
1442 1626 1539 1682 per
1573 1610 1808 1665 animam
1830 1624 1927 1679 ap-

354 1700 784 1768 propinquemus
813 1701 878 1754 ¹⁹.
937 1700 1079 1767 Quid
1133 1702 1299 1772 igitur
1337 1712 1441 1768 est,
1492 1701 1638 1772 quod
1684 1701 1921 1766 dicitur,

360 1788 511 1841 lleati
555 1789 645 1858 qui
678 1789 878 1859 lugent,
913 1793 1161 1861 quoniam
1204 1792 1304 1860 ipsi
1342 1792 1755 1847 consolationem
1789 1792 1927 1845 acci-
1958 1773 2000 1828 Β

352 1881 539 1949 piant?
572 1880 761 1936 Risum
788 1898 1011 1951 prorsus
1040 1899 1147 1936 non
1184 1885 1405 1949 tenebit,
1451 1884 1497 1939 si
1528 1885 1653 1954 quis
1673 1884 1739 1938 ad
1769 1899 1926 1937 mun-

353 1974 482 2024 dum
531 1973 809 2042 respiciat,
858 1982 912 2029 et
941 1975 1028 2030 his
1062 1975 1244 2031 verbis
1286 1986 1469 2030 utetur
1507 1975 1741 2030 irridens
1765 1986 1926 2045 atque

355 2063 705 2118 subsannans
736 2062 971 2119 Verbum
998 2085 1010 2119 :
1035 2060 1090 2118 Si
1129 2066 1182 2119 in
1210 2067 1318 2119 vita
1343 2066 1483 2121 beati
1515 2066 1803 2131 habentur,
1831 2065 1924 2136 qui

353 2138 504 2206 υιιιιιὶ
547 2155 854 2209 calamitate
916 2156 1306 2217 conficiuntur.
1360 2157 1543 2213 miseri
1585 2173 1681 2227 per
1734 2172 1927 2211 conse-

352 2245 629 2310 queutiatn
660 2247 818 2314 plane
850 2256 999 2311 sunt,
1029 2264 1262 2317 quorum
1289 2250 1395 2303 vita
1428 2249 1694 2304 molestiis
1723 2249 1926 2317 pariter

350 2347 405 2387 et
434 2335 851 2404 :rgritudinibus
900 2339 1369 2412 incommodisque
1411 2350 1587 2395 vacat.
1636 2342 1810 2411 Atque
1851 2340 1924 2394 ita

354 2425 565 2493 species
615 2442 947 2483 enumerans
996 2430 1394 2496 calamitatum,
1459 2433 1632 2486 risum
1683 2432 1922 2503 augebit.

352 2518 803 2588 vtampliﬁeahit,
848 2521 1194 2576 incommoda
1225 2523 1531 2587 viduitatis,
1577 2532 1631 2578 et
1674 2524 1926 2578 orbitatis

351 2625 650 2663 aerumnam
681 2619 806 2665 ante
834 2612 1025 2667 oculos
1062 2628 1396 2682 proponens.
1442 2614 1661 2680 damna,
1703 2614 1927 2668 naufra-

351 2703 462 2769 gia,
490 2702 835 2770 captivitates
876 2718 942 2757 ex
987 2705 1165 2768 bellis,
1202 2706 1435 2773 injustas
1467 2707 1518 2760 in
1560 2707 1769 2776 judicio
1802 2723 1926 2763 sen-

352 2792 577 2857 tentias,
619 2793 812 2847 exsilia
843 2794 1350 2867 publicationesque
1383 2798 1674 2862 bonorum,
1704 2799 1928 2871 ignomi-

353 2880 497 2941 nias,
544 2890 597 2934 et
642 2880 879 2937 infamiae
910 2893 1089 2949 notas,
1127 2885 1467 2941 calamitates
1509 2896 1820 2942 contractas
1857 2902 1925 2941 ex

354 2973 586 3035 morbis,
634 2974 911 3029 caecitates
957 2990 1021 3029 ac
1072 2976 1462 3043 mutilationes,
1509 2979 1769 3049 variaque
1796 2993 1924 3034 cor-

355 3063 509 3132 poris
548 3064 675 3117 vitia
711 3074 874 3135 atque
901 3065 1246 3130 detrimenta,
1288 3084 1351 3122 ac
1376 3069 1422 3123 si
1453 3068 1582 3139 quid
1611 3069 1922 3125 hominibus
1950 3097 1993 3157 ρ

353 3168 453 3223 per
479 3153 621 3207 hanc
644 3154 810 3207 vitam
839 3156 1031 3210 incidit
1062 3157 1411 3222 incommodi,
1441 3160 1587 3230 quod
1617 3162 1697 3215 vel
1725 3176 1924 3232 corpus

353 3244 441 3300 vel
469 3245 711 3299 animum
746 3248 999 3318 attingat,
1033 3250 1215 3304 omnia
1250 3252 1499 3305 oratione
1527 3262 1924 3323 persequetur:

356 3350 454 3405 per
483 3352 625 3406 quae,
680 3347 739 3393 ut
788 3339 909 3408 ejus
958 3341 1144 3410 opinio
1196 3341 1322 3405 fert,
1361 3343 1649 3399 ridiculum
1680 3347 1931 3401 ostendet

351 3440 686 3489 sermonem.
740 3446 849 3500 quo
876 3431 1122 3500 lugentes
1160 3434 1301 3488 beati
1332 3434 1666 3504 judicantur.
1700 3436 1808 3492 Nos
1834 3453 1933 3492 au—

353 3525 466 3574 tem
507 3531 698 3590 parum
747 3532 1004 3578 curantes
1046 3540 1142 3578 eos
1193 3525 1285 3593 qui
1328 3534 1382 3581 et
1416 3526 1605 3581 humili
1638 3535 1692 3583 et
1733 3529 1930 3598 pusillo

356 3611 545 3667 animo
577 3613 792 3667 divinos
821 3617 1263 3685 contemplantur
1295 3617 1622 3680 intellectus.
1661 3629 1928 3688 quantum

355 3703 478 3771 ejus
510 3703 622 3759 ﬂeri
654 3707 871 3773 poterit,
903 3720 1015 3770 eas,
1049 3722 1170 3773 quae
1191 3708 1244 3759 iu
1273 3708 1375 3762 hoc
1399 3709 1545 3763 dicto
1574 3710 1681 3763 alte
1703 3709 1932 3765 defossae

353 3794 564 3863 jaceut,
616 3795 836 3851 divitias
890 3798 1105 3867 penitus
1138 3798 1405 3868 inspicere
1445 3817 1726 3866 conemur,
1760 3813 1817 3856 ut
1848 3805 1931 3857 vel

359 3901 459 3954 per
501 3886 605 3940 hoc
651 3888 871 3956 planum
925 3887 1021 3942 ﬁat
1072 3898 1274 3959 quanta
1323 3892 1395 3947 sit
1437 3890 1741 3947 dill'erentia
1790 3894 1932 3949 inter

357 3981 632 4033 carnalem
675 3988 1077 4050 terrenamque,
1119 3990 1174 4036 et
1218 3981 1508 4038 sublimem
1543 3970 1932 4056 caelestemque

357 4070 792 4139 intelligentiam.

429 4164 508 4216 Ae
534 4164 706 4232 prima
725 4163 943 4232 quidem
974 4162 1108 4218 facie
1132 4172 1310 4233 potest
1333 4166 1529 4232 aliquis
1557 4167 1706 4221 illum
1726 4168 1930 4221 luctum

358 4252 576 4307 beatmn
609 4264 819 4321 putare,
866 4255 959 4321 qui
994 4266 1218 4325 propter
1259 4256 1457 4312 delicta
1499 4266 1664 4327 atque
1709 4267 1931 4328 peccata

356 4345 595 4405 exsistit,
631 4345 787 4414 juxta
813 4345 964 4400 Pauli
999 4347 1067 4402 tle
1100 4350 1327 4404 tristitia
1353 4350 1679 4413 doctrinam.
1712 4350 1800 4405 ubi
1843 4351 1929 4406 di-

1580 317 1638 373 S.
1680 310 2004 371 GREGORII
2029 312 2316 371 NYSSENI

944 439 1203 497 ORATIO
1242 442 1329 498 lll.
1954 438 2001 493 Α

3466 320 3623 375 £220

2646 436 2866 494 ΛΟΓΟΣ
2904 439 2979 492 Γ’.

2027 529 2316 600 Μακάριοι
2349 532 2405 584 οι
2435 529 2796 597 πενθοῦντες
2815 572 2829 593 ,
2874 530 2964 585 ὅτι
3009 528 3177 584 αὐτοὶ
3209 530 3621 598 παρακληθήο

2697 618 2926 656 amat.

2098 694 2270 748 Οὓς-,ω
2295 695 2396 766 τῆς
2423 697 2668 766 κορυφῆς
2697 694 2792 748 τοῦ
2824 694 2985 767 ὅρους
3015 694 3447 764 ὲπιϐεὸήκαμεν,
3486 690 3617 745 ἀλλ’

2029 787 2111 840 ἔτι
2145 785 2288 840 κατὰ
2315 787 2408 858 τὴν
2436 786 2710 857 ὑπώρειαν
2737 786 2845 839 τῶν
2872 785 3159 855 νοημάτων
3191 785 3387 855 eam.
3425 785 3477 836 εί
3509 783 3621 835 καὶ

2029 880 2122 933 δύο
2162 877 2313 942 τινας
2347 877 2444 949 ⁴ήδη
2479 876 2908 948 παρωδεύσαμεν
2972 876 3187 945 λόφους,
3234 876 3329 928 ἐπὶ
3354 874 3619 951 τὴν-μα-

2029 972 2294 1042 καριστὴν
2324 971 2614 1041 πτωχείαν,
2646 971 2740 1024 καὶ
2770 970 2869 1035 τὴν
2899 971 3156 1041 ἀνωτέρω
3188 968 3390 1038 ταύτης
3425 966 3613 1039 πραό-

2026 1082 2167 1135 τητα
2215 1063 2303 1117 διὰ
2349 1063 2459 1116 τῶν
2514 1062 2878 1133 μακαρισμῶν
2927 1060 3279 1132 ἀναχθέντες,
3332 1059 3454 1130 μεθ’
3506 1058 3614 1121 οὓς

2029 1158 2295 1229 προσάγει
2332 1159 2444 1219 τοῖς
2477 1155 2830 1227 ὑψηλοτέροις
2852 1154 2999 1225 ἡμᾶς
3029 1156 3055 1206 ὁ
3073 1153 3262 1220 Λόγος,
3294 1152 3389 1205 καὶ
3417 1150 3616 1219 τρίτον

2028 1254 2161 1323 ήμίν
2210 1249 2405 1319 ἐφεξῆς
2451 1248 2652 1318 ὕψωμα
2697 1247 2785 1300 διὰ
2832 1247 2940 1300 τῶν
2981 1243 3343 1317 μακαρισμῶν
3383 1242 3615 1296 ἀναδεί-

2028 1359 2218 1395 κνυσι·
2263 1340 2399 1411 πρὸς
2431 1339 2460 1392 ὃ
2503 1337 2609 1409 χρὴ
2638 1338 2853 1400 πάντως
2902 1336 3230 1406 ἀναδραμεῖν
3261 1333 3421 1387 ὄκνον
3466 1333 3616 1385 ἀπο-

2029 1434 2291 1504 θεμένους
2343 1431 2541 1493 πὰντα,
2587 1430 2679 1483 καὶ
2722 1429 2822 1499 τὴν
2869 1427 3259 1499 εὐπερίστατον
3295 1424 3610 1495 ἁμαρτίαν,

2027 1523 2209 1586 καθώς
2235 1540 2397 1594 φησιν
2427 1524 2457 1574 ὁ
2499 1521 2836 1582 Ἀπόστολος,
2866 1518 2942 1581 ὼς
2973 1518 3039 1572 ἂν
3068 1516 3262 1586 κοῦφοι
3284 1516 3379 1569 καὶ
3405 1515 3614 1567 εὐστα-

2025 1617 2137 1680 λεῖς
2164 1615 2259 1668 ἐπὶ
2298 1615 2395 1685 τῆς
2428 1612 2605 1684 ἄκρας
2635 1613 2936 1682 γενόμενοι,
2976 1607 3343 1679 καθαρωτέρῳ
3382 1605 3467 1677 τῷ
3502 1606 3614 1673 τῆς

2027 1708 2284 1780 ἀληθείας
2311 1706 2452 1775 φωτὶ
2495 1703 2586 1758 διὰ
2633 1703 2736 1773 τῆς
2771 1702 2949 1773 ψυχῆς
2982 1699 3483 1771 προσπελάσαιμεν.
3538 1696 3614 1749 Τί

2028 1798 2205 1851 τοίνυν
2233 1795 2351 1849 ἐστὶ
2377 1795 2439 1848 τὸ
2468 1794 2756 1865 λεγόμενον
2775 1834 2789 1856 ,
2822 1790 3113 1862 Μακάριοι
3139 1794 3193 1844 οι
3216 1788 3610 1854 πενθοῦντες.

2027 1889 2118 1945 ὅτι
2159 1888 2330 1944 αὐτοὶ
2383 1884 2998 1955 παρακληθήσονταις
3032 1882 3253 1935 Γελάσει
3307 1880 3530 1943 πάντως
3579 1880 3613 1931 ὁ

2028 1983 2166 2053 πρὸς
2185 1982 2275 2035 τὸν
2297 1980 2500 2052 κόσμον
2533 1979 2763 2050 βλέπων,
2793 1976 2889 2032 καὶ
2907 1975 3048 2042 λέξει
3066 1974 3238 2029 ταῦτα
3265 1972 3615 2043 καταχλευάδ

2027 2073 2136 2138 ζων
2168 2072 2260 2126 τὸν
2281 2072 2453 2141 Λόγον
2473 2088 2487 2102 ·
2522 2071 2586 2124 Εί
2610 2067 3003 2143 μακαρίζονται
3033 2066 3175 2121 κατά
3198 2065 3287 2119 τὸν
3324 2064 3439 2135 βίον
3472 2066 3523 2117 οῖ
3545 2066 3611 2117 ὲν

2026 2166 2176 2237 πάσῃ
2205 2165 2461 2235 συμφορᾷ
2485 2160 2892 2231 δαπανώμενοι,
2914 2159 3085 2214 ἄθλιοι
3113 2157 3255 2212 κατὰ
3279 2158 3342 2212 τὸ
3368 2156 3606 2210 ἀκόλου-

2028 2257 2118 2312 θόν
2151 2260 2256 2312 εισι
2311 2256 2530 2319 πάντως
2574 2250 2656 2319 οἷς
2691 2253 2894 2317 ἄλυπός
2938 2269 2999 2306 τε
3046 2250 3145 2305 καὶ
3184 2252 3424 2322 ἀπήμων
3453 2250 3609 2303 ἐστὶν

2027 2353 2060 2421 ἡ
2097 2351 2228 2420 ζωή.
2262 2349 2372 2403 Καὶ
2402 2347 2544 2401 οὕτω
2571 2345 2641 2399 τὰ
2673 2345 2787 2416 εἴδη
2820 2345 2928 2398 τῶν
2955 2343 3249 2415 συμφορῶν
3273 2339 3609 2413 ἐξαριθμοῇ.

2030 2457 2209 2509 μενος,
2242 2437 2527 2491 πλεονάσει
2556 2435 2648 2488 τὸν
2674 2435 2904 2503 γέλωτα,
2933 2432 2999 2486 τά
3037 2434 3136 2503 τῆς
3173 2431 3397 2502 χηρείας
3428 2431 3607 2491 κακὰ,

2028 2529 2122 2582 καὶ
2150 2527 2247 2597 τὴν
2279 2525 2380 2595 τῆς
2420 2524 2683 2596 ὀρφανίας
2724 2521 3099 2593 ταλαιπωρίαν
3133 2521 3224 2574 ὑπ’
3256 2521 3376 2590 δψιν
3422 2519 3606 2588 ἄγων,

2024 2621 2124 2682 τὰς
2155 2618 2376 2690 ζημίας,
2404 2616 2473 2670 τὰ
2501 2618 2756 2684 ναυάγια,
2787 2615 2887 2679 τὰς
2926 2617 2991 2668 ὲκ
3028 2613 3279 2683 πολέμων
3319 2612 3609 2681 αἰχμαλωο

2029 2710 2168 2771 σίας,
2215 2708 2314 2770 τὰς
2357 2706 2575 2768 ἀδίκους
2615 2708 2674 2759 ὲν
2724 2704 3056 2775 δικαστηρίῳ
3092 2702 3323 2775 κρίσεις,
3375 2701 3607 2771 μεθορί-

2029 2796 2196 2868 σμούς
2212 2814 2271 2849 τε
2300 2796 2395 2849 καὶ
2419 2795 2711 2866 δημεύσεις
2737 2793 2833 2847 καὶ
2856 2791 3211 2863 ἀτιμία;,τάς
3231 2809 3290 2844 τε
3315 2790 3611 2861 συμφορὰς

2026 2886 2124 2947 τὰς
2157 2886 2220 2937 ἐκ
2258 2883 2364 2937 τῶν
2412 2882 2603 2946 νόσων,
2648 2877 2757 2936 οἷον
2785 2880 3063 2952 πηρώσεις
3101 2898 3160 2934 τε
3200 2880 3294 2935 καὶ
3340 2881 3608 2952 ἀκρωτη-

2029 2975 2313 3047 ριασμους,
2348 2973 2442 3027 καὶ
2481 2972 2581 3043 τὴν
2610 2972 2956 3043 παντοδαπὴν
2986 2970 3079 3025 τοῦ
3116 2969 3364 3041 σώματος
3393 2968 3608 3039 λώϐην,

2027 3068 2121 3121 καὶ
2153 3068 2209 3121 εί
2229 3085 2283 3120 τι
2315 3069 2426 3131 τοῖς
2464 3067 2765 3137 ἀνθρώποις
2806 3065 2947 3119 κατά
2971 3064 3062 3118 τὸν
3108 3062 3220 3133 βίον
3258 3062 3449 3116 τοῦτον
3480 3079 3613 3115 συν-

2033 3157 2243 3211 ίσταται
2273 3156 2513 3228 πάθος,ῆ
2536 3154 2853 3227 σώματος,ἢ
2881 3155 3058 3224 ψυχῆς
3076 3153 3400 3223 ἀπτόμενον,
3424 3152 3612 3205 πάντα

2028 3248 2280 3320 τῷλόγῳ
2308 3246 2716 3313 διεξελεύσεται,
2758 3248 2824 3300 δι’
2867 3239 2962 3309 ὧν,
3010 3246 3086 3309 ὠς
3134 3246 3320 3309 οῖεται,
3365 3242 3611 3311 καταγέ-

2030 3338 2223 3392 λαστον
2254 3336 2524 3403 ἀποδείξει
2570 3338 2661 3391 τὸν
2688 3339 2813 3401 τοὺς
2858 3335 3187 3400 πενθοῦντας
3232 3334 3612 3406 μακαρίζοντα

2029 3433 2204 3502 λόγον.
2248 3433 2436 3502 Ἡμεῖς
2469 3431 2525 3485 δὲ
2564 3429 2738 3502 μικρά
2769 3430 3150 3501 φροντίσαντες
3184 3430 3292 3482 τῶν
3335 3426 3610 3498 μικροψύ-

2030 3541 2140 3596 χως
2179 3540 2238 3576 τε
2269 3525 2364 3576 καὶ
2406 3522 2673 3586 ταπεινῶς
2716 3520 3168 3593 ἀναθεωρούντων
3204 3520 3272 3573 τὰ
3319 3519 3441 3573 θεῖα
3485 3525 3611 3589 νοή-

2035 3633 2201 3689 ματα,
2250 3615 2325 3678 ὡς
2376 3615 2490 3668 ἐστι
2534 3614 2754 3667 δυνατὸν
2785 3613 3019 3667 κατιδεῖν
3043 3613 3135 3666 τὸν
3164 3612 3487 3682 ἐγκείμενον
3527 3612 3611 3677 τῷ

2030 3707 2306 3778 εἰρημένῳ
2351 3704 2440 3759 διὰ
2471 3705 2666 3775 βάθους
2698 3703 2925 3758 πλοῦτον
2954 3706 3413 3774 ἐπιχειρήσωμεν,
3455 3703 3610 3765 ὅπως

2030 3800 2097 3853 ἂν
2132 3799 2363 3870 φανερὸν
2416 3799 2510 3853 καὶ
2546 3800 2635 3852 διὰ
2685 3797 2839 3852 τοῦτο
2881 3797 3111 3865 γένοιτο,
3162 3795 3324 3849 πόσον
3375 3796 3496 3848 ἐστὶ
3544 3797 3613 3849 τὺ

2030 3890 2283 3961 διάφορον
2308 3890 2410 3961 τῆς
2456 3890 2717 3961 σαρκίνης
2748 3906 2807 3942 τε
2837 3889 2932 3942 καὶ
2963 3890 3152 3960 χοῖκῆς
3178 3887 3435 3951 διανοίας,
3469 3887 3609 3955 πρδς

2029 3983 2128 4053 τὴν
2160 3981 2372 4054 ὑψηλήν
2401 3999 2462 4034 τε
2498 3982 2587 4035 καὶ
2613 3980 2954 4052 ἐπουράνιον.

2105 4163 2260 4216 Ἔστι
2293 4162 2390 4233 μὲν
2430 4158 2523 4215 οὖν
2556 4162 2620 4215 ὲκ
2662 4159 2754 4213 τοῦ
2782 4157 3073 4231 προχείρου
3106 4155 3440 4228 μακαριστὸν
3470 4158 3611 4209 ὑπο·

2030 4254 2214 4308 λαϐεῖν
2248 4255 2423 4308 ἐκεῖνο
2461 4253 2523 4306 τὸ
2572 4253 2785 4316 πένθος,
2816 4252 2877 4306 τὸ
2916 4253 3011 4304 ἐπὶ
3046 4249 3485 4319 πλημμελήμασι
3514 4249 3612 4301 καὶ

2032 4346 2326 4417 ἁμαρτίαις
2352 4347 2650 4416 γινόμενον,
2685 4344 2826 4397 κατά
2853 4344 2951 4416 τὴν
2983 4342 3077 4396 τοῦ
3104 4340 3316 4395 Παύλου
3352 4340 3486 4411 περὶ
3511 4340 3613 4409 τῆς

356 4434 455 4501 cit,
517 4452 624 4490 non
674 4438 797 4493 esse
842 4454 1004 4493 unam
1049 4441 1286 4496 tristitiae
1331 4444 1591 4513 speciem,
1645 4442 1739 4498 sed
1769 4444 1927 4497 aliam

2034 4439 2210 4506 λύπης
2239 4437 2604 4499 διδασκαλίαν,
2626 4436 2718 4489 τοῦ
2750 4438 3040 4507 φήσαντος,
3074 4434 3149 4505 μὴ
3178 4432 3237 4484 ἓν
3264 4427 3404 4484 εἶναι
3430 4430 3612 4499 λύπης

358 4527 578 4597 quidem
639 4529 991 4594 mundanam,
1046 4531 1208 4585 aliam
1278 4549 1409 4587 vero
1458 4550 1578 4605 quae
1628 4538 1927 4591 secundum

360 4618 529 4673 Deum
578 4628 1018 4690 repraesentetur.
1070 4624 1147 4675 Ac
1199 4625 1529 4679 mundanam
1569 4627 1786 4695 quidem
1832 4631 1931 4683 tri-

359 4708 563 4767 stitiam
614 4712 806 4766 mortis
839 4711 1164 4767 effectricem
1209 4730 1352 4780 esse,
1401 4717 1623 4772 alteram
1662 4734 1789 4774 vero
1834 4728 1931 4788 per

359 4803 739 4872 pmnitentiam
788 4804 1020 4858 salutem
1068 4806 1337 4861 conﬁcere
1381 4810 1760 4865 merentibus.
1795 4810 1930 4866 Nam

359 4909 546 4949 revera
592 4909 698 4948 non
734 4903 915 4964 potest
966 4911 1071 4949 non
1106 4897 1261 4951 beata
1309 4898 1542 4967 judicari
1583 4902 1710 4956 talis
1739 4903 1933 4958 animae

359 4985 719 5053 perturbatio,
749 4988 1280 5049 cum,animatlverso
1306 5004 1370 5042 eo
1394 4992 1538 5059 quod
1562 4991 1801 5050 deterius
1827 5004 1932 5058 est,

358 5076 524 5131 vitam
565 5078 816 5133 vitiosam
862 5078 1132 5148 deplorat.
1182 5080 1648 5146 Quemadmodum
1696 5090 1840 5142 enim
1877 5089 1929 5142 in

359 5168 610 5236 corporis
652 5170 876 5233 morbis,
929 5171 1129 5240 quibus
1172 5173 1350 5241 aliqua
1402 5190 1527 5243 pars
1578 5180 1825 5246 corporis
1864 5195 1930 5234 ex

359 5255 593 5312 violenta
623 5259 855 5327 quadam
890 5260 1113 5316 ltesione
1160 5261 1340 5316 tabida
1379 5262 1517 5319 laeta
1555 5266 1737 5330 fuerit,
1775 5268 1929 5321 indo—

359 5347 525 5400 lentia
576 5361 895 5418 argumento
938 5359 1050 5413 est.
1086 5362 1354 5407 mortuam
1407 5369 1530 5411 esse
1585 5358 1821 5413 tabidam
1865 5350 1987 5421 ac',

358 5433 667 5504 languidam
700 5438 847 5491 illam
880 5450 1127 5509 partem;
1174 5442 1266 5497 sed
1308 5443 1352 5495 si
1407 5451 1523 5498 arte
1555 5446 1787 5514 quadam
1823 5464 1929 5503 me-

355 5524 478 5582 dica
506 5528 687 5584 vitalis
706 5528 886 5585 denuo
911 5544 1107 5588 sensus
1138 5534 1349 5601 corpori
1384 5535 1668 5593 restitutus
1697 5540 1786 5598 sit.
1818 5549 1924 5595 tam

428 5701 450 5733 '
488 5699 677 5755 Matth.
712 5718 766 5761 v,
796 5704 853 5757 5.
930 5705 973 5736 ¹⁰
1014 5703 1174 5760 llebr.
1212 5722 1314 5768 xu,
1345 5707 1436 5771 εἰ.

2035 4527 2190 4595 εἶδος,
2220 4529 2356 4585 ἀλλά
2390 4531 2452 4583 τὸ
2487 4530 2584 4601 μὲν
2612 4529 2873 4600 κοσμικὸν
2893 4565 2910 4592 ,
2937 4527 2999 4581 τὸ
3025 4527 3083 4580 δὲ
3124 4523 3267 4579 κατά
3296 4525 3428 4578 Θεὸν
3459 4526 3613 4595 ἐνερ-

2034 4623 2312 4694 γούμενον.
2362 4624 2472 4676 Καὶ
2517 4621 2618 4691 τῆς
2675 4622 2775 4692 μὲν
2828 4619 3097 4691 κοσμικῆς
3133 4618 3329 4693 λύπης,
3379 4616 3612 4671 θάνατον

2035 4708 2266 4765 εἶναιτὸ
2294 4711 2486 4782 ἔργον·
2533 4713 2632 4781 τὴν
2673 4710 2729 4763 δὲ
2774 4710 2989 4779 ἑτέραν,
3031 4709 3303 4779 σωτηρίαν
3349 4709 3414 4760 ἐκ
3446 4725 3613 4776 μετα-

2035 4803 2178 4867 νοίας
2205 4806 2318 4866 τοῖς
2346 4803 2705 4873 λυπουμένοις
2730 4801 3075 4873 ἐργάζεσθαι.
3112 4801 3205 4871 Τῷ
3229 4800 3343 4853 ὄντι
3374 4800 3488 4871 γὰρ
3511 4802 3614 4855 οὐκ

2034 4897 2139 4963 ἔξω
2169 4896 2263 4950 τοῦ
2303 4896 2700 4967 μακαρίζεσθαι
2741 4894 2802 4946 τὸ
2838 4894 3078 4948 τοιοῦτον
3101 4893 3203 4956 τῆς
3229 4892 3410 4961 ψυχῆς
3440 4891 3613 4954 πάθος

2036 4987 2202 5050 ἐστὶν,
2234 4987 2362 5039 ὅταν
2390 4988 2446 5038 ὲν
2480 4985 2728 5055 αἰσθήσει
2758 4984 3024 5055 γενομένη
3068 4982 3164 5035 τοῦ
3211 4982 3477 5052 χείρονος,
3522 4981 3613 5034 τὴν

2037 5080 2094 5130 ὲν
2120 5077 2285 5149 κακίᾳ
2318 5078 2430 5148 βίον
2459 5076 2888 5147 ἀπολοφύρηται.
2929 5076 3195 5145 Καθάπερ
3226 5074 3336 5145 γάρ
3367 5072 3465 5126 ἐπὶ
3506 5074 3575 5125 τε
3587 5093 3613 5127 ν

2038 5172 2368 5241 σωματικῶν
2397 5170 2866 5242 ἀρρωστημάτων.
2896 5164 2977 5232 οἷς
3004 5168 3070 5221 ἂν
3100 5167 3336 5238 πάρετον
3368 5163 3431 5229 ἐξ
3475 5168 3612 5234 ἐπη-

2041 5263 2191 5335 ρείας
2224 5267 2366 5326 τινὸς
2393 5264 2617 5332 γένηταί
2660 5280 2715 5316 τι
2749 5262 2914 5333 μέρος
2952 5260 3047 5314 τοῦ
3079 5258 3355 5328 σώματος,
3387 5261 3612 5331 σημεῖον

2034 5357 2127 5412 τοῦ
2149 5355 2514 5426 νενεκρῶσθαι
2538 5354 2598 5408 τὸ
2621 5355 2950 5427 παρειμένον
2978 5355 3011 5425 ἡ
3043 5350 3345 5421 ἁναλγησία
3363 5350 3579 5419 γίνεται
3593 5366 3608 5383 ·

2036 5450 2084 5501 εἰ
2132 5448 2189 5501 δὲ
2238 5448 2381 5500 κατά
2427 5463 2547 5500 τινα
2592 5445 2787 5517 τέχνην
2837 5446 3084 5517 ἰατρικὴν
3132 5446 3167 5516 ὴ
3208 5443 3416 5513 ζωτιλὴ
3451 5442 3615 5501 πάλιν

2036 5539 2284 5610 αἴσθησις
2318 5535 2648 5609 ἐπαναχοείη
2679 5538 2756 5609 τῷ
2791 5537 3023 5609 σώματι,
3070 5535 3353 5610 χαίρουσιν
3380 5535 3487 5609 ἤδη
3518 5552 3609 5589 πη-
3646 5582 3651 5595 ,
