3844 6224
141 252 250 306 1221

1127 245 1216 302 DE
1249 243 1855 302 BEATITUDINIBUS.
1900 241 2160 298 ORATIO
2201 242 2289 296 111.

3215 245 3351 298 1222

137 366 320 422 vri-ivro:
343 361 434 416 τοῦ
476 360 693 432 μέρους,
724 359 886 426 αὐτός
928 375 988 411 τε
1035 358 1063 410 6
1113 359 1334 429 κάμνων
1367 359 1460 411 καὶ
1491 360 1540 410 οἱ
1575 357 1674 426 τὴν

1787 354 1826 407 is
1863 355 1956 424 qui
1991 355 2221 420 laborat,
2251 371 2413 425 quam
2447 357 2538 427 qui
2571 359 2908 414 curationem
2943 358 3350 424 administrant,

134 453 396 525 θεραπείαν
449 453 848 524 προσάγοντες,
909 447 1191 522 τεκμηρίῳ
1247 453 1519 522 χρώμενοι
1579 448 1673 500 τοῦ

134 549 253 618 πρὸς
276 547 476 614 ὑγίειαν
516 545 712 615 τρέψαι
758 544 819 596 τὸ
851 543 1042 608 πάθος,
1070 543 1130 596 τὸ
1167 545 1224 595 ἐν
1273 543 1522 612 αἰσθήπι
1569 541 1676 594 τῶν

131 635 504 709 δριμυσσόντων
530 637 628 708 ἤδη
657 635 907 705 γενέσθαι
935 637 994 688 τὺ
1013 637 1172 707 μέλος
1193 652 1204 662 ·
1237 633 1409 697 οὕτως
1437 633 1676 695 ἐπειδὰν,

135 727 292 794 καθώς
313 747 471 800 φησιν
501 731 529 781 6
567 728 908 790 Ἀπόστολος,
938 727 1320 798 ἀπηλγηκότες
1343 727 1486 790 τινὲς
1509 743 1680 797 παρα-

129 819 247 872 δῶσι
287 818 357 889 τῷ
400 818 520 871 καθ’
571 817 841 888 ἁμαρτίαν
891 817 988 886 βίῳ
1029 819 1273 880 ἑαυτοὺς,
1323 816 1504 888 νεκροί
1535 833 1677 878 τινες

130 910 277 973 ὅντως
304 911 393 963 καὶ
421 911 644 980 πάρετοι
697 910 792 962 τοῦ
833 911 952 962 κατ’
985 910 1186 980 ἀρετὴν
1231 909 1346 979 βίου
1375 909 1675 978 γενόμενοι,

129 999 358 1072 οὐδεμίαν
399 1001 614 1072 ἔχουσιν
661 993 736 1054 ὧν
766 1001 1009 1055 ποιοῦσιν
1054 1002 1152 1072 τὴν
1188 1002 1459 1072 αἴσθησιν.
1517 1003 1580 1055 Et
1622 1002 1678 1056 δὲ

128 1093 405 1163 καθάψαιτό
447 1111 528 1156 τις
577 1093 756 1145 αὐτῶν
806 1094 835 1144 6
883 1092 1379 1164 ἰατρεύων.λόγος,
1437 1088 1546 1145 οἷον
1591 1093 1679 1146 διά

125 1200 270 1236 τινων
302 1181 516 1252 θερμῶν
543 1199 601 1235 τε
648 1182 740 1234 καὶ
766 1181 1116 1235 διακαιόντων
1171 1181 1478 1252 φαρμάκων
1515 1183 1677 1251 (λέγω

126 1274 176 1326 δὲ
203 1273 302 1326 τῶν
337 1272 672 1344 σκυθρωπῶν
700 1273 797 1343 τῆς
821 1273 1118 1344 μελλούσης
1139 1275 1372 1345 κρίσεως
1395 1276 1674 1346 ἀπειλῶν),

123 1365 208 1416 καὶ
235 1362 316 1416 διά
363 1363 560 1433 βάθους
603 1363 702 1434 τὴν
746 1364 972 1435 καρδίαν
1013 1364 1090 1436 τῷ
1129 1364 1278 1436 φόϐῳ
1315 1365 1422 1418 τῶν
1453 1367 1680 1438 προσδο-

123 1455 362 1523 κωμένων
412 1454 740 1526 δριμύξειεν,
794 1455 1018 1526 γεέννης
1069 1455 1253 1524 φόϐον,
1309 1457 1404 1509 καὶ
1450 1457 1560 1528 πῦρ
1603 1457 1677 1530 μὴ

123 1544 480 1614 σϐεννύμενον,
501 1547 595 1599 καὶ
619 1546 976 1618 ἀτελεύτητον
1007 1545 1285 1615 σκώληκα,
1315 1549 1406 1601 καὶ
1437 1547 1678 1620 βρυγμὸν

121 1637 348 1698 ὀδόντων,
381 1637 476 1690 καὶ
507 1636 783 1708 κλαυθμὸν
812 1637 1170 1704 ἀδιάλειπτον,
1202 1641 1294 1692 καὶ
1329 1641 1516 1704 σκότος
1541 1641 1675 1707 ἐξώ-

1777 447 1990 501 dolente
2013 448 2130 516 jam
2163 457 2315 518 parte
2344 453 2602 520 gaudent,
2636 454 2837 523 quippe
2860 454 3167 508 certissimo
3195 469 3353 524 argu-

1780 547 1962 592 mento
1986 547 2219 604 utentes,
2242 542 2308 594 ad
2328 543 2618 597 sanitatem
2639 544 2976 599 convertisse
2998 559 3057 599 se
3074 547 3326 599 morbum

1777 640 1842 678 eo
1879 628 2020 693 quod
2066 629 2367 682 membrum
2419 631 2622 685 sentire
2661 632 2776 701 jam
2821 633 3048 702 coeperit
3104 648 3168 688 ea
3231 649 3354 704 quae

1779 716 1983 772 faciant
2027 721 2302 776 dolorem:
2361 722 2432 776 ita
2485 726 2754 789 nonnulli,
2813 734 3100 796 postquam
3147 727 3354 780 amisso

1779 827 1944 868 sensu
1980 814 2209 877 doloris,
2251 826 2308 870 ut
2347 817 2524 887 inquit
2570 818 2886 888 Apostolus,
2925 817 3254 872 tradiderint
3295 833 3356 872 se

1777 905 1900 960 vitae
1937 909 2254 976 peccatrici,
2301 925 2448 974 cum,
2499 913 2642 980 quod
2685 910 2750 964 ad
2793 911 2960 964 vitam
2993 927 3118 964 cum
3149 910 3355 964 virtute

1779 998 2079 1069 degendam
2117 1003 2330 1066 attinet,
2362 1017 2552 1058 revera
2581 1004 2780 1058 mortui
2813 1003 3032 1072 quidam
3065 999 3353 1055 tabefacti-

1778 1107 1885 1159 que
1920 1091 2051 1156 sint,
2083 1093 2292 1148 nullum
2325 1109 2516 1148 eorum
2560 1111 2680 1164 quae
2723 1094 2934 1148 faciunt
2994 1108 3220 1146 sensum
3253 1095 3354 1144 ha-

1780 1183 1929 1238 bent.
1970 1184 2073 1240 Sed
2126 1188 2171 1242 si
2206 1188 2329 1257 quis
2386 1203 2570 1243 sermo
2603 1187 2866 1252 medicus,
2921 1185 3089 1240 veluti
3123 1183 3354 1253 quibus-

1778 1273 1903 1326 dam
1933 1275 2128 1330 calidis
2159 1277 2652 1347 perurentibusque
2671 1276 3084 1330 medicamentis
3120 1273 3348 1342 (futuri,

1779 1365 2027 1434 inquam,
2051 1367 2242 1436 judicii
2277 1368 2565 1425 horrendis
2587 1377 2641 1423 et
2656 1369 2870 1424 acerbis
2895 1365 3092 1436 minis)
3114 1381 3208 1421 eos
3237 1381 3356 1434 per-

1781 1455 2088 1524 strinxerit,
2132 1467 2186 1512 et
2215 1466 2425 1514 terrore
2470 1475 2660 1516 eorum
2703 1475 2826 1530 quae
2857 1460 2914 1514 in
2941 1457 3354 1528 exspectatione

1785 1555 1913 1602 sunt
1943 1564 2038 1603 cor
2075 1551 2292 1620 penitus
2316 1552 2744 1617 exacerbaverit,
2779 1560 3042 1607 terrorem
3064 1551 3350 1620 gehennae,

1781 1639 1960 1709 ignem
1989 1641 2081 1709 qui
2115 1656 2225 1695 non
2255 1643 2642 1713 exstinguitur,
2671 1659 2910 1698 vermem
2939 1659 3048 1698 non
3077 1643 3352 1697 emorien-

119 1747 280 1801 τερον,
311 1731 403 1782 καὶ
445 1730 658 1784 ἅπαντα
687 1729 756 1783 τὰ
784 1731 1027 1794 τοιαῦτα,
1062 1727 1171 1786 οἷόν
1202 1728 1324 1786 τινα
1355 1733 1534 1804 θερμά
1581 1734 1676 1786 καὶ

1787 1736 1912 1792 tem,
1947 1728 2238 1783 stridorem
2269 1729 2537 1792 dentium,
2586 1739 3020 1800 perpetuumque
3045 1729 3257 1793 ﬂetum,
3299 1734 3355 1781 et

118 1820 301 1890 δριμέα
332 1821 595 1892 φάρμακα
633 1822 710 1892 τῷ
742 1823 1097 1894 νεναρκηκότι
1137 1823 1224 1876 διά
1257 1825 1364 1876 τῶν
1405 1825 1526 1878 καθ’
1551 1824 1676 1894 ήδο-

117 1912 206 1982 νην
232 1913 560 1982 παθημάτων
585 1914 846 1985 ὲντρίϐων
875 1915 968 1968 καὶ
1001 1915 1346 1980 ἀναθάλπων,
1378 1917 1458 1979 εἰς
1487 1916 1676 1985 αἴσθη-

118 2022 196 2056 σιν
210 2005 366 2057 αὑτὸν
393 2005 592 2074 ἀγάγοι
619 2006 712 2058 τοῦ
743 2009 800 2059 ὲν
821 1999 864 2074 ᾧ
891 2003 958 2078 ἦν
987 2005 1125 2076 βίου,
1160 2008 1494 2079 μακαριστὸν
1515 2008 1677 2060 αὐτὸν

115 2095 506 2166 ἀπεργάσηται,
541 2095 636 2166 τὴν
681 2097 943 2169 ὀδυνηρὰν
990 2097 1241 2168 αἴσθησιν
1276 2103 1342 2170 τῇ
1378 2099 1522 2170 ψυχῇ
1576 2100 1678 2171 ἐμ-

112 2187 355 2256 ποιήσας.
399 2185 660 2258 Καθάπερ
698 2189 791 2241 καὶ
823 2191 851 2242 6
895 2189 1106 2252 Παῦλος
1136 2190 1228 2243 τὸν
1276 2193 1342 2262 τῇ
1387 2191 1543 2262 κοίτῃ
1585 2191 1677 2244 τοῦ

111 2277 311 2348 πατρὸς
341 2278 794 2348 ἐπιλυσσήσαντα,
828 2280 1018 2350 μέχρις
1048 2281 1256 2334 ἐκείνου
1310 2282 1560 2351 μαστίζει
1601 2281 1679 2352 τῷ

111 2371 268 2440 λόγῳ,
303 2370 409 2432 ἓως
433 2370 499 2424 ἂν
525 2371 864 2442 ἀναισθήτως
904 2369 1046 2442 εἶχεν
1081 2375 1180 2444 τῆς
1210 2373 1517 2443 ἁμαρτίας·
1560 2374 1681 2426 ἐπεὶ

107 2463 161 2514 δὲ
205 2462 458 2516 καθίκετο
504 2462 597 2516 τοῦ
631 2464 823 2536 ἀνδρὸς
852 2467 886 2536 ἡ
922 2466 1020 2535 τῆς
1066 2466 1407 2536 ἐπιπλήξεως
1449 2468 1679 2538 ἰατρεία,

106 2554 180 2612 ὡς
211 2553 308 2624 ήδη
351 2555 618 2624 μακάριον
651 2555 738 2607 διά
765 2555 858 2608 τοῦ
889 2556 1114 2620 πένθους
1160 2558 1470 2628 γενόμενον,
1506 2576 1681 2630 παρα-

108 2647 291 2699 καλεῖν
323 2647 568 2718 ἅρχεται,
598 2649 684 2700 ἵνα
718 2649 790 2719 μὴ
821 2651 887 2720 τῇ
917 2651 1282 2722 περισσοτέρᾳ
1309 2651 1476 2726 λύπῃ,
1526 2657 1678 2722 φησὶ,

107 2739 388 2808 καταποθῇ
433 2741 460 2792 ὁ
503 2739 760 2802 τοιοῦτος.
795 2741 974 2795 Ἔστω
1021 2742 1077 2794 δὲ
1121 2743 1215 2795 καὶ
1260 2743 1418 2796 τοῦτο
1457 2746 1588 2815 ἡμῖν
1621 2747 1682 2798 τὸ

105 2831 284 2901 νόημα
328 2832 464 2900 πρὸς
502 2833 600 2902 τὴν
635 2834 1000 2905 προκειμένην
1037 2833 1130 2887 τοῦ
1163 2835 1510 2908 μακαρισμοῦ
1548 2837 1683 2890 θεω-

106 2921 229 2991 ρίαν
255 2923 333 2980 εἰς
381 2921 470 2974 τὸν
499 2925 618 2974 κατ’
653 2923 849 2994 ἀρετὴν
881 2923 993 2993 βίον
1019 2925 1118 2979 οὐκ
1163 2926 1454 2996 ἄχρηστον,
1494 2926 1581 2980 διὰ
1624 2927 1682 2980 τὸ

102 3013 420 3077 πλεονάζειν
472 3031 590 3078 πως
639 3016 698 3068 ὲν
743 3018 808 3086 τῇ
872 3015 1032 3085 φύσει
1074 3016 1184 3070 τῶν
1237 3017 1538 3087 ἀνθρώπων
1585 3019 1682 3090 τὴν

99 3105 418 3176 ἁμαρτίαν·
470 3105 670 3176 ταύτης
717 3107 774 3160 δὲ
829 3107 1117 3180 φάρμακον
1165 3109 1226 3162 τὸ
1276 3112 1339 3163 ὲκ
1398 3112 1684 3180 μετανοίας

99 3197 304 3260 πένθος
348 3197 744 3252 ἀποδέδεικται.
797 3197 958 3252 Ἀλλά
1001 3217 1092 3270 μοι
1124 3199 1271 3253 δοκεῖ
1311 3200 1601 3273 βαθύτερόν
1632 3220 1682 3255 τι

95 3281 214 3334 τῶν
243 3282 550 3352 εἰρημένων
585 3285 978 3354 ὑποσημαίνειν
1005 3289 1034 3339 6
1059 3287 1228 3356 Λόγος
1252 3289 1308 3340 ἐν
1339 3291 1404 3359 τῇ
1436 3306 1683 3360 παρατα-

96 3377 230 3444 τικῇ
263 3374 360 3426 τοῦ
386 3375 613 3439 πένθους
637 3375 909 3448 ἐνεργείᾳ,
945 3377 1072 3430 ἄλλο
1099 3395 1151 3430 τι
1175 3379 1326 3449 παρά
1357 3379 1515 3432 τοῦτο
1549 3383 1686 3432 νοεῖν

97 3464 509 3535 ὑφηγούμενος.
541 3468 602 3520 Ei
632 3468 741 3540 γάρ
793 3469 960 3541 μόνην
988 3469 1086 3540 τὴν
1119 3471 1210 3523 ἐπὶ
1243 3471 1321 3541 τῷ
1367 3472 1688 3544 πλημμελή-

99 3571 242 3624 ματι
298 3555 658 3625 μεταμέλειαν
714 3557 1090 3622 ἐπεδείκνυεν,
1160 3559 1575 3630 ἀκολουθότερον
1622 3561 1686 3614 ἂν

93 3642 168 3716 ἦν
197 3646 332 3708 τοὺς
371 3646 750 3718 πενθήσαντας
795 3649 1214 3719 μακαρίζεσθαι,
1246 3651 1304 3702 οὐ
1351 3653 1476 3714 τοὺς
1513 3653 1688 3705 εἰσαεὶ

93 3734 440 3799 πενθοῦντας
461 3753 474 3766 ·
513 3738 589 3800 ὡς
634 3738 725 3790 ἐπὶ
755 3737 1150 3808 ὑποδείγματος
1179 3741 1462 3811 συγκρίσει
1487 3741 1586 3810 τῆς
1627 3743 1686 3794 ὲν

91 3829 162 3896 τῇ
197 3825 346 3896 νόσῳ
371 3825 648 3898 διαγωγῆς
679 3829 804 3892 τοὺς
831 3828 1263 3901 θεραπευθέντας
1289 3833 1683 3903 μακαρίζομεν,

89 3920 158 3970 οὐ
201 3919 337 3980 τοὺς
383 3920 552 3972 εἰσαεὶ
598 3920 1086 3992 θεραπευομένους.
1150 3923 1214 3975 Ἡ
1245 3925 1352 3995 γὰρ
1386 3925 1690 3996 παράτασις

87 4009 204 4078 τῆς
243 4009 566 4081 θεραπείας,
604 4012 698 4064 καὶ
725 4012 786 4065 τὸ
819 4013 919 4084 τῆς
951 4015 1260 4087 ἀρρωστίας
1296 4016 1539 4086 διηνεκὲς
1567 4033 1692 4072 συν-

87 4099 468 4154 ενδείκνυται.
520 4103 631 4154 Καὶ
677 4103 852 4168 ἄλλως
883 4104 941 4157 δέ
993 4123 1081 4176 μοι
1137 4107 1284 4160 δοκεῖ
1321 4107 1502 4171 καλῶς
1549 4107 1692 4180 ἔχειν

88 4193 176 4264 μὴ
211 4191 296 4263 τῷ
329 4193 555 4264 τοιούτῳ
590 4195 734 4266 μόνῳ
764 4199 991 4267 νοήματι
1016 4197 1278 4266 τίθεσθαι,
1299 4199 1374 4262 ὡς
1399 4199 1490 4253 τοῦ
1517 4202 1689 4269 Λόγου

83 4288 214 4347 τοῖς
245 4286 338 4352 ἐφ’
377 4287 670 4357 ἁμαρτίαις
699 4288 985 4342 πενθοῦσιν
1007 4290 1098 4343 τὸν
1134 4293 1478 4362 μακαρισμὸν
1505 4293 1693 4366 νέμον-

1781 1819 2035 1873 tenebras
2070 1819 2391 1880 exteriores,
2426 1825 2478 1871 et
2507 1819 2635 1871 talia
2662 1821 2942 1883 universa,
2977 1818 3145 1873 veluti
3175 1815 3354 1871 calida

1781 1908 2030 1979 quaedam
2061 1915 2116 1962 et
2143 1909 2290 1961 acria
2321 1908 2719 1963 medicamenta
2738 1908 3036 1986 voluptatis
3062 1905 3356 1974 aﬂ‘ectibus

1780 1999 2016 2070 torpenti
2062 1999 2366 2064 inferendo,
2411 2000 2840 2069 refovendoque,
2876 2015 2941 2054 eo
2968 2011 3142 2067 usque
3194 1994 3351 2050 rede-

1780 2092 1920 2161 gerit
1963 2105 2086 2144 eum
2123 2097 2180 2143 ut
2215 2091 2415 2145 sentiat
2446 2090 2500 2143 in
2546 2105 2653 2160 qua
2679 2092 2790 2144 vita
2829 2098 3100 2153 versetur,
3135 2086 3354 2142 beatum

1781 2194 1906 2234 eum
1951 2179 2212 2243 eﬂ‘ecerit,
2264 2195 2428 2236 sensu
2469 2180 2676 2234 doloris
2727 2179 2912 2232 animo
2955 2177 3074 2247 ejus
3127 2176 3352 2244 injecto.

1782 2271 2250 2338 Quemadmodum
2299 2275 2463 2328 etiam
2503 2271 2708 2326 Paulus
2753 2287 2898 2327 eum-
2931 2271 3026 2340 qui
3082 2271 3139 2324 in
3173 2269 3357 2324 cubile

1782 2365 1954 2434 patris
1997 2365 2367 2420 debacchatus
2404 2374 2543 2428 erat,
2599 2365 2788 2418 tandiu
2821 2379 3074 2420 sermone
3103 2362 3356 2417 verberat

1782 2463 1836 2508 et
1864 2456 2095 2524 castigat
2124 2457 2363 2522 quandiu
2395 2465 2680 2525 peccatum
2723 2471 2830 2509 non
2861 2454 3163 2510 sentiebat:
3201 2461 3357 2524 post—

1783 2562 2012 2617 eaquam
2048 2559 2226 2603 autem
2259 2549 2659 2619 objurgationis
2692 2548 2964 2602 medicina
3001 2554 3184 2602 motus
3211 2554 3354 2611 erat,

1783 2640 1941 2710 quasi
1972 2639 2084 2708 jam
2113 2655 2208 2708 per
2232 2641 2439 2693 luctum
2477 2641 2694 2694 beatum
2728 2638 2932 2694 factum
2961 2641 3238 2696 consolari
3275 2642 3360 2694 in-

1784 2732 1940 2802 cipit,
1973 2747 2042 2786 ne
2071 2734 2241 2786 nimio
2273 2733 2482 2796 dolore,
2519 2733 2697 2803 inquit
2721 2734 2786 2795 “,
2821 2735 2946 2789 talis
2974 2733 3358 2790 absorbeatur.

1785 2822 1902 2877 Erit
1937 2831 2116 2878 autem
2143 2825 2305 2878 etiam
2339 2824 2428 2877 hic
2469 2824 2624 2878 nobis
2670 2823 2979 2879 intellectus
3009 2825 3075 2878 ad
3105 2824 3360 2894 proposi-

1785 2922 1898 2967 tam
1931 2914 2288 2970 beatitudinis
2341 2917 2794 2984 speculationem,
2847 2923 2902 2970 et
2937 2916 3004 2970 ad
3030 2917 3199 2968 vitam
3232 2931 3357 2969 cum

1789 3008 1986 3061 virtute
2030 3007 2436 3076 transigendam
2467 3023 2578 3062 non
2613 3009 2842 3070 inutilis,
2893 3016 3178 3078 propterea
3213 3008 3358 3074 quod

1789 3097 2054 3152 redundet
2085 3097 2490 3168 quodammodo
2528 3101 2582 3153 in
2620 3101 2900 3155 hominum
2931 3108 3128 3153 natura
3165 3114 3360 3169 pecca-

1789 3197 1939 3241 tum:
1996 3189 2201 3257 peceati
2254 3205 2380 3242 vero
2409 3191 2704 3245 remedium
2735 3205 2858 3246 esse
2891 3191 3097 3244 luctum
3130 3205 3196 3244 ex
3245 3203 3360 3258 poe-

1787 3280 2013 3333 nitentia
2057 3279 2492 3335 demonstratum
2528 3291 2632 3337 cst.
2662 3282 2768 3337 Sed
2792 3283 3010 3337 videtur
3043 3284 3176 3337 mihi
3221 3281 3358 3336 Ver-

1787 3371 1916 3425 bum
1949 3371 2274 3440 profundius
2294 3373 2554 3442 quiddam
2579 3390 2740 3443 quam
2763 3389 2828 3429 ea
2857 3391 2980 3444 qua:
3025 3377 3187 3430 modo
3213 3375 3358 3429 dicta

1789 3470 1918 3517 sunt
1972 3463 2300 3532 signiﬁcare,
2333 3479 2429 3532 per
2455 3465 2758 3520 durabilem
2787 3466 2966 3521 luctus
2999 3481 3176 3528 nsum,
3213 3467 3358 3521 aliud

1787 3564 1986 3624 praeter
2015 3557 2117 3610 hoc
2143 3557 2558 3627 intelligendum
2592 3573 2716 3614 esse
2745 3559 2968 3614 docens.
3010 3559 3144 3614 Nam
3177 3561 3224 3616 si
3267 3577 3360 3615 so-

1781 3649 1895 3714 .lam
1925 3660 2147 3718 propter
2177 3649 2376 3704 delicta
2405 3650 2838 3719 resipiscentiam
2868 3653 3154 3716 indicaret,
3189 3654 3365 3722 magis

1791 3750 2221 3794 consentaneum
2278 3743 2564 3812 magisque
2612 3745 2942 3800 conveniens
2989 3753 3108 3798 erat
3160 3758 3220 3798 ut
3267 3761 3364 3799 eos

1792 3833 1882 3902 qui
1923 3833 2189 3887 luxissent
2237 3833 2426 3887 beatos
2460 3834 2751 3902 judicaret,
2793 3851 2904 3888 non
2931 3850 3026 3890 eos
3074 3836 3168 3905 qui
3209 3837 3360 3904 luge-

1791 3931 1931 3988 rent,
1960 3923 2440 3994 quemadmodum,
2462 3926 2696 3994 exempli
2725 3927 2916 3996 gratia,
2952 3928 3366 3996 comparatione

1791 4018 1911 4086 ejus
1961 4018 2104 4080 vitae,
2164 4032 2285 4086 quae
2338 4033 2460 4070 cum
2511 4018 2703 4072 morbo
2747 4019 3085 4089 transigitur,
3142 4035 3236 4074 eos
3270 4023 3364 4089 qui

1793 4107 1968 4163 curati
2016 4115 2164 4171 sunt,
2221 4123 2329 4162 non
2387 4108 2478 4178 qui
2517 4116 2780 4180 perpetuo
2843 4119 3127 4174 curantur,
3177 4112 3368 4166 beatos

1788 4199 2121 4268 judicamus.
2155 4197 2465 4254 Curationis
2493 4201 2634 4256 enim
2669 4203 2999 4271 prorogatio,
3030 4203 3368 4257 inﬁrmitatis

1795 4305 2012 4360 quoque
2057 4292 2475 4360 perpetuitatem
2514 4301 2568 4346 et
2609 4293 3024 4348 continuitatem
3071 4295 3234 4348 simul
3275 4295 3364 4347 iu-

91 4393 212 4439 τος.
253 4375 493 4440 Πολλοὺς
527 4377 633 4450 γὰρ
672 4379 974 4450 εὑρήσομεν
1009 4382 1419 4453 ἀκατηγόρητον
1463 4384 1679 4454 ἐσχηκό-

1795 4385 1962 4439 dicat.
1999 4384 2176 4453 Atque
2226 4385 2390 4438 etiam
2435 4385 2540 4438 alia
2588 4384 2798 4438 ratione
2837 4383 2968 4437 mihi
2997 4393 3208 4438 rectum
3244 4401 3369 4439 esse

81 4485 198 4530 τας
229 4467 331 4519 τὸν
370 4467 504 4537 βίον,
537 4471 630 4522 κα¹ι
658 4470 746 4522 ὑπ’
777 4472 944 4541 αὐτῆς
965 4473 1064 4542 τῆς
1092 4473 1242 4537 θείας
1268 4474 1449 4543 φωνῆς
1478 4491 1693 4546 μεμαρ-

79 4559 420 4630 τυρημένον
463 4562 558 4613 ἐπὶ
595 4563 751 4615 παντὶ
788 4563 866 4634 τῷ
905 4565 1152 4633 βελτίονι.
1184 4567 1320 4620 Ποία
1358 4568 1466 4638 γὰρ
1503 4569 1693 4622 πλεον-

77 4652 218 4716 εξία.
249 4648 354 4702 τοῦ
407 4652 688 4718 ’1ωάννου;
727 4656 856 4708 ποία
883 4655 1292 4728 εἰδωλολατρεία
1329 4656 1423 4709 τοῦ
1473 4659 1688 4727 Ἠλίου;

77 4743 154 4794 Τί
198 4741 478 4812 μικρὸνῆ
536 4745 718 4813 μεῖζον
747 4746 888 4800 κατὰ
934 4747 1024 4800 τὸν
1070 4749 1182 4817 βίον
1227 4751 1446 4804 ἐκείνων
1487 4749 1624 4805 οἶδεν
1655 4755 1689 4824 ἡ

79 4833 326 4903 ἱστορία
371 4832 784 4905 πλημμέλημα;
819 4837 883 4888 Τί
913 4833 1040 4902 οὖν;
1077 4835 1223 4910 ’Ἄρα
1250 4840 1352 4905 ἔξω
1379 4843 1478 4913 τῆς
1519 4859 1694 4914 μακα-

77 4923 366 4994 ριότητος
397 4924 537 4978 εἶναι
575 4929 602 4979 6
626 4927 779 4996 λόγος
802 4930 998 4993 αὐτοὺς
1027 4932 1376 5003 ὑποθήσεται,
1406 4939 1530 5001 τοὺς
1557 4939 1694 5009 μήτε

71 5015 194 5083 τὴν
231 5015 422 5086 ἀρχὴν
447 5019 828 5087 νενοσηκότας,
866 5023 1006 5092 μήτε
1033 5023 1126 5076 τοῦ
1155 5029 1445 5097 φαρμάκου
1479 5028 1690 5092 τούτου,

71 5107 249 5173 λέγω
283 5106 344 5158 δὲ
379 5107 473 5159 τοῦ
505 5110 569 5160 ἐκ
600 5112 888 5177 μετανοίας
917 5113 1268 5182 πένθους,εἰς
1293 5119 1476 5189 χρείαν
1511 5119 1692 5173 ἐλθόν-

67 5213 236 5263 τας;
289 5199 366 5250 Ἢ
399 5201 600 5254 ἄτοπον
629 5202 713 5273 εἴη
742 5205 868 5267 τοὺς
896 5207 1169 5272 τοιούτους
1199 5209 1299 5279 τῆς
1329 5211 1478 5275 θείας
1517 5229 1693 5282 μακα-

73 5291 368 5362 ριότητος
422 5293 759 5366 ἀποϐλήτους
806 5298 1046 5362 οἴεσθαι,
1107 5299 1187 5352 ὅτι
1241 5303 1375 5371 μήτε
1425 5303 1691 5374 ἥμαρτον,

73 5383 248 5452 μήτε
301 5383 492 5438 πένθει
529 5387 628 5458 τὴν
668 5387 943 5459 ἁμαρτίαν
979 5390 1230 5452 ίάσαντο;
1267 5393 1336 5446 Ἢ
1369 5393 1512 5447 οὕτω
1547 5394 1598 5462 γ’
1630 5393 1696 5448 ἂν

67 5477 180 5545 εἴη
218 5473 296 5528 τὺ
329 5477 668 5548 ἁμαρτάνειν
699 5480 792 5536 τοῦ
825 5483 1216 5556 ἀναμαρτήτως
1247 5483 1348 5558 ζῇν
1378 5487 1696 5557 προτιμότε-

167 5655 222 5688 ⁸⁸
269 5655 322 5712 ll
363 5657 473 5714 Cor
531 5676 607 5722 ιι,
643 5659 696 5712 7.

1799 4476 2030 4537 videtur,
2061 4485 2254 4532 utnon
2299 4475 2596 4530 secundum
2637 4475 2783 4530 hunc
2807 4477 2982 4530 solum
3029 4477 3365 4531 intellectum

1798 4581 2088 4637 ponamus,
2124 4566 2270 4636 quod
2300 4565 2534 4620 Verbum
2575 4575 2796 4636 propter
2848 4577 3128 4634 peccatum
3181 4569 3369 4638 lugen-

1797 4657 1946 4711 tibus
1991 4656 2383 4710 beatitudinem
2412 4655 2639 4708 tribuat.
2679 4655 2876 4710 Multos
2924 4657 3070 4710 enim
3121 4657 3370 4712 invenie-

1799 4767 1945 4814 mus,
1987 4765 2218 4820 qnorum
2249 4751 2360 4802 vita
2391 4749 2690 4818 inculpata,
2729 4749 3006 4819 nullisque
3044 4751 3367 4806 criminibus

1802 4843 2060 4906 obnoxia,
2087 4851 2252 4910 atque
2275 4842 2448 4910 ipsius
2474 4840 2610 4895 adeo
2635 4841 2830 4894 divina:
2853 4841 3002 4894 vocis
3052 4843 3368 4895 testimonio

1801 4933 2069 5002 cujusque
2117 4931 2338 4985 virtutis
2379 4932 2600 4984 nomine
2644 4931 3020 4985 commendata
3061 4930 3178 4985 fuit.
3231 4931 3370 4984 Nam

1800 5041 1921 5096 qua:
1965 5025 2191 5079 avaritia
2236 5023 2511 5078 Joannis?
2562 5024 2685 5092 quis
2733 5022 3148 5076 simulacrorum
3188 5023 3374 5076 cultus

1803 5113 1975 5168 Elite?
2023 5113 2166 5183 quod
2217 5128 2442 5182 parvum
2483 5121 2576 5166 aut
2607 5127 2860 5182 magnum
2917 5111 2972 5164 in
3005 5111 3112 5164 vita
3155 5111 3370 5164 illorum

1801 5206 2030 5262 historia
2055 5205 2205 5260 novit
2236 5205 2534 5260 delictum?
2564 5203 2700 5270 Quid
2723 5202 2897 5272 ergo?
2928 5211 3108 5256 utrum
3139 5201 3372 5256 beatitu-

1803 5301 1950 5356 dinis
1972 5307 2224 5371 expertes
2252 5314 2347 5354 eos
2372 5312 2494 5354 esse
2517 5313 2696 5352 sermo
2717 5302 2900 5365 ponet,
2932 5295 3026 5365 qui
3057 5309 3158 5348 nec
3180 5294 3248 5346 ab
3267 5293 3372 5347 ini-

1805 5392 1880 5446 tio
1908 5406 2136 5461 prorsus
2165 5396 2588 5461 aegrotaverunt,
2621 5401 2721 5442 nec
2757 5387 2995 5441 remedio
3042 5385 3163 5449 hoc,
3200 5385 3374 5446 luctu,

1806 5485 2051 5556 inquam,
2082 5498 2146 5540 ex
2177 5481 2523 5553 poenitentia,
2554 5494 2692 5550 opus
2719 5477 3060 5534 habuerunt?
3091 5491 3160 5530 an
3179 5474 3372 5530 absur-
