3844 6224
159 310 306 377 19.25
1221 319 1313 373 DE
1342 318 1742 374 BEATITUDIB

1857 319 1939 375 J’S.
1983 319 2243 375 ORATIO
2286 321 2370 375 Ill.
3296 327 3434 382 1293

154 442 260 512 τὴν
291 443 566 512 πτωχείαν
611 442 715 512 τῆς
743 441 1091 513 ἀνθρωπίνης
1139 441 1352 510 φύσεως
1388 443 1742 511 κατανοήσαςἸ

1861 451 2061 510 putans
2087 459 2101 508 ;
2127 449 2290 511 atque
2320 458 2384 496 ex
2419 441 2519 495 hac
2561 456 2620 496 re
2655 442 2885 507 accidet,
2925 452 2980 495 ut
3022 442 3254 498 alterum
3304 447 3433 514 qni-

152 535 219 587 ἐν
255 535 512 605 συμφορᾷ
553 534 653 605 τὴν
681 532 860 604 ψυχὴν
899 533 1118 595 πάντως
1139 531 1270 596 ἕξει,
1297 531 1373 601 τῷ
1403 531 1478 602 μὴ
1526 528 1668 585 εἶναι
1695 535 1742 585 ἐκ.

1857 534 1978 589 dem
2013 533 2150 588 lucis
2174 549 2310 588 usus
2337 533 2670 588 desiderium
2713 534 2848 587 nihil
2877 549 2985 587 non
3029 535 3206 588 moliri
3255 544 3310 590 et
3335 553 3433 590 exc

149 625 237 695 τῷ
266 625 456 695 ἀγαθῷ
492 625 686 695 ἐκείνῳ
734 625 828 679 τὸν
871 624 1116 694 παρόντα
1161 623 1295 692 βίον,
1347 623 1539 686 πένθος
1580 623 1742 676 ποιοὺ

1857 625 2096 692 cogitare
2131 633 2310 692 cogat,
2332 636 2441 692 quo
2479 637 2673 677 rursus
2706 622 2890 676 videre
2921 621 3204 694 contingat
3226 622 3278 676 id
3309 637 3422 692 quo

157 733 340 785 μενος.
375 716 584 771 Οὐκοῦν
622 716 686 769 οὑ
725 714 822 786 τὴν
854 713 1033 785 λύπην
1069 731 1160 784 μοι
1195 714 1342 766 δοκεῖ
1373 713 1697 784 μακαρίζειν
1726 714 1742 766 ί

1857 731 1948 785 per
1973 716 2080 769 vim
2120 715 2366 785 privatus
2397 722 2516 780 est;
2544 715 2681 769 alter
2706 729 2835 767 vero
2868 723 3156 783 propterea
3182 713 3331 784 quod
3359 713 3436 776 id,

151 806 352 874 Λόγος,
387 806 524 860 ἀλλὰ
551 806 652 877 τὴν
680 807 887 876 εἴδησιν
924 804 1018 858 τοῦ
1049 804 1276 873 ἀγαθοῦ,
1363 804 1425 857 τὸ
1451 805 1549 874 τῆς
1577 803 1742 872 λύπης

1857 806 1992 876 quod
2025 807 2222 860 melius
2249 814 2354 870 est,
2383 807 2618 878 ignorat,
2657 807 2711 860 id
2745 805 2890 875 quod
2914 806 3016 860 sibi
3053 805 3198 860 adsit
3223 807 3432 859 bonum

152 895 328 959 πάθος
359 894 762 965 ὲπισυμὸαίνει,
791 894 880 949 διὰ
922 895 984 948 τὸ
1028 895 1102 965 μὴ
1134 896 1389 965 παρεῖναι
1417 893 1496 964 τῷ
1543 895 1643 965 βίῳ
1688 896 1742 948 τὸ

1857 896 2272 964 essejudicans,
2324 900 2379 952 in
2416 898 2648 967 caligine
2688 898 2852 953 vitam
2895 897 3206 966 transigens
3241 912 3441 950 conse-

154 986 322 1056 ζητοὺ
331 1005 513 1057 μενον.

1857 987 2086 1055 nescet.)
2120 987 2310 1042 Itidem
2347 1004 2406 1043 se
2438 1003 2526 1042 res
2557 989 2722 1044 habet
2763 989 2817 1041 in
2842 990 3125 1058 proposita
3152 987 3432 1053 sententia

152 1089 324 1149 atque
365 1083 679 1143 intellectu;
715 1083 807 1150 qui
839 1081 891 1134 id
934 1080 1080 1148 quod
1100 1095 1230 1134 vere
1271 1081 1471 1133 bonum
1507 1088 1612 1147 est,
1661 1079 1846 1136 videre
1886 1083 2083 1151 potuit,
2143 1082 2339 1138 deinde
2377 1090 2671 1153 egestatem
2714 1083 2966 1137 humanae
3012 1092 3220 1136 natura:
3259 1083 3438 1138 aniat-

152 1173 393 1227 advertit
431 1185 596 1245 atque
634 1175 1024 1241 consideravit,
1063 1175 1221 1244 quasi
1269 1175 1582 1230 calamitate
1628 1185 1851 1245 accepta
1892 1179 1946 1231 in
2003 1178 2184 1232 animo
2249 1194 2308 1233 se
2382 1178 2540 1248 plane
2614 1177 2892 1233 alllictabit
2960 1186 3014 1232 et
3075 1176 3433 1239 excruciabit,

153 1285 222 1323 eo
261 1273 409 1339 quod
438 1272 491 1325 in
523 1271 618 1325 illo
642 1272 786 1324 bono
823 1285 934 1324 non
969 1280 1237 1337 versetur,
1293 1280 1613 1340 prasentem
1646 1272 1770 1326 vitae
1807 1281 2034 1337 statum,
2095 1274 2302 1327 luctum
2345 1287 2470 1328 esse
2497 1274 2728 1328 ducens.
2801 1271 2943 1342 Ergo
2987 1286 3096 1326 non
3152 1270 3433 1326 tristitiam

156 1357 379 1414 beatam
451 1361 654 1416 ducere
708 1362 948 1418 Verbum
1015 1361 1150 1414 mihi
1201 1361 1438 1428 videtur,
1500 1362 1594 1416 sed
1644 1365 2010 1433 cognitionem
2055 1372 2108 1419 et
2155 1365 2441 1421 scientiam
2498 1365 2652 1427 boni,
2711 1363 2799 1418 cui
2867 1362 3034 1416 animi
3089 1361 3296 1416 doloris
3349 1360 3434 1413 nf-

151 1449 338 1506 fectus
367 1452 572 1507 accedit
603 1469 618 1517 ;
647 1462 934 1522 propterea
967 1453 1114 1522 quod
1155 1452 1231 1516 id,
1257 1453 1405 1522 quod
1452 1455 1738 1522 quaeritur,
1781 1456 1906 1509 vitae
1943 1471 2052 1511 non
2083 1455 2248 1513 adsit.

239 1547 557 1601 Ἀκόλουθον
610 1547 788 1600 τοίνυν
842 1547 1092 1610 ἐξετάσαι
1149 1548 1202 1600 τί
1248 1565 1378 1600 ποτε
1437 1548 1544 1619 ἄρα
1603 1550 1750 1602 ἐστὶν

1925 1551 2046 1606 Jam
2078 1567 2208 1606 vero
2235 1567 2576 1620 consequens
2593 1558 2646 1606 et
2673 1551 2982 1620 proximum
3005 1551 3170 1605 fuerit
3211 1550 3436 1606 investi-

137 1637 331 1696 ,ἐκεῖνο
362 1639 420 1690 τὸ
447 1638 562 1706 cpio;
599 1677 615 1703 ,
641 1629 688 1705 ᾧ
721 1638 783 1691 τὺ
825 1637 1061 1706 ζοφῶδες
1099 1637 1256 1690 τοῦτο
1276 1638 1375 1706 τῆς
1413 1640 1742 1710 ἀνθρωπίνης

1857 1657 2004 1710 gare,
2031 1659 2152 1712 qua:
2183 1643 2402 1697 tandem
2440 1643 2531 1696 illa
2580 1642 2652 1697 sit
2683 1641 2872 1711 utique
2902 1641 3018 1703 lux,
3055 1656 3159 1708 qua
3200 1640 3437 1695 obscura

155 1729 375 1797 φύσεως
435 1729 696 1800 σπήλαιον
738 1731 796 1783 ὲν
849 1729 925 1798 τῷ
969 1728 1200 1797 παρόντι
1242 1729 1342 1798 βίῳ
1379 1729 1439 1782 οὑ
1473 1730 1748 1798 καταυγά-

154 1822 329 1884 (erat.
350 1818 427 1873 ἿΙ
454 1820 616 1889 τάχα,
642 1819 703 1872 οὑ
743 1819 880 1888 πρὸς
928 1818 988 1872 τὺ
1033 1819 1294 1888 ἁνήνυτόν
1322 1837 1382 1872 τε
1419 1820 1514 1873 καὶ
1541 1821 1750 1874 ἀκατά-

152 1912 360 1982 ὶπηπτον
385 1915 417 1982 ή
444 1911 709 1981 ἐπιθυμία
738 1911 957 1980 βλέπεις
990 1912 1086 1976 Τίς
1112 1911 1220 1980 γὰρ
1247 1913 1305 1964 ἐν
1335 1913 1466 1981 ἡμῖν
1499 1912 1755 1983 λογισμὸς

151 2004 415 2064 τοιοῦτος,
465 2003 542 2064 ὡς
589 2001 902 2072 ἀνιχνεῦσαι
936 2001 1029 2056 τοῦ
1062 2002 1392 2072 ζητουμένου
1423 2002 1521 2073 τὴν
1552 2002 1752 2072 φύσιν;

153 2094 251 2156 Τίς
288 2095 347 2159 ἐξ
384 2093 661 2162 ὀνομάτων
701 2109 759 2145 τε
806 2094 899 2146 καὶ⁸
947 2095 1206 2165 ῥημάτων
1243 2096 1484 2164 σημασία
1510 2095 1752 2167 τοιαύτη,

152 2186 232 2247 ὡς
279 2184 438 2248 ἀξίαν
478 2187 609 2254 ἡμῖν
648 2184 856 2238 ἔννοιαν
889 2186 984 2238 τοῦ
1020 2187 1413 2256 ὑπερκειμένου
1445 2186 1622 2255 φωτὸς
1655 2188 1755 2257 έμ-

153 2276 414 2344 ποιῆσαι;
447 2276 572 2338 Πῶς
599 2277 852 2346 ὀνομάσω
880 2278 941 2330 τὸ
969 2278 1233 2343 ἀθέατον;
1268 2279 1392 2341 Πῶς
1421 2280 1756 2350 παραστήσω

149 2367 216 2418 τὸ
261 2367 457 2434 ἇῦλον;
504 2369 631 2430 Πῶς
684 2368 840 2432 δείξω
887 2369 948 2420 τὸ
1003 2369 1211 2432 ἁειδές;
1256 2369 1371 2432 πῶς
1419 2370 1656 2423 διαλάϐω
1697 2370 1756 2422 τὸ

147 2459 446 2528 ἁμέγεθες,
479 2459 542 2511 τὸ
577 2459 800 2523 ἄποσον,
848 2460 909 2512 τὸ
960 2462 1168 2523 ἄποιον,
1212 2461 1272 2512 τὸ
1308 2461 1709 2530 ἀσχημάτιστον
1739 2481 1753 2527 ;

150 2551 216 2604 τὸ
258 2552 395 2622 μήτε
429 2552 598 2622 τόπῳ,
640 2553 778 2622 μήτε
809 2553 988 2623 χρόνῳ
1016 2553 1433 2623 εὑρισκόμενον;
1466 2553 1526 2605 τὸ
1566 2553 1756 2619 ἐξώτε-

152 2658 252 2712 ρον
297 2641 499 2706 παντὸς
547 2642 855 2714 περασμοῦ,
889 2643 983 2695 καὶ
1029 2643 1209 2714 πάσης
1246 2645 1523 2713 ὀριστικῆς
1555 2660 1754 2710 φαντα-

153 2730 280 2794 σίας
304 2748 319 2797 ;
360 2727 420 2786 οὑ
447 2732 606 2802 ἔργον
637 2731 772 2803 ζωὴ,
803 2734 897 2786 καὶ
922 2735 955 2803 ή
987 2733 1202 2786 πάντων
1233 2734 1341 2786 τῶν
1369 2733 1511 2786 κατὰ
1537 2733 1597 2786 τὸ
1621 2735 1756 2802 ἀγα-

148 2822 248 2876 θὸν
277 2823 581 2894 νοουμένων
605 2824 937 2887 ὑπόστασιςς
976 2825 1102 2894 περὶ
1130 2824 1159 2876 ὃ
1200 2826 1308 2876 πᾶν
1342 2824 1545 2892 ὑψηλὸν
1581 2825 1757 2895 νόημά

149 2927 211 2962 τε
257 2911 350 2964 καὶ
390 2911 560 2982 ὄνομα
597 2911 917 2982 θεωρεῖται;
962 2912 1171 2982 θεότης,
1209 2913 1471 2983 βασιλεία,
1505 2914 1752 2984 δύναμις,

148 3001 432 3072 ἀῖδιότης,
480 3003 791 3075 ἀφθαρσία,
843 3004 990 3074 χαρά
1030 3022 1089 3057 τε
1145 3007 1237 3058 καὶ
1274 3006 1615 3075 ἀγαλλίαμα,
1665 3007 1757 3059 καὶ

152 3092 271 3142 πᾶν
294 3090 376 3143 ὅτι
402 3092 508 3162 πέρ
531 3094 678 3144 ἐστιν
700 3093 757 3144 ὲν
782 3091 905 3160 ὕψει
929 3093 1216 3163 νοούμενόν
1237 3111 1297 3145 τε
1319 3096 1411 3147 καὶ
1431 3095 1751 3166 λεγόμενονς

148 3179 282 3242 Πῶς
305 3181 484 3233 τοίνυν
517 3180 634 3233 ἐστι
663 3181 756 3234 καὶ
793 3181 882 3234 διὰ
916 3182 1086 3235 ποίων
1111 3181 1384 3252 λογισμῶν
1411 3184 1471 3236 τὸ
1512 3185 1750 3238 τοιοῦτον

148 3270 312 3340 ἡμῶν
348 3272 550 3340 ἀγαθὸν
592 3273 685 3324 ὑπ’
711 3273 832 3341 όψιν
880 3272 1075 3335 ἐλθεῖν,
1125 3274 1185 3326 τὸ
1237 3273 1505 3344 θεώμενον
1538 3275 1632 3328 καὶ
1676 3275 1750 3345 μὴ

149 3356 487 3429 βλεπόμενον
515 3377 528 3423 ;
561 3361 635 3412 Τὸ
655 3361 787 3414 πᾶσι
811 3363 926 3424 τοῖς
948 3357 1067 3414 οὖσι
1095 3361 1156 3415 τὸ
1181 3358 1320 3415 εἶναι
1347 3365 1748 3434 παρεχόμενον,

147 3444 286 3499 αὐτὸ
327 3447 383 3501 δὲ
425 3449 511 3501 ἀεὶ
549 3448 631 3509 ὃν,
675 3449 768 3502 καὶ
813 3449 908 3502 τοῦ
931 3450 1182 3518 γενέσθαι
1210 3452 1272 3504 οὑ
1317 3453 1746 3523 προσδεόμενον;

1859 1732 1972 1787 ι]ωο
2013 1732 2266 1791 humanae
2301 1744 2508 1788 natura:
2541 1734 2801 1803 spelunca
2828 1749 2882 1787 tn
2906 1735 3161 1803 praesenti
3189 1733 3295 1786 vita
3325 1748 3432 1785 non

1858 1824 2215 1878 illuminatur.
2245 1824 2500 1894 Nunquid
2524 1825 2590 1879 ad
2617 1824 2671 1878 id
2708 1823 2960 1889 forsitan,
3004 1824 3150 1893 quod
3195 1838 3296 1879 nec
3334 1840 3432 1876 ex-

1859 1915 2056 1983 pediri,
2089 1931 2189 1970 nec
2228 1916 2515 1984 explicari,
2545 1930 2646 1970 nec
2686 1915 3073 1984 comprehendi
3107 1921 3305 1984 potest,
3337 1930 3435 1968 cu-

1857 2003 2057 2072 piditas
2089 2005 2345 2073 spectat?
2373 2009 2504 2071 Quae
2528 2005 2672 2060 enim
2696 2005 2752 2059 in
2781 2005 2940 2060 nobis
2966 2006 3222 2074 cogitatio
3245 2006 3433 2072 conje-

1856 2102 2077 2148 cturave
2105 2095 2230 2150 talis
2261 2104 2364 2156 est,
2399 2104 2458 2148 ut
2486 2095 2776 2165 investiget
2802 2096 2921 2165 ejus
2946 2095 3090 2165 quod
3135 2095 3425 2164 quaeritur,

1857 2185 2147 2237 naturam?
2173 2201 2294 2254 qua:
2325 2202 2388 2239 ex
2439 2186 2758 2241 nominibus
2793 2186 2998 2256 pariter
3035 2202 3098 2239 ac
3132 2187 3317 2240 verbis
3349 2187 3432 2241 si-

1858 2274 2138 2343 gniﬁcatio
2181 2287 2440 2332 constans
2470 2279 2591 2334 talis
2627 2287 2732 2344 est,
2806 2286 2868 2332 ut
2917 2277 3138 2348 dignam
3181 2279 3235 2332 in
3274 2277 3432 2332 nobis

1857 2381 2107 2433 supernae
2143 2368 2282 2423 lucis
2333 2369 2584 2423 notitiam
2615 2369 2894 2440 ingeneret
2917 2370 2940 2422 ?
2961 2369 3230 2439 quomodo
3256 2371 3434 2423 nomi-

1858 2459 2000 2511 nabo
2036 2458 2086 2510 id
2116 2459 2261 2528 quod
2289 2461 2524 2528 spectari
2555 2475 2662 2515 non
2688 2464 2903 2529 potest?
2935 2463 3210 2532 quomodo
3231 2479 3428 2532 sugge-

1859 2563 1972 2600 ram
2004 2556 2165 2617 atque
2198 2550 2499 2619 exprimam
2541 2550 2595 2604 id
2633 2552 2775 2620 quod
2809 2553 3055 2607 materiei
3087 2568 3285 2622 expers
3314 2553 3433 2608 est?

1857 2639 2132 2708 quomodo
2145 2641 2430 2696 ostendam
2450 2641 2524 2708 id,
2542 2641 2689 2711 quod
2712 2644 2884 2698 visum
2907 2643 3097 2714 eﬂugit
3117 2645 3140 2697 ?
3157 2646 3429 2714 quomodo

1857 2733 2312 2800 comprehendam
2337 2731 2413 2796 id,
2446 2732 2590 2801 quod
2619 2743 2842 2803 superat
2883 2749 3101 2789 omnem
3152 2736 3433 2805 magnitu-

1858 2822 2083 2875 dinem?
2109 2823 2253 2892 quod
2286 2823 2390 2878 sub
2421 2825 2803 2893 quantitatem,
2832 2826 2936 2880 sub
2955 2826 3272 2895 qualitatem
3321 2841 3428 2880 non

1858 2913 2042 2966 cadit?
2082 2913 2224 2981 quod
2263 2912 2460 2983 efﬁngi,
2512 2917 2654 2984 quod
2707 2917 3007 2970 assimilari
3058 2933 3166 2970 non
3214 2921 3434 2987 potest?

1857 3004 2002 3072 quod
2030 3020 2204 3075 neque
2243 3003 2391 3068 loco,
2446 3021 2623 3074 neque
2675 3015 2919 3076 tempore
2957 3009 3431 3078 deprehenditur?

1857 3095 1998 3161 quod
2026 3096 2230 3149 excidit
2251 3111 2464 3150 omnem
2499 3097 2902 3162 limitationem,
2951 3105 3008 3152 et
3031 3113 3248 3152 omnem
3287 3098 3426 3151 deﬁ-

1855 3185 2077 3238 nitivam
2163 3186 2652 3255 imaginationem?
2709 3188 2869 3257 cujus
2945 3203 3088 3257 opus
3163 3190 3427 3255 estvita,

1853 3276 2208 3345 omniumque
2231 3292 2352 3345 quae
2381 3293 2479 3346 per
2502 3279 2708 3332 bonum
2739 3280 3146 3351 intelliguntur,
3169 3281 3426 3336 substan-

1852 3365 1969 3418 tia?
1999 3365 2142 3418 circa
2169 3367 2313 3434 quod
2355 3369 2536 3423 omnis
2562 3369 2848 3438 cogitatio,
2889 3372 3070 3426 omnis
3102 3373 3269 3426 animi
3298 3387 3430 3427 con-

1852 3464 2041 3525 ceptus
2069 3463 2121 3511 et
2161 3457 2472 3514 intellectus
2522 3460 2776 3515 sublimis
2816 3465 3112 3518 versatur?
3139 3481 3301 3520 omne
3330 3481 3430 3519 ηοσ-

148 3555 278 3594 men
345 3540 514 3592 altum
559 3539 946 3595 consideratur
970 3542 994 3595 ?
1021 3541 1229 3607 Deitas,
1297 3559 1548 3613 regnum,
1601 3546 1868 3614 potentia,
1891 3548 2190 3611 aeternitas,
2227 3549 2739 3618 incorruptibilitas,
2777 3553 3147 3624 gaudiumque
3179 3558 3431 3612 etexsnl-

148 3631 312 3694 latio,
371 3637 423 3684 et
451 3645 614 3684 ornne
678 3631 1045 3701 quodcunque
1109 3633 1165 3686 in
1231 3633 1516 3688 altitudine
1584 3643 1692 3687 tam
1753 3634 2095 3706 intelligitur,
2148 3637 2720 3704 quamdicitm-?Quo
2751 3641 2915 3708 igitur
2945 3642 3129 3702 modo.
3154 3645 3427 3712 quibusve

146 3724 604 3795 cogitationibus,
650 3723 921 3792 ejusmodi
973 3726 1131 3780 nobis
1166 3727 1368 3780 bonum
1441 3736 1569 3782 ante
1632 3729 1823 3783 oculos
1867 3731 1996 3798 poni
2031 3732 2226 3798 possit,
2261 3732 2405 3800 quod
2444 3741 2725 3801 spectatur
2752 3742 2806 3788 et
2833 3751 2941 3788 non
2982 3739 3258 3792 cernitur?
3281 3739 3430 3810 quod

146 3811 322 3866 rebus
359 3810 630 3865 universis
661 3810 997 3875 facultatem,
1023 3824 1081 3866 ut
1125 3813 1255 3877 sint,
1294 3814 1516 3883 praebet,
1536 3815 1712 3884 ipsum
1751 3831 1880 3870 vero
1903 3833 2119 3887 semper
2137 3827 2242 3883 est,
2262 3836 2436 3888 neque
2459 3830 2518 3876 ut
2540 3822 2768 3876 exsistat
2790 3827 3023 3894 amplius
3056 3842 3194 3895 opus
3229 3829 3431 3885 habet?

235 3906 376 3958 Ἀλλ’
402 3905 476 3968 ὡς
505 3905 571 3958 ἂν
603 3905 677 3976 μὴ
708 3907 883 3977 μάτην
917 3909 945 3960 ό
987 3907 1144 3976 λόγος
1170 3909 1368 3977 κάμνοι
1398 3910 1509 3972 τοῖς
1531 3908 1752 3978 ἀχωρή-

144 4013 266 4059 τοις
290 3995 479 4049 ἑαυτὸν
514 3995 862 4058 ὲπεκτείνων,
889 3996 996 4047 τῶν
1027 3998 1125 4063 μὲν
1161 3997 1570 4067 ὑπερκειμένων
1613 3999 1750 4063 ἀγαο

147 4084 264 4140 θῶν
308 4085 408 4155 τὴν
451 4084 644 4152 φύσιν,
690 4083 767 4146 ὡς
818 4084 1100 4153 ἀμήχανον
1142 4083 1202 4138 ὃν
1247 4084 1308 4136 τὸ
1354 4083 1592 4137 τοιοῦτον
1644 4083 1749 4136 ὑπὸ

146 4173 459 4243 κατάληψιν
499 4173 702 4235 ἐλθεῖν,
753 4171 1336 4243 πολυπραγμονοῦντες
1389 4171 1747 4242 παυσώμεθα,

146 4264 406 4320 τοσοῦτον
439 4264 599 4334 μόνον
620 4265 685 4316 ἐκ
710 4262 817 4315 τῶν
845 4262 1185 4331 ζητηθέντων
1218 4263 1598 4334 κερδάναντες,
1625 4263 1750 4314 ὅσον

144 4352 222 4409 δι’
261 4353 426 4408 αὑτοῦ
465 4353 558 4406 τοῦ
599 4353 671 4422 μὴ
699 4352 992 4422 δυνηθῆναι
1039 4353 1276 4405 κατιδεῖν
1309 4352 1370 4404 τὸ
1397 4351 1745 4421 ζητούμενον,

146 4444 364 4500 ἔννοιάν
396 4461 515 4497 τινα
550 4443 642 4495 τοῦ
680 4441 942 4512 μεγέθους
994 4442 1100 4494 τῶν
1156 4443 1501 4512 ζητουμένων
1547 4442 1747 4493 ἀνατυ-

147 4537 461 4590 πώσασθαι.
491 4537 639 4605 Ὄσῳ
668 4536 724 4588 δὲ
759 4537 858 4604 τῆς
904 4532 1159 4602 γνώσεως
1212 4533 1366 4604 ἡμῶν
1418 4533 1748 4604 ὑψηλότερον

147 4622 298 4681 εἶναι
331 4625 389 4678 τὸ
418 4625 618 4692 ἀγαθὸν
650 4629 716 4696 τῇ
748 4625 908 4695 φύσει
943 4623 1290 4691 πιστεύομεν,
1339 4624 1578 4693 τοσούτῳ
1614 4623 1747 4691 μᾶλ-

144 4719 245 4771 λον
286 4716 346 4768 τὸ
387 4716 580 4778 πένθος
625 4717 684 4768 ὲν
722 4717 904 4778 αὐτοῖς
952 4713 1328 4782 ἐπιτείνωμεν,
1377 4715 1459 4766 ὅτι
1506 4713 1744 4767 τοιοῦτόν

145 4810 272 4861 ἑστι
302 4807 397 4860 καὶ
423 4806 675 4859 τοσοῦτον
701 4806 763 4859 τὸ
800 4805 1024 4874 ἀγαθὸν,
1055 4800 1115 4861 οῦ
1147 4805 1516 4874 διεζευγμένοι
1541 4805 1744 4874 τυγχά-

145 4914 337 4968 νομεν,
371 4897 447 4959 ὡς
477 4896 611 4966 μηδὲ
651 4897 750 4967 τὴν
779 4896 978 4964 γνῶσιν
1019 4895 1182 4949 αὑτοῦ
1219 4899 1418 4966 χωρεῖν
1458 4896 1739 4951 δύνασθαι.

144 4986 356 5039 Τούτου
381 4985 564 5055 μέντοι
591 4984 685 5038 τοῦ
711 4985 1099 5056 ὑπεραίροντος
1119 4986 1300 5038 πᾶσαν
1324 4985 1554 5056 δύναμιν
1583 5003 1745 5040 κατα-

143 5077 442 5147 ληπτικὴν,
483 5078 540 5131 ὲν
583 5077 842 5147 μετουσίᾳ
880 5077 1010 5130 ποτὲ
1041 5073 1183 5147 ἦμεν
1215 5078 1265 5130 οἱ
1307 5075 1584 5146 ἄνθρωποι
1606 5095 1619 5109 ·
1649 5078 1744 5131 καὶ

144 5167 402 5220 τοσοῦτον
427 5163 496 5237 ἦν
526 5168 668 5237 ὲντῇ
711 5167 870 5235 φύσει
914 5165 1070 5236 ἡμῶν
1124 5168 1298 5219 ἐκεῖνο
1348 5167 1409 5218 τὸ
1441 5165 1645 5235 ἀγαθὸν
1685 5167 1746 5220 τὺ

143 5259 293 5328 ὑπὲρ
323 5260 431 5311 πᾶν
455 5259 652 5328 νόημα,
683 5257 758 5320 ὼς
790 5257 916 5312 ἄλλο
944 5259 1120 5309 ἐκεῖνο
1149 5258 1209 5309 τὸ
1234 5256 1572 5328 ἀνθρώπινον
1603 5253 1746 5311 εἷναι

143 5351 349 5416 δοκεῖν,
383 5352 449 5420 τῇ
499 5348 869 5420 ἀκριϐεστάτη
926 5346 1183 5417 ὁμοιώσει
1239 5347 1381 5399 κατὰ
1421 5349 1521 5417 τὴν
1564 5347 1746 5401 εἰκόνα

143 5440 246 5494 τοῦ
308 5439 665 5511 πρωτοτὺπου
719 5439 1166 5510 μεμορφωμένον.
1204 5441 1275 5493 ⁴¹Α
1317 5440 1425 5511 γὰρ
1473 5439 1567 5494 νῦν
1619 5442 1749 5512 περὶ

145 5531 357 5584 ἐκείνου
403 5529 772 5601 στοχαπικιῦς
822 5529 1152 5601 θεωροῦμεν,
1207 5529 1378 5584 ταῦτα
1420 5530 1600 5589 πάντα
1645 5532 1739 5584 καὶ

146 5623 282 5691 περὶ
309 5622 399 5674 τὸν
425 5621 708 5692 ἄνθρωπον
729 5616 818 5690 ἦν,
846 5620 1122 5693 ἀφθαρσίᾳ
1145 5639 1204 5675 τε
1234 5623 1326 5675 καὶ
1355 5621 1734 5692 μακαριότητι·

147 5712 246 5767 καὶ
271 5711 330 5764 τὸ
357 5710 689 5779 αὐτοκρατὲς
711 5709 806 5763 καὶ
826 5709 887 5762 τὸ
911 5709 1223 5776 ἀδέσποτον,
1252 5711 1312 5764 τό
1338 5728 1396 5764 τε
1421 5710 1622 5766 ἄλυπον
1644 5713 1736 5764 καὶ

440 5805 710 5862 PATnOL.
751 5802 796 5860 G
810 5821 867 5859 ιι.
911 5801 1110 5860 XLIV.

1920 3910 2122 3966 Verum
2180 3929 2249 3968 ne
2300 3915 2476 3968 oratio
2498 3913 2702 3969 frustra
2747 3917 2975 3981 laboret,
3038 3920 3092 3973 in
3130 3921 3298 3977 rebus
3337 3937 3429 3977 ca-

1851 4010 2005 4072 ptum
2041 4012 2288 4058 nostrum
2314 4005 2702 4074 superantibus
2749 4008 3013 4062 enitendo
3068 4025 3192 4065 sese
3245 4011 3427 4066 inten-

1850 4094 2005 4158 dens,
2035 4109 2399 4163 supernorum
2441 4097 2660 4166 quidem
2694 4098 2964 4153 bonorum
2997 4109 3274 4165 naturam,
3297 4117 3424 4155 cum

1853 4186 1967 4239 fieri
2003 4201 2109 4239 non
2146 4187 2342 4255 possit,
2372 4193 2431 4240 ut
2467 4187 2733 4252 ejusmodi
2759 4190 3030 4258 quispiam
3061 4193 3428 4261 comprehcn-

1853 4270 1996 4324 sioni
2033 4271 2382 4339 subjiciatur,
2431 4275 2653 4328 curiose
2700 4284 2754 4329 ct
2811 4281 2970 4330 anxie
3029 4278 3304 4347 inquirere
3330 4280 3426 4334 de—

1851 4359 2118 4422 sinamus,
2140 4367 2352 4414 tantum
2382 4361 2646 4415 duntaxat
2695 4377 2760 4416 ex
2795 4365 3042 4431 quaesitis
3087 4365 3305 4431 lucrati,
3365 4379 3426 4422 ut

1851 4464 1949 4517 per
1979 4449 2082 4502 hoc
2124 4449 2337 4517 ipsum,
2375 4451 2519 4518 quod
2551 4465 2658 4504 non
2696 4467 2990 4520 possumus
3029 4456 3340 4524 perspicere
3372 4457 3426 4510 id

1851 4542 1997 4611 quod
2025 4543 2346 4612 quaerimus,
2373 4543 2612 4613 aliquam
2631 4545 2880 4598 notitiam
2912 4546 3310 4615 magnitudinis
3339 4563 3425 4600 re-

1853 4647 2000 4696 rum,
2034 4633 2101 4687 de
2131 4633 2329 4702 quibus
2353 4634 2637 4700 quaeritur,
2693 4634 2748 4688 in
2803 4635 2986 4689 animo
3031 4635 3334 4692 formemus
3372 4646 3426 4692 et

1852 4725 2236 4794 imaginemur.
2263 4726 2480 4790 Quanto
2501 4733 2682 4780 autem
2707 4724 3018 4794 cognitione
3039 4734 3228 4781 nostra
3259 4727 3426 4783 altius

1851 4814 1985 4868 illud
2037 4829 2160 4868 esse
2198 4825 2393 4868 natura
2451 4815 2655 4868 bonum
2699 4815 2997 4881 credimus,
3047 4825 3200 4871 tanto
3254 4820 3426 4887 magis

1853 4905 2058 4958 luctum
2121 4905 2174 4957 in
2225 4905 2382 4959 nobis
2428 4905 2775 4960 intendamus
2819 4913 2873 4958 et
2921 4921 3238 4976 augeamus,
3277 4910 3426 4977 quod

1851 4994 1958 5046 tale
1981 5010 2043 5047 ac
2069 5001 2283 5047 tantum
2315 4995 2386 5048 sit
2420 4995 2648 5058 bonum,
2703 5011 2733 5047 a
2763 5011 2873 5064 quo
2896 4995 3161 5064 disjuncti
3207 5012 3423 5061 sumus,

1856 5093 1913 5135 ut
1944 5097 2012 5136 ne
2070 5082 2441 5151 cognitionem
2488 5081 2710 5153 quidem
2743 5083 2862 5151 ejus
2892 5097 3088 5152 capere
3123 5085 3424 5152 possimus.

1853 5169 2243 5226 Verumtamen
2272 5172 2436 5238 hujus
2454 5172 2603 5231 boni,
2631 5172 2777 5240 quod
2809 5179 3032 5242 superat
3053 5187 3274 5226 omnem
3316 5173 3427 5225 vim

1849 5261 2375 5330 comprehendendi,
2403 5277 2503 5316 nos
2535 5261 2784 5315 homines
2821 5261 2951 5314 olim
2980 5261 3273 5330 participes
3302 5275 3425 5315 era-

1848 5366 1972 5404 mus
2005 5369 2018 5405 :
2052 5366 2117 5405 ac
2147 5359 2355 5405 tantum
2379 5351 2576 5406 eratin
2597 5362 2794 5406 natura
2823 5360 3009 5407 nostra
3035 5351 3243 5405 bonum
3263 5350 3423 5416 illud,

1817 5441 1995 5511 ,quod
2027 5449 2249 5511 superat
2277 5457 2499 5497 omnem
2528 5443 2918 5513 cogitationem
2964 5449 3018 5497 et
3057 5441 3424 5504 intellectura,

1852 5541 1913 5585 ut
1945 5533 2180 5587 alterum
2204 5531 2340 5586 illud
2371 5532 2676 5586 humanum
2714 5533 2920 5587 bonum
2955 5546 3080 5587 esse
3111 5531 3422 5593 videretur,

1844 5623 2277 5692 exquisitissima
2325 5622 2756 5693 plenissimaque
2803 5622 3202 5679 assimilatione
3253 5629 3419 5691 atque

1847 5713 2156 5770 imitatione
2229 5713 2297 5768 ad
2360 5713 2651 5784 imaginem
2713 5714 2962 5782 primarii
3003 5721 3057 5766 et
3124 5711 3418 5782 originalis

3017 5799 3093 5860 39
