3844 6224
425 316 560 374 1221

1657 305 1716 362 S.
1757 301 2088 359 GllEGORll
2123 298 2418 354 NYSSENI

3566 295 3699 348 lii-23

423 434 755 505 exemplaris
786 433 1101 486 formatum.
1151 429 1288 484 Nam
1321 446 1443 499 quae
1475 444 1622 483 nunc
1657 428 1724 483 de
1764 427 1858 481 illo
1899 441 1996 496 per

2115 423 2559 493 ὶπραγμάτευτον
2590 422 2684 488 τῆς
2729 418 2892 488 ζωῆς,
2936 419 3029 471 καὶ
3075 418 3106 486 ἡ
3159 418 3214 468 ἐν
3259 416 3556 486 Θειοτέροις
3586 419 3700 469 δια-

423 527 782 596 c0njeeturas
814 524 1164 595 speculamur
1181 531 1234 577 et
1263 523 1651 590 imaginamur,
1676 521 1792 574 hzec
1816 518 2004 572 omnia

423 616 571 668 circa
604 613 881 667 hominem
920 625 1144 680 quoque
1171 618 1331 663 erant
1353 650 1367 673 ,
1414 605 1906 676 incorruptibilitas
1932 602 2006 658 si-

425 705 535 756 mul
565 711 618 758 et
631 701 936 764 beatitudo,
951 699 1168 770 propria
1189 706 1242 753 et
1265 714 1293 752 a
1313 698 1518 752 nullius
1540 697 1762 750 alterius
1781 693 2008 748 arbitrio

426 795 740 850 dominiove
781 792 1025 862 pendens
1061 799 1325 860 potestas,
1387 789 1495 842 vita
1554 787 1722 841 nullis
1771 783 2006 854 negotiis

428 884 733 954 implicata,
795 882 964 936 nullis
1016 881 1308 947 molestiis,
1364 879 1499 932 nulli
1547 876 1860 947 azgritudini
1908 874 2008 928 ob—

427 976 612 1039 noxia,
645 973 920 1042 statioque
953 971 1265 1042 augustior,
1321 977 1486 1039 atque
1529 969 1583 1021 in
1621 969 1757 1021 locis
1799 965 2006 1019 divinis

426 1068 549 1120 vita
583 1065 880 1126 traductio,
913 1063 1151 1117 facultas
1177 1062 1304 1116 item
1337 1067 1523 1130 aperta
1567 1059 1729 1112 simul
1765 1072 1828 1109 ac
1869 1069 2006 1126 pura

427 1166 630 1220 mente,
722 1157 872 1211 omni
938 1156 1248 1210 velamento
1309 1153 1580 1213 detracto,
1631 1150 1834 1203 bonum
1871 1163 2007 1200 con-

426 1248 639 1303 tuendi.
672 1247 796 1302 Haec
820 1247 967 1302 enim
999 1247 1182 1301 omnia
1213 1243 1375 1298 nobis
1426 1243 1564 1296 liber
1614 1241 1682 1294 de
1728 1238 2008 1294 creatione

428 1340 618 1393 mundi
656 1354 750 1408 per
775 1338 1066 1408 aenigmata
1103 1349 1387 1405 paucaque
1434 1333 1603 1388 verba
1649 1339 1791 1386 tecta
1847 1340 2008 1398 atque

429 1429 674 1482 involuta
706 1426 1001 1498 significat,
1034 1425 1165 1478 dum
1194 1424 1270 1476 ait
1302 1423 1577 1476 hominem
1607 1421 1673 1475 ad
1711 1420 2006 1488 imaginem

430 1520 522 1575 Dei
552 1520 788 1574 ellictum
821 1532 885 1572 ac
917 1518 1213 1572 formatum
1255 1530 1400 1575 esse,
1451 1521 1505 1567 et
1531 1515 1586 1566 in
1623 1511 1886 1582 paradiso
1920 1512 2002 1563 vi-

429 1612 598 1673 xisse,
658 1611 848 1678 ibique
874 1609 1008 1663 satis
1036 1616 1089 1662 et
1113 1606 1293 1661 enatis
1327 1606 1381 1657 in
1418 1603 1634 1658 deliciis
1667 1617 1792 1656 esse
1824 1617 2005 1655 usum.

429 1703 599 1757 Porro
641 1703 953 1770 plantarum
1001 1698 1220 1752 illarum
1277 1696 1514 1757 fructus.
1554 1695 1692 1756 vita,
1739 1692 2004 1762 cognitio,

2110 517 2299 585 γωγή·
2329 515 2424 568 καὶ
2463 514 2522 566 τὸ
2564 515 2741 582 γυμνῇ
2785 529 2844 564 τε
2877 511 2968 563 καὶ
3014 509 3230 580 καθαρᾷ
3259 510 3459 570 παντὸς
3499 527 3705 578 προκα-

2110 613 2389 682 λύμματος
2423 612 2486 680 τῇ
2513 608 2720 678 διανοίᾳ
2749 607 2885 677 πρὸς
2921 605 2980 657 τὸ
3018 604 3220 672 ἀγαθὸν
3252 604 3488 673 βλέπειν.
3518 603 3706 654 Ταῦτα

2109 704 2217 774 γάρ
2247 703 2421 756 πάντα
2468 701 2534 754 δι’
2569 699 2763 766 ὀλίγων
2793 697 3051 768 ῥημάτων
3095 695 3124 746 6
3167 695 3268 763 τῆς
3313 693 3707 763 κοσμογενείας

2109 795 2243 863 ἡμῖν
2290 791 2658 845 ὑπαινίττεται
2706 788 2880 854 λόγος,
2929 787 3045 838 κατ’
3094 785 3273 836 εἰκόνα
3327 782 3464 835 Θεοῦ
3526 781 3707 846 λέγων

2111 881 2416 936 πεπλάσθαι
2445 880 2536 932 τὸν
2564 878 2867 948 ἄνθρωπον,
2906 873 2999 928 καὶ
3031 874 3089 926 ἐν
3125 874 3204 942 τῷ
3231 872 3548 942 παραδείσῳ
3584 873 3704 939 ζῇν,

2109 976 2202 1030 καὶ
2227 974 2334 1027 τῶν
2365 975 2478 1026 ἐκεῖ
2513 969 2931 1040 πεφυτευμένων
2957 969 3328 1038 κατατρυφᾷν.
3361 967 3484 1018 Τῶν
3515 966 3575 1018 δὲ
3603 983 3703 1032 qu-

2108 1068 2220 1121 τῶν
2251 1067 2473 1120 ἐκείνων
2502 1064 2733 1134 καρπὸς,
2760 1062 2872 1130 ζωὴ
2906 1061 2999 1113 καὶ
3026 1060 3227 1128 γνῶσις
3257 1061 3350 1113 καὶ
3377 1059 3446 1112 τά
3479 1058 3708 1111 τοιαῦτά

2112 1162 2278 1212 ἐστιν.
2323 1159 2384 1209 Εἰ
2413 1157 2468 1208 δὲ
2503 1154 2674 1208 ταῦτα
2702 1155 2757 1205 ἐν
2779 1154 2908 1221 ἡμῖν
2933 1147 3019 1221 ἦν,
3050 1151 3167 1214 πῶς
3186 1146 3278 1203 οὖν
3305 1151 3421 1203 ἐστι
3453 1150 3543 1202 διὰ
3578 1167 3709 1215 συγ-

2111 1248 2344 1318 κρίσεως
2401 1243 2988 1314 ἀντιπαραθεωροῦντα
3041 1244 3107 1312 τῇ
3163 1242 3281 1294 τότε
3338 1242 3707 1310 μακαριότητι

2111 1341 2209 1409 τὴν
2264 1337 2543 1408 παροῦσαν
2589 1336 2683 1387 νῦν
2736 1333 3046 1403 ἀθλιότητα,
3097 1333 3170 1403 μὴ
3224 1332 3604 1395 ἐπιστενάζειν
3639 1333 3708 1400 τῆ

2114 1430 2399 1498 συμφορᾷ·
2434 1429 2491 1480 τὸ
2533 1426 2733 1494 ὑψηλὸν
2777 1424 3202 1477 τεταπείνωται⁴
3247 1423 3307 1474 τὸ
3350 1423 3472 1474 κατ’
3520 1423 3708 1474 eiad»:

2109 1520 2203 1572 τοῦ
2233 1519 2551 1587 ἐπουρανίου
2587 1517 2895 1584 γενόμενον,
2930 1513 3217 1582 ἀπεγεώθη
3239 1531 3252 1543 ·
3294 1513 3356 1565 τὸ
3396 1513 3706 1580 βασιλεύειν

2108 1611 2461 1680 τεταγμένον,
2494 1607 2863 1677 κατεδουλώθη
2883 1623 2895 1636 ·
2931 1607 2991 1658 τὸ
3028 1608 3106 1668 είς
3134 1606 3432 1658 ἀθανασίαν
3460 1603 3708 1661 κτισθὲν,

2112 1700 2428 1770 κατεφθάρη
2473 1699 2720 1767 θανάτῳ·
2775 1699 2835 1750 τὸ
2883 1698 2940 1749 ἐν
2989 1700 3165 1768 τρυφῇ
3221 1695 3315 1748 τοῦ
3374 1695 3709 1764 παραδείσου

428 1793 771 1861 scientiaque
810 1799 863 1846 et
901 1807 990 1845 res
1033 1790 1246 1844 similes
1289 1794 1438 1842 sunt.
1487 1783 1544 1838 Si
1605 1785 1770 1855 igitur
1809 1783 1922 1835 hazc
1952 1781 2004 1834 in

2115 1792 2314 1857 διάγον,
2347 1792 2425 1852 είς
2454 1791 2513 1842 τὸ
2545 1789 2775 1850 νοσῶδες
2804 1789 2897 1841 καὶ
2923 1789 3178 1839 ἐπίπονον
3201 1785 3359 1838 τοῦτο
3387 1784 3706 1854 μετῳκίσθη

430 1881 593 1935 nobis
619 1888 797 1943 erant,
841 1881 936 1948 qui
972 1878 1090 1931 fieri
1137 1886 1338 1946 potest,
1381 1884 1441 1928 ut
1475 1874 1776 1929 calamitati
1814 1871 2008 1941 utique

431 1987 539 2026 non
569 1971 918 2042 ingemiscat,
939 1970 984 2024 si
1017 1969 1143 2037 quis
1172 1968 1314 2021 hanc
1357 1975 1678 2036 prtcsentem
1729 1964 2006 2018 miseriam

429 2077 552 2115 cum
579 2059 917 2114 beatitudine
946 2058 1058 2121 illa,
1103 2073 1222 2125 quae
1258 2067 1386 2111 tunc
1421 2057 1545 2120 fuit,
1578 2058 1882 2123 comparet,
1915 2064 1992 2106 at-

430 2168 536 2222 que
567 2168 628 2206 ex
653 2151 888 2207 adverso
916 2150 1194 2206 examinet
1237 2148 1636 2216 excutiatque?
1694 2147 1866 2199 altum
1913 2145 2009 2198 de—

429 2259 681 2314 pressum
718 2251 832 2308 est;
863 2240 1012 2311 quod
1044 2240 1111 2294 ad
1160 2241 1456 2308 imaginem
1505 2237 1750 2292 caelestis
1801 2235 2006 2288 factum

428 2342 566 2396 erat,
600 2332 655 2385 in
692 2338 896 2384 terram
949 2329 1230 2384 redactum
1265 2337 1384 2392 est;
1436 2328 1525 2382 cui
1572 2340 1800 2394 regnum
1835 2324 2008 2378 desti-

430 2433 618 2480 natum
651 2432 788 2485 erat,
822 2423 876 2476 in
911 2421 1229 2476 servitutem
1260 2419 1546 2473 redactum
1597 2429 1716 2480 est;
1759 2414 1904 2484 quod
1938 2413 2005 2466 ad

429 2513 893 2569 immortalitatem
935 2510 1219 2566 conditum
1271 2517 1412 2566 erat.
1456 2516 1632 2562 morte
1675 2513 2004 2574 corruptum

434 2615 552 2670 est;
589 2605 737 2675 quod
771 2604 825 2658 in
853 2601 1066 2657 deliciis
1091 2601 1331 2670 paradisi
1367 2598 1619 2669 degebat,
1655 2599 1708 2651 in
1734 2598 1839 2650 hoc
1865 2610 2010 2649 mor-

431 2697 519 2752 bis
549 2702 603 2751 et
636 2694 919 2748 laboribus
947 2693 1244 2746 obnoxium
1277 2691 1540 2760 praedium
1567 2688 1875 2743 traductum
1898 2697 2007 2749 est;

429 2787 575 2858 quod
616 2783 1032 2854 impatibilitati,
1077 2783 1356 2851 nullisque
1381 2780 1670 2834 aﬂ'ectibus
1692 2787 1745 2832 et
1781 2779 2005 2845 aegritu-

430 2878 655 2932 dinibus
689 2885 969 2932 assuetum
1019 2882 1160 2937 erat,
1217 2873 1619 2932 calamitosam,
1666 2869 1915 2939 fragilem
1955 2877 2011 2921 et

430 2967 696 3022 caducam
728 2966 960 3020 invicem
985 2966 1147 3024 vitam
1183 2965 1435 3032 accepit;
1477 2963 1623 3033 quod
1672 2962 1878 3015 nullius
1910 2959 2009 3012 do-

2111 1881 2335 1950 χωρίον·
2374 1881 2434 1933 τὸ
2465 1883 2530 1950 τῇ
2569 1879 2811 1949 ἀπαθείᾳ
2854 1878 3167 1947 σύντροφον,
3199 1875 3289 1927 τὴν
3343 1876 3569 1944 ἐμπαθῆ
3619 1874 3710 1925 καὶ

2115 1972 2373 2041 ἐπίκηρον
2436 1969 2802 2038 ἀντηλλάξατο
2845 1969 2989 2038 βίον·
3044 1968 3102 2019 τὸ
3156 1965 3448 2019 ἀδέσποτόν
3499 1982 3558 2016 τε
3617 1965 3711 2016 καὶ

2116 2061 2478 2127 αὐτεξούσιον,
2505 2061 2598 2113 νῦν
2636 2061 2740 2112 ὑπὸ
2777 2059 3030 2112 τοιούτων
3068 2057 3161 2110 καὶ
3210 2055 3481 2108 τοσούτων
3522 2053 3712 2107 κακῶν

2118 2153 2448 2223 κυριεύεται,
2501 2153 2575 2214 ὡς
2628 2152 2759 2220 μηδὲ
2817 2150 2993 2220 ῥᾴδιον
3049 2143 3186 2201 εἶναι
3237 2148 3362 2208 τοὺς
3411 2146 3709 2214 τυράννους

2111 2243 2266 2312 ἡμῶν
2296 2241 2804 2311 ἀπαριθμήσασθαι.
2850 2241 3115 2292 Ἕκαστον
3157 2238 3265 2305 γάρ
3312 2236 3419 2287 τῶν
3467 2239 3526 2287 ἐν
3578 2237 3710 2304 ἡμῖν

2115 2333 2320 2396 παθῶν,
2352 2333 2479 2384 ὅταν
2512 2331 2876 2402 ἐπικρατήσῃ,
2907 2329 3172 2398 δεσπότης
3211 2325 3303 2379 τοῦ
3344 2325 3712 2385 δουλωθέντος

2114 2424 2362 2490 γίνεται·
2412 2423 2504 2475 καὶ
2538 2421 2787 2489 καθάπερ
2825 2437 2907 2481 τις
2954 2417 3214 2488 τύραννος
3253 2416 3576 2469 καταλαϐὼν
3609 2415 3713 2483 τῆς

2110 2509 2286 2578 ψυχῆς
2337 2509 2434 2578 τὴν
2487 2509 2812 2579 ἀκρόπολιν,
2862 2508 2928 2559 δι’
2994 2506 3171 2557 αὐτῶν
3224 2507 3330 2556 τῶν
3375 2505 3713 2573 ὑποχειρίων

2114 2601 2272 2651 κακοῖ
2325 2598 2385 2649 τὸ
2436 2598 2692 2666 ὑπήκοον,
2745 2595 3040 2663 ὑπηρέταις
3075 2597 3185 2656 τοῖς
3227 2594 3518 2662 ἡμετέροις
3567 2593 3714 2659 λογι-

2115 2691 2270 2758 σμοῖς
2310 2688 2445 2757 πρὸς
2490 2687 2550 2738 τὸ
2592 2686 2776 2738 δοκοῦν
2819 2686 2994 2754 ἐαυτῷ
3037 2682 3458 2752 καταχρώμενος
3482 2699 3496 2712 ’
3535 2681 3714 2744 οὕτως

2112 2780 2140 2828 6
2194 2778 2381 2847 θυμὸς,
2431 2777 2600 2839 οὕτως
2642 2779 2670 2828 6
2729 2776 2911 2844 φόϐος,
2962 2777 2993 2844 ἡ
3047 2775 3232 2836 δειλία,
3273 2773 3333 2826 τὸ
3382 2774 3611 2842 θράσος,
3656 2772 3714 2825 τὺ

2115 2869 2252 2922 κατά
2273 2867 2448 2936 λύτην
2477 2883 2534 2918 τε
2563 2867 2656 2919 καὶ
2683 2868 2742 2919 τὸ
2778 2866 2896 2918 καθ’
2930 2867 3121 2936 ἡδονὴν
3150 2865 3336 2928 πάθος,
3368 2868 3549 2933 μῖσος,
3575 2864 3710 2935 ἔρις,

2113 2960 2348 3022 ἀνέλεος,
2395 2961 2648 3028 ἀπήνεια,
2688 2958 2899 3026 φθόνος,
2950 2955 3223 3017 κολακεία,
3277 2957 3621 3024 μνησικακία
3653 2972 3711 3006 τε

431 3059 600 3114 minio
652 3058 982 3127 subjectum,
1034 3055 1180 3125 quod
1239 3055 1323 3110 sui
1351 3055 1520 3123 juris,
1556 3068 1668 3109 suae
1698 3051 2006 3119 potestatis,

2116 3048 2208 3100 καὶ
2253 3048 2576 3118 άναλγησία,
2624 3049 2718 3100 καὶ
2765 3048 2938 3099 πάντα
2988 3046 3056 3098 τὰ
3095 3044 3235 3096 κατὰ
3267 3045 3327 3096 τὸ
3366 3043 3616 3096 ἐναντίον
3655 3045 3709 3095 ἐν

433 3149 518 3203 sui
538 3147 752 3201 arbitrii
785 3153 923 3210 erat,
946 3160 1094 3199 nunc
1131 3160 1162 3198 a
1186 3151 1266 3198 tot
1291 3158 1354 3198 ac
1381 3143 1586 3197 talibus
1609 3142 1770 3196 malis
1797 3149 2013 3196 tenetur

431 3237 764 3300 obnoxium,
806 3245 865 3290 ut
911 3244 1176 3302 tyrannos
1226 3241 1446 3288 nostros
1487 3233 1703 3285 dillicile
1755 3232 1827 3284 sit
1877 3247 2012 3285 enu-

432 3340 665 3380 merare.
720 3323 910 3390 Quivis
961 3323 1109 3376 enim
1149 3336 1361 3383 eorum,
1418 3322 1514 3390 qui
1552 3323 1607 3375 in
1652 3321 1812 3375 nobis
1858 3327 2008 3384 sunt,

433 3415 680 3480 allectus,
736 3429 860 3469 cum
895 3413 1260 3483 praevaluerit,
1314 3412 1573 3466 dominus
1612 3412 1820 3466 subacti
1857 3420 1911 3466 et
1956 3412 2010 3464 in

434 3505 752 3558 servitutem
818 3503 1022 3556 redacti
1083 3503 1310 3556 exstitit.
1371 3501 1447 3555 Ac
1509 3501 1676 3555 veluti
1741 3509 2011 3571 tyrannus

433 3595 706 3666 quispiam
738 3607 865 3647 arce
911 3593 1078 3646 animi
1103 3599 1392 3661 occupata,
1420 3607 1517 3660 per
1550 3593 1699 3660 ipsos
1758 3592 2010 3646 subditos

434 3693 594 3741 vexat
617 3699 681 3738 ac
716 3683 901 3753 aﬂligit
929 3681 1269 3743 obedientes,
1309 3681 1580 3736 ministris
1612 3683 1676 3735 ad
1729 3683 1802 3745 id,
1861 3684 2010 3753 quod

433 3779 484 3833 ei
523 3776 781 3846 placitum
816 3773 1002 3838 fuerit,
1032 3773 1239 3827 nostris
1282 3772 1712 3841 cogitationibus
1754 3773 2009 3828 abutens;

443 3871 526 3925 sic
552 3868 653 3931 ira,
683 3867 763 3920 sic
804 3872 1005 3927 metus,
1040 3864 1121 3918 sic
1151 3862 1440 3923 timiditas,
1469 3863 1550 3916 sic
1574 3861 1827 3926 audacia,
1853 3864 2010 3933 aegri-

441 3958 648 4012 tudinis
681 3957 892 4027 pariter
920 3961 975 4009 et
1025 3954 1325 4023 voluptatis
1360 3953 1607 4017 allectus,
1646 3956 1856 4019 odium,
1886 3971 2015 4009 con-

435 4049 628 4108 tentio,
652 4043 1132 4106 immisericordia,
1169 4045 1397 4108 saevitia,
1435 4043 1647 4107 feritas,
1694 4045 2011 4098 inhumani-

435 4151 646 4206 tasque,
677 4136 899 4200 invidia,
935 4136 1264 4198 assensatio,
1317 4136 1646 4204 injuriarum
1699 4145 1856 4188 tenax
1898 4150 2014 4188 me-

436 4231 611 4283 moria
673 4229 880 4298 pariter
935 4236 990 4281 et
1035 4226 1355 4288 indolentia,
1423 4235 1477 4279 et
1511 4241 1724 4288 omnes,
1784 4227 1878 4294 qui
1914 4240 2014 4293 per

434 4319 777 4374 contrarium
815 4319 870 4371 in
902 4318 1060 4372 nobis
1097 4316 1482 4384 intelliguntur
1513 4315 1742 4370 allectus
1786 4323 1839 4368 et
1887 4331 2013 4383 per-

2115 3142 2245 3209 ἡμῖν
2271 3140 2532 3210 νοούμενα
2556 3140 2722 3210 πάθη.
2744 3139 3019 3209 τυράννων
3054 3137 3166 3189 ἐστί
3200 3154 3360 3188 τινων
3390 3138 3488 3187 καὶ
3513 3137 3708 3188 δεσπο-

2113 3229 2219 3281 τῶν
2261 3230 2656 3299 ἀπαρίθμησις,
2705 3230 2813 3281 τῶν
2869 3229 3002 3298 πρὸς
3055 3228 3113 3279 τὸ
3171 3227 3298 3279 ίδιον
3353 3227 3560 3294 κράτος
3617 3228 3710 3294 τὴν

2112 3319 2289 3390 ψυχὴν
2326 3318 2433 3373 οἷόν
2478 3339 2598 3375 τινα
2630 3321 2962 3391 δορυάλωτον
3015 3317 3506 3370 καταδουλούντων.
3551 3319 3617 3369 Ei
3655 3317 3706 3368 δέ

2113 3429 2196 3473 τις
2240 3412 2334 3464 καὶ
2373 3411 2472 3474 τὰς
2511 3412 2638 3482 περὶ
2683 3413 2740 3463 τὸ
2791 3411 2948 3480 σῶμα
2991 3411 3270 3480 συμφορὰς
3305 3409 3707 3477 ἀναλογίζοιτο,

2113 3503 2208 3565 τὰς
2233 3505 2300 3573 τῇ
2337 3503 2495 3570 φύσει
2526 3503 2680 3573 ἡμῶν
2726 3502 3215 3571 συμτππλεγμένας
3253 3517 3310 3554 τε
3352 3503 3450 3554 καὶ
3481 3519 3712 3570 συστρε-

2114 3595 2371 3664 φομένας,
2410 3596 2507 3673 τὰς
2555 3595 2800 3656 ποικίλας
2845 3595 2988 3660 λέγω
3042 3593 3131 3646 καὶ
3190 3593 3564 3663 πολυτρόπους
3603 3594 3710 3644 τῶν

2113 3688 2436 3756 νοσημάτων
2486 3687 2647 3749 ίδέας,
2699 3680 2772 3738 ὧν
2813 3686 3028 3738 πάντων
3066 3685 3128 3736 τὸ
3168 3685 3287 3737 κατ’
3334 3683 3511 3754 ἀρχὰς
3553 3686 3711 3736 ἀπείη

2118 3795 2276 3848 ρατον
2307 3773 2374 3847 ἦν
2411 3777 2472 3829 τδ
2508 3775 2863 3846 ἀνθρώπινον,
2902 3775 3034 3827 πολὺ
3078 3773 3273 3844 μᾶλλον
3315 3774 3609 3827 πλεονάσει
3653 3773 3714 3825 τὸ

2113 3867 2364 3936 δάκρυον,
2399 3869 2460 3919 ἐκ
2499 3867 2840 3936 παραλλήλου
2890 3866 3108 3934 θεωρῶν
3161 3866 3279 3918 ἀντὶ
3326 3865 3434 3918 τῶν
3487 3866 3710 3932 ἀγαθῶν

2113 3957 2182 4009 τὰ
2225 3956 2462 4026 λυπηρὰ,
2510 3956 2604 4008 καὶ
2643 3954 3082 4024 ἀντιπαρατιθεὶς
3121 3953 3187 4005 τὰ
3235 3951 3380 4005 κακὰ
3423 3954 3542 4014 τοῖς
3587 3952 3708 4020 βελ-

2113 4047 2303 4099 τίοσιν.
2345 4045 2514 4099 Τοῦτο
2554 4042 2647 4099 οὖν
2686 4046 2857 4098 ἔοικεν
2912 4048 2968 4097 ἐν
3015 4044 3310 4115 ἀπορρήτῳ
3357 4043 3639 4096 διδάσκειν
3681 4045 3710 4094 ό

2119 4137 2434 4208 μακαρίζων
2475 4137 2539 4189 τὸ
2589 4137 2796 4200 πένθος,
2840 4138 2899 4189 τὸ
2937 4136 3070 4206 πρὸς
3109 4136 3168 4187 τὸ
3204 4135 3457 4204 ἀληθινὸν
3504 4135 3707 4201 ἀγαθὸν

2114 4227 2212 4296 τὴν
2261 4227 2437 4297 ψυχὴν
2489 4227 2726 4296 βλέπειν,
2780 4227 2912 4296 μηδὲ
2954 4230 3018 4296 τῇ
3075 4225 3318 4296 παρούσῃ
3371 4226 3562 4297 ἀπάτῃ
3616 4225 3706 4277 τώ

2118 4317 2232 4386 βίου
2273 4317 2804 4381 καταϐαπτίζεσθαν
2847 4318 2908 4369 οὐ
2947 4317 3054 4386 γὰρ
3094 4317 3237 4368 ἔστιν
3274 4315 3396 4368 οὔτε
3439 4317 3708 4385 ἀδακρυτὶ

433 4409 799 4470 turbationes,
834 4415 1192 4477 tyrannorum
1249 4403 1614 4472 quorumdam
1648 4419 1712 4458 ac
1755 4404 2008 4458 domino-

2120 4407 2218 4478 ζῇν
2255 4408 2345 4461 τὸν
2384 4408 2794 4478 ἐπεσκεμμένον
2830 4408 2896 4461 δι’
2939 4407 3221 4477 ἀκριϐείας
3256 4406 3324 4457 τὰ
3378 4407 3707 4476 πράγματα,

439 4514 582 4563 rum,
625 4513 727 4568 pro
775 4513 876 4553 suo
924 4496 1153 4566 imperio
1214 4496 1454 4549 animam
1514 4496 1681 4550 veluti
1739 4496 2010 4565 captivam

438 4589 734 4658 quamdam
777 4587 1168 4656 subigentium,
1222 4586 1568 4640 enumeratio
1618 4596 1722 4640 est.
1751 4587 1908 4651 Quod
1965 4586 2011 4639 si

435 4679 562 4748 quis
598 4679 762 4733 etiam
791 4676 1094 4748 perpendat
1125 4677 1462 4730 calamitates
1509 4678 1781 4745 corporis,
1814 4677 2013 4746 quibus

434 4777 630 4824 natura
654 4776 842 4823 nostra
877 4767 1223 4822 conflictatur
1253 4776 1307 4822 et
1337 4768 1620 4837 implicata
1649 4775 1754 4831 ’est,
1805 4769 2010 4832 varias,

434 4861 678 4929 inquam,
710 4868 763 4914 et
787 4859 1136 4912 multimodas
1167 4859 1480 4912 morborum
1521 4859 1756 4929 species,
1776 4875 2009 4928 quorum

430 4951 678 5003 omnium
712 4964 910 5019 expers
940 4958 994 5003 et
1041 4951 1283 5003 immune
1335 4960 1454 5003 erat
1511 4951 1579 5004 ab
1627 4951 1786 5004 initio
1833 4966 2008 5020 genus

434 5041 755 5105 humanum,
825 5040 995 5096 multo
1057 5041 1492 5095 abundantiores
1554 5041 1827 5112 Iacrymas
1874 5056 2006 5111 pro-

436 5134 652 5196 fundet,
683 5133 811 5188 dum
841 5148 939 5203 pro
971 5133 1131 5187 bouis
1161 5147 1250 5187 res
1285 5133 1476 5188 tristes
1517 5140 1570 5187 et
1601 5134 1830 5188 acerbas
1876 5133 2009 5186 invi-

431 5241 549 5281 cem
586 5224 919 5285 considerat,
945 5223 1294 5278 incommoda
1312 5222 1618 5278 commodis
1638 5225 2011 5291 comparando

432 5315 684 5384 opponit.
720 5313 835 5368 Hoc
883 5314 1050 5383 igitur
1086 5313 1322 5367 latenter
1357 5321 1411 5367 et
1435 5315 1652 5368 occulte
1699 5314 1898 5367 docere
1933 5313 2012 5365 vi-

432 5405 613 5465 detur,
645 5405 738 5472 qui
781 5404 989 5458 luctum
1013 5403 1246 5457 'beatum
1279 5419 1403 5458 esse
1425 5403 1711 5472 praedicat,
1747 5403 2006 5456 nimirum

435 5499 493 5545 ut
527 5494 710 5545 anima
737 5507 926 5547 verum
965 5493 1171 5546 bonum
1228 5492 1530 5553 intueatur,
1592 5509 1730 5547 neve
1774 5508 2012 5561 prasen-

433 5582 505 5636 tis
537 5582 664 5637 vita
684 5583 872 5637 fraude
904 5583 1262 5650 immergatur
1285 5601 1299 5637 :
1323 5583 1440 5637 lieri
1483 5581 1626 5637 enim
1670 5598 1776 5636 non
1807 5590 2006 5651 potest,

433 5680 496 5730 ut
531 5674 614 5727 vel
676 5674 798 5729 sine
830 5673 1090 5742 lacrymis
1126 5675 1294 5732 vivat,
1332 5673 1377 5729 si
1417 5673 1544 5741 quis
1586 5673 1878 5742 diligenter
1918 5687 2006 5725 res

2117 4499 2238 4551 οὕτε
2277 4501 2335 4552 ἐν
2381 4500 2640 4568 λυπηροῖς
2687 4495 2823 4552 εἶναι
2864 4498 3101 4567 νομίζειν
3140 4498 3228 4550 τὸν
3267 4501 3385 4559 ταῖς
3426 4498 3710 4566 βιωτικαῖς

2117 4589 2331 4659 ἡδοναῖς
2375 4589 2743 4659 ἐμϐαθύνοντα
2767 4607 2780 4619 ο
2818 4588 3066 4658 καθάπερ
3104 4589 3196 4641 ἐπὶ
3245 4588 3352 4640 τῶν
3403 4589 3621 4655 ἀλόγων
3651 4590 3711 4639 τὸ

2116 4678 2354 4731 τοιοῦτον
2397 4678 2542 4732 ἔστιν
2585 4679 2743 4732 ίδεῖν”
2781 4672 2862 4740 οἷς
2903 4677 3106 4746 ἐλεεινὴ
3142 4677 3238 4746 μὲν
3279 4680 3312 4746 ὴ
3354 4677 3452 4745 τῆς
3491 4676 3709 4745 φύσεώς

2118 4771 2235 4822 ἐστι
2261 4774 2569 4839 κατασκευή
2593 4787 2604 4798 υ
2635 4769 2710 4838 (τί
2748 4769 2854 4838 γὰρ
2893 4767 3249 4837 ἐλεεινότερον
3284 4769 3382 4838 τῆς
3414 4768 3510 4819 τοῦ
3547 4770 3708 4834 λόγου

2121 4855 2492 4928 στερήσεως;)
2527 4857 2775 4925 αἴσθησις
2811 4856 2867 4908 δὲ
2892 4856 2991 4923 τῆς
3017 4858 3299 4925 συμφορᾶς
3337 4857 3523 4918 αὐτοῖς
3561 4858 3710 4909 ουδε-

2122 4949 2240 5018 μία,
2281 4947 2416 5000 άλλά
2455 4947 2594 5000 κατά
2631 4963 2750 4998 τινα
2789 4945 2978 5014 ἡδονὴν
3018 4945 3288 5007 κάκείνοις
3331 4946 3364 5014 ἡ
3411 4945 3526 5014 ζωὴ
3568 4948 3708 5010 διεξ-

2117 5039 2305 5107 άγεται
2325 5055 2337 5067 ο
2368 5036 2460 5089 καὶ
2491 5038 2519 5087 6
2546 5035 2706 5098 ἵππος
2733 5036 2953 5104 γαυριᾷ,
2982 5035 3074 5086 καὶ
3113 5036 3142 5087 6
3173 5033 3369 5103 ταῦρος
3404 5034 3706 5097 κονίζεται·

2116 5131 2208 5183 καὶ
2234 5130 2261 5180 6
2294 5130 2390 5191 σὺς
2418 5128 2634 5196 φρίσσει
2669 5127 2766 5196 τὴν
2803 5125 2991 5193 λοφιάν
3011 5141 3024 5155 ’
3052 5127 3146 5178 καὶ
3181 5127 3231 5178 οί
3267 5126 3537 5190 σκύλακες
3583 5129 3705 5179 παί-

2115 5220 2288 5284 ζουσι,
2313 5219 2407 5272 καὶ⁵
2431 5217 2814 5288 διασκιρτῶσιν
2851 5218 2900 5268 οί
2942 5217 3152 5286 μόσχοι,
3193 5215 3287 5268 καὶ
3331 5216 3566 5268 ἕκαστον
3607 5218 3708 5268 τῶν

2115 5310 2268 5373 ζώων
2310 5309 2452 5363 ἐστιν
2495 5309 2622 5361 ίδεῖν
2659 5308 2748 5361 διά
2805 5325 2961 5360 τινων
2997 5305 3308 5378 τεκμηρίων
3356 5306 3461 5376 τὴν
3517 5308 3709 5376 ἡδονὴν

2113 5400 2536 5469 ἐνδεικνύμενον,
2587 5393 2667 5461 οἷς
2735 5398 2789 5450 εί
2845 5415 2930 5461 τις
2988 5399 3314 5468 κατανόησις
3369 5393 3440 5466 ἦν
3463 5399 3563 5466 τῆς
3620 5397 3707 5449 τοῦ

2110 5489 2267 5558 λόγου
2301 5490 2539 5561 χάριτος,
2575 5491 2674 5542 οὐκ
2711 5489 2777 5543 ἂν
2813 5489 2904 5541 τὸν
2942 5489 3123 5557 κωφὸν
3161 5487 3344 5541 αὐτῶν
3385 5489 3482 5540 καὶ
3526 5488 3709 5542 ταλαί-

2113 5598 2294 5651 πωρον
2334 5580 2444 5650 βίον
2477 5582 2533 5633 ἐν
2565 5581 2724 5650 ἡδονῇ
2758 5580 3066 5633 διετίθεντο.
3109 5578 3296 5640 υῦτως
3336 5578 3431 5630 καὶ
3470 5579 3563 5628 ἐπὶ
3604 5579 3706 5628 τῶν

2113 5668 2436 5739 ἀνθρώπων,
2493 5663 2573 5732 οἷς
2626 5669 2851 5740 ὀὐδεμία
2901 5669 3009 5723 τῶν
3061 5667 3280 5737 ἀγαθῶν
3327 5669 3446 5721 ἐστι
3485 5668 3700 5736 γνῶσις,
