3844 6224
420 353 565 431 ,ιεδι

1642 350 1699 406 S.
1740 349 2071 407 GREGORII
2104 348 2395 405 NYSSENI

3576 346 3708 399 10'?

3616 380 3701 398 -ιι

3616 380 3701 398 -ιι

428 467 605 522 duxit.
638 464 772 521 Nam
810 479 935 521 cum
981 465 1123 521 Deus
1182 464 1386 519 bonum
1439 463 1592 517 nulla
1657 454 2001 534 permistiont

2117 461 2210 515 τοῦ
2245 479 2302 515 τε
2328 460 2623 524 λυποῦντος
2645 459 2740 515 καὶ⁸
2766 457 2860 513 τοῦ
2881 458 3283 529 εὐφραίνοντος.
3317 458 3421 511 Δύο
3450 458 3513 511 δὲ
3537 460 3708 513 ὄντων

429 572 558 612 cum
594 557 740 612 malo
769 556 1064 613 confusum
1097 556 1256 612 nobis
1286 554 1577 611 fruendum
1610 554 2009 626 proposuisset,

434 648 812 719 vetuissetque
841 645 1235 719 experientiam
1283 648 1413 702 mali
1448 661 1573 701 cum
1610 647 1757 702 bono
1814 647 2013 717 permi-

435 741 597 804 sceri,
630 740 889 809 quoniam
922 755 1032 810 pra
1062 740 1302 811 ingluvie
1332 746 1527 808 sponte
1572 747 1760 793 nostra
1792 748 2012 793 contra-

434 831 518 884 rio
550 830 838 898 degustato
868 829 1025 900 (dico
1057 836 1238 884 autem
1266 829 1334 883 de
1371 826 1537 883 Verbi
1570 827 1740 882 divini
1776 837 2014 882 contem-

438 929 533 991 ptu
563 927 619 975 et
646 918 1050 988 inobedientia)
1088 933 1189 973 nos
1239 917 1694 989 ingurgitavimus
1743 926 1799 974 et
1831 918 2013 988 exple-

435 1013 636 1077 vimus,
672 1010 880 1066 ideirco
906 1024 1138 1079 prorsus
1158 1010 1455 1064 humanam
1484 1018 1737 1064 naturam
1768 1010 1822 1063 in
1853 1010 2014 1063 utris-

435 1117 543 1171 que
574 1102 808 1165 versari,
854 1108 981 1154 tres
1002 1099 1166 1156 modo
1191 1098 1397 1161 tristes,
1421 1097 1581 1153 modo
1608 1091 1762 1152 lanas
1779 1099 2009 1154 invicem

437 1193 671 1263 experiri
696 1198 931 1262 oportet.
962 1189 1138 1246 Porro
1178 1205 1303 1259 cum
1331 1190 1439 1246 duo
1475 1189 1586 1244 sint
1638 1193 1857 1255 saeuia,
1906 1191 2008 1245 du-

439 1283 669 1351 plexque
722 1283 832 1336 vita
866 1295 963 1352 per
1000 1287 1295 1351 utrumque
1345 1280 1603 1336 saculum
1661 1279 2011 1350 peculiariter

441 1370 820 1427 consideretur
847 1389 862 1437 ;
908 1379 1072 1441 atque
1111 1370 1296 1424 itidem
1326 1369 1511 1424 latitia
1544 1384 1762 1440 quoque
1791 1369 2009 1438 duplex,

438 1463 542 1515 alia
573 1462 790 1533 quidem
829 1461 885 1515 in
932 1462 1037 1516 hoc
1075 1460 1295 1527 saculo,
1357 1462 1463 1515 alia
1488 1476 1619 1516 vero
1669 1461 1725 1515 in
1768 1474 1835 1514 co
1867 1458 2010 1528 quod

440 1568 535 1623 per
561 1567 712 1622 spem
738 1552 899 1608 nobis
928 1554 1267 1622 propositum
1304 1560 1408 1615 est,
1456 1559 1770 1621 spectetur:
1806 1548 2011 1605 bcatili-

436 1657 562 1696 cum
592 1642 758 1696 fuerit
786 1641 1234 1704 existimandum,
1273 1643 1319 1697 si
1348 1644 1472 1711 quis
1525 1642 1835 1711 portionem
1872 1638 2009 1692 lati-

435 1732 523 1785 tia
548 1748 642 1799 per
678 1747 806 1786 vera
867 1732 1009 1787 bona
1048 1732 1102 1785 in
1149 1732 1542 1801 sempiternum
1602 1730 1863 1785 saculum
1924 1744 2011 1782 re-

434 1823 634 1877 condat
660 1837 675 1875 :
702 1823 941 1879 tristitia
972 1840 1100 1877 vero
1131 1839 1332 1879 munus
1367 1824 1422 1877 in
1451 1823 1552 1878 hac
1578 1822 1729 1877 brevi
1758 1837 1821 1875 ac
1868 1829 2007 1876 tem-

434 1914 654 1984 poraria
686 1914 796 1966 vita
822 1913 1060 1982 expleat,
1122 1930 1229 1967 non
1262 1914 1318 1967 in
1356 1912 1557 1967 damno
1587 1926 1652 1966 ac
1685 1912 2009 1965 detrimento

434 2016 663 2071 ponens,
695 2001 742 2056 si
784 2001 962 2071 aliqua
1027 2017 1208 2055 rerum
1240 2018 1428 2057 earum
1478 2002 1744 2073 privetur,
1777 2008 1899 2071 Qua
1953 2000 2008 2054 in

433 2091 535 2144 hac
560 2089 668 2143 vita
696 2103 892 2144 suaves
918 2104 983 2143 ac
1010 2089 1269 2160 jucunda
1301 2100 1430 2146 sunt
1459 2110 1471 2145 :
1510 2092 1605 2146 sed
1654 2091 1699 2146 si
1739 2090 1868 2144 dum
1905 2090 2010 2143 illis

430 2178 629 2232 fruitur
653 2185 816 2247 atque
847 2181 1072 2249 potitur,
1110 2183 1397 2237 meliorum
1430 2198 1495 2238 ac
1526 2182 1795 2253 potiorum
1834 2183 2006 2237 bono-

430 2283 548 2322 rum
573 2266 841 2338 jacturam
876 2267 1060 2323 faciat.
1086 2268 1354 2336 Quocirca
1392 2273 1437 2326 si
1484 2273 1702 2327 beatum
1747 2275 2004 2344 judican—

428 2361 555 2413 dum
586 2366 689 2423 est,
730 2358 783 2411 in
819 2357 1046 2415 inlinitis
1112 2364 1360 2428 saculis,
1411 2379 1692 2433 nunquam
1743 2365 2001 2431 ﬁnienda,

425 2448 521 2503 sed
550 2449 605 2503 in
630 2454 949 2519 perpetuum
987 2449 1249 2507 duratura
1277 2452 1461 2507 latitia
1488 2453 1617 2518 frui,
1663 2469 1727 2509 ac
1778 2471 2004 2525 prorsus

2115 547 2265 619 βίων,
2311 547 2407 602 καὶ
2448 546 2642 617 διπλῆς
2687 546 2787 617 τῆς
2818 545 2966 615 ζωῆς
2990 543 3112 598 καθ’
3140 544 3397 615 ἑκάτερον
3429 545 3546 599 τῶν
3578 546 3710 609 βίων

2115 639 2424 704 ἰδιαζόντως
2446 637 2843 708 θεωρουμένης,
2864 635 3126 699 ὡσαύτως
3154 635 3211 688 δὲ
3238 637 3333 689 καὶ
3360 636 3711 705 εὐφροσύνης

2110 729 2323 799 διπλῆς·
2358 728 2460 798 τῆς
2488 728 2587 798 μὲν
2614 728 2672 780 tv
2698 726 2777 797 τῷ
2807 726 2906 796 βίῳ
2928 725 3125 796 τούτῳ,
3155 727 3257 795 τῆς
3295 724 3355 778 δὲ
3380 725 3443 776 ὲν
3479 724 3564 795 τῷ
3590 728 3712 778 κατ’

2111 821 2335 884 ἐλπίδας
2388 822 2519 891 ἡμῖν
2564 818 2929 892 προκειμένῳ·
2986 816 3323 889 μακαριστὸν
3372 816 3444 871 ἂν
3483 816 3580 886 εἴη
3614 819 3712 887 τὴν

2112 914 2210 981 τῆς
2233 911 2571 983 εὐφροσύνης
2599 912 2793 982 μοῖραν
2816 912 2929 973 τοῖς
2947 909 3221 979 ἀληθινοῖς
3244 907 3479 977 ἀγαθοῖς
3510 910 3597 970 είς
3617 907 3709 960 τὸν

2114 1005 2285 1059 ἀΐδιον
2312 1002 2609 1057 ἀποθέσθαι
2651 1001 2782 1072 βίον·
2814 1002 2913 1071 τῆς
2939 1000 2995 1054 δὲ
3014 999 3191 1070 λύπης
3214 995 3587 1067 ἐκπληρῶσαι
3613 998 3712 1066 τὴν

2112 1094 2450 1165 λειτουργίαν
2466 1095 2523 1147 tv
2544 1095 2610 1164 τῇ
2644 1092 2871 1163 βραχείᾳ
2893 1091 3062 1161 ταύτῃ
3085 1091 3181 1144 καὶ
3203 1089 3539 1160 προσκαίρῳ
3568 1090 3710 1158 ζωῇ,

2113 1186 2315 1256 ζημίαν
2344 1185 2686 1256 ποιούμενον,
2719 1186 2781 1238 οὐ
2810 1185 2871 1238 τὸ
2896 1183 3220 1255 στερηθῆναι
3250 1199 3396 1246 τινος
3420 1183 3540 1236 τῶν
3567 1183 3712 1235 κατά

2112 1278 2202 1330 τὸν
2234 1276 2347 1346 βίον
2389 1276 2577 1330 τοῦτον
2617 1275 2809 1346 ἡδέων,
2839 1275 2975 1329 ἀλλὰ
3001 1276 3064 1328 τὸ
3090 1275 3178 1328 διὰ
3202 1275 3301 1343 τῆς
3334 1272 3712 1340 ,ἀπολαύσεως

2114 1366 2318 1419 τούτων
2347 1368 2403 1419 tv
2442 1366 2755 1419 ἀποπτώσει
2799 1366 2908 1419 τῶν
2945 1366 3245 1437 ἀμεινόνων
3274 1365 3559 1434 γενέσθαι.
3599 1366 3710 1417 Οὑ-

2116 1457 2245 1511 κοῦν
2273 1458 2323 1509 εί
2356 1457 2693 1528 μακαριστόν
2723 1457 2870 1509 ἔστιν
2901 1456 2962 1510 τδ
2990 1458 3049 1511 tv
3077 1459 3188 1522 τοῖς
3215 1456 3473 1526 ἀπείροις
3506 1455 3711 1509 αἰῶσιν

2114 1548 2399 1602 ἀτέλεστόν
2427 1565 2486 1601 τε
2529 1548 2622 1601 καὶ
2648 1548 2821 1601 εἰσαεὶ
2849 1546 3316 1618 παρατεινομένην
3347 1546 3450 1616 τὴν
3500 1545 3707 1614 εὐφρο-

2116 1643 2280 1713 σύνην
2307 1642 2469 1713 ἔχειν·
2500 1642 2581 1695 δεῖ
2618 1641 2674 1695 δὲ
2708 1640 2924 1704 πάντως
2951 1639 3246 1708 γεύσασθαι
3281 1639 3374 1692 καὶ
3398 1640 3515 1691 τῶν
3542 1639 3707 1690 ἐναν-

2114 1734 2243 1787 τίων
2289 1732 2389 1804 τὴν
2434 1732 2780 1804 ἀνθρωπίνην
2829 1730 3008 1800 φύσιν·
3061 1730 3245 1784 οὐκέτι
3282 1728 3525 1799 χαλεπόν
3588 1729 3709 1779 ἐστι

2114 1825 2342 1878 συνιδεῖν
2372 1824 2467 1878 τοῦ
2515 1823 2673 1893 λόγου
2706 1823 2766 1876 τὸ
2812 1821 3079 1892 βούλημα,
3114 1822 3202 1874 διὰ
3247 1821 3300 1873 τί
3344 1819 3619 1890 μακάριοι
3660 1818 3709 1868 ei

2108 1915 2202 1970 νῦν
2232 1914 2552 1978 πενθοῦντες
2572 1956 2585 1977 ,
2618 1914 2771 1967 αὐτοὶ⁵
2804 1912 2912 1984 γὰρ
2954 1915 3034 1975 είς
3060 1913 3186 1975 τοὺς
3207 1910 3472 1980 ἀπείρους
3498 1908 3711 1970 αἰῶνας

2108 2006 2644 2077 παρακληθήσονταιο
2674 2007 2708 2075 ἡ
2742 2005 2801 2058 δὲ
2829 2008 3208 2076 παράκλησις,
3243 2004 3308 2055 ὲκ
3327 2002 3427 2072 τῆς
3456 2000 3556 2055 τοῦ
3592 2002 3709 2053 lla-

2108 2097 2378 2167 ρακλήτου
2438 2097 2726 2168 μετουσίας
2774 2096 3003 2163 γίνεται.
3057 2095 3181 2148 ’ῐδία
3222 2094 3333 2164 γὰρ
3381 2093 3483 2146 τοῦ
3526 2092 3704 2147 Πνεεὺ⁹

2110 2205 2279 2256 ματος
2331 2188 2583 2260 ἐνέργεια
2631 2190 2665 2259 ὴ
2714 2191 2813 2260 τῆς
2864 2187 3261 2259 παρακλήσεως
3309 2184 3474 2256 χάρις
3527 2184 3704 2237 ἐστίν*

2108 2274 2177 2350 ἦς
2209 2280 2302 2332 καὶ
2334 2281 2491 2348 ἡμεῖς
2533 2277 2915 2348 ἀξιωθείημεν,
2960 2279 3142 2349 χάριτι
3178 2275 3273 2329 τοῦ
3297 2275 3510 2346 Κυρίου
3538 2273 3703 2345 ἡμῶν

2124 2369 2300 2441 ’ῐησοῦ
2345 2368 2603 2441 Χριστοῦ,
2631 2362 2676 2437 ᾧ
2714 2372 2749 2440 ή
2781 2367 2906 2434 δόξα
2932 2370 3012 2432 είς
3049 2368 3177 2431 τοὺς
3203 2366 3405 2429 αίῶνας
3427 2364 3541 2419 τῶν
3572 2363 3707 2417 αἰὼ-

2112 2478 2239 2514 νων.
2281 2461 2473 2532 Ἀμήν.

426 2545 590 2599 etiam
622 2550 901 2605 contraria
929 2550 1222 2619 degustare
1248 2540 1498 2603 naturam
1518 2549 1810 2604 humanam
1837 2560 2086 2620 oportet:
2120 2569 2232 2609 non
2261 2556 2497 2626 amplius
2562 2555 2783 2611 diﬂicile
2851 2560 2936 2610 est
3002 2551 3317 2624 perspicere
3385 2555 3443 2604 et
3496 2546 3706 2602 intelli-

425 2654 553 2707 gere
578 2643 907 2698 sententiam
942 2645 1232 2709 orationis,
1256 2659 1358 2698 cur
1385 2644 1532 2700 beati
1559 2645 1691 2712 sint,
1723 2646 1816 2716 qui
1856 2663 2005 2702 nunc
2042 2649 2248 2720 lugent,
2276 2652 2538 2722 quoniam
2590 2652 2853 2706 nimirum
2922 2649 3030 2718 ipsi
3084 2646 3300 2701 inﬁnita
3362 2645 3418 2698 in
3490 2642 3706 2697 saeula

425 2730 622 2786 solatio
657 2729 929 2787 fruentur.
958 2730 1227 2786 Solatium
1264 2739 1453 2787 autem
1487 2747 1551 2787 ex
1583 2734 2005 2800 consuetudine,
2045 2753 2149 2793 usu
2211 2748 2377 2811 atque
2447 2740 2942 2796 communicatione
2973 2736 3268 2800 Paracleti,
3308 2735 3363 2790 id
3399 2742 3485 2790 est
3527 2734 3704 2788 advo-

424 2824 531 2880 cati
581 2830 638 2880 et
686 2827 1059 2882 consolatoris
1114 2827 1354 2882 exsistit.
1386 2827 1798 2884 Consolationis
1870 2832 2015 2884 enim
2091 2834 2266 2905 gratia
2337 2834 2619 2905 peculiare
2659 2833 2899 2905 Spiritus
2958 2846 3099 2901 opus
3153 2835 3281 2886 est:
3319 2842 3493 2898 quam
3526 2826 3703 2882 etiam

424 2934 526 2976 nos
552 2933 975 2990 consequamur,
1008 2922 1185 2991 gratia
1209 2919 1422 2974 Domini
1455 2921 1630 2976 nostri
1669 2920 1799 2976 Jesu
1837 2922 2063 2992 Christi,
2093 2927 2149 2980 in
2185 2929 2387 2984 saecula
2413 2929 2768 2987 saeculorum.
2796 2927 2993 2982 Amen.

1026 3034 1283 3090 ORATIO
1330 3034 1417 3092 IV.

2734 3043 2952 3099 ΛΟΓΟΣ
2988 3044 3061 3094 Δ’.

430 3121 580 3178 Beati
609 3124 701 3194 qui
733 3126 976 3180 esuriant
1004 3135 1052 3179 et
1081 3126 1269 3205 sitiunt
1290 3126 1586 3205 justitiam,
1622 3133 1871 3197 quoniam
1905 3131 2001 3197 ipsi

2108 3136 2395 3205 Μακάριοι
2425 3141 2479 3192 ot
2512 3135 2853 3199 πεινῶντες,
2868 3132 2979 3205 Δειιιιὶ
3007 3130 3299 3205 aut???“
3326 3127 3446 3188 τὴν
3474 3122 3704 3181 δικαιο-

981 3196 1366 3249 saturabuntur
1395 3197 1459 3250 ¹⁵.

497 3282 601 3351 Qui
630 3285 916 3341 medicina
946 3286 1105 3355 periti
1137 3293 1287 3350 sunt,
1315 3286 1471 3339 aiunt
1505 3302 1623 3353 eos,
1682 3289 1776 3358 qui
1829 3303 1861 3344 e
1891 3299 2003 3345 sto-

425 3373 624 3428 macho
661 3374 935 3438 laborant,
986 3383 1041 3429 et
1076 3377 1232 3431 cibos
1296 3375 1605 3441 fastidiunt,
1664 3393 1790 3432 cum
1850 3381 2002 3448 pravi

425 3461 650 3529 quidam
694 3463 847 3519 succi
876 3470 929 3518 et
961 3463 1220 3532 superﬂui
1256 3464 1512 3521 humores
1557 3465 1625 3520 ad
1665 3468 2002 3535 superiorem

423 3552 714 3607 ventriculi
753 3559 961 3622 partem
994 3553 1376 3619 conﬂuxerint,
1414 3570 1628 3625 semper
1658 3557 1847 3626 plenos
1902 3576 1999 3629 pa-

423 3644 560 3699 riter
589 3657 654 3698 ac
681 3651 903 3717 saturos
929 3658 1050 3708 esse
1075 3645 1323 3713 sibiipsis
1371 3645 1564 3709 videri,
1592 3654 1756 3717 atque
1789 3648 1995 3706 idcirco

427 3749 525 3802 per
561 3734 925 3790 adulterin‘am
958 3750 1022 3790 ac
1051 3751 1272 3806 pravam
1300 3739 1656 3806 repletiouem
1686 3749 1734 3795 et
1770 3742 2000 3798 satieta-

424 3835 557 3890 tem,
594 3826 835 3882 naturali
864 3826 924 3881 in
958 3828 1040 3882 eis
1069 3828 1311 3896 appetitu
1357 3829 1651 3895 exstincto,
1685 3830 1873 3885 utilem
1924 3831 2002 3885 ci-

425 3917 554 3971 bum
586 3931 846 3987 respuere
896 3924 1059 3988 atque
1097 3918 1382 3983 aversari;
1439 3917 1533 3972 sed
1589 3920 1635 3974 si
1691 3920 1873 3990 aliqua
1932 3922 2002 3975 ah

426 4018 543 4064 arte
567 4008 775 4064 medica
802 4024 935 4066 cura
962 4011 1043 4064 eis
1076 4006 1319 4063 adhibita
1353 4008 1535 4073 fuerit,
1566 4025 1661 4079 per
1712 4018 1998 4065 acutorum

422 4111 479 4152 et
516 4098 873 4154 incidentium
906 4099 1428 4153 medicamentorum
1460 4099 1755 4167 potionem,
1800 4102 2000 4156 ablutis

422 4197 478 4243 et
510 4190 827 4259 expurgatis
857 4189 1041 4258 pravis
1072 4203 1136 4243 ac
1173 4189 1465 4258 superiluis
1503 4191 1847 4255 humoribus,
1905 4193 1996 4261 qui

421 4280 857 4335 coneavitatibus
906 4279 1176 4334 stomachi
1214 4279 1499 4351 intercepti
1534 4291 1698 4350 atque
1749 4283 1993 4337 conclusi

417 4371 644 4434 fuerint,
672 4371 745 4425 ita
780 4370 997 4426 tandem
1029 4370 1302 4435 accidere,
1337 4380 1397 4425 ut
1424 4388 1548 4426 cum
1579 4373 1629 4426 id
1689 4373 1833 4441 quod
1864 4374 1993 4428 alie-

417 4478 549 4518 num
579 4471 684 4526 est,
716 4471 924 4517 natura
954 4477 1061 4516 non
1095 4462 1328 4532 amplius
1361 4462 1561 4517 oliiciat
1594 4471 1758 4533 atque
1815 4464 1989 4519 mole-

418 4561 562 4609 stum
598 4554 699 4617 sit,
756 4553 1000 4622 juvantis
1061 4554 1265 4621 pariter
1321 4567 1384 4607 ac
1417 4554 1712 4609 nutrientis
1748 4555 1856 4609 cibi
1910 4557 1991 4611 eis

418 4645 606 4700 redeat
635 4645 944 4715 appetitus;
972 4654 1133 4714 atque
1164 4644 1268 4698 hoc
1292 4648 1558 4700 restituta
1586 4647 1839 4701 sanitatis
1870 4663 1992 4703 esse

422 4737 661 4806 signum,
693 4735 843 4806 quod
872 4750 983 4790 non
1018 4737 1254 4805 amplius
1281 4738 1456 4791 coacti
1477 4745 1531 4793 et
1556 4738 1733 4799 inviti,
1773 4738 1866 4793 sed
1897 4754 1990 4793 cu-

422 4828 553 4898 pide
584 4835 638 4882 et
689 4842 812 4882 cum
870 4827 1109 4895 appetitu
1142 4826 1324 4880 cibum
1373 4834 1612 4881 sumant.
1673 4827 1814 4894 Quid
1865 4845 1996 4897 ergo

416 4919 551 4972 mihi
585 4919 688 4973 hoc
719 4918 1048 4989 principium
1076 4917 1512 4983 vultTQuoniam
1541 4918 1735 4974 ordine
1768 4935 1996 4989 progre-

417 5007 576 5063 diens
616 5021 824 5071 sermo,
848 5007 943 5076 qui
969 5006 1035 5061 ad
1059 5007 1374 5075 superiores
1400 5007 1562 5062 scala
1592 5007 1990 5062 beatitudinum

415 5099 617 5168 gradus
651 5113 752 5152 nos
784 5097 943 5167 quasi
974 5112 1134 5150 manu
1167 5096 1337 5162 ducit,
1373 5097 1466 5165 qui
1498 5096 1652 5166 juxta
1708 5095 1991 5166 Propheta

411 5204 600 5245 vocem
634 5189 926 5259 praclaras
958 5189 1312 5244 escensiones
1350 5188 1406 5242 in
1459 5188 1624 5243 corde
1656 5197 1844 5244 nostro
1876 5191 1990 5244 dis-

412 5278 661 5346 ponit“,
713 5279 877 5334 talem
908 5278 1068 5333 nobis
1100 5288 1219 5348 post
1242 5284 1368 5332 ante
1392 5277 1674 5346 expeditos
1703 5294 1988 5344 ascensus,

410 5376 664 5437 quartam
695 5369 858 5423 aliam
884 5376 1274 5439 pramonstrat
1317 5368 1720 5429 ascensionem,
1753 5369 1881 5424 dum
1911 5370 1992 5425 di-

410 5459 487 5512 cit
513 5476 526 5511 :
560 5458 713 5512 Beati
741 5460 831 5528 qui
859 5459 1099 5512 esuriant
1128 5464 1180 5510 et
1214 5457 1407 5511 sitiunt
1420 5455 1710 5525 justitiam,
1740 5459 1990 5527 quoniam

409 5548 510 5614 ipsi
541 5546 948 5610 saturabimtur,
984 5558 1189 5601 rectum
1220 5561 1285 5601 ac
1319 5547 1668 5601 commodum
1715 5561 1835 5603 esse
1865 5549 1986 5618 opi-

490 5721 537 5753 ¹⁸
576 5718 766 5775 Matth.
798 5737 851 5788 ν,
888 5720 941 5775 6.
988 5723 1030 5753 ³⁸
1066 5722 1205 5775 Psal.
1238 5735 1483 5786 Lxxxnt,
1525 5722 1577 5775 6.

2334 3207 2553 3275 σύνηνν
2588 3206 2678 3259 ὅτι
2715 3202 2883 3258 αὐτοὶ
2909 3200 3454 3271 χορτασθήσονται.

2177 3295 2316 3360 Τοὺς
2352 3296 2761 3368 πομαχοῦντας
2801 3295 2896 3347 καὶ
2931 3292 3255 3355 κακοσίτους
3304 3289 3475 3359 φασὶν
3524 3290 3576 3340 oi
3604 3289 3702 3357 τῆς

2109 3387 2359 3456 ἰατρικῆς
2388 3388 2776 3457 ἐπιστήμονες,
2810 3382 3064 3454 πονηρῶν
3092 3398 3252 3435 τινων
3283 3379 3480 3451 χυμῶν
3503 3395 3565 3435 τε
3607 3378 3706 3432 καὶ

2105 3477 2537 3548 περιττωμάτων
2588 3478 2681 3530 ἐπὶ
2725 3474 2823 3546 τὴν
2864 3474 2977 3528 ἀνω
3022 3471 3264 3543 γαστέρα
3322 3470 3699 3542 συρρυέντων,

2103 3567 2190 3619 ἀεὶ
2221 3567 2398 3619 δοκεῖν
2436 3565 2665 3635 πλήρεις
2706 3581 2766 3617 τε
2798 3563 2894 3616 καὶ
2930 3562 3201 3632 διακορεῖς
3245 3555 3419 3624 εἶναι,
3470 3561 3571 3614 καὶ
3609 3559 3699 3614 διὰ

2102 3658 2259 3711 τοῦτο
2292 3656 2430 3728 πρὸς
2474 3658 2574 3727 τὴν
2605 3655 2877 3725 ὠφέλιμον
2923 3652 3130 3726 τροφὴν
3177 3650 3478 3722 ἀλλοτρίως
3525 3650 3699 3720 ἔχειν,

2101 3750 2200 3820 τῆς
2250 3749 2487 3820 φυσικῆς
2530 3749 2714 3811 αὐτοῖς
2760 3746 2990 3818 ὀρέξεως
3016 3746 3076 3799 tv
3111 3746 3177 3814 τῇ
3210 3743 3349 3812 νόθῳ
3400 3742 3697 3812 πλησμονῇ

2106 3839 2494 3911 μαρανθείσης.
2527 3840 2591 3892 Εἰ
2622 3839 2679 3891 δέ
2705 3855 2789 3901 τις
2826 3838 3011 3899 αὐτοῖς
3036 3834 3096 3899 ἒξ
3124 3834 3373 3903 ἰατρικῆς
3403 3832 3700 3901 ἐπιμέλεια

2102 3928 2458 3999 προσαχθείη.
2484 3928 2576 3981 διά
2599 3943 2743 3989 τινος
2770 3924 3044 3995 τμητικῆς
3070 3920 3535 3992 φαρμακοποσίας
3558 3923 3701 3973 ἁπο-

2102 4020 2439 4073 κλυσθέντων
2475 4019 2581 4072 τῶν
2610 4015 3101 4086 ὲναπειλημμένων
3125 4016 3245 4077 ταῖς
3273 4012 3370 4065 τοῦ
3408 4014 3698 4082 στομάχου

2100 4108 2427 4178 κοιλότησιν,
2479 4107 2650 4169 οὕτως
2711 4104 3044 4175 συμϐαίνειν,
3091 4101 3181 4155 τοῦ
3237 4099 3522 4170 ἀλλοτρίου
3590 4119 3699 4171 μη-

2101 4199 2217 4252 κέτι
2254 4197 2584 4268 διοχλοῦντος
2632 4196 2731 4266 τὴν
2771 4196 2953 4263 φύσιν,
2990 4192 3088 4263 τῆς
3118 4190 3435 4260 ὠφελούσης
3486 4208 3548 4242 τε
3605 4194 3699 4246 καὶ

2097 4291 2365 4362 τροφίμου
2420 4288 2673 4360 βρώσεως
2741 4286 2922 4348 αὐτοῖς
2982 4284 3257 4337 ἐπανιέναι
3318 4282 3417 4352 τὴν
3484 4283 3692 4352 δρεξιν·

2097 4378 2371 4433 καὶτοῦτο
2395 4379 2488 4449 τῆς
2519 4377 2731 4446 ὑγιείας
2759 4371 2898 4429 εἶναι
2931 4376 3173 4444 σημεῖον,
3223 4372 3284 4425 τὸ
3313 4372 3518 4441 μηκέτι
3559 4388 3697 4424 κατ-

2095 4464 2546 4539 ηναγκασμένως,
2570 4466 2706 4520 ἀλλὰ
2731 4466 2845 4537 μετ’
2870 4463 3166 4534 ἐπιθυμίας
3185 4480 3244 4515 τε
3264 4463 3359 4515 καὶ
3380 4461 3568 4532 ὁρμῆς
3590 4463 3691 4532 τὴν

2096 4560 2296 4631 βρῶσιν
2313 4558 2653 4630 προσίεσθαι.
2678 4556 2743 4609 Τί
2763 4553 2855 4609 οὖν
2885 4573 2972 4625 μοι
3000 4553 3252 4624 βούλεται
3281 4552 3345 4605 τὸ
3374 4553 3689 4623 προοίμιονς

2106 4649 2322 4719 Ἐπειδὴ
2334 4646 2562 4718 ,προῖὼν
2586 4645 2653 4701 δι’
2692 4643 3015 4707 ἀκολουθίας
3052 4643 3080 4694 ὁ
3114 4641 3252 4711 πρὸς
3276 4641 3348 4693 τὰ
3369 4640 3689 4709 ὑψηλότερα

2092 4737 2190 4806 τῆς
2239 4736 2347 4788 τῶν
2395 4732 2760 4807 μακαρισμῶν
2803 4731 3070 4800 κλίμακος
3116 4727 3484 4798 χειραγωγῶν
3540 4730 3691 4797 ἡμᾶς

2093 4820 2269 4890 λόγος,
2310 4823 2338 4874 ὁ
2379 4822 2521 4874 κατὰ
2558 4824 2658 4890 τὴν
2686 4819 2778 4872 τοῦ
2821 4818 3110 4888 Προφήτου
3147 4816 3356 4886 φωνὴν,
3386 4817 3492 4879 τὰς
3516 4816 3689 4879 καλὰς

2091 4909 2382 4971 ἀναὸἀσεις
2418 4910 2477 4962 tv
2496 4911 2565 4979 τῇ
2591 4907 2786 4977 καρδίᾳ
2809 4905 2966 4976 ἡμῶν
2989 4904 3387 4974 διατιθέμενος,
3423 4905 3687 4973 τοιαύτην

2088 5001 2221 5070 ἡμῖν
2280 4999 2415 5066 μετὰ
2460 4998 2557 5060 τὰς
2597 4994 3084 5068 προδιανυσθείσας
3130 4992 3359 5055 ἀνόδους
3410 4995 3687 5063 τετάρτην

2090 5090 2463 5162 προδείκνυσιν
2509 5088 2676 5155 ἀλλην
2719 5085 3005 5147 ἁνάὗασιν,
3049 5083 3243 5151 λέγων·
3289 5082 3595 5150 Μακάριοι
3636 5086 3685 5134 ei

2090 5179 2411 5245 πεινῶντες
2440 5179 2535 5231 καὶ
2567 5175 2861 5244 διψῶντες
2883 5174 2994 5241 τὴν
3013 5172 3437 5239 δικαιοσύνην,
3465 5172 3557 5227 ὅτι
3584 5176 3684 5227 αὺ-

2087 5274 2176 5327 τοί
2206 5271 2744 5342 χορτασθήσονταιο
2780 5266 2961 5329 καλῶς
2999 5265 3144 5335 ἔχειν
3178 5260 3362 5334 οἶμαι,
3396 5265 3464 5318 τὺ
3498 5265 3681 5319 διακοο

2091 5365 2184 5436 ρές
2221 5382 2280 5417 τε
2326 5365 2418 5418 καὶ
2452 5360 2821 5433 πλησμονικὸν
2857 5358 2958 5428 τῆς
3003 5356 3184 5428 ψυχῆς
3231 5356 3680 5430 ὲκκαθάραντας,

2087 5454 2163 5518 ὡς
2196 5452 2309 5508 ἔστι
2347 5451 2591 5516 δυνατὸν,
2639 5449 2741 5519 τῆς
2769 5446 3021 5517 τοιαύτης
3060 5444 3322 5517 βρώσεως
3374 5464 3440 5499 τε
3470 5447 3565 5499 καὶ
3592 5445 3683 5498 πό-

2089 5562 2227 5609 σεως
2255 5544 2351 5615 τὴν
2381 5542 2725 5614 μακαριστὴν
2758 5538 2936 5612 ὄρεξιν
2976 5540 3104 5608 ἡμῖν
3134 5537 3322 5600 αὐτοῖς
3352 5538 3678 5607 ἐμποιῆσαι*
