3844 6224
174 304 201 356 1
212 304 325 360 9.33

1232 311 1320 368 DE
1358 310 1965 371 BEATITUIIINIBUS.
2003 314 2258 370 ORATIO
2288 314 2375 370 IV.

3312 315 3334 367 I
3344 314 3449 368 234

163 418 304 473 οὒτε
327 420 438 493 γὶρ
471 422 687 493 ἰσχύσαι
709 425 933 487 δυνατόν
962 428 1079 480 ἐστι
1103 426 1196 481 τὸν
1223 426 1529 499 ἄνθρωπον,
1573 428 1648 499 μὴ
1671 428 1770 499 τῆς

1878 445 2000 495 nor,
2037 437 2098 486 ut
2141 440 2444 501 expurgata
2479 431 2730 485 satietate
2768 437 2821 485 et
2855 426 3281 500 ingurgitatioue
3326 428 3449 481 ani-

167 511 461 583 ἀρκούσης
494 514 701 585 τροφῆς
734 514 1205 589 ύποστηριζούσης
1236 520 1335 588 τὴν
1362 518 1613 589 δύναμιν,
1642 517 1767 572 οὔτε

165 602 303 672 δίχι
335 603 429 656 τοῦ
456 607 651 671 φαγ;ῖν
685 607 1066 679 ἐμπλησθῆναι
1088 608 1314 680 τροφῆς,
1344 606 1467 660 οὔτε
1495 610 1768 678 τραφῆναι

169 696 354 765 χωρὶς
381 693 635 767 ὀρέξεως.
662 697 818 751 Ἐπεὶ
852 694 950 752 οὖν
997 698 1201 768 ἀγαθόν
1229 717 1281 752 τι
1314 699 1455 753 κατά
1499 699 1599 772 τὴν
1628 701 1771 772 ζωήν

169 788 330 838 ἐστιν
364 787 398 857 ή
442 786 702 859 δύναμιςο
738 788 877 860 αὕτη
917 789 973 843 δέ
1006 790 1083 861 τῷ
1132 790 1389 863 ἀρκοῦντι
1430 794 1768 863 συντηρεῖται

172 878 348 949 κόρην
381 879 410 931 6
433 879 499 949 ςδὲ
525 880 684 952 κόρος
719 881 805 934 διὰ
838 881 1092 953 βρώσεως
1126 883 1355 950 γίνεται’
1402 883 1462 935 τὸ
1490 883 1545 936 δὲ
1578 886 1769 953 φαγεῖν

171 969 241 1034 ἐξ
268 968 521 1040 όρέξεως’
562 972 902 1043 μακαριστὸν
930 970 995 1024 ἂν
1028 972 1114 1041 εἴη
1144 973 1259 1034 τοῖς
1293 970 1459 1033 ζῶσιν
1495 972 1528 1041 ἡ
1567 969 1767 1042 ὄρεξις,

168 1059 323 1130 ἀρχή
369 1077 427 1113 τε
457 1060 551 1113 καὶ
592 1061 738 1114 αίτία
771 1061 873 1131 τῆς
909 1063 966 1115 ἐν
996 1064 1130 1133 ἡμῖν
1163 1062 1423 1134 γινομένη
1456 1061 1758 1134 δυνάμεως.

172 1151 396 1225 Ὠσπερ
424 1151 481 1205 δὲ
512 1154 651 1206 κατά
673 1152 771 1225 τὴν
791 1153 1052 1227 αἰσθητὴν
1075 1154 1277 1227 ταύτην
1308 1154 1407 1222 τὴν
1430 1154 1633 1225 τροφὴν
1654 1154 1772 1225 ἔχο-

175 1256 307 1311 μεν,
343 1241 405 1294 ού
434 1240 542 1294 τῶν
572 1241 750 1295 αὐτῶν
780 1243 981 1305 πάντες
1017 1243 1282 1313 ἐφίενται,
1324 1242 1460 1296 ἀλλά
1493 1243 1770 1314 μερίζεται

173 1330 446 1394 πολλάκις
498 1332 635 1401 πρὸς
664 1332 733 1386 τὰ
771 1332 886 1405 εἴδη
936 1334 1043 1387 τῶν
1091 1334 1431 1405 ἐδωδίμωνὴ
1476 1334 1583 1387 τῶν
1640 1352 1770 1405 μετ-

173 1420 413 1490 εχόντων
464 1421 758 1493 ἐπιθυμία,
806 1424 900 1477 καὶ
940 1427 968 1483 6
1022 1425 1119 1494 μέν
1151 1442 1235 1487 τις
1263 1424 1615 1495 ἐπιτέρπεται
1657 1429 1770 1490 τοῖς

172 1513 588 1580 γλυκαίνουσιν,
635 1516 793 1593 ἄλλος
853 1518 989 1588 πρὸς
1040 1517 1108 1571 τὰ
1160 1516 1527 1590 δριμύσσοντά
1576 1534 1636 1570 τε
1676 1517 1772 1570 καὶ

176 1600 546 1673 θερμαίνοντα
584 1604 682 1677 τὴν
727 1607 903 1679 ὁρμὴν
941 1607 1076 1679 ἔχει’
1110 1608 1296 1679 ἕτερος
1330 1608 1388 1661 δὲ
1439 1612 1551 1672 τοῖς
1582 1606 1768 1679 ἁλμώ-

172 1691 318 1757 δεσι,
342 1697 436 1749 καὶ
462 1695 621 1760 ἀλλος
645 1701 755 1762 τοῖς
782 1699 1227 1772 παραστύφουσιν
1250 1700 1462 1770 ἥδεται·
1492 1699 1772 1771 συμϐαίνει

1872 536 1994 585 mae,
2032 521 2210 591 quoad
2237 521 2358 591 ejus
2396 520 2510 574 lieri
2552 527 2752 590 potest,
2792 519 2919 574 talis
2948 527 3004 574 et
3035 518 3145 573 cibi
3202 526 3256 572 et
3287 524 3448 587 potus

1871 612 2091 667 beatum
2118 612 2171 665 iu
2207 611 2616 680 nobismetipsis
2647 611 2945 680 appetitum
2999 607 3356 663 conficiamus
3394 616 3448 662 et

1872 703 2256 772 ingeneremus
2284 719 2300 769 ;
2333 717 2508 773 neque
2538 702 2685 757 enim
2717 700 2831 755 fieri
2861 706 3061 770 potest,
3087 705 3148 754 ut
3171 699 3255 755 vel
3282 700 3447 753 homo

1871 793 2077 858 valeat,
2111 794 2155 847 si
2184 793 2501 846 alimentum
2537 790 2812 848 sulliciens
2843 792 2990 847 vires
3014 805 3124 845 nou
3153 788 3446 845 confirmet

1870 892 1927 938 et
1957 890 2247 947 sustentet,
2272 882 2354 937 vel
2384 882 2593 952 absque
2623 881 2959 937 comestione
2995 882 3119 938 cibo
3146 882 3443 953 repleatur,

1872 975 1956 1029 vel
1986 974 2105 1028 sine
2132 974 2373 1044 appetitu
2407 973 2700 1029 nutriatur.
2735 972 3007 1040 Quoniam
3042 973 3212 1045 igitur
3241 974 3444 1029 bonum

1873 1064 2146 1133 quoddam
2195 1064 2249 1118 in
2284 1065 2396 1118 vita
2451 1072 2579 1119 sunt
2614 1065 2798 1132 vires;
2836 1065 2918 1119 ha:
2974 1079 3105 1120 vero
3157 1064 3446 1122 sufficienti

1874 1154 2162 1210 saturitate
2219 1162 2661 1222 conservantur;
2700 1156 2925 1211 satietas
2982 1163 3164 1211 autem
3219 1172 3316 1227 per
3350 1170 3448 1211 co-

1873 1246 2197 1299 mestionem
2226 1244 2479 1312 exsistit;
2506 1244 2771 1300 comestio
2797 1260 2927 1300 vero
2963 1260 3030 1300 ex
3070 1246 3312 1316 appetitu
3350 1246 3444 1301 fit:

1871 1336 2030 1391 beata
2057 1352 2145 1393 res
2187 1335 2353 1391 fuerit
2405 1336 2716 1392 viventibus
2750 1337 3045 1407 appetitus,
3079 1344 3141 1390 ut
3166 1336 3259 1406 qui
3289 1336 3445 1405 prin-

1871 1424 2072 1494 cipium
2096 1432 2150 1480 et
2176 1438 2340 1480 causa
2379 1425 2576 1480 virium
2618 1434 2927 1481 nostrarum
2960 1427 3211 1482 exsistat.
3247 1426 3447 1492 Quem-

1873 1514 2164 1568 admodum
2194 1522 2376 1571 autem
2409 1515 2559 1571 circa
2602 1516 2917 1572 sensibilem
2951 1516 3097 1570 hunc
3125 1516 3327 1570 victum
3367 1515 3447 1569 af.

1875 1604 1997 1659 fecti
2030 1620 2241 1670 sumus,
2272 1622 2397 1660 cum
2428 1621 2539 1662 non
2569 1605 2757 1662 eadem
2800 1621 2991 1662 omnes
3039 1614 3318 1677 appetunt,
3352 1606 3444 1662 sed

1874 1710 2017 1766 saepe
2048 1712 2147 1767 pro
2184 1697 2479 1769 generibus
2538 1698 2947 1753 esculentorum
3004 1697 3333 1752 sumentium
3365 1694 3450 1750 di-

174 1783 237 1838 δὲ
272 1786 532 1851 πολλάκις
581 1788 655 1859 μὴ
695 1790 833 1843 κατὰ
879 1789 942 1843 τὸ
969 1790 1282 1844 λυσιτελοῦν
1329 1790 1638 1860 ἐγγίνεσθαι
1666 1791 1764 1862 τὴν

1878 1783 2071 1838 viditur
2102 1786 2398 1856 appetitus,
2431 1793 2596 1856 atque
2626 1786 2768 1841 alius
2803 1785 3027 1855 quidem
3058 1784 3313 1840 dulcibus
3356 1784 3451 1839 de-

174 1875 360 1946 ὁρμὴν
382 1877 597 1949 ἑκάστῳ
620 1879 719 1950 τῆς
749 1879 1001 1951 βρώσεως
1056 1881 1220 1952 (κατὰ
1246 1881 1354 1951 γάρ
1380 1897 1501 1935 τινα
1518 1881 1766 1953 κράσεως

180 1964 426 2035 ιδιότητα
456 1967 594 2039 πρός
639 1985 692 2021 τι
725 1969 895 2032 πάθος
927 1968 1244 2041 ὲπιρῤεπῶς
1272 1986 1356 2032 τις
1388 1968 1546 2039 ἔχων,
1576 1969 1766 2043 τρέφει

175 2057 283 2128 τὴν
312 2057 465 2112 νόσον
488 2060 556 2130 τῇ
587 2059 697 2112 τῶν
738 2061 855 2112 κατ’
883 2061 1127 2131 ἀλλήλων
1154 2059 1458 2131 βρωμάτων
1487 2060 1762 2130 ποιότητι·

176 2149 232 2202 εί
256 2148 317 2202 δὲ
344 2148 479 2221 πρὸς
500 2150 570 2203 τά
592 2150 902 2218 ὠφελοῦντα
924 2151 1022 2222 τὴν
1044 2152 1220 2224 ὁρμὴν
1247 2150 1400 2223 σχοίη
1426 2194 1440 2217 ,
1471 2152 1688 2214 πάντως
1711 2153 1768 2205 ἐν

179 2238 369 2311 ὑγιείᾳ
396 2236 674 2312 βιώσεται,
703 2240 804 2310 τῆς
840 2241 1046 2311 τροφῆς
1077 2239 1224 2311 αὐτῷ
1265 2239 1636 2312 συντηρούσης
1669 2240 1769 2311 τὴν

178 2324 441 2399 εὐεξίαν)·
466 2324 638 2390 οὓτως
666 2328 757 2381 καὶ
779 2328 870 2380 ἐπὶ
895 2327 992 2398 τῆς
1023 2328 1204 2400 ψυχῆς
1226 2328 1433 2399 τροφῆς
1460 2328 1521 2381 ού
1552 2328 1770 2382 πάντων

179 2416 326 2489 πρὸς
342 2416 405 2470 τὸ
431 2417 563 2471 αὐτὸ
594 2417 848 2492 ῥέπουσιν
890 2420 945 2472 αί
986 2417 1287 2488 ἐπιθυμίαι.
1334 2420 1397 2471 Οί
1430 2418 1526 2489 μὲν
1550 2418 1657 2489 γάρ
1686 2418 1771 2471 δό-

181 2506 306 2574 ξης,
338 2505 371 2577 ἢ
411 2505 662 2573 πλούτου,
694 2507 729 2579 ῆ
768 2523 913 2570 τινος
955 2506 1229 2577 κοσμικῆς
1258 2507 1616 2578 περιφανείας
1652 2506 1773 2579 ὀρέ-

193 2612 409 2663 τονται,
443 2595 624 2661 ἄλλοις
659 2597 786 2668 περλ⁸
837 2596 935 2668 τὴν
982 2596 1259 2669 τράπεζαν
1296 2597 1523 2668 ἄσχολός
1556 2598 1703 2650 ἐστιν
1736 2598 1769 2668 ἡ

178 2684 388 2754 ὄρεξις,
415 2684 592 2759 ἓτεροι
614 2684 706 2741 τὸν
743 2686 957 2757 φθόνον,
990 2685 1066 2751 ὣς
1090 2704 1212 2741 τινα
1248 2687 1621 2759 δηλητηριώδη
1648 2704 1773 2759 τρο-

182 2778 300 2845 φὴν
326 2775 619 2848 προθύμως
644 2777 1132 2849 ἀναλαμϐάνουσιψ
1166 2777 1304 2831 είσὶν
1326 2778 1383 2833 δέ
1423 2796 1568 2843 τινες
1602 2774 1683 2843 οἷς
1711 2779 1773 2833 τὸ

179 2870 249 2936 τῇ
283 2867 442 2933 φύσει
469 2868 633 2922 καλὸν
654 2871 713 2923 ἐν
748 2868 923 2940 ὀρέξει
952 2869 1181 2939 γίνεται.
1217 2868 1379 2923 Φύσει
1408 2871 1464 2924 δὲ
1494 2871 1653 2924 καλὸν
1685 2873 1771 2925 ἀεὶ

184 2957 284 3010 καὶ
323 2958 455 3011 πᾶσι
487 2956 642 3011 τοῦτό
680 2961 846 3025 ἐστιν,
876 2958 904 3011 ὃ
940 2960 1014 3031 μὴ
1047 2958 1207 3013 ἄλλου
1241 2959 1388 3023 τινὸς
1410 2959 1595 3014 ἕνεκέν
1622 2962 1771 3015 ἐστιν

1867 1873 2122 1938 lectatur,
2160 1876 2302 1931 alius
2332 1890 2465 1931 vero
2497 1875 2648 1929 acria
2697 1877 2903 1945 pariter
2963 1882 3018 1929 et
3072 1874 3448 1929 calefacientia

1868 1966 2239 2036 appetit,alius
2270 1966 2396 2022 item
2435 1968 2617 2032 salsis,
2651 1966 2794 2021 alius
2830 1966 3268 2039 astringentibus
3316 1981 3451 2036 gau-

1868 2055 1959 2110 det
1988 2074 2003 2124 ;
2030 2070 2173 2126 saepe
2210 2063 2394 2112 autem
2424 2055 2647 2118 accidit,
2680 2066 2742 2109 ut
2790 2070 2899 2110 non
2933 2071 2999 2110 ex
3043 2070 3144 2110 usu
3201 2064 3255 2111 et
3300 2070 3450 2111 com-

1870 2144 2033 2199 modo
2065 2145 2339 2216 appetitus
2362 2145 2472 2201 cibi
2502 2145 2555 2199 in
2619 2160 2953 2216 unoquoque
3000 2147 3229 2201 exsistat
3286 2145 3449 2217 (nam

1871 2235 1917 2288 si
1950 2236 2077 2306 quis
2110 2252 2210 2307 pro
2238 2237 2655 2308 temperamenti
2712 2236 2948 2308 quadam
2985 2237 3320 2307 proprietate
3382 2238 3450 2293 ad

1870 2324 2093 2396 aliquod
2117 2326 2308 2381 vitium
2341 2341 2650 2398 propensus
2679 2335 2784 2392 est,
2814 2328 2862 2383 is
2891 2328 3182 2397 aequalium
3230 2336 3283 2382 et
3320 2342 3452 2383 con-

1870 2418 2202 2473 venientium
2229 2419 2450 2489 propria
2485 2420 2718 2489 quadam
2782 2419 2834 2472 vi
2892 2420 3138 2473 ciborum
3197 2419 3447 2474 morbum

1871 2509 2065 2572 nutrit,
2102 2509 2197 2563 sed
2228 2508 2273 2563 si
2305 2522 2391 2575 ea,
2426 2524 2547 2579 quae
2573 2509 2811 2579 prosint,
2840 2519 3094 2579 appetere
3123 2509 3311 2579 coepit,
3340 2524 3449 2563 nu-

1869 2600 2130 2655 trimento
2163 2600 2362 2656 bonam
2397 2600 2446 2654 ei
2480 2599 2847 2655 valetudinem
2875 2608 3260 2663 conservante,
3292 2616 3448 2671 pror-

1870 2704 1968 2745 sus
1998 2689 2050 2742 in
2081 2690 2319 2745 sanitate
2348 2691 2492 2747 vivet
2512 2692 2564 2760 δε
2597 2691 2788 2747 eodem
2818 2691 2980 2747 modo
3012 2693 3066 2747 in
3099 2696 3292 2746 animae
3313 2706 3453 2762 quo-

1869 2795 1977 2849 que
2005 2779 2265 2835 alimento
2298 2781 2524 2846 accidit,
2564 2788 2625 2836 ut
2654 2797 2763 2836 non
2817 2782 3063 2837 omnium
3115 2782 3451 2852 cupiditates

1872 2869 1938 2923 ad
1966 2870 2211 2925 eamdem
2240 2885 2355 2926 rem
2386 2872 2756 2942 propendeant
2783 2879 2836 2926 et
2867 2872 3147 2927 inclinent.
3190 2871 3324 2926 Nam
3360 2872 3453 2925 alii

1870 2961 2087 3030 quidem
2113 2961 2363 3032 gloriam,
2407 2972 2500 3016 aut
2551 2962 2792 3026 divitias,
2824 2971 2918 3017 aut
2955 2963 3187 3033 aliquem
3224 2960 3458 3016 munda-

181 3046 423 3118 αἱρετὸν,
450 3047 565 3101 ἀλλ’
590 3048 721 3102 αὐτὸ
741 3050 809 3103 δι’
836 3049 998 3103 ἑαυτὸ
1019 3048 1378 3123 ἐπιθυμητὸν,
1405 3050 1490 3105 ἀεὶ
1510 3051 1769 3118 ὡσαύτως

1880 3066 2007 3105 num
2040 3062 2308 3122 appetunt
2341 3054 2713 3124 splendorem,
2748 3055 2868 3109 aliis
2891 3053 3039 3108 circa
3071 3068 3316 3109 mensam
3356 3066 3454 3107 oc-

181 3139 335 3209 ἒχον,
386 3139 480 3194 καὶ
514 3140 768 3193 οὐδέποτε
814 3141 1221 3213 ἀμϐλυνόμενον
1255 3142 1421 3212 κόρῳ.
1478 3142 1575 3197 Διὰ
1616 3142 1774 3197 τοῦτο

1878 3152 2106 3213 cupatus
2135 3154 2221 3200 est
2251 3146 2547 3216 appetitus,
2574 3147 2664 3200 alii
2698 3146 2958 3201 invidiam
3002 3151 3258 3215 tanquam
3292 3159 3453 3199 vene-

186 3229 486 3301 μακαρίζει
518 3231 547 3283 6
578 3230 750 3297 Λόγος
790 3230 849 3283 οὐ
892 3228 1019 3293 τοὺς
1058 3230 1246 3294 ἁπλῶς
1295 3230 1617 3295 πεινῶντας,
1656 3231 1773 3286 ἀλλ’

182 3315 268 3384 οἷς
292 3321 427 3390 πρὸς
444 3318 544 3391 τὴν
566 3318 742 3390 ἀληθῆ
760 3319 1106 3391 δικαιοσύνην
1128 3323 1160 3391 ή
1190 3319 1457 3391 ἐπιθυμία
1478 3319 1574 3391 τὴν
1602 3319 1776 3393 ῥοπὴν

184 3411 326 3483 ἔχει.

1875 3248 2072 3288 nosum
2107 3235 2343 3304 aliquem
2384 3236 2567 3289 cibum
2617 3236 2818 3306 cupide
2851 3240 3109 3301 sumunt;
3164 3241 3293 3289 sunt
3326 3234 3457 3288 item

1876 3324 2147 3388 nonnulli,
2189 3326 2280 3396 qui
2314 3334 2579 3396 appetunt
2624 3326 2700 3387 id,
2732 3325 2877 3396 quod
2930 3332 3129 3379 natura
3161 3323 3367 3379 bonum
3401 3331 3459 3378 et

1880 3411 2167 3469 honestum
2199 3424 2304 3472 est.
2362 3416 2567 3471 Natura
2637 3426 2815 3472 autem
2878 3417 3079 3471 bonum
3134 3430 3349 3486 semper
3402 3422 3458 3472 et

183 3502 446 3558 omnibus
477 3501 582 3558 hoc
610 3510 718 3565 est,
752 3501 900 3572 quod
928 3516 1035 3556 non
1073 3502 1299 3557 alterius
1336 3499 1663 3570 cujusquam
1720 3502 1798 3558 rei
1836 3518 2004 3558 causa
2034 3507 2381 3573 sumendum,
2458 3508 2552 3563 sed
2595 3510 2772 3579 ipsum
2807 3516 3027 3578 propter
3077 3522 3137 3563 se
3202 3516 3459 3578 expeten-

184 3596 321 3650 dum
355 3602 460 3659 est,
496 3596 642 3667 quod
681 3611 896 3666 semper
932 3595 1123 3651 eodem
1158 3595 1322 3650 modo
1384 3611 1444 3650 se
1512 3594 1695 3663 habet,
1750 3604 1806 3652 et
1844 3613 2123 3668 nunquam
2156 3603 2408 3657 satietate
2455 3603 2725 3674 frangitur
2789 3611 2844 3657 et
2882 3602 3186 3657 hebetatur.
3251 3600 3459 3658 Idcirco

190 3690 435 3746 Verbum
505 3691 697 3746 beatos
768 3690 919 3745 ducit
970 3706 1079 3745 non
1132 3690 1456 3761 simpliciter
1509 3690 1851 3757 esurientes,
1893 3695 1989 3748 sed
2022 3695 2223 3764 quibus
2251 3696 2319 3751 ad
2351 3713 2534 3754 veram
2581 3696 2851 3767 justitiam
2894 3695 3162 3765 cupiditas
3196 3694 3459 3750 inclinata

186 3797 360 3857 atque
392 3800 667 3857 propensa
700 3793 806 3840 est.

260 3880 358 3944 Τίς
388 3876 482 3934 οὖν
512 3883 545 3951 ἡ
578 3880 923 3951 δικαιοσύνη;
968 3880 1131 3933 τοῦτο’
1163 3878 1272 3951 γὰρ
1310 3875 1464 3951 οἶμαι
1491 3880 1600 3933 δεῖν
1646 3880 1780 3952 πρό-

185 3989 349 4044 τερον
378 3972 822 4042 ἀνακαλυφθῆναι
861 3971 948 4024 διὰ
979 3970 1073 4023 τοῦ
1109 3970 1292 4039 λόγου,
1323 3971 1401 4034 ὡς
1428 3969 1494 4024 ἂν
1520 3970 1613 4024 τοῦ
1656 3973 1776 4024 κατ’

1958 3879 2091 3949 Qua:
2118 3888 2202 3937 est
2235 3881 2402 3952 igitur
2434 3880 2523 3936 illa
2543 3876 2797 3949 justitia?
2844 3876 2946 3930 hoc
2974 3873 3119 3930 enim
3152 3872 3305 3943 prius
3336 3870 3455 3942 opi-

1883 3983 1987 4025 nor
2019 3968 2267 4024 oratione
2297 3968 2474 4038 detegi
2516 3975 2681 4035 atque
2733 3963 3000 4017 declarari
3063 3966 3336 4030 oportere,
3399 3965 3462 4012 ut

187 4062 362 4133 αὐτὴν
388 4061 614 4125 κάλλους
642 4062 1067 4133 φανερωθέντος,
1102 4059 1274 4123 οὕτως
1294 4060 1351 4113 ἐν
1372 4062 1499 4130 ἡμῖν
1527 4060 1771 4132 κινηθείη

1878 4059 2279 4132 pulchritudine
2314 4058 2435 4127 ejus
2480 4056 2891 4117 animadversa,
2928 4054 3002 4107 ita
3038 4050 3259 4105 tandem
3290 4064 3459 4120 appe-

188 4155 328 4225 πρδς
356 4153 453 4223 τὴν
485 4152 633 4224 ὦραν
659 4153 752 4206 τοῦ
783 4153 1041 4222 φανέντος
1071 4154 1103 4223 η
1129 4151 1327 4223 ὄρεξις.
1354 4152 1488 4205 Οὐδὲ
1512 4151 1621 4223 γάρ
1656 4154 1771 4204 ἐστι

187 4244 416 4299 δυνατὸν
448 4243 580 4316 πρὸς
609 4244 670 4296 τὸ
703 4244 777 4314 μὴ
803 4243 1124 4313 φαινόμενον
1150 4241 1566 4311 ἐπιθυμητικῶς
1606 4242 1771 4313 ἐχειν,

188 4336 308 4390 ἀλλ’
344 4336 487 4406 ἀργή
524 4352 640 4398 πως
671 4334 765 4387 ἐπὶ
801 4334 861 4386 τὸ
894 4333 1169 4401 ἄγνωστον
1199 4334 1344 4385 ἐστιν
1372 4333 1405 4403 ἡ
1431 4333 1590 4401 φύσις
1620 4334 1775 4404 ημῶν

1874 4154 2008 4206 titus
2038 4152 2095 4205 in
2125 4150 2285 4205 nobis
2322 4150 2390 4204 ad
2416 4150 2494 4203 rei
2522 4156 2832 4217 conspectae
2863 4144 3115 4200 decorem
3151 4148 3456 4197 moveatur.

1873 4241 2059 4313 Neque
2109 4241 2253 4296 enim
2284 4237 2399 4293 fieri
2445 4244 2625 4307 potest
2670 4244 2730 4290 ut
2779 4234 2903 4305 quis
2943 4229 3176 4302 cupidus
3218 4230 3292 4286 sit
3340 4228 3460 4299 ejus

1876 4332 2020 4403 quod
2050 4346 2161 4385 non
2188 4337 2435 4401 apparet,
2463 4327 2557 4383 sed
2584 4326 2767 4398 segnis
2788 4324 3163 4394 atqueignava
3195 4320 3461 4392 quodam-

191 4427 291 4480 καὶ
333 4426 607 4497 ἀκίνητος,
656 4426 705 4477 εί
741 4424 816 4496 μὴ
860 4424 924 4477 δι’
955 4425 1125 4494 ἀκοῆς
1154 4423 1188 4493 ἢ
1221 4422 1396 4493 ὅψεως
1424 4423 1631 4500 ἐννοιάν
1657 4441 1775 4477 τινα

1883 4425 2044 4480 modo
2073 4430 2268 4477 natura
2303 4428 2491 4476 nostra
2516 4418 2782 4472 adversus
2813 4416 3081 4487 ignotum,
3112 4420 3167 4470 et
3205 4410 3459 4467 immobi—

188 4515 290 4571 τοῦ
320 4492 656 4589 ἐπιθυμητοῦ
687 4492 863 4570 λάϐοι.
897 4516 1034 4569 Φασὶ
1080 4492 1398 4568 τοίνυντῶν
1418 4492 1778 4583 ῗξητακότων

187 4608 264 4661 τὰ
288 4607 513 4662 τοιαῦτά
549 4623 715 4671 τινες,
758 4605 1104 4675 δικαιοσύνην
1130 4599 1269 4658 εῖναι
1300 4603 1412 4668 ἕξιν
1445 4605 1782 4673 ἀπονεμητιο

191 4696 300 4769 κὴν
321 4696 413 4750 τοῦ
447 4695 583 4762 ῐσου,
615 4697 707 4750 καὶ
737 4696 830 4750 τοῦ
859 4696 978 4749 κατ’
1013 4694 1170 4760 ἀξίαν
1198 4694 1432 4766 ἑκάστῳ.
1462 4689 1590 4748 Οἷον
1618 4695 1671 4747 εἴ
1697 4710 1781 4758 τις

191 4788 494 4860 χρημάτων
524 4789 783 4859 διανομῆς
817 4787 1026 4856 γένοιτο
1068 4785 1277 4857 κύριος,
1311 4788 1339 4840 6
1381 4785 1518 4855 πρὸς
1566 4786 1627 4839 τὸ
1669 4785 1781 4839 ίσον

197 4878 435 4949 βλέπων,
482 4879 577 4931 καὶ
614 4877 941 4949 συμμετριῖΝ
983 4879 1051 4947 τῇ
1097 4876 1257 4949 χρείᾳ
1305 4876 1414 4931 τῶν
1446 4875 1782 4947 μετεχόντων

193 4971 299 5041 τὴν
326 4969 491 5035 δόσιν,
522 4968 729 5033 δίκαιος
756 4970 994 5039 λέγεται·
1031 4969 1127 5021 καὶ
1154 4969 1206 5021 εί
1232 4985 1316 5031 τις
1336 4967 1430 5021 τοῦ
1452 4968 1657 5038 κρίνειν
1685 4967 1784 5037 τὴν

197 5060 448 5126 ἐξουσίαν
494 5059 698 5125 λαϐὼν,
735 5059 809 5130 μὴ
850 5058 983 5131 πρὸς
1008 5060 1165 5130 χάριν
1196 5057 1318 5110 τινὰ
1365 5058 1460 5111 καὶ
1488 5055 1784 5125 ἀπέχθειαν

196 5152 302 5223 τὴν
342 5152 520 5224 ψῆφον
565 5151 740 5224 φέροι,
793 5149 930 5204 ἀλλὰ
965 5152 1031 5218 τῇ
1087 5148 1246 5217 φύσει
1286 5147 1396 5200 τῶν
1442 5146 1783 5217 πραγμάτων

199 5244 482 5314 ἑπόμενος,
506 5242 796 5314 τιμωροῖτο
827 5258 887 5295 τε
918 5243 1042 5304 τοὺς
1071 5241 1275 5307 ἀξίους,
1311 5240 1406 5293 καὶ
1435 5239 1533 5308 τὴν
1574 5236 1780 5301 σώζου-

201 5349 306 5386 σαν
328 5332 507 5403 ψῆφον
542 5332 678 5403 πρὸς
705 5333 830 5394 τοὺς
859 5330 1182 5395 ἀνευθύνους
1211 5317 1388 5402 φέροι,
1417 5330 1509 5382 καὶ
1540 5330 1648 5381 τῶν
1671 5330 1783 5381 λοι-

202 5423 323 5477 πῶν
349 5421 861 5493 ἀμφισϐητημάτων
880 5422 937 5475 ἐν
967 5420 1193 5491 ἀληθείᾳ
1225 5422 1430 5472 ποιοῖτο
1454 5419 1552 5490 τὴν
1578 5419 1783 5489 κρίσιν,

202 5515 298 5568 καὶ
332 5508 486 5578 οὗτος
527 5513 733 5576 δίκαιος
777 5511 1010 5580 λέγεται.
1052 5512 1162 5566 Καὶ
1189 5513 1217 5563 6
1259 5511 1385 5575 τοὺς
1428 5510 1626 5579 φόρους
1674 5511 1787 5572 τοῖς

205 5605 538 5674 ὑποχειρίοις
565 5604 799 5667 τάσσων,
827 5604 955 5655 ὅταν
989 5602 1299 5673 σύμμετρον
1344 5600 1576 5670 ἐπιϐάλῃ
1607 5601 1673 5670 τῇ
1700 5599 1785 5652 δυ-

208 5696 368 5765 νάμει
412 5696 504 5749 τὸν
533 5695 719 5766 φόρον,
750 5693 842 5749 καὶ
873 5693 1081 5757 οἰκείας
1118 5693 1402 5761 δεσπότης,
1451 5692 1545 5749 καὶ
1582 5691 1790 5755 πόλεως

1883 4513 1952 4568 Iis
1983 4519 2087 4576 est,
2125 4512 2233 4566 nisi
2271 4509 2550 4565 auditione
2590 4507 2675 4563 vel
2704 4505 2913 4562 visione
2945 4505 3182 4573 aliquam
3211 4502 3460 4559 notitiam

1883 4602 2152 4672 acceperit
2168 4601 2285 4672 ejus
2313 4600 2457 4671 quod
2470 4597 2827 4671 expetendum
2845 4597 2935 4651 sit.
2953 4596 3119 4649 Aiunt
3133 4595 3297 4665 igitur
3318 4609 3462 4649 non-

1883 4691 2018 4746 nulli
2041 4705 2252 4754 eorum,
2271 4689 2362 4759 qui
2378 4687 2645 4758 ejusmodi
2665 4700 2754 4741 res
2772 4684 3164 4767 serutatilsunt,
3191 4682 3461 4754 justitiam

1882 4797 2006 4838 esse
2040 4781 2285 4837 habitum
2311 4779 2641 4833 tribuentem
2675 4776 2972 4846 unicuique
2988 4776 3064 4838 id,
3087 4772 3460 4845 quodaaquum

1883 4881 2170 4943 est,etquu
2185 4872 2421 4942 quisque
2441 4870 2638 4940 dignus
2654 4867 2930 4924 est.Ve‘rbi
2948 4866 3144 4937 gratia,
3164 4865 3209 4919 si
3235 4866 3359 4935 quis
3374 4879 3464 4935 pe-

1885 4965 2077 5019 cunias
2094 4962 2458 5020 distribuendi
2492 4968 2816 5032 potestatem
2835 4958 3088 5030 adeptus,
3109 4963 3164 5013 et
3188 4955 3464 5028 aequabili-

1885 5062 2053 5109 tatem
2082 5054 2361 5125 respiciat,
2381 5061 2435 5109 et
2463 5068 2563 5124 pro
2579 5052 2738 5107 modo
2767 5049 3084 5121 indigentia
3109 5047 3450 5104 sumentium

1886 5153 1941 5201 et
1962 5145 2404 5215 participantium
2425 5143 2799 5215 elargitionem
2814 5145 3101 5211 temperet,
3116 5140 3300 5210 justus
3331 5136 3464 5192 dici-

1888 5244 1999 5291 tur.
2027 5235 2159 5292 Item
2190 5237 2236 5292 si
2260 5236 2385 5307 quis
2409 5234 2694 5307 judicandi
2738 5239 3007 5304 potestate
3044 5238 3293 5301 accepta,
3352 5243 3463 5283 non

1888 5326 1954 5381 ad
1990 5326 2220 5397 gratiam
2257 5326 2490 5397 alicujus
2514 5325 2778 5381 etodium
2812 5322 3138 5379 sententiam
3173 5320 3330 5385 ferat,
3367 5319 3463 5374 sed

1890 5422 2144 5469 naturam
2194 5430 2489 5471 causarum
2544 5428 2804 5485 sequens,
2843 5421 2899 5469 et
2944 5410 3215 5482 supplicio
3270 5407 3463 5479 dignos

1892 5501 2110 5568 aﬂiciat,
2141 5512 2194 5558 et
2249 5505 2569 5559 innocentes
2626 5499 2899 5559 sententia
2954 5515 3052 5555 sua
3105 5496 3355 5553 absolvat
3409 5504 3465 5549 et

1893 5602 2096 5660 servet,
2125 5594 2572 5664 reliquarumque
2595 5589 3099 5646 controversiarum
3134 5598 3323 5643 verum
3368 5584 3463 5656 ju-

1894 5686 2096 5743 dicium
2132 5684 2317 5752 faciat,
2365 5684 2528 5739 etiam
2567 5682 2657 5739 hic
2695 5681 2879 5752 justus
2923 5679 3146 5738 dicitur.
3203 5676 3337 5733 Item
3368 5672 3463 5746 qui
