3844 6224
346 320 488 382 1235

1539 324 1596 379 S.
1633 321 1965 380 GREGORH
2007 318 2305 380 NYSSENI

3506 324 3535 381 ἱ
3544 322 3657 381 ἕῗῆ

344 437 580 496 subditis
607 438 810 493 tributa
842 437 1055 508 incidit,
1088 454 1211 495 cum
1248 454 1349 511 pro
1378 440 1541 496 modo
1589 442 1789 496 virium
1823 443 1921 496 tri-

2049 441 2232 512 ἱρχων,
2282 441 2375 494 καὶ
2418 440 2587 495 ἐθνῶν
2623 440 2896 511 βασιλεὺς,
2948 443 2994 495 εί
3043 441 3399 514 καταλλήλως
3443 444 3655 514 ἡγοῖτο

346 532 538 584 butum
570 530 823 600 imponit,
852 538 906 585 et
935 531 1352 601 paterfamilias,
1388 540 1444 587 et
1490 541 1692 602 praetor
1737 534 1927 588 civita-

346 623 439 682 tis,
484 627 539 672 et
595 620 836 690 gentium
889 635 1019 688 rex;
1083 622 1127 675 si
1191 622 1426 692 quisque
1481 623 1677 677 horum
1725 638 1926 677 conve-

348 710 559 763 nienter
610 714 666 763 et
709 710 995 765 commode
1063 712 1299 767 subditis
1371 714 1591 782 praesit,
1669 714 1931 784 nulloque

348 804 553 870 impetu
618 807 783 869 atque
844 802 1089 871 appetitu
1170 803 1384 857 ratione
1461 804 1694 867 carenti,
1770 819 1931 859 occa-

349 892 508 944 sione
595 891 890 960 potestatis
989 904 1305 958 moveatur,
1392 894 1487 949 sed
1577 903 1725 949 recte
1802 895 1931 950 sub-

349 981 477 1035 ditis
552 980 644 1049 jus
722 980 906 1044 dicat,
994 989 1048 1036 et
1104 981 1175 1036 ad
1245 984 1556 1038 voluntates
1620 992 1676 1038 et
1745 983 1927 1038 studia

352 1072 697 1127 subditorum
751 1072 1028 1141 ingenium
1070 1082 1126 1128 et
1160 1074 1454 1129 consilium
1509 1090 1669 1129 suum
1712 1089 1932 1129 accom-

352 1164 535 1219 modet
591 1173 645 1219 et
685 1172 949 1234 temperet
1000 1184 1012 1218 :
1055 1165 1371 1235 hujusmodi
1401 1166 1583 1219 omnia
1622 1166 1821 1219 rationi
1869 1179 1933 1219 ac

352 1255 656 1311 deﬁnitioni
693 1256 921 1325 justitize
980 1258 1229 1312 tribuunt
1277 1264 1332 1312 et
1380 1258 1663 1327 assignant
1721 1258 1778 1321 ii,
1841 1258 1931 1326 qui

352 1347 544 1400 habitu
579 1348 674 1399 tal-i
707 1345 782 1412 id,
813 1347 958 1418 quod
980 1347 1190 1416 justum
1228 1347 1322 1410 sit,
1349 1347 1637 1401 definiunt.
1669 1346 1782 1418 Ego
1805 1363 1933 1402 vero

358 1436 426 1488 ad
483 1437 828 1491 altitudinem
901 1436 1308 1491 constitutionis
1368 1436 1565 1491 divinae
1607 1438 1931 1507 respiciens,

354 1528 561 1595 aliquid
605 1528 842 1596 amplius
890 1544 1055 1597 quam
1100 1543 1186 1591 ea,
1230 1542 1352 1598 quas
1395 1528 1556 1582 modo
1602 1528 1748 1582 dicta
1784 1537 1931 1592 sunt,

354 1634 453 1687 per
501 1619 641 1672 hanc
688 1619 964 1687 justitiam
1021 1620 1431 1689 intelligendum
1490 1634 1614 1674 esse
1656 1620 1929 1677 existimo.

352 1708 487 1763 Nam
513 1711 558 1765 si
606 1712 864 1766 salutaris
903 1713 1120 1781 quidem
1169 1727 1354 1765 sermo
1398 1712 1707 1766 communis
1746 1720 1850 1775 est,
1880 1718 1935 1766 et

2035 532 2143 586 τῶν
2165 532 2620 602 ὑποτεταγμένων
2646 532 2877 594 ἕκαστος
2907 532 3136 596 τούτων,
3171 534 3245 603 μὴ
3272 534 3484 603 ὁρμαῖς
3514 530 3636 585 ἀλᾶ

2037 642 2155 693 γοις
2191 625 2283 678 ὑπ’
2313 625 2562 689 ἐξουσίας
2600 624 2934 695 κινούμενος,
2969 625 3085 678 ἀλλ’
3133 624 3388 694 εὐθύτητι
3433 625 3500 677 τὸ
3528 624 3650 676 ὕπ-

2037 718 2200 787 ήκοον
2223 716 2445 787 κρίνων,
2481 715 2575 768 καὶ
2602 715 2740 787 πρὸς
2766 714 2863 779 τάς
2886 716 3232 785 προαιρέσεις
3257 716 3367 774 τῶν
3410 716 3653 784 ὑποχει-

2041 805 2171 877 ρίων
2189 809 2255 878 τῇ
2283 805 2476 879 γνώμῃ
2498 806 2986 877 συναρμοζόμενοςο
3009 807 3184 861 πάντα
3206 806 3273 859 τὰ
3294 805 3532 858 τοιαῦτα
3561 805 3651 872 τῷ

2037 898 2183 968 λόγῳ
2208 898 2309 968 τῆς
2330 897 2679 968 δικαιοσύνης
2702 896 3067 961 ἀνατιθέασιν,
3091 899 3142 950 οἱ
3169 900 3235 967 τῇ
3263 895 3501 967 τοιαύτῃ
3521 895 3647 961 ἔξει

2037 988 2099 1041 τὸ
2131 987 2336 1039 δίκαιον
2367 987 2695 1057 ὁριζόμενοι.
2738 985 2881 1050 Ἐγὼ
2908 985 2966 1039 δὲ
2994 986 3130 1058 πρὸς
3154 986 3214 1055 τὸ
3243 985 3378 1055 6'60;
3410 985 3647 1054 βλέπων

2037 1076 2138 1146 τῆς
2170 1077 2319 1141 Θείας
2349 1077 2697 1148 νομοθεσίας,
2740 1075 2905 1130 πλέον
2927 1095 2980 1130 τι
3006 1077 3112 1129 τῶν
3134 1076 3446 1146 εἰρημένων
3474 1076 3534 1127 ἐν
3565 1075 3643 1141 τῇ

2038 1170 2352 1243 δικαιοσύνῃ
2378 1169 2551 1243 ταύτῃ
2580 1171 2817 1224 νοεῖσθαι
2844 1169 3194 1239 στοχάζομαι.
3223 1168 3285 1220 Ei
3308 1166 3421 1238 γὰρ
3453 1166 3645 1226 κοινὸς

2043 1260 2140 1329 μὲν
2173 1260 2307 1329 πρὸς
2337 1262 2516 1313 πᾶσαν
2550 1260 2648 1330 τὴν
2697 1259 3046 1331 ἀνθρωπίνην
3093 1257 3255 1326 φύσιν
3284 1258 3315 1309 6
3360 1256 3647 1325 σωτήριος

2040 1350 2214 1417 λόγος,
2242 1350 2303 1402 ού
2343 1350 2542 1412 παντὸς
2579 1348 2637 1401 δέ
2656 1350 2805 1402 ἐστιν
2836 1346 3125 1418 ἀνθρώπου
3150 1347 3212 1399 τὸ
3239 1348 3299 1400 ὲν
3324 1348 3444 1408 τοῖς
3473 1346 3643 1415 εἰρη-

2044 1440 2225 1509 μένοις
2253 1436 2392 1493 εἷναι
2443 1440 2673 1509 (ὀλίγων⁹
2702 1442 2810 1509 γὰρ
2845 1438 2907 1491 τδ
2950 1436 3273 1507 βασιλεύειν,
3310 1436 3373 1489 τὸ
3412 1437 3643 1506 ἄρχειν,

2039 1533 2100 1585 τὸ
2121 1530 2377 1596 δικάζειν,
2408 1532 2469 1584 τὸ
2496 1534 2552 1585 ἐν
2580 1531 2799 1602 ἐξουσίᾳ
2838 1530 3156 1600 χρημάτων,
3200 1530 3237 1598 ή
3268 1545 3419 1590 τινος
3460 1527 3644 1595 ἄλλης

2040 1624 2348 1693 οἰκονομίας
2372 1622 2645 1690 γενέσθαι’
2672 1621 2734 1674 τδ
2765 1622 2821 1673 δὲ
2848 1619 3050 1690 πλῆθος
3071 1620 3129 1672 ἐν
3156 1621 3265 1682 τοῖς
3293 1617 3641 1688 ὑποχειρίοις

2040 1730 2098 1766 τε
2133 1712 2227 1765 καὶ
2281 1710 2753 1781 οἰκονομουμένοις
2783 1709 2986 1778 ἐστίν)’
3022 1708 3139 1773 πῶς
3181 1709 3247 1763 ἀν
3289 1725 3375 1769 τις
3412 1707 3643 1769 δέξαιτο

354 1801 421 1854 ad
475 1815 689 1855 omnem
744 1801 1038 1853 humanam
1081 1800 1315 1869 pertinet
1364 1808 1789 1853 naturammon
1840 1814 1936 1852 cu-

2049 1803 2133 1872 τὴν
2186 1800 2358 1871 ἀληθῆ
2407 1796 2753 1870 δικαιοσύνην
2800 1798 3016 1867 ἐκείνην
3058 1793 3217 1858 εἶναι,
3266 1796 3301 1865 ή
3360 1795 3439 1865 μὴ
3490 1795 3639 1845 πᾶσι

350 1891 529 1959 jusvis
570 1900 751 1947 autem
783 1892 1019 1946 hominis
1050 1900 1155 1957 est,
1210 1891 1263 1944 in
1301 1892 1388 1957 iis,
1431 1907 1552 1961 quae
1587 1891 1749 1946 modo
1789 1891 1935 1945 dicta

353 1991 504 2048 sunt,
534 1983 727 2038 olIiciis
762 1998 824 2037 ac
871 1984 1192 2038 muneribus
1213 1983 1483 2039 obeundis
1526 1983 1734 2037 versari
1774 1982 1936 2054 (pau-

355 2090 546 2127 rerum
591 2074 736 2129 enim
789 2081 874 2128 εει
917 2088 1167 2143 regnare,
1201 2088 1457 2143 praeesse.
1506 2073 1798 2143 imperare,
1844 2072 1936 2141 jus

356 2162 561 2222 dicere.
597 2171 920 2232 potestatem
960 2162 1316 2231 pecuniarum
1351 2161 1935 2226 administrandarum,

359 2260 453 2306 aut
482 2256 709 2308 alterius
742 2255 819 2309 rei
844 2254 1166 2323 cujusquam
1199 2254 1666 2321 dispensationem
1698 2252 1933 2307 habere:

359 2342 653 2398 multitudo
684 2358 816 2397 vero
848 2358 913 2397 ac
945 2344 1138 2413 vulgus
1176 2344 1232 2398 in
1267 2359 1493 2398 numero
1516 2343 1857 2397 subditorum
1883 2350 1937 2397 et

358 2449 546 2487 eorum
581 2435 673 2504 qui
706 2443 991 2504 reguntur,
1050 2440 1223 2505 sunt),
1264 2437 1538 2504 quomodo
1594 2435 1794 2505 aliquis
1841 2434 1937 2487 ad-

362 2528 579 2579 mittere
629 2533 681 2579 et
722 2527 979 2580 assentiri
1026 2527 1221 2594 possit;
1250 2540 1434 2580 veram
1482 2506 1756 2593 justi-tiam
1811 2540 1935 2580 esse

361 2617 531 2678 illam,
558 2616 717 2686 cujus
749 2632 855 2669 non
897 2616 1122 2685 aequalis
1149 2630 1212 2669 ac
1240 2631 1338 2685 par
1365 2615 1609 2669 conditio
1647 2616 1795 2669 omni
1835 2631 1937 2669 na-

359 2719 496 2762 tura:
541 2708 819 2778 proposita
863 2710 983 2762 est?
1011 2708 1144 2763 Nam
1198 2711 1241 2765 si
1270 2710 1473 2777 justus,
1518 2714 1682 2775 prout
1721 2708 1939 2761 tradunt

360 2798 662 2867 disciplina“:
731 2791 1059 2867 sapientium
1119 2807 1504 2861 externorum,
1576 2798 1939 2868 aequalitatem

361 2886 467 2939 sibi
519 2887 855 2956 pr0pusitam
896 2888 1079 2951 habet,
1120 2888 1187 2942 ad
1220 2904 1383 2958 quam
1440 2888 1783 2956 potissimum
1819 2904 1941 2958 spe-

2040 1889 2321 1961 πρόκειται
2348 1888 2625 1958 ὀμοτίμως
2665 1889 2730 1957 τῇ
2779 1886 2971 1954 φύσει;
3006 1885 3070 1938 El
3100 1885 3205 1957 γὰρ
3251 1884 3279 1935 6
3316 1882 3523 1945 σκοπὸς
3552 1883 3641 1951 τῷ

2037 1980 2229 2051 δικαίῳ
2254 1978 2395 2033 κατά
2435 1981 2561 2043 τοὺς
2590 1978 2788 2045 ἔξωθεν
2816 1978 3009 2047 λόγους
3036 1977 3097 2030 τὸ
3131 1976 3243 2030 ἴσον
3289 1974 3473 2027 ἐστίν·
3508 1975 3544 2043 ἡ
3575 1973 3641 2024 δὲ

2039 2072 2279 2143 ὑπεροχὴ
2326 2072 2387 2125 τὸ
2429 2072 2613 2126 ἄνισον
2658 2070 2793 2142 ἔχει·
2823 2071 2925 2123 οὐκ
2962 2069 3077 2122 ἔστι
3111 2069 3201 2121 τὸν
3230 2066 3643 2136 ἀποδεδομένον

2036 2164 2135 2234 τῆς
2156 2163 2501 2232 δικαιοσύνης
2527 2162 2683 2231 λόγον
2710 2160 2885 2231 ἀληθῆ
2916 2160 3158 2231 νομίσαι,
3189 2158 3350 2221 εὐθὺς
3375 2156 3458 2227 τῷ
3486 2155 3640 2209 κατὰ

2037 2254 2128 2306 τὸν
2156 2254 2268 2324 βίον
2304 2254 2474 2323 ἀνίσῳ
2504 2252 2933 2323 διελεγχόμενον.
2985 2251 3082 2315 Τίς
3118 2245 3211 2305 οὗν
3241 2252 3273 2320 ή
3304 2247 3643 2315 δικαιοσύνη

2039 2346 2071 2414 ή
2100 2345 2178 2407 είς
2212 2345 2418 2407 πάντας
2455 2342 2763 2413 φθάνουσα;
2796 2338 2907 2405 Ἧς
2945 2344 2978 2413 ή
3009 2340 3274 2411 ἐπιθυμία
3305 2338 3465 2409 κοινὴ
3496 2340 3639 2408 προ-

2040 2451 2215 2487 κειται
2241 2434 2406 2487 παντὶ
2451 2433 2528 2503 τῷ
2580 2432 2721 2486 κα·τά
2778 2432 2877 2503 τὴν
2926 2430 3288 2500 εὐαγγελικὴν
3346 2427 3647 2500 τράπεζαν

2042 2523 2290 2592 βλέποντι
2309 2539 2322 2553 ·
2372 2523 2475 2576 κᾶν
2503 2522 2757 2585 πλούσιός
2790 2539 2875 2584 τις
2906 2516 2962 2593 ᾖ,
3006 2520 3111 2575 κᾶν
3140 2520 3308 2589 πένης
3327 2560 3343 2585 ,
3377 2517 3486 2571 κᾶν
3511 2519 3645 2571 6ου-

2039 2614 2189 2686 λεύῃ,
2220 2613 2323 2666 κᾶν
2350 2612 2598 2683 κυριεύῃ,
2631 2613 2733 2667 κᾶν
2780 2611 3115 2683 εὐπατρίδης
3135 2650 3149 2675 ,
3179 2609 3281 2663 κᾶν
3307 2608 3642 2679 ἀργυρώνη-

2042 2722 2162 2769 τος,
2224 2703 2479 2773 οὐδεμιᾶς
2535 2703 2947 2775 περιστάσεως,
3012 2699 3136 2754 ούτε
3190 2698 3641 2769 πλεοναζούσης,

2040 2794 2162 2847 οὔτε
2186 2793 2619 2865 ύποστελλούσης
2648 2793 2742 2847 τοῦ
2770 2794 2980 2847 δικαίου
3008 2793 3098 2846 τὸν
3135 2791 3312 2859 λόγον.
3348 2791 3411 2843 Εἰ
3442 2791 3555 2861 γὰρ
3579 2793 3642 2842 ὲν

2045 2886 2189 2956 μόνῳ
2219 2884 2297 2956 τῷ
2322 2881 2614 2957 προήκοντι
2646 2887 2765 2939 κατ’
2794 2884 3041 2949 ἐξουσίαν
3064 2882 3186 2936 τινὰ
3214 2883 3310 2935 καὶ
3340 2882 3631 2951 ὑπεροχὴν

361 2987 470 3031 «tet
504 2997 517 3032 :
563 2980 883 3054 excellentia
915 2986 1095 3033 autem
1124 2994 1188 3033 ac
1230 2979 1469 3049 dignitas
1515 2978 1937 3047 inaequalitatem

2049 2977 2100 3028 τὸ
2121 2975 2359 3029 τοιοῦτον
2412 2976 2752 3047 εὑρίσκοιτο·
2804 2975 2922 3038 πῶς
2967 2974 3174 3036 δίκαιος
3222 2975 3251 3026 6
3298 2972 3379 3043 τῷ
3421 2972 3644 3024 πυλῶνι

360 3070 417 3123 iu
465 3086 524 3124 se
568 3071 852 3124 continet:
885 3085 992 3124 non
1050 3077 1231 3141 potest
1278 3071 1508 3139 justitiae
1546 3071 1755 3125 reddita
1798 3070 1939 3124 ratio

2049 3066 2134 3119 τοῦ
2176 3066 2430 3119 πλουσίου
2485 3066 2933 3138 παρερριμμένος
2974 3065 3255 3135 Λάζαρος,
3287 3064 3317 3115 6
3360 3061 3642 3132 μηδεμίαν

363 3159 719 3229 definitioque
761 3174 890 3213 vera
939 3160 1269 3227 existimari,
1322 3161 1525 3230 quippe
1572 3175 1696 3214 cum
1753 3160 1937 3214 statim

2049 3158 2174 3227 ὓλην
2196 3158 2331 3228 πρὸς
2354 3158 2452 3228 τὴν
2472 3157 2732 3228 τοιαύτην
2752 3155 3098 3224 δικαιοσύνην
3122 3154 3283 3224 ἔχων,
3306 3153 3407 3207 οὐκ
3434 3153 3643 3223 ἀρῄν,

362 3250 728 3320 inaequalitate
771 3250 894 3303 vitae
955 3250 1268 3304 communis
1336 3250 1632 3304 refellatur.
1683 3249 1812 3315 Quae
1857 3259 1943 3306 est

361 3342 528 3411 igitur
564 3342 653 3395 illa
683 3340 922 3409 justitia,
967 3356 1089 3411 quae
1129 3341 1195 3395 ad
1231 3356 1424 3396 omnes
1470 3342 1740 3410 pertinet?
1783 3342 1943 3411 cujus

363 3431 638 3501 appetitus
670 3431 847 3487 cuivis
878 3431 946 3485 ad
983 3433 1350 3502 evangelicam
1399 3447 1642 3487 mensam
1678 3434 1943 3501 spectanti

362 3523 674 3576 cututuunis
707 3524 1022 3592 propositus
1055 3533 1139 3578 est
1168 3541 1180 3575 :
1215 3524 1327 3577 sive
1367 3525 1491 3592 quis
1521 3522 1674 3579 dives
1702 3528 1793 3589 sit,
1829 3526 1944 3580 sive

363 3625 589 3683 pauper.
624 3614 738 3667 sive
768 3628 984 3677 servus,
1028 3613 1143 3669 sive
1173 3614 1453 3678 dominus,
1497 3614 1613 3669 sive
1657 3615 1943 3683 patricius,

365 3705 481 3757 sive
506 3704 735 3772 pecunia
766 3710 1141 3773 comparatus,
1163 3705 1311 3757 nulla
1331 3702 1572 3768 fortuna,
1601 3705 1750 3758 nullo
1776 3714 1942 3771 statu,

366 3795 515 3847 nulla
571 3792 907 3854 conditione,
958 3792 1107 3845 nulla
1154 3791 1564 3846 circumstantia
1619 3808 1795 3861 neque
1842 3808 1942 3846 au-

364 3890 523 3952 gente
566 3895 742 3949 neque
765 3880 1106 3934 diminueute
1118 3880 1255 3949 justi
1291 3879 1687 3934 deﬁnitionem.
1718 3879 1859 3933 Nam
1896 3881 1943 3936 si

366 3975 417 4026 id
451 3973 505 4026 iu
542 3987 609 4026 eo
646 3971 786 4036 solo,
823 3971 916 4040 qui
948 3979 1217 4040 potestate
1259 3971 1442 4040 aliqua
1489 3976 1653 4040 atque
1676 3971 1973 4041 dignitate,

366 4075 593 4118 ca'teros
626 4061 902 4132 praecedit,
951 4063 1256 4131 reperiatur
1282 4081 1296 4116 :
1328 4062 1603 4131 quomodo
1628 4062 1812 4131 justus
1836 4063 1942 4118 erit

366 4154 459 4208 ille
502 4152 568 4206 ad
616 4152 944 4213 vestibulum
995 4151 1183 4207 divitis
1228 4152 1477 4221 abjectus
1527 4150 1803 4217 Lazarus,
1848 4154 1944 4221 qui

2040 3249 2139 3301 οὐκ
2165 3248 2435 3313 ἐξουσίαν,
2454 3247 2554 3300 οὐκ
2577 3244 2744 3310 οἷκον,
2770 3247 2831 3299 ού
2857 3244 3158 3317 τράπεζαν,
3180 3245 3282 3297 οὐκ
3301 3242 3473 3311 ἄλλην
3500 3242 3633 3294 τινα

2043 3341 2179 3410 πρὸς
2204 3340 2294 3392 τὸν
2326 3340 2439 3410 βίον
2468 3339 2849 3409 παρασκευὴν,
2884 3337 2951 3392 δι’
2976 3333 3047 3409 ἧς
3084 3335 3196 3389 ἐστι
3230 3334 3333 3406 τὴν
3358 3331 3642 3387 δικαιοσύο

2041 3447 2137 3499 νην
2161 3428 2376 3500 ἐκείνην
2405 3427 2734 3500 ἐργάζεσθαι
2758 3445 2773 3491 ;
2802 3428 2865 3481 Εί
2886 3427 2996 3498 γὰρ
3024 3427 3083 3479 ἐν
3105 3423 3185 3495 τῷ
3213 3424 3424 3495 ἄρχειν,
3452 3422 3487 3492 ἢ
3521 3422 3640 3475 δια-

2042 3521 2249 3591 νέμειν,
2283 3520 2320 3591 ἦ
2346 3538 2399 3573 τι
2430 3520 2567 3583 ὅλως
2599 3520 2902 3589 οἰκονομεῖν
2931 3518 2993 3570 τὸ
3024 3515 3233 3569 δίκαιόν
3273 3516 3423 3566 ἐστιν
3454 3509 3598 3565 εἶναι
3619 3550 3639 3574 ,

2043 3614 2070 3666 6
2099 3614 2172 3683 μὴ
2203 3612 2279 3665 ὢν
2324 3613 2382 3665 ὲν
2421 3611 2680 3675 ἐκείνοις,
2710 3609 2815 3674 ἔξω
2848 3608 2941 3662 τοῦ
2975 3606 3184 3661 δικαίου
3214 3605 3432 3667 πάντως
3463 3604 3636 3657 ἐστίν.

2045 3704 2167 3767 Πῶς
2204 3698 2298 3757 οὖν
2327 3701 2570 3767 ἀξιοῦται
2609 3703 2708 3772 τῆς
2736 3700 3099 3762 ἀναπαύσεως
3125 3701 3153 3751 6
3182 3697 3349 3768 μηδὲν
3383 3694 3643 3765 ἐσχηκὼς

2041 3794 2269 3859 τούτων,
2315 3794 2381 3847 δι’
2415 3788 2553 3864 ὧνή
2593 3791 2912 3862 δικαιοσύνη
2954 3790 3099 3845 κατά
3134 3788 3222 3841 τὸν
3272 3786 3381 3839 τῶν
3423 3785 3642 3839 πολλῶν

2041 3887 2195 3954 λόγον
2226 3885 2709 3956 χαρακτηρίζεται.
2735 3883 2941 3937 Οὐκοῦν
2965 3880 3202 3952 ζητητέα
3224 3880 3355 3948 ήμῖν
3378 3878 3411 3947 ή
3431 3876 3640 3929 δικαιο-

2047 3977 2178 4048 σύνη
2227 3976 2448 4046 ἐκείνη,
2503 3970 2571 4047 ἦς
2614 3976 2644 4028 6
2700 3972 3044 4044 ἐπιθυμήσας
3086 3973 3144 4024 ἐν
3196 3967 3503 4037 ἐπαγγελία
3538 3967 3644 4036 τὴν

2048 4069 2343 4122 ἀπόλαυσιν
2368 4067 2502 4137 ἔχει.
2527 4065 2815 4134 Μακάριοι
2844 4065 2976 4136 γὰρ,
3007 4062 3192 4134 φησιν,
3221 4064 3277 4115 οι
3311 4058 3642 4126 πεινῶντες

2050 4157 2166 4224 τὴν
2196 4156 2613 4222 δικαιοσύνην·
2640 4153 2729 4207 ὅτι
2751 4152 2924 4208 αὐτοὶ
2948 4150 3492 4220 χορτασθήσονται.

365 4245 572 4300 nullam
598 4244 883 4299 materiam
931 4244 996 4295 ad
1031 4243 1193 4298 talem
1218 4243 1492 4313 justitiam
1541 4245 1796 4308 habebat,
1874 4261 1985 4301 non
2060 4247 2373 4319 imperium,
2405 4263 2513 4302 non
2542 4254 2888 4317 potestatem,
2918 4245 3292 4307 uoudomum,
3333 4257 3446 4296 nou
3488 4255 3637 4296 men-

366 4352 504 4399 sam,
585 4351 693 4389 non
740 4335 905 4389 alium
938 4335 1248 4404 quempiam
1324 4335 1391 4389 ad
1443 4336 1612 4390 vitam
1671 4346 2015 4406 apparatum,
2048 4355 2153 4409 per
2186 4355 2348 4411 quem
2384 4339 2513 4393 licet
2547 4338 2693 4391 illam
2721 4336 2991 4406 justitiam
3027 4337 3093 4389 ad
3125 4348 3263 4403 opus
3290 4340 3347 4386 et
3381 4330 3640 4387 eﬂ'ectum

368 4432 638 4489 deducere
673 4440 837 4499 atque
886 4430 1315 4498 reprazsentare?
1378 4429 1512 4484 Nam
1560 4431 1605 4485 si
1674 4432 2016 4501 imperando,
2062 4443 2155 4489 aut
2226 4433 2637 4499 distribuendo,
2699 4440 2793 4485 aut
2851 4431 3077 4485 omnino
3136 4425 3345 4497 aliquid
3401 4426 3638 4481 admini—

369 4528 590 4580 strando
614 4527 820 4596 justum
858 4541 980 4581 esse
1013 4524 1289 4588 consistit,
1356 4525 1446 4594 qui
1517 4527 1569 4580 in
1595 4527 1719 4594 illis
1759 4528 2077 4584 muneribus
2099 4545 2207 4583 non
2239 4538 2513 4593 versatur,
2538 4544 2734 4598 expers
2766 4527 2994 4598 justitiaa
3018 4539 3246 4595 prorsus
3310 4529 3417 4577 est.
3486 4521 3638 4588 Quo-

370 4622 532 4676 modo
578 4622 745 4691 igitur
788 4621 1033 4690 requiete
1063 4619 1264 4690 dignus
1294 4619 1529 4675 habetur
1559 4621 1625 4687 is,
1663 4622 1757 4692 qui
1806 4611 1943 4677 nihil
1985 4624 2177 4678 habuit
2211 4639 2423 4687 eorum,
2459 4638 2554 4693 per
2613 4638 2735 4692 quae
2767 4620 2975 4691 justitia
3051 4617 3209 4688 juxta
3235 4617 3383 4686 vulgi
3422 4616 3641 4686 opinio-

369 4731 490 4771 nem
529 4714 881 4784 designatur?
909 4713 1178 4778 Quocirca
1215 4714 1507 4782 quaerenda
1539 4717 1699 4770 nobis
1758 4724 1841 4771 est
1909 4718 1998 4771 illa
2034 4718 2272 4787 justitia,
2327 4717 2488 4785 cujus
2536 4726 2845 4786 compotem
2893 4714 3008 4769 fore
3060 4712 3299 4767 Verbum
3352 4712 3636 4781 promittit

367 4807 542 4867 illum,
584 4804 676 4874 qui
707 4818 826 4857 eam
861 4804 1184 4872 expetiverit
1221 4822 1234 4859 :
1265 4803 1419 4858 Beati
1445 4805 1617 4875 enim,
1641 4807 1840 4877 inquit,
1879 4810 1969 4879 qui
2007 4811 2249 4863 esuriant
2276 4809 2550 4875 justitiam
2580 4823 2597 4861 :
2632 4808 2884 4877 quoniam
2916 4806 3020 4872 ipsi
3042 4802 3456 4858 saturabuutur.

439 4893 623 4949 Multis
653 4908 717 4951 ac
750 4894 915 4948 variis
940 4898 1104 4962 mbus
1149 4895 1311 4950 nobis
1346 4896 1413 4950 ad
1445 4911 1600 4951 usum
1630 4900 1939 4968 propositis,

2124 4901 2342 4954 Πολλῶν
2376 4901 2470 4954 καὶ
2506 4897 2863 4952 παντοδαπῶν
2908 4896 3283 4966 προκειμένων
3317 4895 3399 4956 εἰς
3445 4908 3641 4961 μετουο

372 4988 575 5057 quibus
626 4986 886 5052 allicitur,
944 5002 1175 5056 quaeque
1226 4988 1432 5058 appetit
1490 4997 1718 5054 natura,
1779 4993 1949 5046 multa

375 5077 532 5131 nobis
571 5090 711 5145 opus
742 5083 826 5131 est
852 5076 1103 5140 scientia,
1139 5088 1197 5131 ut
1229 5079 1387 5132 nobis
1417 5080 1471 5132 in
1496 5079 1766 5149 ejusmodi
1791 5096 1951 5138 escu-

376 5168 539 5222 lentis
571 5166 973 5231 discernamus,
1009 5165 1154 5236 quod
1188 5168 1415 5236 nutriat,
1448 5171 1592 5238 quod
1629 5181 1845 5235 noceat,
1881 5188 1950 5227 ne

375 5259 448 5322 id,
491 5258 637 5328 quod
697 5259 1019 5318 nutrimenti
1072 5259 1192 5313 loco
1244 5260 1348 5314 sibi
1398 5262 1468 5317 ab
1515 5262 1696 5316 anima
1745 5264 1953 5318 assumi

375 5349 611 5413 videtur,
652 5364 751 5420 pro
779 5350 889 5404 vita
938 5359 1170 5405 mortem
1207 5352 1367 5407 nobis
1396 5357 1450 5407 et
1498 5361 1705 5422 pestem
1736 5353 1951 5410 efﬁciat.

377 5437 627 5494 Forsitan
680 5447 861 5495 autem
913 5457 1025 5495 non
1072 5442 1514 5514 intempestivum
1562 5459 1665 5499 nec
1716 5446 1952 5500 alienum

375 5528 557 5594 fuerit,
598 5544 695 5598 per
737 5531 897 5584 aliam
945 5531 1237 5601 quamdatn
1286 5533 1652 5601 evangelicam
1702 5535 1959 5604 quaestio-

376 5635 501 5674 nem
564 5620 728 5689 hujus
788 5621 920 5675 dicti
1001 5623 1324 5677 sententiam
1380 5624 1718 5694 distinguere
1794 5635 1957 5693 atque

380 5710 694 5775 explanare.
743 5710 846 5788 Qui
896 5728 990 5778 per
1041 5714 1222 5771 omnia
1270 5729 1611 5771 communem
1668 5717 1954 5772 nobiscum

2052 4993 2195 5056 σίαν,
2226 4992 2310 5060 ἐφ’
2342 4991 2376 5043 ἃ
2395 4992 2429 5061 ή
2468 4989 2784 5060 ἀνθρωπίνη
2815 4986 2975 5055 φύσις
3004 4986 3102 5054 τὴν
3131 4983 3425 5053 ὀρεκτικὴν
3461 4982 3641 5054 ὁρμὴν

2049 5084 2184 5154 ἔχει,
2228 5081 2428 5151 πολλῆς
2469 5082 2602 5151 ἡμῖν
2631 5078 2788 5149 χρεία
2818 5077 2916 5147 τῆς
2946 5075 3257 5145 ἐπιστήμης
3280 5111 3296 5135 ,
3330 5072 3478 5124 ὥστε
3505 5074 3640 5142 ήμίν

2049 5173 2339 5244 διακρίνειν
2368 5173 2426 5223 ἐν
2456 5168 2853 5250 τοίςςοιούτοις
2880 5165 3158 5235 ἐδωδίμοις
3184 5163 3243 5216 τὸ
3270 5162 3547 5233 τρόφιμόν
3579 5180 3635 5215 τε

2051 5264 2146 5317 καὶ
2173 5261 2526 5333 δηλητήριον,
2570 5252 2646 5321 ὡς
2669 5257 2735 5312 ἂν
2775 5257 2850 5328 μὴ
2880 5256 2941 5309 τὸ
2972 5254 3162 5309 δοκοῦν
3194 5253 3300 5306 ὑπὸ
3331 5253 3432 5322 τῆς
3458 5252 3638 5322 ψυχῆς

2052 5354 2110 5407 ἐν
2156 5355 2362 5424 τροφῆς
2417 5351 2572 5422 μέρει
2618 5343 3183 5429 παραλαμϐάνεσθαι,
3225 5344 3458 5399 θάνατον
3508 5346 3636 5413 ἡμῖν

2054 5443 2147 5496 καὶ
2174 5441 2468 5512 διαφθορὰν
2490 5440 2609 5494 ἀντὶ
2631 5440 2731 5509 τῆς
2757 5438 2901 5508 ζωῆς
2930 5438 3294 5507 ἐνεργήσειεν.
3331 5434 3448 5486 Οὐκ
3476 5433 3637 5486 ἄκαιο

2056 5550 2149 5603 ρον
2178 5533 2235 5586 δὲ
2270 5533 2400 5597 ῐσως
2420 5572 2434 5598 ,
2463 5531 2552 5584 διά
2579 5547 2724 5593 τινος
2764 5529 2952 5598 ἐτέρου
2987 5526 3094 5580 τῶν
3119 5525 3261 5579 κατά
3290 5523 3353 5575 τὺ
3385 5523 3632 5590 Εὐαγγέ-

2053 5624 2164 5678 λιον
2215 5623 2578 5695 ζητουμένων,
2612 5620 2711 5691 τὴν
2747 5619 2874 5689 περὶ
2911 5617 3101 5671 τούτου
3132 5613 3471 5685 διαρθρῶσαι
3520 5613 3633 5665 δια·-

2054 5731 2224 5768 νοιαν.
2270 5714 2327 5765 ’0
2361 5712 2501 5768 κατά
2533 5711 2712 5765 πάντα
2746 5709 3075 5778 κοινωνήσας
3106 5708 3234 5776 ήμῖν
3263 5706 3433 5776 χωρὶς
3456 5705 3632 5774 ἀμαρ-
