3844 6224
137 341 284 395 ηδτ

1205 336 1291 390 DE
1323 335 1927 394 BEATITUDINIBUS.
1967 334 2224 390 ORATIO
2257 335 2343 388 iV.

3276 335 3296 382 l
3310 332 3412 385 258

135 460 288 522 τίεις,
321 459 412 511 καὶ
446 474 506 509 συ
517 455 848 526 μμετασχὼν
870 458 1002 526 ἡμῖν
1031 455 1142 507 τῶν
1167 456 1349 510 αὐτῶν
1374 458 1737 527 παθημάτων,

1855 464 2095 511 naturam
2139 454 2329 508 habuit
2361 459 2587 521 excepto
2621 457 2866 520 peccato,
2905 454 3066 517 atque
3093 446 3410 501 eorumdem

137 552 243 622 τὴν
279 551 467 603 πεῖναν
496 550 595 601 οὐκ
623 549 834 618 ἔκρινεν
864 546 1158 617 ἁμαρτίαν,
1186 547 1307 599 ούδέ
1351 547 1608 602 ἀπώσατο
1633 551 1730 619 τῆς

143 638 342 694 ἑαυτοῦ
371 640 564 704 πείρας
594 639 654 690 τὸ
678 639 798 689 κατ’
827 637 996 707 αὐτὴν
1017 636 1210 700 πάθος,
1243 638 1357 690 ἀλλ’
1387 638 1602 701 ἐδέξατο
1632 639 1730 708 τὴν

141 731 440 801 ὀρεκτικὴν
469 729 644 799 ὁρμὴν
671 729 772 797 τῆς
811 727 1026 797 φύσεως
1054 728 1155 796 τὴν
1204 729 1299 780 ἐπὶ
1336 731 1396 799 τῇ
1433 732 1604 800 τροφῇ
1642 746 1729 796 γι-

144 821 404 890 νομένην.
453 820 734 881 ’Λπόσιτος
767 818 877 887 γὰρ
903 818 1313 888 τεσσαράκοντα
1362 818 1584 889 ἡμερῶν
1614 820 1731 871 δια-

152 914 365 982 μείνας,
399 912 622 981 ὕστερον
653 909 938 963 ἐπείνασεν
959 926 972 938 ·
1014 908 1181 962 ἔδωκε
1212 909 1320 979 γάρ
1365 910 1453 962 ὅτε
1484 909 1733 961 ἐϐούλετο

146 1007 216 1074 τῇ
251 1004 411 1072 φύσει
441 1001 633 1072 καιρὸν
667 999 738 1053 τὰ
781 999 979 1069 ἑαυτῆς
1026 1000 1339 1070 ἐνεργῆσαι.
1396 998 1533 1052 Ἀλλ’
1567 1001 1596 1052 ὁ
1626 999 1734 1052 τῶν

153 1093 479 1164 πειρασμῶν
508 1091 737 1162 εὑρετὴς
761 1129 776 1153 ,
803 1092 892 1143 ὅτε
915 1089 1057 1158 ἔγνω
1087 1090 1149 1142 τὸ
1184 1090 1325 1143 κατά
1348 1092 1536 1143 πεῖναν
1566 1090 1737 1153 πάθος

153 1186 248 1238 καὶ
281 1188 340 1238 ἐν
385 1185 580 1253 ἐκείνῳ
621 1183 946 1253 γενόμενον,
1007 1181 1391 1234 συνεϐούλευσε
1434 1181 1602 1244 λίθοις
1640 1181 1737 1250 τὴν

152 1276 333 1345 ὄρεξιν
379 1274 769 1338 δεξιώσασθαι·
805 1274 962 1328 τοῦτο
997 1275 1054 1328 δέ
1085 1277 1238 1339 ἐστι,
1289 1274 1350 1327 τὸ
1395 1273 1738 1345 παρατρέψαι

153 1368 254 1435 τὴν
279 1365 574 1435 ἐπιθυμίαν
606 1366 669 1417 ἐκ
698 1365 794 1435 τῆς
827 1363 968 1418 κατὰ
999 1363 1160 1432 φύσιν
1188 1365 1392 1433 τροφῆς
1421 1363 1515 1416 ἐπὶ
1543 1363 1611 1415 τὰ
1635 1361 1740 1427 ἔξω

156 1459 253 1527 τῆς
284 1457 518 1525 φύσεως.
557 1455 706 1509 Εἰπὲ
748 1455 877 1525 γὰρ,
910 1455 1094 1524 φησὶν,
1135 1455 1237 1508 ἵνα
1281 1456 1335 1505 οί
1380 1453 1534 1505 λίθοι
1579 1447 1741 1505 οὗτοι

155 1551 323 1618 ἄρτοι
356 1547 658 1618 γένωνται.
700 1546 765 1598 Τί
794 1545 902 1617 γάρ
930 1545 1240 1615 ἡδίκησενή
1271 1544 1548 1613 γεωργία;
1586 1544 1741 1605 Τίνος

155 1641 210 1692 δὲ
241 1640 402 1710 χάριν
432 1637 726 1708 ἐϐδελύχθη
759 1636 830 1690 τὰ
871 1637 1162 1706 σπέρματα
1184 1677 1198 1700 ,
1239 1635 1315 1698 ὼς
1339 1637 1440 1704 τὴν
1482 1635 1592 1687 ἀπὸ
1618 1633 1741 1687 τού-

158 1746 266 1781 των
298 1727 668 1797 ἀτιμασθῆναι
698 1729 940 1797 τροφήν;
977 1727 1040 1778 Τί
1084 1727 1138 1778 δὲ
1192 1725 1660 1793 καταγινώσκεται
1707 1727 1740 1795 ἡ

157 1817 253 1870 τοῦ
269 1817 614 1888 Δημιουργοῦ
655 1816 834 1884 σοφία,
860 1818 934 1880 ὼς
966 1818 1023 1869 ού
1057 1817 1284 1879 δεόντως
1318 1817 1404 1870 διὰ
1435 1817 1542 1868 τῶν
1573 1834 1742 1888 σπερ-

163 1909 352 1978 μάτων
391 1907 452 1960 τὸ
482 1906 823 1978 ἀνθρώπινον
865 1907 1173 1975 τρέφουσα;
1210 1907 1270 1957 Εἰ
1306 1906 1414 1977 γὰρ
1443 1908 1470 1957 ὁ
1495 1905 1638 1968 λίθος
1665 1907 1744 1971 εἰς

137 1996 365 2067 τροφὴν
394 1995 724 2065 οἰκειότερος
749 1994 842 2047 νῦν
877 1995 1232 2062 ἀναφαίνεται
1259 2009 1273 2025 ο
1306 1994 1413 2064 ἄρα
1447 1997 1544 2065 τῆς
1590 1996 1744 2049 δεού-

163 2105 264 2156 σης
295 2087 426 2158 περὶ
468 2087 565 2157 τὴν
613 2085 958 2155 ἀνθρωπίνην
999 2083 1142 2155 ζωὴν
1192 2086 1532 2156 προμηθείας
1570 2089 1602 2156 ἡ
1650 2087 1744 2140 τοῦ

161 2181 297 2234 ε’εοῦ
324 2180 486 2249 σοφία
511 2179 827 2250 διήμαρτεν.
852 2179 998 2231 Εἰπὲ
1020 2180 1112 2231 ἵνα
1139 2182 1190 2232 οἱ
1215 2180 1372 2234 λίθοι
1397 2175 1560 2235 οὗτοι
1582 2179 1746 2246 ἄρτοι

163 2273 469 2340 ﬁrmat.
501 2270 686 2323 Ταῦτα
717 2265 880 2338 λέγει’
901 2270 1062 2340 μέχρι
1093 2269 1183 2322 τοῦ
1210 2269 1304 2323 νῦν
1353 2271 1462 2333 τοῖς
1495 2269 1598 2322 ὑπὸ
1645 2269 1746 2339 τῆς

165 2367 302 2426 ἰδίας
354 2363 768 2435 πειραζομένοις
801 2364 1035 2434 ὀρέξεως
1055 2403 1068 2427 ,
1101 2362 1194 2415 καὶ
1229 2361 1400 2429 λέγων
1422 2399 1436 2424 ,
1463 2360 1538 2424 ὡς
1569 2361 1748 2414 ἐπιτο-

161 2458 301 2510 πολὺ
333 2457 508 2510 πείθει
542 2457 634 2510 ἐπί
661 2455 1238 2509 λίθων-σιτοποιεῖσθαι
1263 2455 1389 2517 τοὺς
1420 2454 1556 2524 πρὸς
1585 2453 1747 2506 αὐτὸν

159 2548 481 2618 βλέποντας.
509 2549 675 2601 Ὅταν
697 2547 805 2616 γὰρ
821 2546 1048 2619 ἐκϐαίνῃ
1073 2547 1198 2608 τοὺς
1225 2545 1557 2612 ἀναγκαίους
1589 2545 1747 2614 ὅρους

156 2641 262 2711 τῆς
287 2641 476 2710 χρείας
519 2642 550 2709 ή
586 2637 784 2710 ὄρεξις,
820 2640 872 2692 τί
908 2638 1036 2691 ἄλλο
1077 2638 1170 2690 καὶ¹
1197 2637 1318 2704 οὐχὶ
1357 2636 1603 2690 διαϐόλου
1630 2635 1748 2687 ἐστὶ

161 2731 476 2802 συμϐουλὴ,
510 2732 604 2784 τοῦ
637 2731 759 2783 τότε
799 2729 896 2800 τὴν
931 2731 995 2782 ἐκ
1027 2729 1356 2799 σπερμάτων
1393 2743 1748 2797 παραγραφο-

165 2825 334 2894 μένου
373 2822 597 2892 τροφὴν,
630 2821 725 2873 καὶ
755 2822 845 2874 ἐπὶ
887 2820 956 2874 τά
1000 2819 1104 2884 ἔξω
1133 2819 1233 2888 τῆς
1272 2818 1488 2887 φύσεως
1539 2833 1748 2886 προκα-

159 2914 431 2984 λουμένου
461 2914 559 2983 τὴν
578 2913 756 2982 ὄρεξιν
781 2930 795 2976 ;
833 2912 930 2966 Ἐκ
959 2911 1121 2964 λίθων
1146 2909 1434 2973 ἐσθίουσιν,
1462 2909 1510 2960 οἱ
1533 2908 1623 2960 τὸν
1652 2907 1750 2977 τῆς

162 3005 484 3070 πλεονεξίας
516 3005 678 3076 ἄρτον
711 3003 1130 3074 παρατιθέμενοι
1159 3017 1172 3030 ⁸
1205 3002 1255 3053 οἱ
1285 3001 1384 3063 τὰς
1413 2996 1750 3051 πολυταλάν-

1831 549 2116 602 nobiseum
2177 545 2488 605 affectuum,
2541 540 3010 597 incommodorum
3053 546 3106 592 et
3163 535 3414 590 alliietio—

1831 653 1960 691 num
2000 636 2271 704 particeps
2306 633 2426 694 luit,
2459 630 2656 684 famem
2697 643 2806 682 non
2829 625 3097 696 judicavit
3126 638 3248 678 esse
3289 635 3413 691 pec-

1833 739 2043 791 catum,
2094 740 2271 795 neque
2323 724 2442 792 ejus
2494 717 2824 774 incommodi
2877 714 3179 785 periculum
3235 713 3416 766 facere

1833 818 2126 881 recusavit,
2165 815 2260 870 sed
2305 811 2556 867 allectum
2599 817 2829 870 natum,
2861 819 2968 875 quo
2999 803 3157 856 cibus
3199 800 3413 870 appeti-

1833 917 1943 970 tur,
1997 906 2217 960 admisit
2268 912 2433 972 atque
2482 899 2742 967 suscepit.
2786 896 2924 951 Cum
2973 893 3119 949 enim
3173 889 3413 961 quadra-

1835 1000 1986 1071 ginta
2045 997 2164 1050 dies
2217 995 2439 1063 jejunus
2485 987 2900 1060 permansisset,
2933 991 3124 1054 postea
3173 979 3412 1036 esuriit:

1836 1088 1986 1143 dedit
2035 1088 2203 1148 enim,
2256 1081 2476 1153 quando
2529 1077 2764 1141 volebat,
2815 1074 3164 1128 occasionem
3206 1077 3417 1124 natura:

1837 1177 2014 1233 ofﬁcio
2071 1190 2172 1229 suo
2227 1169 2506 1239 fungendi.
2563 1165 2671 1220 Sed
2720 1163 3085 1217 tentationum
3142 1160 3417 1219 inventor,

1838 1283 1961 1322 cum
1991 1262 2259 1318 intellexit
2284 1259 2536 1313 allectum
2569 1253 2731 1308 famis
2752 1252 2914 1308 etiam
2949 1250 3102 1303 illum
3127 1245 3416 1305 invasisse,

1838 1356 2136 1418 consuluit,
2185 1359 2243 1406 ut
2288 1349 2564 1418 lapidibus
2621 1343 2899 1412 exciperet
2939 1337 3280 1408 appetitum:
3313 1334 3418 1388 hoc

1841 1459 2020 1502 autem
2077 1452 2159 1500 est
2205 1447 2516 1512 pervertere
2570 1450 2636 1491 ac
2670 1435 2996 1501 detorquere
3047 1428 3343 1498 appetitum
3388 1440 3419 1476 a

1840 1534 2078 1593 naturali
2114 1533 2237 1586 cibo
2272 1529 2338 1583 ad
2363 1544 2448 1591 ea,
2480 1540 2602 1596 quae
2641 1540 2671 1578 a
2710 1530 2907 1577 natura
2940 1519 3116 1573 aliena
3146 1526 3294 1570 sunt.
3323 1513 3423 1566 Dic

1840 1628 2005 1691 enim,
2042 1622 2256 1692 inquit,
2295 1628 2353 1672 ut
2395 1615 2597 1684 lapides
2631 1614 2683 1666 Ιιὶ
2717 1627 2876 1681 panes
2905 1609 3058 1679 fiant.
3093 1605 3236 1672 Quid
3277 1603 3421 1658 enim

1842 1713 2090 1786 peccavit
2137 1706 2509 1781 agricultura?
2539 1705 2699 1774 cujus
2749 1701 2827 1755 rei
2876 1697 3050 1769 gratia
3093 1702 3428 1765 respuuntur

1845 1804 2075 1865 semina,
2111 1809 2170 1854 ut
2207 1799 2366 1853 cibus
2395 1812 2460 1850 ex
2495 1795 2562 1849 iis
2608 1790 2891 1846 confectus
2922 1783 3289 1856 reprobetur?
3328 1797 3428 1837 cur

1847 1896 2094 1966 arguitur
2133 1890 2400 1962 sapientia
2451 1883 2753 1944 Creatoris,
2808 1880 2966 1950 quasi
3000 1892 3110 1931 non
3151 1881 3299 1930 recte
3331 1889 3428 1943 per

1848 1988 2058 2043 semina
2084 1998 2257 2054 genus
2292 1981 2590 2033 humanum
2633 1972 2780 2026 alat?
2820 1984 2946 2023 nam
2993 1967 3039 2022 si
3074 1965 3215 2035 lapis
3254 1963 3321 2016 ad
3341 1963 3426 2016 ci-

1846 2080 1976 2133 bum
2010 2052 2187 2144 aptior
2230 2058 2393 2140 atque
2425 2063 2763 2121 commodior
2795 2074 2941 2114 nunc
2975 2064 3222 2128 apparet,
3266 2052 3430 2107 nimi-

1847 2183 1966 2222 rum
1995 2182 2025 2220 a
2046 2142 2240 2219 debita
2273 2156 2615 2232 providentia
2639 2154 2783 2208 circa
2809 2151 2975 2206 vitam
3005 2149 3301 2202 humanam
3335 2142 3426 2197 Dei

1847 2255 2117 2327 sapientia
2165 2249 2458 2307 aberravit.
2499 2246 2598 2298 Dic
2637 2251 2694 2296 ut
2726 2241 2925 2310 lapides
2956 2237 3046 2291 isti
3076 2249 3235 2306 panes
3272 2232 3428 2301 ﬁant.

1846 2349 1973 2404 Haec
2009 2347 2174 2402 etiam
2225 2337 2372 2399 nunc
2416 2341 2549 2396 dicit
2591 2339 2660 2392 iis
2703 2335 2796 2405 qui
2843 2350 2873 2388 a
2917 2330 3141 2402 proprio
3187 2327 3430 2398 appetitu

1847 2445 2150 2503 tentantur,
2181 2449 2245 2488 ac
2279 2430 2510 2488 dicendo
2533 2429 2871 2498 plerumque,
2904 2437 3018 2486 eos,
3044 2420 3137 2490 qui
3160 2418 3226 2472 ad
3253 2417 3432 2486 ipsum

1850 2536 2116 2601 spectant,
2147 2524 2376 2594 impellit
2429 2528 2485 2574 ut
2520 2536 2549 2574 e
2591 2517 2866 2588 lapidibus
2914 2527 3081 2582 panes
3111 2507 3431 2564 conﬁciant.

1849 2595 1983 2675 C-um
2015 2617 2157 2671 enim
2195 2611 2470 2681 appetitus
2513 2604 2809 2661 necessarii
2847 2617 2980 2656 usus
3019 2599 3153 2668 lines
3187 2595 3428 2656 excedit,

1850 2709 1980 2781 quid
2009 2708 2062 2762 id
2097 2706 2242 2759 aliud
2278 2701 2380 2757 nisi
2411 2698 2616 2755 diaboli
2666 2706 2798 2750 tunc
2832 2688 3219 2746 calumniantis
3248 2694 3304 2740 et
3344 2700 3435 2740 reo

1846 2798 2089 2871 jicientis
2123 2811 2190 2850 ex
2231 2790 2533 2848 seminibus
2564 2785 2872 2842 conlectum
2899 2783 3104 2845 cibum,
3143 2786 3200 2834 et
3233 2777 3298 2832 ad
3335 2792 3424 2839 ea,

1851 2867 1973 2967 quae
2009 2908 2040 2947 a
2071 2899 2265 2945 natura
2315 2885 2494 2939 aliena
2543 2886 2693 2943 sunt,
2729 2875 3024 2947 appetitum
3059 2867 3432 2942 provocantis,

1852 2962 2144 3046 consilium
2204 2982 2320 3038 est?
2384 2977 2460 3032 De
2517 2974 2790 3044 lapidibus
2853 2968 3180 3029 comedunt,
3235 2962 3439 3034 quibus

160 3116 295 3160 τους
327 3057 418 3150 καὶ
442 3057 877 3166 φλεγμαινούσας
899 3057 1176 3164 τραπέζας
1206 3057 1416 3154 ἑαυτοῖς
1450 3090 1507 3156 ἐξ
1530 3086 1751 3142 ἀδικιῶν

1859 3079 2064 3136 fraudis
2099 3086 2154 3131 et
2183 3071 2426 3128 avaritia:
2456 3067 2612 3138 panis
2645 3061 2939 3133 apponitur
2969 3078 2982 3113 :
3015 3057 3108 3127 qui
3150 3060 3438 3122 sumptuo-

2157 3167 2171 3176 ·
2273 3164 2286 3176 ·
2370 3170 2380 3176 ι
2515 3166 2556 3176 Αι
2617 3156 2832 3176 ηιξκιε-Α
2878 3157 3116 3176 “mm.-.
3156 3152 3202 3176 Δ.
3245 3158 3438 3176 ηηηηη-

164 3187 550 3258 ἐτοιμάζοντες
569 3201 582 3215 °
609 3180 684 3239 ὧν
710 3189 743 3255 ἡ
775 3183 1098 3254 παρασκευὴ
1141 3183 1247 3235 τῶν
1273 3181 1524 3244 δείπνων,
1563 3182 1751 3252 πομπὴ

163 3281 255 3344 τίς
313 3281 430 3331 ἐστι
484 3276 914 3348 μεμηχανημένη
968 3274 1104 3344 πρὸς
1153 3271 1433 3342 ἔκπληξιν,
1489 3271 1593 3334 ἔξω
1643 3271 1752 3323 τῶν

169 3367 486 3436 ἀναγκαίων
532 3369 599 3436 τῇ
634 3363 746 3435 ζωῇ
799 3363 1247 3434 παραπίπτουσα.
1307 3361 1372 3413 Τί
1417 3361 1524 3431 γὰρ
1573 3360 1749 3412 κοινὸν

169 3463 290 3530 ἔχει
321 3461 456 3530 πρὸς
486 3459 584 3529 τὴν
613 3457 710 3526 τῆς
740 3455 955 3524 φύσεως
989 3453 1231 3524 χρείανὴ
1259 3453 1504 3523 ἄϐρωτος
1537 3451 1636 3522 ὕλη
1662 3451 1754 3504 τοῦ

168 3553 445 3622 ἀργύρου,
481 3551 539 3604 ἐν
567 3549 723 3619 βαρεῖ
742 3565 802 3600 τε
841 3547 934 3598 καὶ
963 3544 1355 3612 δυσϐαστάκτῳ
1391 3541 1755 3612 προτιθεμένη

170 3648 254 3713 τῷ
284 3642 537 3713 σταθμῷ;
573 3641 638 3694 Τί
667 3643 782 3693 ἐστι
805 3641 867 3696 τὸ
894 3639 994 3706 τῆς
1022 3637 1211 3707 πείνης
1254 3635 1423 3698 πάθος
1451 3652 1463 3700 ;
1496 3635 1629 3703 Οὐχὶ
1663 3633 1756 3686 τοῦ

173 3736 447 3796 ἐνδέοντος
472 3733 656 3800 ἔφεσις
676 3749 690 3795 ;
711 3727 1172 3797 Διαπνευσθείσης
1200 3726 1308 3795 γὰρ
1329 3725 1429 3793 τῆς
1457 3725 1756 3793 δυνάμεως,

174 3824 344 3877 πάλιν
392 3819 798 3891 ἀναπληροῦται
820 3819 881 3871 τὸ
913 3818 1096 3872 λεῖπον
1139 3819 1206 3886 τῇ
1239 3813 1556 3884 καταλλήλῳ
1586 3829 1755 3883 προσ-

174 3915 346 3984 θήκῃ.
385 3913 580 3982 "Apto;
608 3909 716 3980 γάρ
768 3911 938 3972 ἐστιν,
982 3906 1015 3976 ἢ
1053 3905 1178 3958 ἄλλο
1225 3922 1277 3956 τι
1320 3903 1426 3956 τῶν
1459 3902 1758 3972 ἐδωδίμων,

175 3995 240 4051 οὗ
274 4001 306 4066 ἠ
340 3996 500 4065 φύσις
536 3997 768 4065 ἐφίεται.
817 3995 878 4046 El
911 3989 1002 4046 οὖν
1031 4010 1114 4055 τις
1147 3992 1487 4061 προσαγάγοι
1535 3990 1762 4060 χρυσίον

175 4091 305 4143 ἀντὶ
328 4088 492 4159 ἄρτου
523 4088 601 4156 τῷ
633 4085 891 4154 στόματι,
920 4080 1028 4152 ἆρα
1063 4082 1358 4152 θεραπεύει
1386 4080 1484 4150 τὴν
1512 4081 1718 4134 ἔνδειαν
1744 4097 1758 4145 ;

180 4187 353 4236 ’Όταν
387 4177 477 4234 οὖν
510 4180 609 4241 τὰς
644 4177 919 4249 ἀϐρώτους
945 4193 1029 4238 τις
1064 4174 1196 4237 ὕλας
1221 4173 1327 4243 πρὸ
1355 4173 1462 4225 τῶν
1492 4172 1764 4241 ἐδωδίμων

177 4272 450 4341 ὲπιζητῇ,
486 4271 542 4322 ἐν
569 4268 737 4329 λίθοις
766 4267 1023 4336 ἄντικρυς
1049 4265 1160 4334 ἔχει
1195 4264 1290 4334 τὴν
1329 4263 1605 4333 ἀσχολίαν,
1638 4261 1766 4317 ἄλλο

180 4360 456 4432 ζητούσης
485 4360 581 4428 τῆς
605 4357 837 4427 φύσεως,
869 4358 924 4408 ἐν
953 4355 1097 4424 ἄλλῳ
1126 4353 1571 4423 καταγινόμενος.
1604 4352 1766 4420 Λέγει

1858 3187 1948 3228 sas
1987 3178 2041 3225 et
2079 3164 2469 3229 redundantes,
2505 3166 2560 3213 et
2611 3156 2835 3225 opipare
2878 3157 3118 3205 structas
3155 3152 3210 3201 et
3245 3158 3441 3199 cumu-

1860 3266 1996 3318 latas
2027 3272 2245 3314 mensas
2292 3271 2359 3308 ex
2393 3252 2593 3320 injuste
2630 3244 2801 3316 partis
2835 3241 2997 3297 bonis
3041 3238 3146 3293 sibi
3195 3242 3391 3307 parant
3422 3252 3433 3286 :

1859 3365 2091 3422 quorum
2123 3353 2421 3418 apparatus
2455 3350 2760 3396 coenarum,
2803 3346 3000 3403 pompa
3045 3329 3315 3399 quaadam,
3349 3324 3435 3378 fa-

1861 3419 1978 3500 stus
2007 3449 2061 3497 et
2092 3436 2386 3495 ostentatio
2417 3438 2501 3487 est
2532 3428 2597 3482 ad
2629 3433 2902 3489 stuporem
2937 3429 2990 3476 et
3015 3419 3434 3475 admirationem

1858 3525 2500 3604 vulgi-commovendam
2541 3517 2868 3586 excogitata,
2914 3527 3035 3581 qua:
3069 3511 3194 3563 vita:
3245 3521 3438 3562 neces-

1861 3597 2063 3683 sarium
2098 3635 2257 3676 usum
2309 3611 2712 3686 praeterlabitur
2745 3615 2798 3660 et
2845 3602 3078 3659 excedit.
3110 3599 3249 3665 Quid
3293 3597 3440 3652 enim

1861 3727 2151 3773 commune
2207 3710 2371 3765 habet
2396 3720 2536 3760 scum
2592 3718 2695 3758 usu
2744 3705 2953 3754 natum
2997 3690 3328 3751 necessario,
3383 3688 3442 3741 in

1863 3807 2013 3881 gravi
2056 3804 2261 3876 pariter
2291 3808 2346 3855 et
2379 3809 2615 3854 oneroso
2659 3789 2897 3862 pondere
2943 3784 3150 3855 argenti
3188 3779 3438 3850 exposita

1862 3871 2114 3960 materia,
2152 3909 2272 3965 quae
2301 3891 2422 3947 esui
2453 3896 2578 3959 apta
2620 3901 2730 3940 non
2769 3880 2891 3937 est?
2928 3877 3068 3944 Quid
3100 3883 3183 3930 est
3215 3871 3442 3927 allectus

1864 3989 2064 4045 famis?
2111 3999 2290 4039 nonne
2345 3978 2678 4035 desiderium
2742 3973 2892 4042 ejus,
2939 3982 3048 4038 quo
3097 3978 3288 4019 carere
3332 3975 3442 4015 non

1864 4078 2198 4153 possumus?
2233 4075 2367 4129 Cum
2410 4071 2553 4126 enim
2601 4082 2696 4135 per
2722 4068 2885 4122 ﬂatus
2928 4069 2982 4118 et
3028 4057 3445 4128 evaporationes

1865 4169 2146 4229 evanuerit
2177 4177 2230 4221 et
2258 4164 2525 4220 ellluxerit
2567 4159 2986 4218 nutrimentum,
3027 4165 3135 4220 quo
3178 4148 3322 4202 vires
3355 4159 3446 4199 re-

1869 4260 2025 4315 fectae
2059 4257 2281 4321 fuerint,
2315 4267 2511 4307 rursus
2545 4247 2854 4318 adjectione
2887 4238 3235 4298 convenienti
3267 4235 3445 4304 reple-

1868 4359 1957 4404 tur
2005 4349 2060 4403 id
2117 4347 2260 4416 quod
2316 4345 2488 4398 deest.
2530 4339 2696 4394 Panis
2747 4343 2831 4393 est
2877 4334 3044 4396 enim,
3100 4338 3194 4385 aut
3239 4323 3446 4395 aliquid

179 4457 217 4523 ἡ
263 4416 444 4520 φύσις,
471 4449 558 4502 διὰ
586 4416 678 4502 τοῦ
710 4445 852 4499 κατά
880 4445 976 4516 τὴν
1017 4416 1206 4498 πεῖναν
1237 4416 1444 4506 πάθους
1481 4416 1753 4512 μονονουχπ

1871 4439 2017 4496 aliud
2063 4437 2181 4493 esui
2238 4441 2445 4505 aptum,
2481 4430 2629 4502 quod
2681 4435 2877 4483 natura
2925 4421 3152 4493 appetit.
3208 4417 3267 4472 Si
3316 4416 3443 4488 quis

182 4540 373 4610 φωνὴν
400 4538 640 4606 ἀφιεῖσα,
670 4535 730 4588 τὸ
749 4537 804 4587 ἐν
834 4535 991 4604 χρείᾳ
1014 4531 1109 4588 νῦν
1137 4529 1271 4585 εἶναι
1301 4530 1573 4602 βρώσεως·
1598 4531 1686 4585 διὰ
1713 4530 1772 4583 τὸ

181 4633 301 4684 δεῖν
322 4629 737 4695 άντεισαγαγεῖν
768 4625 928 4678 πάλιν
962 4624 1040 4694 τῷ
1072 4623 1284 4694 σώματι
1315 4623 1376 4675 τὸ
1415 4621 1772 4676 διαπνευσθέν

181 4723 291 4792 τῆς
333 4720 644 4790 δυνάμεως·
685 4720 749 4770 σὺ
787 4717 844 4770 δὲ
887 4717 986 4768 οὐκ
1019 4714 1237 4777 ἀκούεις
1274 4713 1375 4782 τῆς
1424 4713 1677 4783 φύσεως’
1711 4714 1770 4766 οὐ

183 4812 303 4881 γάρ
341 4810 370 4862 ὃ
402 4811 554 4879 ζητεῖ
592 4808 776 4868 δίδως·
815 4807 928 4860 ἀλλ’
964 4806 1112 4868 ὅπως
1159 4806 1225 4858 ἂν
1268 4804 1399 4858 πολύ
1442 4821 1523 4856 σοι
1565 4804 1774 4873 γένοιτο

183 4901 288 4955 τοῦ
321 4900 563 4970 ἀργύρου
589 4898 648 4951 τὸ
676 4896 837 4966 ἄχθος
869 4897 960 4948 ἐπὶ
989 4897 1087 4964 τῆς
1120 4896 1402 4965 τραπέζης
1433 4893 1770 4966 φροντίζεις,

187 4995 292 5047 καὶ
339 4993 466 5054 τοὺς
511 4989 815 5060 χαλκευτὰς
862 4989 959 5058 τῆς
1000 4988 1133 5058 ὕλης
1181 4988 1505 5058 ἀναζητεῖς·
1542 4989 1636 5040 καὶ
1675 4988 1775 5058 τὴν

191 5084 438 5154 ἱστορίαν
478 5083 586 5134 τῶν
613 5079 1034 5149 ἐγγλυφομένων
1063 5081 1184 5140 ταῖς
1217 5078 1370 5140 ὕλαις
1405 5075 1639 5129 εἰδώλων
1674 5092 1776 5128 πε-

195 5175 487 5245 ριεργάζῃ,
527 5174 675 5234 ὅπως
704 5170 768 5224 ἂν
813 5171 879 5222 δι’
923 5169 1209 5240 ἀκριϐείας
1252 5171 1366 5230 τοῖς
1398 5167 1681 5236 γλύμμασι
1711 5167 1778 5220 τά

193 5264 349 5334 πάθη
379 5282 436 5316 τε
463 5265 558 5316 καὶ⁴
585 5263 654 5316 τὰ
687 5262 792 5332 ἤθη
818 5261 906 5314 διὰ
936 5262 1034 5330 τῆς
1069 5259 1267 5329 τέχνης
1298 5257 1627 5327 είσενεχθείη
1654 5273 1668 5288 ο
1701 5257 1777 5319 ὡς

193 5354 494 5422 ἐπιγνῶναι
525 5371 585 5406 τε
628 5353 718 5406 τὸν
768 5351 938 5422 θυμὸν
973 5349 1063 5403 τοῦ
1095 5348 1310 5402 ὁπλίτου
1329 5389 1344 5414 ,
1375 5349 1501 5400 ὅταν
1536 5348 1598 5400 τὸ
1629 5347 1779 5416 ξίφος

194 5444 337 5514 πρὸς
361 5443 457 5514 τὴν
488 5442 701 5512 σφαγὴν
747 5439 1115 5508 ἀνατείνηται,
1147 5437 1240 5489 καὶ
1264 5435 1361 5505 τὴν
1391 5434 1657 5504 ἀλγηδόνα
1684 5431 1778 5486 τοῦ

195 5537 538 5607 τραυματίου
563 5576 578 5600 ,
618 5536 745 5588 ὅταν
780 5534 916 5605 πρὸς
955 5533 1054 5604 τὴν
1099 5532 1319 5603 καιρίαν
1356 5529 1780 5598 συνεσταλμένος

198 5621 460 5688 οἰμώζειν
485 5621 611 5691 δόξῃ
642 5621 731 5676 διὰ
763 5620 858 5674 τοῦ
898 5623 1174 5691 σχήματος
1193 5636 1206 5650 ·
1240 5620 1334 5672 καὶ
1361 5621 1457 5689 τὴν
1481 5618 1656 5688 ὁρμὴν
1685 5614 1778 5669 τοῦ⁹

206 5711 550 5782 θηρεύοντος,
581 5713 674 5764 καὶ
704 5711 796 5765 τοῦ
840 5711 1028 5782 θηρίου
1059 5711 1154 5782 τὴν
1182 5711 1480 5782 ἀγριότητα
1502 5724 1516 5740 °
1559 5709 1650 5763 καὶ
1680 5709 1778 5762 ὃσα

1874 4533 2038 4602 igitur
2087 4529 2208 4582 loco
2251 4524 2409 4595 panis
2454 4535 2647 4576 aurum
2703 4517 2788 4572 ori
2835 4513 3142 4574 admoveat,
3200 4505 3448 4576 nunquid

1872 4601 2191 4677 necessitati
2228 4613 2568 4672 medebitur?
2614 4611 2753 4667 Cum
2785 4607 2950 4678 igitur
2981 4601 3180 4672 aliquis
3225 4613 3326 4669 pro
3358 4613 3450 4652 re-

1873 4714 1975 4766 bus
2023 4707 2316 4764 eseulentis
2369 4703 2625 4758 materias
2662 4699 2780 4756 esui
2833 4711 2943 4754 non
2993 4700 3147 4764 aptas
3186 4689 3445 4759 requirit,

1875 4803 1929 4856 in
1952 4801 2225 4870 lapidibus
2256 4797 2413 4866 plane
2438 4801 2740 4862 occupatus
2764 4798 2869 4853 est,
2902 4785 3102 4856 quippe
3137 4797 3260 4836 eum
3302 4777 3450 4833 aliud

1876 4901 2154 4964 quaerente
2183 4897 2402 4949 natura,
2437 4885 2491 4938 in
2517 4884 2623 4937 alio
2654 4881 2772 4950 ipse
2792 4885 3059 4933 versetur.
3086 4870 3228 4925 Dicit
3255 4875 3454 4923 natura

1875 4999 1970 5052 per
2012 4980 2171 5034 lamis
2217 4976 2564 5032 affectionem
2610 4967 3004 5041 propemodum
3057 4977 3246 5019 vocem
3293 4957 3453 5014 emit-

1877 5050 2018 5134 tens,
2064 5085 2122 5124 se
2163 5082 2307 5121 nunc
2363 5080 2522 5137 egere
2562 5063 2684 5117 cibo
2717 5080 2730 5115 :
2765 5067 3052 5130 propterea
3087 5051 3234 5123 quod
3273 5050 3454 5105 denuo

1878 5167 2129 5231 oporteat
2170 5159 2402 5212 invicem
2439 5153 2610 5225 ingeri
2637 5150 2856 5221 corpori
2881 5147 3274 5202 nutrimentum
3305 5141 3452 5211 quod

1878 5230 2164 5314 ellluxerit,
2197 5255 2250 5302 et
2278 5262 2374 5316 per
2403 5258 2634 5314 vapores
2657 5249 2711 5296 et
2732 5237 3103 5309 expirationes
3132 5230 3452 5289 evanuerit:

1878 5351 1934 5394 tu
1967 5351 2096 5393 vero
2145 5343 2353 5390 natura:
2403 5333 2553 5388 dicto
2593 5329 2825 5384 audiens
2868 5340 2978 5380 non
3021 5338 3116 5389 es;
3149 5336 3260 5374 non
3301 5318 3452 5375 enim

1880 5430 2022 5501 quod
2050 5428 2262 5498 quaerit,
2290 5427 2409 5489 das,
2441 5423 2537 5480 sed
2563 5432 2623 5478 ut
2647 5433 2906 5491 magnum
2942 5415 3039 5472 tibi
3071 5414 3281 5483 argenti
3313 5426 3452 5481 pon-

1881 5523 1983 5578 dus
2013 5523 2067 5575 in
2109 5533 2295 5574 mensa
2327 5519 2418 5582 sit,
2461 5530 2648 5578 curas,
2685 5520 2739 5568 et
2765 5523 3059 5566 excusores
3090 5504 3334 5560 materiai
3365 5518 3453 5557 re-

1881 5613 2078 5684 quiris,
2129 5618 2184 5666 et
2223 5608 2507 5665 historiam
2555 5605 2972 5660 simulacrorum
3020 5609 3075 5655 et
3128 5597 3448 5666 imaginum,

1884 5718 2005 5774 quae
2048 5703 2103 5756 in
2137 5699 2362 5757 materia
2410 5697 2812 5768 insculpuntur,
2849 5693 3063 5750 curiose
3096 5687 3358 5757 exquiris,
3392 5691 3454 5737 ut
