3844 6224
354 267 380 318 ί
388 265 494 320 T59

1589 266 1643 320 S.
1689 263 2014 320 GRECORiI
2046 261 2344 318 NYSSENI’

3489 254 3658 312 {210

352 389 573 442 habitus
617 393 668 440 et
701 385 932 440 allectus
972 385 1136 439 animi
1175 395 1288 439 tum
1317 385 1769 451 vehementiores,
1812 397 1960 452 tum,

2070 389 2164 441 λλα
2187 388 2275 440 διὰ
2301 387 2402 455 τῆς
2439 382 2690 454 τοιαύτης
2726 382 3046 454 περιεργίας
3074 382 3130 433 ὲν
3159 382 3280 442 ταῖς
3314 381 3651 444 ἐπιτραπεο

355 480 680 541 sedatiores,
708 478 945 531 artilicio
963 493 1180 531 summo
1196 479 1352 548 plene
1388 479 1677 548 scripturis
1690 480 1934 550 expressi

356 567 791 636 conspiciantur,
845 575 902 619 ut
945 577 998 620 et
1049 568 1184 620 iram
1232 582 1502 636 agnoscas
1543 569 1762 629 armati,
1815 583 1936 621 cum

357 657 598 726 gladium
666 656 976 710 trucidandi
1052 671 1220 710 causa
1277 658 1448 718 tollit.
1517 665 1570 711 et
1629 657 1934 711 cruciatum

359 748 554 810 saucii,
596 762 720 801 cum
758 755 982 816 accepto
1029 748 1256 802 vulnere
1302 748 1510 810 letbali,
1542 747 1725 802 animo
1753 763 1812 802 se
1840 747 1936 802 de-

360 840 584 893 mittens
624 854 688 892 ac
729 853 992 901 moerens,
1024 839 1212 894 habitu
1243 840 1362 908 ipso
1392 855 1611 910 gemere
1652 848 1706 894 et
1735 840 1941 907 ejulare

360 938 578 981 uitetur
605 946 617 981 :
647 929 908 997 impetum
947 929 1074 982 item
1109 929 1383 992 venantis,
1431 938 1484 982 et
1515 927 1638 982 ferae
1683 928 1940 982 immani-

364 1025 528 1071 tatem
565 1036 578 1071 :
619 1033 684 1071 ac
725 1033 1067 1087 qiiaacuiique
1110 1019 1215 1071 alia
1267 1033 1362 1087 per
1406 1018 1676 1088 ejusmodi
1708 1018 1942 1071 curiosi-

364 1119 530 1162 tatem
559 1120 612 1164 et
648 1110 886 1178 ineptam
925 1109 1277 1173 industriam,
1306 1110 1554 1164 homines
1584 1110 1705 1162 vani
1745 1110 1799 1162 in
1831 1123 1944 1162 ma-

363 1201 504 1253 teria
558 1201 623 1254 ad
666 1217 823 1256 usum
867 1217 1178 1255 mensarum
1213 1201 1489 1256 destinata
1531 1201 1666 1255 eﬂici
1698 1201 1944 1256 studiose

363 1298 581 1344 rurant.
615 1290 808 1345 Potum
846 1298 1040 1345 natura
1076 1290 1374 1357 desiderat,
1408 1299 1463 1345 tu
1509 1305 1638 1346 vero
1666 1291 1938 1360 pretiosos

363 1379 609 1447 tripodas
639 1395 824 1450 paras,
869 1381 1045 1442 labra,
1091 1389 1357 1444 crateras,
1390 1381 1704 1449 amphoras,
1744 1387 1798 1432 et
1829 1379 1936 1433 alia

2034 479 2167 542 ζίοις
2195 479 2348 540 ὕλαις
2378 473 2783 545 φιλοτεχνοῦσιν
2812 475 2859 525 oi
2899 473 3136 542 μάταιοι.
3188 470 3345 522 Πιεῖν
3375 469 3412 537 ἡ
3457 466 3649 534 φύσις

2035 569 2318 636 ἐζήτησεν,
2355 566 2419 618 σὺ
2449 563 2506 617 δὲ
2532 565 2657 626 τοὺς
2683 561 3116 622 πολυταλάντους
3139 557 3405 630 τρίποδας
3430 557 3650 624 εὑτρε-

2036 657 2232 720 πίζεις,
2258 654 2490 717 πλυνούς
2516 669 2575 706 τε
2602 653 2698 706 καὶ
2729 652 3033 722 κρατῆρας,
3060 649 3154 703 καὶ
3191 647 3507 718 ἀμφορέας,
3543 643 3654 694 καὶ

2037 747 2169 800 ἄλλα
2201 749 2390 817 μυρία,
2437 746 2603 817 μηδὲν
2647 744 2838 814 ἔχοντα
2883 742 3021 812 πρὸς
3055 742 3154 810 τὴν
3181 739 3651 808 ἐπιζητουμένην

2039 838 2229 909 χρείαν
2270 838 2467 891 κοινόν.
2522 832 2672 906 Ἀρα
2720 835 2841 903 οὐχὶ
2874 832 3124 902 φανερῶς
3170 830 3392 892 ἀκούεις
3434 827 3511 880 δι’
3561 819 3651 877 ὧν

2039 934 2212 990 ποιεῖς
2227 929 2316 982 τοῦ
2343 929 2591 999 πρὸςοτὺν
2611 928 2757 981 λίθον
2773 944 2857 979 σοι
2877 922 3334 1003 ωμᾷουλεύοντος
3359 920 3602 990 βλέπειν
3628 935 3650 980 ;

2041 1018 2083 1071 Τ
2091 1019 2106 1070 ί
2143 1020 2187 1072 δ’
2217 1020 2284 1073 ἀν
2312 1036 2393 1082 τις
2436 1019 2505 1072 τὰ
2547 1019 2709 1072 λοιπά
2738 1018 2836 1087 τῆς
2881 1014 3140 1076 λιθώδους
3179 1012 3384 1082 ταύτης
3436 1009 3646 1074 διεξίοι

2039 1112 2265 1179 τροφῆς,
2297 1108 2367 1161 τά
2395 1108 2596 1179 αίσχρά
2617 1108 2896 1176 θεάματα;
2927 1105 2994 1158 τά
3023 1104 3244 1176 ἐμπαθῆ
3271 1101 3646 1173 ἀκροάματα.

2041 1199 2108 1253 δι’
2130 1193 2205 1253 ὦν
2230 1200 2563 1253 ὁδοποιοῦσιν
2593 1202 2805 1262 ἑαυτοῖς
2833 1199 2932 1270 τὴν
2956 1197 3063 1250 τῶν
3089 1197 3272 1250 κακῶν
3297 1192 3649 1246 ἀκολουθίαν

2043 1295 2153 1354 τοῖς
2185 1292 2573 1362 ὑπεκκαύμασι
2620 1293 2720 1363 τῆς
2747 1291 3043 1352 ἀκολασίας
3070 1288 3168 1358 τὴν
3192 1287 3400 1358 τροφὴν
3448 1287 3646 1353 ἐπαρ-

2042 1398 2258 1445 τυοντες
2283 1398 2299 1448 ;

367 1481 645 1538 sexcenta,
698 1487 819 1542 qua:
866 1475 1002 1528 nihil
1049 1489 1173 1529 cum
1207 1490 1294 1540 eo,
1326 1474 1470 1543 quod
1519 1489 1653 1529 usus
1692 1475 1941 1544 requirit,
1980 1489 2271 1530 commune
2333 1477 2552 1531 habent.
2588 1476 2669 1528 An
2705 1488 2810 1528 non
2845 1472 3004 1542 plane
3039 1485 3134 1540 per
3159 1481 3244 1530 ea,
3281 1480 3402 1534 qua'
3470 1461 3644 1519 facis.

370 1565 519 1618 dicto
553 1565 784 1620 audiens
819 1581 882 1621 es
925 1567 998 1629 ei,
1036 1567 1128 1636 qui
1179 1567 1278 1620 tibi
1314 1567 1574 1629 consulit,
1609 1575 1669 1619 ut
1701 1568 1768 1622 ad
1816 1566 2051 1636 lapidein
2099 1569 2400 1636 respicias?
2465 1568 2609 1634 Quid
2679 1575 2859 1622 autem
2931 1564 3144 1626 attinet,
3211 1559 3424 1629 reliqua
3460 1557 3652 1624 hujus

368 1656 563 1726 Ιηρίἀεί
597 1657 703 1711 cibi
752 1659 931 1727 turpia
967 1674 1240 1728 exponere
1288 1660 1644 1728 spectacula?
1680 1659 1876 1714 vitiosa
1909 1667 1964 1714 et
1997 1661 2232 1716 absurda
2280 1671 2614 1729 acroamata,
2685 1662 2886 1732 quibus
2931 1659 2999 1713 ad
3052 1652 3446 1724 consequentia
3486 1649 3644 1704 mala

370 1750 473 1802 sibi
524 1750 665 1802 viam
709 1756 982 1812 sternunt,
1039 1751 1408 1804 inritamentis
1442 1753 1726 1806 libidinum
1762 1751 1942 1805 cibum
1984 1755 2334 1810 condientest

443 1838 557 1892 Hoc
602 1838 900 1894 adversarii
936 1839 1004 1893 de
1052 1841 1174 1894 cibo
1202 1841 1493 1894 consilium
1540 1848 1645 1905 εει,
1701 1842 1815 1896 haec
1852 1855 1952 1911 pro

2124 1844 2273 1914 Αὕτη
2309 1845 2401 1897 τοῦ
2434 1842 2810 1913 ἀντικειμένου
2840 1841 2968 1912 περὶ
2995 1841 3097 1909 τῆς
3119 1835 3326 1909 τροφῆς
3347 1837 3468 1887 ἐστι
3495 1849 3646 1902 συμ-

369 1937 635 1983 consueto
675 1938 729 1984 et
757 1931 1038 1984 ordinario
1071 1933 1226 2000 panis
1266 1947 1390 1995 usu,
1429 1947 1524 2002 per
1565 1932 1666 1986 hoc
1695 1932 1840 2002 quod
1881 1933 1947 1986 ad

373 2021 581 2088 lapides
621 2021 898 2090 respicere
943 2021 1119 2090 jubet,
1175 2023 1416 2091 suggerit
1464 2032 1628 2092 atque
1675 2023 1946 2092 proponit.

361 2108 573 2178 .V'erum
618 2111 953 2181 proﬂigator,
989 2121 1043 2167 et
1090 2123 1400 2183 peremptor
1451 2115 1833 2176 tentationum,
1867 2097 1950 2166 fa-

370 2218 516 2258 mem
558 2205 716 2273 quasi
765 2204 1032 2258 malorum
1088 2219 1310 2259 causam
1352 2219 1457 2257 non
1511 2204 1841 2258 exterminat
1886 2218 1987 2296 ex.

372 2310 556 2348 rerum
580 2303 798 2355 natura.
833 2295 925 2348 sed
957 2295 1128 2348 solam
1172 2294 1606 2364 superlluitatem
1639 2309 1702 2347 ac
1725 2294 1949 2347 nimiam

373 2384 724 2454 ineptamque
757 2384 1084 2440 industriam
1120 2393 1172 2439 et
1205 2401 1416 2447 curam,
1451 2399 1572 2454 qua:
1616 2384 1683 2437 de
1717 2384 1954 2438 consilio

376 2475 680 2531 adversarii
711 2490 819 2529 una
851 2490 976 2529 cum
1011 2476 1324 2529 necessario
1365 2489 1467 2528 usu
1501 2475 1812 2528 introducta
1847 2484 1950 2536 est,

377 2575 685 2631 aversatus,
737 2567 855 2622 suis
905 2565 1102 2620 ﬁnibus
1138 2564 1430 2634 gubernari
1474 2573 1724 2618 naturam
1763 2565 1957 2633 permi-

377 2659 472 2713 sit.
504 2655 970 2723 Quemadmodum
1003 2655 1147 2709 enim
1178 2655 1214 2707 ii
1255 2656 1346 2723 qui
1380 2655 1954 2719 vinumttranscolant,

379 2763 489 2800 non
556 2747 854 2816 reprobant
894 2745 949 2800 id
1002 2746 1148 2815 quod
1204 2745 1350 2799 ineo
1402 2745 1535 2800 utile
1581 2757 1683 2808 εει,
1740 2754 1959 2815 propter

380 2839 652 2892 immistos
691 2839 738 2892 ei
778 2837 1037 2902 fuifures,
1068 2838 1160 2892 sed
1189 2838 1310 2890 colo
1337 2835 1611 2906 superﬂua
1655 2850 1958 2890 excernen-

381 2939 486 2991 ιιε,
523 2931 642 2998 puri
684 2945 842 2985 usum
891 2945 999 2982 non
1035 2929 1296 2998 rejiciunt
1325 2947 1336 2982 :
1361 2929 1434 2981 ita
1467 2929 1754 2998 perspicax
1786 2936 1839 2981 et
1869 2943 1961 2983 so-

382 3021 493 3076 lers
529 3023 583 3074 in
625 3021 990 3075 examinando
1025 3031 1189 3089 atque
1213 3020 1579 3075 discernenda
1609 3035 1695 3086 ea,
1731 3035 1852 3090 quae
1894 3022 1961 3076 ab

384 3121 580 3165 natura
619 3113 793 3166 aliena
821 3119 982 3175 sunt,
1013 3110 1275 3176 Verbum,
1311 3111 1611 3166 subtilitate
1635 3112 1962 3180 speculatio-

2051 1936 2214 2006 ϐουλὴ
2239 1977 2250 1998 ,
2282 1935 2454 1989 ταῦτα
2480 1935 2568 1987 διὰ
2599 1933 2693 1987 τοῦ
2726 1933 2859 2003 πρὸς
2886 1933 3012 1994 τοὺς
3037 1930 3218 1991 λίθους
3240 1927 3481 1997 βλέπειν,
3511 1923 3644 1978 ἀντὶ

2049 2029 2148 2096 τῆς
2190 2025 2580 2096 νενομισμένης
2639 2024 2732 2076 τοῦ
2782 2024 2946 2094 ἄρτου
2999 2021 3248 2091 χρήσεως
3289 2014 3639 2070 ὑποτίθεται.

2064 2116 2202 2169 Ἀλλ’
2235 2117 2265 2167 ὁ
2293 2115 2399 2168 τῶν
2420 2114 2743 2185 πειρασμῶν
2774 2112 3124 2183 καθαιρέτης,
3158 2109 3278 2178 οὐχὶ
3313 2107 3415 2178 τὴν
3445 2108 3644 2159 πεῖναν

2053 2206 2282 2278 ἐξορίζει
2330 2206 2431 2276 τῆς
2477 2205 2728 2273 φύσεως,
2773 2203 2849 2266 ὡς
2891 2200 3077 2256 κακῶν
3129 2200 3328 2261 αἰτίαν,
3367 2195 3512 2250 ἀλλά
3538 2194 3650 2262 τὴν

2054 2297 2374 2368 περιεργίαν
2399 2296 2499 2367 τὴν
2540 2297 2604 2348 ὲκ
2635 2294 2942 2365 συμϐουλῆς
2974 2290 3067 2344 τοῦ
3094 2287 3476 2358 ἀντικειμένου
3513 2303 3645 2338 συν-

2055 2390 2327 2443 εισιοῦσαν
2353 2391 2419 2458 τῇ
2450 2388 2638 2459 χρείᾳ,
2674 2386 2841 2456 μόνην
2871 2382 3342 2452 ἀποπεμψάμενος
3371 2419 3384 2442 ,
3420 2377 3646 2446 ἀφῆκεν

2056 2485 2164 2544 τοῖς
2181 2480 2328 2542 ἰδίοις
2347 2480 2493 2549 ὅροις
2507 2477 2907 2546 οἰκονομεῖσθαι
2927 2475 3025 2544 τὴν
3039 2471 3443 2542 φύσιν.”Ωσπερ
3463 2466 3577 2537 γὰρ
3592 2465 3644 2517 οἱ

2057 2571 2368 2643 διηθοῦντες
2394 2569 2483 2623 τὸν
2515 2565 2658 2623 οῐνον
2683 2569 2785 2621 οὐκ
2816 2565 3174 2638 ἀτιμάζουσιν
3207 2560 3374 2616 αὐτοῦ
3405 2559 3472 2612 τὸ
3503 2558 3645 2628 χρή-

2060 2681 2238 2733 σιμον,
2295 2662 2384 2715 διὰ
2431 2663 2532 2732 τὴν
2580 2658 3012 2730 καταμιχθεῖσαν
3051 2660 3218 2726 ἄχνην
3268 2651 3421 2721 αὑτῷ
3449 2665 3464 2681 ⁸
3505 2647 3646 2702 ἀλλὰ

2057 2754 2134 2824 τῷ
2169 2754 2309 2822 ἰθμῷ
2343 2754 2411 2806 τὰ
2444 2751 2671 2822 περιττὰ
2700 2750 3073 2821 διακρίναντες
3099 2786 3113 2810 ,
3135 2745 3230 2799 τοῦ
3263 2741 3511 2813 καθαροῦ
3541 2741 3650 2808 τὴν

2061 2847 2254 2916 χρῆσιν
2280 2845 2381 2896 οὐκ
2409 2842 2822 2896 ἀπο6ἀλλουσιν·
2853 2839 3066 2902 οῦτωςό
3093 2833 3428 2906 θεωρητικός
3457 2848 3518 2883 τε
3550 2829 3649 2883 καὶ

2061 2933 2391 3006 διακριτικδς
2430 2933 2539 2985 τῶν
2587 2930 2884 3001 ἀλλοτρίων
2912 2929 3010 2999 τῆς
3059 2927 3303 2996 φύσεως,
3335 2922 3532 2989 Λόγος.
3576 2920 3652 2988 τῇ

2062 3026 2350 3093 λεπτότητι
2400 3024 2499 3091 τῆς
2538 3020 2798 3091 ἀκριϐοῦς
2841 3020 3103 3090 Θεωρίας,
3143 3017 3241 3087 τὴν
3289 3015 3388 3086 μὲν
3427 3014 3648 3073 πεῖναν,

2063 3119 2139 3181 ὡς
2173 3133 2336 3185 συντη
2347 3113 2571 3184 ρητικὴν
2593 3107 2759 3165 οὖσαν
2782 3112 2880 3179 τῆς
2897 3109 3042 3178 ζωῆς
3059 3108 3219 3179 ἡμῶν
3241 3107 3341 3158 οὐκ
3358 3104 3646 3174 ἐξώρισεν·

386 3203 474 3265 nis
509 3201 702 3254 famem
750 3201 993 3270 quidem,
1039 3208 1228 3268 utpote
1272 3203 1394 3254 vitae
1439 3210 1638 3255 nostra:
1675 3215 1960 3255 conserva-

2070 3209 2165 3272 τὰς
2193 3210 2246 3261 δὲ
2282 3183 2735 3278 συμπλεκομένας
2756 3207 2823 3274 τῇ
2847 3204 3004 3274 χρείᾳ
3024 3198 3365 3272 περιεργίας,
3387 3195 3650 3266 διήθησέν

388 3292 600 3352 tricem,
636 3307 743 3343 non
786 3291 1208 3356 exterminavit;
1244 3291 1648 3360 superﬂuitates
1695 3305 1824 3345 vero
1872 3306 1966 3345 ne-

390 3383 631 3436 cessario
679 3383 804 3436 usui
851 3397 1130 3436 connean
1172 3391 1227 3435 et
1272 3382 1581 3450 implicatas
1613 3382 1966 3435 transcolavit

390 3483 444 3527 rt
477 3475 697 3542 abjecit,
733 3489 857 3528 cum
891 3474 1028 3527 dixit
1061 3492 1073 3525 :
1111 3475 1261 3527 illum
1293 3490 1351 3528 se
1383 3474 1600 3526 novisse
1631 3489 1825 3541 panem
1861 3490 1964 3526 nu-

391 3566 667 3624 trientem.
709 3565 802 3633 qui
837 3566 1004 3618 verbo
1035 3563 1128 3618 Dei
1179 3572 1384 3618 natura:
1413 3565 1735 3618 conciliatus
1776 3565 1866 3618 sit.
1909 3561 1966 3616 Si

393 3656 560 3725 igitur
593 3655 790 3709 esuriit
813 3654 994 3720 Iesus,
1034 3656 1250 3709 beatum
1295 3655 1456 3708 fuerit
1483 3655 1714 3718 esurire,
1751 3668 1872 3708 cum
1901 3653 1967 3706 ad

394 3747 757 3800 imitationem
819 3747 968 3801 illius
1023 3747 1372 3815 ingeneretur
1429 3761 1492 3800 ac
1549 3753 1970 3815 repraesentetur

394 3841 556 3890 etiam
589 3835 760 3891 fames
793 3837 848 3890 in
879 3836 1056 3890 nobis.
1095 3837 1148 3889 Si
1203 3837 1369 3904 igitur
1403 3836 1794 3900 intelleximus,
1842 3835 1970 3904 quid

397 3928 468 3982 sit
511 3929 566 3982 id
615 3928 761 3997 quod
811 3930 981 3984 esurit
1019 3936 1074 3984 et
1116 3930 1321 3999 appetit
1376 3929 1658 3994 Dominus,
1714 3930 1829 3983 ﬁeri
1862 3944 1970 3982 non

397 4025 578 4088 potest
618 4028 678 4072 ut
721 4034 870 4072 nunc
912 4021 1207 4088 propositae
1264 4021 1423 4074 nobis
1463 4019 1816 4075 beatitudinis
1865 4020 1971 4072 vim

398 4125 505 4162 non
548 4109 936 4178 intelligamus.
972 4110 1107 4175 Quis
1150 4119 1235 4164 est
1271 4111 1434 4180 igitur
1465 4111 1558 4165 ille
1599 4113 1779 4172 cibus,
1816 4112 1974 4180 cujus

400 4199 700 4267 appetitum
747 4197 907 4253 Jesus
958 4199 1061 4252 sibi
1109 4207 1322 4267 turpem
1373 4214 1480 4253 non
1533 4200 1724 4254 ducit?
1776 4201 1864 4253 Ait
1906 4200 1974 4254 ad

398 4290 700 4357 dscipulos
739 4298 866 4358 post
915 4290 1161 4342 habitum
1197 4305 1321 4342 cum
1377 4290 1718 4343 Samaritana
1763 4305 1974 4344 sermo-

400 4397 521 4435 nem
559 4400 572 4434 :
611 4380 762 4434 Meus
793 4381 938 4434 cibus
980 4391 1078 4444 est,
1122 4391 1179 4433 ut
1237 4371 1432 4449 {eciam
1483 4383 1621 4450 quod
1661 4383 1766 4436 vult
1818 4383 1976 4436 Pater

2068 3320 2126 3355 τε
2156 3304 2249 3355 καὶ
2277 3299 2602 3371 ἀπέρριψεν,
2643 3296 2812 3351 εἰπών
2837 3313 2852 3327 ι
2887 3297 3091 3347 ἐκεῖνον
3137 3291 3332 3344 εἰδέναι
3378 3289 3650 3357 τρόφιμον

2068 3396 2248 3466 ἄρτον,
2278 3394 2335 3456 ὃς
2362 3392 2438 3462 τῷ
2469 3393 2670 3462 ῥήματι
2695 3389 2787 3443 τοῦ
2816 3387 2950 3441 Θεοῦ
2979 3385 3114 3457 πρὸς
3138 3383 3235 3454 τὴν
3261 3381 3421 3451 φύσιν
3439 3379 3650 3450 ᾠκείω-

2067 3503 2174 3538 ται.
2199 3486 2261 3536 Εἰ
2291 3479 2383 3535 οὖν
2409 3482 2691 3534 ἐπείνασεν
2721 3480 2749 3531 ὁ
2777 3475 3002 3547 Ἰησοῦς,
3029 3471 3361 3543 μακαριστὸν
3391 3469 3458 3522 ἂν
3486 3469 3570 3537 εἴη
3592 3469 3652 3518 τὸ

2070 3577 2281 3642 πεινᾷν,
2307 3575 2436 3627 ὅταν
2467 3571 2606 3625 κατὰ
2656 3570 2887 3640 μίμησιν
2910 3565 3118 3619 ἐκείνου
3147 3561 3435 3630 ὲνεργῆται
3472 3558 3565 3609 καὶ
3592 3557 3652 3608 ὲν

2069 3661 2222 3737 ἡμῖν.
2255 3665 2318 3717 Εἰ
2349 3665 2529 3717 τοίνυν
2577 3662 2825 3730 ἔγνωμεν
2853 3655 2906 3710 τί
2940 3657 3089 3708 ἐστιν
3124 3646 3186 3707 οὗ
3218 3652 3381 3720 πεινᾷ
3411 3649 3647 3717 Κύριος,

2071 3755 2394 3826 γνωσόμεθα
2436 3754 2654 3815 πάντως
2697 3749 2790 3802 τοῦ
2841 3743 3191 3818 μακαρισμοῦ
3242 3741 3336 3794 τοῦ
3377 3740 3473 3795 νῦν
3519 3740 3651 3808 ἡμῖν

2073 3847 2432 3919 προκειμένου
2473 3845 2572 3914 τὴν
2597 3843 2845 3911 δύναμιν.
2881 3838 3017 3892 Ποία
3043 3833 3138 3890 οῦν
3173 3837 3318 3888 ἐστιν
3347 3835 3381 3903 ἡ
3413 3831 3646 3901 βρῶσις,

2073 3936 2140 4011 ἧς
2169 3941 2196 3992 ὁ
2244 3937 2454 4008 Ἰησοῦς
2479 3937 2579 4005 τὴν
2613 3932 2906 4004 ἐπιθυμίαν
2930 3932 3030 3982 οὐκ
3059 3925 3480 3996 ὲπαισχύνεταις
3515 3923 3650 3992 Φησὶ

2074 4031 2209 4100 πρὸς
2237 4031 2362 4090 τοὺς
2396 4027 2644 4098 μαθητὰς
2693 4024 2830 4095 μετά
2866 4023 2954 4075 τὸν
3000 4021 3136 4092 πρὸς
3176 4018 3274 4089 τὴν
3318 4018 3650 4086 Σαμαρεῖτιν

2073 4120 2316 4188 διάλογον
2344 4137 2358 4150 ·
2389 4119 2468 4172 ὅτι
2511 4115 2688 4184 Ἐμὸν
2712 4112 2924 4182 ,ϐρῶμά
2954 4113 3145 4172 ἐστιν,
3179 4111 3280 4162 ἵνα
3303 4105 3455 4159 ποιῶ
3479 4104 3543 4156 τὸ
3563 4103 3648 4156 θέ-

2074 4215 2238 4280 λημα
2266 4209 2372 4262 τοῦ
2403 4203 2633 4271 Πατρός
2651 4221 2792 4273 μου·
2825 4202 3057 4273 φανερὸν
3097 4200 3155 4252 δὲ
3177 4197 3273 4250 τοῦ
3295 4195 3511 4264 Πατρός
3541 4197 3647 4245 ἐστι

2076 4303 2135 4355 τὸ
2181 4301 2425 4370 θέλημα,
2468 4299 2527 4362 δς
2573 4298 2781 4358 πάντας
2828 4293 3150 4362 ἀνθρώπους
3194 4289 3336 4341 θέλει
3377 4286 3647 4353 σωθῆναι,

2078 4394 2172 4446 καὶ
2205 4394 2283 4454 είς
2308 4391 2602 4454 ἐπίγνωσιν
2633 4385 2890 4456 ἀληθείας
2919 4383 3110 4435 ἐλθεῖν.
3147 4378 3356 4434 Οὐκοῦν
3383 4379 3431 4428 εἰ
3454 4376 3650 4436 ἐκεῖνος

401 4491 544 4527 meus
571 4474 648 4540 "’;
681 4489 791 4526 non
821 4473 1003 4542 ignota
1029 4480 1114 4526 est
1144 4480 1324 4527 autem
1355 4469 1611 4528 voluntas
1645 4472 1845 4538 Patris,
1879 4476 1960 4542 qui

2079 4482 2327 4552 ὀρέγεται
2356 4478 2450 4531 τοῦ
2487 4479 2633 4547 ἡμᾶς
2674 4474 2932 4544 σωθῆναι,
2968 4472 3062 4524 καὶ
3097 4469 3269 4538 τροφὴ
3309 4465 3476 4520 αὐτοῦ
3508 4464 3649 4536 γίνε-

401 4579 593 4618 oinnes
625 4563 873 4618 homines
904 4563 1136 4627 servari,
1173 4570 1228 4616 et
1271 4564 1336 4617 ad
1366 4564 1698 4634 agnitionem
1725 4566 1960 4619 veritati:

2078 4589 2165 4626 ται
2193 4575 2225 4640 ἡ
2256 4570 2499 4640 ἡμετέρα
2534 4567 2646 4637 ζωὴ
2670 4605 2685 4626 ,
2734 4562 3130 4634 μεμαθήκαμεν
3159 4561 3238 4620 εἰς
3273 4557 3301 4609 ὃ
3321 4575 3374 4610 τι
3397 4555 3656 4624 χρηστέον.

403 4656 589 4710 venire
615 4656 728 4708 vult
754 4655 818 4709 “.
871 4653 1039 4724 Igitur
1085 4653 1132 4709 si
1177 4654 1267 4708 ille
1311 4670 1414 4709 nos
1468 4657 1617 4724 cupit
1657 4656 1884 4719 servari,
1927 4666 1982 4711 et

404 4749 514 4802 vita
553 4754 742 4805 nostra
769 4746 926 4800 cibus
956 4747 1077 4814 ejus
1111 4746 1346 4811 exsistit,
1377 4747 1669 4800 didicimus
1696 4749 1820 4816 quis
1847 4765 1980 4805 usus

407 4841 477 4895 sit
525 4837 791 4908 ejusmodi
849 4838 1042 4891 anima:
1091 4836 1310 4890 habitus
1372 4846 1426 4890 et
1482 4837 1803 4893 all‘ectionis.
1849 4842 1982 4904 Quis

407 4930 574 5000 igitur
614 4927 704 4982 hic
745 4935 828 4981 est
847 4928 872 4979 ?r
901 4926 1218 4980 Esuriamus
1264 4937 1506 4979 nostram
1553 4927 1794 4996 ipsorum
1835 4930 1983 4984 salu-

408 5031 539 5085 tem,
571 5019 823 5073 sitiamus
851 5017 1090 5070 divinam
1120 5017 1475 5077 voluntatem,
1503 5033 1624 5085 qum
1653 5027 1758 5080 est,
1797 5028 1855 5073 iit
1884 5035 1984 5075 nos

407 5125 708 5166 servemur.
757 5110 875 5174 Qua
917 5107 1130 5162 ratione
1170 5106 1335 5176 igitur
1382 5106 1546 5163 talem
1579 5109 1738 5164 nobis
1786 5108 1982 5164 famem

405 5201 676 5255 coniicere
709 5199 1003 5269 possimus,
1042 5213 1188 5251 nunc
1221 5196 1513 5251 didicimus
1554 5213 1582 5250 a
1631 5199 1980 5255 beatitudine.

406 5294 510 5358 Qui
544 5291 687 5346 enim
715 5289 986 5360 justitiam
1023 5287 1116 5342 Dei
1168 5287 1466 5353 desiderat,
1507 5288 1717 5344 invenit
1757 5291 1810 5344 id
1839 5293 1983 5360 quod

408 5398 534 5436 vere
582 5379 946 5449 expetendum
989 5389 1072 5433 est
1108 5398 1120 5433 :
1155 5379 1314 5447 cujus
1347 5379 1675 5434 desiderium
1713 5397 1822 5435 non
1872 5397 1981 5435 uno

409 5471 570 5526 modo
611 5486 824 5536 eorum,
879 5469 972 5540 qui
1027 5485 1123 5540 per
1151 5470 1452 5538 appetitum
1491 5480 1975 5542 repraesentantur,

485 5644 528 5687 ιτ
569 5643 729 5710 ξολλ,
765 5660 840 5708 tv,
876 5644 963 5705 35,.
1042 5646 1084 5678 ¹⁸
1124 5643 1144 5697 ι
1185 5643 1326 5704 Tim.
1362 5659 1436 5710 11,
1466 5643 1521 5702 4.

2081 4665 2146 4717 ἂν
2170 4663 2255 4734 εἴη
2283 4665 2348 4731 τῇ
2380 4659 2603 4729 τοιαύτῃ
2635 4658 2735 4726 τῆς
2767 4655 2944 4723 ψυχῆς
2982 4651 3242 4704 διαθέσει.
3280 4646 3347 4699 Τί
3376 4642 3470 4697 οὖν
3501 4643 3652 4697 τοῦτό

2081 4757 2234 4816 ὲστι;
2273 4750 2625 4818 Πεινάσωμεν
2648 4746 2746 4815 τὴν
2779 4742 2986 4797 ἑαυτῶν
3022 4738 3315 4809 σωτηρίαν,
3343 4735 3659 4803 διψήσωμεν.

2081 4841 2173 4895 τοῦ
2210 4839 2354 4893 θείου
2399 4839 2735 4908 θελήματος,
2771 4835 2904 4904 ὅπερ
2951 4831 3068 4884 ἐστὶ
3110 4828 3169 4882 τὺ
3212 4828 3361 4896 ἡμᾶς
3399 4823 3649 4893 σωθῆναι.

2084 4934 2208 4996 Πῶς
2231 4928 2322 4986 οὖν
2356 4933 2471 4984 ἐστι
2505 4929 2601 5000 τὴν
2625 4927 2880 4993 τοιαύτην
2909 4925 3042 4994 ἡμῖν
3091 4917 3505 4985 κατορθωθῆναι
3539 4915 3652 4966 πεῖ-

2083 5042 2208 5088 ναν,
2262 5023 2356 5075 νῦν
2404 5021 2553 5090 παρὰ
2590 5017 2685 5071 τοῦ
2735 5011 3088 5088 μακαρισμοῦ
3138 5008 3554 5080 μεμαθήκαμεν.
3600 5007 3659 5058 ’0

2083 5114 2191 5185 γὰρ
2213 5114 2310 5184 τὴν
2329 5110 2674 5178 δικαιοσύνην
2701 5106 2795 5160 τοῦ
2816 5104 2952 5158 Θεοῦ
2979 5102 3238 5172 ποθήσας,
3270 5093 3422 5168 εὗρεν
3446 5097 3507 5149 τὸ
3532 5097 3656 5165 ἀλη-

2085 5204 2193 5267 θῶς
2235 5204 2458 5274 ὸρεκτόν
2481 5219 2494 5232 °
2533 5194 2593 5254 οῦ
2635 5200 2732 5270 τὴν
2766 5195 3064 5266 ἐπιθυμίαν
3091 5193 3192 5261 οὐχ
3225 5191 3303 5242 ἐνὶ
3343 5188 3529 5259 τρόπῳ
3552 5187 3652 5238 τῶν

2087 5293 2228 5346 κατὰ
2261 5292 2358 5363 τὴν
2396 5290 2575 5361 ὄρεξιν
2612 5285 3021 5356 ἐνεργουμένων
3050 5281 3368 5350 ἐπλήρωσεν
3395 5293 3411 5308 ⁸
3455 5278 3515 5328 οὐ
3554 5277 3654 5345 γὰρ

2091 5383 2250 5452 μόνον
2275 5379 2348 5442 ὼς
2374 5379 2574 5450 βρῶσιν
2594 5377 2694 5448 τὴν
2719 5375 2814 5428 τοῦ
2832 5373 3041 5427 δικαίου
3069 5368 3359 5440 μετουσίαν
3377 5366 3650 5433 ἐπόθησεν.

2098 5471 2389 5542 Ἦμιτελὴς
2421 5469 2527 5540 γὰρ
2547 5469 2613 5522 ἂν
2633 5465 2701 5539 ἦν
2729 5468 2821 5520 ἐπὶ
2846 5466 3045 5534 ταύτης
3077 5464 3240 5532 μόνης
3260 5460 3359 5530 τῆς
3379 5459 3655 5530 διαθέσεως
