3844 6224
169 333 302 388 ’ΞΗ

1201 347 1288 402 DE
1318 348 1918 415 BEATITUDENIBUS.
1944 360 2203 419 ORATIO
2240 367 2329 422 IV.

3288 371 3430 427 1‘11]

164 453 344 554 στᾶσα
382 455 414 524 ἡ
445 455 645 522 ὄρεξις,
677 459 796 512 νυνὶ
822 459 880 512 δὲ
908 462 998 514 καὶ
1029 462 1256 532 πότιμον
1278 467 1337 518 τὸ
1358 467 1561 534 ἀγαθὸν
1585 471 1741 527 τοῦτο

1849 479 2105 546 explevit,
2147 497 2254 536 non
2285 484 2428 538 enim
2459 485 2639 540 solum
2673 493 2933 554 tanquam
2976 485 3159 540 cibum
3193 483 3427 554 justitiae

163 541 445 610 ἐποίησεν,
479 546 563 597 ἵνα
594 546 656 598 τὸ
683 547 943 620 ἔνθερμόν
965 568 1022 603 τε
1057 553 1152 604 καὶ
1181 555 1404 620 διακαὲς
1431 559 1530 627 τῆς
1555 563 1748 614 ἐπιθυ-

167 633 298 701 μίας
323 634 403 704 τῷ
442 636 602 690 πάθει
635 641 734 708 τῆς
760 639 919 710 δίψης
941 642 1261 714 ἐνδείξηται.
1291 645 1456 718 Ξηροὶ
1490 651 1600 722 γὰρ
1623 655 1745 724 τρό‹

163 740 268 776 πον
301 726 426 778 τινὰ
458 728 552 780 καὶ
575 730 867 814 φλογώδεις
893 734 952 785 ὲν
976 733 1054 803 τῷ
1081 736 1257 807 καιρῷ
1287 738 1381 790 τοῦ
1404 740 1586 809 δίψους
1610 746 1748 812 γινό-

166 827 352 879 μενοι,
383 814 462 877 ὡς
505 814 896 885 θεραπευτικὸν
938 822 1036 891 τῆς
1067 826 1319 896 τοιαύτης
1355 828 1648 896 διαθέσεως
1683 835 1748 888 τὸ

161 903 330 996 ποτὸν
349 905 667 996 μεθ’ἡδονῆς
684 912 1122 982 προσφερόμεθα.
1153 916 1301 972 Ἐπεὶ
1322 916 1414 973 οὖν
1439 922 1536 991 μία
1553 925 1650 994 μὲν
1667 926 1746 996 τῷ

157 993 312 1088 γένει
337 995 588 1088 ⁴ίιὲίίρεξις
607 1001 700 1053 ἐπὶ
731 1000 987 1072 βρώσεὼς
1007 1023 1064 1058 τε
1095 1013 1188 1062 καὶ
1211 1011 1420 1076 πόσεως
1450 1030 1465 1046 ο
1493 993 1746 1088 διάφορον

157 1081 218 1134 δὲ
247 1085 280 1153 ὴ
303 1086 441 1176 πρδς
471 1089 730 1161 ἑκάτερον
763 1093 965 1146 τούτων
999 1096 1254 1164 διάθεσις,
1288 1102 1364 1165 ῶς
1393 1102 1458 1156 ἂν
1484 1105 1544 1158 τὸ
1581 1081 1745 1176 ἀκρό-

159 1189 326 1266 τατον
354 1175 453 1246 τῆς
490 1178 627 1250 πρὸς
668 1180 728 1232 τὸ
771 1183 973 1251 ἀγαθὸν
1009 1187 1302 1258 ἐπιθυμίας
1337 1195 1366 1245 ό
1409 1193 1567 1262 λόγος
1608 1175 1742 1266 ἡμῖν

159 1262 577 1357 νομοθετήσειεν
601 1285 613 1298 ·
651 1274 948 1343 μακαρίζει
995 1279 1122 1342 τοὺς
1157 1279 1226 1333 τὰ
1265 1281 1359 1334 δύο
1387 1283 1557 1337 ταῦτα

151 1352 258 1421 τὴν
305 1354 652 1430 δικαιοσύνην
682 1363 990 1434 πάσχοντας
1011 1407 1027 1430 ,
1060 1367 1158 1439 τὴν
1200 1371 1388 1424 πεῖνάν
1415 1390 1474 1426 τε
1519 1375 1612 1428 καὶ
1639 1352 1742 1447 τὴν

153 1443 318 1510 δίψαν
341 1487 356 1511 ,
383 1447 460 1510 ῶς
483 1449 668 1504 ίκανοῦ
711 1453 862 1518 ὄντος
887 1456 982 1509 τοῦ
1017 1457 1354 1530 ποθουμένου
1387 1463 1522 1533 πρὸς
1549 1443 1740 1519 ἐκατέ-

154 1551 264 1626 ραν
283 1537 630 1609 ἁρμοσθῆναι
655 1544 1004 1616 καταλλήλως
1033 1549 1131 1618 τὴν
1155 1550 1354 1619 ὄρεξιν,
1383 1553 1478 1606 καὶ
1508 1557 1740 1626 στερρὰν

303 1626 382 1694 τῷ
432 1632 686 1686 πεινῶντι
723 1635 967 1703 γίνεσθαι
1011 1640 1239 1710 τροφὴν,
1280 1643 1510 1714 πότιμον
1558 1646 1616 1699 δὲ
1642 1625 1740 1718 eq,

150 1716 460 1786 διψητικῶς
488 1722 912 1799 ἐφελκυσαμένῳ
942 1729 1040 1800 τὴν
1065 1731 1245 1802 χάριν.

1854 585 2010 623 usum
2050 577 2354 642 proposuit.
2401 575 2824 646 Semiperl'ectus
2871 578 3016 631 enim
3065 585 3231 642 esset,
3275 577 3320 632 si
3371 577 3425 630 in

1850 658 1954 713 hac
2001 662 2118 715 sola
2171 662 2460 718 aﬂ'eetione
2509 668 2854 726 consisteret.
2915 667 3241 735 appetitus:
3279 681 3426 719 nuiic

1849 758 2030 804 autem
2061 753 2223 806 etiam
2255 755 2490 822 potabile
2522 756 2624 809 hoc
2663 757 2866 810 bunum
2897 754 3046 814 fecit.
3086 763 3142 806 ut
3167 755 3420 808 ardorem

1847 847 1900 894 et
1941 840 2208 895 fervorem
2243 845 2557 912 cupiditatis
2591 861 2686 913 per
2721 847 2842 900 sitis
2887 845 3230 900 atl‘ectionem
3277 845 3422 899 indi-

1847 940 2016 984 caret.
2053 931 2187 986 Cum
2215 935 2360 988 enim
2413 936 2467 988 in
2504 945 2749 1005 tempore
2793 938 2914 991 sitis
2968 936 3106 988 aridi
3151 935 3423 1003 quodam-

1845 1017 2006 1070 modo
2051 1019 2246 1076 ﬁamus
2295 1029 2346 1075 et
2399 1023 2672 1088 ardentes,
2717 1039 2814 1093 pro
2869 1023 3109 1078 reiuedio
3149 1023 3424 1091 ejusmodi

1845 1106 2151 1164 aﬂ‘ectionis
2201 1121 2388 1180 potum
2435 1116 2706 1170 sumimus
2754 1130 2878 1168 cum
2919 1118 3214 1186 voluptate.
3269 1113 3424 1180 Qum-

1847 1200 1994 1254 niam
2045 1203 2210 1272 igitur
2247 1221 2391 1260 unus
2420 1205 2638 1272 quidem
2689 1223 2886 1275 genere
2915 1208 3033 1275 ipso
3063 1207 3170 1262 cibi
3207 1207 3420 1276 pariter

1842 1300 1896 1346 et
1921 1295 2158 1362 potionis
2197 1298 2472 1366 appetitus
2507 1306 2626 1363 est;
2681 1299 2896 1354 diversa
2937 1314 3066 1353 vero
3093 1300 3160 1353 ad
3203 1305 3418 1352 utrum-

1847 1394 1953 1448 que
1981 1384 2176 1434 horum
2219 1387 2436 1438 atlectio
2452 1395 2557 1450 est,
2583 1395 2640 1440 ut
2661 1404 2935 1443 suuunum
2969 1394 3126 1446 nobis
3157 1402 3210 1446 et
3231 1402 3416 1447 extre-

1843 1484 1992 1522 mum
2034 1471 2160 1525 boni
2202 1475 2536 1529 desiderium
2581 1493 2763 1532 sermo
2799 1483 3192 1549 praescriberet,
3224 1485 3420 1540 beatos

1837 1557 2050 1627 judicat
2069 1575 2186 1628 eos,
2208 1564 2298 1632 qui
2323 1564 2542 1621 duobus
2573 1566 2660 1622 his
2687 1568 2994 1629 affectibus,
3021 1570 3162 1625 fame
3189 1575 3416 1634 pariter.

1839 1661 1894 1706 et
1923 1655 2012 1708 siti
2051 1655 2115 1708 ad
2140 1657 2413 1724 justitiam
2447 1664 2758 1718 moventur,
2799 1656 2956 1725 quasi
2997 1655 3133 1710 satis
3164 1654 3418 1706 idoneum

1840 1745 1912 1797 sit
1942 1745 1989 1798 id
2021 1745 2166 1813 quod
2203 1745 2569 1806 desideratur.
2601 1753 2660 1800 ut
2701 1762 2762 1801 se
2793 1748 3011 1814 utrique
3037 1743 3300 1814 appetitui
3337 1743 3424 1796 in-

150 1811 336 1910 vicem
367 1819 767 1910 accommodet,
817 1829 982 1892 atque
1019 1827 1279 1881 esurienti
1307 1827 1526 1896 quidem
1567 1830 1960 1891 nutrimentum
1993 1811 2252 1903 solidum,
2283 1854 2405 1894 cum
2441 1839 2536 1894 siti
2583 1853 2712 1894 vero
2777 1811 3009 1910 gratiam
3205 1850 3265 1890 se.
3340 1841 3426 1888 at-

151 1905 398 1962 trahenti
429 1913 668 1978 potabile
707 1917 960 1971 exsistat.

225 2001 517 2071 Μακάριοι
537 2010 590 2062 οἱ
611 2007 931 2077 πεινῶντες
956 2013 1054 2066 καὶ
1071 2014 1364 2083 διψῶντες
1387 2015 1500 2085 τὴν
1518 2017 1736 2072 δικαιο-

1910 2021 2063 2074 Beati
2101 2022 2190 2091 qui
2233 2023 2474 2076 esuriant
2514 2029 2563 2074 et
2600 2020 2792 2074 sitiunt
2823 2018 3136 2087 justitiam,
3167 2017 3422 2084 quoniam

151 2093 382 2161 σύνην,
411 2093 502 2147 ὅτι
527 2099 697 2152 αὐτοὶ
729 2104 1266 2170 χορτασθήσονται.
1293 2101 1420 2179 Ἆρ’
1441 2104 1537 2162 οὖν
1557 2110 1617 2164 τὸ
1639 2111 1737 2181 μὲν

153 2186 298 2255 πρὸς
338 2187 436 2258 τὴν
467 2189 812 2263 δικαιοσύνην
849 2196 1150 2265 ὀρεκτικῶς
1186 2198 1329 2269 ἔχειν
1381 2204 1734 2273 μακαριστὸν,

150 2280 206 2332 εὶ
237 2278 298 2332 δέ
323 2295 410 2343 τις
433 2281 570 2352 πρὸς
591 2282 690 2354 τὴν
719 2287 1091 2359 σωφροσύνην,
1124 2290 1156 2360 ἢ
1180 2292 1280 2361 τὴν
1323 2293 1512 2362 σοφίαν
1531 2335 1545 2359 ,
1574 2295 1608 2365 ἦ
1640 2294 1737 2365 τὴν

151 2371 442 2442 φρόνησιν,
473 2373 506 2444 ἢ
539 2373 594 2426 εἴ
613 2393 666 2428 τι
685 2377 812 2430 ἄλλο
839 2379 940 2448 τῆς
971 2382 1171 2452 ἀρετῆς
1197 2379 1332 2448 εἶδός
1353 2385 1737 2456 ὲστιν,ὁμοίως

152 2461 296 2532 ἔχει,
333 2463 524 2518 τοῦτον
558 2467 618 2519 οὐ
668 2468 960 2540 μακαρίζει
990 2473 1018 2524 6
1047 2473 1248 2542 Λόγος;
1294 2475 1454 2528 ’Λλλά
1497 2475 1738 2530 τοιοῦτόν

148 2571 280 2606 τινα
305 2554 446 2626 τάχα
477 2557 600 2610 νοῦν
623 2560 684 2612 τὸ
715 2559 1006 2631 λεγόμενον
1037 2563 1149 2634 ἔχει
1168 2579 1181 2593 ·
1203 2567 1298 2618 Ἕν
1323 2565 1431 2619 τῶν
1465 2569 1584 2620 κατ’
1613 2568 1738 2639 ἀρε-

151 2645 256 2714 τὴν
292 2647 616 2716 νοουμένων,
645 2651 678 2718 ἠ
701 2651 1016 2724 δικαιοσύνη
1049 2656 1216 2709 ἐστίν.
1243 2656 1496 2728 Συνήθως
1519 2659 1575 2712 δὲ
1609 2659 1740 2711 πολ-

149 2732 318 2793 λᾶκις
363 2736 398 2804 η
445 2734 564 2788 Θεία
601 2737 792 2810 Γραφὴ
839 2739 927 2794 διὰ
968 2744 1067 2812 τῆς
1095 2742 1187 2796 τοῦ
1235 2745 1434 2816 μέρους
1483 2748 1732 2819 μνήμης,

161 2825 561 2896 περιλαμϐάνει
605 2829 666 2881 τὸ
697 2830 848 2884 ὅλον·
885 2832 959 2896 ὡς
1003 2835 1134 2886 ὅταν
1177 2834 1274 2905 τὴν
1303 2836 1456 2891 θείαν
1483 2837 1642 2906 φύσιν
1671 2839 1736 2892 δι’

151 2916 184 2968 ὁ
203 2914 439 2985 ομάτων
465 2916 628 2972 τινῶν
665 2919 964 2992 ἑρμηνεύῃ.
995 2922 1158 2991 Λέγει
1180 2925 1309 2995 γὰρ,
1346 2925 1484 2994 Ἐγὼ
1505 2927 1735 2992 Κύριος,

149 3007 233 3069 ὡς
255 3007 322 3060 ὲκ
334 3005 622 3078 προσώπου
637 3005 732 3063 τοῦ
747 3010 882 3064 Θεοῦ
895 3015 929 3083 ἠ
957 3014 1274 3083 προφητεία·
1297 3014 1474 3068 τοῦτό
1486 3033 1586 3083 μοι
1603 3015 1737 3070 ὄνο-

147 3119 236 3168 μα
255 3099 501 3154 αἰώνιον
518 3115 534 3130 ο
564 3102 663 3156 καί
687 3103 1086 3172 μνημόσυνον
1115 3103 1335 3175 γενεῶν
1353 3105 1602 3174 γενεαῖς.
1629 3109 1740 3160 Καὶ

154 3191 325 3244 πάλιν
349 3191 574 3263 ἑτέρωθί
603 3209 770 3262 φησιν
787 3209 802 3226 ο
829 3193 980 3264 Ἐγώ
999 3197 1116 3264 εἰμι
1135 3198 1170 3249 ό
1195 3195 1297 3248 ὧν.
1321 3197 1432 3249 Καὶ
1466 3197 1523 3249 ἐν
1544 3196 1736 3266 ἑτέρην

151 3285 240 3336 ὅτι
284 3284 588 3352 Ἐλεήμων
618 3286 758 3354 εἰμί.
781 3284 889 3338 Καὶ
919 3286 1132 3356 μυρίοις
1173 3286 1354 3350 ἄλλοις
1377 3287 1600 3356 ὀνόμασι
1627 3291 1739 3352 τοῖς

153 3376 216 3428 τ’)
265 3373 471 3446 ὑψηλόν
507 3393 567 3429 τε
599 3379 696 3430 καὶ
739 3377 1045 3448 θεοπρεπὲς
1081 3377 1566 3448 διασημαίνουσιν,
1599 3373 1740 3430 οἶδεν

155 3464 451 3536 ὀνομάζειν
477 3467 639 3520 αὑτὸν
666 3469 698 3538 ἡ
730 3467 861 3535 ἁγία
887 3467 1098 3538 Γραφὴ,
1125 3467 1265 3522 ὥστε
1295 3468 1382 3521 διὰ
1411 3467 1614 3521 τούτων
1645 3486 1740 3540 μα-

157 3557 278 3609 θεῖν
309 3558 570 3627 ἀκριϐῶς.
607 3560 689 3610 ὅτι
711 3559 841 3611 ὅταν
867 3557 925 3611 ἓν
954 3576 1007 3611 τι
1037 3559 1188 3628 εἴπῃ,
1221 3560 1330 3621 πᾶς
1357 3561 1384 3610 ὁ
1411 3558 1518 3612 τῶν
1553 3558 1744 3628 ὀνομά-

154 3663 272 3702 των
297 3648 594 3716 κατάλογος
626 3649 763 3702 κατὰ
793 3649 852 3701 τὸ
879 3650 1229 3719 σιωπώμενον
1257 3649 1335 3720 τῷ
1357 3650 1436 3702 ἑνὶ
1463 3667 1743 3719 συνεκφω-

155 3739 356 3788 νεῖται.
395 3737 474 3788 Οὐ
523 3736 632 3805 γᾲρ
685 3736 980 3807 ἐνδέχεται,
1019 3739 1114 3790 ὲάν
1155 3737 1360 3802 Κύριος
1392 3737 1636 3806 λέγηται,
1667 3739 1741 3809 μὴ

155 3827 256 3886 καὶ
279 3827 346 3880 τὰ
367 3827 501 3881 ἄλλα
525 3823 666 3881 εἶναι
695 3843 707 3856 ·
735 3828 874 3882 ἀλλά
904 3828 1080 3882 πάντα
1110 3829 1177 3882 δι’
1205 3829 1320 3891 ἐνὸς
1346 3830 1607 3900 ὀνόματος
1628 3817 1746 3884 dvo-

159 3919 418 3990 μάζεται.
461 3919 559 3972 Διά
603 3919 804 3973 τούτων
831 3917 924 3973 οὖν
949 3919 1368 3990 μεμαθήκαμεν,
1399 3922 1480 3974 ὅτι
1521 3922 1611 3975 διὰ
1643 3921 1742 3990 μέ-

159 4025 292 4079 ρους
327 4009 474 4071 τινὸς
501 4009 672 4062 πολλά
703 4009 1134 4080 περιλαμϐάνειν
1159 4006 1298 4063 οἶδεν
1326 4013 1355 4063 ὁ
1383 4009 1743 4068 θεόπνευστος

155 4099 355 4168 Λόγος.
413 4099 620 4153 Οὐκοῦν
665 4103 758 4153 καὶ
797 4101 1030 4154 ἐνταῦθα
1081 4101 1180 4172 τὴν
1233 4101 1577 4172 δικαιοσύνην
1629 4103 1744 4165 τοῖς

161 4191 520 4261 μακαριστῶς
546 4191 764 4244 πεινῶσι
811 4193 1128 4264 προκεῖσθαι
1157 4195 1186 4246 ὁ
1213 4194 1383 4261 Λόγος
1415 4193 1614 4258 εἰπὼν,
1635 4195 1743 4247 πᾶν

157 4279 304 4345 εἶδος
335 4283 556 4353 ἀρετῆς,
608 4283 696 4335 διὰ
747 4283 952 4352 ταύτης
984 4283 1378 4353 ἀποσημαίνει,
1414 4284 1491 4346 ῶς
1547 4284 1744 4352 ἐπίσης

161 4375 498 4448 μακαριστὸν
535 4371 674 4428 εἶναι
703 4375 794 4428 τὸν
821 4374 914 4427 καὶ
935 4374 1215 4445 φρόνησιν,
1233 4375 1328 4427 καὶ
1351 4376 1624 4445 ἀνδρείαν,
1645 4377 1744 4430 καὶ

159 4469 520 4538 σωφροσύνην
553 4466 842 4530 πεινῶντα,
871 4469 966 4520 καὶ
993 4467 1124 4519 εἴτι
1167 4467 1352 4537 ἓτερον
1385 4468 1444 4520 ὲν
1479 4468 1558 4537 τῷ
1595 4467 1744 4538 αὐτῷ

156 4561 262 4630 τῆς
319 4557 518 4628 ἀρετῆς
565 4555 708 4624 λόγῳ
756 4554 1251 4626 καταλαμϐάνεται.
1299 4553 1432 4606 Οὐδὲ
1467 4553 1577 4623 γάρ
1627 4554 1744 4610 ἐστι

1839 2112 1942 2179 ipsi
1987 2112 2396 2166 saturabimtur.
2437 2110 2694 2181 Nunquid
2723 2125 2854 2178 ergo
2894 2109 3166 2176 justitiam
3195 2107 3418 2176 quidem

1838 2211 2092 2272 expetere
2139 2205 2356 2258 beatqu
2394 2203 2750 2274 judicandum
2780 2208 2902 2268 est;
2937 2198 3030 2254 sed
3065 2201 3110 2254 si
3139 2199 3266 2268 quis
3291 2214 3420 2266 erga

1839 2295 2252 2363 temperantiam
2271 2333 2289 2356 ,
2316 2294 2710 2353 continentiam
2735 2334 2750 2359 ,
2781 2293 3131 2348 sobrietatem
3155 2331 3170 2354 ,
3201 2303 3295 2346 aut
3326 2307 3420 2346 sa-

1839 2383 2099 2453 pientiam
2126 2428 2138 2450 ,
2175 2396 2268 2440 aut
2305 2385 2680 2455 prudentiam,
2715 2391 2810 2438 aut
2843 2385 2887 2438 si
2919 2398 3028 2453 qua
3062 2382 3165 2435 alia
3201 2383 3422 2436 virtutis

1840 2475 2054 2546 species
2095 2483 2214 2539 est,
2270 2477 2524 2531 similiter
2573 2474 2801 2529 aﬂ'ectus
2834 2483 2948 2538 est,
3005 2475 3150 2526 hunc
3177 2471 3418 2528 Verbum

1839 2565 2058 2620 beatum
2092 2581 2202 2620 non
2251 2567 2499 2634 iudicat?
2529 2565 2729 2619 Verum
2784 2565 2942 2620 talem
2997 2563 3228 2620 forsitan
3273 2562 3421 2633 quod

1839 2655 2039 2709 dicitur
2067 2657 2392 2710 sententiam
2427 2656 2482 2708 in
2516 2671 2574 2710 se
2601 2656 2867 2710 continet:
2899 2653 3076 2708 Unum
3107 2669 3171 2708 ex
3207 2654 3274 2707 iis
3300 2669 3422 2722 quae

1838 2760 1935 2814 per
1987 2745 2240 2799 virtutem
2285 2745 2682 2815 intelliguntur,
2724 2745 2938 2812 justitia
2983 2755 3087 2798 est.
3133 2743 3241 2798 Pro
3281 2761 3418 2796 eon-

1840 2835 2130 2892 suetudine
2161 2846 2338 2889 autem
2373 2835 2426 2888 id
2473 2850 2617 2904 smpe
2657 2834 2840 2888 divina
2887 2835 3172 2902 Scriptura
3217 2834 3418 2890 habet.

1839 2935 1898 2980 ιιι
1929 2927 2076 2980 facta
2106 2928 2383 2980 mentione
2412 2927 2582 2994 partis
2603 2963 2617 2988 ,
2651 2932 2822 2978 totum
2851 2925 3317 2993 comprehendat,
3364 2931 3422 2976 ut

1839 3032 1962 3071 cum
1995 3017 2239 3071 divinam
2271 3024 2523 3070 naturam
2555 3031 2652 3084 per
2679 3015 2859 3084 aliqua
2895 3015 3116 3068 nomina
3147 3014 3418 3082 designat.

1841 3107 1984 3160 Dicit
2012 3109 2157 3162 enim
2195 3115 2454 3174 tanquam
2490 3122 2555 3160 ex
2587 3119 2819 3174 persona
2849 3104 2940 3159 Dei
2971 3106 3236 3175 prepheta
3263 3123 3275 3157 :
3307 3103 3420 3173 Ego

1841 3199 2101 3252 Dominus
2124 3237 2139 3260 ,
2187 3198 2284 3251 hoc
2313 3197 2446 3249 mihi
2473 3213 2660 3250 nomen
2689 3207 2940 3251 wteruum
2965 3212 2983 3248 :
3014 3207 3064 3256 et
3112 3196 3420 3256 memoriale
3447 3227 3452 3230 -

1840 3289 2239 3359 grnerationum
2275 3289 2706 3357 generationibus
2737 3288 2813 3351 ¹⁹;
2863 3295 2917 3342 et
2967 3301 3162 3340 rursus
3211 3287 3266 3338 in
3315 3287 3422 3340 alio

1843 3381 1964 3433 loco
1993 3380 2070 3432 ait
2097 3399 2108 3432 :
2159 3378 2268 3447 Ego
2300 3394 2416 3432 sunt
2459 3379 2552 3444 qui
2593 3393 2711 3432 sum
2745 3377 2792 3409 ¹⁰
2820 3396 2832 3430 :
2863 3384 2918 3431 et
2951 3377 3004 3429 in
3035 3376 3140 3430 alio
3164 3393 3187 3440 ξ,
3211 3374 3426 3428 Miseria

1841 3483 1958 3522 cars
1995 3484 2110 3521 sum
2147 3468 2231 3522 "z
2268 3475 2318 3520 et
2355 3467 2634 3523 sescentis
2666 3467 2789 3522 aliis
2837 3465 3154 3522 nominibus
3189 3465 3240 3518 id
3274 3463 3424 3533 quod

1843 3565 1898 3610 et
1941 3557 2112 3610 altum
2164 3563 2219 3610 et
2268 3563 2564 3624 augustum
2615 3564 2702 3610 est
2751 3553 3228 3624 signiﬁcantibus,
3283 3551 3431 3611 solet,

1845 3647 2012 3702 Deum
2045 3655 2234 3702 sancta
2263 3645 2549 3716 Scriptura
2581 3646 2896 3710 nominare,
2931 3655 2987 3700 ut
3017 3661 3112 3714 per
3137 3646 3250 3698 haec
3274 3654 3430 3700 certo.

1845 3739 2119 3799 sciamus,
2151 3737 2294 3806 quod
2334 3752 2460 3790 cum
2493 3751 2662 3790 unum
2698 3735 2924 3805 aliquod
2961 3735 3123 3798 edat,
3168 3741 3280 3788 tota
3321 3747 3432 3787 nos

1843 3831 2053 3882 minum
2081 3829 2366 3898 congeries
2391 3827 2556 3882 tatite
2581 3842 2706 3882 cum
2737 3843 2844 3880 uno
2873 3828 3034 3882 simul
3061 3825 3428 3894 exprimatur,

1843 3921 1958 3977 Non
1985 3922 2128 3976 enim
2163 3921 2508 3986 conceditur,
2544 3937 2647 3976 nec
2679 3919 2962 3990 probabile
2991 3925 3106 3982 est,
3145 3917 3192 3972 si
3242 3917 3430 3970 Domi-.

1844 4032 1949 4070 nus
1973 4015 2211 4078 dicatur,
2237 4029 2360 4069 eum
2387 4053 2402 4078 ,
2437 4029 2546 4066 non
2575 4013 2742 4067 etiam
2776 4012 2980 4079 reliqua
3007 4024 3130 4066 esse
3148 4050 3168 4076 ,,
3193 4007 3286 4062 sed
3313 4022 3432 4060 οιιιοΔ

1845 4107 1934 4158 nia
1971 4119 2067 4174 per
2097 4119 2265 4157 unum
2301 4119 2499 4158 nomen
2532 4104 2934 4171 exprimuntur.
2969 4099 3073 4155 Per
3110 4099 3224 4152 hanc
3257 4097 3436 4167 igitur-

1844 4197 2136 4252 didicimus
2158 4235 2173 4260 ,
2205 4195 2351 4265 quod
2387 4209 2482 4263 per
2517 4203 2722 4262 partem
2776 4193 3014 4260 aliquam
3069 4189 3238 4243 multa
3273 4202 3425 4242 com~

1844 4289 2006 4358 plecti
2041 4287 2210 4344 soleat
2245 4286 2507 4342 divinitus
2539 4283 2752 4354 prodita
2784 4281 3092 4350 Scriptura.
3129 4279 3271 4348 Ergo
3297 4295 3422 4332 cum

1844 4379 2006 4432 etiam
2041 4378 2130 4431 hic
2165 4376 2402 4431 Verbum
2431 4375 2694 4438 dixisset,
2726 4373 2998 4442 justitiam
3024 4371 3124 4434 iis,
3150 4369 3244 4439 qui
3267 4369 3434 4424 beate

1845 4470 2126 4533 esuriant,
2161 4469 2496 4540 prepositam
2529 4481 2680 4530 esse,
2718 4479 2814 4534 per
2849 4464 2991 4518 hanc
3013 4501 3028 4527 ,
3060 4476 3278 4516 omnem
3312 4463 3425 4516 vir-

1845 4562 1980 4617 tutis
2009 4559 2248 4631 speciem
2273 4559 2560 4629 designat,
2591 4565 2652 4612 ut
2677 4571 2746 4610 ex
2773 4569 2932 4625 aequo
2962 4554 3158 4608 beatus
3193 4552 3300 4616 sit,
3329 4551 3431 4622 qui

156 4648 388 4708 δυνατὸν
415 4649 477 4701 ἓν
521 4665 574 4700 τι
612 4647 712 4717 τῆς
741 4647 941 4716 ἀρετῆς
981 4642 1119 4708 εἶδος
1143 4645 1252 4698 τῶν
1297 4644 1500 4698 λοιπῶν
1531 4641 1737 4706 διεζευ-

1845 4663 1898 4707 et
1929 4651 2312 4721 prudentiam,
2365 4658 2419 4702 et
2465 4646 2881 4710 fortitudinem,
2928 4650 2986 4698 et
3035 4642 3432 4708 sobrietatem,

159 4741 387 4812 γμένον,
417 4741 548 4794 αὐτὸ
597 4739 718 4792 καθ’
755 4735 916 4790 ἑαυτὸ
965 4735 1176 4790 τελείαν
1209 4735 1310 4806 τὴν
1351 4736 1554 4807 ἀρετὴν
1579 4730 1740 4788 εἶναι.

157 4829 234 4904 *ῼ
263 4833 374 4904 γὰρ
405 4831 472 4887 ἀν
507 4831 581 4902 μὴ
634 4829 1002 4900 συνθεωρῖπαί
1023 4847 1073 4882 τι
1105 4828 1214 4882 τῶν
1241 4829 1382 4881 κατά
1434 4827 1496 4880 τὸ
1539 4826 1744 4894 ἀγαθὸν

159 4921 488 4994 νοουμένων,
520 4921 734 4990 ἀνάγκη
779 4922 930 4973 πᾶσα
977 4919 1039 4972 τὸ
1069 4917 1632 4988 ἁντιδιαστελλόμενον
1657 4919 1744 4971 ἐπ’

161 5009 332 5066 αὐτοῦ
377 5012 561 5083 χώραν
610 5012 754 5081 ἔχειν
787 5026 800 5040 ·
831 5011 1200 5082 ἀντιδιέστηκε
1233 5009 1291 5062 δὲ
1317 5012 1386 5080 τῇ
1421 5009 1744 5079 σωφροσύνῃ

166 5103 267 5172 μὲν
294 5102 358 5154 τὸ
405 5101 703 5155 ἀκόλαστον
731 5118 746 5133 ·
773 5103 838 5172 τῇ
881 5102 1138 5172 φρονήσει
1165 5101 1221 5154 δὲ
1262 5103 1298 5171 ἡ
1325 5101 1625 5172 ἀφροσύνη,
1652 5102 1746 5154 καὶ

161 5194 384 5264 ἑκάστῳ
414 5193 524 5247 τῶν
566 5195 700 5263 πρὸς
744 5193 804 5246 τὸ
837 5197 1078 5264 κρεῖττον
1110 5193 1530 5264 ὑπειλημμένων
1561 5192 1674 5246 ἐστί
1697 5211 1749 5245 τι

163 5287 386 5347 πάντως
420 5285 480 5336 τὸ
511 5287 574 5338 ὲκ
623 5283 718 5336 τοῦ
764 5285 1008 5337 ἐναντίου
1057 5283 1366 5353 νοούμενον.
1415 5285 1478 5337 Εἰ
1530 5279 1624 5337 οὖν
1671 5281 1749 5354 μὴ

164 5377 347 5430 πάντα
373 5380 440 5447 τῇ
481 5375 798 5454 δικαιοσύνῃ
839 5377 1190 5446 συνθεωροῖτο
1210 5415 1224 5439 ,
1255 5375 1536 5446 ἀμήχανον
1563 5375 1629 5428 ἂν
1662 5379 1746 5446 εἰη

163 5467 226 5522 τὸ
273 5467 600 5537 λειπόμενον
634 5467 838 5536 ἀγαθὸν
889 5464 1046 5520 εῖναι.
1100 5467 1214 5519 Οὐκ
1239 5464 1304 5518 ἂν
1345 5466 1453 5534 γάρ
1480 5483 1564 5528 τις
1602 5467 1743 5528 είποι

164 5559 376 5626 ᾇῖρρονα
414 5559 782 5631 δικαιοσύνην,
876 5559 1154 5630 θρασεῖαν,
1184 5557 1217 5627 ἢ
1246 5556 1560 5619 ἀκόλαστον,
1593 5556 1626 5626 ἦ
1650 5555 1744 5610 άλ-

1851 4741 2288 4803 continentiam,
2323 4738 2726 4808 frugalitatem.
2755 4745 2812 4790 et
2857 4736 2905 4791 si
2957 4733 3089 4804 quid
3139 4731 3286 4788 aliud
3331 4747 3432 4801 per-

1846 4835 2094 4888 eamdem
2145 4831 2366 4886 virtutis
2405 4827 2778 4884 deﬁnitionem
2833 4825 3134 4895 percipitur
3176 4830 3230 4878 et
3277 4837 3432 4877 come

1847 4921 2230 4995 prehenditur,
2263 4920 2495 4976 esuriat.
2531 4917 2720 4988 Neque
2755 4917 2902 4970 enim
2941 4914 3058 4970 ﬁeri
3104 4921 3323 4983 potest,
3368 4925 3432 4971 ut.

1849 5031 1956 5070 una
1981 5015 2163 5083 aliqua
2187 5010 2410 5068 virtutis
2436 5009 2648 5078 species
2671 5023 2702 5061 a
2725 5005 2952 5075 reliquis
2977 5005 3252 5074 disiuncta
3269 5043 3285 5069 ,
3310 5003 3432 5070 ipsa

1846 5121 1946 5174 per
1970 5119 2028 5160 se
2056 5104 2234 5158 virtus
2269 5100 2513 5171 perfecta
2547 5099 2639 5158 sit.
2668 5095 2805 5152 Nam
2836 5109 2961 5150 cum
2989 5109 3098 5164 quo
3123 5109 3232 5147 non
3264 5092 3428 5147 simul

1847 5194 2053 5266 aliquid
2085 5192 2469 5248 consideratur
2493 5203 2684 5245 eorum
2705 5229 2722 5255 ,
2753 5203 2876 5257 qua:
2907 5201 3005 5256 per
3034 5185 3240 5239 bonum
3267 5183 3430 5237 intel.

1849 5289 2112 5356 ligantur,
2143 5283 2366 5338 eninino
2395 5294 2622 5335 necesse
2649 5284 2774 5342 est,
2809 5285 2869 5332 ut
2895 5275 3237 5331 contrarium
3269 5273 3326 5327 in
3361 5289 3428 5326 eo

1850 5379 2035 5434 locum
2079 5375 2318 5430 habent:
2355 5371 2653 5442 Opponitur
2699 5377 2882 5422 autem
2917 5365 3274 5421 continentia
3301 5364 3425 5433 qui-

1847 5471 1972 5524 dem
1998 5475 2052 5525 et
2079 5466 2374 5539 frugalitati
2403 5463 2615 5518 luxuria
2647 5471 2810 5530 atque
2839 5459 3234 5513 incontinentis
3261 5473 3276 5520 ;
3305 5471 3430 5525 pru-.

1849 5557 2046 5614 dentis:
2091 5573 2222 5615 vero
2266 5556 2530 5620 stultitia,
2582 5561 2639 5610 et
2687 5551 2959 5623 cujusque
2989 5561 3179 5606 eorum
3213 5562 3334 5625 quae
3367 5545 3435 5609 in

243 5741 286 5780 κ’
325 5742 426 5798 lsa.
456 5758 602 5808 xui,
644 5743 695 5796 8.
775 5743 820 5774 ’δ
859 5742 1027 5800 Exod.
1059 5755 1156 5808 ιιι,
1185 5741 1236 5799 4.
1313 5743 1352 5776 ²¹
1398 5741 1568 5798 Exod.
1603 5757 1712 5802 un
1739 5782 1756 5809 ,
1786 5741 1878 5802 27.,
