3844 6224
435 355 575 410 F213
1633 355 1690 411 S.
1733 352 2060 411 CREGORII
2103 352 2143 406 N
2156 348 2395 406 YSSENI
3570 345 3701 401 li“

434 470 713 528 meliorem
750 475 956 541 partem
992 471 1359 543 accipiuntur,
1392 488 1621 542 prorsus
1647 482 1731 530 est
1766 468 1952 545 aliquit

2192 490 2244 525 τι
2273 471 2381 523 τῶν
2409 472 2466 523 ἐν
2496 469 2662 540 κακίᾳ
2714 468 3124 540 θεωρουμένων.
3158 469 3221 521 Ei
3256 468 3313 520 δέ
3362 466 3581 529 παντὸς
3615 466 3701 518 τοῦ

433 560 581 627 quod
609 577 673 615 ex
704 563 985 616 contrario
1016 562 1371 631 intelligatur.
1405 563 1460 617 Si
1494 565 1657 633 igitur
1687 580 1791 619 non
1822 580 1949 617 omn

2186 563 2355 633 ίρονος
2381 561 2587 630 ἀμιγὴς
2616 563 2645 613 ό
2675 560 2776 629 τῆς
2800 560 3145 628 δικαιοσύνης
3170 558 3328 626 λόγος
3354 558 3536 619 ἐστὶν,
3562 558 3702 610 ἅπαν

433 666 558 704 eum
595 651 811 719 justitia
856 654 1357 717 considerarentur,
1406 654 1521 707 fieri
1571 670 1676 708 non
1718 665 1901 724 posset
1949 672 1951 695 ι

2195 651 2374 722 ἑαυτῷ
2404 653 2620 714 πάντως
2644 652 2704 704 τὸ
2749 651 2950 718 ἀγαθὸν
2992 650 3346 721 περιείληφεν
3364 667 3376 679 ·
3406 649 3627 716 ἀγαθὸν
3651 648 3703 698 δὲ

434 740 579 807 quod
627 742 1059 811 relinqueretur,
1098 743 1299 796 bonum
1355 751 1534 809 esset;
1572 759 1679 796 non
1715 744 1858 798 enim
1904 745 1952 796 al

2185 747 2223 797 lv
2247 745 2307 797 τὸ
2341 746 2460 796 κατ’
2477 742 2678 812 ἀρετὴν
2702 741 3092 812 θεωρούμενον.
3112 740 3324 793 Οὐκοῦν
3345 741 3502 792 πᾶσα
3534 737 3703 807 ἁρετὴ

434 834 560 901 quis
602 833 803 887 dixerit
852 835 1074 888 stultam
1102 834 1407 903 justitiam,
1459 842 1553 887 aut
1585 835 1880 899 audacem,
1912 849 1952 887 ai

2184 856 2191 885 l
2217 835 2440 904 ὀνόματι
2475 835 2575 903 τῆς
2606 832 2952 902 δικαιοσύνης
2987 830 3220 884 ἐνταῦθα
3247 829 3702 899 διασημαίνεταε,

437 922 862 976 incontinentem
918 934 1011 978 aut
1054 925 1201 978 aliud
1258 925 1554 994 quidquam
1606 942 1831 989 eorum,
1885 942 1955 995 qu

2208 927 2333 988 τοὺς
2358 925 2659 988 πεινῶν-τάς
2693 941 2750 977 τε
2778 925 2871 977 καὶ
2915 923 3182 986 διψῶντας
3222 920 3524 993 μακαρίζει
3548 923 3580 972 ό
3606 920 3704 972 Λό-

435 1028 531 1080 per
553 1012 899 1069 vitiositatem
921 1013 1340 1069 considerantur
1359 1025 1411 1069 et
1431 1016 1825 1083 intelliguntur.
1850 1015 1953 1079 Ωιι(

2187 1034 2227 1080 ς,
2250 1017 2349 1087 τὴν
2377 1017 2694 1087 πλησμονὴν
2744 1017 2927 1079 αὐτοῖς
2976 1015 3084 1069 τῶν
3117 1013 3583 1084 ἐπιθυμουμένων
3610 1013 3705 1064 ὲπο

436 1106 480 1154 si
516 1104 656 1158 ratio
685 1104 911 1173 iustitia:
938 1105 1006 1160 ab
1037 1106 1324 1169 omnibus,
1360 1121 1697 1176 quaecunque
1748 1106 1800 1158 in
1851 1107 1954 1175 peji

1037 1106 1324 1169 omnibus,
1360 1121 1697 1176 quaecunque
1748 1106 1800 1158 in
1851 1107 2003 1175 pejo-
2113 1108 2527 1178 αγγελλόμενος.

434 1211 547 1249 rein
578 1204 786 1264 partem
818 1198 1182 1267 accipiuntur,
1234 1212 1403 1252 vacua
1426 1236 1441 1261 ,
1491 1213 1626 1267 pura
1657 1206 1816 1266 atque
1858 1199 2066 1266 integra
2097 1209 2179 1252 est
2200 1239 2215 1265 ,
2248 1200 2562 1253 universum
2611 1199 2664 1252 in
2710 1213 2769 1252 se
2800 1195 3000 1251 bonum
3034 1199 3194 1266 plane
3255 1195 3549 1264 complexa
3576 1200 3700 1247 est:

436 1286 637 1338 bonum
690 1294 870 1341 autem
916 1300 1001 1343 est
1048 1287 1310 1357 quidquid
1368 1302 1464 1357 per
1516 1287 1767 1339 virtutem
1820 1287 2196 1341 consideratur
2244 1297 2298 1343 et
2345 1288 2681 1358 intelligitur.
2737 1286 2878 1355 Ergo
2916 1288 3095 1341 omnis
3132 1286 3305 1339 virtus
3346 1285 3437 1337 hic
3479 1283 3705 1337 nomine

437 1374 660 1442 iustitia:
715 1374 1078 1445 significatur,
1138 1392 1299 1447 quam
1350 1378 1656 1432 esurientes
1711 1383 1763 1430 et
1822 1377 2070 1431 sitientes
2136 1376 2367 1433 Verbum
2427 1380 2615 1432 beatos
2663 1378 2906 1448 judicat,
2960 1377 3263 1431 satietatem
3322 1389 3521 1429 eorum
3582 1387 3705 1441 qua:

432 1473 783 1532 expetuntur,
818 1468 1161 1536 promittens.

504 1555 655 1608 Beati
698 1556 873 1620 enim,
914 1558 1125 1626 inquit,
1163 1558 1449 1612 esurientes
1488 1568 1537 1612 et
1580 1559 1812 1612 sitientes
1839 1559 2005 1628 jusii-

2185 1549 2465 1618 Μακάριοι
2488 1549 2617 1619 γὰρ,
2647 1550 2830 1621 φησὶν,
2858 1552 2912 1603 οἱ
2932 1548 3253 1615 πεινῶντες
3276 1551 3372 1603 καί
3395 1551 3703 1620 διψῶντες

435 1647 597 1711 tiam,
631 1648 881 1715 quoniam
915 1649 1015 1716 ipsi
1058 1647 1460 1703 saturabuntur.
1508 1648 1662 1714 Quod
1702 1659 1882 1702 autem
1920 1647 1951 1701 d

2179 1660 2229 1710 ιν
2282 1642 2677 1707 δικαιοσύνην
2703 1682 2717 1706 ,
2773 1639 2863 1693 ὅτι
2918 1639 3089 1693 αὐτοὶ
3144 1642 3697 1709 χορτασθήσονται.

434 1738 576 1788 citur
595 1737 860 1803 ejusmodi
895 1738 1183 1807 quamdam
1211 1740 1535 1793 sententiam
1563 1741 1841 1795 continere
1866 1740 1951 1793 vid

2178 1751 2188 1784 ι
2221 1731 2277 1784 δὲ
2305 1731 2595 1800 λεγόμενον
2621 1729 2861 1783 τοιοῦτόν
2904 1730 2994 1800 μοί
3028 1746 3150 1784 τινα
3180 1730 3304 1782 νοῦν
3347 1731 3498 1801 ἔχειν
3518 1735 3696 1787 δοκεῖ·

436 1834 525 1880 tur
557 1845 572 1881 :
603 1827 747 1881 Nihil
794 1845 983 1883 earum
1035 1846 1214 1885 rerum
1264 1832 1466 1901 quibus
1502 1833 1798 1901 voluptatis
1833 1841 1951 1902 grat

2182 1822 2277 1874 ›δέν
2318 1820 2428 1874 τῶν
2477 1820 2597 1873 καθ’
2623 1820 2815 1890 ἡδονὴν
2854 1821 2913 1872 ἐν
2958 1819 3038 1890 τῷ
3087 1819 3187 1891 βίῳ
3236 1823 3700 1893 σπουδαζομένων

435 1918 682 1972 studetur
708 1920 761 1973 in
794 1920 895 1972 hoc
926 1921 1158 1985 saeculo,
1216 1937 1434 1991 operam
1468 1922 1729 1976 dantibus
1781 1924 1953 1978 satiet:

2183 1913 2377 1982 ήσμιον
2420 1911 2631 1978 γίνεται
2674 1914 2787 1971 τοῖς
2831 1909 3222 1975 σπουδάζουσιν
3246 1952 3259 1975 ,
3291 1912 3453 1969 ἀλλὰ.
3510 1916 3701 1978 καθὼς

433 2018 540 2061 tem
583 2008 778 2076 affert,
830 2009 963 2073 sed,
1017 2019 1075 2063 ut
1123 2012 1319 2065 alicubi
1371 2027 1465 2081 per
1511 2013 1798 2081 aenigmata
1845 2020 1951 2079 atqi

2189 2000 2239 2051 σί
2271 2016 2371 2053 που
2402 1998 2467 2050 δι’
2494 1998 2814 2067 αἰνίγματος
2839 1999 2873 2067 ἡ
2902 1998 3093 2067 Σοφία·
3120 2000 3299 2064 Πίθος
3332 2002 3699 2070 τετρημένος

433 2100 714 2153 involucra
747 2100 1034 2153 verborum
1059 2101 1332 2169 Sapientia
1364 2102 1531 2165 dicit,
1588 2101 1799 2155 Delium
1832 2102 1951 2171 perf

2182 2090 2277 2143 τὶν
2302 2090 2341 2157 ἠ
2360 2090 2493 2155 περὶ
2523 2089 2629 2153 τὰς
2659 2087 2887 2153 ἡδονὰς
2915 2089 3206 2157 ἀσχολία·
3223 2085 3267 2157 ᾧ
3291 2092 3524 2144 πάντοτε
3554 2096 3700 2146 κατὰ

432 2199 608 2241 ratum
641 2198 719 2241 est
761 2191 1035 2257 occupatio
1064 2190 1207 2243 circa
1265 2190 1585 2258 voluptates,
1637 2208 1745 2260 quo
1795 2207 1946 2259 semp

2181 2180 2345 2249 τουδὴν
2383 2179 2772 2243 ἐπαντλοῦντες
2796 2218 2812 2243 ,
2844 2179 3169 2250 ἀπλήρωτόν
3199 2198 3320 2233 τινα
3356 2182 3455 2235 καὶ
3492 2184 3699 2251 ἀνήνυ‹

430 2279 623 2332 sedulo
645 2278 1018 2346 infundentes,
1042 2280 1258 2333 irritum
1285 2289 1338 2335 et
1359 2281 1793 2352 inexplicabilem
1815 2298 1948 2351 quon

2177 2291 2197 2324 ν
2219 2270 2619 2323 ἐπιδεικνῦνται
2645 2271 2811 2324 κόπον
2832 2272 2881 2324 οἱ
2912 2272 3041 2341 περὶ
3069 2270 3240 2324 ταῦτα
3271 2273 3695 2338 σπουδάζοντες,

429 2369 554 2420 dam
584 2366 962 2437 inﬁnitumque
993 2368 1233 2422 laborem
1263 2374 1578 2431 ostentant,
1606 2368 1697 2437 qui
1728 2368 1812 2421 liis
1841 2367 1947 2421 rcbi

2180 2361 2387 2432 χέοντες
2423 2362 2520 2431 μὲν
2550 2361 2635 2415 ἀεί
2659 2379 2711 2415 τι
2749 2362 2831 2432 τῷ
2861 2361 3006 2432 βυθῷ
3037 2363 3134 2433 τῆς
3162 2362 3480 2433 ἐπιθυμίας,
3508 2364 3606 2417 καὶ
3637 2365 3698 2416 τὸ

429 2458 654 2511 student
674 2498 689 2522 ,
722 2474 939 2527 semper
965 2458 1185 2528 quidem
1216 2458 1422 2528 aliquid
1452 2459 1505 2512 in
1536 2457 1763 2512 fundum
1794 2458 1947 2527 cupid

2180 2454 2244 2515 νὸς
2281 2453 2473 2523 ἡδονὴν
2527 2453 2982 2523 ἐπεμϐάλλοντες,
3010 2455 3089 2515 εἰς
3136 2453 3296 2523 κόρον
3329 2454 3385 2506 δὲ
3425 2455 3529 2526 τὴν
3576 2458 3698 2507 ἐπι·

431 2552 558 2602 tatis
588 2549 933 2605 infundentes
952 2589 966 2611 .
1001 2565 1064 2604 ac
1092 2549 1357 2619 quidquid
1385 2549 1451 2603 ad
1480 2551 1808 2618 voluptatem
1838 2548 1949 2601 facit

2162 2544 2305 2613 ιμίαν
2336 2543 2435 2595 οὐκ
2462 2542 2705 2610 ἄγοντες.
2723 2542 2818 2607 Τίς
2847 2542 2986 2611 ἔγνω
3012 2543 3109 2613 τῆς
3139 2542 3509 2613 φιλαργυρίας
3530 2545 3680 2615 ὅρον,

431 2640 926 2709 superinjicientes,
949 2641 1012 2695 ad
1036 2643 1338 2697 satietatem
1367 2656 1495 2696 vero
1518 2642 1868 2710 cupiditatem
1896 2656 1949 2694 ιι(

2176 2634 2312 2687 ιτοΰ
2344 2634 2735 2702 προσγενέσθαι
2780 2637 2893 2697 τοῖς
2935 2634 3412 2706 φιλαργυροῦσιτδ
3450 2638 3694 2689 σπουδα-

429 2732 779 2785 deilucenles.
801 2732 934 2797 Quis
954 2732 1339 2786 animadvertit
1359 2734 1426 2787 ad
1449 2733 1690 2786 avaritiae
1713 2734 1945 2786 terminu

2175 2742 2332 2794 μενον
2356 2741 2371 2789 ;
2399 2726 2494 2787 Τίς
2544 2725 2851 2795 δοξομανῶν
2899 2724 3108 2796 ἔληξεν,
3153 2727 3210 2778 ἐν
3263 2727 3341 2797 τῷ
3391 2730 3582 2796 τυχεῖν
3616 2721 3693 2780 ὧν

433 2832 747 2890 perventum
780 2839 901 2877 esse
936 2838 1031 2893 per
1067 2825 1117 2876 id
1141 2864 1156 2888 ,
1193 2824 1337 2892 quod
1371 2824 1669 2877 accesserit
1719 2824 1900 2877 avaris

2180 2815 2437 2879 πούδαξεν
2459 2818 2518 2880 ;ό
2535 2816 2591 2869 δὲ
2617 2816 2718 2887 τὴν
2739 2817 2932 2887 ἡδονὴν
2955 2816 3231 2887 ἐκπλήσας
3260 2819 3319 2870 ἐν
3342 2820 3698 2889 ἀκροάμασιν

430 2913 576 2979 quod
606 2914 968 2982 quaerebant?
993 2915 1116 2983 quis
1150 2914 1375 2967 honoris
1407 2914 1597 2966 insana
1629 2913 1883 2982 cupidine
1912 2926 1948 2965 c

2181 2903 2454 2973 ὶεάμασιν,
2479 2904 2511 2973 ἢ
2539 2907 2603 2975 τῇ
2657 2905 2785 2975 περὶ
2834 2906 3077 2975 γαστέρα
3125 2907 3221 2959 καὶ
3267 2907 3404 2976 μετά
3447 2908 3699 2977 γαστέρα

432 3011 591 3070 plus,
638 3003 952 3058 ambitionis
995 3003 1153 3056 tinem
1206 3002 1363 3067 fecit,
1416 3009 1700 3057 assecutus
1745 3016 1837 3062 ea,
1886 3017 1950 3069 qu

2180 2991 2281 3060 :viqt
2309 2993 2403 3044 καὶ
2432 2991 2604 3064 λύσσῃ
2626 3008 2638 3021 ·
2661 2992 2713 3044 τί
2746 2984 2904 3062 εὗρεν
2929 2993 2993 3045 ἐκ
3024 2993 3121 3063 τῆς
3154 2994 3515 3059 ἀπολαύσεως
3544 2997 3698 3067 αὐτῷ

429 3093 755 3161 expetebat?
780 3094 891 3162 jam
927 3109 1055 3147 vero
1084 3094 1179 3163 qui
1214 3094 1548 3163 voluptatem
1580 3092 1815 3162 explevit
1847 3107 1947 3144 acri

2180 3080 2312 3151 ύτης
2356 3082 2774 3152 περιγενόμενον
2798 3099 2813 3147 ;
2840 3082 2915 3136 Οὐ
2962 3082 3143 3153 πάσης
3172 3084 3366 3155 ἡδονῆς
3403 3082 3552 3150 εἶδος
3596 3087 3698 3156 τῆς

434 3185 708 3238 amatibus
734 3187 1130 3252 speetaculisve
1148 3227 1163 3251 ,
1188 3195 1286 3240 aut
1313 3187 1521 3240 insanis
1547 3193 1601 3239 et
1628 3185 1852 3240 furiosis
1877 3202 1952 3239 vei

2176 3171 2196 3224 ὶ
2238 3170 2485 3241 σώματος
2531 3171 2981 3243 ἐκπληρουμένης
3017 3173 3152 3242 ὁμοῦ
3179 3172 3259 3243 τῷ
3310 3176 3694 3245 προσπελάσαι

430 3274 533 3327 tris
561 3273 757 3328 studiis
779 3312 794 3336 ,
827 3282 921 3327 aut
964 3274 1032 3329 iis
1076 3274 1238 3328 rebus
1277 3273 1584 3336 sectandis,
1614 3288 1735 3341 qua:
1762 3282 1948 3327 ventre

2177 3260 2604 3332 ιρίπταται,ούδὲ
2633 3262 2768 3332 πρὸς
2786 3262 2847 3313 τὸ
2878 3261 3215 3331 βραχύτατον
3244 3265 3358 3326 τοῖς
3384 3265 3695 3335 ἁψαμένοις

434 3365 652 3432 plenum
681 3365 942 3434 consequi
973 3366 1150 3419 solent
1178 3383 1190 3418 τ
1230 3364 1358 3433 quid
1392 3364 1496 3418 sibi
1525 3371 1590 3417 ei
1615 3379 1713 3429 eo,
1742 3364 1885 3433 quod
1921 3363 1952 3416 li

2189 3354 2282 3423 τῆς
2307 3354 2758 3424 παραμενούσης;
2792 3352 2962 3406 Τοῦτο
2984 3354 3164 3407 τοίνυν
3195 3354 3256 3406 τὸ
3289 3355 3496 3427 ὑψηλὸν
3515 3358 3697 3427 δόγμα

431 3455 596 3509 rebus
631 3454 735 3507 frui
786 3463 950 3523 atque
980 3455 1138 3524 potiri
1171 3455 1353 3515 licuit.
1393 3469 1680 3523 superesse
1708 3455 1949 3523 deprehel

2179 3442 2262 3514 ιρὰ
2292 3443 2387 3496 τοῦ
2427 3443 2633 3515 Κυρίου
2664 3443 3027 3514 μανθάνομεν,
3055 3445 3137 3498 ὃτι
3166 3445 3306 3515 μόνη
3333 3448 3367 3517 ἡ
3402 3447 3529 3500 κατ’
3566 3450 3697 3519 ἁρε-

433 3544 555 3597 dit?
619 3544 813 3598 Annon
877 3546 1055 3599 omnis
1105 3544 1396 3614 voluptatis
1433 3544 1676 3613 species,
1722 3560 1843 3614 qua:
1883 3560 1948 3598 co

2181 3553 2206 3587 ν
2234 3536 2366 3605 ἡμῖν
2403 3535 2726 3605 ἐγγινομένη
2768 3534 2971 3605 σπουδὴ
3012 3535 3211 3603 πάγιόν
3245 3535 3299 3587 τί
3332 3538 3452 3590 ἐστι
3477 3540 3576 3591 καὶ
3612 3541 3699 3590 ἐν-

432 3651 565 3705 pore
601 3637 917 3706 percipitur,
949 3637 1111 3691 simul
1146 3645 1308 3706 atque
1343 3637 1828 3706 appropinquavit,
1865 3652 1950 3707 pra

2180 3626 2430 3678 ;όστατον.
2484 3626 2543 3677 '0
2565 3625 2674 3695 γάρ
2707 3642 2759 3678 τι
2795 3625 2903 3678 τῶν
2935 3626 3154 3698 ὑψηλῶν
3177 3626 3559 3699 κατορθώσας,
3582 3624 3698 3683 οἷον

434 3729 697 3791 tervolat,
722 3743 791 3780 ne
817 3728 1201 3782 brevissimum
1232 3726 1449 3796 quidem
1483 3734 1699 3797 tempus
1725 3726 1866 3797 apud
1888 3742 1952 3781 eo

2180 3715 2480 3786 »φροσύνην,
2517 3714 2550 3785 ἢ
2598 3716 2947 3787 μετριότητα,
2973 3716 3005 3787 ἢ
3041 3717 3143 3788 τὴν
3167 3716 3305 3788 πρὸς
3327 3718 3389 3770 τὸ
3416 3718 3578 3773 Θεῖον
3607 3723 3698 3773 εύ-

432 3819 525 3887 qui
579 3818 724 3872 illam
769 3818 1089 3886 attigerint,
1144 3816 1419 3871 manens?
1452 3814 1604 3869 Hanc
1644 3816 1805 3886 igitur
1838 3817 1950 3870 subl

2175 3804 2343 3867 όειαν,
2380 3804 2412 3875 ἢ
2457 3805 2585 3859 ἀλλο
2618 3823 2670 3859 τι
2695 3806 2804 3859 τῶν
2845 3805 3063 3876 ὑψηλῶν
3093 3822 3155 3858 τε
3188 3808 3283 3860 καὶ
3311 3808 3693 3877 εύαγγελικῶν

434 3923 596 3971 mem,
629 3916 830 3962 certam
863 3909 1219 3976 stabilemque
1249 3909 1575 3962 sententiam
1612 3923 1641 3960 a
1666 3907 1891 3961 Omnino
1920 3908 1951 3961 d

2177 3895 2466 3965 ἰαγμάτων,
2492 3896 2553 3948 οὐ
2584 3896 2881 3969 παροδικὴν
2914 3897 2999 3966 ἐφ’
3027 3897 3243 3968 ἐκάστῳ
3274 3898 3383 3952 τῶν
3410 3901 3695 3971 κατορθω-

433 4000 672 4064 scimus,
704 3999 852 4068 quod
886 3999 1062 4052 solum
1097 3999 1317 4053 virtutis
1353 3998 1598 4053 studium
1634 3998 1687 4051 in
1720 3998 1878 4052 nobis
1908 4013 1951 4052 ei

2174 3986 2294 4040 ὶτων
2323 3987 2416 4039 καὶ
2443 3987 2674 4040 ἄστατον
2694 3987 2792 4058 τὴν
2817 3988 3156 4059 εὐφροσύνην
3181 3988 3317 4059 ἔχει,
3335 3990 3451 4043 ἀλλ’
3476 3992 3692 4064 ἐνιδρυ-

445 4089 686 4151 sistens,
723 4087 968 4152 stabilis,
1004 4087 1144 4151 fixa,
1181 4088 1336 4141 firma
1359 4127 1375 4153 ,
1411 4087 1831 4155 consistensque
1860 4101 1963 4155 qua

2172 4078 2277 4147 ἔνην
2302 4077 2395 4130 καὶ
2433 4077 2791 4145 διαμένουσαν
2813 4118 2828 4142 ,
2854 4078 2949 4131 καὶ⁸
2977 4079 3141 4131 παντὶ
3173 4084 3690 4153 συμπαρατεινομέ-

434 4182 560 4235 dam
596 4195 683 4237 res
710 4181 803 4237 sit.
835 4180 970 4234 Nam
1000 4180 1093 4250 qui
1129 4178 1333 4249 aliquid
1362 4194 1429 4234 ex
1473 4179 1638 4234 rebus
1681 4179 1952 4233 sublimibi

2174 4184 2202 4220 ν
2221 4167 2299 4237 τῷ
2323 4169 2421 4237 τῆς
2451 4166 2597 4237 ζωῆς
2624 4168 2971 4238 διαστήματι.
2997 4168 3097 4221 Διά
3116 4169 3202 4234 τί;
3225 4168 3350 4223 Ὅτι
3372 4170 3553 4225 ταῦτα
3592 4173 3691 4242 μὲν

432 4278 718 4325 assecutus
747 4277 864 4336 est,
904 4270 1051 4324 verbi
1086 4271 1262 4340 gratia
1282 4310 1297 4336 ,
1327 4269 1721 4324 continentiam
1743 4307 1758 4332 ,
1800 4278 1950 4336 temp

2174 4273 2276 4310 εστι
2305 4257 2592 4321 διαπαντὸς
2623 4260 2862 4329 ἐνεργεῖν
2882 4300 2897 4324 ,
2924 4260 3019 4313 καὶ
3046 4260 3221 4324 οὐδείς
3259 4264 3374 4314 ἐστι
3409 4264 3607 4333 καιρὸς
3635 4266 3692 4316 ἐν

432 4362 667 4415 ramiam
689 4399 704 4425 ,
736 4361 1057 4416 modestiam
1084 4370 1177 4414 aut
1209 4361 1637 4416 moderationem
1660 4399 1676 4425 ,
1713 4367 1805 4413 aut
1832 4360 1950 4428 piet:

2174 4349 2268 4402 Lvt‘t
2296 4346 2373 4417 τῷ
2410 4348 2510 4418 τῆς
2560 4344 2706 4417 ζωῆς
2748 4347 3096 4419 διαστήματι,
3128 4350 3227 4419 τῆς
3268 4350 3483 4421 ἀγαθῆς
3530 4353 3692 4421 κόρον

432 4460 537 4505 tein
569 4465 699 4522 erga
735 4467 937 4506 numen
965 4451 1207 4505 divinum
1231 4490 1245 4514 ,
1290 4460 1384 4505 aut
1414 4452 1560 4506 illam
1591 4451 1902 4520 quampiam
1933 4465 1950 4503 ι

2174 4438 2349 4492 ,ποιῶν
2383 4437 2684 4509 ἐνεργείας.
2704 4439 2779 4491 ’Ἠ
2798 4458 2855 4495 τε
2869 4439 2976 4511 γὰρ
2999 4441 3318 4513 σωφροσύνη
3342 4443 3439 4494 καὶ
3463 4445 3498 4513 η
3527 4443 3692 4496 καθα-

431 4540 759 4595 sublimibus
808 4541 1016 4610 pariter
1063 4549 1118 4595 et
1160 4542 1490 4611 evangelieis
1535 4541 1837 4606 doctrinis,
1891 4554 1949 4593 nc

2174 4547 2290 4600 της,
2322 4529 2416 4583 καὶ
2446 4529 2509 4583 τὸ
2558 4528 2617 4582 ἐν
2645 4529 2809 4583 παντὶ
2832 4529 3023 4601 ἀγαθῷ
3059 4531 3475 4601 ἀμετάπτωτον,
3507 4534 3611 4586 καὶ
3634 4533 3692 4585 τὸ

432 4629 809 4685 transitoriam
847 4636 901 4683 et
937 4631 1320 4698 temporariam
1352 4631 1422 4685 ob
1453 4630 1879 4698 unumquodque
1909 4646 1950 4684 ei

2175 4620 2241 4683 ,ὸς
2273 4619 2334 4672 τὸ
2382 4619 2551 4673 κακὸν
2592 4617 2958 4690 ἀκοινώνητον
2998 4620 3087 4674 ἀεὶ
3118 4623 3420 4692 ἐνεργεῖται
3440 4664 3456 4688 ,
3481 4624 3593 4686 ἕως
3629 4623 3693 4676 ἂν

431 4733 587 4783 rum,
621 4732 743 4787 quae
773 4726 1106 4773 consecutus
1140 4726 1225 4773 est
1248 4758 1263 4782 ,
1296 4726 1351 4772 et
1395 4719 1703 4775 instabilem
1760 4719 1945 4773 laetitia

2176 4727 2186 4772 ;
2214 4709 2349 4780 πρὸς
2377 4709 2577 4780 ἀρετὴν
2600 4708 2801 4782 βλέπῃ,
2833 4711 2928 4764 καὶ
2961 4713 3545 4783 συμπαρατεινομένην
3581 4714 3694 4785 ἔχει

428 4812 630 4874 habet,
679 4808 775 4863 sed
820 4816 1199 4874 constantem,
1250 4818 1660 4878 permanentem
1688 4851 1703 4877 ,
1754 4819 1808 4866 et
1855 4825 1942 4865 om

2205 4800 2450 4870 ἐνεργείᾳ
2466 4801 2564 4870 τὴν
2598 4800 2955 4870 εὐφροσύνην.
3004 4802 3125 4855 Ἐπὶ
3154 4802 3214 4855 δὲ
3254 4802 3366 4855 τῶν
3408 4807 3529 4867 ταῖς
3562 4805 3692 4857 ἀτό-

431 4902 605 4969 spatio
658 4899 783 4954 vita:
829 4899 1137 4955 durantem.
1185 4898 1405 4964 Quare?
1437 4901 1565 4970 quia
1621 4901 1735 4957 haec
1779 4902 1949 4971 quide.

2179 4907 2226 4953 ις
2252 4890 2570 4959 ἐπιθυμίαις
2603 4891 3003 4962 ἐκκεχυμένων,
3027 4891 3129 4945 κᾶν
3175 4892 3473 4958 διαπαντὸς
3504 4895 3694 4958 αὐτοῖς

432 5007 647 5060 semper
679 4990 805 5043 licet
835 5004 995 5059 agere
1017 5029 1033 5052 ,
1064 5005 1127 5045 ac
1171 4991 1381 5044 nullum
1434 5001 1519 5046 est
1564 4995 1825 5061 temporis
1857 5009 1950 5062 pur

2175 4979 2311 5050 ψυχὴ
2363 4979 2532 5051 βλέπῃ
2582 4981 2718 5052 πρὸς
2760 4981 2823 5034 τὸ
2854 4982 3154 5036 ἀκόλαστον
3173 5021 3189 5045 ,
3214 4983 3328 5036 ἀλλ’
3353 4985 3459 5036 οὐκ
3488 4986 3584 5037 ἀεὶ
3634 4985 3693 5037 τὸ

429 5091 577 5131 ctum
605 5080 658 5131 in
687 5079 835 5132 omni
869 5082 990 5132 vitae
1012 5078 1215 5148 spatio,
1254 5080 1401 5148 quod
1448 5083 1606 5134 bona:
1657 5082 1890 5136 actionis
1922 5083 1947 5135 il

2172 5071 2325 5126 εσθαι
2382 5072 2666 5144 πάρεστιν.
2719 5073 2830 5142 Τήν
2874 5089 2934 5125 τε
2986 5073 3095 5145 γὰρ
3136 5074 3266 5143 περὶ
3312 5074 3416 5143 τὴν
3482 5073 3690 5144 βρῶσιν

428 5177 648 5237 generet
683 5170 1005 5224 satietatem.
1048 5168 1182 5223 Nam
1225 5178 1278 5223 et
1321 5170 1658 5225 continentia
1695 5178 1750 5224 et
1790 5172 1946 5241 puriu

2170 5156 2339 5227 ινείαν
2367 5158 2395 5209 ὁ
2437 5156 2597 5228 κόρος
2630 5156 2878 5226 ἔστησεν,
2909 5160 3004 5213 καὶ
3033 5162 3066 5229 ή
3110 5159 3203 5212 τοῦ
3238 5159 3488 5224 πίνοντος
3523 5160 3688 5233 ἡδονὴ

432 5261 602 5313 animi
637 5269 691 5314 et
716 5261 769 5313 in
801 5261 950 5314 omni
980 5262 1122 5319 bono
1146 5262 1457 5316 constantia
1478 5302 1493 5326 ,
1541 5270 1596 5317 et
1624 5265 1813 5319 vitatio
1842 5265 1946 5319 mal

2171 5247 2546 5317 γκατεσϐέσθη
2575 5250 2638 5319 τῇ
2668 5248 2816 5321 δίψῃ,
2845 5250 2940 5302 καὶ
2966 5249 3037 5303 τὰ
3064 5248 3201 5303 ἀλλα
3237 5251 3380 5304 κατά
3408 5252 3502 5304 τὸν
3523 5252 3688 5305 αὑτὸν

435 5351 609 5405 donec
635 5351 834 5421 aliquis
859 5352 1113 5407 virtutem
1143 5353 1245 5408 sibi
1274 5355 1606 5423 propositam
1637 5356 1829 5421 habet,
1859 5345 1953 5412 seu

2165 5337 2300 5390 ~61tov
2342 5337 2435 5388 καὶ
2473 5336 2667 5406 χρόνου
2707 5338 2851 5400 τινὸς
2885 5336 3097 5408 χρῄζει,
3128 5339 3224 5392 καὶ⁵
3262 5338 3683 5408 διαλείμματος,

435 5457 531 5510 per
561 5450 908 5507 exercentur,
961 5451 1015 5497 et
1057 5459 1161 5497 una
1208 5459 1333 5497 cum
1377 5445 1595 5499 actione
1644 5455 1701 5500 et
1731 5448 1953 5501 exerciti

2169 5441 2242 5477 rte
2274 5422 2646 5495 μαρανθείσης
2679 5424 2786 5477 ἀπὸ
2815 5424 2916 5494 τῆς
2944 5424 3137 5495 ἡδονῆς
3164 5426 3256 5479 καὶ
3289 5426 3389 5497 τῆς
3437 5426 3687 5497 πλησμοο

423 5535 576 5586 tione
618 5547 741 5588 sese
780 5537 1167 5602 producentem
1201 5544 1255 5591 et
1289 5536 1576 5592 durantem
1622 5537 1863 5592 laetitiam
1904 5538 1935 5591 b

2166 5536 2220 5583 5,
2248 5518 2410 5571 πάλιν
2443 5514 2813 5585 ἀνακληθῆναι
2838 5516 2933 5587 τὴν
2956 5514 3049 5568 τοῦ
3080 5516 3365 5586 ἡδύνοντος
3385 5516 3594 5587 ὄρεξιν.
3620 5518 3684 5570 Ἦ

428 5623 578 5676 bent.
619 5620 679 5675 In
718 5624 787 5680 iis
824 5634 1002 5681 autem
1027 5667 1042 5693 ,
1075 5627 1170 5697 qui
1200 5627 1457 5684 absurdis
1486 5629 1880 5700 cupiditatibus
1912 5645 1940 5683 a

2180 5608 2282 5676 τῆς
2304 5607 2504 5676 ἀρετῆς
2531 5608 2722 5678 κτῆσις
2738 5649 2752 5672 ,
2775 5602 2856 5669 οἷς
2888 5605 2954 5658 ἂν
2977 5605 3124 5669 suae
3147 5605 3380 5675 βεϐαίως
3404 5606 3678 5676 ἐνιδρυθῇ.

429 5710 596 5781 dent,
624 5715 836 5773 etiamsi
863 5695 1302 5788 semper—anima
1346 5736 1534 5776 eorum
1559 5695 1788 5790 'spectet
1833 5725 1944 5778 tasc

2193 5699 2373 5769 χρόνῳ
2424 5702 2733 5769 μετρεῖται,
2758 5695 2880 5751 οὔτε
2924 5696 3071 5767 κόρῳ
3107 5695 3512 5768 περιορίζεται·
3545 5696 3680 5750 ἀλλὰ
