3844 6224
89 335 231 392 12ίεὶ

1121 347 1204 400 ΟΕ
1246 346 1846 404 ΒΕᾹΤΙΤυΙΠΝΙΒυΞ.
1867 348 2126 406 ORATIO
2159 350 2248 405 Ν.

3211 347 3348 404 ιειις

87 456 324 507 ’πάντοτε
361 457 472 518 τοῖς
489 459 608 508 κατ’
634 457 800 529 αὐτὴν
833 459 998 524 ζῶσιν
1031 463 1308 535 ἀκραιφνῆ
1336 482 1396 518 τε
1430 466 1524 517 καὶ
1549 483 1671 519 νεα-

1792 468 1914 519 ιὶειιιι
1947 474 2000 521 et
2031 465 2480 521 incontinentiam
2504 505 2518 531 ,
2551 471 2789 519 attamen
2826 478 2934 524 non
2971 478 3185 531 semper
3214 482 3343 532 gan-

90 545 213 612 ρὲιν,
245 547 342 598 καὶ
377 547 730 615 ἀκμάζουσαν
762 550 870 604 τῶν
901 552 1044 606 ξδὶων
1071 555 1290 621 ἀγαθῶν
1318 557 1546 626 παρέχει
1575 555 1671 626 τὴν

87 634 362 702 αἴσθησιν.
383 636 472 687 Διὸ
501 640 612 699 τοῖς
637 637 804 691 ταῦτα
834 642 1109 707 πεινῶσιν,
1145 647 1173 696 ό
1209 645 1339 708 Θεὸς
1376 645 1546 711 Λόγος
1574 646 1672 715 τὴν

87 725 412 796 πλησμονὴν
462 728 855 796 ἐπαγγέλλεται
897 749 912 763 ·
961 733 1277 804 πλησμονὴν
1336 737 1671 799 ἐξάπτουσαν

85 815 240 882 κόρῳ
267 815 364 886 τὴν
392 815 568 886 ὄρεξιν
587 859 600 880 ,
627 819 726 872 οὐκ
757 821 1154 890 ἀμϐλύνουσαν.
1187 825 1354 879 Τοῦτο
1381 824 1472 881 οὖν
1503 829 1668 892 ἐστιν,

83 904 114 954 δ
155 905 404 958 διδάσκει
442 909 505 959 ὲκ
545 908 638 960 τοῦ
670 910 872 980 ὑψηλοῦ
904 913 1010 965 τῶν
1050 917 1336 985 νοημάτων
1371 919 1528 988 ὅρους
1559 921 1673 974 δια-

86 995 410 1066 λεγόμενος,
445 999 524 1069 τῷ
565 1001 754 1070 μηδενὶ
795 1004 1021 1074 τοιούτῳ
1057 1007 1155 1077 τὴν
1195 1008 1485 1079 ἐπιθυμίαν
1519 1012 1672 1080 ήμῶν

87 1086 511 1156 προσασχολεῖν,
557 1082 617 1140 οῦ
652 1091 816 1159 μηδὲν
851 1094 1136 1163 πρόκειται
1171 1098 1284 1159 τοῖς
1314 1099 1670 1162 σπουδάζουσι

85 1173 292 1242 πέρας,
330 1177 388 1228 ὲν
421 1170 502 1239 οἷς
533 1178 734 1246 ματαία
761 1196 820 1231 τε
843 1181 936 1233 καὶ
965 1184 1190 1251 ἀνόητός
1218 1186 1366 1240 ἐστιν
1389 1189 1420 1258 ἠ
1446 1189 1668 1257 σπουδή·

85 1265 350 1335 καθάπερ
381 1269 492 1328 τοῖς
519 1271 584 1337 τῇ
620 1275 828 1342 κορυφῇ
865 1273 961 1342 τῆς
1007 1275 1213 1328 ἑαυτῶν
1253 1279 1410 1339 σκιᾶς
1458 1279 1673 1350 ἐπιτρέ-

83 1372 306 1424 χουσιν,
353 1352 484 1420 οἷςό
530 1360 728 1429 δρόμος
777 1364 870 1415 ἐπὶ
911 1365 971 1416 τὸ
1003 1368 1264 1435 ἀνήνυτον
1311 1370 1568 1439 φέρεται,
1598 1375 1676 1435 εἰς

85 1447 274 1498 ὲκείνο
305 1449 390 1500 ἀεὶ
411 1451 620 1519 ταχέως
641 1452 734 1504 τοῦ
755 1454 1084 1525 διωκομένου
1118 1459 1426 1524 ὑπεξιόντος
1455 1461 1531 1532 τῷ
1554 1463 1675 1515 ἐπι-

83 1535 344 1606 τρέχοντι
391 1555 402 1567 ·
437 1539 550 1590 ἀλλ’
590 1543 708 1593 ἐκεῖ
759 1544 953 1613 τρέψαι
997 1545 1094 1616 τὴν
1151 1548 1360 1616 ὄρεξιν,
1406 1553 1462 1602 ὲν
1510 1546 1591 1614 οἷς
1641 1553 1672 1622 ή

87 1628 303 1698 σπουδὴ
335 1631 516 1699 κτῆμα
539 1632 634 1684 τοῦ
675 1635 1063 1699 σπουδάζοντος
1089 1639 1316 1704 γίνεται.
1360 1642 1414 1693 Ὁ
1439 1641 1546 1712 γὰρ
1576 1643 1676 1711 τῆς

86 1716 304 1786 ἀρετῆς
331 1719 695 1789 ἐπιθυμήσας,
735 1723 919 1792 κτῆμα
964 1725 1093 1777 ἴδιον
1123 1729 1353 1780 ποιεῖται
1369 1729 1427 1781 τὸ
1453 1730 1670 1796 ἀγαθὸν,

87 1808 150 1857 ἐν
179 1807 360 1876 ἑαυτῷ
393 1808 602 1877 βλέπων
631 1813 658 1863 ὃ
691 1813 1056 1883 ἐπεθύμησεν.
1085 1818 1368 1888 Μακάριος
1395 1816 1486 1873 οὖν
1512 1823 1540 1872 ὁ
1563 1840 1678 1876 πει·
1709 1801 1750 1854 Β

85 1899 271 1962 νάσας
330 1901 428 1970 τήν
485 1905 875 1976 σωφροσύνην·
914 1909 1357 1980 ἐμπλησθήσεται
1411 1915 1517 1984 γὰρ
1581 1917 1678 1985 τῆς

86 1989 491 2060 καθαρότητος.
529 1994 591 2045 Ἠ
621 1995 678 2046 δὲ
727 1997 1006 2070 πλησμονὴ
1031 2041 1044 2063 ,
1077 2001 1257 2065 καθὼς
1305 2005 1550 2074 εἴρηται,
1582 2007 1680 2059 οὑκ

87 2074 490 2152 ἀποστροφὴν,
527 2083 643 2136 ἀλλ’
681 2087 929 2142 ἐπίτασιν
979 2094 1122 2144 ποιεῖ
1170 2095 1265 2164 τῆς
1310 2095 1559 2166 ὀρέξεως,
1588 2099 1680 2150 καὶ

90 2177 426 2240 συναύξεται
454 2179 703 2249 ἀλλήλοις
735 2184 873 2237 κατά
907 2186 968 2238 τὸ
1011 2182 1126 2239 ἴσον
1154 2189 1457 2260 ἀμφότερα.
1499 2193 1574 2262 Τῇ
1620 2210 1677 2244 τε

89 2267 208 2336 γάρ
237 2267 506 2340 ἐπιθυμίᾳ
529 2271 630 2339 τῆς
664 2273 865 2343 ἀρετῆς
905 2277 936 2346 ἡ
969 2276 1061 2328 τοῦ
1099 2277 1529 2349 ἐπιθυμηθέντος
1551 2281 1681 2350 κτῆ-

93 2374 182 2418 σις
217 2359 658 2430 ἐπηκολούθησεν
679 2379 692 2391 ο
718 2365 812 2416 καὶ
834 2365 893 2417 τὸ
915 2367 1267 2437 ἐγγενόμενον
1292 2371 1493 2437 ἀγαθὸν
1515 2372 1682 2425 ἀπαυα-

91 2467 218 2500 στοκ
259 2449 358 2520 τὴν
388 2453 722 2524 εὐφροσύνην
741 2464 806 2527 τῇ
826 2457 968 2528 ψυχῇ
998 2463 1430 2531 συνεισήνεγκεν.
1449 2463 1679 2534 Τοιαύτη

89 2541 208 2612 γὰρ
239 2544 274 2612 ἡ
309 2543 402 2595 τοῦ
437 2544 641 2611 ἀγαθοῦ
689 2549 875 2600 τούτου
910 2549 1065 2618 φύσις
1099 2551 1266 2616 ἐστὶν,
1296 2553 1372 2614 ὡς
1409 2553 1482 2624 μὴ
1525 2555 1582 2606 ὲν
1607 2555 1682 2623 τῷ

93 2629 336 2699 παρόντι
366 2629 524 2712 μόνον
563 2634 1014 2700 καταγλυκαίνειν
1051 2637 1140 2688 τὸν
1167 2638 1536 2704 ἀπολαύοντα,
1569 2642 1683 2694 ἀλλ’

93 2721 156 2769 ἐν
187 2720 330 2770 πᾶσι
365 2723 478 2782 τοῖς
513 2720 607 2772 τοῦ
658 2724 848 2791 χρόνου
894 2725 1112 2795 μέρεσιν
1156 2729 1373 2798 ἐνεργὸν
1425 2731 1685 2800 παρέχειν

90 2811 200 2879 τὴν
240 2809 598 2880 εὐφροσύνην.
661 2813 772 2865 Καὶ
808 2814 968 2884 γάρὴ
1017 2818 1202 2886 μνήμη
1247 2818 1352 2870 τῶν
1385 2819 1557 2888 ὀρθῶς
1597 2820 1686 2890 βε-

93 2899 389 2968 ϐιωμένων
418 2901 698 2969 εὐφραίνει
731 2903 820 2955 τὸν
847 2903 1268 2974 κατορθώσαντα
1289 2925 1301 2936 ·
1331 2908 1424 2959 καὶ
1449 2911 1480 2978 ἠ
1519 2910 1574 2960 ὲν
1609 2909 1685 2980 τῷ

94 2990 336 3061 παρόντι
364 2992 475 3063 ζωὴ
497 3035 510 3054 ,
543 2996 671 3046 ὅταν
706 2995 772 3047 δι’
821 2996 1019 3066 ἀρετῆς
1051 2996 1383 3065 διεξάγηται,
1415 2999 1508 3051 καὶ
1533 3001 1564 3068 ή
1588 3001 1685 3070 τῆς

1773 558 1898 612 dere
1944 559 2089 612 licet.
2135 557 2270 610 Nam
2318 565 2371 610 et
2419 555 2732 610 aviditatem
2776 553 2883 607 cibi
2932 554 3345 607 immoderatam

1774 647 2001 700 satietas
2029 647 2202 709 sistit,
2237 661 2288 700 et
2339 645 2575 699 bibentis
2621 643 2873 712 voluptas
2925 656 3030 695 una
3081 656 3203 694 cum
3255 639 3347 693 siti

1773 734 2169 803 exstinguitur,
2217 743 2523 803 cmteraque
2574 733 2642 786 ad
2701 732 2954 787 eumdem
3012 727 3233 782 modum
3295 737 3348 781 ct

1773 833 2015 896 tempore
2054 828 2235 896 aliquo
2277 841 2415 896 opus
2463 826 2663 880 habent
2701 833 2756 880 et
2799 821 3112 884 intervallo,
3164 829 3223 874 ut
3252 835 3349 873 ex-

1775 917 2008 970 stinctus
2038 931 2067 969 a
2097 917 2378 985 voluptate
2423 923 2477 970 et
2523 917 2773 969 satietate
2817 929 3012 968 rursus
3057 917 3350 966 revocetur

1775 1006 1896 1075 ejus
1935 1008 2079 1076 quod
2105 1007 2342 1061 delectat
2383 1014 2436 1060 et
2477 1007 2653 1075 placet
2690 1003 2982 1074 appetitus.
3027 1001 3106 1055 Ac
3133 1000 3348 1055 virtutis

1775 1101 2050 1168 possessio
2099 1098 2522 1168 quibuscunqne
2573 1095 2740 1149 semel
2781 1093 3006 1146 ﬁrmiter
3051 1090 3345 1152 insederit,

1774 1203 1883 1242 non
1915 1190 2175 1256 temporis
2211 1186 2454 1254 subjacet
2484 1197 2788 1247 mensurae,
2826 1196 2933 1235 non
2962 1181 3211 1235 satietate
3237 1189 3349 1233 ter-

1775 1279 2035 1340 minatur,
2087 1277 2182 1331 sed
2235 1291 2450 1345 semper
2475 1289 2704 1345 purum,
2735 1273 3120 1340 sincerumque
3161 1279 3215 1324 et
3265 1285 3349 1323 re-

1775 1377 1983 1424 centem
2005 1407 2020 1428 ,
2053 1383 2117 1420 ac
2149 1368 2418 1436 vigentem
2459 1365 2758 1420 secundum
2790 1379 2848 1418 se
2881 1362 3187 1416 viventibus
3225 1375 3350 1415 sen-

1778 1475 1898 1513 sum
1935 1473 2162 1512 suorum
2197 1459 2460 1511 bonorum
2497 1456 2716 1526 praebet.
2757 1452 3120 1519 Quamobrem
3153 1452 3222 1505 iis
3257 1451 3350 1519 qui

1777 1549 1891 1603 haec
1919 1549 2167 1602 esuriunt
2187 1587 2201 1611 ,
2233 1547 2373 1602 Deus
2395 1544 2632 1601 Verbum
2657 1544 3018 1614 expietionem
3047 1541 3346 1610 promittit:

1776 1641 2134 1709 expietionem
2154 1679 2170 1703 ,
2195 1639 2417 1708 inquam
2440 1679 2455 1701 ,
2486 1652 2607 1707 quae
2636 1637 2886 1691 satietate
2914 1633 3210 1695 accendat,
3242 1647 3350 1685 non

1779 1733 1996 1786 hebetet
2037 1731 2356 1800 appetitum.
2401 1728 2516 1784 Hoc
2557 1729 2723 1800 igitur
2769 1735 2853 1783 est
2902 1725 3048 1796 quod
3087 1725 3247 1779 docet
3284 1723 3354 1776 ab

1782 1821 2000 1875 excelso
2053 1820 2426 1873 intellectuum
2486 1826 2670 1871 monte
2708 1816 3113 1878 sermocinans,
3159 1827 3355 1881 nempe

1783 1921 1842 1965 ut
1873 1911 1938 1964 ad
1975 1910 2178 1964 nullam
2212 1907 2480 1976 ejusmodi
2515 1921 2628 1962 rem
2651 1946 2666 1972 ,
2717 1906 3070 1976 cupiditatem
3107 1911 3350 1958 nostram

1784 2003 2118 2071 applicemus
2141 2039 2154 2064 ,
2190 2003 2349 2068 cujus
2383 2000 2592 2052 nullum
2629 1998 3008 2067 expetentibus
3039 1994 3354 2065 pr0positus

1785 2100 1868 2146 est
1901 2093 2052 2154 ﬁnis,
2086 2091 2142 2144 in
2179 2092 2379 2159 quibus
2410 2097 2465 2144 et
2494 2105 2693 2144 vanum
2718 2129 2732 2152 ,
2777 2101 2830 2143 et
2879 2088 3069 2141 inutile
3115 2085 3353 2140 studium

1786 2191 1906 2237 est:
1959 2182 2417 2252 quemadmodum
2469 2182 2524 2234 in
2578 2182 2646 2236 iis
2699 2180 2792 2250 qui
2840 2178 3098 2233 verticem
3147 2175 3358 2229 umbrae

1787 2289 1900 2328 suae
1933 2289 2097 2328 cursu
2131 2275 2518 2341 insequuntur,
2557 2284 2790 2340 quorum
2842 2283 3041 2323 cursus
3089 2266 3262 2321 fertur
3301 2264 3358 2318 in

1786 2364 2092 2426 inlinitum,
2146 2373 2201 2416 et
2249 2362 2660 2430 inexplicabile,
2723 2375 2789 2414 eo
2841 2372 3057 2427 semper
3107 2354 3358 2409 celeriter

1785 2455 2064 2518 elabente,
2099 2469 2163 2508 eo
2191 2452 2336 2522 quod
2367 2455 2592 2522 petitur,
2625 2466 2733 2519 quo
2776 2464 2975 2504 cursus
3019 2445 3359 2515 insequentis

1786 2544 2098 2607 contendit,
2139 2543 2236 2598 sed
2279 2553 2339 2596 ut
2383 2543 2447 2596 ad
2480 2559 2573 2600 eas
2616 2559 2704 2598 res
2743 2542 3036 2612 appetitum
3075 2545 3361 2592 converta-

1787 2651 1907 2689 mus
1957 2637 2010 2689 in
2060 2636 2257 2705 quibus
2305 2651 2400 2705 per
2447 2637 2684 2690 studium
2731 2642 2880 2690 certa
2928 2630 3204 2703 possessio
3246 2635 3363 2683 stu-

1787 2725 1936 2780 denti
1982 2725 2308 2794 acquiritur.
2363 2724 2498 2779 Nam
2546 2727 2640 2795 qui
2699 2725 2766 2780 ad
2813 2724 3075 2778 virtutem
3121 2720 3358 2789 aspirat,

1787 2833 1900 2871 rem
1943 2819 2215 2886 propriam
2253 2817 2520 2886 acquirit,
2570 2817 2768 2870 bonum
2817 2813 2962 2884 quod
3004 2811 3263 2881 expetivit
3308 2809 3362 2861 in

1788 2924 1908 2964 sese
1928 2923 2178 2963 cernens.
2209 2909 2406 2963 Beatus
2448 2917 2533 2962 est
2575 2908 2740 2976 igitur
2768 2905 2858 2976 qui
2887 2904 3060 2959 esurit
3082 2901 3366 2957 continen-

1789 2999 1961 3064 tiam;
2005 3000 2317 3069 impiebitur
2351 3000 2494 3053 enim
2547 2999 2802 3068 puritate.
2851 2994 3094 3065 Repietio
3151 2999 3362 3054 autem,

95 3081 430 3144 ἀντιδόσεως
470 3084 781 3152 προσδοκία,
820 3084 884 3153 ἣν
914 3084 1012 3136 οὐκ
1049 3085 1213 3153 ἄλλην
1244 3082 1381 3138 εἷναὶ
1413 3105 1532 3139 τινα
1559 3089 1683 3142 ὑπο-

1792 3091 1932 3144 sicut
1981 3091 2184 3143 dictum
2235 3098 2352 3156 est,
2391 3105 2498 3143 non
2535 3089 2927 3143 aversationem
2961 3095 3014 3139 et
3045 3083 3363 3140 fastidium,

94 3170 392 3238 λαμϐάνω,
421 3171 452 3239 ἦ
485 3171 651 3240 αὐτὴν
711 3171 872 3224 πάλιν
900 3171 995 3240 τὴν
1038 3174 1259 3242 ἀρετὴν,
1296 3175 1328 3242 ἢ
1386 3175 1480 3226 καὶ
1528 3174 1688 3244 ἔργον

96 3259 364 3312 ἐστι’τῶν
395 3261 816 3331 κατορθούντων,
844 3264 936 3316 καὶ
967 3263 1134 3336 γέρας
1161 3265 1249 3316 ἐπὶ
1279 3267 1388 3327 τοῖς
1413 3265 1686 3336 κατορθώ-

101 3367 246 3418 μασι
281 3347 508 3415 γίνεται.

1794 3179 1886 3233 sed
1911 3179 2263 3233 intentionem
2291 3187 2344 3233 et
2371 3179 2763 3233 vehementiam
2791 3177 2954 3230 ciiicit
2979 3173 3249 3244 appetitus
3269 3213 3284 3238 ,
3312 3178 3368 3224 et

1791 3285 1856 3323 ex
1885 3285 2040 3339 aequo
2071 3277 2298 3340 utraque
2329 3271 2490 3326 simul
2517 3270 2657 3324 inter
2686 3284 2805 3324 sese
2830 3274 3113 3336 augentur.
3145 3261 3281 3316 Nam
3314 3269 3370 3315 et

1793 3361 2030 3413 studium
2053 3373 2103 3415 et
2118 3361 2452 3416 affectionem
2473 3363 2690 3417 virtutis
2711 3363 2784 3416 rei
2807 3359 3068 3414 affectatae
3084 3353 3370 3425 acquisitio

99 3441 512 3510 consequitur;
549 3450 602 3496 et
639 3444 886 3496 innatum
917 3443 1118 3498 bonum
1149 3443 1426 3499 assiduam
1469 3455 1895 3520 perpetuamque
1944 3453 2184 3507 laetitiam
2234 3455 2396 3508 simul
2444 3455 2497 3507 in
2550 3455 2786 3507 animam
2831 3450 3015 3505 infert.
3051 3447 3199 3501 Talis
3226 3445 3369 3500 enim

101 3533 282 3600 hujus
311 3531 436 3584 boni
483 3540 678 3586 natura
716 3541 837 3597 est,
879 3541 937 3586 ut
966 3549 1074 3586 non
1113 3534 1167 3588 in
1207 3535 1493 3604 praesentia
1533 3537 1694 3591 modo
1734 3538 2000 3596 fruentem
2042 3545 2346 3598 demulceat
2378 3554 2540 3614 atque
2577 3545 2837 3606 delectet,
2885 3541 2979 3596 sed
3024 3541 3078 3593 in
3119 3539 3372 3594 omnibus

101 3625 380 3695 temporis
409 3623 659 3692 partibus
689 3625 928 3678 laetitiam
958 3636 1324 3693 repraesentet.
1358 3626 1492 3681 Nam
1523 3637 1577 3683 et
1603 3631 1728 3686 vita:
1760 3642 1905 3687 recte
1941 3644 2228 3690 transacta:
2257 3637 2518 3691 memoria
2538 3675 2552 3700 ,
2583 3652 2705 3691 eum
2735 3637 2826 3706 qni
2857 3636 2907 3690 id
2945 3645 3230 3690 assecutus
3262 3633 3330 3688 sil
3355 3674 3372 3698 ,

101 3728 162 3770 et
197 3729 439 3784 prazsens
470 3716 598 3778 vita,
619 3715 745 3768 dum
775 3730 874 3784 per
903 3718 1154 3770 virtutem
1176 3716 1518 3787 transigitur,
1533 3729 1587 3772 et
1610 3724 1947 3790 exspectatio
1974 3726 2344 3779 retributionis
2373 3732 2426 3778 et
2455 3725 2912 3780 remunerationis
2941 3725 3192 3788 deiectat,
3208 3736 3374 3792 quam

105 3809 614 3864 remunerationem
652 3824 761 3863 non
805 3810 966 3864 aliam
1007 3812 1297 3880 quamdam
1324 3827 1448 3868 esse
1475 3826 1635 3883 puto,
1660 3831 1822 3886 quam
1851 3820 2021 3890 ipsam
2053 3837 2245 3878 rursus
2274 3821 2526 3876 virtutem
2549 3861 2563 3887 ,
2592 3836 2713 3891 quae
2739 3829 2792 3876 et
2823 3835 2960 3890 opus
2993 3827 3140 3874 recte
3173 3817 3377 3871 facien-

105 3903 252 3955 tium
296 3908 410 3964 est,
447 3905 502 3954 et
531 3902 812 3970 praemium
841 3907 988 3956 recte
1014 3902 1286 3958 factorum
1315 3905 1554 3962 exsistit.

187 3997 253 4048 Ei
288 3994 342 4046 δὲ
369 3996 474 4066 χρή
511 4013 652 4058 τινος
686 3997 780 4049 καὶ
809 3996 1079 4068 τολμηροῦ
1121 3998 1468 4069 καθάψασθαι
1494 4001 1651 4070 λόγου
1671 4015 1687 4036 ι

105 4089 266 4140 δοκεῖ
282 4086 420 4156 τάχα
446 4104 534 4157 μοι
558 4086 646 4139 διά
666 4087 759 4139 τοῦ
779 4089 919 4142 κατά
937 4089 1034 4160 τὴν
1060 4092 1263 4161 ἀρετήν
1292 4109 1351 4144 τε
1378 4094 1469 4145 καὶ
1497 4094 1698 4147 δικαιο-

110 4177 290 4248 σύνην
321 4177 479 4244 λόγου
511 4179 698 4230 ἑαυτόν
721 4178 1030 4248 προτιθέναι
1052 4183 1116 4250 τῇ
1141 4180 1318 4250 ὀρέξει
1338 4181 1445 4235 τῶν
1473 4185 1698 4238 ἀκουόν-

107 4285 226 4320 των
253 4271 283 4320 ὁ
315 4266 512 4336 Κύριος
543 4283 556 4294 ·
580 4267 637 4330 ὃς
664 4269 894 4338 ἐγενήθη
930 4271 1060 4340 ἡμῖν
1089 4270 1248 4337 σοφία
1282 4271 1390 4324 ἀπὺ
1433 4273 1589 4338 Θεοῦ,
1623 4275 1702 4327 δι-

111 4357 384 4428 καιοσύνη
419 4375 478 4410 τε
519 4357 614 4411 καὶ
657 4359 945 4428 ἁγιασμὸς,
992 4360 1085 4411 καὶ
1136 4361 1542 4432 ἀπολύτρωσις,
1570 4363 1704 4416 ἀλλά

111 4452 216 4504 καὶ
245 4449 408 4520 ἄρτος
440 4448 496 4514 ἐξ
535 4449 761 4518 ούρανοῦ
791 4449 1152 4515 καταϐαίνων,
1181 4452 1274 4503 καὶ
1310 4451 1452 4523 ὕδωρ
1482 4452 1588 4516 ζῶν
1609 4469 1622 4483 ’
1642 4446 1702 4506 οὗ

111 4542 284 4609 διέιῇν
315 4541 567 4609 ὁμολογεῖ
593 4539 754 4592 Δαὸὶδ
782 4539 838 4592 ἕν
883 4557 990 4593 τινι
1028 4540 1333 4612 ψαλμῳδξᾳ,
1372 4542 1434 4594 τὸ
1466 4559 1703 4613 μακαρι-

1865 4003 2127 4060 Czeterum
2161 4003 2208 4057 si
2248 4003 2410 4058 etiam
2451 4001 2686 4070 aliquem
2747 3999 3008 4055 audacem
3102 3995 3374 4067 attingere

1797 4109 2104 4150 sermonem
2155 4100 2389 4163 oportet,
2429 4093 2657 4147 forsitan
2689 4106 2785 4161 per
2811 4089 3032 4144 virtutis
3061 4097 3114 4143 et
3143 4087 3378 4157 justitia:

1799 4181 2129 4235 mentionem
2153 4182 2391 4249 seipsum
2431 4179 2766 4234 audientium
2791 4179 3052 4248 appetitui
3075 4191 3382 4247 preponere

1805 4273 1938 4326 mihi
1963 4271 2232 4326 Dominus
2256 4270 2470 4324 videtur
2495 4290 2508 4324 :
2538 4270 2631 4339 qui
2663 4268 2839 4323 factus
2863 4276 2948 4323 est
2973 4268 3133 4322 nobis
3160 4267 3379 4336 sapien-

1810 4363 1886 4414 tia
1917 4377 1947 4414 a
1977 4362 2106 4426 Deo,
2142 4369 2194 4414 et
2221 4361 2454 4430 justitia,
2481 4367 2534 4414 et
2557 4360 2940 4421 sanctilicatio,
2966 4365 3020 4413 et
3049 4356 3377 4425 redemptio,

1811 4451 2106 4519 quinetiam
2139 4452 2296 4520 panis
2339 4449 2408 4504 de
2457 4450 2597 4504 caelo
2633 4449 2973 4504 descendens
3016 4453 3068 4502 et
3115 4461 3254 4515 aqua
3300 4445 3382 4498 vi-

1809 4557 1982 4596 veus:
2015 4556 2178 4611 quam
2211 4542 2362 4596 sitire
2393 4555 2515 4595 sese
2555 4539 2723 4593 David
2781 4539 2840 4592 in
2895 4535 3130 4607 quodam
3168 4534 3387 4604 psalmo

115 4633 250 4685 στὸν
283 4630 440 4682 τοῦτο
473 4631 572 4698 τῆς
609 4629 786 4698 ψυχῆς
813 4630 982 4692 πάθος
1011 4629 1087 4700 τῷ
1118 4631 1236 4700 Θεῷ
1261 4632 1608 4700 προσφέρων,
1645 4635 1683 4685 ἐι

1809 4627 2119 4692 conﬁtetur,
2153 4628 2298 4683 hunc
2329 4628 2548 4683 beatum
2586 4627 2838 4682 affectum
2879 4625 3072 4680 anima:
3111 4624 3218 4678 Deo
3245 4621 3381 4677 olle-

115 4722 202 4786 οἷς
231 4739 399 4792 φησιν
425 4737 437 4750 ’
474 4721 800 4788 Ἐδίψησεν
828 4723 865 4789 ἠ
894 4721 1062 4790 ψυχή
1087 4740 1206 4790 μου
1236 4722 1385 4790 πρὸς
1423 4723 1531 4777 τὸν
1560 4723 1708 4778 Θεὸν

113 4817 230 4868 edo-
262 4812 538 4881 ισχιφόν,
567 4812 674 4865 τὸν
715 4811 898 4872 ζῶντα
919 4830 932 4844 ·
961 4815 1105 4866 πότε
1143 4814 1272 4880 ἥξω
1298 4814 1398 4868 καὶ
1443 4815 1707 4884 ὀφθήσο-

115 4922 224 4974 μαι
255 4903 336 4968 τῷ
364 4901 662 4968 προσώπῳ
690 4902 795 4956 τοῦ
820 4903 1000 4967 Θεοῦ;
1023 4903 1124 4966 ’⁷ος
1159 4921 1247 4974 μοι
1269 4905 1418 4959 δοκεῖ
1455 4909 1520 4977 τῇ
1549 4907 1709 4961 δυνά-

123 5012 218 5064 μει
261 4992 355 5045 τοῦ
405 4992 719 5062 Πνεύματος
780 4995 1196 5062 προπαιδευθεὶς
1257 4995 1324 5048 τὰ
1390 4999 1707 5068 μεγαλοφυῆ

1815 4734 1942 4774 rens
1975 4720 2058 4774 his
2087 4719 2270 4774 verbis
2298 4737 2310 4772 :
2341 4718 2522 4773 Silivit
2565 4719 2746 4771 anima
2779 4732 2894 4770 mea
2926 4715 2995 4769 ad
3031 4715 3192 4769 Deum
3229 4713 3382 4768 illum

1815 4811 2068 4876 validum,
2104 4811 2394 4876 viventem;
2441 4809 2650 4880 quando
2684 4809 2887 4862 ueniant
2921 4816 2970 4861 et
3017 4805 3276 4876 apparebo
3329 4805 3386 4860 in

1817 4915 2092 4974 conspectu
2136 4904 2236 4959 Dei
2271 4905 2360 4957 "?
2398 4903 2500 4970 Qui
2541 4903 2703 4956 David
2751 4900 2884 4954 mihi
2927 4899 3141 4954 videtur
3189 4897 3386 4952 virtute

1822 4996 2177 5068 Spiritushas
2206 4996 2524 5066 magniﬁcas
2559 4994 2770 5049 Domini
2805 4993 3084 5047 doctrinas
3108 4990 3220 5060 jam
3258 4995 3390 5042 ante

117 5085 300 5138 ταῦτα
354 5083 448 5136 τοῦ
503 5084 707 5153 Κυρίου
758 5085 1083 5156 διδάγματα,
1111 5086 1207 5138 καὶ
1258 5090 1356 5155 τὴν
1396 5087 1682 5158 πλησμονὴ

1812 5089 2065 5154 edoctus,
2097 5089 2262 5142 etiam
2285 5088 2648 5157 expletionem
2676 5084 2944 5154 ejusmodi
2973 5082 3244 5152 appetitus
3276 5081 3384 5136 sibi

119 5178 224 5244 τῆς
257 5175 511 5243 τοιαύτης
555 5174 786 5244 ὀρέξεως
813 5177 991 5246 ἑαυτῷ
1014 5180 1348 5248 προσειπεῖν.
1397 5178 1544 5248 Ἐγὼ
1581 5178 1712 5249 γὰρ,

125 5265 318 5334 φησιν,
339 5265 406 5317 ἐν
421 5263 778 5333 δικαιοσύνῃ
799 5265 1136 5336 ὀφθήσομαι
1157 5267 1237 5331 τῷ
1259 5269 1556 5336 προσώπῳ
1573 5283 1711 5334 σου,

124 5353 617 5424 χορτασθήσομαι
643 5355 714 5407 ἐν
737 5355 818 5420 τῷ
837 5356 1096 5424 ὀφθῆναί
1105 5375 1206 5426 μοι
1229 5357 1344 5425 τὴν
1363 5357 1550 5422 δόξαν
1573 5376 1709 5412 σου.

125 5447 280 5516 Αὕτη
305 5443 396 5499 οὖν
425 5448 541 5500 ὲστι
564 5449 704 5501 κατά
723 5465 784 5516 γε
807 5449 898 5502 τὸν
917 5449 1049 5519 ἐμὸν
1067 5451 1272 5521 λόγονῆ
1298 5449 1504 5521 ἀληθὴς
1520 5452 1707 5522 ἁρετὴ,

125 5539 189 5590 τὸ
220 5537 420 5606 ἀμιγὲς
451 5536 545 5590 τοῦ
595 5539 834 5609 χείρονος
878 5539 1082 5607 ἀγαθὸν
1107 5580 1120 5604 ,
1156 5541 1282 5612 περὶ
1319 5540 1346 5593 ὃ
1383 5544 1490 5594 πᾶν
1534 5541 1712 5612 νόημα

201 5715 246 5746 ³¹
287 5713 432 5772 Psal.
473 5731 558 5769 xu
582 5757 596 5782 ,
627 5715 681 5770 5.
758 5717 802 5748 ⁸³
837 5711 982 5772 Psai.
1017 5729 1103 5770 xv:
1130 5757 1144 5784 ,
1180 5715 1268 5770 15.

1812 5178 2146 5248 praedixisse.
2197 5176 2312 5247 Ego
2360 5180 2529 5242 enim,
2569 5177 2766 5245 inquit,
2803 5175 3090 5240 iniustitia
3124 5169 3386 5241 apparebo

1811 5269 1865 5322 in
1897 5277 2176 5336 conspectu
2211 5277 2320 5333 tuo,
2355 5268 2594 5321 satiabor
2627 5265 2846 5320 videndo
2874 5265 3100 5334 gloriam
3143 5271 3290 5314 tuam
3313 5261 3382 5313 ".

1816 5355 1942 5410 Haec
1976 5357 2162 5425 igitur,
2195 5365 2254 5410 ut
2278 5371 2396 5411 mea
2425 5355 2643 5425 quidem
2676 5355 2860 5423 opinio
2891 5352 3012 5417 fert,
3046 5365 3172 5406 vera
3207 5351 3388 5403 virtus

1817 5454 1920 5511 est,
1953 5447 2154 5502 bonum
2190 5448 2334 5517 quod
2372 5463 2494 5502 eum
2555 5447 2697 5500 maio
2730 5445 3048 5516 permistum
3104 5456 3214 5496 non
3277 5447 3388 5502 est,

1817 5538 1964 5594 circa
1994 5539 2139 5613 quod
2179 5540 2360 5596 omnis
2399 5539 2710 5594 intellectus
2741 5551 2952 5602 eorum,
2987 5549 3107 5606 quae
3145 5533 3206 5589 in
3249 5546 3398 5603 pun.
