3844 6224
499 348 632 400 ΙΕΞΠ

1683 350 1742 404 S.
1784 348 2106 404 CREGOBII
2146 348 2439 404 NYSSENI

3624 341 3744 394 1253

493 458 809 508 stantinrem
846 464 1052 525 partem
1107 459 1472 526 accipiuntur,
1522 462 1951 530 deprehenditur
2007 470 2063 514 et

2170 463 2271 514 τῶν
2310 463 2444 533 πρὸς
2491 462 2554 514 τὸ
2598 464 2842 532 κρεῖττον
2873 458 3175 527 νοουμένων
3206 453 3705 522 καταλαμῦἀνεται
3734 469 3746 482 ·

492 547 795 616 percipitur
839 548 953 615 ipse
1008 548 1147 604 lleus
1187 548 1444 613 Verbum,
1492 551 1667 606 virtus
1721 571 1843 623 quae
1897 559 2066 612 cmlos

493 637 626 690 texit
650 679 665 701 ,
699 646 756 692 ιιι
791 637 1045 694 Hahacuc
1088 641 1341 709 exponit,
1392 656 1455 694 ac
1493 653 1638 696 recte
1675 647 1766 713 qui
1803 648 1941 701 hanc
1974 649 2063 704 Dei

491 727 759 792 justitiam
788 729 1073 792 esuriant,
1124 730 1263 786 beati
1292 732 1628 800 iudicantur.
1669 734 1802 790 Nam
1860 755 2064 802 revera,

498 817 588 882 qui
613 815 898 872 Dominum
925 822 1155 891 gustavit
1184 846 1211 890 ,ς
1244 835 1302 878 ιιι
1336 826 1636 895 psaltnodia
1686 829 1818 881 dicit
1843 831 1910 892 ",
1966 833 2067 883 hoc

495 914 603 970 est,
640 912 731 978 qui
769 908 822 960 in
851 925 972 962 sese
1014 910 1179 964 Deum
1238 914 1464 983 recepit,
1520 916 1768 986 expletur
1805 933 1872 971 eo
1921 920 2065 988 quod

495 1005 550 1049 et
580 998 771 1060 sitivit,
806 1006 859 1052 et
883 1001 1134 1065 esurivit,
1169 1003 1321 1071 juxta
1355 1005 1771 1074 promissionem
1800 1009 1939 1075 ejus,
1973 1011 2064 1078 qui

495 1088 670 1142 dixit:
706 1088 818 1160 Ego
873 1099 924 1146 et
953 1091 1119 1147 Pater
1162 1097 1446 1158 veniemus,
1486 1109 1534 1153 et
1569 1101 1890 1154 mansionem
1929 1101 2067 1168 apud

493 1192 613 1232 eum
643 1177 898 1245 faciemus
921 1180 989 1243 ",
1014 1181 1290 1246 videlicet,
1321 1183 1529 1254 Spiritu
1566 1197 1763 1243 sancto
1796 1189 1950 1258 prius
1984 1190 2070 1243 iu-

500 1271 798 1326 habitante.
835 1272 912 1326 Ita
943 1273 1075 1327 mihi
1113 1274 1327 1329 videtur
1355 1277 1519 1330 etiam
1550 1293 1778 1346 magnus
1806 1279 1895 1334 ille
1923 1277 2068 1333 Pau-

499 1359 601 1423 lus,
633 1360 725 1429 qui
759 1375 994 1418 arcanos
1034 1361 1158 1418 illos
1204 1364 1442 1432 paradisi
1497 1364 1709 1420 fructus
1742 1367 2066 1437 degustavit,

496 1461 545 1503 et
583 1451 777 1520 plenus
809 1467 999 1508 eorum
1039 1469 1161 1526 quae
1180 1457 1438 1524 gustavit,
1486 1466 1539 1511 et
1581 1473 1795 1526 semper
1821 1460 2070 1514 esuriens

495 1554 642 1596 esse.
674 1538 888 1595 Etenim
932 1543 1200 1612 repletum
1258 1561 1318 1599 se
1342 1561 1465 1601 esse
1492 1546 1633 1614 ejus,
1671 1549 1816 1617 quod
1855 1550 2070 1605 deside-

499 1627 742 1693 rabatur,
776 1629 1000 1696 fatetur,
1043 1633 1173 1688 dum
1209 1633 1382 1690 dicit:
1452 1635 1583 1690 Vivit
1637 1647 1815 1692 autem
1879 1640 1933 1693 in
1989 1657 2070 1695 me

498 1718 742 1776 Christus
765 1723 830 1788 ",
863 1730 918 1777 et
947 1730 1206 1794 tanquam
1234 1727 1504 1793 esuriens,
1532 1743 1746 1798 semper
1782 1731 2071 1798 praeteritis

498 1811 719 1866 omissis
749 1813 816 1866 ad
851 1814 1111 1868 ulteriora
1137 1817 1362 1884 aspirat.
1395 1817 1527 1871 dum
1562 1819 1698 1873 dicit
1725 1834 1741 1874 :
1776 1819 1900 1876 Non
1927 1823 2068 1891 quod

493 1902 608 1968 jam
633 1904 878 1970 ceperim,
919 1913 1012 1957 aut
1048 1905 1169 1977 jam
1194 1909 1454 1976 perfectus
1493 1911 1632 1970 sint;
1683 1928 1839 1966 curro
1871 1925 2066 1980 autent,

500 2002 554 2044 ut
591 2009 863 2062 assequar,
888 2005 936 2048 et
963 1997 1399 2064 comprehendam
1426 2001 1488 2054 ".
1516 1999 1684 2056 Detur
1709 2003 1853 2058 enim
1885 2005 2066 2068 nobis,

502 2093 560 2135 nt
612 2082 678 2136 ad
737 2083 1023 2139 arbitrium
1076 2100 1324 2142 nostrum
1387 2091 1590 2161 aliquid
1625 2095 1856 2164 exempli
1897 2098 2070 2162 gratia

497 2188 625 2228 esse
655 2173 926 2239 dicamus,
957 2177 1104 2245 quod
1141 2179 1195 2232 in
1223 2194 1407 2235 rerum
1438 2191 1632 2236 natura
1664 2201 1771 2239 non
1815 2186 2066 2248 habetur.

499 2264 967 2328 Quemadmodum
1024 2269 1168 2322 enim
1224 2269 1280 2324 in
1334 2272 1581 2326 sensibili
1622 2275 1764 2334 cibo.
1825 2277 1872 2331 si
1938 2278 2071 2332 nihil

497 2373 711 2418 eorum,
746 2373 867 2427 qua:
903 2359 1225 2415 nutrimenti
1283 2375 1450 2417 causa
1504 2374 1814 2428 sumuntur,
1851 2382 1948 2435 pro
1977 2384 2072 2422 ex-

498 2457 778 2502 cremento
833 2449 1146 2516 ejiceretur,
1208 2451 1302 2507 sed
1361 2461 1533 2510 totum
1589 2456 1655 2509 ad
1711 2456 2067 2526 adjectionem

500 2551 775 2606 corporeae
804 2539 1150 2609 proceritatis
1180 2551 1576 2606 assumeretur,
1609 2547 1929 2614 quotidiana
1969 2565 2073 2604 nu-

500 2628 757 2682 trituento
814 2643 911 2699 per
965 2644 1088 2686 sese
1136 2634 1439 2702 adaugente
1497 2636 1952 2704 magnitudinem,
2012 2639 2068 2694 in

502 2717 727 2772 inultam
767 2721 1152 2787 proceritatem
1186 2736 1420 2792 corpora
1451 2737 1835 2782 excrcscerent
1876 2737 1931 2784 et
1984 2740 2064 2784 at.

501 2808 860 2874 tollerentur;
893 2809 1082 2865 itidem
1112 2811 1204 2864 illa
1231 2812 1465 2881 justitia,
1501 2823 1558 2870 et
1593 2818 1774 2872 omnis
1803 2835 1908 2874 una
1943 2836 2067 2876 cum

500 2911 562 2947 ea
593 2897 791 2960 virtus,
819 2900 1080 2968 quoniam
1113 2901 1411 2958 secundum
1437 2920 1584 2968 eum,
1616 2909 1708 2976 qui
1740 2917 1920 2964 mente
1955 2926 2070 2980 per-

500 2987 727 3054 cipitur,
763 2988 815 3042 in
845 2989 952 3043 cibi
986 2989 1206 3044 modum
1241 3003 1481 3048 comesta
1526 3010 1634 3049 non
1670 2999 1929 3066 egeritur,
1988 3001 2068 3052 al-

501 3077 670 3130 tiores
730 3093 943 3148 semper
999 3094 1098 3149 per
1152 3095 1273 3136 sese
1319 3084 1708 3154 participantes
1758 3088 1941 3149 emcit,
1981 3090 2064 3143 sui

501 3178 715 3232 semper
741 3165 1045 3235 adjectione
1085 3170 1514 3239 magnitudinem
1545 3187 1769 3242 augens.
1799 3174 2067 3242 Quocirca

500 3253 546 3307 si
581 3267 610 3305 a
657 3255 815 3309 nobis
873 3255 1149 3312 intellecta
1187 3267 1272 3314 est
1333 3261 1422 3314 illa
1469 3262 1626 3317 beata
1676 3264 1867 3328 fames,
1919 3269 2068 3322 omni

501 3343 820 3399 vitiositatis
867 3347 1221 3402 redundantia
1263 3367 1356 3419 per
1389 3354 1649 3406 vomitum
1681 3356 1903 3422 rejecta,
1938 3375 2069 3414 esu-

504 3433 708 3487 riamus
734 3435 1001 3502 justitiam
1057 3438 1173 3504 Dei,
1203 3449 1260 3494 ut
1293 3442 1455 3494 etiam
1503 3445 1567 3496 ad
1622 3448 1981 3514 expletionetn
2013 3458 2067 3502 et

2167 554 2328 615 αὐτὸς
2347 555 2374 604 ὁ
2394 553 2524 616 Θεὸς
2542 553 2780 622 Λόγος.
2808 553 2934 614 τοὺς
2954 549 3215 621 οὐρανοὺς
3230 547 3531 614 καλύψασα
3561 544 3749 613 ἁρετὴ.

2167 643 2391 705 καθὼςὸ
2426 643 2743 713 Ἀμὸακοὺμ
2765 639 3225 710 διεξέρχεται,Μί
3252 636 3437 699 καλῶς
3462 637 3515 687 oi
3546 634 3753 702 ταύτην

2165 733 2260 785 τοῦ
2275 733 2406 786 Θεοῦ
2434 733 2533 802 τὴν
2562 732 2905 802 δικαιοσύνην
2926 731 3236 793 πεινῶντες,
3253 727 3750 799 ἓμακαρίσθησαοι.

2167 823 2257 892 Τῷ
2288 824 2400 876 om
2427 824 2536 894 γὰρ
2577 829 2612 879 ό
2658 821 3029 892 γευσάμενος
3058 823 3166 876 τοῦ
3215 821 3461 887 Ktmpt'ov.
3496 816 3694 878 καθὼς
3724 818 3752 884 ἡ

2166 915 2449 984 ψαλμῳδία
2470 915 2640 982 λέγει,
2672 914 2967 976 τουτέστιν,
3003 916 3033 966 ὁ
3062 916 3117 968 ἐν
3134 911 3309 982 ἐαυτῷ
3337 911 3649 979 δεξάμενος
3672 908 3756 959 τὶν

2167 1004 2299 1056 Θεὸν
2320 1045 2334 1067 ,
2366 1005 2577 1074 πλήρης
2606 1004 2813 1072 γίνεται
2840 1000 2900 1058 οὗ
2932 1003 3182 1072 ὲδίψησέν
3211 1019 3270 1054 τε
3308 1002 3403 1056 καὶ
3435 999 3752 1057 ἐπείνασεν,
3779 1070 3783 1072 γ

2169 1098 2309 1151 κατὰ
2355 1095 2451 1165 τὴν
2482 1097 2777 1166 ὑπόσχεσιν
2807 1097 2900 1149 τοῦ
2950 1095 3193 1158 εἰπόντος
3217 1110 3231 1124 ’
3260 1095 3342 1146 ὅτι
3397 1091 3549 1158 Ἐγὼ
3590 1090 3694 1143 καὶ
3726 1093 3755 1141 ὀ

2167 1183 2368 1252 Πατὴρ
2383 1185 2772 1256 ἐλευσόμεθα,
2796 1187 2893 1240 καὶ
2913 1186 3112 1256 μονὴν
3147 1186 3279 1253 παρ’
3305 1183 3473 1248 αὐτῷ
3495 1182 3756 1247 ποιήσε-

2166 1279 2402 1347 μεν,τοῦ
2433 1279 2589 1347 ἁγίου
2623 1279 2938 1350 Πνεύματος
2965 1279 3207 1349 δηλονότι
3229 1277 3526 1349 προενοική
3537 1292 3753 1335 σαντες.

2169 1369 2325 1422 Οὕτω
2354 1387 2443 1439 μοι
2466 1370 2614 1422 δοκεί
2639 1371 2732 1423 καὶ
2752 1371 2960 1432 Παῦλος
2988 1372 3014 1422 δ
3033 1369 3204 1439 μέγας
3227 1371 3255 1420 ὁ
3279 1367 3386 1420 τῶν
3415 1365 3756 1436 ἀπορρήτων

2169 1459 2390 1512 ἐκείνων
2430 1459 2657 1529 καρπῶν
2684 1458 2792 1510 τῶν
2821 1461 2885 1510 ἐκ
2915 1457 3009 1510 τοῦ
3061 1457 3386 1527 παραδείσου
3428 1453 3754 1523 ἀπογευεῖιὶ⁹

2173 1566 2352 1620 μενος,
2383 1549 2475 1601 καὶ
2518 1549 2730 1618 πλήρης
2762 1541 2840 1601 ὧν
2885 1546 3144 1614 ἐγεύσατο
3181 1542 3350 1604 εἶναι,
3381 1547 3482 1598 καὶ
3510 1545 3610 1596 ἀεὶ
3641 1561 3757 1594 πει-

2171 1642 2295 1697 νῶν.
2318 1639 2427 1694 Καὶ
2447 1638 2555 1709 γὰρ
2582 1637 2972 1708 πεπληρῶσθαι
3001 1637 3094 1689 τοῦ
3129 1635 3465 1706 ποθουμένου
3494 1633 3758 1703 ὁμολογεί

2171 1731 2372 1800 λέγων·
2413 1729 2498 1797 Ζιῇ
2524 1730 2590 1782 δὲ
2623 1731 2693 1783 ἐν
2722 1729 2850 1796 ἐμοὶ
2885 1729 3136 1795 Χριστός
3157 1745 3170 1757 ·
3197 1728 3289 1780 καὶ
3314 1726 3392 1788 ὡς
3435 1725 3651 1777 πεινῶν
3675 1725 3760 1776 αεὶ

2170 1825 2283 1884 τοίς
2325 1821 2630 1892 ἔμπροσθεν
2665 1819 3038 1873 ἐπεκτείνεται
3069 1818 3239 1884 λέγων
3262 1833 3275 1844 ·
3311 1818 3439 1884 Οὐχ
3488 1815 3586 1867 ὅτι
3641 1813 3756 1879 ἤδη

2171 1913 2393 1967 ἔλαϐον
2420 1912 2458 1979 ἢ
2492 1911 2607 1979 ἤδη
2661 1911 3066 1978 τετελείωμαι,
3097 1907 3286 1976 τρέχω
3319 1905 3387 1958 δὲ
3423 1907 3530 1958 ἵνα
3571 1921 3755 1956 κατα-

2169 2003 2349 2058 λάϐω.
2378 2002 2619 2056 Δεδόσθω
2651 2001 2760 2071 γὰρ
2809 2003 2942 2072 ἡμῖν
2970 2000 3090 2056 κατ’
3129 1999 3374 2066 ἐξουσίαν
3407 1994 3758 2055 ὑποθετικῶς

2171 2090 2310 2146 εἷναί
2330 2110 2383 2145 τι
2411 2092 2610 2161 λέγειν,
2629 2092 2658 2145 δ
2679 2094 2713 2162 ἡ
2743 2092 2905 2160 φύσις
2928 2092 3029 2144 οὐκ
3055 2091 3188 2161 ἔχει.
3224 2089 3495 2159 Καθάπερ
3523 2088 3643 2157 γὰρ
3668 2088 3757 2138 ἐπὶ

2170 2183 2271 2252 τῆς
2327 2183 2590 2252 αἰσθητῆς
2645 2181 2919 2253 βρώσεως,
2956 2181 3007 2233 εἰ
3043 2180 3210 2251 μηδὲν
3257 2180 3757 2248 περιττωματικῶς

2169 2274 2277 2326 τῶν
2316 2275 2395 2336 εἰς
2439 2274 2644 2344 τροφὴν
2685 2272 3108 2343 λαμϐανομένων
3151 2270 3469 2334 ἐξεποιείτο,
3509 2269 3653 2321 ἀλλὰ
3699 2268 3757 2318 τὸ

2169 2363 2290 2416 ὅλον
2336 2364 2417 2426 εἰς
2465 2364 2780 2434 προσθήκην
2816 2363 2912 2414 τοῦ
2962 2359 3273 2431 σωματικοῦ
3306 2359 3479 2428 ὕψους
3515 2359 3755 2428 ἀνελαμο

2171 2453 2397 2516 δάνετο,
2433 2455 2514 2515 είς
2548 2453 2680 2506 πολὺ
2709 2453 2774 2506 ἂν
2807 2451 2940 2521 ὕψος
2991 2449 3207 2521 ἐπήρθη
3236 2451 3310 2502 τὰ
3351 2449 3625 2518 σώματα,
3660 2451 3755 2514 τῆς

2171 2549 2292 2602 καθ’
2325 2551 2536 2620 ἡμέραν
2571 2549 2777 2618 τροφῆς
2801 2549 2867 2597 δι’
2897 2547 3094 2616 ἑαυτῆς
3125 2545 3470 2616 ἐπαυξούσης
3498 2545 3563 2596 τὸ
3596 2546 3752 2614 μέγε-

2171 2639 2262 2701 θος
2289 2655 2304 2669 ο
2335 2638 2507 2702 οὕτως
2551 2641 2585 2709 ἠ
2629 2638 2940 2707 δικαιοσύνη
2985 2639 3165 2707 ἐκείνη
3187 2675 3202 2699 ,
3230 2639 3325 2689 καὶ
3363 2638 3522 2708 πᾶσα
3553 2639 3590 2705 ἡ
3640 2636 3750 2703 μετ’

2170 2729 2339 2800 αὐτῆς
2368 2728 2568 2799 ἀρετὴ,
2597 2728 2784 2798 ἐπειδὴ
2817 2729 2916 2782 οὐκ
2953 2730 3251 2782 ἐκποιεῖται
3285 2728 3580 2798 ἐσθιομένη
3617 2726 3753 2777 κατᾶ

2167 2817 2259 2870 τὸν
2307 2818 2495 2886 νοητὸν
2538 2818 2638 2887 τῆς
2689 2817 2943 2887 βρώσεως
2994 2817 3212 2888 τρόπον,
3263 2817 3641 2886 ὑψηλοτέρους
3670 2817 3751 2866 ἀεὶ

2169 2910 2312 2960 ποιεῖ
2334 2907 2398 2960 δι’
2434 2908 2630 2977 ἑαυτῆς
2680 2909 2804 2970 τοὺς
2841 2907 3195 2977 μετέχοντας,
3229 2908 3466 2960 πάντοτε
3497 2911 3568 2977 τῇ
3624 2907 3751 2973 παρ’

2169 2999 2364 3066 ἑαυτῆς
2393 2997 2675 3068 προσθήκῃ
2701 2998 2763 3049 τὸ
2795 2998 3023 3066 μέγεθος
3052 2996 3308 3060 αὔξουσα.
3343 2998 3563 3050 Οὐκοῦν
3599 2998 3648 3048 εἰ
3677 3013 3752 3046 νε-

2169 3085 2354 3156 νόηται
2387 3088 2516 3157 ἡμῖν
2551 3088 2584 3158 ή
2619 3088 2930 3157 μακαριστὴ
2965 3089 3146 3148 πεῖνα,
3183 3089 3360 3140 πᾶσαν
3383 3088 3492 3157 τὴν
3517 3086 3632 3139 ἀπὸ
3654 3104 3750 3138 κα-

2173 3176 2299 3238 κίας
2339 3177 2631 3248 πληθώραν
2683 3178 2995 3247 ἐμέσαντες,
3032 3178 3374 3246 πεινάσωμεν
3406 3177 3510 3246 τὴν
3547 3178 3749 3230 δικαιο-

2176 3266 2339 3338 σύνην
2365 3268 2459 3321 τοῦ
2492 3269 2647 3334 Θεοῦ,
2677 3270 2765 3322 ἵνα
2790 3271 2883 3322 καὶ
2909 3272 2987 3332 εἰς
3029 3270 3342 3339 πλησμονὴν
3369 3271 3547 3339 αὐτῆς
3586 3270 3750 3322 ἔλθωσ

2177 3377 2293 3429 μεν,
2325 3361 2382 3412 ἐν
2403 3360 2618 3430 Χριστῷ
2656 3362 2828 3431 Ἰησοῦ
2860 3361 2940 3430 τῷ
2967 3363 3153 3432 Κυρίῳ
3185 3361 3362 3432 ἡμῶν,
3383 3355 3430 3428 ᾧ
3455 3364 3489 3432 ἡ
3519 3361 3653 3428 δόξα
3674 3363 3751 3424 si;

2173 3454 2297 3515 τοὺς
2323 3454 2522 3516 αἰῶνας
2549 3453 2654 3505 τῶν
2686 3453 2916 3506 αἰώνων.
2952 3455 3126 3523 Αμήν.

503 3528 808 3584 satietatem
851 3529 975 3596 ejus
1023 3531 1424 3602 perveniamus,
1458 3549 1554 3602 per
1607 3536 1886 3592 Christum
1940 3539 2127 3596 Jesum
2165 3542 2451 3596 Dominum
2490 3551 2762 3608 nostrum,
2795 3545 2882 3598 cui
2918 3545 3089 3613 gloria
3156 3545 3209 3597 in
3249 3544 3453 3600 art-cuia
3518 3547 3752 3600 saculo-

506 3630 646 3674 rum.
675 3615 862 3671 Amen.

1100 3731 1356 3790 οιιΑΤιο
1396 3736 1459 3791 ν.

506 3839 660 3896 Beati
716 3840 1111 3902 misericordes,
1177 3848 1425 3912 quoniam
1493 3847 1594 3914 ipsi
1649 3847 2072 3902 misericordiam

1059 3929 1433 3982 consequentur
1453 3917 1519 3971 ”.

576 3997 826 4053 Forsitan
858 4001 1060 4070 aliquid
1090 4004 1197 4058 tale
1243 4014 1328 4059 est
1355 4006 1405 4060 id
1452 4007 1598 4076 quod
1631 4023 1727 4078 per
1776 4009 2068 4078 quamdam

506 4089 768 4142 visionem
799 4087 966 4144 Jacob
1001 4107 1094 4160 per
1117 4094 1346 4163 aenigma
1381 4097 1607 4152 edoctus
1627 4106 1732 4159 est,
1773 4114 1900 4152 cum
1931 4115 2067 4154 sca—

506 4180 611 4238 Iam
644 4193 675 4232 a
706 4186 848 4232 terra
880 4180 946 4234 ad
991 4184 1335 4238 altitudinem
1393 4187 1520 4240 θα)ιί
1580 4191 1962 4256 pertinentem,
2013 4202 2068 4244 et

506 4268 672 4324 Deum
701 4284 864 4338 super
891 4286 953 4324 ea
987 4280 1220 4328 stantem
1257 4274 1480 4330 vidisset
1501 4277 1568 4339 ”,
1599 4278 1762 4346 quale
1808 4279 2066 4332 nimirum

505 4373 650 4417 nunc
677 4359 837 4413 etiam
863 4360 1019 4416 nobis
1047 4362 1298 4416 doctrina
1334 4364 1723 4421 beatitudinem
1757 4366 1915 4430 facit,
1942 4384 2066 4436 qua

505 4466 718 4516 semper
749 4450 815 4504 ad
849 4453 1198 4508 sublimiores
1223 4455 1531 4510 intellectus
1568 4473 1662 4525 per
1707 4473 1825 4512 eam
1875 4473 2064 4513 ascen-

505 4541 695 4596 dentes
719 4542 879 4609 erigit
903 4551 957 4596 et
982 4544 1212 4598 extollit.
1263 4542 1396 4596 Nam
1424 4552 1480 4599 et
1511 4545 1622 4598 illic
1651 4547 1848 4614 opinor
1896 4548 2062 4601 vitam

504 4644 626 4683 cum
657 4632 858 4684 virtute
888 4632 1237 4698 conjunctam
1296 4635 1622 4701 patriarcha!
1677 4652 1774 4705 per
1828 4638 2064 4705 speciem

505 4718 666 4772 scalae
711 4718 887 4787 eiiiugi
930 4728 1093 4786 atque
1123 4720 1431 4783 informari,
1469 4730 1610 4778 utet
1648 4724 1764 4792 ipse
1808 4725 2064 4787 disceret,

502 4815 557 4856 et
602 4809 838 4874 posteris
877 4808 1113 4862 traderet
1166 4810 1314 4878 quod
1371 4811 1530 4865 aliter
1584 4813 1648 4868 ad
1710 4812 1876 4868 Deum
1931 4815 2066 4884 erigi

504 4907 667 4964 utque
696 4897 882 4950 extolli
915 4913 1020 4951 non
1051 4899 1199 4962 licet,
1237 4901 1343 4955 nisi
1375 4904 1500 4970 quis
1556 4919 1770 4970 semper
1829 4921 2065 4974 superna

502 4994 826 5039 contineatur
855 5002 918 5042 ac
948 4998 1174 5055 spectet,
1208 5005 1270 5044 ac
1333 4992 1649 5046 sublimium
1701 5010 1882 5048 rerum
1915 4995 2067 5051 desi-

501 5073 656 5127 derio
690 5077 988 5130 continenti
1021 5087 1285 5143 teneatur,
1323 5090 1382 5134 ut
1424 5098 1530 5135 non
1566 5093 1852 5140 contentus
1897 5085 1970 5139 sit
2015 5086 2069 5140 in

506 5163 598 5224 iis,
630 5179 750 5231 quae
783 5173 930 5223 ret-te
957 5166 1070 5235 jam
1108 5168 1318 5230 fecerit,
1355 5178 1408 5224 et
1437 5182 1767 5227 consecutus
1800 5174 1892 5239 sit,
1950 5189 2068 5228 ma-

507 5266 656 5312 nere.
693 5253 784 5305 sed
813 5253 866 5306 in
907 5253 1107 5310 damno
1140 5266 1304 5324 ponat
1357 5259 1402 5313 si
1443 5261 1727 5329 superiora
1768 5277 1874 5315 non
1905 5263 2070 5316 attin-

505 5348 595 5407 gat
629 5349 683 5394 et
717 5353 1062 5412 assequatur.
1098 5345 1160 5398 Et
1191 5348 1279 5402 hic
1325 5349 1487 5417 igitur
1519 5351 1748 5406 aliarum
1796 5352 1932 5406 alius
1964 5368 2061 5408 ex-

506 5430 827 5496 tipieutiutn
887 5433 1286 5489 beatitudinum
1352 5438 1581 5492 altitudo
1631 5439 1810 5504 cilicit,
1847 5448 1904 5494 ιιι
1957 5442 2058 5510 ipsi

580 5603 624 5633 ἰ
665 5602 807 5723 Ιδεῗέ).
841 5621 1041 5673 xxxut,
1079 5611 1130 5664 9.
1207 5610 1250 5642 "
1287 5609 1440 5663 .lnan.
1474 5625 1584 5673 xw,
1619 5610 1708 5672 25.

587 5685 693 5723 riu.
768 5708 816 5723 ...

508 5685 693 5735 “ut”,
736 5685 816 5724 12.

1784 5611 1829 5641 ⁸⁸
1867 5611 1985 5666 Gal.
2022 5627 2092 5677 tt,
2122 5613 2210 5666 20.

2791 3741 3007 3794 ΛΟΓΟΣ
3048 3742 3125 3796 Ε’.

2168 3851 2454 3919 Μακάριοι
2491 3853 2546 3904 οι
2596 3852 2936 3922 ἐλεήμονες,
2966 3854 3056 3908 ὅτι
3083 3854 3253 3909 αὐτοὶ
3283 3857 3746 3928 ἐλεηθήσονται.

2238 4006 2390 4074 Τάχα
2431 4023 2485 4058 τι
2531 4007 2769 4061 τοιοῦτόν
2810 4011 2978 4072 ἐστιν,
3012 4010 3040 4062 ὃ
3083 4010 3172 4064 διά
3228 4029 3373 4075 τινος
3427 4012 3700 4079 ὀπτασίας
3724 4020 3748 4069 ὁ

2179 4094 2372 4149 Ἰακὼϐ
2413 4097 2482 4148 δι’
2505 4097 2822 4167 αἰνίγματος
2864 4101 3174 4171 ἐπαιδεύθη,
3200 4101 3446 4172 κλίμακα
3486 4104 3615 4160 ἰδὼν
3647 4109 3748 4161 ἀπὸ

2165 4187 2270 4256 γῆς
2323 4187 2416 4239 ἐπὶ
2453 4187 2514 4240 τὸ
2544 4188 2791 4259 οὐράνιον
2829 4190 2961 4260 ὕψος
3009 4191 3322 4261 διήκουσαν,
3367 4195 3462 4247 καί⁵
3489 4198 3586 4250 τὸν
3621 4198 3750 4250 Θεὸν

2167 4277 2252 4328 ἐπ’
2279 4276 2448 4345 αὐτῆς
2477 4278 2891 4347 ἐστηριγμένον,
2937 4275 3047 4332 οἷον
3072 4280 3136 4351 δὴ
3168 4281 3264 4334 νῦν
3296 4283 3391 4335 καὶ
3431 4285 3628 4356 ήμίνή
3666 4286 3749 4339 διὰ

2167 4365 2275 4418 τῶν
2304 4367 2668 4437 μακαρισμίἱω
2699 4369 3016 4424 διδασκαλία
3051 4375 3210 4433 ποιεῖ,
3233 4372 3320 4425 ἀεὶ
3344 4375 3484 4444 πρὸς
3515 4377 3588 4428 τὰ
3617 4378 3746 4446 ὕψη-

2167 4456 2360 4526 λότερα
2404 4456 2513 4508 τῶν
2555 4457 2843 4527 νοημάτων
2889 4462 3015 4523 τοὺς
3045 4461 3112 4513 δι’
3150 4463 3320 4532 αὐτῆς
3353 4465 3614 4530 ἀνιόντας
3658 4470 3746 4519 ἐπ-

2167 4547 2416 4616 αίρουσα.
2437 4549 2546 4600 Καὶ
2566 4548 2674 4617 γὰρ
2703 4551 2819 4600 ἐκεῖ
2835 4550 2912 4618 τῷ
2939 4552 3253 4624 πατριάρχῃ
3273 4553 3365 4606 τὸν
3395 4556 3518 4608 κατ’
3550 4558 3744 4627 ἀρετὴν

2163 4630 2315 4704 οἶμαι
2347 4635 2460 4704 βίον
2491 4635 2568 4706 τῷ
2612 4637 2740 4690 εῖδει
2769 4639 2868 4707 τῆς
2910 4638 3172 4710 κλίμακος
3210 4642 3614 4698 διατυποῢσθαι
3638 4686 3653 4710 ,
3677 4648 3744 4709 ὡς

2163 4725 2229 4778 ἂν
2260 4727 2419 4790 αὑτός
2457 4745 2514 4782 τε
2549 4726 2710 4796 μάθοι
2740 4730 2833 4784 καὶ
2878 4733 2990 4789 τοῖς
3035 4733 3150 4800 μετ’
3180 4733 3340 4785 αὐτὸν
3377 4735 3741 4806 ὑφηγήσαιτο,

2163 4815 2244 4866 ὅτι
2274 4817 2374 4870 οὐκ
2401 4816 2546 4868 ἔστιν
2573 4818 2746 4881 ἄλλως
2773 4820 2908 4890 πρὸς
2947 4820 3035 4874 τὸν
3070 4821 3201 4873 Θεὸν
3229 4824 3536 4892 ὑψωθῆναι,
3565 4829 3641 4898 μη
3666 4830 3743 4881 ἀεὶ

2165 4906 2298 4975 πρὸς
2323 4907 2390 4958 τὰ
2421 4906 2531 4960 ἄνω
2566 4908 2853 4976 βλέποντα,
2889 4912 2981 4962 καὶ
3021 4911 3120 4980 τὴν
3165 4913 3273 4965 τῶν
3304 4914 3530 4984 ὑψηλῶν
3564 4919 3744 4971 ἐπιθυ-

2170 4993 2297 5062 μίαν
2336 4993 2566 5063 ἄληκτον
2611 4995 2822 5064 ἔχοντα,
2869 4998 2944 5060 ὡς
2988 4999 3062 5068 μὴ
3097 5001 3314 5070 ἀγαπᾷν
3360 5005 3455 5056 ἐπὶ
3486 5006 3601 5057 τῶν
3651 5009 3738 5076 ἤδη

2167 5083 2620 5154 κατορθωθέντων
2653 5087 2868 5156 μένειν,
2917 5088 3051 5140 ἀλλὰ
3101 5089 3301 5158 ζημίαν
3354 5096 3667 5159 musis-ﬁat,
3701 5101 3739 5149 εἰ

2164 5173 2260 5228 τοῦ
2284 5173 2682 5243 ὑπερκειμένου
2719 5176 2793 5246 μὴ
2824 5176 3041 5244 ἅψαιτο.
3087 5180 3194 5231 Καὶ
3227 5180 3462 5235 ἐνταῦθα
3489 5180 3587 5237 οὖν
3625 5187 3741 5254 ὖζκ

2166 5262 2274 5315 τῶν
2300 5263 2386 5316 ἐπ’
2408 5264 2652 5334 ἀλλήλων
2695 5268 3053 5336 μακαρισμῶν
3083 5270 3232 5338 αὐτῴ
3261 5277 3654 5341 προσεγγίζειν
3676 5277 3739 5345 τῷ

2167 5351 2288 5422 Θεῷ
2331 5354 2763 5424 παρασκευάζει,
2787 5356 2864 5426 τῷ
2892 5357 3107 5428 ἀληθῶς
3139 5363 3415 5432 μακαρίῳ,
3444 5366 3543 5418 καὶ
3575 5367 3739 5433 πάσης

2167 5441 2616 5514 επσηριγμένῳ
2667 5445 3088 5516 μακαριότητος.
3139 5448 3362 5514 Πάντως
3424 5453 3519 5516 δὲ,
3558 5454 3635 5518 ὡς
3677 5455 3740 5523 τῷ

2307 5615 2348 5648 ³⁷
2392 5613 2622 5684 Philipp.
2662 5631 2756 5681 ιιι,
2799 5619 2878 5672 l5.

2966 5621 3009 5650 "
3050 5619 3236 5675 Matth.
3273 5638 3342 5689 γ,
3381 5621 3436 5676 7.
3531 5625 3582 5657 ⁹⁹
3614 5626 3735 5680 Gen.
