3844 6224
119 343 278 396 12‘19

1203 343 1288 394 DE
1329 337 1926 396 BEATITUDINIBUS.
1967 335 2223 392 ORATIO
2269 335 2331 389 Υ.

3253 331 3390 388 issu

121 456 292 526 σοφῷ
323 456 413 510 διά
447 456 664 525 σοφίας,
711 457 804 510 καὶ
845 457 935 509 διὰ
975 457 1346 526 καθαρότητος
1377 457 1454 526 τῷ
1495 455 1718 527 καθαρῷ

1847 457 1932 508 )eo
1982 453 2486 522 appropinquetur,
2541 448 2634 518 qui
2683 463 2812 504 vere
2865 449 3055 506 beatus
3111 459 3165 504 et
3223 465 3390 518 super

121 547 614 617 προσεγγίζομεν,
648 545 788 602 οὕτω
832 551 922 601 καὶ
972 549 1048 618 τῷ
1087 551 1336 619 μακαρίῳ
1358 551 1445 602 διὰ
1475 549 1574 614 τῆς
1601 547 1720 602 ὀδοῦ

117 641 248 692 τῶν
296 637 662 710 μακαρισμᾶη
690 638 1055 708 οἰκειούμεθα.
1089 637 1222 690 Θεοῦ
1258 639 1366 708 γὰρ
1403 639 1478 700 ὡς
1511 639 1724 708 άληθῶς

125 729 274 780 ἴδιον
319 729 354 797 ἡ
393 731 729 797 μακαριότης
763 727 940 778 ἐστίν·
978 727 1056 777 διὸ
1087 727 1179 778 καὶ
1228 725 1618 794 ὲπεστηρίχθαι
1657 726 1722 793 τῇ

125 819 370 889 τοιαύτῃ
415 819 641 886 κλίμακι
695 820 722 870 6
769 817 960 868 Ἰακὼό
1005 817 1094 868 τὸν
1135 817 1266 868 Θεὸν
1307 817 1622 884 διηγήσατο.
1662 815 1726 866 Ἢ

129 905 236 962 οὖν
263 909 375 960 τῶν
401 906 764 978 μακαρισμῶν
798 906 1054 975 μετουσία
1085 905 1234 958 οὐδὲν
1259 904 1405 965 ἀλλο,
1435 906 1481 956 εί
1511 903 1584 971 μὴ
1607 903 1723 954 θεό-

127 1015 306 1068 τητος
333 997 582 1050 κοινωνία
625 997 760 1056 ἐστὶ,
807 995 942 1064 πρὸς
973 995 1040 1065 ἣν
1084 997 1230 1064 ἡμᾶς
1258 995 1446 1062 ἀνάγει
1489 994 1578 1047 διὰ
1613 993 1721 1046 τῶν

131 1089 452 1159 λεγομένων
471 1091 500 1141 ὁ
524 1087 744 1157 Κύριος.

217 1439 378 1490 Δοκεῖ
405 1431 497 1490 οῦν
539 1453 628 1506 μοι
649 1434 912 1486 θεοποιεῖν
941 1434 1142 1504 τρόπον
1175 1435 1298 1488 τινά
1327 1433 1414 1486 διὰ
1435 1435 1533 1503 τῆς
1557 1437 1634 1497 εἰς
1666 1434 1728 1486 τὸ

135 1528 442 1581 ἀκόλουθον
471 1529 836 1598 προκειμένης
868 1525 960 1578 τοῦ
993 1525 1342 1596 μακαρισμοῦ
1377 1527 1722 1596 ὑφηγήσεως,

137 1619 242 1670 τὸν
283 1616 547 1670 ἀκούοντά
574 1633 630 1670 τε
675 1617 767 1670 καὶ
816 1617 1062 1670 συνιέντα
1101 1617 1194 1670 τοῦ
1239 1616 1726 1683 λόγου.Μακάριοι

1821 559 2034 597 omnem
2075 542 2464 596 beatitudinem
2521 539 2856 594 constitutus
2905 549 2960 594 et
2999 543 3247 595 tirmatus
3279 549 3386 594 est.

1821 633 2054 687 Prorsus
2085 639 2286 692 autem,
2323 639 2382 682 ut
2431 630 2660 697 sapienti
2689 643 2785 698 per
2821 632 3150 699 sapientiam
3195 637 3250 684 et
3297 647 3392 700 per

1825 727 2117 794 puritatem
2153 737 2290 790 puro
2321 722 2845 790 appropinquamus,
2877 723 2952 774 ita
2981 721 3140 776 beato
3169 737 3390 792 qucque

1825 829 1919 882 per
1949 814 2090 865 viam
2131 811 2532 866 bealltmlinutn
2559 811 2936 864 conciliamur.
2979 810 3072 864 Dei
3106 809 3250 865 enim
3307 827 3392 865 re-

1811 920 1954 957 .vera
1993 904 2212 972 propria
2251 901 2528 955 beatitudo
2558 909 2643 956 est
2672 921 2683 955 :
2713 905 3065 970 quamobrem
3097 904 3260 956 etiam
3299 903 3392 956 Ja-

1827 995 1930 1048 cob
1961 1009 2126 1063 super
2151 994 2422 1061 ejusmodi
2449 995 2649 1048 scalam
2679 993 2846 1048 Deum
2881 996 3098 1050 stetisse
3128 997 3391 1048 narravit.

1831 1086 2380 1154 lgiturparticipatio
2435 1085 2829 1139 beatitudinum
2893 1085 3026 1138 nihil
3079 1094 3165 1140 est
3221 1087 3392 1149 aliud,

1825 1177 1928 1228 nisi
1963 1175 2192 1230 Deitatis
2226 1177 2692 1230 communicatio:
2735 1175 2800 1228 ad
2831 1190 2994 1245 quam
3031 1191 3127 1245 per
3153 1191 3238 1242 ea,
3270 1191 3395 1245 quae

1823 1268 2108 1330 dicuntur,
2141 1266 2403 1321 Dominus
2435 1281 2535 1322 nos
2569 1267 2848 1320 subducit.

1895 1439 2122 1495 Videtur
2147 1453 2278 1509 ergo
2309 1439 2442 1492 mihi
2473 1452 2568 1507 per
2593 1453 2733 1498 eam,
2767 1454 2887 1506 quae
2921 1438 2985 1490 ad
3043 1453 3392 1509 consequen-

1831 1532 1962 1584 tiam
1999 1531 2278 1600 proposita
2309 1537 2416 1592 est,
2443 1529 2797 1582 beatitudinis
2821 1531 3237 1597 expositionem,
3289 1531 3393 1582 ali-

1831 1635 1942 1689 quo
1969 1621 2130 1674 modo
2160 1617 2328 1673 Deum
2363 1618 2544 1672 facere
2570 1633 2718 1680 eum,
2754 1619 2844 1687 qui
2871 1627 2926 1672 et
2980 1620 3166 1672 audiat
3221 1627 3275 1673 et
3315 1621 3401 1672 in-

139 1711 280 1780 γὰρ,
307 1712 490 1780 φησὶν,
522 1713 574 1762 οἱ
598 1709 940 1776 ἐλεήμονες,
968 1707 1054 1760 ὅτι
1077 1707 1246 1762 αὐτοὶ
1273 1706 1726 1772 ἐλεηθήσονται.

1843 1712 2037 1780 lelligat
2065 1724 2393 1764 sermonem.
2441 1707 2594 1761 Beati
2629 1709 2796 1773 enim,
2846 1709 3044 1778 inquit,
3103 1711 3404 1763 misericor-

141 1797 288 1854 Οἶδα
337 1800 605 1868 πολλαχοῦ
643 1801 742 1868 τῆς
781 1798 930 1862 θείας
963 1799 1217 1870 Γραφῆς,
1243 1798 1319 1867 τῷ
1361 1799 1584 1867 ὀνόματι
1635 1796 1728 1850 τοῦ

141 1893 443 1960 ἐλεήμονος
488 1892 613 1953 τοὺς
670 1890 856 1959 ἁγίους
899 1891 1096 1958 ἄνδρας
1147 1889 1246 1960 τὴν
1298 1889 1450 1941 θείαν
1503 1889 1730 1958 δύναμιν

141 1982 666 2051 προσκαλουμένους
687 1999 699 2010 ·
737 1981 908 2044 οὑτως
939 1983 968 2034 6
993 1979 1158 2033 Aa6‘t6
1181 1981 1239 2032 ὲν
1267 1983 1385 2042 ταῖς
1409 1980 1726 2048 ὑμνῳδίαις·

139 2072 327 2135 οὕτως
375 2073 558 2134 Ἰωνᾶς
595 2073 652 2124 ἐν
676 2073 742 2141 τῇ
772 2070 892 2123 καθ’
921 2070 1112 2123 ἑαυτὸν
1145 2069 1450 2140 προφητείᾳ
1470 2086 1482 2098 ·
1507 2067 1678 2130 οὕτως
1705 2070 1734 2120 ό

147 2163 332 2231 μέγας
360 2163 599 2231 Μωῦσῆς
629 2163 686 2214 ἐν
731 2161 943 2224 πολλοῖς
963 2161 1064 2230 τῆς
1085 2161 1403 2230 νομοθεσίας
1431 2160 1736 2229 κατανομά-

141 2253 236 2317 ζει
254 2253 504 2306 τὸθεῖον.
537 2252 602 2304 Εἰ
648 2247 741 2304 οὖν
778 2251 1060 2322 πρέπουσα
1081 2251 1158 2320 τῷ
1187 2251 1306 2320 Θεῷ
1335 2253 1368 2321 ἡ
1397 2250 1736 2321 προσηγορία

142 2341 246 2395 τοῦ
273 2343 565 2410 ὲλεήμονος
589 2357 602 2370 ·
621 2341 673 2393 τί
693 2341 818 2394 ἄλλο
845 2342 938 2393 καὶ
963 2341 1086 2410 οὐχὶ
1111 2339 1233 2394 θεόν
1263 2358 1322 2392 σε
1350 2340 1735 2408 προσκαλεῖται

143 2433 408 2499 γενέσθαι
432 2434 460 2484 6
486 2431 660 2497 λόγος,
687 2432 848 2483 οἱονεὶ
879 2429 1229 2501 μορφωθὲντα
1251 2429 1329 2500 τῷ
1359 2433 1460 2499 τῆς
1487 2431 1735 2498 θεότητος

147 2523 444 2592 ianthina;
479 2524 540 2574 Εί
561 2523 668 2592 γὰρ
699 2522 946 2591 ἐλεήμων
968 2523 996 2574 6
1026 2521 1158 2583 Θεὸς
1190 2522 1339 2590 παρά
1362 2523 1458 2590 τῆς
1483 2521 1736 2573 θεοπνεύ-

147 2636 281 2671 στου
313 2618 532 2687 Γραφῆς
557 2617 879 2687 ὀνομάζεται
909 2634 922 2648 ·
956 2617 1016 2668 τὸ
1044 2617 1100 2670 δὲ
1138 2617 1350 2686 άληθῶς
1383 2616 1734 2688 μακαριστὸν,

145 2713 184 2777 ἡ
226 2709 416 2778 θεότης
452 2703 566 2760 sui
591 2723 604 2738 ·
633 2707 861 2778 φανερὸν
889 2705 954 2759 ἀν
1003 2707 1088 2776 εἴη
1115 2707 1175 2760 τὸ
1201 2709 1266 2760 ὲκ
1298 2706 1392 2760 τοῦ
1446 2706 1736 2759 ἀκολούθου

147 2797 560 2866 νοούμενον,ὃτι
591 2795 692 2849 κᾶν
713 2796 997 2866 ἄνθρωπός
1017 2813 1100 2858 τις
1121 2795 1195 2847 ὢν
1221 2796 1466 2866 ἐλεήμων
1493 2796 1736 2864 γένηται,

149 2889 254 2958 τῆς
283 2887 434 2950 θείας
477 2887 721 2951 ἀξιοῦται
756 2889 1172 2957 μακαριότητος,
1212 2887 1270 2938 ὲν
1295 2888 1487 2956 ἐκείνῳ
1517 2888 1739 2958 γενόμε-

149 2995 270 3040 νος,
302 2970 346 3043 ᾧ
379 2976 438 3028 τὸ
461 2976 612 3031 Θεῖον
639 2977 1084 3048 κατονομάζεται.
1134 2977 1439 3046 Ἐλεήμων
1469 2982 1502 3031 ό
1525 2981 1740 3046 Κύριος

1831 1801 1944 1864 des,
1991 1801 2242 1868 quoniam
2265 1801 2366 1868 ipsi
2405 1799 2824 1852 misericordiam
2849 1811 3246 1868 consequentur.
3276 1801 3405 1854 Srio

1833 1894 1889 1947 in
1933 1893 2122 1946 midtis
2153 1893 2287 1944 locis
2317 1891 2516 1944 divina:
2564 1889 2863 1958 Scriptura
2911 1891 3132 1944 nomine
3189 1892 3405 1944 miseri-

1831 1984 2016 2038 cordis
2038 1989 2262 2035 sanrtos
2302 1982 2450 2034 viros
2475 1980 2716 2034 divinam
2750 1981 3048 2048 potentiam
3089 1983 3398 2050 appellare:

1833 2076 1914 2130 sic
1943 2073 2108 2126 David
2142 2073 2195 2126 in
2229 2071 2486 2134 Psalmis,
2530 2071 2611 2126 sic
2641 2068 2810 2123 Jonas
2845 2071 2898 2122 in
2942 2085 3042 2125 sua
3095 2072 3401 2140 prophetia,

1831 2165 1906 2219 ita
1939 2179 2171 2233 magnus
2201 2163 2417 2233 Moyses
2443 2163 2497 2215 in
2538 2162 2726 2216 multis
2760 2162 2894 2216 locis
2925 2173 3038 2216 sua:
3103 2162 3407 2216 sanctionis

1835 2256 2080 2311 nominat
2113 2271 2310 2309 numen
2341 2253 2610 2308 divinum.
2643 2251 2701 2306 Si
2730 2267 2862 2321 ergo
2899 2253 3274 2307 misericordis
3305 2269 3405 2321 ap-

1833 2346 2054 2416 pellatio
2084 2346 2249 2398 Deum
2285 2345 2478 2405 decet,
2516 2343 2586 2396 ad
2616 2343 2745 2412 quid
2795 2342 2944 2395 aliud
2974 2352 3027 2396 te
3063 2358 3248 2396 sermo
3283 2347 3410 2396 hor-

1835 2442 2004 2496 tatur,
2042 2433 2148 2488 nisi
2195 2443 2252 2487 ut
2293 2429 2430 2488 deus
2467 2430 2586 2498 ﬁas,
2621 2441 2880 2500 tanquam
2915 2432 3180 2488 formatus
3235 2442 3291 2486 et
3325 2435 3408 2486 ἱιιο

1835 2526 2074 2594 signitus
2103 2525 2326 2593 propria
2362 2531 2488 2577 nota
2534 2523 2794 2576 deitatis?
2821 2522 2953 2576 Nam
2985 2523 3032 2577 si
3067 2522 3208 2576 Deus
3239 2525 3408 2578 mise-

1837 2615 2011 2669 ricors
2042 2630 2072 2667 a
2103 2614 2286 2668 divina
2321 2613 2602 2683 Scriptura
2645 2614 2961 2668 nominatur
2986 2651 3001 2675 ,
3049 2615 3192 2684 quod
3225 2621 3408 2668 autem

1835 2721 1962 2760 vere
1993 2706 2210 2758 beatum
2255 2704 2614 2770 judicandum
2649 2702 2740 2766 sit,
2787 2702 2842 2756 id
2891 2703 3066 2758 deitas
3115 2715 3241 2759 est:
3292 2719 3412 2774 per-

1837 2795 2086 2862 spicuum
2121 2793 2284 2848 iuet-it
2312 2795 2445 2862 quid
2503 2809 2572 2846 ex
2627 2792 2988 2861 consequenti
3045 2793 3404 2863 intelligatur,

1837 2884 2114 2945 videlicet,
2139 2883 2186 2938 si
2221 2884 2304 2938 vel
2338 2899 2404 2937 ex
2441 2883 2756 2938 hominibus
2784 2883 2984 2951 aliquis
3017 2885 3266 2946 exsistat,
3315 2887 3410 2952 qui

1841 2978 2156 3031 misericors
2188 2977 2282 3041 sit,
2326 2976 2664 3030 beatitudine
2689 2977 2874 3030 divina
2903 2976 3100 3046 dignus
3125 2978 3410 3038 habeatur,

151 3071 254 3124 καὶ
289 3070 548 3134 δίκαιος,
585 3069 683 3122 καί
728 3071 760 3122 ό
798 3069 944 3134 Θεὸς
979 3067 1149 3138 ἡμῶν
1172 3069 1344 3122 ἐλεεῖ.
1384 3069 1509 3132 Πῶς
1541 3065 1634 3122 οῦν
1681 3071 1739 3122 οὐ

1845 3071 2046 3138 quippe
2071 3083 2196 3120 cum
2231 3068 2283 3122 id
2320 3077 2608 3123 assecutus
2640 3068 2733 3133 sit,
2784 3082 2892 3137 quo
2929 3083 3130 3122 numen
3161 3067 3409 3122 divinum

157 3160 432 3232 μακάριον
477 3161 652 3213 έκεῖνο
683 3159 945 3229 κληθῆναι
979 3161 1069 3212 καὶ
1113 3161 1366 3227 γενέσθαι
1399 3160 1488 3214 τὸν
1531 3161 1742 3231 ἄνθρω-

153 3267 284 3310 πον,
319 3243 472 3320 ᾧπερ
507 3251 538 3302 ὁ
565 3249 695 3312 Θεὸς
729 3251 792 3302 ἐκ
817 3249 906 3301 τοῦ
929 3251 1098 3302 ποιεῖν
1127 3249 1488 3319 ὀνομάζεταις
1521 3249 1656 3302 ἀλλά
1683 3249 1743 3302 τό

159 3345 262 3413 μὲν
291 3341 486 3410 ζηλοῦν
505 3341 576 3394 τά
603 3343 822 3411 μείζονα
843 3340 950 3394 τῶν
980 3342 1352 3411 χαρισμάτων,
1383 3341 1742 3411 συμϐουλεύει

154 3433 246 3486 διὰ
287 3431 394 3484 τῶν
427 3430 571 3483 ίδίων
598 3431 768 3498 λόγων
804 3431 898 3484 καὶ
925 3432 952 3482 6
978 3431 1119 3492 θεῖος
1148 3431 1465 3493 Ἀπόστολος
1486 3445 1500 3457 ·
1526 3432 1657 3499 ἡμῖν
1688 3429 1744 3482 δὲ

159 3523 368 3584 σκοπός
399 3524 568 3584 ἐστιν,
597 3523 696 3592 οὑχ
731 3523 878 3584 ὅπως
923 3522 1380 3592 ἀναπεισθείημεν
1420 3521 1528 3573 τῶν
1563 3520 1744 3573 καλῶν

155 3613 452 3687 ὀρέγεσθαι
510 3613 688 3684 (τοῦτο
708 3613 816 3684 γὰρ
841 3612 1162 3682 αὐτομάτως
1182 3612 1422 3680 ἔγκειται
1445 3615 1512 3681 τῇ
1546 3610 1748 3681 ἀνθρωο

159 3709 297 3778 πίνῃ
327 3705 506 3774 φύσει,
541 3706 602 3758 τὸ
635 3709 768 3776 πρὸς
799 3705 859 3758 τὸ
883 3705 1046 3758 καλὸν
1081 3704 1396 3776 ὲπιρῤεπῶς
1413 3703 1576 3772 ἔχειν)
1598 3719 1610 3732 ·
1631 3701 1744 3755 ἀλλ’

159 3799 314 3860 ὅπως
343 3797 408 3850 ἂν
433 3797 508 3867 μὴ
547 3797 887 3865 ἁμάρτοιμεν
915 3795 1016 3863 τῆς
1055 3795 1148 3848 τοῦ
1177 3793 1342 3848 καλοῦ
1367 3795 1619 3863 κρίσεως.
1660 3793 1748 3844 Ἐν

161 3885 340 3953 τούτῳ
372 3886 480 3954 γὰρ
531 3885 766 3954 μάλιστα
794 3882 870 3952 τῷ
915 3883 1068 3953 μέρει
1101 3881 1498 3952 πλημμελεῐται
1525 3879 1681 3950 ἡμῶν
1714 3881 1748 3948 ἡ

161 3975 304 4044 ζωὴ,
327 3977 384 4026 ὲν
415 3973 494 4043 τῷ
525 3972 875 4043 μὴδύνασθαι
900 3971 1142 4041 ἀκριϐῶς
1176 3970 1414 4023 συνιέναι
1440 3969 1489 4022 τί
1504 3971 1566 4021 τὸ
1591 3968 1750 4038 φύσει

162 4063 467 4123 καλὸν,καὶ
499 4065 552 4116 τί
582 4064 642 4116 τὸ
681 4063 749 4116 δι’
782 4063 996 4132 ἀπάτης
1039 4061 1280 4116 τοιοῦτον
1330 4061 1748 4130 ὑπονοούμενον.

163 4158 230 4208 Εἰ
267 4156 374 4226 γὰρ
400 4154 582 4224 γυμνὴ
609 4153 892 4224 προέκειτο
913 4155 947 4223 ἡ
975 4153 1144 4206 κακία
1164 4153 1242 4222 τῷ
1267 4151 1386 4223 βίῳ,
1415 4152 1508 4206 καὶ
1545 4153 1617 4222 μή
1643 4167 1752 4204 τινι

163 4247 336 4302 καλοῦ
363 4246 630 4317 ταντασίᾳ
659 4246 1181 4315 προσκεχρωσμένη,
1203 4246 1302 4296 οὑκ
1325 4245 1394 4296 ἂν
1414 4242 1752 4314 ηὐτομόλησε

167 4339 310 4410 πρὸς
359 4338 530 4408 αὐτὴν
565 4337 626 4389 τὸ
673 4335 1030 4406 ἀνθρώπινον.
1060 4335 1268 4389 Οὐκοῦν
1313 4335 1580 4396 συνέσεως
1619 4334 1754 4403 ἡμῖν

165 4407 351 4498 χρεία,
389 4407 524 4496 πρὸς
553 4425 650 4496 τὴν
669 4425 764 4478 τοῦ
799 4425 1155 4494 προκειμένου
1201 4423 1365 4497 ῥητοῦ
1397 4425 1744 4493 κατανόησιν,
1777 4407 1822 4463 Ῑ)

168 4522 248 4582 ὡς
286 4518 352 4572 ἂν
388 4517 726 4586 διδαχθέντες
766 4517 826 4568 τὸ
870 4515 1118 4586 ἀληθινὸν
1161 4515 1255 4569 τοῦ
1295 4515 1613 4584 ἐγκειμένου
1640 4517 1757 4585 νοή-

173 4623 346 4672 ματος
371 4605 581 4668 κάλλος,
613 4605 732 4659 κατ’
763 4605 896 4658 αὑτὸ
939 4604 1378 4674 μορφωθείημεν.
1417 4605 1625 4674 ’Ὠσπερ
1648 4604 1756 4674 γὰρ

173 4702 208 4768 ἡ
247 4698 376 4768 περὶ
407 4697 467 4749 τὸ
482 4699 638 4750 Θεῐον
687 4695 976 4764 ὑπόληψις,
1013 4693 1253 4761 ἔγκειται
1288 4695 1384 4763 μὲν
1437 4695 1568 4748 πᾶσι
1599 4711 1758 4762 φυσιο

173 4788 286 4850 κῶς
323 4789 436 4848 τοῖς
487 4781 792 4854 ἀνθρώποις
832 4800 846 4814 ο
889 4787 946 4837 ἐν
975 4784 1032 4836 δὲ
1077 4787 1142 4854 τῇ
1189 4785 1382 4853 ἀγνοίᾳ
1409 4785 1502 4836 τοῦ
1543 4784 1760 4854 ἀληθῶς

171 4881 328 4942 ὄντος
364 4877 530 4938 Θεοῦ,
566 4878 600 4946 ἡ
649 4876 776 4946 περὶ
821 4875 882 4927 τὸ
931 4874 1363 4943 σπουδαζόμενον
1413 4876 1620 4942 γίνεται
1671 4876 1754 4928 δι·-

173 4967 420 5042 apage-ia
472 4961 574 5038 (οἷς
594 4967 690 5035 μὲν
707 4966 814 5036 γὰρ
829 4967 861 5035 ἡ
878 4965 1082 5036 ἀληθὴς
1104 4965 1292 5033 θεότης
1309 4967 1424 5017 ἐστὶ
1440 4966 1752 5037 σεϐάσμιος,

173 5065 210 5130 ἡ
238 5062 294 5112 ὲν
317 5059 511 5128 Πατρὶ,
530 5057 624 5108 καὶ
654 5053 895 5124 Υίῷ,καὶ
923 5055 1062 5124 ἁγίῳ
1085 5053 1362 5123 Πνεύματι
1383 5054 1751 5125 θεωρουμένη-

175 5151 230 5202 oi.
289 5147 346 5200 δὲ
389 5146 526 5217 πρὸς
558 5145 788 5206 ἀτόπους
836 5143 1090 5206 ὑπονοίας
1138 5143 1548 5214 ἐπλανήθησαν,
1575 5147 1638 5198 ὲν
1687 5147 1754 5216 τῇ

177 5243 356 5296 κτίσει
375 5237 612 5292 τοιοῦτον
644 5234 994 5298 ὑπονοοῦντες
1012 5235 1136 5287 ’καὶ
1165 5233 1251 5286 διὰ
1283 5234 1487 5304 τοῦτοή
1515 5237 1573 5288 ὲν
1593 5235 1758 5304 ὀλίγῳ

177 5333 280 5402 τῆς
310 5332 566 5402 ἀληθείας
590 5328 936 5401 παρατροπὴ,
952 5329 1016 5398 τῇ
1040 5326 1258 5396 ἀσεϐείᾳ
1285 5327 1381 5396 τὴν
1412 5327 1644 5396 πάροδον
1673 5327 1758 5380 δέ·

178 5423 386 5487 δωκεν)
413 5439 427 5453 ·
447 5422 590 5474 οὕτω
631 5422 726 5474 καὶ⁵
763 5419 856 5472 ἐπὶ
895 5417 987 5471 τοῦ
1025 5419 1382 5488 προκειμένου
1405 5419 1692 5488 νοήματος,
1711 5420 1760 5472 εἰ

183 5513 264 5586 μὴ
306 5511 704 5582 κατα-λάϐοιμεν
751 5511 847 5580 τὴν
881 5508 1057 5580 ἀληθῆ
1089 5508 1348 5573 διάνοιαν,
1387 5509 1487 5561 οὑκ
1511 5511 1569 5562 ἐν
1599 5508 1762 5580 ὀλίγῳ

295 5689 339 5721 ³ο
371 5689 518 5747 l’sal.
546 5703 694 5750 cxtv,
733 5689 786 5742 5.
862 5689 904 5719 ³¹
937 5687 1114 5742 lCor.
1147 5701 1244 5754 ιιι,
1278 5687 1302 5738 1
1341 5700 1464 5755 sqq.

1841 3159 2223 3213 denominatur
2252 3178 2266 3212 :
2297 3157 2603 3213 Misericors
2627 3159 2884 3212 Dominus
2901 3169 2954 3213 et
2967 3159 3170 3227 justus,
3193 3169 3241 3212 et
3275 3158 3412 3212 Deus

1842 3259 2016 3305 noster
2037 3251 2315 3302 miseretur
2338 3251 2408 3305 '°.
2438 3251 2540 3315 Qui
2569 3265 2699 3320 ergo
2724 3265 2832 3302 non
2862 3251 3079 3303 beatum
3101 3257 3186 3305 est
3209 3250 3339 3302 illud
3359 3257 3414 3300 ιιι

1844 3341 1958 3395 ﬁeri
1989 3347 2042 3394 et
2075 3341 2258 3394 vocari
2293 3340 2565 3394 hominem
2587 3381 2602 3406 ,
2648 3355 2760 3409 quo
2797 3338 2942 3395 Deus
2965 3377 2983 3404 ,
3039 3355 3106 3394 ex
3143 3355 3209 3394 eo
3269 3339 3414 3408 quod

1846 3428 1996 3490 facit,
2035 3429 2464 3482 denominatur?
2501 3427 2700 3483 Verum
2731 3427 2986 3483 all'ectare
3009 3429 3230 3496 quidem
3273 3429 3414 3484 dona

1845 3520 2051 3588 majora
2095 3519 2150 3574 in
2191 3520 2308 3574 suis
2339 3519 2560 3588 scriptis
2599 3519 2796 3573 suadet
2825 3519 3238 3596 etiam'divinus
3269 3521 3417 3588 Apo-

1847 3611 2021 3664 stolus
2041 3607 2110 3675 ³¹,
2137 3608 2296 3664 nobis
2316 3617 2498 3664 autem
2553 3605 2610 3664 id
2637 3607 2904 3678 agendum
2929 3615 3012 3663 est
3030 3645 3046 3669 ,
3093 3626 3200 3663 non
3237 3617 3294 3662 ut
3361 3611 3415 3662 in

1845 3700 2088 3751 animum
2127 3699 2452 3753 inducamus
2485 3707 2740 3768 appetere
2787 3715 2876 3754 res
2915 3700 3084 3754 bonas
3135 3708 3190 3754 et
3247 3699 3418 3754 hone-

1849 3798 1966 3842 stas
1999 3789 2150 3855 (hoc
2179 3791 2324 3842 enim
2361 3799 2552 3858 sponte
2595 3790 2822 3844 insitum
2875 3797 2962 3844 est
3015 3789 3266 3842 humana
3322 3804 3420 3840 na-

1852 3887 2006 3940 tura}.
2043 3887 2100 3932 ut
2138 3877 2204 3932 ad
2237 3879 2574 3934 honestatem
2605 3893 2876 3949 pmpensa
2907 3879 3038 3950 sit).
3073 3879 3170 3933 sed
3223 3893 3292 3933 ne
3331 3893 3421 3932 er-

1851 3985 2036 4024 remus
2073 3979 2128 4024 et
2162 3969 2418 4022 fallamur
2441 3970 2812 4038 injudicando
2839 3977 3002 4037 atque
3036 3969 3419 4034 discernendo,

1847 4064 1978 4133 quid
2007 4064 2208 4118 bouum
2239 4073 2292 4118 et
2317 4064 2609 4118 honestum
2641 4065 2735 4120 sit.
2766 4063 2822 4116 In
2855 4062 2957 4117 hac
2989 4064 3137 4118 enim
3181 4062 3422 4116 maxime

1853 4165 2006 4224 parte
2033 4155 2142 4208 vita
2169 4163 2358 4208 nostra
2401 4165 2609 4224 peccat,
2669 4171 2864 4224 nempe
2895 4155 2950 4208 in
2981 4169 3047 4208 eo
3077 4154 3224 4222 quod
3263 4153 3422 4224 plene

1857 4247 2158 4315 intelligere
2190 4260 2297 4298 non
2333 4257 2531 4314 potest,
2565 4245 2698 4314 quid
2733 4252 2931 4300 natura
2977 4245 3180 4300 bonum
3235 4255 3289 4300 et
3319 4245 3422 4300 ho-

1856 4345 2070 4391 nestum
2106 4337 2198 4400 sit,
2231 4338 2362 4406 quid
2399 4336 2538 4391 falso
2568 4337 2674 4392 tale
2703 4343 2961 4407 putetur:
3027 4351 3153 4390 nam
3185 4335 3232 4392 si
3267 4337 3414 4390 nulla

1851 4428 1974 4481 vitae
2005 4429 2278 4497 proposita
2305 4429 2506 4482 malitia
2537 4427 2908 4497 nequitiaque,
2935 4436 2992 4480 et
3045 4443 3158 4480 non
3193 4427 3412 4481 honesti

1851 4519 2084 4587 quadam
2127 4519 2364 4588 imagine
2393 4518 2628 4573 obducta
2663 4527 2828 4587 atque
2881 4518 3199 4572 decolorat:
3253 4527 3422 4583 esset,

1851 4625 2024 4679 genus
2058 4611 2355 4663 humanum
2393 4608 2460 4662 ad
2501 4623 2622 4662 eam
2657 4623 2765 4662 non
2833 4607 3243 4679 transfugisset.
3275 4610 3425 4674 Quo-

1853 4699 2000 4752 circa
2033 4697 2386 4766 intelligentia
2421 4703 2584 4764 atque
2639 4695 2926 4765 prudentia
2955 4697 3116 4752 nobis
3165 4703 3250 4752 est
3286 4712 3426 4766 opus

1855 4788 1921 4840 ad
1958 4787 2224 4855 propositi
2259 4785 2388 4839 dicti
2435 4786 2823 4856 cognitionem,
2863 4793 2922 4839 ut
2949 4786 3148 4850 edocti,
3187 4803 3310 4856 qua:
3353 4789 3426 4842 sit

1859 4895 1988 4932 vera
2017 4879 2166 4932 insiti
2215 4879 2524 4932 intellectus
2555 4877 2924 4945 pulchritudo,
2955 4878 3020 4932 ad
3051 4893 3172 4932 eam
3223 4877 3428 4932 τοι-πιθα

1862 4984 2006 5023 mur.
2026 4967 2492 5032 Quemadmodum
2523 4967 2668 5021 enim
2695 4968 2878 5036 opinio
2905 4969 2972 5022 de
2988 4967 3222 5022 Numine
3243 4968 3429 5022 divino

1863 5059 2186 5112 naturaliter
2213 5057 2434 5126 quidem
2470 5057 2634 5111 insita
2665 5065 2749 5111 est
2801 5057 3056 5113 omnibus
3087 5058 3426 5122 hominibus,

1863 5151 1958 5204 sed
1995 5149 2302 5218 ignorantia
2333 5151 2446 5203 veri
2479 5149 2568 5204 Dei
2601 5158 2856 5219 peccatur
2883 5152 3030 5204 circa
3057 5151 3108 5204 id
3141 5149 3284 5220 quod
3305 5152 3430 5204 coli-

1865 5249 1957 5294 tur
1999 5241 2018 5308 (
2045 5255 2168 5294 nam
2197 5241 2288 5294 alii
2319 5241 2540 5309 quidem
2571 5247 2903 5295 venerantur
2931 5255 3114 5294 veram
3151 5241 3431 5304 deitatem,

1863 5343 1986 5398 quae
2013 5340 2064 5382 et
2091 5329 2144 5381 in
2181 5327 2360 5389 Patre,
2391 5337 2446 5382 et
2469 5328 2629 5390 Filio,
2661 5339 2714 5384 et
2745 5329 2952 5398 Spiritu
3001 5341 3193 5382 saneto
3245 5329 3434 5382 cousi-

1865 5420 2130 5485 deratur;
2167 5419 2262 5472 alii
2315 5435 2447 5474 vero
2477 5421 2543 5473 ad
2574 5421 2840 5474 absurdus
2879 5420 3165 5488 opiniones
3201 5419 3430 5489 delapsi,

1867 5513 1922 5565 in
1951 5518 2206 5566 creatura
2237 5511 2342 5568 tale
2373 5511 2501 5582 quid
2537 5525 2664 5568 esse
2693 5511 3044 5582 suspicantur
3075 5527 3090 5564 :
3147 5521 3318 5582 atque
3353 5509 3436 5564 id-
