3844 6224
452 300 587 355 ΙΞΐὶί

1672 290 1730 344 3.
1772 290 2097 345 GREGORII
2138 290 2175 343 Ν
2188 290 2225 343 Y
2238 289 2429 345 SSENI

3604 286 3733 340 1932

448 413 600 467 circo
632 425 755 465 eum
790 410 844 462 in
875 424 934 462 re
970 409 1165 475 exigua
1196 422 1225 459 a
1252 407 1475 461 veritate
1518 405 1829 460 aberratum
1860 421 1963 460 ess:
1986 412 2026 468 t,

2132 406 2338 474 γένοιτο
2370 405 2457 513 ἂν,ἁ
2466 407 2594 476 ἡμῖν
2629 407 2662 475 ἡ
2690 404 2862 477 ζημία
2898 406 2997 476 τῆς
3034 405 3292 474 ἀληθείας
3346 410 3737 473 παραστρύεί-

449 506 716 574 impietati
751 504 932 558 aditus
964 500 1269 571 patefactus
1289 498 1393 571 est)
1417 517 1431 553 :
1455 498 1644 554 eodem
1663 498 1824 553 modo
1852 514 1911 553 se
1941 514 2025 553 res

454 596 619 649 habet
660 594 713 648 in
755 593 1035 663 proposito
1073 592 1373 657 intellectu,
1422 592 1529 645 nisi
1576 605 1763 645 veram
1812 589 2138 644 sententiam
2203 589 2556 659 perceperimi

2135 515 2238 551 σιν.
2454 514 2487 545 ⁸⁸*

2663 600 2717 645 et
2762 592 3001 646 assecuti
3074 591 3368 657 fuerimus,
3416 604 3538 643 non
3590 588 3647 641 in
3689 602 3741 638 re

458 688 649 756 exigua
680 685 837 739 nobis
865 699 897 737 a
944 686 1172 739 veritate
1218 684 1600 739 aberrantibus
1628 683 1886 736 damnum
1925 684 2200 739 acciderit.

531 775 673 841 Quid
708 775 873 844 igitur
912 773 1289 829 misericordia
1318 789 1423 837 εει,
1454 781 1508 827 et
1539 773 1687 827 circa
1725 787 1890 842 quam
1918 787 2032 825 rem

460 875 754 922 exercetur
777 866 800 919 ?
827 873 881 919 et
912 864 1188 935 quomodo
1215 864 1408 919 beatus
1441 870 1525 918 est
1557 862 1624 928 is,
1677 863 1771 931 qui
1800 861 2033 916 invicem

458 957 656 1025 accipit
684 957 828 1027 quod
855 957 990 1011 dat?
1025 955 1176 1010 Beati
1209 956 1374 1020 enim,
1411 955 1606 1024 inquit,
1648 954 2033 1017 misericordes,

454 1047 707 1114 quoniam
748 1046 852 1113 ipsi
883 1047 1304 1102 misericordiam
1334 1056 1733 1116 consequentur.
1757 1044 1876 1100 Iam
1907 1061 2037 1100 vero

455 1152 578 1205 quas
611 1138 831 1206 quidem
862 1139 1039 1208 prima
1069 1138 1209 1193 facie
1246 1139 1510 1205 occurrit,
1557 1147 1724 1208 atque
1755 1140 1809 1193 in
1852 1154 2037 1208 prom-

456 1237 551 1297 ptu
582 1240 667 1283 est
702 1229 833 1282 dicti
880 1232 1169 1297 sententia,
1207 1230 1272 1283 ad
1308 1238 1553 1286 mutuam
1606 1232 1931 1286 cbaritatem
1982 1240 2035 1285 et

454 1319 891 1383 mmpassionctu
925 1320 1440 1391 condolentiamque
1474 1321 1749 1377 hominem
1810 1323 2030 1383 invitat,

454 1419 675 1478 propter
713 1410 1135 1480 inaequalitatem
1165 1421 1220 1466 et
1259 1412 1576 1467 varietatem
1626 1412 1751 1466 vitae
1785 1413 2035 1481 negotio-

456 1516 578 1553 rum
611 1516 719 1555 non
749 1502 1009 1557 omnibus
1039 1503 1227 1558 eadem
1266 1502 1504 1562 fortuna.
1534 1504 1681 1573 quod
1709 1504 1794 1558 vel
1832 1503 1902 1559 ad
1946 1504 2033 1559 di-

453 1592 744 1660 gnitatem,
768 1592 851 1645 vel
875 1592 942 1645 ad
974 1594 1424 1648 constitutionem
1451 1603 1505 1649 et
1528 1596 1732 1649 cultum
1763 1596 2032 1664 corporis,

455 1682 537 1734 vel
561 1681 629 1734 ad
660 1682 902 1752 reliquas
937 1682 1223 1739 facultates
1254 1685 1470 1747 attinet,
1505 1684 1560 1739 in
1592 1686 1701 1739 vita
1736 1686 2031 1741 utentibus.

457 1770 741 1827 Scinditur
774 1776 918 1828 enim
951 1775 1057 1829 vita
1091 1775 1412 1846 plerumque
1445 1777 1498 1831 in
1534 1776 1829 1841 contraria,
1859 1776 2033 1831 servi-
2066 1813 2103 1868 Β

455 1872 571 1918 tute
603 1872 659 1919 et
688 1864 1061 1921 dominatione
1082 1907 1097 1930 ,
1149 1866 1355 1923 divitiis
1394 1880 1449 1923 et
1477 1874 1817 1939 paupertate,
1862 1868 2033 1937 gloria

452 1964 507 2009 et
539 1955 855 2024 ignominia,
899 1956 1209 2013 infirmitate
1238 1957 1480 2028 vitioque
1512 1958 1763 2028 corporis
1796 1966 1850 2012 et
1894 1958 2035 2012 bona

454 2046 784 2111 valetudine,
819 2054 875 2102 et
915 2049 1170 2104 omnibus
1201 2049 1402 2104 talibus
1437 2049 1630 2103 divisa.
1672 2048 1744 2103 Ut
1777 2049 1944 2119 igitur
1969 2064 2035 2103 ea

454 2150 600 2205 pars,
624 2141 711 2191 cui
735 2138 908 2203 deest,
931 2138 997 2192 ad
1022 2139 1267 2198 eamdem
1291 2140 1732 2195 commoditatem
1757 2139 2036 2208 perveniat

451 2241 575 2280 cum
590 2242 675 2288 ea,
692 2226 778 2280 cui
797 2228 924 2296 quid
944 2236 1214 2296 superest,
1235 2236 1288 2282 et
1302 2230 1619 2298 suppleatur
1638 2228 1687 2281 id
1702 2228 1846 2297 quod
1859 2226 2033 2294 deest,

451 2319 523 2369 ob
550 2331 617 2370 eo
658 2317 804 2385 quod
837 2318 1126 2382 redundat,
1165 2320 1595 2374 misericordiam
1646 2319 1910 2375 adversus
1954 2327 2036 2373 te-

452 2406 673 2460 nuiores
698 2413 752 2461 et
782 2405 1067 2462 inferiores
1086 2407 1397 2463 hominibus
1420 2407 1754 2478 prmscribit;
1782 2423 1905 2460 nam
1929 2407 2033 2461 nisi

452 2494 829 2549 misericordia
863 2497 1104 2549 animum
1138 2497 1205 2550 ad
1228 2497 1494 2566 ejusmodi
1523 2506 1725 2550 motum
1759 2496 2034 2549 emollive-

450 2587 540 2651 rit,
564 2601 673 2641 non
699 2586 899 2657 poterit
932 2586 1133 2656 alioqui
1175 2586 1299 2655 quis
1332 2587 1385 2639 in
1422 2587 1661 2640 animum
1698 2584 1952 2639 inducere
1981 2593 2033 2639 et

451 2677 697 2757 impelli,’
720 2686 780 2733 ut
815 2679 870 2732 in
924 2679 1232 2734 calamitate
1281 2678 1585 2748 proximum
1638 2676 1883 2731 sublevet
1912 2694 1926 2729 :
1961 2691 2025 2730 ex

451 2771 732 2825 contrario
762 2770 934 2836 enim,
969 2770 1225 2824 videlicet
1259 2769 1680 2834 inhumanitate,
1716 2769 2030 2823 misericor-

449 2860 540 2915 dia
590 2861 932 2933 intelligitur.
973 2860 1042 2915 Ut
1080 2862 1246 2931 igitur
1273 2860 1445 2927 ferus,
1478 2875 1656 2916 saevus
1712 2867 1767 2915 et
1800 2859 2028 2916 immitis

450 2953 1023 3023 appropinquantibus
1054 2953 1375 3007 inaccessus
1402 2960 1508 3015 est,
1538 2951 1611 3005 ita
1641 2951 1735 3020 qui
1769 2959 1822 3004 et
1863 2950 2028 3005 mise-

449 3044 630 3098 ricors
651 3051 758 3106 est,
790 3054 845 3099 et
876 3043 1239 3100 incommodis
1275 3044 1506 3114 proximi
1543 3042 1903 3101 condolescit.
1952 3040 2026 3094 af-

2203 775 2268 828 Τί
2299 774 2475 828 τοίνυν
2498 777 2645 828 ἐστὶν
2677 777 2704 827 ὁ
2724 774 2888 837 ἕλεος.
2925 774 3019 827 καὶ
3049 774 3178 845 περὶ
3204 773 3258 826 τί
3286 767 3741 843 ἐνεργούμενοςς

2134 864 2243 917 Καὶ
2281 864 2397 927 πῶς
2430 865 2697 935 μακάριος
2734 867 2762 917 ὁ
2795 862 3227 932 ἀντιλαμὸἀνων,
3250 862 3279 914 ὃ
3308 863 3543 916 δίδωσιν
3581 864 3745 922 ςΜα-

2135 953 2327 1022 mipr
2359 955 2485 1027 γὰρ,
2520 957 2706 1026 φησὶν,
2738 959 2791 1009 οἱ
2818 956 3175 1025 ἐλεήμονες,
3210 954 3300 1006 ὅτι
3329 952 3514 1007 αὐτοὶ
3566 953 3745 1017 ἐλεη-

2135 1046 2445 1111 θήσονται.
2484 1048 2548 1099 Ἡ
2595 1049 2691 1117 μὲν
2732 1042 2824 1100 οὖν
2860 1047 3147 1118 πρόχειρος
3172 1045 3266 1098 τοῦ
3298 1045 3472 1117 ῥητοῦ
3496 1045 3742 1107 διάνοια,

2136 1138 2272 1209 πρὸς
2303 1138 2363 1190 τὸ
2403 1138 2725 1209 φιλάλληλον
2761 1156 2824 1191 τε
2871 1140 2966 1191 καὶ
3012 1138 3295 1208 συμπαθὲς
3328 1132 3743 1206 προσκαλεῖται

2132 1229 2224 1282 τὸν
2250 1227 2555 1299 ἄνθρωπον,
2586 1229 2676 1281 διὰ
2718 1229 2778 1283 τὺ
2807 1228 2991 1283 ἄνισόν
3033 1246 3093 1282 τε
3141 1230 3235 1282 καὶ.
3279 1228 3592 1297 ἀνώμαλον
3634 1227 3744 1279 τῶν

2131 1307 2226 1372 τοῦ
2259 1318 2373 1388 βίου
2404 1321 2744 1391 πραγμάτων
2787 1321 2848 1371 οὑ
2884 1319 3100 1373 πάντων
3124 1321 3182 1371 ἐν
3223 1324 3335 1382 τοῖς
3363 1320 3595 1387 ὁμοίοις
3627 1318 3744 1387 βιο-

2130 1407 2417 1472 τευόντων,
2444 1408 2566 1461 οὔτε
2608 1408 2749 1462 κατά
2793 1408 2893 1479 τὴν
2943 1408 3121 1475 ἀξίαν,
3160 1407 3285 1461 οὔτε
3318 1409 3469 1462 κατά
3496 1409 3612 1478 τὴν
3649 1408 3742 1460 τοῦ

2135 1499 2388 1571 σώματος
2417 1501 2779 1573 κατασκευὴν,
2805 1499 2931 1553 οὔτε
2957 1500 3100 1554 κατὰ
3144 1501 3242 1571 τὴν
3273 1500 3473 1571 λοιπὴν
3506 1517 3743 1569 περιον·

2137 1593 2275 1647 σίαν.
2298 1593 2638 1665 Μεμέρισται
2663 1594 2771 1665 γὰρ
2806 1595 2883 1657 ὡς
2906 1592 2975 1646 τά
3001 1592 3193 1653 πολλὰ,
3213 1592 3300 1645 διὰ
3325 1592 3439 1645 τῶν
3467 1593 3745 1644 ἐναντίων

2132 1685 2162 1736 ὁ
2195 1681 2329 1751 βίος,
2349 1682 2565 1753 δουλείᾳ.
2594 1682 2687 1735 καὶ
2717 1682 3019 1752 κυριότητι,
3043 1682 3257 1752 πλούτῳ
3277 1683 3372 1734 καὶ
3396 1681 3741 1751 πενίᾳ,δόξη

2134 1774 2227 1827 καὶ
2250 1772 2463 1843 ἀτιμίᾳ,
2489 1772 2782 1843 σαθράτητι
2818 1772 3067 1842 σώματος
3100 1772 3195 1825 καὶ
3219 1772 3426 1842 εὐεξίᾳ,
3456 1773 3563 1825 καὶ
3600 1774 3741 1824 πᾶσι

2132 1867 2245 1928 τοῖς
2270 1865 2532 1929 τοιούτοις
2567 1864 2996 1935 διασχιζόμενος.
3037 1866 3127 1928 Ὧς
3159 1864 3225 1918 ἂν
3262 1860 3355 1918 οὖν
3378 1866 3461 1927 είς
3488 1865 3619 1917 ἴσον
3649 1866 3740 1916 ἕλ-

2133 1958 2215 2011 θοι
2246 1958 2323 2029 τῷ
2348 1957 2756 2011 πλεονεκτοῦντι
2784 1958 2845 2010 τὸ
2893 1958 3305 2030 ὑστερούμενον,
3329 1957 3430 2010 καὶ
3471 1957 3737 2026 ἀναπλη-

2136 2048 2332 2122 ρωθείη
2365 2049 2425 2103 τὸ
2446 2049 2766 2120 λειπόμενον
2783 2050 2860 2118 τῷ
2884 2049 3278 2120 περισσεύοντι,
3300 2049 3598 2119 νομοθετεῖ
3626 2054 3740 2112 τοῖς

2133 2140 2439 2210 ἀνθρώποις
2472 2140 2564 2192 ἐπὶ
2600 2139 2707 2192 τῶν
2733 2139 3166 2208 καταδεεστέρων
3203 2138 3264 2191 τὸ
3292 2136 3465 2191 ἔλεον.
3502 2138 3590 2191 Οὐ
3626 2138 3737 2205 γὰρ

2133 2232 2280 2284 ἐστιν
2308 2231 2483 2293 ἄλλως
2510 2232 2644 2301 πρὸς
2664 2230 2961 2300 θεραπείαν
2985 2231 3083 2300 τῆς
3114 2231 3401 2300 συμφορᾶς
3428 2229 3527 2281 τοῦ
3560 2229 3738 2292 ad)“

2132 2321 2396 2392 ὁρμῆσαι,
2432 2320 2507 2390 μὴ
2530 2320 2679 2373 ἐλέου
2704 2320 2804 2390 τὴν
2841 2318 3019 2389 ψυχὴν
3047 2318 3184 2385 πρὸς
3216 2319 3315 2388 τὴν
3346 2316 3618 2387 τοιαύτην
3641 2318 3737 2387 ὁρ-

2136 2410 2242 2480 μὴν
2287 2409 2695 2479 ὲκμαλάξαντος
2718 2427 2732 2439 ·
2763 2412 2827 2463 ὲκ
2857 2410 2968 2480 γὰρ
2998 2406 3091 2461 τοῦ
3122 2407 3364 2460 ἐναντίου
3394 2410 3463 2477 τῇ
3487 2408 3733 2476 ἀπηνεία

2132 2504 2379 2555 νοεῖταιό
2400 2502 2566 2565 ἔλεος.
2596 2503 2684 2564 Ὠς
2703 2496 2836 2555 οὖνό
2856 2502 3068 2571 ἀπηνής
3082 2517 3141 2553 τε
3161 2500 3252 2552 καὶ
3273 2499 3488 2568 ἄγριος,
3513 2499 3730 2569 ἀπροσ-

2134 2592 2398 2655 πέλαστὸς
2442 2594 2557 2645 ἐστι
2603 2594 2714 2654 τοῖς
2755 2590 3063 2658 ἐγγίζουσιν
3096 2604 3110 2619 ⁸
3143 2588 3315 2652 οὕτως
3351 2589 3382 2639 ὁ
3431 2589 3732 2658 συμπαθής

2135 2700 2197 2735 τε
2221 2684 2316 2736 καὶ
2350 2683 2618 2755 ἐλεήμων,
2650 2681 3048 2751 κατακιρνᾶταί
3077 2697 3194 2745 πως
3227 2682 3294 2749 τῇ
3323 2679 3574 2733 διαθέσει
3594 2680 3732 2750 πρὸς

2134 2774 2196 2826 τὸ
2227 2773 2499 2843 δεόμενον,
2528 2773 2719 2841 ἐκείνῳ
2746 2771 2823 2842 τῷ
2852 2771 3173 2842 λυπουμένῳ
3206 2770 3524 2840 γενόμενος,
3554 2769 3585 2821 ὃ
3612 2771 3731 2821 ἑπι-

2137 2861 2288 2929 ζητεῖ
2318 2863 2350 2931 ὴ
2381 2862 2655 2930 ἀνιωμένη
2685 2861 2912 2914 διάνοια.
2951 2861 3061 2913 Καὶ
3101 2860 3246 2913 ἔστιν
3273 2860 3302 2911 ὁ
3333 2858 3508 2921 ἔλεος,
3558 2858 3636 2921 ὡς
3664 2858 3732 2911 ἄν

2134 2970 2218 3015 τις
2252 2954 2363 3022 ὅρῳ
2384 2952 2696 3023 περιλαϐὼν
2728 2953 3135 3022 ὲρμηνεύσειεν,
3172 2951 3420 3013 ἑκούσιος
3452 2950 3604 3021 λύπη
3638 2952 3727 3004 ἐπ’

2132 3040 2433 3112 ἀλλοτρίοις
2466 3044 2655 3103 κακοῖς
2694 3041 3077 3112 συνισταμένη.

451 3133 684 3190 feetione
708 3136 867 3205 quasi
897 3142 1340 3204 contemperatur
1370 3150 1495 3189 cum
1536 3150 1624 3197 eo,
1655 3134 1748 3204 qui
1776 3134 1863 3188 vel
1915 3134 2097 3204 aliqua
2165 3148 2223 3187 re
2293 3148 2427 3202 opus
2498 3133 2686 3198 habet,
2756 3132 2822 3186 ad
2849 3132 2901 3187 id
2944 3147 3069 3187 sese
3097 3132 3306 3187 dolenti
3359 3139 3533 3201 atque
3572 3132 3729 3186 solli.

450 3224 562 3279 cito
602 3225 1049 3289 accommodans,
1085 3226 1230 3295 quod
1264 3241 1416 3281 meus
1458 3226 1619 3287 anxia
1668 3225 2046 3293 molestiisque
2084 3224 2456 3279 circumventa
2496 3225 2745 3293 requirit.
2772 3225 2850 3278 Ac
2877 3224 3275 3291 misericordia,
3306 3232 3363 3278 ut
3438 3240 3561 3280 eam
3629 3224 3727 3276 ali-

451 3313 578 3381 quis
610 3313 927 3369 deﬂnitione
956 3315 1407 3385 comprehensam
1439 3315 1787 3386 interpretari
1833 3323 1886 3369 et
1932 3316 2203 3384 explicare
2272 3315 2466 3386 possit,
2504 3315 2812 3370 voluntaria
2877 3317 3100 3371 tristitia
3144 3323 3249 3382 est,
3309 3331 3436 3386 quae
3505 3314 3723 3370 conﬂa-

452 3413 542 3458 tur
567 3406 639 3460 ob
666 3405 1015 3460 incommoda
1044 3407 1244 3459 aliena.

526 3494 686 3562 ρηοά
719 3495 766 3551 si
813 3511 925 3550 non
959 3485 1144 3565 plene,
1167 3495 1301 3565 quid
1367 3511 1463 3565 per
1492 3511 1611 3550 eam
1676 3497 2029 3567 intelligatur,

2205 3494 2268 3546 Εἰ
2294 3493 2351 3546 δὲ
2378 3493 2479 3546 οὐκ
2507 3493 2751 3563 ἀκριϐῶς
2785 3491 2882 3567 τὴν
2896 3493 3141 3548 διάνοιαν
3173 3496 3338 3551 αὐτοῦ
3370 3499 3621 3566 παρεστή
3633 3514 3724 3549 sa-

452 3587 876 3656 cxpressimus:
916 3584 1146 3639 forsitan
1182 3586 1285 3638 alia
1317 3587 1528 3641 ratione
1574 3588 1746 3658 magis
1790 3587 2029 3642 dilucide

452 3696 516 3735 ac
568 3680 787 3763 planius
811 3679 1070 3748 explicari
1107 3679 1311 3748 possit.
1371 3680 1744 3735 Misericordia
1787 3691 1871 3735 est
1898 3695 2028 3749 erga

450 3788 567 3836 eos,
615 3772 708 3841 qui
739 3771 811 3827 ob
863 3785 953 3825 res
994 3770 1207 3839 aliquas
1266 3771 1453 3827 tristes
1499 3785 1564 3825 ac
1610 3771 1868 3827 molestas
1907 3786 2029 3826 sese

450 3863 820 3926 discruciant,
881 3876 1006 3916 cum
1066 3862 1361 3918 dilectione
1414 3863 1712 3931 conjuncta
1786 3861 2025 3916 affectio.

450 3953 922 4020 Quemadmodum
967 3954 1114 4007 enim
1170 3953 1543 4009 inhumanitas
1596 3960 1650 4007 et
1707 3951 1894 4007 feritas
1958 3951 2028 4006 ab

452 4045 580 4099 odio
614 4058 838 4099 causam
868 4050 923 4098 et
956 4043 1224 4113 originem
1263 4044 1491 4097 habent:
1524 4044 1606 4097 sic
1637 4057 1702 4097 ex
1731 4042 2025 4098 dilectione

451 4133 856 4205 quodammodo
888 4134 1266 4191 misericordia
1302 4137 1624 4189 enascitur:
1662 4149 1764 4188 nec
1809 4134 2028 4189 aliunde

450 4225 768 4289 exsisteret,
803 4224 907 4277 nisi
935 4239 999 4278 ex
1028 4223 1148 4277 hac.
1186 4225 1262 4278 Ac
1294 4225 1341 4278 si
1368 4225 1492 4291 quis
1530 4224 1691 4295 plene
1720 4225 2030 4279 miscricor-

450 4317 554 4369 diaa
581 4314 967 4384 proprietatem
986 4314 1365 4383 quuisiverit,
1394 4316 1749 4370 intentionem
1777 4325 1831 4371 et
1869 4317 2027 4371 vehe-

453 4403 715 4458 mentiam
748 4403 990 4457 inveniet
1022 4402 1283 4471 diligendi
1320 4403 1624 4459 alfectionis
1658 4421 1782 4459 cum
1828 4405 2024 4461 affectu

451 4492 692 4549 tristitiae
720 4495 1086 4548 commistam.
1122 4492 1255 4547 Nam
1292 4496 1762 4566 participationem
1806 4497 2025 4566 quidem

450 4583 718 4638 honorum
737 4598 930 4639 omnes
966 4584 1222 4639 similiter
1265 4588 1821 4656 appetunt,-etamici,
1852 4589 2038 4642 etini-'

451 4673 576 4727 mici
595 4691 609 4740 ;
628 4679 683 4728 at
708 4674 1281 4740 utincommodorum,
1308 4684 1362 4731 et
1391 4693 1571 4731 rerum
1602 4679 1838 4732 tristium
1864 4686 2028 4747 atque

453 4762 771 4817 acerbarum
805 4763 1100 4831 participes
1127 4779 1253 4819 esse
1304 4767 1492 4828 velint,
1524 4782 1713 4821 eorum
1758 4769 2026 4821 duntaxat

453 4852 738 4921 proprium
769 4860 876 4915 est,
926 4853 1020 4922 qui
1078 4853 1373 4909 dilectione
1422 4862 1719 4920 tenentur;
1772 4859 1923 4927 atqui
1956 4874 2022 4911 ex

449 4944 711 4999 omnibus
744 4944 930 5007 rebus,
979 4960 1099 5013 quae
1152 4960 1249 5013 per
1283 4946 1447 4998 vitam
1484 4946 1740 5000 coluntur
1787 4956 1841 5000 et
1868 4961 2028 5001 exer-

450 5039 672 5095 centur,
724 5040 944 5089 constat
994 5049 1108 5088 rem
1157 5036 1665 5104 prmstaantissimam
1721 5052 1844 5091 esse
1893 5037 2030 5091 dile-

448 5125 710 5179 ctionem.
761 5122 1084 5179 Dilectionis
1129 5133 1310 5179 autem
1354 5126 1580 5181 intentio
1630 5140 1795 5196 atque
1847 5126 2025 5181 incre-

452 5224 700 5270 mentum
737 5216 1116 5273 misericordia
1142 5223 1246 5271 est.
1279 5216 1372 5271 Est
1401 5218 1564 5288 igitur
1591 5218 1813 5287 proprie
1836 5219 2028 5273 beatus

449 5307 874 5373 existimandus,
909 5308 1004 5377 qui
1037 5307 1093 5362 in
1131 5309 1223 5361 tali
1256 5308 1543 5363 ail‘ectione
1585 5309 1823 5361 animam
1856 5323 2027 5362 occu-

451 5407 631 5467 palam
665 5398 848 5465 habet,
882 5406 1072 5469 utpote
1097 5399 1191 5469 qui
1215 5414 1489 5453 summum
1511 5399 1730 5457 virtutis
1749 5399 2027 5470 fastigium

449 5488 752 5559 contingat.
778 5490 856 5545 Ac
888 5491 1135 5555 nemorin
1165 5490 1300 5544 solis
1327 5490 1572 5545 materiis
1602 5490 1747 5545 illam
1765 5491 2026 5545 virtutem

451 5585 702 5647 spectet:
761 5580 842 5636 sic
894 5580 1042 5635 enim
1100 5596 1209 5635 non
1267 5580 1537 5649 cujusque
1587 5579 1826 5640 hominis
1878 5588 2027 5635 esset

446 5667 716 5739 ejusmodi
754 5672 830 5725 rei
859 5686 1172 5735 successus,
1203 5681 1564 5741 praeterquam
1597 5671 1737 5741 ejus,
1768 5670 1860 5740 qui
1893 5686 2026 5740 opes

2057 4827 2106 4882 D

2136 3602 2235 3653 μεν
2256 3600 2268 3614 ·
2300 3584 2440 3653 τάχα
2468 3583 2534 3636 ἂν
2560 3583 2704 3652 ἄλλῳ
2743 3565 2886 3653 λόγῳ
2914 3584 3327 3655 διερμηνευθείη
3363 3565 3721 3657 σαφέστερον.

2137 3674 2325 3737 Ἔλεός
2341 3676 2488 3727 ἐστιν
2517 3674 2735 3727 ἐπὶτῶν
2756 3674 3163 3746 δυσφορούντων
3188 3675 3279 3728 ὲπί
3302 3693 3449 3728 τισιν
3476 3678 3725 3747 ἀνιαροῖς

2132 3762 2448 3834 ἀγαπητικὴ
2473 3763 2832 3826 συνδιάθεσις.
2852 3763 3063 3832 ’Ὠσπερ
3088 3762 3197 3833 γάρ
3213 3762 3273 3815 τὸ
3292 3764 3502 3832 ἀπηνές
3532 3781 3597 3816 τε
3627 3763 3722 3816 καὶ

2132 3852 2540 3925 θηριῶδες,ἀπὸ
2590 3853 2684 3907 τοῦ
2729 3853 2919 3923 μίσους
2949 3852 3047 3916 τὰς
3088 3853 3341 3924 ἀφορμὰς
3376 3853 3526 3923 ἔχει’
3551 3854 3723 3918 οὕτως

2130 3944 2391 4013 ἐκφύεταί
2448 3962 2566 4007 πως
2624 3944 2722 4014 τῆς
2781 3944 3001 4013 ἀγάπης
3043 3945 3072 3996 ὁ
3111 3944 3292 4008 ἔλεος,
3324 3945 3425 3998 οὐκ
3465 3945 3537 3999 ἂν
3571 3947 3721 4015 rev-6o

2134 4052 2314 4105 μενος,
2344 4035 2394 4088 εί
2429 4035 2503 4106 μὴ
2532 4036 2596 4088 ὲκ
2627 4034 2851 4105 ταύτης.
2899 4036 3010 4087 Καὶ
3040 4035 3095 4087 εί
3132 4052 3214 4098 τις
3250 4036 3496 4105 ἀκριϐῶς
3540 4038 3721 4102 ἐξετά-

2132 4142 2243 4180 σειε
2289 4124 2351 4178 τὸ
2412 4124 2506 4178 τοῦ
2567 4124 2716 4178 ἐλέου
2769 4124 2997 4195 ἰδίωμα,
3038 4124 3287 4179 ἐπίτασιν
3339 4127 3567 4197 εὑρήσει
3621 4130 3721 4198 τῆς

2129 4217 2479 4288 ἀγαπητικῆς
2532 4216 2842 4281 διαθέσεως,
2881 4216 2959 4286 τῷ
3010 4216 3150 4270 κατά
3198 4218 3297 4287 τὴν
3346 4217 3525 4290 λύπην
3560 4220 3718 4272 πάθει

2132 4308 2617 4380 συμμεμιγμένην.
2661 4309 2728 4360 Ἣ
2774 4309 2873 4378 μὲν
2923 4308 3032 4378 γὰρ
3068 4307 3179 4360 τῶν
3228 4308 3411 4361 καλῶν
3466 4312 3714 4363 κοινωνία

2131 4403 2298 4455 πᾶσιν
2360 4401 2596 4471 ὁμοίιος,
2651 4399 2743 4452 καὶ
2796 4399 3045 4470 ἐχθροῖς,
3095 4400 3189 4453 καὶ
3249 4400 3425 4469 φίλοις
3486 4403 3711 4456 musa-

2129 4492 2312 4555 ζεταιο
2354 4491 2413 4544 τὸ
2466 4491 2522 4544 δὲ
2576 4492 2685 4545 τῶν
2734 4491 2975 4562 ἀνιαρῶν
3020 4495 3295 4546 κοινωνεῖν
3334 4493 3542 4546 ἐθέλειν
3568 4535 3583 4557 ,
3625 4495 3711 4564 μὸ-

2128 4601 2217 4637 νον
2250 4584 2379 4637 ίδιον
2416 4583 2524 4636 τῶν
2560 4586 2627 4654 τῇ
2668 4584 2855 4655 ἀγάπῃ
2895 4584 3319 4654 κεκρατημένων
3357 4585 3529 4637 ἐστίν.
3562 4586 3714 4637 Ἀλλά

2134 4674 2241 4745 μὴν
2279 4674 2497 4728 πάντων
2532 4674 2876 4744 ὡμολόγηται
2914 4674 3024 4726 τῶν
3060 4674 3201 4727 κατά
3244 4675 3337 4729 τὸν
3377 4675 3494 4744 βίον
3532 4676 3713 4729 τοῦτον

2130 4764 2599 4836 ἐπιτηδευομένων
2637 4766 2670 4835 ἡ
2710 4764 2898 4833 ἀγάπη
2941 4762 3000 4817 τὸ
3037 4764 3325 4834 κράτιστον
3363 4759 3522 4816 εἶναι.
3566 4765 3711 4816 Ἐπί-

2129 4872 2287 4918 τασις
2331 4855 2387 4907 δὲ
2424 4855 2642 4924 ἀγάπης
2676 4856 2706 4907 ὁ
2743 4853 2908 4917 ἔλεος.
2951 4853 3171 4925 Κυρίως
3209 4854 3316 4925 ἄρα
3358 4855 3709 4924 μακαριστὸς,

2125 4949 2155 5000 ὁ
2177 4948 2235 5000 ἐν
2255 4949 2321 5017 τῇ
2344 4946 2564 5017 τοιαύτῃ
2590 4945 2828 5000 διαθέσει
2850 4945 2950 5016 τὴν
2966 4945 3143 5016 ψυχὴν
3170 4945 3328 5016 ἔχων,
3348 4946 3424 5008 ὠς
3444 4944 3539 4998 τοῦ
3557 4948 3712 5017 ἀκρο-

2126 5038 2290 5091 τάτου
2312 5036 2455 5090 κατὰ
2475 5038 2574 5108 τὴν
2593 5036 2793 5108 ἀρετὴν
2812 5036 3202 5106 ἐφαπτόμενος·
3220 5036 3316 5089 καὶ
3338 5037 3527 5107 μηδεὶς
3552 5037 3609 5090 ὲν
3631 5038 3710 5107 μό-

2127 5145 2249 5191 ναις
2284 5130 2403 5191 ταίς
2441 5127 2595 5191 ὕλαις
2633 5127 2730 5198 τὴν
2766 5128 2966 5198 ἀρετὴν
3001 5127 3301 5198 θεωρείτω·
3334 5127 3479 5181 οὕτω
3518 5128 3625 5198 γάρ
3653 5128 3708 5180 ἂν

2126 5220 2187 5271 οὐ
2213 5219 2428 5283 πάντως
2455 5219 2538 5289 εἴη
2560 5219 2890 5290 κατόρθωμα
2912 5219 2976 5271 τὸ
3002 5218 3263 5282 τοιοῦτον,
3284 5219 3425 5289 πλὴν
3449 5220 3545 5273 τοῦ
3570 5220 3708 5272 δύνα-

2132 5310 2223 5379 μίν
2247 5328 2367 5364 τινα
2392 5312 2527 5383 πρὸς
2547 5312 2789 5364 εὐποιΐαν
2813 5311 3025 5381 ἔχοντος
3040 5328 3053 5341 ³
3072 5310 3207 5364 ἀλλά
3234 5328 3322 5381 μοι
3347 5313 3498 5365 δοκεῖ
3515 5313 3707 5366 δικαιό-

2125 5415 2285 5469 τερον
2318 5402 2376 5453 ὲν
2404 5400 2719 5472 προαιρέσει
2764 5403 2827 5454 τὸ
2866 5401 3104 5454 τοιοῦτον
3143 5400 3387 5470 βλέπειν.
3420 5402 3480 5454 '0
3502 5404 3606 5474 γὰρ
3630 5404 3708 5456 θε-

2126 5489 2293 5561 λήσας
2329 5491 2390 5543 τὺ
2427 5491 2629 5558 ἀγαθὸν
2668 5492 2850 5561 μόνον,
2880 5490 3143 5553 κωλυθεὶς
3179 5491 3237 5543 δὲ
3257 5492 3395 5562 πρὸς
3433 5493 3495 5544 τὸ
3532 5494 3705 5556 καλὸν,

2125 5578 2203 5648 τῷ
2243 5578 2317 5650 μὴ
2352 5579 2634 5642 δύνασθαι,
2680 5579 2801 5632 κατ’
2848 5578 3001 5631 οὐδὲν
3042 5578 3357 5632 ἐλαττοῦται
3402 5581 3505 5650 τῆς
3540 5581 3705 5649 ψυχῆς

2124 5671 2379 5735 διαθέσει,
2414 5672 2507 5722 τοῦ
2548 5670 2633 5723 διὰ
2672 5672 2778 5723 τῶν
2817 5672 2991 5740 ἔργων
3021 5672 3115 5739 τὴν
3158 5673 3384 5741 γνώμην
3426 5674 3703 5737 δείξαντος.
