3844 6224
125 324 268 377 1⁸253

1199 320 1285 374 DE
1321 315 1925 374 BEATITUDINIBUS.
1968 316 2228 371 ORATIO
2273 317 2336 371 ν.

3259 323 3395 376 19M

123 434 296 487 Ὅσον
330 433 427 503 μὲν
449 427 540 486 οὖν
571 433 760 504 κέρδος
790 435 904 486 ἐστὶ
933 433 1010 502 τῷ
1041 433 1158 503 βίῳ,
1204 435 1251 486 εί
1286 435 1423 504 πρὸς
1452 435 1610 486 τοῦτό
1640 451 1722 496 τις

1828 433 2302 502 aliquas-haberet
2335 431 2400 485 ad
2439 429 2886 484 hencfaciendum
2916 445 2928 480 :
2985 431 3232 496 quiuimo
3267 435 3397 486 mihi

123 524 468 593 ἐκλαμϐάνει
490 523 584 576 τοῦ
611 523 960 595 μακαρισμοῦ
985 524 1081 593 τὴν
1101 525 1358 586 διάνοιαν,
1381 525 1634 594 περιττὸν
1653 523 1720 576 ἂν

121 615 211 682 εἴη
233 615 510 678 διεξιέναι,
539 617 784 685 φανερῶν
809 615 976 668 ὅντων
1001 617 1094 667 καὶ
1120 617 1231 677 τοῖς
1264 615 1457 685 κομιδῆ
1483 615 1716 685 νηπίοις,

121 705 236 758 τῶν
267 707 332 757 ὲκ
361 706 458 774 τῆς
496 705 801 775 συμϐουλῆς
843 705 1043 774 ταύτης
1069 704 1148 775 τῷ
1209 705 1309 774 βίῳ
1352 707 1720 776 κατορθουμέ-

117 812 257 848 νων.
295 796 360 848 Et
384 795 492 866 γὰρ
519 797 650 848 πᾶσι
679 795 796 847 καθ’
824 795 1078 848 ὑπόθεσιν
1109 797 1141 866 ἡ
1167 796 1384 867 τοιαύτη
1414 797 1512 865 τῆς
1544 797 1722 866 ψυχῆς

121 885 412 952 ἐγγένοιτο
455 885 590 955 πρὸς
635 885 697 938 τὸ
749 885 1134 954 ἐλαττούμενον
1187 889 1388 955 σχέσις,
1441 887 1617 939 οὐκέτ’
1656 886 1720 940 ἂν

123 975 222 1043 εἴη
253 977 315 1028 τὸ
347 976 636 1045 ὑπερέχον,
673 977 762 1027 καὶ
797 976 1210 1045 ἐλαττούμενον·
1254 978 1438 1029 οὐκέτι
1480 978 1616 1048 πρὸς
1654 979 1720 1030 τὰ

123 1065 356 1118 ἐναντία
404 1065 510 1118 τῶν
558 1066 837 1134 ὀνομάτων
889 1068 917 1118 6
972 1066 1083 1135 βίος
1129 1067 1564 1137 διενεχθήσεται·
1621 1069 1720 1122 οὑκ

123 1156 348 1209 ἀνιάσει
385 1156 542 1208 πενία
569 1157 659 1209 τὸν
690 1155 1002 1227 ἄνθρωπον·
1043 1157 1102 1209 οὐ
1131 1157 1456 1210 ταπεινώσει
1489 1157 1716 1210 δουλεία·

119 1248 191 1300 οὔ
223 1247 458 1316 λυπήσει
484 1248 676 1317 ἀτιμία
697 1265 710 1278 ·
743 1250 920 1301 πάντα
950 1249 1058 1319 γὰρ
1088 1248 1238 1300 ἔσται
1266 1251 1397 1301 πᾶσι
1421 1250 1600 1302 κοινά·
1627 1251 1720 1302 καὶ

127 1339 386 1408 ἰσονομία
416 1339 510 1392 καὶ
547 1341 796 1411 ἰσηγορία
829 1341 906 1410 τῷ
936 1339 1034 1410 βίῳ
1076 1340 1182 1392 τῶν
1217 1339 1518 1410 ἀνθρώπων
1551 1341 1720 1408 ἐμπο-

123 1428 439 1481 λιτεύεται·
472 1429 735 1492 ἑκουσίως
789 1429 882 1482 τοῦ
938 1428 1306 1492 πολιτεύοντος
1353 1429 1486 1498 πρὸς
1522 1430 1579 1481 τὸ
1613 1430 1720 1481 λεῖ-

125 1537 234 1570 πον
273 1519 643 1589 ὲξισουμένου.
675 1519 737 1572 Et
767 1519 821 1572 δὲ
844 1519 1000 1572 τοῦτο
1033 1520 1260 1587 γένοιτο,
1295 1520 1472 1573 οὐκέτ’
1494 1520 1559 1574 ἂν
1590 1521 1720 1573 ὑπο-

122 1611 380 1678 λειφθείη
420 1628 504 1674 τις
549 1611 844 1680 ἀπεχθείας
887 1612 1170 1674 ὑπόθεσις·
1220 1613 1384 1681 ἀργὸς
1411 1615 1439 1665 6
1492 1613 1714 1680 φθόνος·

123 1701 326 1770 νεκρὸν
355 1701 415 1754 τὸ
440 1703 594 1771 μῖσος
614 1719 626 1731 ·
657 1703 944 1774 ὑπερόριος
971 1704 1002 1772 ἡ
1034 1704 1386 1771 μνησικακία,
1413 1703 1474 1756 τὸ
1501 1703 1714 1771 ψεῦδος,

123 1793 162 1859 ἡ
201 1792 407 1860 ἀπάτη,
454 1795 482 1844 6
533 1792 802 1862 πόλεμος·
837 1794 999 1863 (ἅπερ
1041 1793 1236 1861 ἔγγονα
1283 1793 1459 1846 πάντα
1501 1796 1565 1864 τῇ
1623 1793 1715 1845 τοῦ

125 1883 378 1944 πλείονος
415 1883 678 1954 ἐπιθυμίᾳ
721 1883 910 1950 ἐστίν.)
950 1884 1192 1949 Ἐκείνης
1234 1885 1289 1938 δὲ
1335 1885 1432 1955 τῆς
1465 1888 1718 1952 ἀσυμπα-

125 1971 258 2033 θοῦς
294 1971 583 2034 διαθέσεως
605 1970 992 2042 ἐξορισθείσης,
1021 1972 1438 2025 συνεκθάλλεται
1482 1974 1714 2034 πάντως.

123 2058 247 2115 οἷόν
282 2080 388 2115 τινι
431 2064 641 2132 πονηρᾷ
670 2063 814 2132 ῥίζῃ,
863 2063 934 2115 τά
981 2063 1079 2132 τῆς
1115 2063 1310 2125 κακίας
1342 2063 1713 2132 βλαστήματα.

127 2154 304 2224 Τῇ-δὲ
334 2153 440 2206 τῶν
471 2153 721 2222 πονηρῶν
745 2153 1088 2223 ὑπεξαιρέσει
1119 2155 1148 2206 6
1171 2153 1279 2214 τῶν
1302 2153 1520 2222 ἀγαθῶν
1549 2153 1718 2206 κατά-

123 2244 296 2312 λογος
339 2243 778 2314 ὰντεισέρχεται,
836 2245 1024 2314 εἰρήνη
1072 2244 1164 2296 καὶ
1223 2244 1571 2312 δικαιοσύνη.
1626 2244 1720 2296 καὶ

127 2336 291 2387 πᾶσα
320 2333 426 2386 τῶν
453 2335 587 2404 πρὸς
609 2334 667 2386 τὸ
695 2336 940 2403 κρεῖττον
987 2334 1286 2404 νοουμένων
1317 2334 1624 2386 ἀκολουθία.
1655 2334 1719 2385 Τί

125 2427 318 2478 τοίνυν
361 2426 426 2478 ἂν
471 2425 558 2496 εἴη
611 2424 1088 2495 μακαριστότερον,
1141 2425 1199 2477 τὸ
1255 2425 1397 2477 οὕτω
1462 2425 1553 2476 τὸν
1607 2425 1719 2494 βίον

126 2517 306 2587 ἔχειν,
345 2516 526 2569 οὐκέτι
569 2517 780 2586 μοχλοῖς
821 2517 913 2568 καὶ
958 2516 1122 2580 λίθοις
1159 2515 1254 2586 τὴν
1290 2516 1586 2584 ἀσφάλειαν
1623 2517 1720 2585 τῆς

129 2609 288 2676 ζωῆς
317 2608 472 2678 ἡμῶν
508 2608 894 2673 πιστευόντων,
942 2608 1053 2660 ἀλλ’
1104 2609 1161 2661 ὲν
1199 2607 1444 2677 ἀλλήλοις
1493 2608 1721 2676 ἠσφαλι-

131 2698 395 2768 σμένων;
434 2699 644 2769 Ὥσπερ
694 2699 802 2768 γὰρ
847 2701 874 2751 ὁ
927 2698 1141 2770 ἀπηνής
1193 2715 1251 2750 τε
1296 2697 1386 2750 καὶ
1431 2696 1717 2766 θηριώδης,

129 2789 422 2858 δυσμενεῖς
450 2789 628 2859 ἑαυτῷ
665 2790 790 2850 τους
820 2790 917 2858 τῆς
950 2788 1268 2860 ἀγριότητος
1289 2789 1722 2858 πεπειραμένους

133 2881 324 2932 ποιεῖ’
379 2878 550 2942 οὕτως
592 2882 656 2932 ἐκ
693 2881 784 2932 τοῦ
835 2880 1072 2932 ἐναντίου
1099 2919 1113 2942 ,
1159 2881 1302 2933 εὖνοι
1367 2879 1598 2941 ἅπαντες
1644 2879 1722 2947 τῷ

131 2967 380 3022 ὲλεοῢντι
417 2970 698 3039 γινόμεθα,
731 2970 971 3038 φυσικῶς
1001 2973 1112 3033 τοῖς
1141 2971 1421 3040 μετέχουσι
1453 2972 1544 3024 τοῦ
1573 2972 1719 3023 ἐλέου

1823 525 2034 594 aequius
2063 532 2116 576 et
2149 524 2333 578 verius
2372 537 2494 576 esse
2529 521 2745 574 videtur
2796 521 3108 589 hujusmodi
3139 523 3394 576 virtutem

1823 634 1890 674 ex
1951 617 2133 671 studio
2193 623 2358 682 atque
2415 613 2694 666 voluntate
2749 613 3043 666 mstimat'e.
3103 612 3236 666 Nam
3303 615 3400 682 qui

1825 711 2024 764 bonum
2060 706 2337 760 voluntate
2368 703 2632 756 duntaxat
2663 703 2713 756 in
2748 705 2934 756 animo
2970 704 3073 756 sibi
3109 708 3400 773 proposuit

1824 816 1886 854 ac
1919 798 2232 858 destinavit,
2272 797 2368 850 sed
2404 796 2606 863 inopia,
2643 796 2937 862 quominus
2997 795 3046 847 id
3102 795 3248 864 quod
3301 797 3400 849 hu-

1824 901 2042 946 nestum
2076 899 2159 944 est
2191 898 2473 956 sequatur,
2509 887 2813 954 prohibitus
2845 895 2950 948 est,
3004 888 3169 940 animi
3227 889 3398 942 desti-

1823 983 2046 1036 natione
2103 980 2275 1034 nihilo
2333 977 2561 1031 inferior
2611 986 2696 1032 est
2757 993 2854 1040 eo,
2917 979 3008 1046 qui
3083 993 3176 1048 per
3235 993 3397 1048 Opera

1821 1075 2156 1127 voluntatem
2192 1085 2346 1124 suam
2374 1070 2632 1123 ostendit.
2662 1068 2782 1121 Jam
2822 1084 2952 1121 vero
2979 1077 3243 1138 quantum
3275 1071 3400 1124 vita:

1825 1169 2039 1220 lucrum
2097 1172 2151 1218 et
2219 1161 2566 1217 commodum
2632 1161 2704 1216 sit
2771 1161 2816 1214 si
2881 1163 3005 1228 quis
3068 1163 3394 1216 sententiam

1825 1255 2183 1310 beatitudinis
2217 1254 2270 1306 in
2302 1255 2443 1306 hanc
2471 1261 2676 1321 partem
2711 1252 2963 1318 accipiat,
2999 1267 3394 1320 supervacuum

1827 1345 1992 1398 fuerit
2017 1357 2314 1411 exponere,
2353 1356 2476 1394 cum
2508 1341 2590 1394 vel
2629 1341 2919 1394 admodum
2975 1342 3316 1408 simplicibus
3345 1351 3396 1393 et

1824 1435 2091 1504 imperitis
2145 1432 2449 1486 manifestae
2479 1433 2590 1486 sint
2641 1448 2717 1485 ea:
2747 1449 2866 1500 quae
2908 1448 2971 1486 ex
3020 1433 3120 1486 hoc
3166 1434 3396 1487 consilio

1821 1525 1942 1578 vitae
1973 1521 2170 1575 confici
2207 1511 2628 1574 commoditates
2680 1522 2910 1588 possint.
2951 1520 3082 1572 Nam
3122 1521 3189 1582 si,
3241 1521 3393 1574 vet-hi

1824 1617 2024 1686 gratia,
2060 1615 2316 1669 omnibus
2363 1615 2632 1682 ejusmodi
2667 1613 2832 1666 animi
2868 1611 3094 1666 allectus
3131 1613 3394 1668 adversm

1823 1708 2110 1762 inferiores
2143 1707 2366 1760 innatus
2400 1715 2564 1768 esset,
2599 1719 2708 1758 non
2751 1705 2985 1772 amplius
3035 1704 3217 1758 fuerit.
3249 1703 3393 1773 quod

1821 1800 1904 1853 vel
1931 1807 2172 1868 praestet,
2199 1797 2280 1851 vel
2305 1797 2538 1850 inferius
2567 1796 2638 1850 sit
2663 1813 2674 1848 :
2705 1811 2810 1848 non
2841 1796 3077 1864 amplius
3101 1797 3152 1847 in
3177 1795 3394 1849 diversa

1822 1893 2043 1946 nomina
2075 1892 2185 1944 vita
2220 1891 2542 1954 diducetur;
2592 1903 2702 1940 non
2757 1887 2985 1941 molesta
3019 1886 3224 1939 homini
3261 1903 3395 1955 pau-

1821 1991 2006 2049 pertas
2036 1981 2140 2034 erit
2169 1998 2182 2044 ;
2220 1995 2324 2032 non
2358 1979 2594 2032 servitus
2625 1977 2890 2046 deprimet
2919 1995 2932 2041 ;
2964 1991 3069 2029 non
3098 1978 3393 2046 ignominia

1821 2081 2020 2141 anget;
2071 2072 2252 2124 omnia
2311 2071 2457 2124 enim
2516 2069 2771 2122 omnibus
2823 2075 2983 2120 erunt
3040 2069 3392 2132 communia;

1820 2163 2179 2231 aaquilihritas
2225 2171 2276 2215 et
2323 2159 2610 2229 aequabilis
2657 2158 2883 2211 trihutio
2933 2158 3112 2226 juris,
3171 2167 3282 2211 tum
3338 2161 3392 2210 in

1825 2254 2093 2312 faciendo,
2129 2260 2240 2306 tum
2285 2252 2338 2305 in
2372 2250 2605 2306 dicendo
2631 2251 2685 2302 in
2719 2250 2827 2301 vita
2863 2249 3144 2302 hominum
3171 2263 3395 2303 exerce-

1821 2344 1986 2404 bitur,
2017 2358 2140 2396 eum
2194 2343 2261 2404 is,
2300 2342 2387 2394 cui
2441 2340 2571 2409 quid
2609 2339 2958 2408 superfuerit,
3007 2355 3131 2392 cum
3168 2355 3255 2402 eo,
3303 2341 3393 2393 cui

1822 2433 2076 2494 defuerit,
2103 2439 2294 2500 sponte
2327 2445 2423 2485 sua
2455 2445 2513 2484 se
2547 2436 2791 2496 exaequet
2819 2447 2830 2480 :
2862 2428 3002 2494 quod
3030 2431 3072 2481 si
3099 2429 3392 2491 accideret,

1823 2525 1971 2577 nulla
1998 2523 2234 2590 amplius
2259 2520 2672 2574 inimicitiarum
2703 2519 2926 2572 materia
2950 2519 3393 2587 relinqueretur:

1824 2621 2066 2668 cessaret
2125 2613 2376 2676 invidia;
2435 2621 2712 2663 mortuum
2753 2609 2979 2671 odium;
3018 2609 3258 2661 etttorris
3307 2610 3395 2660 iu-

1819 2705 2089 2774 juriarnm
2157 2713 2315 2758 tenax
2387 2702 2690 2766 memoria;
2754 2700 3136 2761 mendacium,
3201 2699 3392 2758 fraus.

1825 2797 2022 2874 bel_lum
2064 2795 2204 2864 (qute
2256 2795 2438 2846 otﬁnia
2505 2793 2722 2846 soboles
2772 2799 2934 2856 atque
2985 2804 3222 2858 propago
3273 2790 3396 2858 plus

1826 2888 2059 2942 habendi
2093 2887 2410 2954 cupiditatis
2441 2886 2589 2949 sunt)
2615 2883 2828 2938 sublata
2861 2891 3062 2936 essent.
3099 2881 3188 2932 Illa
3213 2889 3394 2934 autem

1828 2977 2224 3046 int-ompatibili
2291 2976 2758 3043 condolentizeque
2817 2982 3040 3042 experte
3105 2973 3394 3026 affectione

131 3061 240 3130 τὴν
281 3060 500 3130 ἀγάπην
528 3061 876 3123 ὲντίκτοντος.
911 3061 1116 3113 Οὐκοῦν
1141 3063 1285 3113 ἐστιν
1318 3063 1345 3113 6
1371 3062 1532 3125 ἕλεος,
1561 3061 1635 3124 ὥς
1659 3079 1721 3129 γε

1828 3068 2226 3131 exterminata,
2287 3082 2394 3120 uua
2455 3067 2613 3134 plane
2671 3064 2983 3132 ejicientur,
3047 3064 3211 3117 veluti
3271 3079 3394 3116 cum

135 3155 170 3204 6
197 3150 356 3218 λόγος
382 3151 676 3218 ὑπέδειξεν,
705 3153 915 3212 εὐνοίας
942 3152 1143 3220 πατὴρ,
1182 3153 1400 3220 ἀγάπης
1449 3153 1724 3222 ἐνέχυρον,

139 3242 448 3311 σύνδεσμος
489 3243 666 3311 πάσης
703 3242 919 3311 φιλικῆς
957 3243 1276 3305 διαθέσεως·
1319 3243 1416 3312 τῆς
1459 3243 1516 3294 δὲ
1555 3244 1726 3310 ἀσφα-

139 3331 302 3392 λείας
334 3329 556 3400 ταύτης,
591 3331 643 3382 τί
677 3330 740 3382 ἂν
778 3331 1084 3400 ἐπινοηθείη
1127 3333 1266 3384 κατά
1307 3332 1401 3403 τὴν
1433 3331 1576 3400 ζωὴν
1603 3333 1728 3401 ὀχυ-

143 3420 390 3490 ρώτερον
414 3436 427 3482 ;
458 3421 615 3471 Ὥστε
637 3420 858 3482 εἰκότως
890 3422 916 3471 ὁ
943 3421 1111 3488 Λόγος
1139 3423 1428 3491 μακαρίζει
1460 3422 1550 3474 τὸν
1573 3421 1725 3492 ἐλεή-

145 3525 312 3578 μονα,
341 3509 605 3562 τοσούτων
635 3509 852 3578 ἀγαθῶν
897 3510 971 3580 τῷ
1009 3512 1229 3580 ὀνόματι
1266 3513 1440 3582 τούτῳ
1473 3515 1728 3583 ἐμφαινο-

146 3601 352 3669 μένων.
397 3601 556 3652 Ἀλλά
583 3601 641 3652 τὸ
678 3601 774 3670 μὲν
816 3601 1049 3672 βιωφελῆ
1089 3603 1186 3672 τὴν
1214 3603 1468 3672 τοιαύτην
1502 3603 1730 3672 συμϐου-

143 3691 252 3762 Αὴν
279 3685 435 3752 εἶναι,
479 3692 676 3754 παντός
717 3694 828 3744 ἐστι
883 3692 955 3762 μὴ
1006 3693 1300 3761 ἀγνοῆσαι·
1337 3695 1459 3761 ἐμοὶ
1495 3695 1550 3746 δὲ
1587 3693 1732 3746 δοκεῖ

146 3780 316 3832 πλέον
345 3798 396 3832 τι
434 3781 540 3834 τῶν
579 3784 642 3834 ὲκ
681 3781 773 3835 τοῦ
820 3783 1105 3852 προχείρου
1160 3785 1482 3852 νοουμένων.
1528 3786 1592 3854 τῇ
1636 3782 1729 3835 τοῦ

153 3866 443 3939 μέλλοντος
492 3873 713 3943 ἐκλήψει
786 3873 851 3925 δι’
903 3874 1228 3945 ἀπορρήτων
1295 3875 1635 3944 παραδηλοῦν
1698 3877 1730 3944 ή

149 3960 380 4013 διάνοια.
407 3961 693 4030 Μακάριοι
714 3964 840 4036 γὰρ,
861 3964 1043 4032 φησιν,
1068 3968 1120 4017 οἱ
1143 3965 1484 4032 ἐλεήμονες·
1512 3965 1598 4017 ὅτι
1631 3969 1730 4018 αὐ-

147 4049 246 4104 τοὶ
286 4051 756 4120 ἐλεηθήσονται·
801 4055 876 4118 ὼς
934 4054 1156 4123 ὕστερον
1206 4055 1570 4125 ἀποκειμένης
1619 4058 1731 4117 τοῖς

152 4140 369 4192 ἐλεοῦσι
400 4141 500 4210 τῆς
537 4143 676 4196 κατά
704 4144 793 4197 τὸν
828 4145 970 4196 ἔλεον
1006 4144 1342 4208 ἀντιδόσεως.

1829 3175 1992 3226 prava
2027 3159 2260 3226 quadam
2318 3158 2522 3216 radice,
2557 3156 2720 3210 etiam
2779 3155 3094 3208 vitiositatis
3125 3155 3394 3223 germina.

1829 3250 1884 3302 In
1943 3251 2120 3303 lacum
2173 3259 2354 3302 autem
2395 3256 2770 3317 exemplorum
2818 3247 3083 3300 malorum
3140 3246 3398 3300 succedet

1829 3341 2098 3395 bonorum
2120 3348 2359 3404 caterva,
2391 3355 2518 3408 pax,
2549 3347 2602 3392 et
2625 3339 2858 3406 jnstitia.
2880 3337 3164 3405 omnisque.
3186 3350 3395 3395 eorum,

1833 3447 1954 3502 qut-'0
1990 3433 2042 3484 in
2086 3433 2366 3484 meliorem
2415 3439 2623 3498 partem
2667 3429 3063 3496 intelliguntur,
3106 3427 3400 3480 comitatus

1827 3530 1989 3588 atque
2039 3519 2280 3588 sequela.
2346 3517 2488 3584 Quid
2543 3517 2709 3585 igitur
2761 3519 2932 3584 magis
2987 3516 3202 3570 beatum
3239 3515 3402 3568 fuerit

1825 3609 2209 3678 judicandum,
2249 3624 2410 3677 quam
2463 3609 2504 3661 si
2541 3608 2612 3660 ita
2641 3607 2877 3670 vivatur,
2915 3617 2972 3660 ut
3023 3622 3131 3660 non
3168 3607 3401 3674 amplius

1827 3702 2072 3754 vectibus
2112 3709 2166 3754 et
2217 3699 2491 3767 lapidibus
2523 3699 2644 3752 vita:
2679 3705 2880 3750 nostra:
2912 3697 3180 3750 securitas
3207 3695 3400 3749 creda-

1829 3799 1936 3852 tur,
1976 3791 2068 3844 sed
2104 3789 2310 3842 mutuis
2339 3787 2528 3841 officiis
2559 3787 2752 3839 muniti
2787 3787 3003 3840 simus?
3051 3785 3404 3855 quemadmo-

1830 3883 1957 3935 dum
1993 3880 2138 3934 enim
2175 3863 2400 3932 immitis
2429 3887 2482 3930 et
2505 3878 2764 3932 efferatus
2797 3877 3039 3930 infensos
3069 3885 3122 3930 et
3151 3876 3403 3928 inimicos

1827 3971 2006 4027 effecit
2062 3985 2198 4034 eos,
2259 3969 2353 4038 qui
2413 3967 2687 4023 feritatem
2745 3977 2908 4036 atque
2957 3968 3220 4021 sazvitiam
3283 3965 3402 4032 ejus

1827 4063 2034 4131 experti
2089 4062 2242 4116 sint:
2292 4061 2374 4116 sic
2423 4075 2488 4114 ex
2554 4060 2834 4113 contrario
2885 4059 3164 4112 misereuti
3211 4071 3404 4110 omnes

1833 4147 2078 4200 benevoli
2136 4146 2433 4207 eflicimur,
2497 4146 2876 4199 misericordia
2949 4145 3404 4214 participantihus

153 4231 506 4286 dilectionem
574 4235 899 4289 naturaliter
948 4234 1318 4304 ingenerante.
1372 4236 1516 4304 Ergo
1581 4234 1979 4297 misericordia,
2019 4245 2080 4290 ut
2142 4237 2388 4290 definitio
2424 4238 2642 4305 quidem
2715 4234 2974 4296 ostendit,
3015 4234 3406 4287 benevolentiae

155 4331 336 4376 mater
382 4331 500 4387 est,
559 4324 872 4400 dilectionis
941 4326 1158 4395 pignus,
1219 4327 1500 4380 vinculum
1559 4327 1739 4380 omnis
1815 4328 2004 4380 amiraa
2068 4327 2410 4381 affectionis:
2457 4328 2558 4379 hac
2596 4340 2726 4380 vero
2755 4326 3004 4378 cautione
3055 4333 3215 4392 atque
3249 4337 3406 4374 secu-

153 4414 563 4480 ritate,quidin
596 4415 705 4468 vita
739 4417 946 4471 firmius
968 4424 1020 4470 et
1042 4417 1212 4470 tutius
1251 4418 1546 4487 excogitari
1606 4417 1817 4487 possit?
1857 4416 2040 4486 Itaque
2101 4419 2294 4471 merito
2360 4416 2596 4470 Verbum
2627 4457 2640 4480 ,
2683 4414 3120 4468 Amiserieordem
3189 4414 3404 4467 beatum

149 4504 388 4571 judicat,
421 4520 546 4558 cum
579 4513 656 4560 tot
700 4507 752 4559 in
811 4507 912 4559 hoc
963 4507 1185 4560 nomine
1263 4507 1402 4560 bona
1447 4513 1764 4576 appareant.
1841 4506 2108 4560 Cancrum
2160 4505 2304 4575 quod
2358 4505 2464 4558 hoc
2514 4504 2731 4572 quidem
2785 4503 3078 4557 consilium
3133 4503 3256 4554 vitae
3299 4516 3406 4554 non

155 4594 359 4648 inutile
409 4595 517 4662 sit,
579 4596 823 4665 cujusvis
883 4606 962 4652 est
1033 4597 1175 4649 haud
1245 4596 1542 4666 ignorare:
1604 4597 1736 4649 mihi
1779 4604 1960 4650 autem
1993 4597 2197 4664 aliquid
2229 4595 2484 4662 amplius,
2512 4608 2672 4660 quam
2703 4607 2786 4652 ea,
2819 4607 2938 4659 quae
2996 4591 3168 4660 prima
3231 4589 3410 4644 fror.:e

157 4685 564 4756 intelliguntur,
598 4689 950 4758 expressioue
977 4689 1238 4757 temporis
1273 4688 1442 4740 futuri
1471 4688 1738 4742 sententia
1814 4701 1912 4756 per
1983 4700 2182 4739 arcana
2235 4685 2465 4738 innuere
2521 4683 2753 4737 videtur.
2809 4681 2962 4734 Beati
2996 4678 3164 4740 enim,
3209 4681 3406 4751 inquit,

159 4781 564 4845 misericordes,
609 4782 860 4850 quoniam
917 4781 1018 4846 ipsi
1078 4780 1500 4834 misericordiam
1554 4789 1978 4848 consequentur;
2013 4779 2170 4848 quasi
2200 4779 2254 4832 in
2326 4787 2602 4848 posterum
2662 4775 2940 4828 recondita
3003 4776 3390 4830 miserantibus

163 4871 560 4928 misericOrdite
591 4871 1047 4924 remuneratione.

233 4959 444 5014 Οὐκοῦν
483 4961 558 5022 ὡς
600 4960 664 5012 ἂν
708 4953 808 5010 οἷοί
849 4976 908 5010 τε
940 4953 1087 5027 ὦμεν
1116 4958 1210 5026 τὴν
1241 4957 1504 5028 εὔληπτον
1537 4957 1726 5025 ταύτηι

1916 4953 2058 5022 Ergo
2085 4963 2244 5023 prout
2263 4954 2562 5022 poterimus
2580 4954 2786 5008 omisso
2809 4953 2911 5006 hoc
2935 4951 3076 5005 facili
3111 4953 3409 5022 intellectu,

157 5054 258 5107 καὶ
305 5055 370 5104 ἐκ
425 5051 517 5104 τοῦ
584 5050 870 5120 προχείρου
918 5053 1027 5112 τοῖς
1078 5050 1291 5112 πολλοῖς
1350 5051 1740 5119 εὑρισκομένην

159 5139 557 5201 καταλιπόντες
584 5139 839 5202 διάνοιαν,
871 5141 1005 5209 πρὸς
1042 5139 1102 5190 τὸ
1146 5138 1407 5210 ἐσώτερον
1444 5138 1536 5190 τοῦ
1573 5155 1740 5188 κατα-

163 5229 514 5299 πετάσματος
545 5229 918 5298 διακόψαι,τῷ
959 5228 1100 5297 λόγῳ
1147 5227 1284 5280 κατά
1310 5227 1370 5279 τὸ
1401 5227 1620 5279 δυνατὸν
1653 5228 1744 5292 ἐγ-

161 5323 526 5392 χειρήσωμεν.
545 5319 833 5387 Μακάριοι
859 5321 912 5370 οἱ
929 5317 1371 5386 ἐλε-ἠμονες,ὄτι
1398 5317 1566 5370 αὐτοὶ
1583 5318 1745 5383 ἐλεη-

163 5411 473 5475 θήσονται.
515 5411 670 5463 Ἔστι
702 5410 798 5480 μὲν
825 5405 916 5462 οὖν
948 5426 1001 5460 τι
1046 5409 1139 5461 καὶ
1170 5407 1452 5476 δογμάτων
1477 5407 1737 5476 ὑψηλότε-

167 5515 259 5566 ρον
313 5500 370 5550 ἐν
410 5497 487 5566 τῷ
533 5498 674 5567 λόγῳ
717 5498 934 5566 μαθεῖν·
988 5497 1068 5549 ὅτι
1115 5495 1329 5548 πάντων
1379 5492 1599 5559 ἀγαθῶν
1645 5493 1742 5556 τὰς

165 5587 420 5656 ἀφορμὰς
447 5589 475 5639 ὁ
505 5590 622 5640 κατ’
645 5589 828 5640 εἰκόνα
859 5586 1049 5640 ἑαυτοῦ
1071 5587 1301 5655 ποιήσας
1330 5583 1418 5634 τὸν
1439 5582 1740 5650 ἄνθρωπον,

167 5679 234 5747 τῇ
270 5677 428 5747 φύσει
456 5679 547 5731 τῶ
586 5677 894 5746 πλάσματος
931 5675 1239 5740 ἐναπέθετο,
1277 5673 1351 5736 ὡς
1409 5672 1572 5742 μηδὲν
1611 5673 1742 5742 ἡμῖν

1842 5045 1934 5112 qui
1973 5051 2222 5112 prompte
2247 5043 2531 5112 primoque
2563 5053 2784 5112 aspectu
2824 5059 2853 5095 a
2899 5045 3057 5112 vulgo
3091 5047 3409 5112 percipitur,

1844 5135 1910 5188 ad
1941 5138 2114 5188 velum
2162 5134 2415 5196 interius,
2451 5134 2664 5186 ratione
2701 5149 2799 5201 pro
2849 5133 3058 5188 viribus
3103 5138 3416 5203 prospicere

1843 5240 2126 5278 conemur.
2178 5224 2331 5278 Beati
2371 5224 2739 5276 misericordes
2767 5263 2780 5285 ,
2817 5225 3068 5289 quoniam
3118 5226 3217 5291 ipsi
3251 5227 3413 5279 mise-

1845 5316 2132 5369 ricordiam
2165 5324 2560 5384 consequentur.
2594 5313 2711 5367 Jam
2741 5329 2870 5367 vero
2903 5323 3106 5368 certam
3135 5316 3416 5370 stabilem-

1847 5423 1952 5477 que
1969 5408 2294 5462 sententiam
2320 5407 2610 5474 quamdam
2633 5413 2685 5459 et
2719 5405 3088 5458 sublimiorem
3111 5406 3413 5458 doctrinam

1846 5513 1944 5566 per
1977 5497 2090 5550 htcc
2119 5497 2283 5550 verba
2315 5497 2526 5551 discere
2559 5497 2682 5549 licet
2709 5513 2722 5559 ;
2754 5496 2898 5564 quod
2949 5495 3207 5547 nimirum
3244 5493 3290 5547 is
3323 5492 3416 5562 qui

1843 5588 2000 5656 juxta
2068 5586 2154 5641 sui
2225 5587 2516 5656 imaginem
2589 5587 2861 5640 hominem
2939 5585 3106 5647 fecit,
3171 5584 3416 5636 omnium

1849 5679 2120 5732 bonorum
2176 5677 2435 5731 materias
2487 5686 2647 5745 atque
2691 5673 2934 5730 subsidia
2981 5673 3036 5726 in
3083 5679 3276 5725 natura
3329 5669 3413 5726 sui
