3844 6224
432 314 454 363 1
464 313 572 364 255

1627 307 1687 364 S.
1723 301 2054 360 CBEGOBII
2093 300 2382 359 NYSSENI

3573 303 3704 356 {23:6

428 423 614 494 operis
645 423 983 493 deposuerit,
1013 435 1073 478 ut
1105 426 1254 478 nulla
1285 441 1375 479 res
1408 425 1549 479 bona
1584 432 1746 493 atque
1776 423 2001 475 honesta

2115 422 2214 475 τῶν
2248 423 2427 476 καλῶν
2469 423 2666 487 ἔξωθεν
2698 422 3157 493 ἐπεισκρίνεσθαι,
3191 422 3307 474 ἀλλ’
3334 423 3425 489 ἐφ’
3454 422 3605 489 ἡμῖν
3641 415 3706 469 εἶ·

429 516 775 570 extrinsecus
813 517 864 568 in
922 533 1021 570 nos
1062 532 1120 570 se
1168 517 1383 584 ingerat
1413 525 1467 571 et
1511 515 1776 577 insinuet,
1813 514 1905 568 sed
1949 514 2002 566 in

430 611 701 670 potestate
745 613 932 657 nostra
967 607 1058 668 sit,
1116 615 1176 658 ut
1207 606 1524 667 habeamus,
1567 605 1712 675 quod
1750 605 2001 664 velimus.

432 702 690 762 tanquam
740 709 805 748 ex
867 695 1001 747 cella
1061 695 1297 764 quadam
1341 697 1625 765 penuaria,
1681 712 1749 750 ex
1809 705 2004 749 natura

430 784 632 837 bonum
668 796 1024 853 promentes;
1065 802 1162 856 per
1192 787 1491 856 singularia
1541 788 1686 841 enim
1730 796 1779 841 et
1832 788 2005 856 parti-

429 876 640 930 cularia
673 878 741 931 de
788 879 1191 932 universalibus
1223 881 1510 940 docemur,
1547 880 1690 946 quod
1745 895 1852 932 non
1899 879 2004 931 alia

432 967 644 1022 ratione
674 969 833 1036 p0Iiri
862 970 988 1039 quis
1037 971 1213 1039 possit
1250 985 1467 1032 eorum,
1514 985 1637 1039 qua:
1684 969 1857 1037 cupit,
1901 969 2005 1022 nisi

434 1060 552 1128 ipse
581 1060 686 1114 sibi
738 1062 937 1116 bonum
992 1063 1295 1132 largiatur:
1345 1065 1698 1131 quamobrem
1746 1062 2006 1116 Dominus

433 1153 633 1206 alicubi
661 1153 793 1206 dicit
821 1155 885 1207 ad
915 1155 1195 1209 auditores
1224 1155 1291 1216 ",
1323 1153 1556 1223 Regnum
1589 1154 1685 1207 Dei
1744 1155 1883 1206 intra
1919 1170 2006 1206 vos

432 1253 545 1307 est;
593 1253 668 1305 et,
716 1243 1026 1312 Quicunque
1075 1247 1226 1314 petit,
1261 1247 1502 1314 accipit:
1555 1255 1605 1297 et
1659 1246 1750 1314 qui
1796 1247 2006 1311 συσπ-Η,

433 1334 670 1396 invenit;
715 1344 764 1386 et
797 1336 1036 1401 pulsanti
1093 1337 1357 1403 aperietur
1380 1337 1461 1402 ³³;
1513 1345 1572 1389 ut
1617 1345 1670 1388 et
1706 1336 2007 1401 accipiendi

433 1423 581 1492 quod
632 1423 994 1486 desideretur,
1043 1432 1098 1479 et
1148 1426 1460 1480 inveniendi
1509 1426 1652 1492 quod
1702 1438 2002 1493 qmeratur,

434 1522 489 1567 et
523 1515 833 1567 introeundi
882 1529 992 1582 quo
1039 1517 1350 1584 cupiamus,
1391 1532 1557 1585 penes
1611 1532 1712 1570 nos
1763 1524 2008 1585 potestas

435 1605 552 1667 sit,
591 1615 643 1658 et
692 1620 722 1657 a
771 1617 962 1658 nostro
997 1608 1226 1672 pendeat
1263 1608 1516 1672 arbitrio,
1573 1623 1698 1661 cum
1758 1608 2006 1660 velimus.

437 1697 592 1752 Unde
644 1714 739 1767 per
795 1713 1138 1766 consequens
1202 1697 1367 1750 simul
1424 1698 1691 1765 probatur
1737 1699 1900 1749 etiam
1957 1696 2008 1749 id

435 1791 580 1859 quod
614 1807 678 1842 ex
719 1792 998 1842 contrario
1033 1789 1372 1858 intelligitur,
1397 1789 1814 1860 quodnimirum
1844 1789 2007 1841 etiam

438 1881 722 1932 inclinatio
753 1887 914 1946 atque
944 1881 1238 1947 propensio
1282 1879 1335 1932 in
1382 1881 1583 1932 malum
1635 1881 1784 1933 nulla
1822 1896 2011 1934 neces-

436 1971 598 2023 sitate
620 1971 968 2023 extrinsecus
994 1970 1299 2037 expellente
1331 1971 1658 2026 innascitur.
1706 1971 1800 2024 sed
1847 1971 2010 2023 simul

437 2071 596 2127 atque
634 2061 1049 2128 sumpserimus,
1072 2060 1272 2113 malum
1295 2061 1569 2124 subsistit,
1592 2068 1723 2115 tunc
1741 2061 1793 2113 in
1828 2076 2008 2114 rerum

439 2158 686 2202 naturam
719 2153 1061 2217 proveniens,
1081 2165 1204 2203 cum
1224 2153 1664 2220 sumpserimus;
1697 2163 1854 2205 extra
1879 2167 2011 2205 vero

435 2241 764 2293 destinatam
799 2241 963 2293 animi
999 2242 1333 2295 voluntatem
1382 2243 1560 2310 ipsum
1600 2257 1694 2310 per
1732 2259 1854 2296 sese
1895 2257 2012 2294 ma-

437 2330 546 2382 lum
567 2331 865 2385 secundum
884 2333 1154 2400 propriam
1173 2333 1536 2386 substantiam
1559 2348 1827 2402 nusquam
1846 2335 2010 2386 situm

437 2422 727 2490 reperitur.
777 2420 848 2473 Et
887 2422 971 2474 his
1003 2430 1183 2475 autem
1225 2425 1416 2486 libera,
1463 2424 1643 2491 plena,
1690 2439 2014 2491 summaque

435 2518 698 2579 potestas.
728 2527 889 2579 quam
941 2511 994 2564 in
1029 2519 1226 2564 natura
1286 2512 1548 2567 Dominus
1586 2521 1796 2565 natura:
1846 2513 2008 2565 fabri-

435 2608 595 2656 catus
647 2610 750 2665 est,
802 2611 990 2669 aperte
1031 2601 1486 2658 demonstratur:
1529 2615 1816 2673 propterea
1863 2603 2011 2672 quod

435 2693 643 2759 omnia,
691 2695 805 2748 sive
837 2695 998 2755 bona,
1036 2695 1151 2748 sive
1186 2695 1324 2747 mala
1352 2696 1482 2756 sint,
1515 2711 1580 2748 ex
1617 2705 1805 2749 nostra
1842 2695 2011 2748 libera

437 2783 718 2839 voluntate
758 2784 1104 2852 dependent;
1160 2795 1215 2838 et
1262 2785 1407 2854 quod
1446 2786 1693 2839 divinum
1743 2785 2009 2852 judicium

437 2878 753 2947 incorrupta
806 2879 1065 2946 justaque
1116 2879 1388 2932 sententia
1461 2893 1700 2945 sequens
1758 2891 1842 2937 ea,
1892 2890 2014 2943 quze

433 2966 588 3034 juxta
630 2967 966 3035 propositum
1016 2972 1262 3018 nostrum
1304 2966 1595 3018 commissa
1629 2979 1694 3017 ac
1726 2965 2011 3031 designata

2104 531 2193 566 ναι
2219 515 2357 584 ὅπερ
2381 513 2702 585 βουλόμεθα,
2733 510 2844 568 οἷον
2876 517 2940 567 ἐκ
2981 513 3203 582 ταμείου
3237 511 3383 574 τινὸς
3415 525 3708 580 προχειρι-

2105 608 2364 675 ζομένους
2392 609 2453 661 τὸ
2481 609 2683 676 ἀγαθὸν
2711 610 2774 660 ἐκ
2809 607 2908 675 τῆς
2938 609 3181 674 φύσεως·
3214 604 3324 656 ἀπὸ
3353 603 3576 672 μέρους
3609 599 3712 668 γὰρ

2106 703 2234 773 περὶ
2280 701 2376 754 τοῦ
2414 701 2613 763 παντὸς
2647 698 3027 768 διδασκόμεθα,
3055 698 3136 750 ὃτι
3181 696 3282 748 οὐκ
3327 695 3484 746 ἐστιν
3533 691 3710 751 ἄλλως

2107 793 2225 845 τινὰ
2255 793 2362 844 τῶν
2399 795 2519 846 κατ’
2551 792 2846 861 ἐπιθυμίαν
2875 793 3075 858 τυχεῖν,
3111 789 3183 858 μὴ
3221 788 3385 840 αὑτὸν
3427 783 3626 852 ἐαυτῷ
3655 782 3714 833 τὸ

2107 881 2312 949 ἀγαθὸν
2339 882 2696 952 χαριζόμενον
2713 895 2725 909 ·
2749 880 2830 932 διό
2863 879 2994 947 φησί
3020 895 3122 930 που
3150 878 3283 946 πρὸς
3308 875 3442 936 τοὺς
3473 873 3712 926 ἀκούον-

2104 988 2204 1036 τας
2248 975 2278 1026 ό
2328 975 2551 1043 Κύριος,
2598 973 2680 1025 ὅτι
2724 972 2796 1024 Ἡ
2829 969 3118 1033 ,ϐασιλεία
3166 967 3271 1020 τοῦ
3327 965 3484 1018 Θεοῦ
3531 963 3712 1027 ἐντιίς

2106 1055 2279 1130 ὑμῶν
2307 1055 2502 1110 ἐστιν·
2526 1063 2639 1117 καὶ,
2660 1061 2742 1113 ὃτι
2780 1057 2905 1122 Πᾶς
2947 1061 2980 1111 ό
3029 1058 3210 1110 αίτῶν
3239 1055 3566 1124 λαμϐάνει,
3611 1053 3710 1105 καὶ

2107 1154 2142 1205 ὁ
2178 1149 2365 1218 ζητῶν
2400 1153 2664 1219 εὑρίσκει
2683 1191 2698 1213 ,
2730 1149 2829 1203 καὶ
2856 1148 2936 1213 τῷ
2964 1150 3236 1216 κρούοντι
3271 1144 3706 1213 ἀνοιγήσεται·

2105 1243 2182 1306 ὡς
2215 1245 2308 1298 καλ⁵
2349 1244 2409 1296 τὸ
2455 1243 2637 1296 λαϐεῖν
2686 1243 2744 1295 τὺ
2778 1241 3131 1310 ποθούμενον,
3172 1239 3262 1290 καὶ
3295 1237 3355 1289 τὺ
3410 1238 3608 1305 εὑρεῖν
3650 1234 3712 1286 τὸ

2109 1335 2458 1406 ζητούμενον,
2495 1336 2589 1388 καὶ
2622 1335 2680 1387 τὸ
2732 1334 2882 1396 ἐντὸς
2912 1333 3017 1385 τῶν
3056 1330 3516 1398 ἐπιθυμουμὲνων
3549 1325 3710 1392 γενέ-

2111 1429 2252 1489 σθαι,
2282 1430 2364 1495 ἐφ’
2393 1429 2522 1497 ἡμῖν
2551 1423 2687 1478 εἶναι
2718 1427 2845 1478 ὅταν
2879 1421 3208 1493 βουλώμεθα.
3239 1421 3334 1472 καὶ
3362 1419 3469 1488 τῆς
3496 1417 3709 1487 ἡμετὲ-

2114 1538 2211 1590 ρας
2237 1520 2564 1592 ἐξηρτῆσθαι
2593 1517 2835 1586 γνώμης.
2863 1510 2933 1584 ᾯ
2966 1512 3107 1566 κατὰ
3138 1511 3198 1562 τὺ
3222 1508 3524 1562 ἀκόλουθον
3577 1525 3711 1575 συγ-

2110 1611 2598 1674 κατασκευάζεται,
2633 1611 2726 1660 καὶ
2770 1607 2832 1660 τὸ
2880 1606 2938 1671 ἐξ
2985 1603 3227 1656 ἐναντίου
3258 1601 3582 1668 νοούμενον,
3625 1601 3708 1653 ὅτι

2042 1751 2082 1804 Β
2109 1706 2260 1773 καὶὴ
2296 1703 2430 1773 πρὸς
2459 1702 2518 1752 τὸ
2545 1703 2725 1771 χεῖρον
2766 1698 2927 1768 ῥοπὴ,
2973 1698 3240 1767 μηδεμιᾶς
3275 1697 3477 1762 ἔξωθεν
3511 1693 3709 1763 βιαζο-

2115 1798 2281 1868 μένης
2323 1794 2566 1861 ἀνάγκης
2615 1789 2908 1858 ἐγγίνεται,
2953 1789 3066 1841 ἁλλ’
3105 1787 3238 1858 ὁμοῦ
3282 1787 3342 1840 τὸ
3384 1787 3615 1839 ἑλέσθαι
3645 1785 3709 1837 τὸ

2111 1889 2299 1945 κακὸν,
2345 1885 2652 1952 ὑφίσταται,
2697 1881 2817 1933 τότε
2856 1883 2934 1942 είς
2971 1880 3181 1946 γένεσιν
3228 1877 3704 1949 παραγενόμενον.

2109 1981 2234 2032 ὅταν
2268 1975 2548 2046 ἑλώμεθαο
2581 1974 2711 2026 αὐτὸ
2749 1972 2804 2023 δὲ
2850 1973 2933 2038 ἐφ’
2973 1969 3165 2023 ἐαυτοῦ
3215 1970 3336 2021 κατ’
3376 1967 3519 2020 ἰδίαν
3565 1968 3705 2020 ὑπό-

2114 2087 2299 2124 στασιν
2334 2068 2436 2132 ἐξω
2470 2065 2858 2135 προαιρέσεως,
2887 2061 3122 2130 οὐδαμοῦ
3156 2058 3216 2112 τὸ
3249 2059 3420 2112 κακὸν
3444 2058 3704 2126 εὖρίσκε·

2111 2179 2199 2214 ται
2219 2160 2486 2228 κείμενον.
2513 2157 2606 2208 Ἐκ
2633 2155 2686 2207 δὲ
2717 2153 2920 2206 τούτων
2948 2149 3338 2220 ὴαὺτοκρατής
3354 2164 3418 2200 τε
3446 2148 3545 2200 καὶ
3569 2147 3703 2199 οὑτ-

2111 2251 2350 2315 εξούσιος
2377 2249 2624 2316 δύναμις,
2654 2246 2720 2315 ῆν
2749 2244 3131 2312 ἐνετεκτήνατο
3157 2242 3224 2310 τῇ
3259 2239 3421 2309 φύσει
3462 2238 3578 2291 τῶν
3609 2240 3704 2291 ἀν-

2113 2341 2344 2412 θρώπων
2386 2341 2414 2392 6
2450 2339 2549 2406 τῆς
2575 2337 2788 2404 φύσεως
2825 2333 3048 2402 Κύριος,
3079 2330 3264 2398 σαφῶς
3302 2329 3700 2394 ἐπιδείκνυται,

2111 2433 2199 2486 διὰ
2232 2429 2325 2484 τοῦ
2357 2429 2530 2483 πάντα
2564 2427 2666 2495 τῆς
2694 2428 3064 2495 προαιρέσεως
3090 2423 3187 2492 τῆς
3213 2421 3493 2492 ἡμετέρας
3526 2421 3700 2490 ﬂgiti;-

2098 2523 2258 2582 oOat,
2289 2523 2396 2575 εἴτε
2428 2518 2628 2586 ἀγαθὰ,
2663 2516 2773 2568 εἴτε
2801 2516 3017 2585 χείρονα
3037 2531 3050 2544 ⁸
3083 2513 3180 2583 τὴν
3219 2513 3275 2565 δὲ
3321 2511 3477 2566 θείαν
3515 2515 3702 2582 κρίσιν

2112 2614 2390 2682 ἀδεκάστῳ
2428 2611 2520 2664 καὶ
2556 2607 2749 2675 δικαίῳ
2786 2607 2953 2675 ψήφῳ
2981 2605 3082 2673 τῆς
3117 2603 3257 2657 κατὰ
3293 2603 3389 2674 τὴν
3418 2604 3702 2673 ἡμετέραν

2113 2704 2368 2776 πρόθεσιν
2411 2701 2702 2771 ἑπομένην,
2744 2699 2919 2750 ἐκεῖνο
2962 2697 3145 2766 νέμειν
3192 2694 3428 2764 ἑκάστῳ,
3459 2695 3601 2764 ὅπερ
3635 2693 3702 2746 ἄν

2114 2794 2290 2865 ἐαυτῷ
2329 2811 2411 2855 τις
2453 2790 2822 2861 παρεχόμενος
2873 2787 3039 2858 τύχῃ·
3072 2788 3182 2848 τοῖς
3223 2785 3338 2854 μὲν,
3377 2784 3569 2848 καθώς
3597 2802 3705 2854 φη-

2115 2902 2200 2937 σιν
2225 2886 2254 2936 ό
2286 2881 2625 2942 Ἀπόστολος,
2656 2877 2777 2930 καθ’
2805 2877 3078 2944 ὑπομονὴν
3104 2875 3267 2944 ἔργου
3297 2872 3501 2940 ἀγαθοῦ
3541 2873 3702 2936 δόξαν

2115 2974 2208 3026 καὶ
2240 2973 2404 3042 τιμὴν
2433 2968 2673 3039 ζητοῦσι,
2702 2968 2846 3036 ζωὴν
2879 2965 3129 3019 αἰώνιον·
3167 2966 3280 3027 τοῖς
3311 2964 3368 3017 δέ
3409 2965 3702 3018 ἀπειθοῦσι

439 3059 572 3118 sint,
610 3058 807 3126 cuique
842 3058 1034 3110 tribuit
1085 3056 1139 3110 id
1199 3057 1342 3126 quod
1387 3057 1514 3125 quis
1556 3057 1662 3112 sibi
1715 3057 1830 3124 ipse
1878 3056 2009 3108 forte

2119 3063 2219 3132 μὲν
2248 3064 2314 3132 τῇ
2347 3059 2594 3129 ἀληθείᾳ,
2623 3056 2963 3125 πειθομένοις
2994 3055 3049 3107 δὲ
3075 3057 3140 3124 τῇ
3175 3054 3376 3123 ἀδικία,
3401 3055 3580 3124 ὀργὴν
3609 3055 3702 3107 καὶ

440 3149 755 3216 przestiterit
787 3167 798 3199 :
836 3147 920 3200 his
946 3146 1322 3215 quidem,qui,
1344 3157 1401 3200 ut
1425 3146 2004 3216 inquitApostolus”,

443 3242 859 3305 perseverantes
892 3234 946 3286 in
981 3235 1125 3288 bono
1174 3249 1339 3302 opere
1379 3237 1607 3305 gloriam
1652 3244 1707 3289 et
1746 3235 2008 3288 honorem

439 3331 716 3394 quaerunt,
749 3325 913 3377 vitam
941 3333 1235 3390 aeternam;
1262 3325 1330 3378 iis
1368 3339 1498 3380 vero
1526 3325 1618 3393 qui
1650 3325 1871 3378 veritati
1899 3338 2007 3377 non

440 3416 842 3484 obtemperant,
872 3413 965 3468 sed
985 3410 1266 3480 iniustitia:
1291 3429 1494 3468 morem
1518 3421 1734 3483 gerunt,
1751 3415 2010 3479 iram,al'-

439 3505 732 3558 dictionem
772 3513 827 3558 et
870 3503 1055 3557 omnia
1098 3517 1440 3572 quaecunque
1473 3505 1695 3559 nomina
1741 3507 1808 3559 ad
1853 3521 2010 3561 acer-

442 3595 567 3650 bam
606 3606 660 3651 et
692 3596 906 3649 tristem
959 3598 1231 3663 pertinent
1275 3597 1712 3652 retributionem.
1739 3597 2013 3664 Quemad-

442 3686 662 3740 modum
688 3685 832 3740 enim
881 3685 1017 3740 artis
1069 3694 1294 3749 exacta,
1350 3687 1543 3755 proba,
1588 3702 1716 3740 vera
1755 3695 2014 3757 certaque

441 3777 684 3846 specula,
723 3777 859 3830 tales
894 3777 1139 3831 vultuum
1181 3776 1480 3830 ostendunt
1518 3777 1742 3846 etligies,
1796 3779 2012 3846 quales-

442 3883 659 3938 cunque
689 3867 792 3937 ipsi
834 3868 1017 3922 vultus
1052 3868 1183 3928 sint,
1217 3868 1418 3920 hilares
1454 3868 1673 3936 quidem
1716 3869 2006 3929 alaerium,

441 3957 665 4014 demissi
705 3968 906 4022 autem,
934 3958 1150 4014 obscuri
1183 3966 1238 4013 et
1279 3959 1536 4012 inamoeni
1576 3959 1922 4013 mmrentium
1949 3974 2013 4013 ac

443 4049 796 4114 tetricorum;
830 4064 931 4102 nec
972 4049 1180 4118 speculi
1225 4057 1476 4104 naturam
1529 4050 1729 4118 aliquis
1793 4051 2013 4119 culpare

453 4141 655 4210 possit,
703 4141 748 4194 si
799 4149 937 4193 tetra
987 4147 1042 4194 et
1087 4140 1360 4193 inamwna
1407 4147 1792 4208 repraesentata
1851 4140 2014 4194 fuerit

445 4230 670 4300 el‘ligies,
697 4229 985 4300 principali
1022 4228 1199 4282 forma
1241 4238 1466 4298 propter
1508 4244 1800 4282 mmrorem
1848 4229 2014 4283 colla-

449 4335 543 4390 psa
574 4339 588 4376 :
619 4321 692 4374 ita
732 4321 940 4389 justum
979 4336 1198 4389 quoque
1235 4319 1327 4373 Dei
1387 4320 1656 4387 judicium
1695 4319 1904 4372 nostris
1940 4317 2016 4372 af-

2115 3153 2314 3222 θλίψιν,
2356 3151 2451 3203 καὶ
2500 3149 2675 3203 πάντα
2725 3147 2824 3200 ὅσα
2860 3149 2960 3215 τῆς
3009 3145 3336 3213 σκυθρωπῆς
3375 3146 3701 3208 emersam;

2115 3246 2262 3297 ἐστιν
2289 3241 2546 3312 ὀνόματα.
2572 3241 2784 3307 Ὥσπερ
2805 3237 2876 3306 γα
2885 3255 2912 3304 ρ
2932 3235 3002 3288 τὰ
3022 3235 3222 3305 ἀκριϐῆ
3241 3235 3348 3287 τῶν
3368 3236 3702 3305 κατόπτρων

2114 3333 2366 3396 τοιαύτας
2415 3331 2648 3384 δείκνυσι
2700 3329 2800 3390 τὰς
2859 3327 2966 3379 τῶν
3024 3326 3330 3396 προσώπων
3389 3327 3700 3395 ἐμφάσεις,

2115 3420 2204 3478 οἷά
2232 3441 2336 3493 περ
2377 3422 2442 3476 ἂν
2477 3422 2547 3474 τὰ
2582 3419 2847 3490 πρόσωπα
2879 3414 2935 3490 ᾖ,
2967 3416 3167 3485 φαιδρὰ
3203 3417 3300 3485 μὲν
3330 3415 3443 3466 τῶν
3473 3417 3705 3485 φαιδρυ-

2117 3519 2375 3588 νομένων,
2401 3513 2617 3584 κατηφῆ
2655 3511 2711 3564 δὲ
2742 3509 2850 3561 τῶν
2891 3506 3388 3576 σκυθρωπαζόντων
3407 3522 3422 3534 ·
3458 3507 3557 3558 καὶ
3603 3507 3705 3560 οὐκ

2116 3609 2182 3664 ἂν
2211 3626 2295 3672 τις
2322 3607 2624 3660 αἰτιάσαιτο
2665 3602 2760 3670 τὴν
2788 3599 2881 3652 τοῦ
2916 3599 3222 3667 κατόπτρου
3267 3595 3452 3664 φύσιν,
3485 3598 3537 3649 εί
3567 3615 3702 3648 σκυο

2118 3700 2335 3770 θρωπδν
2357 3694 2620 3766 ἐμφανείη
2642 3692 2702 3744 τὸ
2727 3690 3091 3757 ἀπεικόνισμα
3113 3686 3205 3740 τοῦ
3235 3686 3594 3756 πρωτοτύπου
3616 3687 3706 3738 διὶ

2118 3785 2415 3858 κατηφείας
2460 3779 2953 3853 συμπεπτωκότος⁶
2979 3777 3121 3830 οὕτω
3167 3778 3259 3829 καὶ
3304 3779 3336 3843 ἡ
3376 3777 3568 3829 δικαία
3609 3777 3704 3830 τοῦ

2117 3877 2252 3930 Θεοῦ
2297 3876 2473 3946 κρίσις
2501 3877 2621 3935 ταῖς
2661 3869 2952 3941 ἡμετέραις
2997 3867 3300 3921 διαθέσεσιν
3333 3866 3702 3934 ἐξομοιοῦται,

2117 3965 2206 4020 οἶά
2229 3983 2334 4036 περ
2371 3964 2436 4017 ἂν
2475 3963 2543 4015 τὰ
2582 3961 2712 4031 παρ’
2757 3959 2914 4029 ἡμῶν
2958 3953 3016 4031 ᾖ,
3061 3955 3283 4009 τοιαῦτα
3321 3957 3454 4026 ἡμῖν
3497 3957 3566 4007 ἐκ
3596 3958 3703 4006 τῶν

2123 4058 2269 4110 ίδίων
2313 4054 2643 4126 παρέχουσα.
2698 4049 2894 4112 Δεῦτε,
2929 4047 3124 4116 φησὶν,
3163 4049 3216 4099 ol
3265 4046 3699 4113 εὐλογημένοιο

2120 4147 2234 4207 καὶ,
2285 4144 2637 4209 Πορεύεσθε,
2677 4143 2729 4191 ot
2770 4136 3185 4205 κατηραμένοι.
3223 4136 3313 4204 Μή
3356 4151 3441 4197 τις
3480 4136 3701 4204 ἀνάγκη

2119 4235 2226 4288 τῶν
2264 4231 2462 4297 ἔξωθεν
2507 4229 2598 4284 ἐπὶ
2635 4227 2838 4280 τούτων
2881 4226 3048 4286 ἐστὶν,
3095 4227 3206 4284 τοῖς
3236 4222 3428 4286 δεξιοῖς
3459 4223 3562 4291 μὲν
3601 4226 3702 4292 τὴν

2121 4322 2372 4389 γλυκεῖαν
2403 4317 2604 4386 φωνὴν,
2651 4317 2763 4376 τοῖς
2803 4313 2858 4366 δὲ
2899 4313 3202 4382 ἀριστεροῖς
3240 4312 3336 4380 τὴν
3366 4311 3704 4382 σκυθρωπὴν

451 4411 780 4465 fectionibus
797 4411 1135 4464 assimilatur
1160 4429 1172 4463 :
1193 4410 1595 4478 qualiacunque
1617 4424 1645 4460 a
1678 4409 1834 4463 nobis
1865 4424 2009 4462 corn-

2119 4408 2534 4478 ἀποκληροῦσα;
2567 4407 2678 4475 Οὐχ
2707 4397 2851 4458 οὗτοι
2882 4404 2980 4473 μὲν
3015 4403 3081 4455 δι’
3113 4396 3186 4454 ὧν
3223 4402 3510 4470 ἐποίησαν.
3544 4404 3701 4470 ἔσχον

448 4503 612 4557 missa
645 4500 870 4561 fuerint,
912 4502 1048 4556 tales
1075 4502 1231 4556 nobis
1260 4501 1327 4554 de
1365 4515 1466 4553 suo
1494 4502 1741 4568 praebens
1771 4501 2014 4553 retribu-

445 4592 648 4646 tiones.
697 4590 894 4653 Venite,
946 4591 1121 4660 inquit
1144 4591 1210 4651 ³⁸.
1261 4591 1546 4652 benedicti;
1585 4597 1684 4643 et:
1716 4589 1817 4650 Ite,
1859 4589 2016 4642 mule-

447 4682 604 4736 dicti.
629 4680 808 4751 Ecqua
839 4683 1143 4736 necessitas
1190 4689 1416 4735 externa
1453 4682 1505 4733 in
1542 4681 1627 4734 his
1653 4688 1758 4745 est,
1789 4696 1910 4749 quae
1948 4681 2012 4733 ad

446 4775 726 4826 dexteram
753 4772 973 4840 quidem
994 4772 1276 4824 collocatis
1293 4770 1617 4839 jucundam,
1638 4771 1703 4823 ad
1727 4771 2009 4824 sinistram

448 4875 578 4914 vero
623 4861 897 4912 stantibus
925 4859 1178 4912 acerbam
1223 4873 1410 4912 vocem
1444 4858 1748 4912 attribuat?
1793 4859 1872 4910 An
1905 4873 2010 4910 non

449 4947 504 4999 hi
548 4947 766 5015 quidem
821 4953 1042 5012 propter
1085 4960 1148 4998 ea
1193 4961 1314 5014 qua:
1369 4946 1653 5010 fecerunt,
1696 4945 2013 4999 misericor—

448 5037 593 5090 diam
629 5037 910 5090 consecuti
937 5045 1083 5098 sunt,
1137 5036 1212 5088 illi
1246 5051 1394 5101 vero,
1466 5037 1674 5091 idcirco
1725 5036 1871 5105 quod
1917 5037 2014 5089 ad‘

448 5141 641 5180 versus
672 5126 969 5193 proximos,
1017 5131 1073 5177 et
1121 5126 1410 5194 populares
1452 5127 1713 5187 immites,
1769 5133 1823 5179 et
1861 5125 2015 5178 inhu-

448 5215 595 5268 mani
630 5213 871 5275 fuerunt,
905 5228 1106 5268 saevum
1137 5223 1192 5268 et
1233 5215 1442 5269 immite
1488 5215 1734 5283 sibiipsis
1765 5214 2007 5267 divinum

449 5319 650 5357 numen
698 5302 1102 5357 reddiderunt?
1162 5303 1320 5359 Dives
1368 5305 1458 5359 ille
1501 5305 1754 5359 ditllueus
1799 5304 2012 5359 deliciis

449 5401 612 5460 atque
639 5392 873 5455 luxuria,
905 5390 1140 5445 mendici
1173 5393 1242 5446 ad
1263 5392 1594 5447 vestibulum
1631 5391 1829 5460 abiecti
1850 5402 2013 5460 atque

447 5483 632 5536 attlieti
682 5483 940 5537 misertus
988 5497 1098 5536 non
1160 5492 1274 5548 est;
1329 5484 1535 5538 idcirco
1579 5483 2008 5538 misericordiam

2118 4502 2208 4553 τὸν
2226 4500 2396 4562 ἔλεον,
2415 4497 2464 4548 οἱ
2479 4498 2534 4551 δὲ
2550 4496 2628 4564 τῷ
2654 4495 2788 4560 πρὸς
2814 4496 2938 4557 τοὺς
2957 4493 3256 4562 ὁμοφύλους
3282 4492 3509 4559 ἀπηνῶς
3534 4493 3697 4561 ἔχειν,

2120 4589 2324 4658 ἀπηνὲς
2353 4589 2560 4648 ἑαυτοῖς
2601 4587 2657 4637 τὸ
2688 4586 2838 4638 Θείον
2879 4584 3174 4653 ἐποίησανς
3213 4583 3328 4634 Οὐκ
3369 4583 3573 4652 ἠλέησε
3611 4585 3699 4636 τὸν

2119 4677 2197 4747 τῷ
2234 4677 2438 4731 πυλῶνι
2479 4673 3064 4746 προσ-ταλαιπωροῦντα
3097 4671 3383 4741 πτωχὸν,ό
3416 4675 3541 4734 ταῖς
3569 4691 3698 4742 τρυ-

2122 4773 2248 4837 φαῖς
2285 4769 2668 4838 διακεχυμένος
2710 4764 2979 4825 πλούσιος,
3018 4763 3104 4815 διὰ
3150 4763 3307 4816 τοῦτο
3351 4763 3533 4830 ἐαυτῷ
3566 4765 3701 4816 ἀπο-

2115 4862 2304 4913 κόπτει
2333 4859 2421 4911 τὸν
2454 4858 2619 4917 ἔλεον,
2640 4855 2925 4925 ἐλεηθῆναι
2959 4855 3223 4922 δεόμενος,
3251 4853 3347 4905 καὶ
3374 4853 3475 4905 οὐκ
3505 4854 3702 4906 ἀκουό-

2118 4966 2295 5018 μενος·
2314 4949 2410 5016 οὐχ
2429 4949 2508 4999 ὅτι
2534 4945 2736 5014 ζημίαν
2766 4943 2927 5012 ἔφερε
2948 4943 3043 5011 μία
3066 4942 3217 5012 ῥανὶς
3239 4943 3317 5000 εἰς
3338 4941 3438 5011 τὴν
3457 4941 3700 5011 μεγάλην

2112 5038 2204 5091 τοῦ
2224 5037 2545 5108 παραδείσου
2569 5036 2767 5104 πηγὴν,
2787 5035 2898 5088 ἀλλ’
2919 5036 2998 5088 ὅτι
3022 5035 3053 5103 ἡ
3073 5033 3168 5101 τῆς
3190 5032 3312 5100 ἐλεη
3320 5031 3564 5102 μοσύνης
3587 5049 3702 5085 στα-

2111 5128 2223 5196 γὼν
2245 5128 2490 5198 ἁμίκτως
2509 5127 2622 5195 ἕχει
2649 5126 2783 5195 πρὸς
2807 5127 2903 5194 τὴν
2929 5125 3212 5193 ἀπήνειαν.
3254 5123 3350 5186 Τίς
3366 5122 3478 5190 γὰρ
3497 5139 3701 5176 κοινω-

2115 5218 2217 5270 νία
2237 5217 2379 5285 φωτὶ
2401 5215 2548 5283 πρὸς
2571 5215 2827 5278 σκότος;
2849 5208 2974 5271 Οἴα,
2996 5227 3068 5280 φη
3077 5211 3178 5271 σ’ίν,
3196 5209 3273 5262 ἄν
3286 5210 3512 5277 σπείρῃ
3543 5213 3578 5263 ό
3603 5211 3702 5262 ἄν·-

2116 5306 2366 5368 θρωπος,
2393 5301 2635 5354 τοιαῦτα
2668 5301 2767 5354 καί
2796 5301 3035 5367 θερίσει·
3062 5300 3142 5350 ὅτι
3173 5298 3202 5349 ὁ
3227 5299 3469 5366 σπείρων
3493 5302 3576 5363 είς
3609 5301 3701 5367 τὴν

2121 5392 2318 5461 σάρκα,
2358 5393 2423 5443 ἐκ
2462 5391 2561 5460 τῆς
2606 5391 2805 5459 σαρκὸς
2849 5388 3052 5458 θερίσει
3093 5386 3329 5454 φθοράνο
3369 5388 3398 5438 ὁ
3447 5388 3507 5440 δὲ
3557 5389 3698 5441 cmi-

2120 5499 2228 5553 ρων
2265 5483 2346 5544 είς
2383 5481 2442 5534 τὸ
2468 5480 2684 5551 πνεῦμα
2726 5481 2790 5533 ἐκ
2830 5479 2924 5533 τοῦ
2958 5477 3265 5548 πνεύματος
3305 5477 3515 5548 θερίσει
3565 5480 3702 5549 ζωὴν

461 5686 464 5690 -
514 5657 558 5690 ³³
585 5656 716 5713 Luc.
754 5676 888 5725 xvu,
921 5662 983 5717 21
1043 5660 1090 5692 ⁸³
1115 5657 1304 5713 Matth.
1333 5675 1407 5723 τις,
1454 5662 1505 5723 7,
1535 5663 1587 5718 8.
1647 5661 1690 5691 ³⁸⁸
1721 5660 1882 5716 llcbr.
1916 5676 2009 5722 xu,

2159 5658 2203 5691 ³³
2235 5659 2422 5713 Matth.
2455 5673 2578 5720 xw,
2608 5657 2696 5719 54,
2731 5657 2816 5710 Η.
