3844 6224
95 343 125 396 l
139 342 240 396 257
1180 341 1266 397 DE
1287 339 1681 400 BEATITUDIP

1779 341 1881 398 US.
1918 342 2178 400 ORATIO
2217 344 2282 399 ν.
3207 350 3346 408 19.ῧὸ

91 456 342 512 αἰώνιον.
390 457 607 528 Στωρὰν
653 453 803 528 οἶμαι
848 457 945 528 τὴν
985 458 1333 530 ἀνθρωπίνην
1373 458 1512 515 εἶναι
1551 479 1679 534 προ-

1784 463 1886 518 sibi
1927 464 2194 532 praecidit,
2222 464 2597 520 misericordia
2625 465 2913 536 implorata
2954 483 3062 521 non
3103 470 3346 539 auditus;

92 549 349 617 αίρεσιν’
383 549 539 620 θέρος
578 550 634 603 δὲ
667 551 766 620 τὴν
813 551 906 604 ἐπὶ
949 553 1015 620 τῇ
1046 550 1359 620 προαιρέσει
1393 553 1679 606 ἀντίδοσιν.

1780 567 1889 606 non
1956 553 2099 623 quod
2154 561 2304 622 gutta
2355 568 2462 608 una
2514 553 2582 609 de
2634 569 2833 624 magno
2897 555 3140 626 paradisi
3200 558 3352 614 lonte

90 639 380 710 Πολὺχους
409 642 438 692 ό
466 639 576 694 τῶν
618 641 839 708 ἀγαθῶν
882 641 1102 710 στάχυς,
1134 644 1245 704 τοῖς
1284 641 1538 712 τοιαύτην
1572 643 1681 696 ἐλο-

1779 643 1995 714 dempta
2041 645 2306 699 damnosa
2365 655 2544 711 esset,
2591 644 2705 702 sed
2767 647 2894 716 quia
2962 649 3349 705 misericordiae

96 728 290 796 μένοις
325 728 563 800 σποράψ
619 729 874 791 ἐπίπονος
917 727 951 798 ή
993 726 1349 796 ἀκανθολογία
1370 729 1481 791 τοῖς
1513 729 1681 781 ἀκαν-

1786 735 1930 789 stilla
1970 736 2314 791 commisceri
2349 744 2510 807 atque
2560 739 2952 793 communicari
3003 755 3126 794 cum
3187 741 3349 795 inhu-

91 821 245 890 θώδη
294 821 586 891 σπέρματα
624 818 1112 888 καταδαλλομένοις
1150 817 1230 888 τῷ
1273 818 1392 889 βίῳ.
1429 819 1547 888 Χρὴ
1575 818 1681 890 γὰρ

1782 822 2044 878 manitate
2066 839 2177 877 non
2203 835 2402 893 potest.
2483 826 2614 894 Quae
2634 826 2771 880 enim
2800 824 2904 879 luci
2919 827 3214 881 communio
3231 841 3348 876 cum

89 910 321 971 πάντως
357 909 489 962 αὑτὸ
522 908 733 981 θερίσαι
782 909 922 973 τινὰ,
970 909 1105 979 ὅπερ
1151 908 1420 980 ἔσπειρεν,
1453 910 1546 964 καὶ
1581 909 1680 962 οὑκ

1788 911 2012 964 tenebris
2035 921 2116 963 est
2155 917 2268 971 3"?
2305 916 2534 982 Qualia,
2566 916 2762 985 inquit,
2799 917 3130 970 seminaverit
3169 915 3344 972 homo.

88 1001 246 1054 ἐστιν
280 1001 474 1064 ἄλλως.

1785 1006 1919 1060 talia
1950 1015 2149 1071 metet;
2180 1009 2306 1078 quia
2336 1008 2427 1078 qui
2455 1006 2678 1060 seminat
2722 1007 2778 1058 in
2809 1022 3042 1068 carnem,
3079 1021 3144 1059 ea:
3191 1019 3350 1058 carne

90 1105 254 1150 metet
311 1097 731 1164 corruptionem;
788 1104 842 1150 at
895 1095 982 1166 qui
1024 1095 1246 1151 seminat
1302 1095 1356 1148 in
1412 1096 1680 1162 spiritum,
1735 1111 1802 1151 ea:
1849 1099 2040 1167 spiritu
2090 1109 2244 1154 metet
2284 1100 2442 1154 vitam
2481 1107 2729 1153 (sternam
2753 1097 2820 1150 '°.
2873 1097 3178 1152 Sementem
3227 1111 3350 1151 esse

91 1188 340 1242 arbitror
367 1188 607 1243 hominis
635 1187 960 1242 destinatam
1008 1188 1624 1254 voluntatem;messem
1646 1202 1775 1242 vero
1809 1191 2074 1246 vdluntati
2107 1199 2269 1261 atque
2310 1192 2592 1263 prOposito
2635 1181 3050 1245 convenientem
3089 1202 3322 1259 compen

89 1279 369 1333 sationem
397 1285 450 1331 et
470 1278 904 1333 retributionem.
922 1276 1175 1333 Fecunda
1207 1276 1356 1346 spica
1379 1279 1644 1332 bonorum
1684 1287 1771 1332 est
1802 1281 1869 1336 iis
1913 1281 2007 1351 qui
2053 1283 2320 1352 ejusmodi
2374 1287 2670 1337 sementem
2707 1279 2810 1334 sibi
2853 1279 3154 1348 elegerint;
3197 1278 3322 1332 labo

85 1374 244 1430 riosa
287 1373 568 1442 spinarum
611 1370 862 1426 collectio
904 1379 984 1425 est
1041 1369 1111 1426 iis
1175 1369 1270 1439 qui
1335 1370 1558 1439 spinosa
1603 1369 1660 1424 in
1678 1370 1845 1425 vitam
1887 1373 2097 1427 semina
2137 1373 2457 1443 dejecerint.
2504 1369 2730 1440 Oportet
2771 1369 2916 1422 enim
2956 1370 3115 1439 plane
3147 1379 3351 1425 metez'u

87 1478 371 1533 quemque
424 1462 478 1517 id
521 1461 663 1533 quod
712 1461 1085 1526 seminaverit,
1142 1476 1206 1516 ac
1256 1459 1371 1516 ﬁeri
1433 1461 1588 1516 aliter
1639 1477 1749 1516 non
1793 1471 1992 1534 potest.

167 1553 459 1622 Μακάριοι
496 1555 551 1607 οἱ
589 1552 931 1622 ἐλεήμονες,
970 1551 1064 1605 ὅτι
1108 1553 1278 1606 αὐτοὶ
1309 1550 1678 1618 ἐλεηθήσον-

1853 1554 2008 1608 Beati
2037 1551 2400 1608 misericordes
2431 1567 2450 1605 :
2479 1553 2728 1623 quoniam
2778 1551 2879 1621 ipsi
2927 1551 3346 1606 misericordiam

88 1664 210 1700 ται.
241 1647 340 1708 Τίς
364 1645 429 1698 ἂν
458 1644 712 1709 διεξέλθοι
738 1643 895 1713 λόγος
930 1642 1268 1713 ἀνθρώπινος
1295 1641 1356 1696 τδ
1382 1641 1542 1712 βάθος
1566 1641 1674 1694 τῶν

1779 1653 2171 1714 consequentur.
2203 1642 2460 1708 Quaanam
2511 1641 2686 1696 oratio
2728 1643 2966 1695 humana
3007 1639 3349 1710 profundita-

88 1736 434 1805 ἐγκειμένων
485 1735 772 1807 νοημάτων
815 1733 893 1805 τῷ
937 1735 1108 1804 λόγῳ;
1149 1734 1222 1787 Τὸ
1264 1734 1372 1804 γάρ
1416 1733 1680 1786 ἀπόλυτόν

1781 1745 1888 1792 tem
1927 1738 2300 1791 intellectuum
2347 1733 2439 1805 qui
2484 1734 2570 1788 his
2607 1733 2789 1788 verbis
2835 1731 3208 1796 continentur,
3249 1747 3346 1787 ex-

84 1846 151 1882 τε
185 1827 555 1897 καὶάόριστον
588 1825 687 1896 τῆς
717 1825 900 1895 φωνῆς
926 1825 1109 1878 δίδωσί
1149 1841 1200 1878 τι
1237 1825 1330 1877 καὶ
1375 1819 1536 1878 πλέον
1573 1823 1681 1877 τῶν

1781 1843 1983 1898 ponere
2014 1827 2230 1897 possit?
2257 1824 2392 1880 Nam
2429 1825 2679 1879 absoluta
2706 1824 2910 1894 pariter
2959 1831 3126 1893 atque
3155 1823 3319 1878 indeii
3345 1858 3350 1864 -

83 1918 405 1989 εἰρημένων
437 1916 916 1988 περιεργάζεσθαι,
949 1917 1010 1969 τὸ
1061 1915 1135 1986 μὴ
1188 1914 1502 1985 προσθεῖναι
1538 1915 1680 1977 τίνες

1781 1921 1891 1973 nita
1918 1933 2019 1972 vox
2045 1918 2385 1973 occasionem
2418 1917 2621 1988 praebet
2649 1917 2809 1971 etiam
2844 1916 3051 1986 aliquid
3088 1916 3345 1986 amplius,

88 2012 234 2064 εἰσιν
259 2013 341 2073 είς
366 2008 458 2070 οὒς
482 2009 701 2079 ἐνεργὸν
735 2004 872 2062 εἶναι
911 2009 1175 2078 προσήκει
1219 2007 1310 2060 τὸν
1343 2007 1522 2058 ἐλεονο
1565 2005 1678 2058 ἀλλ’

1781 2026 1942 2081 quam
1981 2026 2042 2065 ea
2068 2025 2190 2080 quae
2211 2010 2372 2064 modo
2400 2011 2543 2065 tlicta
2575 2017 2705 2065 sunt
2743 2009 3085 2078 exquirendi,
3109 2024 3182 2064 eo
3202 2011 3347 2079 quod

81 2100 286 2162 ἁπλῶς
313 2099 485 2151 είπεῖν
516 2098 596 2150 δτι
627 2095 914 2164 Μακάριοι
936 2099 989 2150 οὶ
1016 2094 1357 2164 ἐλεήμονες.
1387 2094 1539 2164 Τάχα
1574 2094 1678 2165 γὰρ

1782 2115 1892 2156 non
1937 2100 2136 2170 adjecit
2173 2099 2266 2170 qui
2311 2101 2422 2156 sint
2471 2100 2733 2154 adversus
2777 2115 2916 2168 quos
2959 2099 3344 2169 repraesentari

86 2193 230 2261 ἡμῖν
261 2189 501 2243 τοιοῦτόν
529 2206 582 2242 τι
605 2188 693 2241 διά
723 2187 831 2241 τῶν
865 2187 1170 2258 εἰρημένων
1200 2189 1229 2240 ό
1264 2186 1420 2255 λόγος
1448 2186 1682 2239 αἰνίττε-

87 2297 209 2341 ται,
230 2279 310 2341 ὡς
332 2278 641 2332 ἀκολουθεῖν
671 2276 748 2348 τῷ
773 2275 1023 2346 μακαρίῳ
1050 2273 1232 2328 πένθει
1256 2273 1353 2345 τὴν
1381 2273 1474 2327 τοῦ
1500 2274 1682 2338 ἐλέους

83 2371 354 2423 διάνοιαν.
400 2369 510 2421 Καὶ
550 2367 658 2438 γὰρ
705 2361 1194 2437 ὲκείμακαριστδς
1237 2361 1328 2436 ἦν,
1369 2367 1400 2418 ό
1441 2365 1528 2416 τὸν
1555 2365 1680 2436 τῇδε

91 2461 210 2530 βίον
252 2462 312 2513 ὲν
341 2459 523 2512 πένθει
564 2457 911 2528 ποιούμενος,
944 2459 1040 2512 καὶ
1090 2457 1217 2510 ἔνθα
1254 2473 1343 2528 μοι
1386 2456 1534 2510 δοκεῖ
1580 2457 1680 2527 τὴν

89 2554 220 2622 ἴσην
254 2554 284 2605 ὁ
311 2551 466 2619 λόγος
505 2550 898 2621 ὑποσημαίνειν
943 2549 1310 2603 διδασκαλίαν.
1329 2549 1416 2612 Ὠς
1447 2549 1556 2619 γάρ
1587 2549 1680 2602 ἐπὶ

87 2643 202 2697 τῶν
247 2643 541 2712 ἀλλοτρίων
598 2640 958 2709 διατιθέμεθα*
997 2640 1310 2712 συμφορῶν,
1356 2641 1486 2694 ὅταν
1537 2641 1681 2702 τινὲς

86 2737 206 2789 τῶν
259 2735 590 2806 ἐπιτηδείωνι
620 2736 748 2805 ἡμῖν
800 2733 1116 2805 ἀϐουλήτοις
1167 2733 1276 2786 τισὶ
1323 2732 1679 2802 συνενεχθῶσι

87 2827 320 2890 λύπαις,
347 2828 381 2897 ἢ
421 2824 680 2895 πατρῴας
722 2825 902 2888 οἰκίας
955 2823 1389 2886 ἐκπεπτωκότες,
1428 2822 1461 2892 ἢ
1514 2837 1680 2875 ναυα-

86 2920 219 2988 γίου
278 2917 672 2989 περισωθέντες
713 2917 930 2986 γυμνοὶ,
965 2915 998 2975 ἢ
1035 2917 1337 2986 πειραταῖς,
1373 2914 1406 2984 ἢ
1459 2913 1681 2984 λῃσταῖς

89 2977 400 3082 ὑποχείριοι
467 2977 749 3077 γεγονότες
769 2977 801 3073 ,1
833 3009 866 3077 ἢ
916 3007 1089 3062 δοῦλοι
1129 2977 1206 3071 ’ἐξ
1254 2977 1590 3075 ὲλευθέρῶν,
1642 3005 1676 3074 ἢ
1705 2977 1748 3032 C

89 3104 434 3174 αἰχμάλωτοι
481 3101 542 3167 ἐξ
589 3101 942 3176 εὐδαιμόνων,
976 3101 1011 3171 ἦ
1041 3099 1170 3155 ἀλλο
1192 3118 1244 3152 τι
1268 3096 1508 3152 τοιοῦτον
1537 3099 1680 3151 ἀντι-

89 3195 353 3257 λαϐόντες
386 3199 572 3255 κακὸν,
609 3195 662 3245 oi
709 3192 847 3255 τέως
883 3193 942 3244 ὲν
978 3191 1242 3261 εὐκληρίᾳ
1286 3189 1392 3244 τινὶ
1433 3189 1525 3242 τὸν
1567 3187 1679 3257 βίον

91 3285 494 3355 ἐξεταζόμενοι.
511 3284 599 3346 Ὠς
621 3283 798 3336 τοίνυν
819 3283 913 3334 ἐπὶ
941 3281 1146 3335 τοὺτων
1170 3281 1388 3350 ἀλγεινή
1427 3297 1510 3343 τις
1538 3279 1681 3347 γίνε-

89 3395 185 3432 ται
220 3380 345 3440 ταῖς
367 3377 563 3447 ψυχαῖς
586 3376 742 3446 ἡμῶν
769 3379 802 3447 ἡ
829 3375 1159 3437 συνδιάθεσις
1178 3392 1193 3406 ο
1227 3375 1366 3443 τάχα
1386 3373 1519 3426 πολὺ
1547 3371 1681 3442 μᾶλ-

90 3471 187 3524 λον
224 3471 313 3536 ἐφ’
344 3468 500 3540 ἡμῶν
539 3469 712 3522 αὑτῶν
763 3466 1112 3539 εὑκαιρονᾶν
1156 3467 1256 3538 εἴη’
1282 3466 1381 3536 τὴν
1424 3464 1681 3534 τοιαύτην

92 3559 417 3615 ἀνακεῖσθαι
447 3559 679 3613 διάνοιαν
709 3559 800 3611 ἰπὶ
826 3561 890 3630 τῇ
921 3559 1048 3628 παρ’
1070 3557 1225 3622 ἀξίαν
1251 3555 1344 3610 τοῦ
1371 3555 1484 3626 βίου
1527 3555 1676 3626 βολῇ.

94 3654 273 3706 Ὅταν
310 3651 420 3721 γάρ
467 3649 836 3720 λογισώμεθα,
869 3649 952 3714 τίς
997 3652 1031 3718 ἠ
1071 3647 1304 3719 λαμπρά
1327 3647 1494 3718 -ὴμῶν
1531 3648 1678 3701 οίκία

89 3739 162 3814 ἧς
181 3741 652 3812 ἐκπεπτυὶηιαμεν⁴
676 3741 796 3803 πῶς
826 3741 930 3793 ὑπὸ
961 3741 1074 3802 τοῖς
1104 3739 1326 3814 λῃσταῖς
1351 3737 1674 3808 γεγόναμεν’

93 3833 216 3895 πῶς
243 3832 322 3902 τῷ
360 3830 502 3902 βυθῷ
526 3830 618 3883 τοῦ
649 3830 774 3900 τῇδε
807 3829 922 3898 βίου
949 3828 1440 3892 καταϐυθισθέντες
1467 3828 1678 3894 ἀπεγυ-

94 3926 288 3996 μνώθη
298 3942 394 3994 μεν
415 3943 428 3955 ·
458 3924 604 3985 οἴους
636 3923 728 3975 καὶ
760 3923 916 3980 ὅσους
957 3922 1219 3986 δεσπότας
1247 3921 1368 3975 ἀντὶ
1399 3921 1496 3991 τῆς
1525 3919 1678 3974 ὲλευ-

93 4018 286 4088 θερίας
317 4032 374 4068 τε
421 4015 516 4068 καὶ
562 4015 858 4086 αὐτονόμου
892 4014 1168 4084 διαγωγῆς
1206 4011 1636 4082 ὲπεσπασάμεθα
1658 4028 1673 4042 ·

93 4107 218 4170 πῶς
266 4107 325 4159 τὸ
375 4107 708 4178 μακαριστὸν
761 4106 864 4175 τῆς
903 4104 1046 4176 ζωῆς
1098 4105 1311 4176 θανάτῳ
1352 4104 1451 4178 καὶ
1503 4103 1677 4175 φθορᾷ

92 4169 456 4266 διεκόψαμενο
485 4169 595 4267 ἆρα
616 4169 862 4256 δυνατὸν,
885 4198 932 4249 εἰ
952 4169 1151 4260 ταύτας
1172 4169 1427 4266 λάϐοιμεν
1447 4169 1676 4260 ἑννοίας,

1779 2193 2213 2248 misericordiam
2273 2193 2584 2256 conveniat,
2648 2189 2743 2246 sed
2804 2191 3126 2261 simpliciter
3159 2191 3343 2245 dixit:

1781 2287 1937 2342 Beati
1991 2285 2377 2340 misericordes.
2434 2283 2686 2340 Forsitan
2737 2283 2880 2338 enim
2934 2283 3095 2338 nobis
3141 2281 3345 2352 aliquid

1779 2376 2046 2445 ejusmodi
2077 2388 2258 2429 sermo
2284 2390 2378 2444 per
2401 2373 2515 2428 llaec
2547 2373 2777 2427 latenter
2800 2371 2998 2436 innuit,
3025 2376 3084 2425 ut
3115 2379 3341 2426 senten-

1779 2468 1854 2518 tia
1887 2465 2280 2520 misericordiae
2303 2465 2461 2519 beato
2498 2463 2669 2517 luctui
2701 2469 3067 2518 consentanea
3099 2461 3346 2516 sit:nam

1779 2566 1832 2611 et
1865 2557 1975 2610 illic
2001 2557 2192 2611 beatus
2226 2555 2552 2618 habebatur,
2598 2553 2692 2624 qui
2739 2562 3059 2624 praesentem
3089 2553 3252 2606 vitam
3288 2552 3344 2605 in

1784 2649 1932 2702 luctu
1955 2647 2234 2716 transigit,
2262 2656 2318 2702 et
2349 2646 2438 2700 hic
2472 2645 2604 2700 mihi
2637 2659 2821 2700 sermo
2847 2645 3065 2700 videtur
3092 2644 3342 2700 eamdem

1779 2739 2084 2793 doctrinam
2118 2737 2382 2794 indicare.
2409 2736 2479 2792 Ut
2504 2737 2649 2792 enim
2671 2737 2726 2792 in
2745 2737 2938 2793 alienis
2965 2739 3232 2793 allicimur
3252 2752 3346 2792 ca-

1783 2829 2140 2892 lamitatibus,
2198 2844 2322 2883 cum
2357 2831 2797 2884 necessariorum
2840 2837 3156 2884 nostrorum
3204 2830 3344 2882 ami-

1781 2935 1970 2974 corum
1997 2920 2160 2990 aliqui
2188 2920 2242 2974 in
2284 2919 2576 2989 improvisa
2608 2919 2854 2988 quaedam
2887 2919 3228 2973 incommoda
3265 2920 3344 2972 in-

1781 3010 2036 3076 ciderint,
2064 3011 2147 3065 vel
2181 3009 2390 3064 aedibus
2417 3009 2660 3077 paternis
2691 3007 2872 3077 ejecti,
2913 3009 2995 3063 vel
3016 3025 3082 3063 ex
3109 3009 3340 3064 naufrav

1781 3101 1868 3171 gio
1890 3101 2019 3154 nudi
2051 3101 2275 3166 servati,
2335 3099 2420 3153 vel
2479 3098 2534 3152 in
2576 3106 2900 3168 potestatem
2935 3099 3247 3169 praedonum
3284 3109 3337 3153 et

1781 3192 2052 3245 latronum
2090 3188 2316 3254 redacti,
2345 3189 2430 3244 vel
2459 3189 2600 3244 servi
2637 3204 2702 3244 ex
2739 3189 2926 3243 liberis
2973 3188 3123 3253 facti,
3152 3190 3236 3243 vel
3259 3205 3350 3241 ca-

1780 3283 1912 3354 ptivi
1935 3297 1999 3337 ex
2043 3281 2340 3336 fortunatis
2389 3288 2444 3336 et
2471 3281 2668 3344 beatis,
2723 3281 2806 3335 vel
2839 3295 2961 3346 eum
3019 3281 3199 3350 aliqua
3238 3282 3344 3334 alia

1781 3373 1944 3430 simili
1969 3373 2279 3429 calamitate
2311 3388 2573 3443 prospera
2627 3387 2818 3427 eorum
2852 3371 3074 3426 fortuna
3097 3387 3347 3427 commu-

1779 3475 1910 3529 tata,
1937 3466 2029 3535 qui
2061 3465 2221 3535 paulo
2249 3473 2375 3520 ante
2419 3465 2478 3518 in
2509 3465 2691 3536 aliqua
2717 3464 2975 3519 felicitate
3000 3471 3166 3534 atque
3195 3479 3348 3518 com-

1780 3559 2038 3614 moditate
2084 3558 2211 3612 vitae
2257 3557 2542 3628 conspicui
2596 3564 2757 3612 erant
2785 3574 2800 3612 :
2828 3564 2888 3612 ut
2925 3556 3092 3627 igitur
3147 3557 3345 3611 acerba

1778 3650 2023 3722 quaedam
2059 3651 2114 3704 in
2148 3650 2347 3706 animis
2380 3649 2750 3715 nostris,dum
2778 3649 2864 3704 his
2879 3647 3345 3708 eondolescimus.

1777 3745 1996 3801 exsistit
2026 3743 2241 3800 alieetio
2261 3750 2448 3798 mutua
2469 3760 2484 3811 ;
2505 3741 2739 3798 fortasse
2755 3741 2928 3796 multo
2951 3741 3124 3811 magis
3155 3740 3213 3796 in
3246 3755 3350 3794 no-

1777 3838 1863 3893 bis
1893 3838 2025 3907 ipsis
2068 3843 2437 3906 opportunum
2484 3834 2648 3890 fuerit
2692 3831 2962 3903 ejusmodi
3013 3833 3213 3886 mentis
3263 3831 3350 3884 in-

1777 3931 2008 3987 stituere
2029 3929 2373 3984 all'ectionem
2401 3943 2466 3983 ac
2487 3927 2935 3996 dispositionem,
2956 3932 3178 3994 propter
3201 3938 3347 3988 eam,

1776 4041 1897 4097 quat
1917 4022 2113 4095 printer
2142 4023 2460 4095 dignitatem
2481 4021 2537 4075 in
2559 4021 2667 4074 vita
2697 4027 2889 4074 nostra
2909 4016 3204 4086 contingit,
3224 4030 3347 4069 mu-

1777 4117 2060 4171 tationem.
2084 4113 2222 4169 Cum
2258 4113 2404 4168 enim
2428 4109 2866 4182 reputaverimus
2898 4121 3020 4176 quae
3043 4107 3114 4161 sit
3161 4105 3348 4174 splen-

1793 4207 1920 4262 dida
1948 4207 2040 4260 illa
2070 4213 2260 4260 nostra
2301 4202 2463 4258 sedes
2499 4200 2647 4255 unde
2687 4198 3028 4262 excidimus,
3070 4195 3346 4266 quomodo

91 4285 408 4355 ἀλλοτρίαις
431 4288 737 4355 συμφοραῖς
763 4283 1247 4356 προσασχολείσθαι
1272 4285 1363 4337 τὸν
1388 4284 1556 4349 ἔλεον,
1583 4285 1678 4336 κατι

1783 4299 1838 4354 in
1892 4304 2222 4369 potestatem
2264 4298 2540 4350 latronum
2582 4293 2919 4355 venerimus,
2970 4287 3246 4357 quomodo
3289 4287 3345 4343 in

89 4377 199 4428 οὑκ
230 4375 401 4445 αὑτὴν
447 4375 691 4440 ἐλεεινῶς
722 4376 820 4446 τὴν
849 4377 1024 4447 ψυχὴν
1058 4375 1421 4441 διατίθεσθαι,
1466 4375 1676 4444 λογιζο-

99 4466 273 4535 μένην
297 4465 332 4518 ἀ
355 4481 415 4518 τε
463 4463 627 4536 εἶχεν,
660 4460 736 4523 ὧν
773 4485 834 4520 τε
880 4469 1268 4533 ὲκπέπτωκενς
1323 4467 1388 4520 Τί
1426 4468 1534 4538 γὰρ
1568 4467 1678 4536 ,τῆς

95 4555 476 4626 αἰχμαλωσίας
515 4558 720 4629 ταύτης
749 4559 1138 4630 ὲλεεινότερον;
1197 4559 1342 4612 Ἀντὶ
1373 4558 1474 4627 τῆς
1508 4559 1566 4612 ὲν
1599 4557 1680 4634 τῷ

97 4648 415 4720 παραδείσῳ
445 4651 683 4720 τρυφῆς,
735 4651 797 4704 τδ
838 4651 1065 4714 νοσῶδες
1109 4650 1265 4704 τοῦτο
1295 4651 1388 4704 καὶ
1425 4649 1679 4722 ἐπίπονον

97 4739 301 4808 χωρίον
330 4739 389 4791 ὲν
424 4742 492 4810 τῇ
525 4741 636 4811 ζωῇ
671 4740 1095 4813 κεκληρὼμεθα·
1137 4741 1257 4795 ἀντὶ
1282 4741 1381 4812 τῆς
1413 4740 1695 4823 ἀπαθείας.

98 4827 341 4899 ἐκείνης,
377 4828 474 4892 τὰς
511 4831 709 4900 μυρίας
749 4831 858 4885 τῶν
908 4831 1247 4903 παθημάτων
1283 4831 1680 4903 ἀντειλήφαμεν

98 4920 279 4991 κῆρας
299 4937 317 4959 °-
349 4921 471 4973 ἀντὶ
505 4922 604 4992 τῆς
639 4921 848 4994 ὑψηλῆς
887 4923 1100 4994 ἐκείνης
1124 4923 1421 4992 διαγωγῆς,
1450 4923 1548 4985 καὶ·
1581 4922 1680 4991 τῆς

103 5011 252 5081 μετὰ
269 5010 380 5085 τῶν
403 5012 652 5080 ἀγγέλων
681 5011 848 5083 ζωῆς,
879 5017 992 5078 τοῖς
1020 5014 1228 5086 θηρίοις
1258 5014 1356 5085 τῆς
1382 5015 1696 5084 γῆςῖσυνοιτ·

99 5103 694 5172 κεῖν’,κατεκρίθημενο
729 5105 823 5159 τοῦ
865 5104 1156 5175 ἀγγελικοῦ
1201 5123 1263 5158 τε
1305 5105 1399 5158 καὶ
1439 5103 1693 5176 ἀπαθοῦς

100 5195 192 5254 τὸν
229 5193 474 5265 κτηνώδη
504 5193 618 5263 βίον
641 5196 1098 5268 ἀνταλλαξάμενοι
1118 5239 1134 5260 ,
1169 5197 1294 5259 τοὺς
1326 5196 1556 5266 πικροὺς
1585 5195 1684 5265 τῆς

100 5281 246 5360 ζωῆς
270 5280 428 5351 ἡμῶν
443 5284 759 5354 τυράννους,
781 5289 906 5350 τοὺς
930 5286 1239 5348 λυσσῶντας
1263 5286 1356 5338 καὶ¹
1377 5285 1688 5356 ἀγριαίνον-

100 5391 197 5437 τας
217 5373 496 5450 δεσπότας
515 5415 530 5438 ,
559 5375 643 5437 τίς
674 5376 740 5429 ἆν
775 5377 972 5448 ῥᾳδίως
1001 5375 1216 5450 ἀριθμῷ
1243 5376 1556 5447 περιλάϐοι;
1586 5376 1693 5428 Πι-.

104 5441 520 5532 κρδςδεσπότης
555 5466 584 5516 ό
618 5441 786 5535 θυμός
803 5441 832 5496 ⁸.
852 5441 1090 5530 τοιοῦτος
1120 5441 1278 5529 ἀλλος
1365 5464 1557 5534 φθόνος
1581 5482 1594 5495 ·
1627 5465 1686 5517 τὸ

107 5554 283 5623 μῖσος,
309 5551 372 5602 τὸ
392 5549 514 5603 καθ’
542 5552 918 5625 ὑπερηφανίαν
959 5557 1148 5621 πάθος,
1175 5555 1454 5626 λυσσώδης
1479 5572 1563 5619 τις
1591 5555 1686 5610 καὶ

175 5748 242 5780 ⁸⁵⁸
272 5745 319 5800 11
353 5745 480 5800 Cor.
511 5760 588 5808 vi,
623 5743 711 5800 14.
788 5739 831 5772 ³⁸
848 5737 967 5792 Gal.
993 5751 1067 5800 Iv,
1099 5734 1151 5789 6.

354 5845 622 5904 Pnnoc.
668 5839 788 5900 Gn.
834 5831 1052 5896 XLIV.

1785 4389 2064 4460 profundo
2125 4388 2289 4456 hujus
2345 4384 2528 4440 seaculi
2585 4381 2822 4437 demersi
2889 4378 3078 4434 nudati
3130 4378 3344 4442 simus,

1781 4482 1970 4554 quales
1999 4491 2052 4536 et
2081 4495 2246 4550 quam
2287 4477 2489 4530 multos
2524 4490 2624 4545 pro
2654 4488 2720 4527 eo
2771 4471 2916 4541 quod
2960 4469 3132 4523 libere
3178 4476 3231 4522 et
3276 4466 3344 4520 ad

1780 4572 2071 4627 arbitrium
2090 4578 2338 4624 nostrum
2355 4566 2520 4621 vitam
2546 4563 2904 4633 degebamus,
2927 4558 3181 4613 dominos
3200 4556 3345 4610 asci-

1781 4666 2060 4726 verimus,
2114 4656 2386 4731 quomodo
2410 4653 2804 4710 beatitudinem
2863 4653 2988 4704 vitae
3048 4654 3225 4702 morte
3269 4655 3374 4708 at-_

1781 4767 1887 4829 que
1907 4752 2260 4824 corruptione
2288 4745 2780 4816 interruperimus:
2829 4739 3076 4810 nunquid
3099 4738 3212 4793 fieri
3243 4753 3345 4807 po-

1781 4827 1924 4913 test,
1956 4848 2002 4902 si
2027 4847 2128 4900 has
2167 4841 2526 4913 cogitationes
2565 4833 2985 4904 sumpserimus,
3031 4839 3093 4884 ut
3133 4827 3347 4882 miseri-

1781 4938 1970 4994 cordia
1999 4937 2053 4990 in
2083 4931 2278 4988 alienis
2304 4924 2710 4983 calamitatibus
2741 4922 3010 4988 occupata
3042 4918 3134 4981 sit,
3153 4925 3208 4970 et
3233 4932 3366 4969 non-

1781 5030 1999 5086 auimus
2039 5027 2187 5080 circa
2232 5020 2475 5090 seipsum
2507 5013 2895 5072 miserabiliter
2933 5008 3346 5090 alliciatur._re-

1757 5125 1983 5192 'puta’ns
2012 5131 2134 5188 qua:
2166 5121 2221 5169 et
2258 5085 2476 5173 habeat,
2525 5115 2580 5163 et
2611 5106 2811 5177 quibus
2861 5101 3172 5158 exciderit?
3203 5085 3346 5165 Quid

1767 5191 1926 5268 enim
1953 5211 2056 5264 hac
2095 5204 2411 5276 captivitate
2453 5194 2866 5254 miserabilius?
2911 5209 3009 5263 pro
3039 5199 3104 5247 eo
3133 5195 3212 5244 ut.
3234 5191 3348 5242 ala-

1784 5317 1907 5357 mur
1928 5303 1983 5353 in
2007 5297 2284 5368 paradiso,
2316 5294 2421 5347 hoc
2435 5289 2643 5345 morbis
2665 5295 2721 5343 et
2738 5281 3344 5361 laboribusqjobnoxium

1786 5393 2045 5464 prendium
2071 5391 2127 5452 in
2163 5389 2271 5442 vita
2309 5395 2488 5442 s-nruti
2537 5394 2592 5437 et
2629 5379 2812 5448 adepti
2855 5389 3091 5464 sum-usi;
3124 5387 3222 5464 pro
3254 5371 3346 5423 i!la

1785 5462 2216 5554 impatibilitate,
2258 5479 2336 5533 int
2359 5477 2503 5531 nitas
2537 5473 2859 5544 passionum
2890 5471 2946 5519 ct
2981 5462 3344 5518 ’alllictionum

1785 5553 1961 5631 sortes
1980 5573 2210 5628 invicem
2241 5584 2322 5624 act
2341 5568 2588 5640 opimus;
2613 5575 2714 5634 pro
2739 5558 2829 5640 illa
2853 5553 3076 5611 sublimi
3117 5563 3348 5607 conver-

2449 5886 2455 5896 ‘
2479 5801 2590 5924 si“;
2746 5806 2791 5848 ut
2989 5801 3065 5866 ho
