1922 3112
246 154 315 182 1259

242 212 357 243 satione,
371 211 479 247 vitaque
492 212 631 239 comnmni
646 219 708 239 cum
730 212 845 248 angelis,
871 212 905 239 ad
936 212 1027 239 viven-
1043 213 1063 241 Α

242 259 305 284 dnin
321 266 382 284 cum
412 259 475 285 feris
495 258 671 285 terrestribus
695 258 818 285 damnati
840 265 947 288 sumus,
980 265 1029 283 an-

243 305 327 337 gelica
344 305 443 339 pariter
457 309 484 331 et
497 304 641 339 impatibili
656 304 718 336 vita,
745 312 807 331 cum
826 304 954 339 pecuaria
980 303 1029 330 be-

243 351 370 384 stialique
395 354 547 384 permutata
562 359 568 377 ε
586 351 647 385 quis
669 357 782 376 numero
806 348 886 377 facile
908 356 1030 383 compre-

244 396 361 422 he:nl.-re
379 395 466 430 possit
482 396 596 422 acerbos
614 397 674 422 vitre
693 399 795 422 nostrae
809 399 957 430 tyrannos,
982 394 1025 421 fu-

243 448 333 468 rentes
348 445 375 468 et
393 442 536 469 saevientes
551 442 700 469 dominos?
715 442 816 469 acerba
843 441 954 468 domina
974 441 1030 467 ira-

242 489 340 515 cundia
355 497 362 519 ;
376 488 460 515 altera
477 488 540 515 talis
562 488 664 515 invidia
679 492 742 520 est;
760 488 863 518 odium,
886 488 1022 523 superbiae

241 535 348 564 vilium.
365 534 468 561 furiosa
483 534 610 569 quaedam
627 542 658 561 ac
670 542 740 561 saava
754 535 879 570 tyrannis
890 539 932 562 cst
946 543 954 565 ς
968 538 1030 561 tan-

241 588 322 614 quam
349 581 461 615 pecunia
485 580 633 614 redemptis
656 580 793 608 insultans
815 584 896 615 atque
915 580 1030 607 illudens

242 625 384 652 libidinosa
401 626 529 660 cogitatio
546 629 665 659 est,quae
675 626 803 653 absurdis
819 630 846 653 et
861 626 969 653 vitiosis
983 634 1030 660 pa-

242 673 309 698 iiter
335 676 416 705 atque
433 671 549 706 impuris
561 671 723 698 ministeriis
743 675 870 698 naturam
892 672 1031 705 mancipat

242 722 325 752 atque
352 717 474 744 addicit:
492 725 552 752 quae
582 725 647 745 vero
663 721 737 744 tanta
764 722 874 752 tamque
896 718 1030 745 immensa

242 764 377 791 acerbitas
392 767 445 792 est.
459 770 541 797 quam
559 763 680 789 avaritiae.
704 763 828 797 tyrannis
846 770 901 789 non
918 766 1030 797 superet

243 816 325 843 atque
341 807 478 843 praecedat
490 828 497 839 ,
510 816 569 842 qua.
584 808 712 835 miseram
734 808 852 834 animam
869 808 896 835 in
913 808 1029 835 servitu-

242 861 295 881 tem
325 854 464 881 redactam
486 861 594 888 semper
616 853 793 888 inexplebiles
807 859 833 881 et
859 854 1029 881 insatiabiles

242 908 305 927 suas
321 899 485 934 cupiditates
508 899 580 934 cogit
601 899 711 933 explere
726 919 734 931 .
759 906 820 933 qua:
843 907 906 926 cum
923 907 1030 934 semper
1045 886 1066 913 Β

242 946 352 980 accipit,
370 950 428 972 tum
454 952 593 980 nunquam
615 944 753 979 impletur,
774 945 855 971 veluti
884 945 1029 979 multiceps

241 990 364 1024 quaedam
393 989 449 1016 fera
470 989 566 1016 oribus
584 988 736 1015 innumeris
763 988 919 1023 inexplebili
944 988 1030 1014 ventri

241 1036 330 1063 cibum
344 1035 532 1062 transmittens
549 1035 608 1060 :cui
622 1034 695 1060 nulla
710 1041 829 1068 unquam
845 1033 968 1060 lucrandi
983 1041 1028 1060 sa-

240 1083 321 1108 tietas
336 1081 461 1112 exsistit;
477 1080 523 1107 sed
543 1080 568 1107 id
586 1079 658 1114 quod
677 1087 786 1114 semper
807 1080 950 1114 accipitur.
971 1086 1029 1106 ma-

241 1128 323 1154 icrics
336 1132 417 1161 atque
433 1127 635 1152 incitamentum
658 1125 718 1159 plus
735 1125 850 1152 habendi
869 1125 1027 1159 cupiditatis

242 1176 268 1199 Ii;
282 1173 292 1199 ?
306 1173 373 1205 Quis
388 1173 470 1207 igitur
496 1172 546 1198 hac
568 1171 669 1198 infelici
691 1179 723 1197 ac
743 1171 843 1197 misera
869 1171 923 1198 vita
937 1171 1027 1198 consi-

241 1221 334 1246 derata
348 1223 428 1252 atque
444 1225 587 1253 perpensa,
611 1216 745 1251 ejusmodi
760 1217 931 1244 calamitates
942 1220 969 1244 et
984 1217 1026 1243 in-

240 1264 382 1291 commoda
398 1272 451 1290 non
472 1264 619 1290 miseratur
631 1284 638 1295 ,
660 1270 714 1289 non
733 1263 851 1290 humano
873 1271 949 1291 more
968 1263 1026 1290 alli-

894 154 923 183 S.
944 154 1108 182 GREGORII
1125 154 1146 181 N
1153 153 1274 181 YSSENI

1815 156 1870 182 Ιέω

1078 212 1173 247 ἄγριος
1191 210 1336 246 τύραννος·
1363 211 1400 243 ὡς
1425 211 1625 247 ἀργυρωνήτων
1653 211 1872 247 κατατρυφῶνᾲ

1080 256 1228 288 ἀκόλαστός
1252 257 1309 282 ἐστι
1329 257 1471 291 λογισμὸς,
1486 258 1500 283 ὀ
1527 257 1595 291 πρὸς
1616 257 1666 288 τὰς
1686 257 1829 292 ἐμπαθεῖς
1849 266 1874 284 τε

1081 301 1128 328 καὶ
1147 301 1317 337 ἀκαθάρτους
1332 302 1482 336 ὑπηρεσίας
1497 301 1732 337 ὲξανδραποδίζων
1759 302 1815 337 τὴν
1834 303 1876 337 σύ-

1082 355 1140 373 σιν·
1158 349 1174 382 ὴ
1195 347 1223 374 δὲ
1236 347 1285 382 τῆς
1300 346 1455 379 πλεονεξίας
1469 348 1606 382 τυραννὶς,
1619 347 1680 373 τίνα
1695 348 1726 374 οὐ
1740 348 1877 383 παρέρχε-

1081 401 1125 419 ται
1142 392 1253 428 πικρίας
1270 392 1420 428 ὑπερϐολὴν
1433 401 1440 425 ;
1463 393 1495 418 'H
1507 392 1556 427 τὴν
1571 393 1666 419 ἀθλίαν
1681 393 1877 428 δουλωσαμένη

1081 438 1169 473 ψυχὴν
1180 458 1187 469 ,
1202 438 1245 464 ἀεὶ
1259 437 1308 469 τὰς
1322 437 1478 473 ἀπλήστους
1492 437 1577 473 αὐτῆς
1592 438 1743 472 ἐπιθυμίας
1758 438 1878 473 πληροῦν

1081 483 1241 517 ἀναγκάζει,
1261 483 1377 510 πάντοτε
1397 483 1527 518 δεχομένη
1546 483 1594 510 καὶ
1609 483 1740 510 οὐδέποτε
1761 484 1881 519 πληρου-

1082 529 1167 565 μένη·
1188 528 1244 556 οίόν
1261 538 1287 555 τι
1305 529 1491 563 πολυκέφαλον
1505 528 1599 564 θηρίον
1610 549 1617 561 ,
1634 529 1743 564 μυρίοις
1763 529 1881 564 στόμασι

1080 576 1113 610 τῇ
1131 575 1284 611 ἀπληρώτῳ
1306 575 1406 609 γαστρὶ
1434 575 1483 610 τὴν
1508 575 1610 610 τροφὴν
1635 575 1845 610 παραπέμπον·

1081 619 1168 651 οὐδείς
1191 628 1255 646 ποτε
1272 619 1320 646 τοῦ
1343 619 1494 654 κερδαίνειν
1514 619 1617 653 γίνεται
1642 621 1741 655 κόρος·
1760 619 1832 646 ἀλλὰ
1854 620 1883 646 τὸ

1081 666 1125 692 ἀεὶ
1133 666 1347 701 λαμϐανόμενον,
1360 665 1410 700 ὕλη
1426 665 1471 691 καὶ
1483 665 1649 700 ὑπέκκαυμα
1664 667 1715 701 τῆς
1725 665 1777 692 τοῦ
1792 666 1883 692 πλείο-

1080 720 1124 743 νος
1144 711 1290 746 ἐπιθυμίας
1306 711 1479 738 καθίσταται.
1499 710 1547 742 Τίς
1570 711 1660 737 τοίνυν
1677 711 1726 737 τὸν
1746 711 1883 745 δύστηνον

1080 757 1174 784 τοῦτον
1200 757 1257 792 βίον
1280 758 1451 792 κατανοήσας
1477 756 1597 792 ἀνηλεῶς
1616 757 1662 783 καὶ
1677 757 1795 792 ἀπηνῶς
1814 758 1884 793 πρὸς

1079 803 1129 835 τὰς
1151 803 1277 835 τοιαύτας
1296 803 1438 838 συμφορὰς
1454 803 1619 835 διατίθεται;
1645 804 1717 830 Ἀλλ’
1738 804 1829 830 αἴτιον
1853 805 1883 830 τὸ

1082 850 1119 885 μὴ
1142 849 1227 875 έλεείν
1246 850 1319 884 ἡμᾶς
1344 850 1442 880 αὑτοὺς
1468 849 1496 875 ἐν
1518 848 1681 884 ἀναισθησία
1705 850 1762 875 τῶν
1786 849 1883 876 κακῶν

1081 894 1149 923 εἶναι
1159 903 1166 911 ·
1181 893 1236 922 οἷόν
1247 904 1273 921 τι
1287 896 1435 930 πάσχουσιν
1452 896 1476 921 (ιὶ
1491 896 1523 921 ἐκ
1541 895 1638 929 μανίας
1658 894 1829 930 παράφοροι,
1846 892 1884 921 ὧν

1078 944 1094 977 η
1107 941 1244 977 ὑπερϐολὴ
1255 940 1301 968 τοῦ
1316 941 1413 973 κακοῦ,
1425 941 1473 967 καὶ
1485 941 1534 976 τὴν
1548 940 1673 975 αἴσθησιν
1683 937 1723 966 ὧν
1736 940 1883 975 πάσχουσι

1078 987 1296 1023 προσαφῄρηται.
1317 987 1350 1014 Et
1375 987 1463 1014 τοίνυν
1481 996 1523 1019 τις
1546 987 1641 1013 ἑαυτὸν
1664 986 1805 1021 ὲπιγνοίη,
1826 984 1884 1018 οἷὸς

1079 1043 1108 1061 τε
1122 1035 1254 1070 πρότερον
1278 1031 1329 1068 ἦν,
1348 1034 1396 1060 καὶ
1420 1031 1474 1064 οἶος
1491 1033 1536 1059 ἐπὶ
1555 1033 1601 1059 τοῦ
1625 1032 1762 1068 παρόντος
1790 1032 1882 1058 ἐστίν·

1079 1080 1148 1115 φησὶ
1160 1079 1188 1106 δέ
1206 1088 1256 1105 που
1272 1079 1319 1106 καὶ
1333 1079 1347 1105 ὁ
1367 1079 1502 1114 Σολομῶν,
1517 1080 1558 1105 ὅτι
1573 1080 1604 1105 Ol
1616 1077 1733 1104 ἑαυτῶν
1748 1078 1883 1112 ἐπιγνώ-

1078 1134 1170 1161 μονες
1190 1124 1282 1159 σοφοί
1287 1134 1293 1140 ·
1314 1125 1440 1151 οὐδέποτε
1456 1124 1536 1151 ἐλεῶν
1557 1125 1571 1151 ὁ
1588 1123 1708 1155 τοιοῦτος
1729 1123 1883 1152 παύσεται.

1080 1173 1114 1208 τῇ
1136 1173 1164 1199 δὲ
1181 1171 1292 1207 τοιαύτῃ
1308 1171 1359 1206 τῆς
1377 1171 1466 1206 ψυχῆς
1486 1170 1605 1197 διαθέσει
1619 1170 1666 1196 καὶ
1685 1171 1700 1196 ὁ
1716 1169 1791 1201 θεῖος
1808 1169 1884 1200 Quae;

1081 1218 1151 1245 κατὰ
1166 1218 1196 1244 τὸ
1211 1217 1283 1249 εἰκὸς
1299 1217 1484 1252 ἀκολουθήσει.
1508 1217 1552 1242 Διὸ
1570 1225 1650 1251 φησιν
1663 1224 1670 1231 ·
1688 1215 1841 1249 Μακάριοι
1854 1216 1884 1241 σι

1082 1264 1255 1300 ἐλεήμονες,
1267 1265 1311 1291 ὅτι
1321 1264 1405 1291 αὐτοὶ
1416 1263 1643 1297 ἐλεηθήσονται.

241 1311 311 1337 citur
334 1314 362 1336 et
393 1308 599 1336 cumularetur?
624 1307 691 1334 Nam
719 1307 822 1335 idcirco
852 1309 1034 1344 nosmetipsos
1061 1317 1117 1337 non
1150 1310 1325 1341 miseramur,
1353 1310 1418 1345 quia
1444 1317 1527 1337 sensu
1559 1309 1692 1336 malorum
1726 1314 1882 1337 canemus:

240 1358 319 1391 quale
343 1356 470 1392 quiddam
506 1355 597 1382 furore
608 1355 740 1389 correptis
752 1354 864 1387 accidit,
879 1363 994 1390 quorum
1015 1356 1200 1392 insuperabile
1228 1357 1330 1383 malum
1369 1356 1451 1383 etiam
1483 1363 1595 1383 sensum
1629 1362 1725 1382 eorum
1748 1362 1815 1389 quae
1835 1362 1885 1389 pa-

240 1404 346 1430 tiuntur
369 1403 480 1436 insuper
504 1401 615 1428 ademit.
642 1401 670 1428 Si
696 1401 757 1436 quis
794 1401 877 1435 igitur
892 1402 1012 1437 seipsum
1031 1403 1181 1438 agnoverit,
1195 1403 1285 1438 qualis
1299 1406 1326 1430 et
1343 1403 1420 1438 prius
1436 1406 1520 1434 esset.
1542 1406 1570 1429 et
1586 1401 1674 1437 qualis
1698 1402 1726 1428 in
1745 1403 1884 1436 praesenti

241 1450 276 1475 sit
292 1448 340 1483 (ait
360 1448 431 1475 enim
457 1446 538 1473 etiam
571 1446 699 1473 Salomon
729 1446 841 1478 alicubi,
861 1447 935 1481 quod
964 1447 1028 1481 qui~
1045 1449 1151 1483 scipsos
1171 1452 1342 1483 cognoscunt
1365 1451 1393 1475 et
1416 1451 1583 1479 scrutantur,
1602 1447 1740 1481 sapientes
1753 1447 1839 1480 sint),
1861 1447 1883 1473 is

240 1501 378 1528 nunquam
394 1493 499 1520 desinet
513 1493 637 1521 miserari
654 1503 660 1520 :
695 1494 776 1520 talem
812 1499 902 1521 autem
928 1495 1026 1522 animae
1045 1495 1216 1523 alfectionem
1230 1496 1312 1523 etiam
1323 1495 1415 1523 divina
1429 1495 1558 1522 nimirum
1572 1494 1762 1522 misericordia
1781 1502 1884 1522 consc<

240 1548 348 1577 quetur.
366 1542 546 1575 Quamobrem
579 1543 617 1569 ait
638 1551 644 1568 ί
680 1542 756 1569 Beati
784 1543 1112 1578 misericordes,quomam
1128 1545 1179 1579 ipsi
1193 1544 1404 1571 misericordiam
1419 1548 1617 1578 consequentur.

276 1589 338 1623 Ipsi,
351 1596 405 1615 non
421 1588 466 1615 alii
480 1598 485 1615 :
498 1596 548 1622 per
562 1589 612 1614 hoc
626 1588 698 1615 enim
709 1596 809 1615 nomen
824 1588 993 1621 declaratur,
1004 1594 1033 1616 ut
1047 1593 1069 1621 ο

241 1637 263 1662 si
284 1636 346 1670 quis
370 1636 444 1662 dicat
462 1645 468 1662 :
491 1635 602 1662 Beatum
624 1639 666 1662 est
679 1636 778 1662 habere
798 1643 892 1662 curam
906 1637 1030 1670 corporis

241 1681 378 1707 sanitatis.
397 1680 462 1706 Nam
481 1681 526 1714 qui
541 1687 636 1707 curam
662 1680 754 1712 habet,
773 1681 832 1715 ipse
859 1681 886 1707 in
914 1682 1031 1708 sanitate

240 1728 313 1753 vivet
327 1736 333 1753 :
353 1728 390 1753 ita
409 1726 566 1752 misericors
583 1726 678 1753 beatus
688 1730 730 1753 est
738 1726 890 1757 habendus,
899 1727 1029 1760 quoniam

241 1774 347 1799 fructus
367 1771 562 1799 misericordiae
582 1772 721 1806 proprium
747 1771 847 1799 bonum
873 1774 1031 1801 misericor-

241 1819 284 1846 dis
310 1818 433 1849 exsistit,
454 1817 512 1844 sive
540 1817 617 1851 juxta
638 1826 710 1844 nunc
740 1823 874 1853 repertam
905 1826 919 1845 a
952 1819 1031 1846 nobis

241 1865 374 1892 rationem
392 1864 465 1890 dicta
478 1864 675 1899 intelligantur,
700 1872 761 1892 srve
786 1864 955 1898 etiamjuxta
971 1873 1030 1892 eam

241 1918 302 1944 qua:
316 1915 378 1936 ante
391 1909 516 1936 discussa
529 1913 610 1943 atque
624 1909 759 1944 explicata
781 1913 832 1941 est,
853 1910 887 1937 de
909 1918 941 1937 eo
957 1910 1029 1941 dico,

242 1956 287 1989 qui
302 1957 327 1981 in
341 1954 437 1981 alienis
451 1954 653 1981 calamitatibus
675 1955 760 1981 animi
779 1955 980 1982 condolentiam
1003 1960 1031 1983 et

242 2000 460 2035 (-mnpassionem
472 1999 591 2026 ostendit
609 2009 614 2026 :
631 2001 712 2026 simili
726 2001 798 2027 enim
815 2006 963 2036 utrumque
979 2010 1030 2028 ra-

243 2049 317 2073 iione
337 2047 438 2073 bonum
465 2049 518 2075 est.
545 2050 573 2072 et
586 2045 719 2080 seipsum,
733 2046 811 2081 juxta
826 2047 910 2074 modo
925 2047 1028 2074 dictam

243 2093 386 2123 rationem,
423 2091 560 2123 miserari,
597 2096 624 2118 et
650 2091 844 2119 condolescere
870 2093 1030 2121 infortuniis

242 2142 324 2172 atque
343 2137 546 2165 calamitatibus
563 2137 761 2170 proximorum,
791 2142 936 2173 propterea
953 2140 1027 2174 quod

240 2186 345 2218 justum
373 2183 418 2211 Dei
435 2183 568 2217 judicium
591 2183 710 2210 hominis
731 2184 864 2211 adversus
883 2184 1029 2213 inferiores

242 2235 268 2256 ct
290 2230 426 2256 tenuiores
440 2236 603 2263 propensam
616 2228 783 2256 voluntatem
794 2230 821 2255 in
836 2238 963 2264 suprema
982 2239 1029 2262 po-

243 2280 342 2302 testate
355 2275 572 2307 delnonstrat,ut
588 2275 876 2309 homoquodammodo
885 2277 928 2303 sui
942 2277 1029 2311 ipsius
1046 2272 1068 2299 Ι)

243 2321 325 2353 Δξιιιίιειι
343 2322 387 2352 sit,
399 2321 450 2348 sibi
467 2321 524 2354 ipse
541 2321 703 2347 sententiam
712 2320 802 2347 ferens
816 2321 843 2347 in
857 2322 1028 2349 subditorum

245 2366 336 2393 causis
349 2365 516 2399 judicandis.
533 2364 667 2397 Qumiiain
687 2364 769 2398 igitur
780 2364 906 2391 creditur
921 2369 947 2392 et
962 2373 1026 2392 vere

244 2412 362 2438 creditur
378 2411 499 2437 futurum
516 2418 576 2437 esse
589 2415 619 2436 ut
634 2410 724 2437 omnis
740 2410 857 2436 humana
875 2415 971 2437 natura
983 2411 1031 2437 tri-

244 2458 337 2484 bunali
352 2457 452 2483 Christi
469 2458 594 2487 sistatur,
611 2460 641 2482 ut
658 2455 772 2490 recipiat
785 2455 901 2490 quisque
911 2464 957 2490 per
971 2464 1031 2482 cor-

245 2512 296 2538 pus
314 2504 425 2536 prremia
445 2503 521 2537 paria
543 2502 632 2532 factis,
646 2502 703 2528 sive
722 2503 834 2530 homini.
852 2502 909 2528 sive
929 2502 1029 2527 malum

245 2550 308 2583 quis
322 2549 417 2575 fecerit
447 2547 546 2581 (dicam
577 2547 691 2573 forsitan
718 2548 799 2574 etiam
818 2546 921 2581 aliquid
948 2546 1031 2573 auda-

245 2596 328 2627 ειυς),
347 2595 368 2620 si
388 2594 444 2620 fieri
461 2597 550 2627 potest
578 2598 607 2619 ut
621 2600 720 2619 arcana
730 2592 834 2626 pariter
845 2597 871 2619 et
889 2593 975 2619 visum
991 2593 1031 2618 ef-

246 2640 375 2674 fugientia
408 2641 513 2665 ratione
545 2638 821 2673 comprehendamus,
854 2639 934 2665 etiam
959 2646 1031 2665 nunc

246 2687 353 2713 beatam
364 2693 464 2713 eorum
491 2685 539 2720 qui
573 2684 790 2711 misericordiam
816 2690 1031 2718 consequuntur,

247 2731 494 2758 remunerationem
530 2729 747 2756 animadvertere
783 2728 856 2755 licet.
880 2727 946 2755 Nam
972 2737 1032 2763 qme

247 2775 378 2802 adversus
395 2783 441 2801 eos
454 2775 500 2809 qui
518 2782 564 2808 per
577 2774 629 2800 hoc
649 2772 780 2800 sate-tilum
802 2773 828 2799 in
844 2772 899 2799 vita
922 2773 1029 2799 miseri-

248 2821 370 2846 cordiam
399 2820 529 2847 exhibent
566 2819 675 2846 exsistit
706 2819 732 2845 in
760 2818 859 2845 animis
890 2818 1029 2844 hominum

247 2866 445 2897 benevolentia,
471 2873 502 2893 ea
531 2865 659 2892 nimirum
688 2865 714 2891 in
748 2869 908 2899 perpetuum
941 2868 1031 2891 manet

1120 1590 1201 1616 Αὐτοὶ
1227 1589 1287 1624 οὐχὶ
1312 1589 1415 1623 ἕτεροι·
1439 1589 1468 1614 ὲν
1490 1588 1576 1622 τούτῳ
1598 1587 1652 1623 γὰρ
1678 1587 1827 1622 σαφηνίζει
1853 1587 1883 1613 τὸ

1082 1636 1184 1670 ὄνομα,
1200 1635 1238 1667 ὡς
1264 1636 1297 1662 ἂν
1314 1635 1340 1661 εἴ
1357 1643 1399 1666 τις
1422 1633 1505 1667 λέγει,
1522 1633 1665 1668 Μακάριόν
1681 1633 1740 1659 ἐστι
1763 1632 1796 1658 τὺ
1819 1633 1883 1659 ἐπι-

1083 1669 1224 1716 μελεῖσθαι
1237 1681 1286 1715 τῆς
1301 1680 1460 1714 σωματικῆς
1481 1679 1595 1713 ὑγιείας.
1616 1678 1645 1703 Ὀ
1660 1677 1715 1713 γὰρ
1731 1676 1884 1712 ἐπιμελούη

1084 1736 1172 1763 μενος,
1190 1727 1271 1758 αὐτὸς
1295 1727 1324 1752 ὲν
1347 1725 1436 1760 ὑγιείᾳ.
1458 1724 1584 1759 βιώσεται
1597 1733 1604 1739 ·
1622 1723 1708 1754 οὕτως
1723 1724 1738 1748 ὁ
1752 1723 1884 1757 ἐλεήμιπιν

1083 1773 1140 1799 ἐστὶ
1158 1772 1336 1808 μακαριστὸς,
1351 1772 1392 1797 ὅτι
1404 1772 1418 1797 ὁ
1432 1771 1536 1806 καρπὸς
1547 1770 1594 1796 τοῦ
1605 1769 1678 1796 ἐλέου
1702 1769 1770 1795 ῖδιον
1786 1770 1883 1804 κτῆμα

1081 1818 1127 1845 τοῦ
1143 1818 1281 1848 ἐλεοῦντος
1296 1817 1414 1850 γίνεται·
1430 1817 1484 1843 εἴτε
1501 1815 1571 1843 κατὰ
1587 1816 1631 1842 τδν
1646 1815 1693 1841 νῦν
1708 1816 1778 1849 ἡμῖν
1803 1816 1882 1850 εὑρε-

1082 1864 1161 1891 θέντα
1174 1863 1270 1897 λόγον·
1286 1863 1340 1889 εἴτε
1355 1862 1426 1889 κατά
1442 1862 1487 1888 τὸν
1504 1860 1755 1897 προεξητασμένον,
1772 1861 1820 1887 τὸν
1836 1863 1882 1887 ἐπὶ

1082 1909 1135 1935 τῶν
1154 1909 1301 1944 ἀλλοτρίων
1317 1908 1389 1942 λέγω
1404 1907 1551 1943 συμφορῶν
1568 1907 1710 1933 δεικνύντα
1723 1908 1777 1941 τῆς
1790 1907 1882 1941 ψυχῆς

1081 1956 1130 1991 τὴν
1146 1955 1334 1991 συμπάθειαν
1348 1954 1449 1989 ἀγαθὸν
1464 1954 1518 1989 γὰρ
1532 1953 1631 1989 ὁμοίως
1644 1953 1788 1988 ἑκάτερον,
1805 1954 1834 1980 τέ
1852 1962 1880 1979 τε

1082 2002 1177 2029 ἑαυτὸν
1191 2002 1275 2028 ἐλεεῖν
1286 2002 1356 2028 κατά
1369 2001 1413 2027 τὸν
1425 2000 1569 2035 είρημένον
1583 2000 1693 2034 τρόπον,
1706 1999 1754 2025 καὶ
1766 2000 1798 2025 τὸ
1812 2008 1843 2025 π
1849 2009 1881 2033 μ-

1082 2049 1196 2084 πάσχειν
1209 2049 1269 2079 ταῖς
1280 2046 1461 2082 δυσπραγίαις
1471 2045 1526 2072 τῶν
1545 2045 1637 2076 πέλας·
1651 2044 1718 2071 διότι
1732 2045 1763 2071 τὸ
1774 2045 1880 2071 δίκαις-ι

1081 2095 1131 2130 τῆς
1148 2095 1223 2125 θείας
1239 2094 1366 2130 κρίσεως.
1383 2092 1432 2128 τὴν
1447 2093 1493 2119 ἐπὶ
1508 2092 1563 2118 τῶν
1584 2092 1809 2127 καταδεεστέρων
1833 2092 1879 2117 τοῦ

1082 2140 1224 2176 ἀνθρώπου
1240 2139 1398 2175 προαίρεσιν
1411 2159 1418 2170 ,
1443 2138 1489 2164 ἐπὶ
1503 2138 1552 2173 της
1567 2137 1754 2172 ὑπερεχούσης
1771 2137 1879 2163 δείκνυ-

1080 2196 1124 2213 ται
1137 2186 1271 2218 έξουσίας·
1287 2185 1358 2211 ὥστε
1373 2184 1473 2219 τρόπον
1483 2184 1543 2210 τινὰ
1552 2182 1648 2209 ἑαυτοῦ
1663 2183 1796 2218 δικαστὴν
1810 2182 1878 2209 εἶναι

1080 2233 1127 2259 τὸν
1140 2232 1292 2267 ἄνθρωπον,
1309 2230 1397 2264 ἑαυτῷ
1413 2230 1461 2265 τὴν
1475 2229 1565 2264 ψῆφον
1581 2229 1610 2254 ὲν
1624 2230 1658 2263 τῇ
1674 2228 1730 2254 τῶν
1745 2229 1861 2263 ὑπηκιὲιηι
1876 2240 1877 2245 η

1080 2278 1197 2313 φέροντα
1223 2276 1322 2311 κρίσει.
1358 2275 1465 2310 Ἐπειδὴ
1495 2275 1583 2301 τοίνυν
1608 2274 1801 2303 πεπίστευται,
1831 2275 1877 2300 21‘:

1082 2322 1189 2358 ἀληθῶς
1205 2322 1392 2354 πεπίστευται,
1410 2322 1501 2348 πᾶσαν
1517 2319 1746 2355 παραστήσασθαι
1763 2320 1814 2354 τὴν
1831 2321 1877 2345 ἀν-

1082 2369 1219 2404 θρωπίνην
1228 2368 1307 2402 φύσιν
1314 2367 1352 2402 τῷ
1364 2368 1465 2402 βήματι
1475 2366 1522 2393 τοῦ
1532 2365 1663 2401 Χριστοῦ,
1673 2365 1719 2392 ἴνα
1727 2366 1876 2400 κομίσηται

1082 2415 1195 2445 ἕκαστος
1212 2414 1246 2440 τὰ
1264 2414 1308 2441 διὰ
1322 2413 1369 2440 τοῦ
1386 2413 1511 2447 σώματος
1522 2431 1530 2443 ,
1545 2411 1612 2447 πρὸς
1630 2410 1648 2437 ἃ
1664 2410 1783 2445 ἔπραξεν
1794 2431 1801 2442 ,
1822 2412 1875 2436 εἴτε

1082 2460 1193 2492 ἀγαθὸν,
1203 2460 1257 2486 εἴτε
1268 2459 1378 2493 φαῦλον·
1392 2459 1462 2493 τάχα
1475 2458 1522 2485 καὶ
1531 2456 1665 2493 τολμηρὸν
1676 2457 1764 2483 εἰπεῖν
1774 2465 1781 2472 ·
1795 2457 1818 2482 εἰ
1833 2456 1876 2482 δια»

1084 2505 1161 2531 νατόν
1177 2506 1234 2531 ἐστι
1249 2504 1284 2531 τὰ
1299 2504 1442 2540 ἀπόρρητα
1457 2503 1504 2530 καὶ
1522 2502 1624 2529 ἀθέατα
1634 2501 1757 2536 λογισμῷ
1769 2502 1872 2529 λαϐεῖν.

1084 2551 1131 2576 καὶ
1144 2549 1193 2584 ἤδη
1205 2550 1234 2575 τὸ
1248 2549 1381 2584 μακάριον
1397 2549 1446 2582 τῆς
1462 2547 1621 2578 ἀντιδόσεως
1637 2546 1691 2572 τῶν
1707 2546 1873 2581 ἐλεουμένοςκ

1085 2594 1260 2629 κατανοῆσαι.
1289 2594 1320 2619 Ἡ
1333 2593 1386 2627 γὰρ
1405 2592 1566 2626 ἐγγινομένη
1582 2592 1643 2622 ταῖς
1655 2591 1757 2625 ψυχαῖς
1772 2592 1870 2619 εὖνοι-ι,

1085 2639 1152 2674 πρὸς
1168 2639 1230 2669 τοὺς
1248 2638 1292 2664 τὸν
1309 2638 1381 2663 ἔλεον
1397 2636 1641 2670 ἐπιδεικνυμένους,
1660 2636 1735 2671 παρὰ
1754 2637 1802 2662 τὸν
1820 2637 1873 2671 βίω

1085 2685 1113 2710 ἐν
1126 2685 1158 2718 τῇ
1179 2684 1234 2718 ζωῇ
1247 2683 1332 2709 είσαεί
1350 2683 1419 2709 κατά
1433 2683 1463 2708 τὸ
1479 2681 1551 2712 εἰκὸς
1564 2681 1719 2716 παραμένει
1737 2683 1796 2712 τοῖς
1814 2691 1873 2716 μετ

1081 2730 1209 2765 εσχηκόσι
1225 2730 1273 2764 τῆς
1293 2730 1412 2764 χάριτος.
1428 2728 1460 2754 Τί
1475 2725 1521 2754 οὖν
1534 2727 1607 2758 εἰκὸς
1623 2728 1653 2753 ὲν
1666 2727 1705 2761 τῷ
1718 2728 1810 2762 καιρῷ
1828 2729 1872 2754 27-:

1080 2774 1239 2806 ἐξετάσεως,
1255 2775 1278 2800 εί
1297 2772 1479 2807 ὲπιγνωσθείη
1493 2771 1568 2806 παρὰ
1581 2771 1636 2797 τῶν
1649 2769 1678 2797 εὖ
1699 2773 1850 2798 πεπονθότι.
1862 2784 1871 2797 μ.

1078 2821 1092 2846 ὀ
1107 2820 1264 2855 εὐεργέτης,
1282 2820 1356 2850 ὅπως
1374 2817 1560 2853 διατεθήσεται
1578 2816 1627 2851 τὴν
1641 2817 1732 2852 ψυχὴν
1747 2819 1796 2844 ἐπὶ
1817 2820 1871 2847 ταῖς

1081 2865 1250 2900 εὐχαρίστοις
1265 2865 1365 2899 φωναῖς
1380 2864 1425 2890 ἐπὶ
1441 2863 1508 2890 Θεοῦ
1526 2863 1615 2897 πάσης
1631 2862 1682 2897 τῆς
1696 2863 1816 2896 κτίσεως
1831 2865 1873 2890 εὑ-
