3844 6224
107 342 258 398 1‘26!
1191 343 1274 396 DE
1307 341 1902 398 BEATITUDINIBUS.
1941 341 2200 397 ORATIO
2229 345 2290 398 ν.
3237 345 3372 401 1262

105 461 510 532 φημούμενος;
539 457 688 532 *Ᾱρά
715 480 856 525 τινος
880 462 1038 516 ἄλλου
1067 465 1415 535 μακαρισμοῦ
1445 463 1699 536 προσδεη-

1814 465 1955 533 apud
1989 480 2084 518 eos
2127 465 2218 534 qui
2259 463 2405 519 illius
2449 464 2636 536 gratiae
2679 471 2844 532 atque
2886 461 3044 516 ollicii
3082 465 3376 534 participes

107 553 373 623 θήσεται,
401 555 428 605 ὁ
457 555 515 606 ἐν
543 552 782 624 τοσούτῳ
813 552 1024 626 θεάτρῳ
1052 553 1148 607 ἐπὶ
1174 557 1284 618 τοῖς
1317 555 1557 626 ἀρίστοις
1581 555 1699 608 ἀνα-

1809 558 2036 612 l'uerint.
2065 557 2204 622 Quid
2237 557 2420 626 igitur,
2479 557 2526 612 si
2559 555 2873 611 benefactor
2919 557 2970 608 in
3004 565 3245 626 tempore
3295 557 3381 610 in-

107 644 564 716 κηρυττόμενοςς
596 645 669 698 Τὸ
693 645 798 716 γὰρ
830 647 1084 716 παρεῖναι
1117 647 1241 709 τοὺς
1267 641 1324 699 εὑ
1353 645 1708 711 πεπονθότας,

106 735 146 802 ἡ
191 733 292 785 τοῦ
327 733 661 802 Εὑαγγελίου
708 735 949 788 διδάσκει
993 735 1178 805 φωνὴ,
1209 737 1265 788 ἐν
1309 739 1376 808 τῇ
1413 735 1550 806 πρὸς
1581 737 1708 798 τοὺς

104 825 364 888 δικαίους
391 828 487 878 καὶ
518 828 584 896 τῇ
614 827 750 897 πρὸς
781 828 907 888 τοὺς
937 826 1293 897 ἁμαρτωλοὺς
1320 827 1413 880 τοῦ
1445 826 1706 896 βασιλέως

105 917 327 986 κρίσει.
377 917 521 987 Πρὸς
571 918 912 988 ἀμφοτέρους
944 917 1054 988 γὰρ
1085 916 1162 988 τῷ
1191 918 1444 990 δεικτικῷ
1488 919 1704 990 χρῆται,

1808 647 2124 713 quisitionis
2157 647 2378 718 agnitus
2407 649 2477 703 sit
2503 649 2572 703 ab
2611 649 2678 704 iis
2709 651 2830 719 'qui
2855 649 3118 704 beneﬁcio
3146 649 3266 716 ejus
3294 651 3380 704 usi

1807 738 2032 800 fuerint,
2059 739 2335 808 quomodo
2371 739 2665 795 verisimile
2703 748 2788 796 est
2837 755 2984 804 eum,
3019 741 3147 794 dum
3179 739 3381 810 jucun-

1805 831 1892 885 dis
1923 839 1974 884 et
1999 831 2170 900 gratis
2196 832 2426 887 vocibus
2449 847 2634 886 coram
2663 831 2772 887 Deo
2791 833 2970 888 omnis
2990 840 3257 887 creaturte
3286 848 3382 886 ex-

1807 921 2042 991 cipietur
2093 931 2257 991 atque
2310 923 2696 986 celebrabitur,
2725 923 2910 976 animo
2945 923 3196 978 affectum
3265 923 3382 977 iri?

109 1009 290 1061 οἱονεὶ
344 1008 592 1080 δακτύλῳ
645 1009 706 1061 τὸ
758 1008 1152 1080 ὑπερκείμενον
1211 1009 1511 1078 γνωρίσας·
1583 1011 1699 1078 Ἐφ’

1807 1013 2054 1082 nunquid
2097 1015 2278 1083 aliqua
2302 1015 2406 1068 alia
2459 1015 2797 1070 beatitudine
2833 1015 3058 1085 insuper
3100 1032 3240 1085 opus
3277 1015 3376 1070 ha-

107 1099 280 1154 ὅσον
306 1101 628 1169 ἐποιήσατε
649 1099 738 1153 ἐνί
764 1101 988 1153 τούτων
1015 1097 1134 1152 τῶν
1156 1098 1434 1169 ἀδελφῶν
1455 1118 1566 1168 μου
1591 1099 1699 1152 τῶν

1809 1104 1984 1167 bebit,
2021 1105 2112 1174 qui
2145 1105 2199 1158 in
2236 1113 2346 1158 tam
2380 1104 2650 1174 frequenti
2681 1107 2896 1161 theatro
2924 1109 2994 1161 ob
3025 1123 3111 1162 res
3140 1107 3377 1176 optimas

107 1191 486 1258 ἐλαχίστων.
521 1193 594 1244 Τὸ
627 1193 734 1261 γὰρ
771 1190 986 1243 Τούτων
1019 1191 1222 1255 εἰπεῖν,
1257 1192 1356 1262 τὴν
1403 1190 1513 1243 τῶν
1553 1191 1699 1243 εὑπει

1813 1195 1973 1262 qnasi
2005 1195 2276 1264 praeconis
2305 1210 2438 1248 voce
2469 1197 2810 1250 celebretur?
2843 1211 2968 1251 nam
2998 1197 3142 1266 quod
3173 1196 3375 1259 adsint,

109 1282 399 1336 ¹πονθό·ιων
427 1283 729 1354 παρουσίαν
757 1283 1111 1336 ἐνδείκνυται.

1815 1269 1908 1353 qui
1971 1285 2296 1341 beneficiqu
2346 1289 2677 1356 acceperint,
2715 1289 2874 1343 docet
2918 1289 3197 1359 Evangelii
3245 1305 3374 1351 vox,

110 1376 216 1429 ubi
233 1392 330 1432 rex
354 1385 408 1431 et
428 1377 596 1446 justis
627 1385 680 1431 et
724 1375 1110 1446 peccatoribus
1134 1377 1448 1446 respondet.
1493 1375 1572 1430 Ad
1623 1383 1888 1445 utrosque
1931 1379 2077 1432 enim
2128 1379 2579 1434 demonstrativis
2619 1381 2804 1436 verbis
2844 1381 3037 1446 utitur,
3116 1389 3376 1451 tanquam

107 1470 298 1540 digito
321 1470 571 1524 indicans
603 1469 908 1540 subjectum
945 1468 1266 1533 :Quatenus
1303 1471 1503 1542 fecistis
1545 1469 1634 1522 uni
1661 1483 1726 1522 ea:
1761 1467 1843 1522 his
1875 1468 2132 1538 fratribus
2175 1473 2299 1525 meis
2368 1473 2600 1526 minimis
2617 1473 2685 1528 ³⁷.
2730 1471 2832 1528 Per
2863 1474 2964 1527 hoc
3006 1473 3173 1536 enim,
3232 1472 3378 1544 quod

107 1565 284 1627 dixit.
341 1563 416 1618 Ex
449 1564 556 1628 his,
588 1581 776 1620 eorum
827 1568 1029 1636 quibus
1071 1567 1416 1624 benefactum
1471 1563 1635 1618 fuerit
1675 1563 2020 1632 praesentiam
2049 1561 2311 1618 ostendit.

197 1661 314 1715 Νῦν
342 1678 433 1730 μοι
464 1661 668 1730 λεγέτω
696 1664 724 1716 ὀ
753 1662 848 1732 τὴν
877 1663 1082 1734 ἄψυχον
1116 1664 1246 1735 ὓλην
1275 1665 1380 1717 τῶν
1406 1661 1702 1734 χρημάτων

1881 1659 2033 1712 Dicat
2093 1676 2238 1714 nunc
2291 1661 2464 1724 mihi,
2521 1662 2611 1732 qui
2671 1662 2966 1715 inanimam
3021 1663 3375 1732 pecuniarum

111 1753 408 1826 προτιμῶν
431 1754 528 1824 τῆς
558 1753 856 1826 μελλούσης
879 1757 1304 1826 μακαριότητος
1325 1755 1458 1809 Ποία
1476 1755 1699 1825 χρυσίου

1811 1753 2090 1805 materiam
2153 1752 2349 1807 futura:
2397 1755 2726 1808 beatitudini
2769 1754 2989 1825 praefert
3018 1796 3032 1816 ,
3072 1751 3202 1817 Quis
3255 1755 3376 1810 auri

109 1847 447 1918 λαμπρότης
481 1845 741 1916 τοιαύτης
785 1847 944 1910 Τίνες
984 1847 1093 1902 τῶν
1127 1849 1508 1921 πολυτιμήτων
1542 1845 1704 1898 λίθων

115 1939 298 2006 αὐγαί
317 1957 330 2003 ;
359 1939 454 2001 Τίς
482 1938 540 2004 ἐξ
559 1937 874 2008 ἐνδυμάτων
893 1937 1094 2009 κόσμος
1113 1939 1375 2002 τοιοῦτος,
1398 1933 1508 1992 οἷον
1531 1939 1706 1991 ἐκεῖνο

115 2031 189 2081 τὸ
215 2027 419 2096 ἀγαθὸν
443 2030 476 2098 ή
503 2027 656 2090 ἐλπὶς
681 2029 989 2083 ὑποτίθεται
1009 2046 1024 2093 ;
1049 2030 1217 2084 ’Ὀταν
1236 2031 1264 2082 ὀ
1285 2028 1580 2099 βασιλεύων
1603 2029 1704 2100 τῆς

115 2121 358 2183 κτίσεως
390 2119 580 2173 ἐαυτὸν
607 2120 928 2192 ἀνακαλύψῃ
961 2124 1027 2192 τῇ
1057 2121 1369 2193 ἀνθρωπίνῃ
1405 2122 1584 2192 φύσει,
1612 2122 1704 2174 ἐπὶ

113 2211 218 2266 τοῦ
275 2211 480 2282 ὑψηλοῦ
541 2211 729 2282 θρόνου
785 2213 1218 2284 μεγαλοπρεπῶς
1267 2212 1701 2284 προκαθήμενος,

113 2307 252 2358 ὅταν
307 2304 514 2374 ὀφθῶσι
564 2304 692 2374 περὶ
743 2304 903 2357 αὑτὸν
949 2307 1004 2357 αί
1043 2304 1402 2376 ἀναρίθμητοι
1447 2303 1704 2376 μυριάδες

113 2397 234 2451 τῶν
257 2395 526 2464 ἀγγέλων,
551 2396 644 2449 καὶ
667 2395 732 2465 δὴ
759 2397 884 2450 ὅταν
914 2399 970 2450 ἐν
997 2396 1296 2466 ὀφθαλμοῖς
1315 2396 1541 2467 γένηται
1569 2397 1704 2449 πάν-

109 2506 232 2540 των
265 2487 573 2558 ἀπόρρητος
603 2486 712 2540 τῶν
751 2486 994 2556 οὐρανῶν
1041 2487 1284 2557 βασιλεία
1305 2529 1319 2550 ,
1377 2489 1471 2539 καὶ
1499 2486 1704 2540 ἀναδει-

113 2579 228 2648 χθῇ
261 2579 422 2631 πάλιν
470 2579 536 2630 ἐκ
578 2577 672 2629 τοῦ
707 2577 948 2630 ἐναντίου
992 2577 1062 2630 τὰ
1099 2576 1304 2648 φοϐερά
1339 2577 1664 2647 κολαστήρια
1687 2591 1700 2603 ·

109 2675 178 2725 ἐν
234 2672 386 2742 μέσῳ
449 2665 508 2718 δέ
542 2665 747 2720 τούτων
781 2667 988 2737 πᾶσαή
1021 2666 1330 2737 ἀνθρωπίνη
1378 2666 1558 2736 φύσις,
1596 2665 1704 2718 τῶν

115 2756 234 2808 ἀπὸ
265 2757 485 2828 πρώτης
511 2757 740 2821 κτίσεως
774 2757 868 2812 καὶ
911 2759 1073 2828 μέχρι
1101 2759 1200 2828 τῆς
1225 2757 1316 2810 τοῦ
1347 2758 1547 2820 παντὸς
1575 2775 1705 2827 συμ-

113 2845 457 2917 πληρώσεως
489 2848 810 2916 γεγονότων,
841 2849 992 2919 φόϐῳ
1017 2866 1076 2901 τε
1103 2850 1195 2902 καὶ
1223 2848 1399 2902 ἐλπίδι
1437 2849 1546 2902 τῶν
1571 2849 1702 2920 μελ-

113 2935 324 2988 λόντων
361 2938 566 3009 ἑστήκῃ
596 2938 886 3010 μετέωρος,
917 2941 984 3010 τῇ
1025 2940 1110 3008 ἐφ’
1138 2939 1374 3008 ἑκάτερα
1405 2939 1512 2992 τῶν
1543 2957 1703 3012 προσ-

111 3028 446 3099 δοκωμένων
467 3029 687 3085 ἐκϐάσει
718 3031 1116 3102 κραδαινομένη
1154 3031 1412 3095 πολλάκις
1432 3049 1444 3062 ’
1473 3033 1564 3085 καὶ
1594 3033 1700 3086 τῶν

1806 1843 2064 1911 splendor
2145 1845 2460 1913 ejusmodi?
2534 1849 2624 1917 qui
2707 1847 3066 1916 pretiosorum
3133 1847 3374 1916 lapidum

1807 1931 2090 2001 fulgores?
2122 1939 2245 2004 quis
2290 1937 2736 1991 indumentorum
2768 1947 2996 1990 ornatus
3027 1938 3172 2000 talis,
3217 1937 3377 2008 quale

1806 2018 2009 2074 bonum
2058 2021 2190 2076 illud
2241 2039 2363 2078 esse
2413 2040 2537 2094 spes
2589 2027 2832 2096 suggerit
2877 2035 3042 2096 atque
3081 2028 3373 2096 proponit,

1806 2125 1930 2163 cum
1963 2127 2056 2166 rex
2087 2121 2354 2169 creatura:
2379 2117 2432 2170 in
2464 2117 2682 2170 sublimi
2707 2117 2848 2171 solio
2878 2118 3064 2186 gloria:
3093 2118 3376 2188 magnifice

1807 2205 2126 2272 praesidens,
2179 2206 2434 2262 humanae
2488 2217 2700 2264 naturae
2749 2224 2872 2263 sese
2927 2210 3271 2273 revelaverit,
3321 2217 3375 2264 et

1805 2291 2252 2360 conspiciendum
2321 2296 2656 2364 prmbuerit,
2717 2313 2840 2350 cum
2929 2300 3135 2352 circum
3193 2299 3372 2368 ipsum

1805 2379 2236 2440 innumerabiles
2299 2387 2614 2454 angelorum
2665 2390 2794 2444 visae
2855 2389 3059 2442 fuerint
3109 2389 3370 2459 legiones,

1806 2481 1968 2541 atque
2002 2474 2136 2526 adeo
2170 2491 2294 2529 cum
2331 2479 2385 2532 in
2419 2482 2592 2536 oculis
2626 2486 2872 2538 omnium
2911 2485 3074 2540 fuerit
3111 2502 3372 2539 arcanum

1803 2572 1858 2615 et
1887 2564 2158 2620 ineffabile
2207 2569 2338 2622 illud
2381 2587 2606 2642 regnum
2641 2577 2904 2629 caelorum
2926 2619 2941 2642 ,
2975 2593 3038 2632 ac
3081 2594 3272 2634 rursus
3301 2595 3368 2631 ex

1804 2657 2080 2712 contrario
2126 2659 2498 2716 demonstrata
2547 2663 2750 2721 fuerint
2784 2669 3043 2724 terribilia
3093 2669 3182 2722 illa
3237 2685 3373 2737 sup-

1804 2746 2007 2816 plicia,
2071 2749 2124 2802 in
2183 2751 2360 2805 medio
2416 2769 2545 2808 vero
2593 2755 2790 2810 horum
2844 2760 3025 2813 omnis
3089 2759 3370 2812 hominum

1803 2847 1997 2890 natura
2037 2841 2131 2908 qui
2187 2855 2216 2894 a
2274 2843 2450 2910 prima
2497 2845 2778 2901 creatione
2833 2863 3008 2918 usque
3058 2849 3124 2902 ad
3188 2865 3370 2902 rerum

1803 2927 2182 2982 universarum
2245 2934 2778 2989 consummationem
2837 2939 2947 2989 nati
2997 2937 3221 3003 fuerint,
3255 2948 3370 2993 tum

1805 3028 1974 3077 metu.
2033 3031 2146 3074 tum
2205 3037 2302 3091 spe
2363 3023 2676 3078 futurorum
2740 3033 2847 3081 stet
2898 3043 3163 3098 suspensa
3211 3037 3374 3098 atque

113 3120 301 3191 ἀγαθῇ
339 3119 635 3192 συνειδήσει
667 3101 1040 3190 συνεζηκότων
1073 3121 1444 3174 ἀπιστούντων
1474 3121 1550 3192 τῷ
1581 3123 1699 3193 μέλ-

1803 3111 2056 3174 sollicita,
2114 3112 2166 3164 in
2225 3121 2516 3183 utramque
2545 3123 2756 3184 partem
2808 3127 3038 3173 eventus
3082 3129 3370 3188 exspecta-

113 3213 304 3278 λοντι,
351 3217 480 3270 ὅταν
535 3211 754 3284 ἐτέρους
783 3213 983 3274 ἴδωσιν,
1028 3213 1132 3266 ὑπὸ
1169 3213 1262 3266 τοῦ
1301 3215 1535 3285 πονηροῦ
1572 3232 1697 3266 συν-

115 3305 344 3368 ειδὸτος,
376 3307 454 3367 είς
479 3305 538 3357 τὸ
565 3305 884 3376 σκυθρωπὸν
916 3305 1092 3358 ἐκεῖνο
1133 3305 1344 3368 σκότος,
1374 3305 1565 3375 ὥσπερ
1595 3307 1698 3360 ὑπό

113 3410 268 3454 τινος
291 3393 485 3462 δημίου
517 3391 981 3464 καθελκομένουςς
1019 3393 1142 3446 Ἐὰν
1169 3387 1323 3458 οὗτος
1350 3396 1406 3446 ἐν
1435 3397 1699 3464 εὐφήμοις

113 3501 180 3537 τε
231 3484 328 3537 καὶ
371 3485 712 3555 εύχαρίστοις
755 3488 873 3549 ταῖς
929 3485 1079 3555 παρὰ
1124 3486 1233 3539 τῶν
1293 3487 1699 3541 εὑπεπονθότων

115 3577 352 3643 φωναῖς,
396 3575 645 3645 λαμπρὸς
671 3578 736 3648 τῇ
776 3577 1058 3648 παρρησίᾳ.
1101 3576 1179 3647 τῷ
1217 3581 1376 3648 κριτῇ
1414 3579 1562 3648 παρὰ
1591 3580 1699 3632 τῶν

111 3669 302 3740 ἔργων
333 3670 782 3740 προσαγάγηταιο
821 3669 926 3739 ἆρα
963 3669 1105 3723 κατὰ
1131 3671 1222 3723 τὸν
1261 3670 1434 3740 ὑλώδη
1473 3673 1699 3726 πλοῦτον

113 3759 418 3828 εὑκληρίαν
443 3759 656 3828 ἐκείνην
684 3754 823 3812 εἶναι
846 3758 1149 3826 λογίσεταις
1175 3750 1322 3830 ’Λρα
1346 3759 1552 3825 δέξεται
1580 3763 1698 3816 ἀντὶ

113 3849 232 3902 τῶν
263 3847 476 3915 ἀγαθῶν
514 3847 733 3901 ἐκείνων
766 3848 866 3918 ὄρη
907 3849 1080 3901 πάντα
1118 3849 1212 3901 καὶ
1249 3849 1434 3912 πεδία,
1466 3851 1560 3904 καὶ
1606 3853 1698 3906 νά-

113 3957 251 4002 πας,
286 3941 377 3992 καὶ
409 3939 698 4004 θάλασσαν,
734 3941 814 4002 είς
853 3941 1051 4010 χρυσὸν
1081 3941 1228 4010 αὑτῷ
1266 3943 1698 4013 μεταποιηθέντα

113 4031 406 4100 γενέσθαι;
464 4031 524 4085 '0
577 4032 634 4086 δέ
685 4032 926 4100 ἀκριϐῶς
983 4035 1241 4102 σφραγίσι
1275 4035 1368 4087 καὶ
1406 4036 1694 4108 κλείθροις,

113 4125 222 4176 καὶ
277 4123 631 4193 σιδηροδέτοις
683 4124 896 4190 πύλαις,
945 4127 1038 4178 καὶ
1075 4127 1290 4198 ὀχυροῖς
1341 4129 1698 4200 κρυπτηρίοις

113 4213 216 4268 τὸν
277 4214 537 4284 μαμωνὲιν
590 4214 968 4285 κατακρύψας,
1021 4217 1114 4269 καὶ
1163 4219 1342 4288 πάσης
1384 4219 1598 4288 ἐντολῆς
1635 4220 1697 4273 τὸ

115 4303 446 4357 ἀποκεῖσθαι
476 4303 623 4375 αὑτῷ
655 4308 1110 4376 συγκεχωσμένην
1143 4310 1200 4361 ἐν
1231 4309 1308 4380 τῷ
1342 4311 1565 4382 κρυπτῷ
1599 4311 1696 4382 τὴν

1801 3202 1950 3255 tione
2010 3217 2152 3272 saepe
2212 3212 2486 3264 tremens.
2566 3215 2727 3276 atque
2781 3210 2946 3263 etiam
3003 3211 3070 3265 iis
3119 3211 3372 3280 quicum

1801 3291 1945 3346 bona
2003 3295 2340 3350 conscientia
2397 3299 2630 3352 vixerint
2683 3298 2927 3354 futurum
2977 3303 3054 3355 rei
3118 3313 3368 3358 eventum

1802 3393 2119 3454 suspectmn
2153 3387 2482 3444 habentibus
2503 3431 2518 3456 ,
2550 3407 2675 3445 cum
2705 3394 2842 3448 alios
2881 3394 3120 3448 viderint
3145 3411 3175 3448 a
3205 3409 3370 3464 prava

1801 3476 2140 3530 conscientia
2193 3478 2247 3532 in
2285 3479 2538 3537 horridas
2573 3482 2694 3538 illas
2752 3498 2817 3538 ac
2871 3492 3038 3538 tetras
3095 3487 3367 3550 tenebras,

1801 3581 2057 3638 tanquam
2091 3570 2156 3624 ab
2195 3571 2380 3641 aliquo
2424 3573 2683 3630 carnifice
2725 3576 2904 3629 trahi?
2931 3577 2988 3630 Si
3034 3577 3148 3642 hic,
3179 3577 3371 3632 faustis

1799 3663 2006 3730 pariter
2068 3677 2132 3714 ac
2178 3663 2348 3732 gratis
2378 3663 2448 3718 ab
2489 3665 2554 3720 iis
2601 3667 2692 3735 qui
2739 3666 3003 3722 beneficia
3053 3671 3371 3738 acceperint

1798 3754 1960 3807 editis
1993 3755 2222 3810 vocibus
2273 3763 2436 3825 atque
2467 3759 2984 3825 acclamationibus,
3009 3759 3202 3818 fiducia
3240 3777 3370 3833 ope-

1799 3862 1918 3899 rum
1959 3847 2289 3926 {magnificus
2341 3863 2406 3902 ac
2456 3851 2776 3918 splendidus
2826 3852 3002 3921 jutlici
3052 3871 3109 3909 se
3163 3857 3364 3922 sistat,

1799 3937 2047 4005 nunquid
2119 3939 2354 3992 similem
2406 3955 2470 3995 ac
2502 3957 2686 4010 parem
2744 3946 3122 4001 materialibus
3161 3948 3367 4004 divitiis

1799 4029 2116 4084 felicitatem
2143 4045 2207 4084 ac
2233 4031 2624 4087 beatitudinem
2657 4035 2802 4088 illam
2834 4052 2957 4092 esse
2985 4039 3320 4094 existimabit
3345 4041 3368 4092 ’ἰ

1797 4121 2044 4190 nunquid
2077 4130 2294 4176 montes
2342 4139 2533 4178 omnes
2583 4133 2636 4178 et
2685 4141 2931 4194 campos,
2983 4137 3038 4181 et
3085 4131 3279 4193 saltus,
3314 4138 3370 4184 et

1797 4229 1948 4268 mare
1975 4213 2028 4266 in
2057 4229 2252 4268 aurum
2281 4223 2642 4270 transmutata
2674 4233 2771 4286 pro
2797 4219 2904 4274 illis
2932 4219 3090 4275 bonis
3113 4223 3214 4276 sibi
3246 4222 3366 4276 cedi

1749 4321 1863 4380 _ac
1909 4306 2047 4358 tradi
2101 4315 2363 4375 pacturus
2411 4307 2528 4363 sit?
2587 4310 2684 4363 Ille
2743 4325 2873 4364 vero
2930 4311 3021 4380 qui
3081 4312 3368 4382 diligenter

115 4395 258 4466 ὓλην
291 4396 681 4467 προτιμότερον
707 4397 918 4469 κρίνας,
947 4397 1042 4452 ἐὰν
1067 4399 1158 4451 ἐπὶ
1183 4399 1242 4452 τὸ
1275 4403 1544 4456 σκοτεινὸν
1583 4403 1694 4473 πῦρ

1803 4397 2102 4466 signaculis
2135 4405 2188 4451 et
2239 4397 2517 4462 claustris,
2555 4399 2879 4469 ferratisque
2914 4403 3087 4470 portis
3134 4411 3187 4457 et
3235 4405 3368 4458 tutis

115 4488 215 4540 ἐπὶ
245 4485 486 4556 κεφαλὴν
511 4487 880 4558 κατασύρηται
899 4505 914 4518 ·
950 4490 1166 4542 πάντων
1194 4492 1342 4562 αὑτῷ
1384 4493 1443 4546 τὸ
1480 4494 1696 4557 ἀπεινές

115 4579 216 4633 καὶ
242 4579 514 4648 ἀρήμερον
538 4579 939 4650 προφερόντων,
964 4581 1070 4634 τῶν
1100 4583 1242 4636 κατά
1267 4585 1366 4654 τὴν
1395 4585 1538 4656 ζωὴν
1567 4587 1699 4640 ταύ-

113 4685 220 4736 την
260 4669 712 4737 πεπειραμένων,
754 4668 848 4720 καὶ
901 4667 1193 4736 λεγόντων·
1241 4673 1554 4742 Μνήσθητι
1608 4675 1699 4728 ὅτι

113 4757 418 4822 ἀπέλαϐες
438 4756 626 4826 ἀγαθά
652 4771 768 4811 σου
789 4758 858 4810 ἐν
881 4759 954 4828 τῇ
977 4757 1089 4829 ζωῇ
1110 4777 1247 4816 σου·
1272 4765 1696 4830 συναπέκλεισας

113 4853 174 4900 ἐν
203 4849 317 4910 τοῖς
345 4845 661 4918 ὀχυρώμασι
695 4847 789 4900 τοῦ
822 4849 1048 4903 πλούτου
1091 4853 1181 4904 τὸν
1210 4852 1390 4918 ἔλεον,
1433 4857 1527 4908 καὶ
1562 4873 1696 4909 κατ-

115 4939 304 5002 έλιπες
352 4939 490 5009 ὑπὲρ
533 4942 636 5008 γῆς
685 4939 782 5009 τὴν
828 4940 1258 5012 εὑσπλαγχνίαν·
1301 4946 1402 4998 οὑκ
1455 4947 1698 5018 ἐκομίσω

115 5032 258 5100 ’πρὸς
296 5029 388 5082 τὸν
419 5031 544 5100 τῇδε
581 5031 692 5100 βίον
723 5032 820 5101 τὴν
861 5033 1266 5104 φιλανθρωπίαν
1289 5051 1306 5066 ⁶
1334 5037 1434 5090 οὑκ
1479 5038 1622 5108 ἔχεις
1670 5040 1698 5092 δ

119 5123 195 5193 μὴ
244 5123 430 5192 ἔσχες·
460 5125 558 5192 οὐχ
597 5124 870 5194 εὑρίσκεις
901 5124 929 5177 ὂ
963 5125 1036 5196 μὴ
1074 5126 1310 5179 ἀπέθου·
1347 5129 1406 5181 οὑ
1449 5133 1698 5200 συνάγεις

113 5215 142 5264 ὃ
185 5214 262 5283 μὴ
309 5214 665 5284 ἐσκὸρπισας⁶
703 5215 764 5266 οὑ
799 5215 998 5285 θεριεῖς
1053 5210 1128 5269 ὧν
1178 5217 1239 5270 οὑ
1279 5221 1575 5274 κατεϐἀλου
1628 5225 1698 5276 τὰ

117 5306 445 5374 σπέρματα·
480 5305 626 5371 ἄξιόν
659 5323 741 5358 σοι
772 5307 872 5377 τῆς
911 5311 1116 5379 σπορᾶς
1155 5309 1215 5362 τὸ
1249 5309 1404 5381 θέρος
1429 5329 1440 5343 ·
1477 5317 1698 5387 πικρίαν

117 5397 404 5467 ἔσπειρας,
438 5397 639 5468 δρέπου
683 5397 752 5450 τὰ
790 5397 1106 5470 δράγματα-
1152 5401 1212 5452 τὺ
1246 5401 1472 5471 ἀνηλεές
1511 5407 1698 5478 ἐτίμη-

120 5505 238 5550 σας,
272 5487 363 5561 ἔχε
407 5487 542 5558 ὅπερ
573 5485 860 5558 ἠγάπησας
880 5505 894 5516 ·
939 5489 1038 5542 οὐκ
1067 5487 1205 5553 εἶδες
1232 5493 1530 5561 συμπαθῶς
1558 5513 1570 5526 ·
1599 5499 1699 5550 οὑκ

119 5559 339 5648 ὀσᾳθήσῃ
375 5577 638 5640 ἐλεεινῶς.
673 5577 948 5649 Περιεῖδες
988 5559 1329 5651 θλιϐόμενον,
1361 5587 1700 5661 περιοφθήσῃ

191 5757 240 5790 δ’
275 5757 462 5812 Matth.
531 5775 656 5823 xxv,
700 5759 902 5824 40,45.
1019 5758 1062 5794 ³³
1107 5761 1239 5818 Lt'c.
1281 5747 1390 5826 m,

1801 4486 2125 4540 conditoriis
2183 4501 2550 4541 mammonam
2633 4489 3025 4554 absconderit,
3093 4499 3148 4545 et
3215 4493 3362 4546 omni

1795 4577 2051 4630 mandato
2103 4577 2383 4645 antiquius
2437 4578 2718 4646 magisque
2771 4579 3075 4632 curandum
3127 4579 3362 4644 duxerit,

1795 4677 1856 4721 ut
1889 4667 2118 4720 materia
2151 4667 2254 4722 sibi
2291 4667 2342 4720 in
2371 4669 2589 4722 occulto
2643 4669 2861 4726 delossa
2901 4683 3064 4740 atque
3107 4684 3365 4742 congesta

1796 4765 1982 4812 esset:
2018 4758 2064 4812 si
2095 4757 2164 4818 is.
2199 4758 2445 4826 inquam,
2485 4769 2726 4829 praeceps
2754 4761 2806 4813 in
2841 4762 3186 4817 tenebrosum
3216 4765 3366 4816 illum

1798 4853 1978 4922 ignem
2012 4851 2338 4906 detrudatur
2364 4893 2379 4916 ,
2402 4853 2660 4909 omnibus
2691 4855 2759 4910 iis
2800 4857 2892 4925 qui
2919 4873 3012 4926 per
3039 4857 3178 4923 hanc
3197 4859 3366 4911 vitam

1800 4945 2010 5014 experti
2081 4943 2283 4998 fuerint
2353 4945 2616 5000 smvitiam
2685 4954 2740 4998 et
2809 4946 3261 5002 inltumanitatem
3318 4949 3368 5002 ei

1799 5027 2186 5106 objicientibus
2215 5049 2270 5091 et
2290 5037 2602 5093 dicentibus
2627 5055 2640 5090 :
2673 5035 2934 5091 Memento
2955 5039 3094 5108 quod
3113 5041 3368 5105 receperis

1801 5130 1936 5183 bona
1969 5138 2062 5182 tua
2093 5129 2146 5182 in
2175 5129 2284 5183 vita
2311 5139 2404 5182 tua
2428 5129 2472 5161 ³⁸
2504 5147 2518 5183 :
2548 5130 2868 5184 conclusisti
2897 5113 3059 5184 simul
3091 5131 3146 5184 in
3186 5134 3369 5184 muni-

1801 5221 2000 5276 mentis
2021 5221 2332 5274 divitiarum
2355 5223 2810 5286 misericordiam,
2835 5232 2888 5277 et
2913 5223 3178 5292 reliquisti
3207 5239 3373 5291 super

1801 5321 2002 5364 terram
2035 5313 2332 5366 miserandi
2357 5313 2643 5379 affectum;
2675 5331 2782 5369 non
2808 5319 3036 5385 portasti
3068 5317 3132 5368 ad
3155 5318 3257 5370 hoc
3280 5333 3373 5372 sae-

1800 5403 1984 5457 culum
2005 5405 2400 5459 humanitatem
2423 5421 2564 5470 ;non
2587 5406 2759 5462 habes
2783 5409 2928 5477 quod
2955 5423 3060 5462 non
3088 5409 3326 5462 habuisti
3353 5426 3370 5476 ;

1802 5513 1910 5550 non
1934 5497 2144 5550 invenis
2168 5497 2314 5567 quod
2339 5513 2448 5552 non
2486 5500 2822 5568 deposuisti;
2852 5515 2959 5553 non
2997 5501 3207 5570 colligis
3225 5503 3368 5568 quod

1803 5604 1910 5642 non
1941 5587 2285 5659 dispersisti;
2333 5607 2440 5646 non
2481 5601 2654 5648 metes
2692 5609 2925 5662 quorum
2977 5609 3084 5648 non
3119 5593 3367 5662 deiecisti
