3844 6224
460 309 601 364 1265

1706 305 1764 359 S.
1805 302 2133 360 GREGORII
2168 301 2466 358 NYSSENI

3592 299 3723 352 12134

463 427 708 492 semina;
746 423 910 496 digna
956 424 1220 480 sementis
1257 424 1357 478 tibi
1405 424 1626 492 messis;
1681 425 2035 479 acerbitatem

2153 423 2530 490 Ξιπολλύμενος.
2568 421 2803 490 Ἐφυγες
2828 419 2920 471 τὸν
2941 418 3109 483 ἔλεον,
3130 415 3384 486 φεύξεται
3407 433 3477 468 ,σε
3501 417 3537 468 ὁ
3566 414 3727 479 ἔλεος*

458 515 766 579 setninasti,
800 515 994 584 collige
1024 515 1601 585 manipulos;coluisti
1644 516 2036 570 immisericor-

457 611 628 674 diam,
656 607 797 662 habe
818 606 962 676 quod
996 607 1261 673 dilexisti;
1285 622 1395 664 non
1415 607 1677 676 aspexisti
1702 620 2033 676 quemquam

459 700 959 761 condolenter,non
983 699 1270 770 aspicieris
1299 713 1422 752 cum
1444 699 1796 754 miseratione
1818 696 2037 766 ;dcspe-

462 789 589 844 xisti
613 804 737 844 eum
767 789 858 858 qui
884 787 1237 856 allligeretur,
1265 787 1588 856 despiciet-is
1633 787 1762 840 dum
1792 787 2033 856 peribis;

464 879 650 948 fugisti
681 877 1136 940 misericordiam,
1174 877 1345 946 fugiet
1373 889 1423 930 te
1463 875 1882 937 misericordia;
1912 874 2038 927 abo-

461 968 701 1022 minatus
721 982 782 1030 es
808 975 864 1022 et
895 965 1153 1021 fastidisti
1173 982 1427 1036 egenum,
1457 964 1702 1020 fastidiet
1727 974 1780 1019 te
1806 965 1897 1034 qui
1919 979 2038 1034 pro-

460 1071 578 1130 pter
606 1067 656 1114 te
687 1074 891 1132 egenus
922 1059 1064 1125 fuit;
1094 1060 1139 1113 si
1171 1059 1284 1114 hinc
1311 1069 1474 1129 atque
1507 1058 1708 1113 similia
1757 1057 2033 1118 dicantur,

460 1150 550 1203 ubi
578 1150 799 1204 aurum?
827 1148 918 1204 ubi
945 1148 1230 1218 splendida
1256 1163 1404 1212 vasa,
1426 1147 1708 1219 splendida
1731 1145 2037 1217 suppellex?

462 1243 553 1297 ubi
605 1258 701 1311 per
748 1239 1033 1311 signacula
1086 1239 1364 1296 thesauris
1396 1240 1641 1295 adhibita
1687 1237 1917 1293 cautio?
1946 1235 2034 1290 ubi

461 1336 527 1388 ad
583 1342 885 1389 nocturnas
939 1331 1203 1394 excubias
1243 1332 1480 1386 ordinati
1535 1347 1721 1392 canes,
1771 1329 2036 1386 adversus

462 1426 783 1481 insidiantes
813 1437 1087 1477 armorum
1141 1424 1482 1493 apparatus?
1513 1423 1566 1486 in
1601 1421 1888 1476 codicibus
1913 1435 2037 1490 per-

461 1517 664 1587 scripta
698 1515 983 1570 nominum
1019 1515 1345 1570 annotatio?
1379 1513 1509 1584 quid
1547 1515 1660 1568 haec
1681 1513 1748 1567 ad
1771 1511 1952 1566 ﬂetum
1981 1517 2035 1564 et

461 1609 753 1664 Sil'idOl'em
781 1607 1026 1662 dentium
1046 1606 1212 1674 ?quis
1237 1606 1568 1660 illuminabit
1589 1604 1887 1660 tenebras?
1908 1603 2034 1672 quis

453 1702 770 1771 exstinguet
818 1698 1134 1754 flammam?
1182 1699 1308 1768 quis
1353 1706 1560 1754 avertet
1603 1711 1839 1753 vermem
1887 1710 2035 1749 nun-

2139 516 2404 582 ἐδδελύξω
2430 515 2520 568 τὸν
2557 515 2804 584 πτωχὸν,
2842 510 3147 581 βδελῦξεταί
3184 527 3241 561 σε
3273 509 3302 560 ὁ
3341 508 3436 561 διὰ
3485 507 3554 560 σὲ
3594 523 3733 559 πτωρ

2137 611 2358 686 χεῦσας.
2398 610 2461 662 Εἰ
2493 607 2666 660 ταῦτα
2711 606 2806 678 καὶ
2853 605 2923 657 τά
2956 602 3180 656 τοιαῦτα
3215 601 3466 670 λέγοιτο.
3526 599 3640 654 ποῦ
3681 601 3735 652 τὸ

2138 684 2396 770 χρυσίονς
2439 693 2550 746 Ποῦ
2595 693 2661 744 τὰ
2694 689 2920 768 λαμπρά
2962 687 3159 756 σκεύη;
3201 686 3311 739 Ποῦ
3351 688 3388 755 ἡ
3436 684 3736 751 ἐπιϐεϐληο

2142 791 2277 862 μένη
2308 789 2420 848 τοῖς
2462 785 2754 855 θησαυροῖς
2793 782 2882 835 διά
2920 780 3027 834 τῶν
3065 778 3374 849 σφραγίδων
3421 775 3733 844 ἀσφάλεια;

2140 879 2250 933 Ποῦ
2301 879 2352 932 οἱ
2398 877 2518 938 ταῖς
2565 877 2907 946 νυκτεριναῖς
2955 871 3217 942 φυλακαῖς
3275 868 3735 935 ἐπιτετευγμὲνα

2139 967 2332 1030 κύνες.
2382 968 2477 1019 καὶ
2527 965 2666 1034 πρὸς
2711 964 2838 1028 τοὺς
2873 957 3330 1021 ’ἐπιϐουλεύοντας
3375 959 3490 1010 τῶν
3552 955 3736 1010 ὃπλων

2139 1059 2494 1129 παρασκευῆς
2568 1057 2632 1108 'H
2690 1057 2770 1129 év_
2799 1058 2911 1118 τοῖς
2972 1053 3196 1123 βιϐλίοις
3249 1047 3737 1118 ἀναγεγραμμένη

2141 1125 2472 1218 σημείωσιςς
2513 1147 2579 1200 Τί
2626 1125 2798 1200 ταῦτα
2840 1145 2974 1217 πρὸς
3019 1144 3111 1196 τὸν
3167 1142 3447 1211 κλαυθμὸν
3492 1141 3600 1192 καὶ
3647 1139 3737 1192 τὸν

2140 1240 2385 1310 βρυγμὺν
2429 1240 2538 1292 τῶν
2575 1240 2839 1302 ὀδόντων;
2883 1237 2978 1301 Τίς
3019 1219 3358 1302 καταυγάσει
3394 1233 3458 1286 τὸ
3500 1233 3736 1294 during;

2139 1333 2238 1396 Τίς
2261 1333 2589 1388 κατασϐέσει
2617 1333 2716 1401 τὴν
2746 1331 2951 1400 φλόγα;
2992 1329 3090 1394 Τίς
3122 1327 3459 1398 ἀποστρέψει
3483 1325 3584 1377 τὸν
3610 1326 3738 1377 ἀτε-

2137 1425 2392 1496 λεύτητον
2424 1424 2712 1494 σκώληκας
2746 1421 2954 1477 Οὐκοῦν
2990 1423 3291 1492 νοήσωμεν,
3330 1416 3593 1484 ἀδελφοὶ,
3636 1416 3737 1484 τὴν

2136 1517 2231 1571 τοῦ
2263 1517 2469 1587 Κυρίου
2504 1518 2710 1586 φωνὴν,
2737 1517 2794 1568 ὲν
2826 1515 2991 1583 ὀλίγῳ
3019 1510 3255 1564 τοσαῦτα
3294 1512 3425 1581 περὶ
3456 1507 3575 1560 τῶν
3606 1505 3740 1576 μελ-

2137 1607 2336 1659 λόντων
2379 1606 2768 1658 παιδεύουσανο
2806 1606 2901 1658 καὶ
2934 1602 3218 1672 γενώμεθα
3261 1601 3600 1668 ἐλεήμονες,
3651 1598 3739 1647 ἵνα

2137 1694 2425 1764 γενώμεθα
2456 1693 2544 1750 διὰ
2567 1694 2724 1747 τοῦτο
2763 1695 3043 1764 μακάριοι.
3073 1693 3130 1744 ὲν
3161 1690 3379 1760 Χριστῴ
3438 1687 3624 1759 Ἰησοῦ
3658 1686 3740 1755 τῷ

455 1809 623 1863 quam
657 1789 1025 1846 morientem?
1061 1788 1332 1856 Quocirca
1383 1789 1802 1844 consideremus
1850 1793 1905 1840 et
1950 1786 2034 1838 in-

2153 1787 2329 1858 Κυρίῳ
2350 1789 2382 1857 ἡ
2393 1786 2527 1856 μῶν,
2550 1780 2594 1854 ᾦ
2619 1787 2652 1857 ἡ
2681 1786 2808 1852 δόξα
2831 1785 2925 1839 καὶ
2955 1785 3016 1837 τὸ
3044 1786 3240 1846 κοάτος
3264 1785 3342 1844 εἰς
3371 1783 3501 1842 τοὺς
3530 1779 3741 1840 αἰῶνας

461 1883 791 1952 telligamus,
850 1881 1085 1941 fratres,
1133 1895 1318 1934 vocem
1377 1879 1635 1942 Domini,
1689 1887 1798 1931 tam
1864 1877 2033 1929 multa

455 1974 651 2044 paucis
681 1971 861 2028 verbis
904 1971 971 2024 de
1006 1970 1169 2024 rebus
1225 1969 1424 2026 futuris
1462 1970 1792 2023 docentem:
1829 1974 1883 2020 et
1916 1965 2214 2020 efliciamur
2269 1965 2672 2030 misericordes,
2745 1971 2804 2020 ut
2873 1963 3079 2018 idcirco
3121 1960 3263 2017 beati
3327 1959 3557 2022 ﬁamus,

2143 1876 2251 1929 τῶν
2295 1878 2527 1931 αἰώνων.
2575 1877 2767 1949 Ἀμήν.

3643 1974 3739 2029 per

457 2067 740 2121 Christum
784 2064 972 2119 Jesum
1020 2063 1308 2116 Dominum
1341 2072 1616 2124 nostrum,
1648 2060 1736 2114 cui
1768 2059 1939 2132 gloria
1986 2067 2042 2112 et
2083 2058 2396 2130 imperium,
2433 2059 2486 2112 in
2517 2057 2716 2114 saecula
2748 2057 3098 2112 Steculorum.
3124 2055 3317 2109 Amen.

1045 2151 1303 2207 ORATIO
1342 2151 1431 2205 Vl.

459 2245 611 2300 Beati
653 2262 786 2315 puro
845 2244 1002 2299 corde
1031 2285 1046 2309 ,
1081 2245 1335 2314 quoniam
1404 2245 1506 2314 ipsi
1557 2241 1729 2297 Deum
1776 2240 2041 2294 videbunt.

533 2403 686 2468 Quod
713 2402 962 2456 accidere
985 2400 1283 2455 verisimile
1303 2408 1389 2456 est
1408 2399 1476 2454 iis
1512 2399 1604 2469 qui
1627 2413 1693 2453 ex
1729 2395 1912 2466 aliquo
1932 2395 2044 2447 alto

462 2494 669 2547 vertice
691 2495 893 2547 montis
916 2494 970 2546 in
988 2501 1200 2545 vastum
1218 2491 1440 2558 aliquod
1466 2490 1688 2560 pelagus
1709 2485 2041 2555 despiciunt,

462 2582 517 2636 id
568 2581 733 2637 menti
792 2596 923 2635 mem
983 2581 1183 2636 accidit
1237 2581 1308 2634 ab
1355 2581 1573 2635 excelsa
1625 2591 1758 2631 voce
1796 2574 2034 2638 Domini,

464 2685 723 2744 tanquam
744 2673 810 2728 de
843 2674 1029 2742 aliquo
1068 2676 1355 2727 cacumine
1381 2671 1605 2734 montis,
1648 2670 1714 2723 ad
1745 2667 2044 2740 inexplica-

465 2767 628 2820 bilem
706 2766 1085 2820 intellettuum
1167 2765 1512 2835 despectanti
1593 2761 2042 2834 profunditatem.

465 2857 934 2924 Quemadmodum
983 2859 1130 2912 enim
1193 2857 1250 2911 in
1305 2856 1494 2911 multis
1549 2854 1687 2910 locis
1756 2852 2046 2906 maritimis

467 2958 705 3004 montem
742 2950 928 3003 vidi-re
968 2949 1092 3003 licet
1126 2949 1274 3004 circa
1325 2963 1444 3002 eam
1495 2956 1703 3016 partem
1743 2960 1850 3016 qua
1894 2957 2044 2998 mare

468 3051 700 3110 spectat,
729 3041 888 3110 quasi
920 3041 1205 3094 dimidium
1237 3039 1571 3104 abscissum,
1598 3046 1652 3093 et
1679 3053 1708 3090 a
1736 3037 1941 3091 vertice
1974 3035 2043 3089 ad

470 3133 799 3203 profundum
833 3149 1006 3202 usque
1036 3132 1247 3187 directo
1291 3133 1571 3196 ahrasum,
1601 3129 1759 3196 cujus
1793 3129 1848 3182 in
1880 3143 2044 3196 supe-

471 3225 613 3276 riotc
638 3231 790 3290 parte
823 3237 1086 3275 cacumen
1115 3221 1390 3292 quoddam
1430 3222 1729 3291 projectum
1771 3217 2042 3288 profundo

470 3314 751 3376 imminet;
781 3313 924 3380 quod
947 3313 1370 3382 igituraccidere
1386 3313 1678 3366 verisimile
1694 3321 1778 3366 est
1794 3311 1864 3376 ei,
1889 3311 1981 3380 qui
2013 3324 2043 3362 a

472 3405 564 3456 tali
593 3415 865 3472 tantaque
881 3403 1189 3459 altitudinis
1216 3404 1436 3466 specula
1465 3405 1519 3457 in
1542 3403 1873 3474 profundqu
1897 3416 2047 3456 mare

470 3497 771 3564 despiciat,
827 3496 1008 3549 itidem
1036 3496 1169 3549 mihi
1194 3511 1338 3550 nunc
1361 3496 1578 3549 animus
1602 3497 1760 3564 quasi
1783 3493 2048 3563 vertigine

472 3587 681 3640 laborat
721 3588 774 3640 in
828 3602 1024 3658 magna
1079 3587 1182 3640 hac
1232 3586 1446 3640 Domini
1505 3601 1638 3640 voce
1701 3600 2044 3654 suspensus:

475 3677 628 3730 b‘eati
656 3692 790 3746 puro
843 3678 1020 3741 corde,
1067 3677 1317 3746 quoniam
1346 3677 1447 3745 ipsi
1513 3676 1679 3730 Deum
1713 3675 1956 3729 videbunt
1980 3676 2045 3726 ".

475 3770 619 3822 Deus
647 3771 960 3838 spectaculo
1003 3773 1313 3840 propositus
1335 3776 1420 3823 est
1470 3768 1537 3822 iis
1597 3769 1690 3838 qui
1721 3785 1817 3822 cor
1850 3781 2050 3837 expur-

476 3869 658 3927 gatum
684 3859 991 3914 habuerint.
1022 3859 1192 3913 Deum
1223 3876 1372 3914 nemo
1397 3859 1525 3913 vidit
1555 3876 1807 3928 unquam,
1835 3869 1893 3913 ut
1938 3871 2050 3911 ma-

472 3967 615 4020 gnus
648 3953 826 4020 inquit
867 3950 1109 4006 Joannes
1129 3953 1210 4006 “°:
1248 3953 1540 4006 conﬁrmat
1571 3963 1750 4007 autem
1777 3967 1895 4006 eam
1927 3965 2051 4005 sen-

478 4045 700 4096 tentiam
734 4045 900 4097 etiam
937 4044 1028 4096 illa
1077 4045 1300 4100 sublimi
1335 4053 1517 4099 mente
1555 4043 1780 4104 Paulus,
1833 4045 1924 4111 qui
1965 4041 2052 4096 di.

478 4135 557 4189 xit
581 4152 596 4189 :
623 4136 788 4198 Quem
819 4134 996 4188 mitius
1031 4137 1303 4188 hominum
1349 4137 1500 4199 vidit,
1541 4151 1704 4205 neque
1753 4135 1924 4187 videre
1954 4148 2050 4200 po-

479 4226 660 4280 test“.
699 4225 826 4280 lltec
876 4237 959 4281 est
993 4227 1082 4281 illa
1120 4229 1290 4292 laevis,
1342 4230 1536 4282 abrasa
1574 4241 1737 4297 atque
1781 4234 2052 4296 praerupta

480 4327 657 4388 pitra,
695 4335 816 4388 quae
854 4321 1064 4372 nullum
1100 4319 1155 4373 in
1187 4336 1308 4376 sese
1363 4321 1735 4374 intellectuum
1776 4327 2054 4373 sustenta-

480 4425 720 4467 mentmn
774 4422 826 4467 et
871 4413 1275 4468 ﬁrmamentum
1337 4414 1613 4470 ostendit:
1676 4429 1838 4484 quam
1888 4414 2053 4466 etiam

481 4504 696 4574 Moyses
720 4505 907 4558 itidem
939 4506 1280 4561 inaccessam
1315 4507 1366 4560 in
1397 4507 1512 4560 suis
1539 4505 1777 4560 decretis
1807 4519 2052 4574 pronun-

2740 2146 2962 2200 ΛΟΓΟΣ
3011 2147 3104 2212 ς’.

2138 2238 2432 2308 Μακάριοι
2477 2242 2533 2294 οι
2577 2239 2823 2306 καθαροί
2867 2237 2942 2306 τῇ
2983 2235 3230 2304 καρδίῃ,
3274 2234 3364 2288 ὅτι
3408 2232 3589 2288 αὐτοὶ
3631 2232 3742 2287 τὸν

2706 2311 2856 2364 Θεὸν
2875 2310 3150 2377 ὄψονται.
3333 2330 3335 2333 ·

2213 2400 2392 2472 Ὅπερ
2420 2400 2613 2454 παθεῖν
2644 2401 2790 2464 εἰκὸς
2829 2401 2954 2462 τοὺς
2992 2400 3055 2452 ἐκ
3104 2415 3246 2462 τινος
3288 2397 3507 2468 ὑψηλῆς
3549 2399 3738 2467 ἀκρω-

2143 2494 2293 2566 ρείας
2323 2496 2403 2557 εἰς
2442 2494 2642 2564 ἀχανές
2687 2511 2739 2546 τι
2777 2493 3224 2554 κατακύπτοντας
3272 2491 3533 2558 πέλαγος,
3578 2489 3739 2542 τοῦτό

2144 2603 2234 2657 μοι
2273 2586 2539 2640 πέπονθεν
2569 2589 2603 2657 ἡ
2635 2587 2870 2652 διάνοια,
2915 2589 2979 2640 ὲκ
3011 2587 3108 2656 τῆς
3146 2584 3357 2655 ὑψηλῆς
3391 2584 3486 2636 τοῦ
3523 2583 3737 2654 Κυρίου

2142 2678 2344 2752 φωνῆς,
2382 2674 2493 2729 οἷον
2519 2677 2626 2730 ἀπό
2651 2694 2794 2739 τινος
2816 2676 3062 2747 κορυφῆς
3093 2676 3252 2746 ὅρους
3276 2715 3290 2737 ,
3321 2677 3400 2737 εἰς
3431 2673 3491 2726 τὸ
3526 2674 3736 2738 ἀδιεξί-

2141 2785 2303 2838 τητον
2334 2769 2443 2820 τῶν
2481 2767 2771 2838 νοημάτων
2799 2768 3068 2837 βλέπουσα
3104 2766 3281 2837 βάθος.
3315 2763 3588 2833 Καθάπερ
3629 2764 3739 2832 γάρ

2141 2860 2199 2913 ἐν
2231 2860 2443 2923 πολλοῖς
2473 2860 2578 2912 τῶν
2601 2859 3060 2934 παραθαλασσίων
3087 2860 3234 2911 ἔστιν
3276 2857 3401 2909 ἰδεῖν
3440 2857 3572 2925 ὅρος
3608 2855 3739 2924 ἡμί-

2149 2968 2335 3020 τομον,
2369 2953 2511 3006 κατὰ
2564 2953 2625 3005 τὸ
2677 2952 2940 3022 παράλιον
2996 2951 3160 3022 μέρος
3197 2951 3305 3003 ἀπὸ
3350 2949 3604 3018 κορυφῆς
3640 2947 3737 2998 ἐπὶ

2150 3042 2210 3093 τὸ
2247 3042 2409 3112 βάθος
2439 3043 2506 3096 δι’
2535 3044 2751 3107 εὐθείας
2788 3044 3186 3112 ἀπεξεσμένον,
3227 3034 3290 3094 οὗ
3335 3042 3478 3093 κατά
3515 3042 3580 3091 τὸ
3621 3041 3736 3094 ἀνω

2152 3136 2325 3205 πέρας
2362 3137 2506 3206 ἄκρα
2537 3153 2618 3199 τις
2657 3135 3074 3205 προὸεόλημένη
3117 3135 3252 3205 πρὸς
3287 3133 3376 3185 τὸν
3409 3131 3576 3202 βυθὸν
3615 3128 3738 3184 ἐπι-ἰ

2149 3228 2399 3281 νένευκεν
2417 3220 2449 3262 ὀ
2488 3231 2626 3298 ὅπερ
2666 3225 2761 3281 οῦν
2791 3226 2980 3281 παθεῖν
3009 3227 3152 3290 εἰκὸς
3173 3267 3187 3287 ,
3222 3227 3313 3279 τὸν
3342 3226 3451 3277 ἀπὸ
3471 3224 3595 3294 πῆς
3621 3242 3736 3275 τοι-

2149 3319 2321 3390 αύτης
2363 3322 2614 3384 σκοπιᾶς,
2649 3322 2713 3373 ὲκ
2741 3319 2937 3373 πολλοῦ
2982 3318 3077 3372 τοῦ
3113 3318 3280 3387 ὕψους
3309 3317 3402 3368 ἐπὶ
3429 3317 3534 3386 τὴν
3567 3317 3626 3367 ἐν
3660 3313 3738 3383 τῷ

2151 3411 2304 3480 βάθει
2334 3411 2698 3465 διακόπτοντα
2733 3411 3026 3464 θάλατταν·
3057 3409 3230 3471 οὕτως
3262 3408 3466 3478 ἰλιγγιᾷ
3503 3423 3609 3476 μου
3641 3406 3738 3456 νῦν

2145 3499 2312 3570 ψυχὴ,
2341 3501 2400 3552 ὲν
2437 3503 2502 3571 τῇ
2537 3501 2744 3572 μεγάλῃ
2785 3499 2956 3573 ταύτῃ
2987 3498 3082 3553 τοῦ
3131 3499 3334 3567 Κυρίου
3381 3498 3535 3564 φωνῇ
3579 3511 3740 3562 γενο-

2152 3592 2286 3662 μένη
2319 3593 2589 3664 μετέωρος
2603 3610 2616 3624 ⁸
2635 3586 2919 3661 Μακάριοι
2939 3594 2996 3646 oi
3015 3594 3256 3661 καθαροὶ
3286 3590 3362 3658 τῇ
3386 3589 3625 3658 καρδίᾳ,
3648 3589 3740 3640 ὅτι

2148 3684 2318 3738 αὐτοὶ
2363 3685 2469 3738 τὸν
2504 3684 2658 3746 Θεὸν,
2685 3685 2956 3754 ὄψονται.
2988 3686 3118 3748 Θεὸς
3165 3684 3448 3753 trp/manat
3477 3683 3596 3745 τοῖς
3637 3680 3741 3749 τὴν

2149 3779 2373 3848 καρδίαν
2395 3777 2779 3850 ὲκκαθαρθεῖσι
2800 3779 2860 3831 τὸ
2881 3777 3076 3848 θέαμα.
3112 3777 3261 3830 Θεὸν
3281 3775 3479 3839 οὐδεὶς
3506 3773 3740 3840 ἑώρακε

2149 3870 2404 3934 πώποτε,
2432 3865 2611 3933 καθὼς
2637 3887 2801 3938 φησιν
2845 3870 3093 3939 Ἰωάννης
3118 3873 3145 3922 ὁ
3176 3869 3346 3938 μέγας
3367 3884 3380 3895 '
3413 3864 3740 3935 ἐπιψηφίζει

2150 3959 2207 4012 δὲ
2241 3961 2334 4012 καὶ
2363 3959 2574 4023 Παῦλος
2603 3962 2631 4013 ὁ
2660 3960 2863 4029 ὑψηλὸς
2889 3960 2987 4029 τὴν
3011 3955 3442 4028 διάνοιαν,είπών
3461 3972 3474 3984 ’
3509 3957 3594 4008 ὅτι
3629 3957 3741 4007 'Ur

2150 4049 2310 4104 εἶδεν
2341 4052 2541 4117 οὐδεὶς
2571 4052 3064 4120 ἀνθρὼπων-,οὕτε
3094 4051 3242 4106 ίδεῖν
3260 4045 3548 4103 δύναται.
3588 4048 3738 4116 Αὕτη

2151 4145 2296 4196 ἐστὶν
2339 4147 2372 4215 ἠ
2413 4145 2532 4197 λεία
2580 4145 2672 4197 καὶ
2701 4145 2976 4215 ἀπότομος
3023 4145 3219 4214 πέτρα,
3255 4146 3288 4215 ἠ
3329 4142 3605 4212 μηδεμίαν
3653 4142 3738 4210 ἐφ’

2152 4237 2349 4306 ἑαυτῆς
2379 4237 2487 4288 τῶν
2529 4238 2816 4308 νοημάτων
2852 4237 3010 4307 βάσιν
3044 4236 3491 4298 ὑποδεικνύουσα,
3539 4236 3608 4306 ἣν
3642 4237 3738 4286 καὶ

2152 4328 2181 4379 ὁ
2241 4328 2482 4397 Μωῦσῆς
2536 4328 2797 4392 ὡσαύτως
2855 4329 3148 4400 ἀπρόσιτον
3197 4331 3310 4388 τοῖς
3367 4327 3492 4380 καθ’
3547 4327 3740 4379 ἑαυτὸν

2153 4419 2415 4489 δόγμασιν
2448 4421 2785 4490 ἀπεφήνατο,
2811 4421 2886 4484 ὡς
2920 4421 3170 4492 μηδαμοῦ
3203 4420 3462 4473 δύνασθαι
3501 4422 3739 4492 39036;;-

2154 4531 2241 4564 ναι
2291 4513 2445 4582 ἡμῶν
2501 4513 2600 4584 τὴν
2643 4513 2878 4567 διάνοιαν
2903 4553 2918 4572 .
2989 4511 3177 4583 name
3214 4512 3561 4583 ἀντιλήψεως
3599 4515 3734 4566 ἀπο.

479 4599 655 4661 tiavit,
689 4607 749 4650 ut
773 4613 1042 4666 nusquam
1075 4613 1227 4652 mens
1258 4611 1445 4653 nostra
1479 4597 1632 4652 adire
1659 4597 1858 4666 possit,
1891 4595 2044 4665 quid-

2158 4605 2441 4675 ξυσθείσης
2460 4605 2549 4658 διὰ
2574 4605 2674 4675 τῆς
2689 4605 3034 4675 ἀποφάσεως.
3059 4607 3177 4657 Οὐκ
3201 4605 3332 4657 ἐστι
3366 4605 3474 4673 γάρ
3491 4646 3507 4668 ,
3549 4608 3734 4673 φησὶν,

481 4689 610 4758 quid
645 4691 859 4743 enitens
897 4690 1328 4758 apprehendere,
1377 4705 1554 4759 quove
1583 4705 1704 4744 sese
1767 4689 2055 4743 sublevare

484 4781 682 4850 poterit
713 4797 807 4850 per
851 4781 998 4834 illam
1021 4784 1342 4835 sententiam
1366 4785 1564 4836 abraso
1586 4797 1604 4834 :
1631 4779 1752 4834 Non
1776 4790 1852 4833 est
1883 4780 2052 4842 enim,

482 4874 682 4942 inquit,
748 4877 836 4943 qui
888 4871 1176 4926 Dominum
1204 4873 1430 4939 videbit,
1475 4883 1524 4926 et
1554 4875 1682 4928 vivet
1717 4873 1854 4928 "-“.
1893 4873 2056 4943 Atqui

451 4967 664 5020 nidi-re
739 4965 932 5028 Deum,
986 4968 1098 5018 vita
1173 4968 1503 5034 sempiterna
1559 4975 1663 5020 est.
1724 4963 1838 5019 Hoc
1875 4974 2054 5018 autem

483 5059 600 5110 fieri
665 5071 780 5112 non
829 5072 1019 5127 posse,
1094 5067 1154 5110 ut
1235 5056 1380 5111 Deus
1439 5057 1722 5124 videatur,
1789 5060 2057 5112 columnae

483 5148 609 5202 tidei
630 5145 869 5201 Joannes
899 5157 953 5201 et
995 5145 1198 5201 Paulus
1228 5155 1281 5200 et
1307 5147 1520 5216 Moyses
1551 5147 1838 5202 alllrmaut.
1874 5149 2058 5204 Vides-

482 5258 552 5294 ne
582 5241 899 5309 vertiginem
924 5281 939 5304 ,
973 5255 1098 5294 eum
1147 5255 1252 5309 qua
1289 5255 1398 5294 una
1451 5242 1687 5295 trahitur
1719 5243 1934 5296 animus
1988 5241 2056 5295 ad

483 5332 910 5402 profunditatem
941 5346 1132 5386 eorum
1167 5350 1287 5403 qua:
1318 5334 1373 5386 in
1415 5333 1517 5387 hac
1569 5335 1818 5389 oratione
1869 5337 2054 5390 consi-

482 5423 787 5478 derantur?
821 5422 882 5476 Si
906 5423 1047 5478 Dens
1073 5432 1156 5479 est
1194 5427 1304 5479 vita
1327 5467 1341 5490 ,
1378 5427 1470 5494 qui
1505 5441 1616 5479 non
1649 5425 1797 5480 videt
1859 5426 2050 5490 Deum,

483 5517 650 5569 \itam
682 5533 792 5570 non
818 5515 984 5572 videt,
1019 5515 1176 5582 Quod
1212 5518 1353 5574 Deus
1385 5503 1551 5574 videri
1584 5533 1690 5573 non
1718 5519 1912 5589 possit,
1936 5529 2051 5574 tum

585 5701 631 5730 "'
659 5698 847 5754 Matth.
889 5717 940 5766 v,
982 5704 1033 5757 δι.
1111 5703 1158 5736 ⁸ο
1196 5701 1352 5757 Joan.
1391 5715 1428 5767 t,
1470 5702 1555 5756 18.

1633 5704 1676 5736 “
1718 5702 1736 5757 l
1777 5702 1917 5759 Tim.
1961 5719 2038 5772 vt,
2078 5703 2164 5761 16.

2152 4697 2320 4762 ὅστις
2373 4697 2581 4765 ὄψεται
2639 4699 2891 4766 Κύριον,
2937 4698 3034 4749 καί
3090 4695 3346 4764 ζήσεται.
3414 4695 3579 4749 Ἀλλά
3631 4699 3737 4768 μὴν

2153 4788 2370 4850 αἰώνιος
2402 4788 2516 4860 ζωὴ
2564 4789 2626 4842 τὸ
2669 4789 2794 4840 ἰδεῖν
2845 4790 2959 4841 ὲστι
3014 4787 3103 4840 τὸν
3142 4787 3294 4839 Θεὸν.
3346 4786 3520 4838 Τοῦτο
3572 4787 3628 4839 δὲ
3673 4789 3736 4839 ὰ·

2157 4883 2395 4950 μηχανον
2421 4881 2468 4932 oi
2494 4880 2675 4933 στύλοι
2710 4880 2808 4950 τῆς
2837 4881 3091 4942 πίστεως,
3122 4871 3375 4947 Ἰωάννης
3394 4879 3491 4930 καὶ
3525 4877 3738 4938 Παῦλος

2155 4973 2248 5024 καὶ
2288 4971 2492 5041 Μωσῆς
2531 4969 2873 5046 διορίζονται.
2918 4971 3077 5042 Ὁρᾷς
3120 4971 3210 5023 τὸν
3245 4970 3468 5037 ἴλιγνον.
3505 4965 3554 5037 ᾧ
3594 4971 3734 5041 ψυχὴ

2156 5064 2293 5132 πρὸς
2323 5063 2384 5116 τὸ
2421 5062 2581 5133 βάθος
2610 5063 2717 5115 τῶν
2763 5063 2820 5116 ἐν
2864 5062 2942 5134 τῷ
2984 5062 3126 5131 λόγῳ
3176 5061 3570 5132 θεωρουμένων
3620 5080 3736 5116 συν-

2157 5154 2406 5218 έλκεται;
2437 5156 2498 5206 Εἰ
2527 5153 2640 5225 ζωὴ
2680 5157 2707 5207 ὁ
2740 5153 2892 5217 Θεὸς,
2918 5157 2946 5207 ό
2979 5155 3052 5226 μὴ
3095 5153 3217 5207 ἰδὼν
3247 5155 3433 5213 αὐτὸν,
3464 5155 3568 5224 τὴν
3599 5155 3734 5223 ζωὴν

2155 5249 2214 5300 οὐ
2251 5249 2465 5318 βλέπει·
2500 5248 2562 5300 τὸ
2603 5247 2678 5317 μὴ
2711 5246 2969 5300 δύνασθαι
3013 5247 3138 5299 ἰδεῖν
3175 5247 3341 5310 Θεὸν,
3390 5248 3440 5306 οἱ
3488 5247 3735 5318 θεοῖς-ὁμοί

2156 5338 2264 5391 τῶν
2312 5336 2606 5409 προφητῶν
2652 5354 2711 5390 τε
2753 5338 2847 5390 καὶ
2895 5337 3208 5390 ἀποστόλων
3247 5335 3733 5406 διαμαρτύρονται.

2163 5429 2255 5491 Εἰς
2302 5428 2354 5479 τί
2397 5431 2508 5488 τοῖς
2554 5428 2862 5498 ἀνθρώποις
2985 5427 3137 5489 ἐλπὶς
3175 5421 3737 5498 περιΐσταται;’⁹Αλλ’

2163 5519 2512 5590 ὑποστηρίζει
2566 5518 3013 5573 καταπίπτουσαν
3059 5517 3157 5590 τὴν
3202 5516 3390 5569 ἐλπίδα
3439 5519 3466 5570 ό
3517 5515 3735 5589 Κύριος.

2244 5706 2291 5736 ⁶¹
2323 5705 2370 5736 ⁸⁸
2408 5703 2579 5760 Exod.
2621 5721 2815 5777 null,
2855 5705 2946 5761 20.
