3844 6224
111 341 254 403 tsos
1162 351 1249 406 DE
1283 351 1880 412 BEATITUDINIBUS.
1922 339 2180 409 onlmo
2213 353 2298 409 vr.
3225 351 3360 408 me

111 457 376 528 Καθάπερ
421 459 512 512 ἐπὶ
557 461 650 514 τοῦ
699 463 1234 534 Πέτρου“ιέ’ποίήσεν,
1287 467 1682 533 κινδυνεύοντος

1797 469 2082 539 propheta,
2128 479 2238 522 tum
2271 467 2502 536 apostoli
2539 467 2726 522 divino
2777 467 2972 537 spiritu
3015 467 3166 522 ducti
3221 478 3363 522 atte-

113 549 454 620 βυθισθῆναι,
498 552 658 606 πάλιν
702 555 794 628 ἐπὶ
826 555 1052 626 στερῤοῦ
1089 558 1182 612 καὶ
1223 559 1515 612 ἀντιτύπου
1557 562 1692 630 στὴ-“

1797 569 2018 616 stautur.
2063 560 2118 614 In
2143 576 2284 630 quas
2327 561 2610 630 angustias
2649 575 2774 629 spes
2815 559 3132 614 hominibus
3171 560 3372 629 redigi--

113 659 216 705 σας
255 643 347 696 τοῦ
395 643 606 708 ὓδατος.
639 645 702 698 Ei
737 646 922 704 ,τοίνυν
951 649 1080 722 ἔλθῃ
1111 651 1202 703 καὶ
1234 653 1499 722 ὲφ’.ἡμᾶς
1525 651 1558 724 ἡ
1589 651 1683 706 τοῦ

1797 653 1919 706 tur?
1956 647 2149 706 Verum
2183 652 2435 706 sublevat
2461 660 2626 722 atque
2655 661 2932 707 sustentat
2963 651 3230 707 Dominus
3279 653 3362 705 la-

109 734 287 800 Λόγου
315 735 456 805 χεὶρ,
481 738 576 790 καὶ
599 737 964 804 ἀστατοῦντας
995 744 1052 794 ὲν
1072 742 1150 813 τῷ
1171 741 1318 814 βυθῷ
1345 744 1456 796 τῶν
1485 743 1685 814 θεωρη-

1797 745 2104 799 besceutem
2149 759 2326 813 spem.
2373 743 2846 809 Quemadmodum
2892 743 2946 798 in
2983 743 3142 798 Petro
3193 743 3360 799 fecit:

113 827 323 893 μάτων,
357 828 449 880 ἐπὶ
476 827 714 898 θατέρου·
735 831 998 900 νοήματος
1025 836 1432 905 καταστήσειεν,
1461 835 1566 900 ἔξω
1591 835 1683 888 τοῦ

1797 849 1952 906 quem
2003 836 2404 905 periclitantem
2444 849 2512 890 ne
2561 835 3007 904 submergeretur
3055 844 3249 890 rursus
3307 837 3362 890 in

109 917 284 988 φόϐου
317 920 580 990 γινόμεθα
622 923 858 994 ἰσχυρῶς
899 924 993 982 τοῦ
1037 925 1500 997 χειραγωγοῦντες
1541 929 1688 998 ἡμᾶς

1797 925 1966 980 solida
1998 933 2162 994 atque
2198 925 2473 979 resistenti
2497 924 2766 995 vestigiis
2796 929 2936 993 aqua
2983 925 3272 979 collocavit
3295 925 3362 978 ".

109 1012 290 1079 Λόγου
327 1011 802 1084 περιδραξάμενοι.
845 1015 1132 1084 Μακάριοι
1165 1017 1300 1088 γὰρ,
1323 1020 1480 1090 φησὶ,
1501 1023 1682 1075 καθα-

97 1101 204 1168 ροὶ
229 1100 305 1170 τῇ
331 1103 560 1170 καρδίᾳ,
593 1104 682 1162 ὅτι
714 1107 884 1160 αὐτοὶ
905 1108 1014 1162 τὸν
1043 1108 1192 1162 Θεὸν
1217 1109 1487 1178 ὄψονται.

1792 1016 1848 1070 Si
1879 1016 2045 1084 igitur
2075 1014 2240 1068 etiam
2280 1014 2346 1068 ad
2372 1029 2471 1069 nos
2501 1029 2694 1069 manus
2725 1013 2888 1068 Verbi
2921 1013 3138 1068 admota
3175 1015 3360 1074 fuerit.

1789 1118 1842 1164 et
1869 1106 2152 1161 instabiles
2216 1105 2270 1159 in
2301 1104 2572 1175 profundo
2608 1105 3040 1176 speculationum
3095 1107 3150 1160 in
3195 1107 3362 1159 alter-

110 1203 242 1246 utro
269 1193 546 1249 intellectu
582 1197 951 1262 constituerit,
987 1201 1142 1253 extra
1177 1200 1380 1256 metum
1423 1200 1630 1255 erimus
1656 1239 1671 1262 ,
1714 1197 1939 1253 ﬁrmiter
1969 1197 2126 1266 quasi
2167 1209 2327 1249 manu
2357 1196 2566 1249 ducens
2637 1208 2738 1249 nos
2787 1192 3025 1250 Verbum
3095 1197 3361 1265 amplexi-

107 1283 271 1336 Beati
309 1284 475 1346 enim,
513 1285 708 1353 inquit,
769 1288 859 1356 qui
886 1303 1018 1357 puro
1069 1291 1226 1344 corde
1245 1291 1456 1358 prwditi
1503 1301 1624 1346 sunt
1657 1307 1676 1344 :
1714 1289 1965 1361 quoniam
1987 1287 2088 1354 ipsi
2115 1285 2284 1340 Deum
2314 1285 2580 1340 videbunt.

199 1378 261 1429 Ἠ
293 1377 392 1444 μὲν
447 1374 538 1432 οὖν
572 1381 868 1450 ἐπαγγελία
900 1383 1156 1456 τοσαύτη,
1201 1383 1278 1448 ὡς
1304 1387 1556 1457 παριέναι
1587 1385 1680 1438 τὸν

1849 1381 2148 1437 Promissio
2202 1379 2422 1450 quidem
2471 1387 2623 1434 certe
2661 1386 2813 1433 tanta
2863 1387 2970 1442 est,
3030 1386 3091 1433 ut
3141 1389 3366 1449 superrt

104 1469 412 1538 ἀκρότατον
457 1470 556 1539 τῆς
612 1474 1010 1544 μακαριότητος
1057 1473 1200 1546 ὅρον.
1236 1477 1302 1529 Τί
1344 1477 1452 1549 γάρ
1502 1479 1570 1532 ἄν
1600 1485 1682 1542 τις

1797 1479 2083 1526 :xtremum
2107 1471 2402 1525 terminum
2424 1469 2803 1525 beatitudinis.
2823 1469 2966 1536 Quid
2985 1471 3131 1525 enim
3163 1471 3364 1539 aliquis

109 1559 259 1628 μετά
300 1561 362 1613 τὸ
407 1561 643 1615 τοιοῦτον
699 1563 924 1632 ἀγαθὸν,
971 1567 1099 1620 ἄλλο
1152 1568 1456 1639 ποθήσειεν,
1511 1569 1687 1622 πάντα

1797 1571 1908 1633 past
1929 1563 2132 1617 bonum
2145 1561 2412 1646 ejusmodi
2433 1559 2580 1615 aliud
2599 1561 3016 1623 desideraverit,
3033 1576 3156 1615 cum
3173 1563 3360 1614 omnia

105 1653 256 1720 ἔχων
298 1651 356 1704 ὲν
404 1653 734 1724 ἑωραμένῳ;
783 1653 854 1707 Τὸ
898 1654 1180 1727 γὰρ.ἰδεῐν
1209 1658 1404 1711 ταύτὸν
1437 1658 1688 1730 σημαίνει

103 1741 196 1809 τῷ
235 1744 381 1810 σχετν
421 1745 478 1795 ὲν
508 1746 572 1814 τῇ
603 1745 700 1813 τῆς
733 1745 949 1816 Γραφῆς
981 1747 1236 1820 συνηθείᾳ.
1255 1765 1270 1779 ⁸
1321 1745 1572 1821 καθάπερ
1590 1755 1649 1808 τὸ
1669 1793 1685 1818 ,

111 1830 310 1894 Ἵδοις
345 1830 420 1884 τὰ
461 1833 650 1902 ἀγαθὰ
695 1835 1101 1907 Ἰερουσαλὴμ,
1153 1840 1272 1893 ἀντὶ
1323 1842 1416 1894 τοῦ
1450 1843 1682 1910 Εὕροις,

103 1919 210 1972 τοῦ
265 1919 424 1988 λόγου
461 1923 848 1992 σημαίνοντος·
889 1928 983 1980 καὶ
1021 1926 1118 1987 τὸ.
1155 1930 1429 1998 -Ἀρθήτω
1466 1935 1499 1987 ὁ
1546 1933 1688 1987 ἀσε-

101 2011 254 2076 ϐὴς.
291 2011 393 2064 ἵνα
417 2013 502 2081 μὴ
549 2013 647 2082 ἴδῃ
694 2015 808 2080 τὴν
837 2015 1024 2081 δόξαν
1065 2020 1306 2087 Κυρίου,
1336 2021 1425 2074 διὰ
1465 2022 1560 2075 τοῦ
1611 2023 1686 2095 μὴ

111 2103 276 2164 ἰδεῖν,
330 2103 392 2156 τὸ
445 2104 520 2175 μὴ
575 2111 860 2177 μετασχεῖν
913 2108 1008 2162 τοῦ
1058 2113 1334 2182 προφήτου
1383 2113 1684 2183 δηλοῦντος.

109 2188 333 2240 Οὐκοῦν
364 2191 392 2242 ὁ
418 2191 506 2242 τὸν
536 2191 666 2244 Θεὸν
710 2194 855 2255 ἰδὼν,
893 2197 999 2249 πᾶν
1030 2197 1166 2268 ὅπερ
1200 2201 1346 2253 ἐστὶν
1379 2202 1436 2254 ὲν
1469 2203 1688 2270 ἀγαθῶν

106 2277 428 2366 καταλόγῳ,
493 2281 581 2334 διὰ
633 2284 728 2336 τοῦ
785 2285 911 2338 [δεῖν
965 2287 1125 2358 ἔσχε,
1179 2289 1278 2361 τὴν
1333 2292 1688 2366 ἀτελεύτητον

107 2365 292 2437 ζωὴν,
348 2371 444 2438 τὴν
488 2373 654 2426 ἀΐδιον
701 2375 1026 2444 ἀφθαρσίαν,
1057 2377 1156 2450 τὴν
1197 2380 1464 2436 ἀθάνατον
1518 2365 1689 2453 μακα-

111 2455 368 2526 ριότητα,
423 2457 522 2530 τὴν
565 2460 920 2534 ἀτελεύτητον
969 2465 1265 2535 βασιλείαν,
1313 2469 1414 2541 τὴν
1456 2471 1689 2541 ἄληκτον

108 2547 462 2618 εὐφροσύνην
483 2586 500 2612 ,
518 2552 578 2604 τὺ
606 2552 856 2624 ἀληθινὸν
888 2557 1024 2625 φῶς,
1055 2560 1156 2632 τὴν
1197 2563 1572 2634 πνευματικὴν
1599 2565 1691 2619 καὶ

106 2636 379 2702 γλυκεῖαν
399 2643 701 2716 φωνὴν,τὴν
711 2641 1002 2713 ἀπρόσιτον
1011 2644 1506 2720 δόξαν,τὸδιηνεκὲς
1521 2655 1689 2724 ἀγαλ-

107 2728 314 2798 λίαμα,
343 2731 403 2783 τὸ
431 2733 539 2786 πᾶν
564 2734 788 2803 ἀγαθόν.
821 2736 894 2792 Τὸ
926 2739 1025 2810 μὲν
1053 2738 1146 2796 οὖν
1169 2746 1290 2798 κατ’
1319 2747 1508 2800 ἐλπίδα
1554 2765 1690 2819 προ-

107 2821 374 2888 κείμενον
399 2823 457 2875 έν
488 2828 556 2896 τῇ
588 2829 986 2900 μακαριότητος
1017 2834 1338 2906 ἐπαγγελίᾳ,
1363 2838 1602 2892 τοιοῦτόν
1629 2857 1691 2893 τε

105 2911 212 2982 καὶ
259 2913 530 2968 τοσοῦτον.
589 2917 738 2970 Ἐπεὶ
779 2919 834 2971 δὲ
865 2921 893 2972 ὁ
929 2922 1124 2993 τρόπος
1165 2924 1257 2976 τοῦ
1293 2927 1420 2981 ἰδεῖν
1463 2928 1550 2980 διὰ
1594 2929 1690 2983 τοῦ

103 3008 362 3078 καθαρὸν
391 3013 646 3080 γενέσθαι
673 3017 740 3085 τῇ
769 3017 964 3090 καρδίᾳ
995 3019 1366 3090 προδέδεικται
1390 3039 1404 3053 ·
1433 3025 1492 3076 ὲν
1519 3024 1692 3096 τούτῳ

1786 1654 1987 1708 habeat
2035 1653 2093 1708 in
2144 1668 2212 1708 eo
2255 1661 2417 1723 quem
2449 1651 2687 1708 viderit?
2719 1651 2853 1706 Nam
2901 1653 3111 1714 videre,
3165 1653 3221 1706 in
3259 1669 3366 1706 usu

1787 1744 2102 1815 Scriptum,
2141 1744 2284 1800 idem
2317 1745 2590 1816 signiﬁcat
2635 1744 2784 1816 quod
2813 1743 3057 1799 habere:
3098 1745 3367 1815 quemad-

1786 1837 2006 1892 modum
2030 1837 2184 1902 illud,
2225 1837 2414 1891 Videas
2441 1838 2575 1890 bona
2619 1831 2922 1892 Jerusalem
2946 1837 3015 1900 ⁸⁸,
3047 1835 3193 1892 idem
3219 1837 3366 1907 quod

1786 1929 2045 1993 inuenias,
2084 1927 2435 1996 signiﬁcante
2478 1929 2668 1983 verbo.
2701 1925 2767 1982 Et
2800 1946 2814 1982 :
2861 1913 3107 1982 fallatur
3147 1929 3363 1998 impius,

1787 2029 1851 2074 ne
1895 2018 2068 2073 ‘videa‘t
2107 2019 2334 2089 gloriam
2375 2017 2589 2073 Domini
2614 2017 2682 2082 ⁸⁷,
2717 2021 2814 2088 per
2864 2027 2974 2072 non
3019 2019 3222 2080 videre,
3251 2033 3363 2073 non

1735 2115 1750 2128 ‘
1788 2110 2112 2181 participem
2165 2121 2290 2166 esse
2341 2109 2604 2179 propheta
2652 2109 3014 2180 signiﬁcante.
3069 2107 3212 2179 Ergo
3268 2111 3365 2180 qui

1787 2199 1958 2256 Deum
1989 2201 2148 2264 vidit,
2179 2202 2445 2272 quidquid
2480 2202 2534 2256 in
2569 2200 2726 2256 bonis
2756 2205 3099 2268 numeratur,
3135 2211 3230 2270 per
3259 2203 3365 2255 hoc

1786 2293 1935 2364 quod
1980 2295 2134 2357 vidit,
2171 2293 2400 2363 adeptus
2431 2301 2534 2354 est,
2577 2292 2740 2346 vitam
2779 2293 2901 2346 sine
2940 2283 3068 2354 ﬁne,
3099 2299 3366 2345 aiternam

1789 2381 2384 2454 iucorruptibilitatem,
2485 2381 2850 2436 immortalem
2945 2381 3359 2441 beatitudinem,

1789 2491 2013 2545 regnum
2065 2477 2185 2530 sine
2235 2474 2362 2540 ﬁne,
2419 2474 2663 2528 laetitiam
2717 2472 3110 2534 continentem,
3170 2485 3360 2526 verum

1789 2566 1994 2629 lumen,
2029 2567 2365 2636 spiritualem
2409 2571 2464 2620 et
2489 2565 2702 2620 dillcem
2751 2567 2966 2627 vecem,
3014 2564 3240 2634 gloriam
3281 2563 3366 2615 in-

1790 2673 2091 2720 accessam,
2125 2667 2440 2728 perpetuam
2467 2657 2910 2719 eXsultationem,
2937 2671 3100 2711 omne
3129 2655 3366 2724 denique

1789 2749 2014 2804 bonum.
2051 2748 2340 2804 Enimvero
2365 2748 2511 2818 quod
2535 2747 2591 2802 in
2623 2748 2984 2818 promissione
3007 2747 3366 2802 beatitudinis

1791 2857 1888 2912 per
1941 2855 2092 2911 spem
2147 2839 2492 2912 proponitur,
2549 2841 2656 2894 tale
2706 2853 2772 2892 ac
2825 2845 3036 2892 tantum
3088 2847 3205 2903 est;
3269 2839 3365 2893 sed

1791 2935 2048 3004 quoniam
2083 2942 2208 2988 ante
2251 2933 2682 2988 demonstratum
2716 2935 2824 2994 est,
2879 2929 3100 2984 modum
3147 2929 3366 2985 videndi

1793 3024 1962 3080 Deum
1991 3023 2183 3079 conﬁci
2207 3039 2302 3094 per
2332 3023 2456 3088 hac,
2490 3024 2538 3078 si
2560 3023 2684 3092 quis
2705 3035 2841 3090 puro
2869 3021 3033 3076 corde
3058 3022 3360 3076 exstiterit:

107 3118 212 3170 μοι
245 3101 408 3154 πάλιν
441 3103 643 3176 ίλιγγιᾷ
686 3107 720 3176 ή
751 3107 980 3172 διάνοια,
1013 3111 1088 3182 μὴ
1118 3111 1226 3183 ἄρα
1257 3113 1368 3166 τῶν
1398 3113 1693 3186 ἀμηχάνων

1797 3116 1852 3170 in
1885 3115 1986 3170 hoc
2017 3119 2238 3170 rursum
2287 3123 2440 3168 mens
2470 3119 2588 3168 mea
2618 3111 2776 3182 quasi
2807 3112 3070 3181 vertigine
3113 3119 3364 3182 correpta
3453 3107 3458 3118 ’

101 3210 174 3246 τε
205 3194 306 3248 καὶ
331 3195 760 3266 ὑπερϐαινόντων
784 3199 882 3269 τὴν
923 3201 1084 3269 φύσιν
1112 3202 1288 3273 ἡμῶν,
1315 3205 1349 3275 ἡ
1387 3205 1694 3278 καθαρότης

103 3287 220 3358 τῆς
247 3289 478 3358 καρδίας
507 3289 673 3344 ἐστίν.
714 3293 777 3345 Et
805 3294 913 3364 γὰρ
952 3294 1038 3347 διὰ
1065 3295 1222 3349 τοῦτο
1257 3297 1286 3348 ὁ
1315 3295 1448 3359 Θεὸς
1469 3299 1694 3369 ὁρᾶται·

103 3379 330 3448 Μωσῆς
379 3379 437 3431 δὲ
484 3382 578 3434 καὶ¹
635 3381 840 3446 Παῦλος
887 3383 989 3436 οὑκ
1041 3385 1166 3448 ίδον,
1214 3384 1276 3438 τὸ
1323 3387 1462 3457 μήτε
1509 3388 1694 3453 αὐτὸν,

107 3469 262 3537 μήτε
297 3469 454 3522 ἄλλον
485 3471 608 3525 τινά
650 3471 906 3526 δύνασθαι
939 3473 1067 3527 ἰδεῖν
1099 3475 1406 3546 διωρίσατο,
1442 3476 1698 3530 ἀδύνατον

105 3559 267 3612 ἔοικέ
313 3576 366 3612 τι
409 3554 548 3614 εἶναι
576 3560 637 3614 τὸ
659 3561 736 3632 τῷ
771 3562 1102 3634 μακαρισμῷ
1134 3563 1228 3618 νῦν
1257 3565 1362 3618 ὑπὸ
1396 3565 1494 3618 τοῦ
1521 3566 1696 3634 Λόγου

105 3649 506 3719 προκείμενον.
561 3651 625 3704 Τί
658 3647 750 3704 οὖν
791 3655 922 3722 ἡμῖν
950 3653 1012 3706 τὸ
1043 3654 1232 3724 κέρδος
1260 3656 1326 3708 ὲκ
1363 3654 1457 3708 τοῦ
1497 3657 1698 3724 γνῶναι

105 3738 241 3801 πῶς
287 3740 318 3790 ὁ
366 3739 498 3804 Θεὸς
528 3743 748 3813 ὁρᾶται,
784 3745 834 3796 ει
879 3745 941 3797 τὸ
986 3745 1212 3798 δυνατὸν
1253 3748 1320 3816 τῇ
1373 3746 1585 3816 ἐπινοίᾳ
1623 3747 1696 3816 μὴ

107 3831 452 3902 πρόσεστιν;
505 3833 728 3904 Ὅμοιον
776 3837 884 3908 γὰρ
920 3837 980 3890 τὸ
1019 3837 1285 3902 τοιοῦτον,
1323 3836 1512 3908 ὥσπερ
1550 3839 1616 3891 ἂν
1649 3838 1703 3892 εἴ

105 3940 205 3985 τις
235 3925 507 3994 μακάριον
534 3921 672 3980 εἶναι
703 3927 851 3996 λέγοι
880 3929 940 3982 τὸ
966 3930 1024 3982 ὲν
1056 3929 1272 4001 οὐρανῷ
1297 3927 1550 3998 γενέσθαι
1575 3945 1588 3957 ·
1619 3931 1700 3984 ὅτι.

107 4017 244 4068 ἐκεῖ
277 4017 568 4086 κατόψεται
613 4020 682 4073 τὰ
732 4023 790 4074 ὲν
825 4022 904 4093 τῷ
943 4023 1044 4093 βίῳ
1095 4023 1170 4094 μὴ
1206 4024 1586 4096 καθορώμενα.
1636 4026 1699 4078 Ei

105 4110 236 4180 γάρ
281 4127 364 4174 τις
407 4108 476 4182 ἦν
509 4113 724 4184 μηχανὴ
797 4117 898 4186 τῆς
943 4116 1036 4170 ἐπὶ
1067 4115 1162 4169 τὸν
1205 4115 1432 4186 οὐρανὸν
1475 4117 1702 4186 πορείας

103 4199 214 4253 διὰ
242 4201 339 4254 τοῦ
371 4203 528 4271 λόγου
579 4205 1004 4277 προδεικνυμένη
1024 4223 1038 4237 ·
1078 4207 1139 4258 τὸ
1179 4209 1370 4277 μαθεῖν
1397 4208 1479 4262 ὅτι
1520 4225 1700 4279 μακα-

111 4290 315 4362 ριστόν
350 4293 463 4345 ἐστι
491 4294 550 4346 τὸ
580 4295 638 4346 έν
683 4297 874 4366 ἐκείνῳ
920 4296 1191 4365 γενέσθαι,
1239 4297 1508 4368 χρήσιμον
1538 4297 1606 4351 ἂν
1629 4293 1700 4368 ἦν

107 4386 236 4447 τοῖς
273 4383 582 4438 ἁκούουσιν.
616 4387 757 4450 Ἕως
789 4387 834 4440 δ’
864 4387 930 4442 ἂν
961 4387 1023 4441 τὸ
1055 4389 1198 4443 κατὰ
1222 4389 1319 4460 τὴν
1341 4388 1524 4444 ἄνοδον
1557 4390 1702 4460 ἀμή-

1796 3214 2012 3271 ιεειυιιι,
2063 3205 2389 3276 ambigendo
2429 3211 2572 3260 anne
2614 3203 2822 3274 puritas
2873 3199 3055 3258 cordis
3098 3203 3169 3259 sit
3203 3206 3370 3259 exiis

1797 3301 1963 3355 rebus
2011 3309 2130 3368 quae
2151 3309 2326 3368 neque
2341 3296 2475 3352 efﬁci
2497 3301 2748 3365 possunt,
2777 3303 2830 3349 et
2852 3301 3102 3368 naturam
3121 3303 3366 3349 nostram

1798 3367 2060 3458 superant
2097 3393 2152 3441 et
2177 3367 2471 3440 excedunt.
2509 3384 2642 3438 Nam
2678 3385 2722 3436 si
2750 3397 2847 3453 per
2877 3367 3016 3436 hanc
3045 3373 3184 3436 Deus
3218 3383 3367 3436 vidc-

1797 3488 1930 3542 tur,
1991 3478 2205 3549 Moyses
2248 3483 2429 3531 autem
2474 3483 2527 3529 et
2564 3473 2772 3528 Paulus
2820 3487 2928 3526 non
2963 3473 3217 3527 viderunt
3277 3487 3372 3542 per

1799 3571 1905 3625 hoc
1931 3569 2076 3639 quod
2119 3579 2296 3638 neque
2339 3567 2408 3622 ab
2442 3579 2583 3631 sese,
2633 3579 2811 3635 neque
2850 3564 2918 3618 ab
2951 3565 3060 3619 alio
3095 3579 3370 3633 quoquam

1798 3663 1968 3716 Deum
1993 3661 2164 3715 videri
2197 3675 2356 3729 posse
2393 3657 2681 3724 aﬁirmant,
2709 3672 2772 3711 ea
2799 3669 2920 3726 quae
2954 3669 3100 3708 nunc
3127 3669 3158 3708 a
3193 3651 3376 3709 Verbo

1797 3754 2120 3809 beatitudini
2161 3751 2506 3821 proponitur,
2539 3757 2629 3804 res
2671 3747 2942 3817 ejusmodi
2983 3761 3107 3801 esse
3133 3745 3367 3808 videtur,

1798 3861 1921 3916 qua;
1947 3843 2082 3899 eﬂici
2116 3851 2280 3913 atque
2301 3840 2678 3912 repraesentari
2714 3853 2819 3893 non
2867 3839 3062 3908 possit.
3097 3837 3238 3903 Quid
3270 3837 3369 3909 igi-

1799 3944 1890 3989 tur
1931 3934 2070 3988 lucri
2115 3933 2274 3988 nobis
2325 3931 2536 3985 accedit
2590 3945 2666 3985 ex
2701 3945 2790 3994 eo,
2843 3930 2988 3999 quod
3017 3930 3374 4000 cognovimus

1798 4041 1906 4096 qua
1937 4025 2150 4079 ratione
2198 4022 2340 4078 Deus
2369 4022 2641 4082 videatur,
2687 4021 2733 4075 si
2770 4022 2913 4075 vires
2946 4020 3024 4076 rei
3052 4021 3376 4090 excogitata:

1799 4131 1910 4174 non
1936 4117 2179 4175 adsunt?
2210 4116 2265 4171 id
2287 4117 2432 4172 enim
2459 4116 2640 4172 simile
2685 4121 2790 4178 est,
2827 4129 2888 4169 ac
2912 4114 2958 4168 si
2989 4115 3112 4184 quis
3141 4113 3372 4177 diceret,

1798 4209 2018 4264 boatum
2063 4219 2186 4263 esse
2213 4207 2270 4260 in
2303 4207 2446 4261 caelo
2473 4205 2715 4268 versari,
2769 4205 3032 4274 quoniam
3077 4203 3193 4258 illic
3233 4219 3370 4258 con-

1801 4299 2108 4369 spiciuntur
2131 4311 2216 4360 ea,
2257 4311 2378 4366 quae
2407 4297 2462 4350 in
2501 4296 2604 4350 hoc
2633 4296 2836 4350 saeculo
2882 4299 2990 4348 non
3023 4289 3374 4364 conspiciun-

1801 4403 1910 4444 tur.
1945 4387 2080 4442 Nam
2115 4387 2162 4442 si
2193 4387 2374 4456 aliqua
2407 4387 2547 4440 ratio
2577 4383 2898 4454 expediendi
2933 4383 3145 4438 itineris
3171 4384 3226 4436 in
3259 4397 3373 4436 co:-

111 4493 292 4547 χανον
323 4473 382 4549 ᾖ,
415 4477 469 4529 τί
510 4477 662 4548 φέρει
694 4477 880 4547 κέρδος
910 4480 944 4549 ἡ
974 4478 1174 4546 γνῶσις
1221 4479 1321 4550 τῆς
1367 4481 1694 4551 μακαριότη-

1802 4484 1914 4538 lum
1945 4495 2042 4552 per
2077 4489 2388 4536 sermonem
2414 4485 2944 4549 praemonstraretur,
2981 4477 3114 4530 utile
3146 4474 3376 4529 audien-

111 4585 216 4629 τος
249 4567 348 4637 τῆς
376 4568 649 4638 οὐρανίας,
673 4569 914 4622 λυποῦσα
943 4570 1104 4640 μόνον
1131 4571 1256 4634 τοὺς
1292 4570 1701 4642 μεμαθηκότας,

111 4661 252 4714 οἵων
281 4660 370 4712 διὰ
391 4661 451 4712 τὸ
479 4661 734 4714 ἀδύνατον
753 4663 852 4732 τῆς
875 4661 1066 4714 ἀνόδου
1095 4662 1515 4732 ἁποστερήμεθα
1535 4680 1550 4728 ;
1573 4657 1702 4735 ’Ἆρ’

111 4747 220 4805 οὖν
259 4749 366 4814 ἔξω
398 4752 496 4821 τῆς
543 4753 755 4821 φύσεως
801 4752 958 4824 ἡμῶν
999 4754 1030 4806 ὁ
1085 4753 1286 4823 Κύριος
1335 4753 1702 4822 ὲγκελεύεται,

101 4841 222 4894 -καὶ
259 4840 507 4911 ὑπερέϐη
557 4842 625 4896 τὰ
677 4843 848 4914 μέτρα
893 4843 995 4913 τῆς
1035 4844 1381 4916 ἀνθρωπίνης
1423 4844 1704 4916 δυνάμεως

111 4931 206 5002 τῷ
257 4932 530 5003 μεγαλείῳ
579 4931 672 4986 τοῦ
724 4934 1126 5005 ὲπιτάγματος;
1183 4935 1297 4988 Οὐκ
1346 4933 1462 4988 ἐστι
1509 4935 1702 4990 ταῦτα.

117 5022 271 5077 Οὔτε
316 5023 424 5094 γὰρ
453 5025 686 5095 πτηνοὺς
724 5025 976 5094 γενέσθαι
1020 5025 1250 5090 κελεύει,
1279 5019 1360 5088 οἷς
1402 5026 1464 5078 τὸ
1505 5027 1704 5098 πτερὸν

115 5117 231 5170 οὐκ
269 5117 550 5185 ἐνέφυσεν,
589 5118 710 5171 οὐδὲ
755 5119 860 5170 ὑπὸ
897 5117 1039 5190 ὕδωρ
1088 5119 1188 5190 ζῇν
1219 5113 1300 5182 οἷς
1330 5118 1424 5173 τὸν
1453 5124 1704 5190 χερσαῖον

117 5209 492 5280 ἀπεκλήρωσε
540 5209 672 5280 βίον.
713 5211 776 5264 Εἰ
804 5207 896 5264 οὖν
927 5213 982 5264 ἐν
1009 5213 1144 5265 πᾶσι
1169 5214 1282 5275 τοῖς
1323 5211 1502 5274 ἄλλοις
1534 5212 1706 5284 πρόσ-

119 5305 304 5376 φορὸς
328 5306 446 5358 ἐστι
489 5307 556 5376 τῇ
590 5305 815 5374 δυνάμει
842 5305 950 5358 τῶν
994 5305 1296 5376 δεχομένων
1331 5305 1360 5356 ὁ
1393 5304 1576 5374 νόμος,
1607 5309 1704 5357 και

117 5397 288 5452 οὐδὲν
331 5397 474 5467 ὑπὲρ
517 5399 616 5466 τὴν
660 5396 820 5466 φύσιν
848 5397 1091 5467 βιάζεται
1111 5413 1125 5427 ·
1169 5399 1264 5450 καὶ
1294 5395 1452 5449 τοῦτο
1486 5395 1702 5458 πάντως

123 5493 200 5544 ὲκ
237 5487 334 5542 τοῦ
367 5489 658 5543 ἀκολούθου
683 5491 966 5560 νοήσομεν,
1003 5489 1078 5559 μὴ
1109 5489 1202 5542 ἀπ’
1232 5488 1445 5552 ἐλπίδος
1476 5484 1613 5541 εἶναι
1643 5489 1706 5540 τὸ

119 5579 222 5636 διὰ
251 5580 350 5634 τοῦ
383 5581 730 5654 μακαρισμοῦ
761 5581 1230 5653 προδεικνύμενον.
1284 5579 1441 5634 Ἀλλά
1491 5581 1585 5634 καὶ
1613 5580 1705 5633 τὸν

206 5754 258 5787 ⁸⁵
300 5753 486 5810 Matth.
549 5770 624 5824 iv,
660 5754 748 5811 30.
825 5755 872 5789 “
921 5755 1064 5813 Psal.
1103 5771 1304 5824 cxxvn,
1361 5757 1412 5811 ὅ.

1797 4576 1945 4629 tibus
1972 4580 2120 4628 esset
2139 4573 2406 4627 didicisse
2447 4569 2592 4640 quod
2624 4569 2846 4624 beatum
2895 4569 2968 4621 sit
2998 4568 3051 4620 in
3080 4567 3220 4620 coelo
3250 4581 3372 4619 ver-

1801 4665 1932 4722 sari.
1977 4663 2232 4730 Quandiu
2279 4671 2458 4718 autem
2504 4674 2768 4715 ascensus
2811 4659 3099 4729 expeditus
3125 4673 3232 4712 non
3264 4667 3370 4722 est,

1799 4755 1933 4827 quid
1980 4753 2336 4810 emolumenti
2381 4752 2538 4806 aﬁ‘ert
2578 4751 2818 4821 cognitio
2868 4749 3109 4803 caalestis
3139 4749 3375 4803 beatitu-

1801 4847 1967 4912 dinis,
1993 4861 2200 4916 angens
2229 4845 2494 4899 duntaxat
2519 4851 2573 4898 et
2600 4843 2740 4896 male
2769 4843 2974 4898 habens
2997 4855 3100 4895 nos
3148 4839 3373 4894 cdoctos

1801 4939 2058 5010 qualibus
2089 4937 2253 4992 rebus
2279 4937 2473 5006 privati
2501 4927 2696 4998 sim-us,
2735 4937 2790 4987 et
2835 4939 3052 5002 propter
3082 4943 3374 4986 ascensum

1801 5031 2122 5102 impeditum
2155 5017 2481 5084 careamus?
2533 5024 2790 5094 Nunquid
2817 5023 2985 5093 igitur
3016 5021 3082 5076 ad
3113 5019 3190 5087 id,
3228 5019 3377 5090 Quod

1802 5131 2055 5176 naturam
2107 5129 2352 5174 nostram
2401 5115 2640 5178 excedit,
2685 5114 2952 5169 Dominus
3001 5113 3268 5175 hortatur,
3323 5122 3377 5164 et

1804 5223 2028 5281 superat
2059 5211 2276 5266 modum
2327 5211 2684 5263 humanarum
2729 5206 2924 5260 virium
2971 5202 3376 5275 magniﬁcentia

1809 5302 2102 5376 praecepti?
2147 5301 2266 5355 Non
2325 5301 2400 5354 ita
2433 5315 2494 5354 se.
2526 5309 2616 5352 res
2643 5297 2826 5352 habet.
2873 5293 3060 5365 Neque
3093 5295 3238 5349 enim
3277 5307 3377 5346 vo-

1811 5398 1992 5452 lucres
2021 5395 2133 5450 ﬁeri
2163 5393 2340 5463 jubet,
2371 5391 2572 5462 quibus
2597 5390 2714 5444 alas
2739 5399 2849 5443 non
2873 5387 3129 5458 produxit
3154 5401 3168 5438 :
3198 5399 3377 5456 neque

1811 5488 1916 5542 sub
1947 5501 2089 5553 aqua
2121 5486 2324 5546 vivere,
2373 5481 2572 5552 quibus
2595 5488 2908 5535 terretrem
2938 5479 3102 5533 vitam
3131 5477 3379 5548 assigna-

1810 5579 1911 5634 vit.
1964 5576 2022 5632 Si
2071 5578 2234 5647 igitur
2281 5576 2366 5635 te:
2418 5573 2475 5629 in
2526 5571 2648 5629 aliis
2687 5571 2942 5628 omnibus
2991 5567 3374 5640 accipientium

1488 5757 1532 5791 "
1591 5755 1694 5812 lsa.
1736 5768 1884 5819 “VI,
1924 5751 2010 5817 10,
2045 5749 2202 5821 juxta
2235 5746 2404 5804 ωικ.
