3844 6224
470 362 607 431 ηοξ

1706 366 1763 423 s.
1806 365 2133 433 Gusconu
2175 365 2472 439 missas:

462 481 673 535 viribus
716 481 1047 537 conveniens
1099 492 1219 547 est,
1259 494 1314 539 et
1363 484 1431 540 ad
1480 485 1683 539 nullam
1736 501 1849 540 rem
1909 501 2033 556 quae

2165 489 2420 558 Ιωάννην,
2450 486 2545 539 καὶ
2584 484 2675 539 τὸν
2718 483 2952 549 Παῦλον,
2995 481 3094 538 καὶ
3141 472 3236 535 τὸν
3279 469 3524 543 Μωσέα,
3558 480 3649 533 καὶ
3673 480 3719 533 ei

461 588 626 644 supra
661 582 908 633 naturam
940 576 1012 630 sit
1060 578 1244 646 cogit,
1276 578 1439 633 etiam
1481 579 1583 633 hoc
1613 593 1838 648 prorsus
1870 594 1939 633 ex
1972 593 2039 632 eo

461 667 607 736 quod
648 675 1077 723 consentaneum
1124 678 1209 725 est
1245 670 1613 741 intelligemus
1637 711 1652 735 ,
1693 686 1804 726 non
1844 669 2042 740 despe-

461 758 692 829 randum
743 759 995 815 videlicet
1044 776 1166 816 esse
1203 761 1258 815 id
1316 762 1462 832 quod
1510 777 1606 833 per
1646 762 2038 817 beatitudinem

461 858 935 920 praemonstratur,
986 852 1082 907 sed
1136 861 1191 908 et
1234 852 1524 916 Joannem,
1587 863 1642 908 et
1681 853 1933 918 l’aulum,
1987 862 2042 906 et

462 939 709 1010 Moysen,
759 950 814 996 et
865 942 911 997 si
944 944 1068 1013 quis
1100 944 1242 999 alius
1277 945 1493 999 illorum
1540 946 1737 1001 similis
1787 954 1892 1009 est,
1931 959 2043 999 non

463 1031 737 1088 excidisse
767 1033 870 1087 hac
906 1034 1127 1089 sublimi
1163 1036 1525 1102 beatitudine,
1559 1051 1682 1107 qua:
1709 1053 1778 1091 ex
1811 1050 2045 1105 conspe-

464 1123 649 1178 ctione
682 1124 772 1180 Dei
808 1126 1038 1190 accedit,
1092 1142 1268 1197 neque
1305 1129 1460 1183 illum
1506 1128 1601 1198 qui
1632 1128 1808 1182 dixit:
1843 1127 2044 1181 Recon-

465 1216 584 1269 dita
621 1226 697 1271 est
731 1218 860 1270 mihi
881 1217 1110 1287 justitiw
1135 1235 1357 1285 corona,
1406 1237 1566 1290 quam
1593 1219 1772 1274 reddet
1803 1220 1933 1273 mihi
1951 1221 2046 1290 ju-

467 1318 584 1362 stus
606 1309 774 1378 judex
793 1310 861 1375 ",
897 1326 1075 1381 neque
1098 1328 1222 1366 cum
1258 1312 1352 1383 qui
1381 1312 1633 1368 recubuit
1666 1328 1830 1381 super
1858 1321 2047 1382 pectus

471 1393 601 1451 Jesu
646 1397 714 1461 “,
773 1414 950 1467 neque
999 1415 1124 1453 eum
1177 1400 1271 1469 qui
1318 1400 1527 1455 audivit
1577 1415 1609 1453 a
1659 1414 1793 1453 voce
1839 1399 2044 1463 divina,

471 1486 705 1559 Cognovi
739 1499 787 1543 te
810 1500 1001 1557 pra’ter
1034 1506 1212 1543 omnes
1233 1491 1301 1545 ⁸⁰.
1336 1490 1393 1544 Si
1427 1505 1561 1561 ergo
1588 1505 1696 1543 non
1731 1488 2046 1559 ambigitur,

471 1580 603 1645 quin
638 1580 710 1633 illi
752 1581 845 1648 qui
884 1581 1395 1650 contemplationem
1422 1580 1518 1636 Dei
1551 1595 1717 1651 supra
1750 1580 1898 1635 vires
1928 1595 2051 1634 esse

475 1667 1091 1736 puedicaverunt,beati
1117 1671 1246 1735 sint,
1283 1671 1561 1727 beatitudo
1607 1681 1788 1727 autem
1819 1688 1885 1728 ex
1920 1688 2049 1727 con-

476 1743 756 1829 spectioue
804 1759 896 1814 Dei
933 1761 1172 1827 exsistit,
1214 1769 1378 1832 atque
1404 1761 1574 1817 Deum
1604 1764 1792 1819 videre
1831 1764 2048 1819 contin-

2139 597 2224 644 τις
2251 579 2408 643 ἄλλος
2450 579 2569 631 κατ’
2605 576 2844 641 ἐκείνους
2871 576 3008 642 ἐστὶ,
3044 576 3118 647 μὴ
3161 573 3596 628 ἐκπεπτωκέναι
3632 572 3721 642 τῆς

2138 671 2350 741 ὑψηλῆς
2378 669 2582 741 ταύτης
2620 668 3036 740 μακαριότητος,
3080 667 3176 737 τῆς
3215 667 3280 719 ὲκ
3317 665 3415 718 τοῦ
3471 665 3609 717 ἰδεῖν
3641 662 3723 717 τὸν

2140 763 2273 816 Θεὸν
2302 761 2749 834 προσγινομένης,
2787 760 2921 831 μηδὲ
2944 759 3034 813 τὸν
3067 758 3414 818 είπόντα,ὃτι
3462 757 3723 811 Ἀπόλιει-

2140 855 2238 910 ται
2261 873 2364 926 μοι
2408 859 2443 910 ό
2473 854 2584 923 τῆς
2609 854 3000 920 δικαιοσύνης
3028 851 3351 920 στέφανος,
3387 850 3471 903 ὃν
3498 846 3723 903 ἀποδώ-

2141 963 2238 1001 σει
2264 963 2367 1016 μοι
2396 948 2428 1000 ό
2456 943 2683 1010 δίκαιος
2720 941 2946 1011 κριτὴς,
2981 942 3118 1012 μήτε
3144 940 3234 993 τὸν
3277 940 3371 992 ἐπὶ
3412 939 3486 992 τὸ
3539 935 3728 1006 στῆθος

2143 1036 2482 1092 ἀναπεσόντα
2529 1035 2625 1088 τοῦ
2669 1033 2865 1104 Ἰησοῦ,
2919 1034 3057 1104 μήτε
3103 1032 3193 1086 τὸν
3241 1030 3535 1100 ἀκηκοότα
3588 1029 3730 1098 παρὰ

2141 1128 2241 1199 τῆς
2274 1126 2422 1190 θείας
2449 1126 2650 1196 φωνῆς,
2681 1126 2763 1178 ὅτι
2795 1126 3021 1194 Ἔγνων
3046 1138 3121 1177 σε
3164 1124 3323 1192 παρὰ
3353 1120 3627 1186 πάντας.
3672 1121 3731 1172 ΕΞ

2144 1214 2237 1272 οὖν
2260 1218 2478 1281 ἐκεῖνοι,
2511 1217 2640 1287 παρ’
2663 1208 2739 1270 ὧν
2767 1216 2907 1286 ὑπὲρ
2940 1214 3167 1283 δύναμιν
3193 1215 3227 1282 ἡ
3257 1211 3352 1265 τοῦ
3384 1211 3534 1265 Θεοῦ
3567 1228 3732 1263 κατα-

2145 1310 2329 1382 νόησις
2372 1304 2511 1362 εἶναι
2543 1309 2881 1379 κεκήρυκται
2902 1347 2918 1373 ,
2954 1304 3277 1377 μακαριστοὶ
3320 1299 3470 1357 εἶναι
3499 1304 3607 1356 οὐκ
3633 1304 3735 1370 ἀμ-

2148 1399 2523 1470 φιϐάλλονται·
2551 1400 2585 1469 ἡ
2614 1397 2672 1451 δὲ
2707 1397 3043 1469 μακαριότης
3079 1398 3161 1460 είς
3195 1396 3258 1449 τὸ
3287 1395 3415 1448 ἰδεῖν
3464 1394 3566 1447 τὸν
3612 1392 3735 1446 Θεόν

2149 1494 2316 1556 ἐστιν,
2346 1490 2504 1545 τοῦτο
2529 1490 2587 1543 δὲ
2615 1490 2681 1543 ἐκ
2710 1487 2803 1542 τοῦ
2842 1487 3081 1558 καθαρὸν
3107 1489 3174 1557 τῇ
3201 1486 3401 1557 καρδίᾳ
3440 1484 3700 1554 γενέσθαι
3718 1500 3736 1515 σ

2149 1586 2257 1654 ἄρα
2300 1584 2401 1637 οὐκ
2446 1582 2704 1644 ἀδύνατος
2732 1581 2831 1651 τῆς
2860 1580 3087 1651 καρδίας
3128 1582 3162 1651 ἡ
3190 1577 3533 1650 καθαρότης,
3567 1578 3636 1630 δι’
3670 1572 3731 1647 ἧς

2147 1673 2266 1729 ἔστι
2319 1670 2571 1741 γενέσθαι
2631 1669 2918 1740 μακάριον.
2970 1668 3094 1730 Πῶς
3151 1663 3244 1720 οὖν
3286 1666 3405 1719 ἔστι
3466 1665 3567 1718 καὶ
3617 1665 3737 1726 eoi»;

2153 1761 2294 1817 κατὰ
2320 1760 2532 1815 Παῦλον
2556 1759 2731 1831 ἀληθῆ
2769 1758 2947 1826 λέγειν
2979 1758 3170 1829 φῆσαι,
3203 1756 3346 1827 ὑπὲρ
3374 1754 3481 1826 τὴν
3511 1754 3737 1823 δύναμιν

476 1851 577 1920 git,
637 1851 682 1906 si
713 1854 837 1923 quis
885 1867 1023 1920 puro
1052 1853 1218 1907 corde
1269 1854 1361 1918 sit,
1401 1866 1548 1909 certe
1591 1855 1802 1924 puritas
1847 1855 2050 1918 cordis,

2162 1852 2308 1924 ἡμῶν
2358 1849 2820 1921 ὑποφαινομένους
2863 1844 2999 1902 εἶναι
3027 1848 3127 1919 τὴν
3159 1847 3252 1900 τοῦ
3283 1845 3421 1898 Θεοῦ
3464 1845 3732 1913 κατανόη-

481 1956 582 2009 per
613 1956 774 2010 quam
819 1943 1039 1998 beatum
1082 1942 1198 1998 ﬁeri
1231 1944 1389 2012 licet,
1439 1962 1547 2000 non
1580 1954 1666 2001 est
1694 1962 1759 2001 ex
1796 1947 1864 2002 iis
1890 1947 2056 2001 rebus

2151 1962 2257 2009 σιν,
2288 1944 2383 1998 καὶ
2408 1942 2506 2015 τὴν
2549 1941 2644 1995 τοῦ
2688 1939 2894 2010 Κυρίου
2926 1937 3113 2008 φωνὴν
3156 1937 3229 2008 μὴ
3258 1935 3739 2005 ἀντιδογματὶξειν

478 2048 600 2102 qua:
649 2033 841 2089 conﬁci
898 2051 1007 2089 non
1057 2047 1309 2106 possunt.
1366 2038 1468 2106 Qui
1526 2038 1693 2106 igitur
1723 2038 1831 2093 dici
1881 2045 2059 2108 potest

2162 2036 2402 2102 ιἐκείνοις,
2450 2035 2509 2088 ὲν
2554 2032 2884 2104 καθαρότητι
2919 2028 3252 2102 ὀφθήσεσθαι
3281 2028 3377 2081 τὸν
3422 2027 3569 2080 Θεὸν
3619 2027 3745 2079 01::-

478 2125 630 2194 quod
661 2125 828 2192 et.illi
883 2127 976 2196 qui
1025 2143 1150 2182 cum
1184 2128 1355 2184 Paulo
1401 2129 1919 2200 contemplationem
1955 2127 2053 2183 Dei

2160 2129 2427 2199 σχομένην
2453 2144 2471 2195 ς

479 2232 645 2284 supra
686 2219 829 2274 vires
856 2235 979 2275 esse
1012 2223 1385 2292 pronuntiant,
1415 2238 1543 2278 vera
1589 2222 1794 2289 dicant,
1848 2234 1903 2279 et
1936 2222 2149 2278 Domini
2178 2239 2279 2279 vox
2308 2224 2416 2280 illis
2467 2238 2576 2278 non
2602 2222 2943 2287 adversetur,
3010 2235 3132 2291 quae
3194 2218 3366 2274 Deum
3428 2231 3537 2287 per
3598 2213 3742 2285 puri-

479 2318 648 2365 tatem
685 2311 868 2367 cordis
897 2323 1250 2384 conspectum
1281 2316 1347 2369 iri
1378 2317 1716 2386 pollicetur?

550 2401 782 2457 Videtur
812 2403 943 2458 mihi
973 2404 1119 2460 haud
1151 2407 1389 2462 alienum
1420 2422 1562 2471 esse,
1603 2407 1649 2462 si
1679 2406 1747 2462 de
1782 2407 1868 2463 liis
1892 2409 2056 2464 rebus

481 2496 674 2565 paucis
707 2496 1061 2566 digrediendo
1103 2500 1338 2570 primum
1371 2498 1617 2569 quaedam
1665 2515 2053 2571 pr0ponamus,

484 2601 610 2656 qua:
638 2594 897 2657 tanquam
930 2589 1086 2643 firma
1118 2597 1285 2660 atque
1308 2589 1512 2645 nullius
1534 2591 1869 2660 probationis
1896 2607 2059 2662 egen-

483 2677 560 2741 tia
590 2692 894 2743 sumamus,
939 2688 990 2733 ut
1030 2680 1316 2735 commode
1347 2680 1505 2735 nobis
1538 2683 1686 2735 circa
1715 2698 1830 2737 rem
1866 2697 2060 2752 propo-

484 2771 647 2825 sitam
670 2771 971 2841 speculatio
1004 2772 1283 2842 procedat.
1313 2772 1504 2827 Divina
1536 2784 1755 2836 natura,
1786 2774 2057 2844 quidquid

485 2862 605 2930 ipsa
640 2861 859 2917 tandem
889 2878 985 2933 per
1013 2878 1074 2919 se
1096 2864 1399 2919 secundum
1428 2865 1723 2925 essentiam
1757 2874 1861 2931 est,
1900 2881 2062 2935 supe-

486 2959 575 3007 rat
600 2968 817 3008 omnem
844 2954 1341 3025 comprehendendi
1375 2955 1642 3011 rationem
1676 2963 1839 3026 atque
1886 2957 2061 3011 soler-

491 3046 640 3109 tiam,
672 3047 872 3116 quippe
902 3062 1023 3116 qua:
1055 3046 1457 3117 coniecturales
1487 3047 1729 3102 rationes
1756 3057 1813 3103 et
1843 3048 2061 3119 excogi-

488 3136 725 3191 taliones
757 3137 988 3207 rejiciat,
1039 3138 1286 3208 repellat,
1342 3147 1673 3208 aspernetur
1709 3145 1764 3193 et
1798 3153 1907 3193 non
1959 3139 2060 3193 ad-

2225 2405 2383 2458 Δοκεῖ
2429 2420 2520 2474 μοι
2569 2401 2750 2465 καλῶς
2797 2400 2941 2471 ἔχειν
2990 2399 3121 2470 περὶ
3165 2396 3355 2451 τούτου
3403 2398 3615 2469 χρῆναι
3659 2399 3745 2451 διὰ

2159 2495 2403 2567 βραχέων
2450 2495 2665 2567 πρῶτον
2700 2492 2905 2559 λαϐεῖν,
2949 2490 3026 2554 ὡς
3072 2488 3140 2544 ἂν
3185 2478 3309 2543 καθ’
3352 2488 3477 2541 ὁδὸν
3529 2489 3747 2556 γένοιτο

2156 2592 2288 2660 ἡμῖν
2321 2588 2451 2659 περὶ
2475 2586 2538 2639 τὸ
2573 2583 2932 2656 προκείμενον
2957 2583 2991 2653 ἡ
3032 2580 3255 2650 θεωρία.
3300 2578 3367 2632 Ἦ
3411 2579 3539 2633 θεία
3586 2580 3743 2651 φύσις

2157 2680 2296 2752 αὐτὴ
2340 2679 2463 2734 καθ’
2488 2677 2661 2750 αὐτὴν
2683 2675 2713 2729 ὃ
2734 2694 2788 2731 τι
2822 2675 2953 2729 ποτὲ
2986 2673 3106 2727 κατ’
3133 2671 3322 2724 οὐσίαν
3370 2673 3517 2735 ἐστὶ,
3563 2672 3745 2739 πάσης

2158 2772 2479 2843 ὑπέρκειται
2533 2767 2941 2841 καταληπτικῆς
2987 2762 3253 2827 ἐπινοίας,
3289 2762 3598 2833 ἀπρόσιτος
3652 2762 3744 2816 καὶ

2159 2861 2606 2933 ἀπροσπέλαστος
2655 2856 2790 2914 οὖσα
2842 2858 2964 2919 ταῖς
3016 2855 3397 2924 στοχαπικαίς
3448 2855 3740 2917 ἐπινοίαις,

2161 2953 2256 3006 καὶ
2304 2951 2457 3006 οὔπω
2501 2968 2587 3014 τις
2635 2947 2942 3020 ἀνθρώποις
2976 2945 3112 3017 πρὸς
3155 2945 3254 3015 τὴν
3287 2944 3400 2997 τῶν
3451 2944 3747 3016 ὲκλήπτων

2163 3045 2490 3114 κατανόησιν
2526 3041 2816 3113 ἐξεύρηται
2846 3041 3072 3110 δύναμις
3093 3056 3106 3070 ⁸
3139 3038 3259 3091 οὐδέ
3296 3053 3382 3101 τις
3415 3036 3615 3104 ἔφοδος
3650 3053 3743 3091 κα-

2163 3136 2469 3208 ταληπτικὴ
2498 3135 2606 3189 τῶν
2636 3133 2932 3205 ἀμηχάνων
2961 3130 3248 3201 ἐπενοήθη.
3296 3128 3390 3182 Διὸ
3418 3128 3522 3182 καὶ
3558 3128 3746 3192 Ἅγεξ-

493 3229 693 3292 mittat,
742 3243 805 3284 ac
835 3229 985 3283 nulla
1014 3228 1194 3283 adhuc
1238 3229 1385 3284 inter
1415 3229 1664 3285 homines
1717 3229 1948 3285 facultas
1992 3230 2061 3285 ad

2166 3230 2521 3299 ιχνιαστυυς
2550 3225 2648 3289 τὰς
2666 3224 2818 3288 ὁδοὺς
2842 3223 3009 3277 αὐτοῦ
3033 3225 3061 3276 ό
3089 3223 3265 3293 μέγας
3289 3220 3553 3289 ὀνομάζει

493 3319 1072 3389 comprehensibilium
1086 3319 1615 3376 animadversionem
1630 3329 1682 3374 et
1696 3321 2060 3391 cognitionem

2165 3322 2371 3385 στολος,
2407 3319 2686 3390 σημαίνων
2728 3318 2814 3371 διὰ
2839 3317 2934 3370 τοῦ
2962 3316 3120 3385 λόγου
3148 3315 3211 3367 τὸ
3242 3312 3575 3367 ἀνεπίϐατον
3611 3308 3743 3365 εἶναι

494 3412 715 3464 inventa
756 3418 864 3474 est,
896 3411 1156 3481 nullaque
1205 3411 1370 3476 ratio,
1400 3411 1611 3466 nullum
1657 3413 2061 3482 compendium,

496 3501 645 3554 nulla
674 3500 785 3564 via,
820 3501 1003 3556 nullus
1036 3509 1353 3571 apparatus,
1398 3503 1608 3555 nullum
1643 3502 2063 3557 instrumentum

497 3593 859 3661 excogitatum
879 3600 983 3658 est,
1013 3608 1123 3661 quo
1154 3608 1242 3646 res
1274 3592 1686 3663 inexplicabiles
1708 3593 2067 3663 comprehen-

498 3684 715 3738 dantur.
762 3683 1103 3754 Quapropter
1150 3699 1378 3755 magnus
1415 3686 1506 3739 ille
1546 3686 1843 3755 Apostolus
1887 3684 2066 3750 ἀνεξι-

498 3775 805 3847 χνιάστους,
862 3776 918 3830 id
960 3785 1045 3832 est
1077 3778 1223 3831 omni
1270 3777 1687 3845 investigatione
1735 3779 2067 3847 superiores,

501 3866 617 3922 sive
644 3867 1169 3938 impervestigabiles
1192 3868 1309 3923 vias
1333 3868 1451 3938 ejus
1479 3868 1826 3923 nominat":
1859 3869 2070 3940 signiﬁ-

501 3972 636 4014 cans
666 3974 763 4028 per
798 3975 860 4015 ea
890 3959 1077 4022 verba,
1113 3960 1535 4030 cogitationibus
1574 3961 1911 4017 inaccessam
1950 3975 2073 4016 esse

503 4049 650 4103 illam
685 4050 828 4103 viam
879 4064 1000 4119 quae
1032 4050 1186 4105 ducit
1228 4051 1297 4105 ad
1331 4059 1540 4106 naturae
1574 4051 1772 4106 divinae
1804 4048 2072 4121 cognitio-

503 4152 646 4191 nem.
682 4136 850 4204 Quasi
887 4139 1069 4194 nullus
1105 4140 1284 4194 adhuc
1338 4155 1529 4195 eorum
1567 4141 1659 4211 qui
1694 4141 1820 4195 vitae
1849 4156 2070 4195 cursum

507 4237 633 4285 ante
677 4230 1035 4286 confecerunt
1095 4231 1313 4302 aliquod
1381 4233 1672 4303 vestigium
1722 4234 1804 4287 vel
1858 4232 2073 4302 signum

507 4322 807 4393 cognitioni
851 4323 1214 4393 impresserit,
1257 4338 1367 4393 quo
1394 4326 1548 4395 signo
1579 4326 1978 4396 excogitaretur
2021 4332 2077 4380 et

508 4415 880 4484 perciperetur
904 4431 993 4469 res
1036 4430 1157 4485 qua:
1187 4424 1405 4486 superat
1442 4431 1658 4471 omnem
1687 4416 2074 4487 cognitionem.

510 4503 658 4561 Talis
684 4512 864 4561 autem
902 4506 1201 4561 secundum
1229 4514 1484 4572 naturam
1511 4522 1637 4561 cum
1668 4508 1741 4562 sit
1768 4509 1814 4562 is
1862 4508 1956 4577 qui
1990 4522 2075 4561 su-

2162 3414 2438 3484 λογισμοῖς
2480 3412 2578 3481 τὴν
2601 3409 2720 3463 ὁδὸν
2761 3409 2998 3477 ἐκείνην,
3026 3407 3061 3477 ἡ
3092 3406 3229 3477 πρὸς
3268 3405 3368 3475 τὴν
3397 3404 3608 3472 γνῶσιν
3654 3405 3748 3471 τῆς

2164 3506 2313 3567 θείας
2341 3503 2527 3564 οὐσίας
2552 3502 2675 3569 ἄγει
2693 3515 2707 3529 ⁸
2736 3500 2812 3563 ὡς
2837 3498 2990 3575 ouum
3013 3498 3158 3560 τινὸς
3184 3496 3295 3549 τῶν
3320 3496 3747 3567 προωδευκότων

2164 3597 2257 3649 τὸν
2288 3597 2399 3666 βίον
2449 3595 2592 3665 ἴχνος
2640 3610 2696 3645 τι
2747 3589 3162 3660 καταληπικῆς
3206 3586 3453 3650 ἐπινοίας
3491 3603 3746 3657 σημιιινο⁴

2171 3689 2330 3760 μένου
2356 3690 2423 3757 τῇ
2452 3685 2649 3755 γνώσει
2673 3683 2766 3738 τοῦ
2792 3684 2932 3754 ὑπὲρ
2957 3681 3158 3750 γνῶσιν
3183 3680 3536 3750 πράγματος.
3565 3676 3749 3731 T0106-

2166 3796 2257 3843 τος
2292 3780 2349 3832 δὲ
2370 3778 2444 3831 ὢν
2474 3777 2615 3832 κατὰ
2638 3777 2735 3846 τὴν
2766 3775 2927 3845 φύσιν
2951 3776 2982 3826 ὁ
3014 3773 3157 3842 ὑπὲρ
3182 3773 3366 3825 πᾶσαν
3397 3770 3591 3838 φύσιν,
3612 3770 3750 3837 ἄλλῳ

2167 3872 2311 3941 λόγῳ
2352 3870 2447 3923 καὶ
2474 3870 2665 3941 ὁρᾶται
2705 3867 2802 3922 καὶ
2830 3864 3306 3935 καταλαμϐάνεται
3357 3865 3388 3916 ὸ
3414 3863 3659 3933 ἀόρατός
3691 3878 3745 3914 τε

2170 3965 2265 4019 καὶ
2309 3964 2737 4033 ἀπερίγραπτος.
2769 3957 2960 4011 Πολλοὶ
2998 3955 3056 4008 δὲ
3086 3955 3137 4008 οἱ
3160 3955 3257 4024 τῆς
3281 3952 3548 4024 τοιαύτης
3586 3971 3751 4009 κατα-

2170 4057 2406 4125 νοήσεως
2438 4051 2648 4124 τρόποι.
2699 4049 2853 4102 Ἐστι
2881 4046 2992 4117 γὰρ
3023 4046 3118 4099 καὶ
3144 4044 3230 4097 διὰ
3275 4043 3377 4111 τῆς
3410 4043 3749 4114 ἐμφαινομέ-

2171 4161 2269 4211 νης
2306 4142 2384 4214 τῷ
2412 4142 2575 4194 παντὶ
2621 4138 2832 4208 σοφίας,
2866 4137 2960 4191 τὸν
3002 4138 3062 4188 ἐν
3092 4135 3252 4205 σοφίᾳ
3291 4136 3478 4188 πάντα
3524 4151 3750 4203 πεποιη-

2174 4235 2306 4289 κότα
2371 4231 2740 4304 στοχαπικῶς
2805 4229 2954 4284 ίδεῖν.
3019 4226 3286 4298 Καθάπερ
3338 4226 3436 4280 καί
3502 4228 3603 4280 ἐπὶ
3647 4227 3753 4279 τῶν

2173 4324 2529 4396 ἀνθρωπίνων
2556 4326 2619 4395 δη
2628 4318 3255 4396 μιουργημάτωνόρᾶται
3278 4315 3489 4384 τρόπον
3537 4315 3667 4369 τινὰ
3688 4318 3748 4385 τῇ

2174 4418 2382 4486 διανοίᾳ
2401 4417 2431 4468 ὁ
2450 4412 2776 4486 δημιουργὸς
2798 4409 2890 4463 τοῦ
2915 4405 3274 4479 προκειμένου
3298 4409 3750 4478 κατασκευάσμαο

2176 4528 2288 4573 τος,
2320 4509 2416 4580 τὴν
2443 4507 2637 4578 τέχνην
2669 4505 2744 4575 τῷ
2777 4503 2924 4574 ἔργῳ
2960 4500 3377 4570 ὲναποθέμενος.
3428 4500 3660 4572 Ὀρᾶται
3698 4500 3749 4551 δὲ

512 4608 665 4664 perat
696 4610 911 4649 omnem
957 4603 1231 4661 naturam,
1272 4598 1377 4651 alia
1421 4598 1633 4653 ratione
1664 4606 1718 4653 et
1751 4597 1967 4652 videtur
2020 4606 2062 4651 el

2178 4603 2275 4671 οὺχ
2324 4603 2358 4670 ἡ
2406 4597 2566 4668 φύσις
2613 4596 2707 4650 τοῦ
2755 4591 3245 4665 τεχνητεύσαντος.
3303 4589 3446 4643 ἀλλά
3512 4592 3670 4660 μόνον
3716 4593 3744 4659 ἡ

510 4685 830 4754 percipitur,
885 4686 978 4755 qui
1010 4693 1064 4740 et
1101 4686 1274 4741 videri
1320 4694 1374 4742 et
1405 4686 1793 4756 comprehendi
1846 4701 1953 4741 non
1981 4701 2062 4756 po

2172 4693 2396 4764 τεχνικὴ
2422 4692 2720 4761 ἐπιστήμη,
2755 4689 2821 4760 ἢν
2848 4690 2878 4741 ὁ
2908 4686 3156 4757 τεχνίτης
3183 4689 3249 4757 τῇ
3314 4683 3643 4751 κατασκευῇ
3671 4683 3750 4735 ἐν·

514 4783 638 4837 test.
672 4775 825 4830 Multi
873 4784 1055 4830 autem
1085 4786 1213 4832 sunt
1255 4776 1399 4831 modi
1437 4779 1564 4832 talis
1608 4777 2062 4847 contemplationi:

2178 4786 2431 4841 απέθετο.
2450 4781 2712 4838 Οὖτωκαὶ
2743 4778 2881 4847 πρὸς
2906 4778 2999 4831 τὸν
3029 4780 3087 4831 ὲν
3109 4779 3175 4847 τῇ
3224 4775 3402 4829 κτίσει
3468 4775 3749 4845 βλέποντες

511 4876 567 4922 et
591 4869 941 4938 cognitionis.
980 4868 1130 4922 Licet
1172 4868 1320 4923 enim
1374 4883 1470 4938 per
1516 4883 1636 4923 eam
1703 4883 1824 4937 qua:
1862 4868 1919 4922 in
1959 4869 2103 4923 ιιιιί-Δ

512 4973 671 5014 verso
688 4967 909 5028 apparet
930 4960 1276 5029 sapientiam,
1297 4961 1680 5031 conjectando,
1707 4975 1937 5015 cernere
1957 4976 2080 5015 eum

514 5051 610 5120 qui
666 5051 851 5105 omnia
905 5066 1027 5105 cum
1087 5052 1357 5119 sapientia
1414 5051 1561 5107 fecit.
1611 5052 2080 5118 Quemadmodum

515 5144 679 5198 etiam
716 5143 771 5197 in
804 5145 1061 5213 operibus
1097 5144 1362 5211 ,humanis
1398 5153 1578 5200 mente
1622 5147 1863 5201 cernitur
1895 5147 2083 5214 aliquo

518 5233 681 5289 modo
709 5233 900 5289 artifex
930 5239 1223 5306 proposita:
1247 5237 1516 5307 cujusque
1542 5247 1854 5298 structurae,
1883 5239 2086 5307 quippe

519 5326 611 5396 qui
644 5333 815 5381 artem
847 5326 901 5380 in
934 5342 1098 5397 opere
1120 5326 1446 5383 condiderit.
1484 5328 1741 5383 Cernitur
1769 5339 1946 5382 autem
1978 5345 2085 5383 non

519 5428 716 5473 natura
750 5419 998 5485 artiﬁcis,
1036 5420 1133 5476 sed
1185 5422 1414 5476 scientia
1453 5420 1718 5476 duntaxat
1766 5420 2082 5482 artiﬁciosa.

522 5523 683 5579 quam
713 5510 907 5566 artifex
940 5512 996 5565 in
1043 5527 1208 5582 opere
1253 5528 1566 5582 expressam
1600 5513 1840 5583 reliquit.
1883 5510 2084 5567 Eodem

522 5599 684 5656 etiam
712 5600 873 5656 modo
902 5616 1025 5657 cum
1058 5603 1126 5658 ad
1159 5612 1413 5659 ornatum
1455 5603 1556 5674 qui
1584 5603 1639 5658 in
1669 5612 1918 5659 creatura
1954 5619 2107 5657 con--

2174 4874 2399 4945 κόσμον,
2429 4871 2637 4925 ἔννοιαν
2667 4871 2729 4924 οὐ
2770 4870 2869 4941 τῆς
2893 4870 3102 4933 οὐσίας,
3135 4867 3269 4921 ἀλλὰ
3294 4869 3400 4937 τῆς
3443 4868 3642 4935 σοφίας
3669 4864 3749 4919 τοῦ

2179 4964 2318 5019 κατὰ
2344 4963 2525 5017 πάντα
2554 4961 2731 5030 σοφῶς
2767 4961 3126 5030 πεποιηκότος
3148 4958 3603 5028 ἀνατυπούμεθα.
3641 4956 3748 5010 Κᾶν

2177 5055 2276 5125 τῆς
2304 5052 2578 5123 ἡμετέρας
2611 5050 2754 5121 ζωῆς
2796 5051 2897 5122 τὴν
2926 5050 3101 5103 αἰτίαν
3141 5046 3517 5118 λογισώμεθα,
3550 5049 3632 5101 ὅτι
3663 5047 3747 5097 οὐκ

2179 5146 2238 5212 ἐξ
2293 5146 2558 5215 ἀνάγκης,
2616 5143 2729 5196 ἀλλ’
2779 5142 2836 5209 ἐξ
2888 5142 3103 5211 ἀγαθῆς
3160 5140 3547 5211 προαιρέσεως
3601 5136 3747 5209 ἦλθεν

2179 5237 2259 5299 εἰς
2330 5236 2392 5288 τὸ
2456 5235 2639 5288 κτίσαι
2706 5233 2799 5286 τὸν
2863 5232 3180 5302 ἄνθρωπον,
3264 5230 3430 5283 πάλιν
3512 5230 3610 5281 καὶ
3673 5224 3747 5278 διὰ

2179 5329 2366 5382 τούτου
2440 5329 2534 5382 τοῦ
2606 5326 2809 5396 τρόπου
2881 5322 3289 5393 καθεωρακέναι
3365 5320 3606 5390 λέγομεν
3671 5317 3748 5371 τὸν

2181 5419 2333 5480 Θεὸν,
2384 5419 2482 5490 τῆς
2533 5417 2863 5485 ἀγαθότητος
2913 5415 2974 5467 οὐ
3014 5414 3111 5483 τῆς
3153 5412 3342 5474 οὐσίας
3399 5413 3463 5465 ὲν
3519 5409 3751 5479 apud;

2182 5511 2494 5581 γενόμενοι*
2544 5509 2686 5563 οὕτω
2740 5508 2833 5561 καὶ
2873 5508 2943 5561 τὰ
2997 5506 3133 5559 ἄλλα
3188 5504 3404 5565 πάντα,
3461 5505 3571 5558 ὅσα
3628 5501 3749 5572 πρὸς

2182 5604 2244 5657 τὸ
2300 5602 2545 5675 κρεῖττόν
2598 5618 2657 5654 τε
2722 5601 2817 5654 καὶ
2884 5598 3210 5671 ὑψηλότερον
3260 5596 3458 5665 ἀνάγει
3516 5598 3621 5667 τὴν
3675 5594 3749 5647 ἑν-

598 5780 644 5813 ⁸⁸
682 5781 724 5836 ll
753 5782 892 5838 Tim.
923 5800 995 5849 iv,
1034 5782 1085 5838 8.
1164 5783 1209 5816 ’δ’
1246 5781 1402 5839 Joan.
1455 5799 1566 5852 xxi,
1622 5783 1710 5852 20,
1789 5786 1835 5818 '°
1887 5784 2058 5841 Exod.
2110 5797 2311 5841 XXXIII;
2346 5781 2430 5835 l7.
2508 5782 2549 5813 "
2591 5777 2746 5835 Rom.
2791 5794 2868 5843 χι,
2906 5779 2994 5836 3'5.

3595 346 3717 419 4263'
3812 352 3813 357 ‘
