3844 6224
111 335 257 392 Ιῖθῦ

1171 340 1260 394 DE
1298 337 1898 402 BEATITUDINIBUS.
1933 335 2308 402 onATlo'VI.

3226 356 3365 412 F470

101 468 290 515 νοιαν,
366 449 504 506 Θεοῦ
567 453 889 526 κατανόησιν
951 455 1020 510 τὰ
1086 458 1308 512 τοιαῦτα
1384 462 1694 531 κατονομά-

1805 461 2031 531 spicitur
2097 462 2466 532 respicimus,
2539 465 2693 518 notio
2746 464 3006 536 quaedam
3069 466 3124 520 in
3185 471 3367 524 animo

104 543 296 614 ζομεν,
343 543 575 598 ἑκάστου
629 546 736 599 τῶν
792 547 1008 620 ὑψηλῶν
1072 552 1356 621 νοημάτων
1412 552 1502 605 τὸν
1558 552 1691 605 Θεὸν

105 635 244 704 ἡμῖν
306 637 385 699 είς
441 635 563 706 ὄψιν
619 637 860 706 ἄγοντος.
928 640 993 692 Ἠ
1050 642 1160 712 γὰρ
1217 642 1444 714 δύναμις
1507 645 1600 696 καὶ
1657 645 1691 714 ὴ

105 727 443 798 καθαρότης,
496 729 588 782 καὶ
634 731 696 783 τὸ
740 730 998 796 ὡσαύτως
1039 733 1202 804 ἔχειν,
1253 735 1348 788 καὶ
1390 735 1450 788 τὸ
1487 734 1690 805 ἀμιγὲς

102 818 204 871 τοῦ
253 821 520 883 ἐναντίου,
557 823 652 876 κα)⁹
695 823 871 876 πάντα
908 824 976 876 τὰ
1003 825 1221 879 τοιαῦτα
1248 826 1396 890 θείας
1423 828 1566 890 τινὸς
1595 827 1690 880 καὶ

106 911 326 982 ὑψηλῆς
361 913 569 976 ἐννοίας
606 916 826 968 ἐντυποῖ
859 918 978 980 ταῖς
1004 916 1202 987 ψυχαῖς
1232 918 1331 989 τὴν
1363 920 1686 986 φαντασίαν.

107 1004 325 1056 Οὑκοῦν
374 1003 645 1058 δείκνυται
695 1005 782 1059 διὰ
829 1006 936 1059 τῶν
988 1009 1312 1079 εἰρημένων,
1361 1010 1478 1074 πῶς
1518 1012 1616 1064 καὶ
1661 1013 1690 1066 ὁ

108 1094 316 1165 Κύριος
345 1095 616 1166 ἀληθεύει,
639 1096 974 1168 ’ὀφθήσεσθαι
1010 1098 1100 1153 τὸν
1147 1099 1281 1151 Θεὸν
1324 1103 1436 1162 τοῖς
1463 1101 1689 1171 καρδίαν

111 1185 300 1256 ἔχουσι
349 1188 596 1259 καθαρὰν
630 1190 1127 1261 ἐπαγγειλάμενος
1179 1193 1273 1245 καὶ
1318 1193 1347 1245 ὁ
1381 1193 1592 1257 Παῦλος
1626 1195 1688 1246 οὑ

107 1276 386 1346 ψεύδεται,
422 1281 556 1349 μήτε
595 1281 894 1351 ἑωρακέναι
936 1282 1057 1334 τινὰ
1085 1283 1180 1336 τὸν
1206 1283 1358 1346 Θεὸν,
1395 1285 1517 1354 μήτ’
1555 1283 1689 1348 ,ίδεῖν

108 1369 376 1423 δύνασθαι
415 1369 502 1424 διὰ
539 1370 648 1424 τῶν
692 1372 908 1426 οἰκείων
939 1372 1111 1442 λόγων
1141 1374 1574 1445 ἀποφηνάμενος.
1629 1375 1688 1428 '0

110 1464 222 1535 γὰρ
253 1465 320 1534 τῇ
361 1464 520 1532 φύσει
565 1465 814 1535 ἀόρατος,
846 1465 1037 1536 ὁρατὸς
1071 1468 1189 1529 ταῖς
1216 1467 1516 1538 ἐνεργείαις
1543 1466 1688 1536 γίνε-

107 1574 226 1623 ται,
254 1558 312 1613 ἐν
341 1576 453 1612 τισι
497 1561 610 1622 τοῖς
640 1560 766 1630 περὶ
801 1558 962 1611 αὑτὸν
991 1557 1388 1630 καθορώμενος.

1791 559 1983 604 nostro
2004 550 2332 604 informatur
2360 568 2470 606 non
2503 555 2778 621 essentia),
2811 556 2906 610 sed
2931 556 3214 625 sapientiae
3247 559 3368 627 ejus

1791 641 1883 710 qui
1937 656 2026 695 res
2081 641 2366 697 universas
2409 643 2685 712 sapienter
2738 644 2886 700 fecit.
2920 645 3060 711 Quin
3103 649 3264 702 etiam
3319 653 3368 704 si

1790 741 1995 787 nostra:
2029 733 2154 785 vita:
2193 747 2413 787 causam
2469 734 3020 801 consideraverimus,
3077 740 3223 808 quod
3256 756 3367 793 non

1791 839 1859 885 ex
1889 823 2240 887 necessitate,
2274 825 2369 879 sed
2399 841 2465 880 ex
2490 826 2645 881 bonae
2673 829 2972 884 voluntatis
3001 829 3368 886 destinatione

1791 913 1858 967 ad
1896 914 2195 969 creandum
2227 916 2500 971 hominem
2529 929 2712 974 motus
2743 922 2835 986 sit,
2861 937 3053 977 rursus
3079 925 3238 976 etiam
3272 940 3361 992 pot

1789 1005 1936 1058 hunc
1967 1005 2186 1059 modum
2211 1006 2376 1060 Deum
2404 1023 2433 1061 a
2459 1009 2616 1064 nobis
2644 1011 2818 1066 visum
2844 1023 2896 1066 et
2921 1015 3368 1069 animadversum

1786 1107 1908 1147 esse
1961 1093 2219 1156 dicimus,
2273 1109 2399 1148 cum
2453 1111 2564 1149 non
2619 1105 2895 1165 naturam,
2935 1100 3029 1154 sed
3063 1102 3363 1155 bonitatem

1787 1184 2386 1254 comprehenderimus.
2446 1185 2650 1241 Eodem
2706 1190 2869 1245 modo
2914 1199 3106 1245 caetera
3149 1209 3367 1262 quoque

1793 1281 1996 1344 omnia,
2029 1297 2150 1351 quae
2183 1281 2571 1351 cogitationem
2607 1285 2825 1354 erigunt
2872 1285 2939 1339 ad
2973 1288 3366 1344 consideratio-

1797 1391 1917 1431 nem
1947 1376 2066 1444 ejus
2108 1375 2256 1445 Quod
2291 1383 2345 1430 et
2370 1385 2592 1446 praestat
2623 1387 2678 1432 et
2705 1379 2942 1443 excellit,
2979 1390 3032 1436 et
3068 1382 3263 1436 melius
3305 1397 3370 1436 ac

1795 1469 2048 1537 superius
2088 1475 2174 1523 est
2223 1483 2386 1537 quam
2417 1476 2628 1523 craterae
2661 1485 2750 1523 res
2792 1490 2806 1525 :
2861 1471 2988 1525 talia
3016 1475 3196 1528 omnia
3237 1489 3371 1527 con-

1795 1558 2200 1629 templationem
2229 1567 2285 1612 et
2316 1558 2682 1629 cognitionem
2700 1560 2794 1616 Dei
2826 1565 3195 1628 nominamus,
3235 1579 3370 1618 una-

106 1664 334 1719 quaque
386 1651 613 1706 sublimi
661 1652 990 1722 cogitatione
1074 1659 1239 1722 atque
1323 1649 1766 1706 consideratione
1804 1650 1973 1707 Deum
2030 1649 2188 1705 nobis
2240 1650 2297 1704 in
2342 1657 2696 1718 conspectum
2756 1653 3079 1710 adducente.
3134 1654 3268 1709 Nam
3315 1668 3368 1711 et

109 1751 382 1819 potentia,
423 1760 479 1806 et
515 1752 748 1821 puritas,
782 1763 836 1808 et
875 1753 1066 1810 eodem
1112 1755 1272 1809 modo
1307 1771 1428 1810 sese
1467 1755 1686 1821 habere,
1725 1764 1780 1809 et
1807 1771 1930 1810 cum
1961 1755 2238 1809 contrario
2268 1756 2590 1824 permistum
2616 1765 2725 1805 non
2755 1763 2900 1810 esse,
2973 1764 3037 1802 ac
3101 1750 3230 1802 talia
3256 1765 3371 1808 om,

110 1834 202 1899 nia
233 1847 435 1902 divinae
471 1848 758 1918 cujusdam
794 1858 847 1905 et
888 1850 1139 1906 sublimis
1173 1850 1453 1921 opinionis
1517 1858 1572 1906 et
1632 1851 1874 1906 notionis
1936 1850 2116 1905 visum
2189 1857 2244 1905 et
2301 1847 2743 1918 imaginationem
2798 1844 2996 1898 animis
3050 1843 3368 1912 imprimunt

108 1947 278 2008 atque
331 1939 645 1996 informant.
699 1943 869 2013 Igitur
907 1959 1002 2015 per
1044 1959 1108 1998 ea
1160 1960 1280 2014 qua:
1335 1945 1494 2000 modo
1557 1945 1703 2000 dicta
1761 1955 1889 2001 sunt
1950 1944 2278 2006 ostenditur,
2325 1942 2600 2014 quomodo
2639 1950 2694 1996 et
2743 1939 3008 1993 Dominus
3043 1953 3174 1992 vera
3237 1937 3372 1992 dicit

109 2031 206 2100 qui
253 2031 534 2098 pollicitus
572 2041 657 2088 est
685 2032 853 2089 Deum
894 2036 963 2091 ab
1002 2035 1068 2091 iis
1118 2037 1213 2105 qui
1247 2051 1344 2090 cor
1370 2051 1565 2106 purum
1639 2037 1877 2093 habeant
1919 2045 2276 2108 conspectum
2309 2035 2424 2100 iri,
2476 2043 2532 2089 et
2606 2031 2868 2087 Paulus"
2932 2045 3043 2086 non
3085 2029 3368 2089 mentitur.

108 2122 292 2192 quiin
324 2123 442 2178 suis
474 2125 690 2196 scriptis
720 2125 875 2192 dicit,
913 2126 1058 2198 quod
1085 2127 1254 2182 Deum
1281 2144 1460 2198 neque
1523 2128 1724 2183 viderit
1799 2128 2114 2198 quisquam,
2168 2141 2347 2196 neque
2392 2125 2577 2179 videre
2626 2123 2823 2194 possit.
2857 2121 2990 2175 Nam
3038 2120 3130 2190 qui
3180 2127 3372 2171 natura

109 2217 414 2272 invisibilis
462 2227 566 2284 est,
608 2220 736 2274 dum
761 2236 858 2290 per
887 2220 1172 2292 quasdam,
1209 2238 1329 2292 quae
1353 2224 1499 2278 circa
1525 2224 1702 2294 ipsum
1735 2223 2264 2286 animadvertuntur,
2323 2219 2677 2289 proprietates
2738 2217 3003 2278 cernitur,
3063 2211 3383 2269 efﬁcientiis.

107 2322 162 2365 et
190 2311 509 2365 actionibus
537 2310 773 2368 visibilis
803 2322 966 2384 atque
995 2317 1332 2385 conspicuus
1364 2315 1446 2369 ﬁt.

195 2403 341 2456 Ἀλλ’
372 2405 434 2456 οὑ
462 2404 597 2474 πρὸς
622 2404 777 2458 τοῦτο
807 2405 990 2476 βλέπει
1017 2407 1174 2478 μόνον
1195 2407 1290 2461 τοῦ
1331 2406 1681 2480 μακαρισμοῦ

1861 2397 2058 2453 Verum
2094 2413 2203 2452 non
2233 2395 2298 2450 ad
2332 2396 2436 2450 hoc
2470 2394 2648 2450 solum
2696 2389 3049 2446 beatitudinis
3102 2393 3381 2446 sententia.

105 2497 142 2564 ἡ
195 2494 430 2560 διάνοια,
484 2494 546 2548 τὸ
589 2494 652 2548 ἐκ
711 2513 853 2560 τινος
903 2498 1181 2569 ἐνεργείας
1230 2498 1322 2554 τὸν
1370 2499 1696 2569 ἐνεργοῦντα

103 2584 378 2638 δύνασθαι
427 2584 664 2638 τοιοῦτον
715 2586 1171 2656 άναλογίσασθαι·
1224 2589 1430 2657 γένοιτο
1477 2589 1586 2662 γὰρ
1631 2591 1697 2644 ἂν

106 2678 252 2739 ἴσως
314 2676 410 2729 καὶ
477 2679 588 2740 τοῖς
654 2676 749 2730 τοῦ
818 2678 1014 2742 αἰῶνος
1074 2680 1262 2734 τούτου
1329 2683 1545 2750 σοφοῖς,
1611 2681 1699 2735 διὰ

107 2771 217 2839 τῆς
257 2768 355 2822 τοῦ
401 2770 604 2840 κόσμου
650 2771 1013 2842 εὑαρμοστίας
1065 2775 1098 2843 ή
1152 2773 1252 2844 τῆς
1300 2773 1701 2844 ὑπερκειμένης

111 2861 318 2929 σοφίας
360 2878 419 2913 τε
458 2864 554 2916 καὶ
596 2862 876 2934 δυνάμεως
925 2863 1271 2935 κατανόησις.
1326 2864 1462 2917 Ἀλλ’
1515 2865 1700 2936 ἕτερόν

114 2969 215 3023 μοι
285 2953 434 3005 δοκεῖ
487 2956 520 3024 ἠ
584 2953 677 3006 τοῦ
759 2963 1110 3027 μακαρισμοῦ
1183 2956 1520 3027 μεγαλοφυῒα
1589 2961 1701 3021 τοῖς

109 3043 442 3111 δυναμένοις
487 3043 739 3108 δέξασθαι
797 3047 1030 3099 κατιδεῖν
1085 3047 1146 3100 τὸ
1199 3047 1551 3119 ποθούμενον,
1603 3049 1702 3120 τὴν

113 3152 184 3187 συ
193 3134 436 3207 μϐουλὴν
461 3137 781 3207 ὑφηγεῖσθαι
803 3156 816 3169 ·
833 3139 893 3191 τὸ
911 3139 968 3192 δέ
997 3157 1086 3210 μοι
1114 3140 1400 3211 παραστάν
1423 3142 1601 3212 νόημα
1634 3142 1701 3195 δι’

115 3228 544 3298 ὑποδειγμάτων
580 3231 1064 3302 σαφηνισθήσεται.
1098 3232 1327 3300 Ἀγαθόν
1365 3251 1417 3286 τι
1444 3234 1583 3288 κατὰ
1611 3235 1703 3288 τὸν

117 3318 470 3390 ἀνθρώπινόν
523 3323 639 3373 ἐστι
682 3321 815 3390 βίον,
865 3322 1043 3390 ὑγίεια
1088 3323 1181 3376 τοῦ
1227 3323 1510 3394 σώματος·
1569 3323 1704 3378 ἀλλὰ

120 3411 402 3481 μακάριον
434 3413 492 3464 οὑ
524 3413 588 3465 τὸ
612 3413 805 3467 εἰδέναι
836 3413 995 3485 μόνον
1038 3414 1136 3484 τῆς
1167 3415 1376 3483 ὑγιείας
1409 3416 1499 3468 τὸν
1525 3416 1703 3484 λόγον,

116 3501 268 3557 ἀλλὰ
299 3503 362 3554 τὸ
396 3505 452 3555 ἐν
500 3502 676 3574 ὑγιείᾳ
713 3505 833 3573 ζῇν.
881 3503 943 3556 Εἰ
973 3504 1081 3573 γάρ
1112 3521 1194 3568 τις
1219 3504 1470 3575 ἐγκώμια
1496 3505 1704 3573 διεξιὼν

115 3600 232 3659 τῆς
271 3593 482 3660 ὑγιείας
509 3592 608 3663 τὴν
647 3593 849 3664 νοσώδη
891 3594 984 3646 καὶ
1013 3595 1320 3666 κακόχυμον
1345 3597 1549 3668 αίροῖτο
1581 3615 1706 3668 ,τρο-

117 3687 242 3756 φήν
263 3701 278 3716 ·
307 3683 361 3735 τί
387 3682 494 3734 τῶν
513 3683 800 3752 ἐγκωμίων
826 3683 922 3752 τῆς
947 3682 1154 3749 ὑγιείας
1186 3683 1437 3737 ἀπώνατο
1460 3687 1580 3748 ταῖς
1609 3687 1708 3758 άῤ-

120 3774 395 3848 ρωστίαις
419 3773 828 3844 ἐπιτριϐόμενος
856 3789 872 3836 ;
922 3772 1076 3825 Οῦτω
1098 3774 1276 3827 τοίνυν
1305 3777 1584 3845 νοήσωμεν
1612 3778 1707 3829 καὶ
1737 3808 1782 3869 c

117 3868 224 3920 τὸν
258 3863 614 3936 προκείμενον
639 3862 814 3930 λόγον,
847 3863 927 3915 ὅτι
948 3864 1009 3915 οὑ
1037 3864 1098 3915 τὸ
1113 3863 1316 3932 γνῶναί
1345 3881 1398 3917 τι
1425 3867 1550 3936 περὶ
1573 3866 1707 3919 Θεοῦ

124 3956 408 4028 μακάριον
440 3956 467 4006 ὁ
505 3953 706 4025 Κύριος
748 3949 884 4006 εἶναί
913 3970 1074 4023 φησιν
1098 3970 1113 3984 ·
1168 3954 1306 4007 ἀλλὰ
1347 3955 1409 4006 τὸ
1437 3958 1494 4008 ἐν
1533 3955 1711 4028 ἑαυτῷ

123 4052 288 4120 σχεῖν
315 4047 403 4099 τὸν
439 4045 591 4101 Θεόν.
648 4045 936 4113 Μακάριοι
967 4046 1073 4116 γὰρ
1104 4048 1157 4099 οὶ
1197 4045 1439 4114 καθαροὶ
1471 4048 1546 4116 τῇ
1572 4065 1710 4117 καρ-

122 4141 257 4206 δίᾳ,
289 4137 378 4191 ὅτι
401 4136 569 4191 αὐτοὶ
598 4137 704 4190 τὸν
728 4137 876 4190 Θεὸν
899 4136 1168 4205 ὄψονται.
1199 4138 1273 4190 Οὑ
1302 4138 1409 4208 γάρ
1451 4156 1540 4209 μοι
1567 4139 1713 4192 δοκεῖ

119 4231 208 4292 ὡς
256 4227 670 4298 άντιπρόσωπόν
700 4244 752 4279 τι
788 4227 965 4297 θέαμα
1006 4226 1096 4280 τὸν
1117 4227 1249 4281 Θεὸν
1274 4228 1587 4298 προτιθέναι
1634 4229 1712 4298 τῷ

123 4317 533 4387 κεκαθαρμένῳ
574 4314 666 4367 τὸν
697 4317 795 4385 τῆς
827 4315 1003 4385 ψυχῆς
1035 4315 1306 4387 ὀφθαλμόν
1329 4334 1342 4347 ο
1399 4317 1533 4370 ἀλλὰ
1556 4317 1714 4370 τοῦτο

123 4411 280 4480 τάχα
310 4412 342 4478 ἡ
375 4409 466 4462 τοῦ
505 4408 668 4480 ῥητοῦ
697 4409 1029 4477 μεγαλοφυΐα
1055 4411 1186 4478 ἡμῖν
1214 4408 1542 4475 ὑποτίθεται,
1565 4409 1593 4461 ὃ
1622 4409 1712 4462 καὶ

123 4503 276 4573 πρὸς
310 4502 529 4570 ἐτέρους
569 4502 596 4552 ὁ
633 4500 787 4568 λόγος
829 4500 1158 4571 γυμνότερον
1193 4500 1538 4570 παρίστησιν,
1567 4502 1714 4564 ἐντὸς

127 4593 297 4663 ὑμῶν
324 4587 462 4644 εἷναι
485 4593 584 4663 τὴν
616 4591 887 4660 βασιλείαν
916 4591 1010 4643 τοῦ
1037 4590 1172 4644 Θεοῦ
1203 4592 1388 4645 εἰπών’
1423 4593 1510 4645 ἵνα
1538 4592 1716 4662 διδαχ-

127 4683 346 4753 θῶμεν,
375 4684 456 4735 ὅτι
499 4684 527 4734 ὁ
556 4682 735 4751 πάσης
766 4685 865 4751 τῆς
902 4682 1131 4744 κτίσεως
1173 4683 1265 4736 καὶ
1296 4683 1574 4754 ἐμπαθοῦς
1602 4683 1716 4736 δια-

129 4777 348 4836 θέσεως
383 4776 482 4843 τὴν
523 4772 711 4826 ἐαυτοῦ
748 4773 974 4844 καρδίαν
1000 4773 1372 4846 ἁποκαθήρας,
1415 4777 1470 4827 ἐν
1501 4774 1579 4844 τῷ
1603 4775 1717 4846 ἰδίῳ

130 4869 334 4926 κάλλει
370 4871 469 4938 τῆς
495 4867 644 4930 θείας
675 4867 888 4936 φύσεως
911 4866 1119 4937 καθορᾷ
1143 4866 1240 4937 τὴν
1267 4868 1468 4920 εἰκόνα.
1496 4867 1605 4920 Καί
1629 4885 1718 4938 μοι

129 4962 293 5015 δοκεῖ
325 4959 392 5012 δι’
419 4959 610 5026 ὀλίγων
642 4949 717 5011 ὧν
749 4953 922 5020 εἶπεν,
949 4957 1201 5028 τοιαύτην
1225 4958 1532 5029 συμϐουλὴν
1564 4976 1718 5030 περι-

131 5056 291 5123 έχειν
320 5051 351 5102 ὁ
387 5051 555 5120 Λόγος
583 5073 597 5086 ο
617 5055 722 5118 ὅτι,
745 5047 816 5102 Ὦ
861 5049 1153 5120 ἄνθρωποι,
1184 5050 1327 5112 ὅσοις
1348 5049 1462 5102 ἐστί
1488 5067 1570 5112 τις
1595 5051 1718 5102 ἐπι-

1801 2497 2034 2562 spectat,
2061 2497 2123 2542 ut
2159 2504 2226 2543 ex
2269 2486 2506 2556 quadam
2556 2482 2795 2538 efﬁcacia
2847 2491 3008 2550 atque
3059 2481 3374 2550 operatione

1799 2598 1923 2639 eum
1954 2582 2047 2651 qui
2082 2590 2336 2650 operetur
2372 2577 2533 2631 talem
2574 2591 2695 2630 esse
2730 2574 3164 2628 animadvertere
3211 2584 3379 2642 atque

1801 2675 2116 2728 existimare
2141 2671 2420 2742 possimus
2453 2668 2470 2738 (
2497 2667 2728 2720 forsitan
2751 2665 2892 2720 enim
2922 2665 3082 2718 etiam
3111 2666 3377 2735 sapienti-

1799 2767 1903 2822 bus
1941 2765 2105 2834 hujus
2139 2762 2324 2816 sarculi
2361 2776 2455 2830 per
2499 2755 2854 2827 aptitudinem
2884 2766 3046 2825 atque
3094 2757 3375 2811 concinni-

1802 2866 1969 2911 tatem
2018 2853 2206 2909 mundi
2267 2865 2515 2920 supernae
2578 2847 2857 2917 sapientiae
2905 2858 3065 2916 atque
3122 2848 3373 2917 potentia:

1802 2948 2201 3005 animadversio
2251 2945 2598 3015 cognitioque
2645 2942 2960 3012 contingere
2996 2941 3232 3011 possit),
3274 2942 3370 2996 sed

1803 3041 1952 3096 aliud
1981 3042 2110 3094 mihi
2142 3036 2538 3108 magnificentia
2575 3033 2925 3088 beatitudinis
2957 3032 3025 3085 iis
3061 3031 3152 3101 qui
3183 3047 3375 3100 capere

1803 3141 1855 3188 et
1875 3131 2307 3186 animadvertere
2333 3126 2546 3196 possint
2570 3125 2622 3179 id
2652 3123 2797 3194 quod
2820 3122 3376 3191 desideratur-,iiempe

1803 3224 2092 3280 consilium
2123 3219 2337 3275 tradere
2384 3226 2547 3288 atque
2596 3230 2884 3286 suggerere
2921 3213 3172 3279 videtur;
3212 3227 3376 3282 porro

1804 3312 2175 3370 consideratio
2198 3321 2360 3382 atque
2393 3309 2722 3370 intellectus,
2754 3307 2848 3376 qui
2882 3305 3013 3358 mihi
3046 3305 3103 3358 in
3143 3313 3376 3358 mentem

1805 3408 1953 3462 venit
1974 3422 2070 3476 per
2093 3404 2340 3474 exempla
2371 3411 2534 3472 atque
2567 3398 2952 3456 similitudines
2989 3397 3373 3457 declarabitur.

1806 3497 2013 3552 Bonum
2048 3494 2318 3566 quoddam
2364 3494 2419 3548 in
2448 3493 2559 3546 vita
2597 3492 2834 3545 humana
2887 3491 3092 3545 sanitas
3133 3489 3378 3558 corporis

1806 3599 1909 3650 est.
1949 3590 2044 3646 sed
2073 3590 2291 3644 beatum
2329 3595 2434 3650 est,
2465 3601 2574 3640 non
2602 3585 2764 3639 modo
2801 3583 2942 3640 scire
2984 3583 3249 3638 rationem
3289 3594 3380 3636 sa-

1808 3682 2022 3746 nitatis,
2068 3695 2258 3736 verum
2287 3680 2342 3732 in
2367 3678 2598 3734 sanitate
2627 3677 2828 3730 vivere.
2863 3674 2998 3729 Nam
3025 3677 3071 3731 si
3096 3675 3218 3744 quis
3265 3675 3380 3727 lan-

1811 3773 1908 3828 des
1951 3773 2200 3828 sanitatis
2241 3753 2786 3843 persecutus-cibum
2837 3776 3015 3822 sumat
3062 3769 3153 3837 qui
3207 3766 3380 3820 malos

1811 3866 2067 3918 humores
2087 3871 2138 3917 et
2158 3863 2376 3916 morbos
2400 3868 2638 3931 generet,
2666 3859 2796 3927 quid
2827 3859 2973 3923 huic,
3006 3858 3135 3911 dum
3175 3857 3380 3911 morbis

1810 3955 2116 4019 conficitur,
2155 3954 2344 4008 laudes
2380 3955 2626 4009 sanitatis
2655 3953 2925 4021 prosunt?
2966 3951 3163 4005 Eodem
3217 3951 3382 4019 igitur

1810 4051 1972 4106 modo
2011 4049 2342 4120 propositam
2396 4061 2613 4116 quoque
2641 4046 2942 4100 orationem
2992 4044 3380 4112 intelligamus,
3463 4069 3484 4122 ⁴τ

1812 4142 1955 4212 quod
1991 4158 2097 4195 non
2132 4154 2464 4216 cognoscere
2489 4138 2692 4215 aliquid
2717 4137 2784 4190 de
2809 4135 2920 4190 Deo
2956 4135 3228 4189 Dominus
3251 4133 3382 4188 bea-

1811 4241 1926 4286 tum
1966 4247 2086 4287 esse
2129 4231 2305 4294 dicat,
2352 4230 2446 4285 sed
2498 4229 2552 4282 in
2589 4244 2710 4304 sese
2755 4226 2921 4282 Deum
2973 4226 3190 4280 habere.
3230 4224 3383 4279 Beati

1812 4325 1955 4380 enim
1993 4339 2123 4391 puro
2159 4322 2367 4390 ιιι-ιεάὶιὶ
2393 4320 2566 4385 corde,
2607 4321 2854 4390 quoniam
2887 4318 2988 4387 ipsi
3019 4317 3185 4371 Deum
3238 4314 3382 4373 vide-

1814 4419 1938 4467 bunt
1975 4414 2042 4468 ⁵³.
2077 4412 2196 4467 Νοη
2241 4414 2384 4468 enim
2435 4412 2569 4467 mihi
2609 4411 2822 4467 videtur
2852 4408 3008 4479 quasi
3046 4424 3114 4461 ex
3155 4409 3384 4461 adverso

1815 4507 2165 4578 spectandum
2207 4506 2373 4561 Deum
2405 4521 2706 4576 proponere
2733 4505 2781 4559 ei
2812 4504 2904 4573 qui
2943 4502 3135 4556 animae
3164 4502 3384 4554 oculum

1815 4599 2064 4654 habuerit
2105 4607 2486 4669 expurgatum,
2536 4599 2631 4654 sed
2661 4597 2893 4652 forsitan
2929 4597 3033 4649 hoc
3064 4593 3223 4647 nobis
3264 4609 3383 4645 ma-

1817 4692 2124 4762 gnificentia
2163 4691 2290 4746 dicti
2329 4692 2566 4760 suggerit
2607 4689 2752 4760 quod
2787 4689 2948 4742 etiam
2987 4686 3056 4740 ad
3091 4686 3228 4739 alios
3265 4698 3385 4737 ser-

1817 4799 1909 4838 mo
1937 4783 2179 4852 apertius
2205 4783 2483 4850 exprimit,
2519 4781 2610 4834 ubi
2650 4779 2807 4841 dixit,
2859 4777 3013 4830 Intra
3057 4792 3144 4829 vos
3192 4783 3270 4827 est
3298 4789 3384 4826 re.

1817 4893 1978 4946 gnum
2013 4875 2110 4929 Dei
2149 4875 2233 4928 ’δε
2269 4883 2328 4927 ιιι
2365 4873 2659 4929 doceamur
2693 4871 2837 4942 quod
2867 4870 2959 4939 qui
2997 4884 3092 4922 cor
3121 4883 3279 4921 suum
3316 4867 3384 4921 ab

1819 4967 1968 5020 omni
2000 4974 2251 5021 creatura
2283 4974 2445 5034 atque
2487 4964 2682 5019 vitiosa
2711 4962 2996 5017 affectione
3042 4959 3382 5029 expurgavit,

1823 5059 1876 5112 in
1915 5073 2011 5112 sua
2044 5057 2216 5126 ipsius
2261 5055 2664 5125 pulchritudine
2717 5054 2913 5107 divina:
2944 5061 3151 5105 naturae
3198 5051 3386 5119 imagi-

132 5143 320 5212 θυμία
353 5141 452 5210 τῆς
479 5141 573 5194 τοῦ
600 5141 767 5202 ὅντως
796 5139 998 5210 ἀγαθοῦ
1026 5139 1278 5210 θεωρίας,
1308 5140 1526 5193 ἐπειδὰν
1557 5140 1705 5193 ἀκού‹

1821 5166 1944 5203 nem
2001 5148 2263 5203 intuetur.
2306 5148 2384 5201 Ac
2425 5148 2558 5202 mihi
2615 5147 2827 5200 videtur
2881 5143 3158 5208 Verbum,
3198 5143 3386 5211 paucis

131 5253 278 5306 σητε
309 5235 449 5305 ὑπὲρ
479 5234 604 5296 τοὺς
629 5233 887 5304 οὐρανοὺς
924 5231 1158 5300 ἐπῆρθαι
1184 5231 1281 5300 τὴν
1310 5229 1457 5283 θείαν
1493 5231 1718 5300 μεγαλο-

129 5326 436 5398 πρέπειαν,
478 5327 572 5379 καὶ
610 5325 705 5395 τὴν
743 5323 899 5388 δόξαν
931 5323 1098 5391 αὑτῆς
1125 5323 1520 5392 ἁνερμήνεῦτον
1560 5317 1716 5386 εῖναι,

131 5420 242 5475 καὶ
286 5418 348 5471 τὸ
379 5418 572 5480 κάλλος
611 5419 906 5487 ἄφραστον,
942 5416 1035 5467 καὶ
1077 5415 1176 5482 τὴν
1209 5413 1367 5481 φύσιν
1402 5413 1715 5484 ἀχώρητον·

137 5511 228 5584 μὴ
258 5511 553 5564 ἐκπίπτετε
592 5513 670 5572 εἰς
695 5507 1041 5562 ἀνελπιστίαν
1079 5505 1171 5559 τοῦ
1205 5505 1559 5577 μὴδύνασθαι
1596 5525 1719 5560 κατ-

138 5603 282 5658 ιδεῖν
307 5601 366 5655 τὸ
409 5601 761 5672 ποθούμενον.
810 5600 882 5652 Τὸ
923 5600 1030 5671 γάρ
1077 5616 1158 5651 σοι
1191 5597 1451 5671 χωρητὺν,
1485 5599 1584 5670 τῆς
1623 5599 1716 5652 τοῦ

219 5765 266 5797 ⁸³
299 5762 486 5819 ιΤίω.
511 5779 583 5832 vn,
611 5761 695 5817 16.
775 5762 819 5794 ³³
851 5761 1033 5816 Matth.
1078 5779 1128 5826 v,
1163 5762 1214 5817 8.
1291 5760 1335 5793 "‘
1369 5761 1500 5817 Luc.
1529 5777 1658 5824 ml,
1685 5763 1772 5816 2|.

1815 5257 1936 5310 qua:
1984 5239 2138 5304 dixit,
2194 5239 2462 5309 ejusmodi
2517 5238 2808 5293 consilium
2845 5237 3130 5306 complecti
3163 5253 3174 5287 :
3209 5233 3253 5289 0
3288 5250 3384 5287 vos

1814 5331 2082 5394 homines,
2129 5333 2328 5402 quibus
2368 5331 2507 5386 inest
2559 5331 2736 5398 aliqua
2796 5328 3064 5397 cupiditas
3118 5338 3386 5380 mntem--

1817 5423 1997 5492 piandi
2044 5425 2096 5478 id
2147 5423 2290 5493 quod
2336 5439 2462 5478 vere
2515 5423 2716 5476 bonum
2757 5427 2860 5481 est,
2891 5433 3013 5471 cum
3071 5417 3385 5470 audiveritis

1817 5513 2056 5566 divinam
2099 5513 2440 5583 majestatem
2473 5527 2636 5581 supra
2665 5511 2834 5565 ccelos
2862 5510 3058 5563 elatam
3101 5515 3152 5559 et
3181 5509 3384 5560 exalta-

1826 5613 1954 5672 tam,
1991 5607 2216 5676 gloriam
2261 5606 2380 5677 ejus
2420 5603 2884 5675 inexplicabilem,
2927 5597 3385 5670 pulchritudinem
