1922 3112
228 163 293 190 Hii

860 164 888 191 S.
906 164 1069 194 GBEGORII
1088 165 1237 194 NYSSENI

1783 159 1854 187 1272.

228 219 391 247 inell‘abilem
407 227 477 251 esse,
497 224 621 247 naturam
642 221 836 256 comprehendi
853 229 885 249 ac
909 222 1012 257 percipi

1063 221 1131 247 Θεοῦ
1153 220 1342 256 κατανοήσεως
1359 217 1457 254 μέτρον
1481 216 1509 243 ἐν
1532 215 1574 243 σοί
1591 217 1674 243 ἐστιν.
1708 213 1789 241 οὕτω
1805 215 1851 241 τοῦ

227 272 283 292 non
303 272 393 300 posse.
411 273 445 292 ne
457 266 635 301 prolabamini
651 266 685 293 ad
699 266 927 302 desperationem,
958 275 1012 301 qua

228 317 283 337 non
298 310 409 344 possitis
423 310 520 337 intueri
534 311 606 345 quod
625 310 798 339 desideratis.
819 310 886 338 Nam
903 311 975 346 quod
996 319 1011 338 a

228 361 255 383 te
270 356 329 390 capi
350 360 377 383 et
390 356 583 391 comprehendi
600 360 698 392 potest.
714 356 761 385 Dei
774 358 1012 392 contemplationis

228 400 255 427 in
270 405 297 428 te
312 400 409 428 modus
424 405 478 434 est,
500 401 599 436 quippe
617 409 678 429 cum
696 402 719 430 is
749 403 794 438 qui
819 408 845 431 te
873 403 1011 437 formavit,

227 449 282 476 tale
296 449 398 476 bonum
411 451 503 477 statim
521 451 557 477 ita
569 456 673 479 natura:
684 452 762 487 quasi
782 453 1011 486 inessentiaverit,

228 495 286 522 sive
299 495 578 524 consubstantiaverit
593 501 619 525 et
629 497 860 533 incorporaverit;
880 500 918 526 tui
940 500 1012 526 cnim

229 538 402 567 fabricationi
417 545 444 567 et
463 541 652 569 constitutioni
669 542 740 570 Deus
761 551 817 571 suae
839 548 944 572 naturae
962 545 1012 572 bo—

228 591 325 611 norum
347 584 494 611 simulacra
511 585 758 622 similitudinesque
787 593 814 615 et
829 589 907 624 quasi
924 589 1013 616 imita-

228 635 318 656 menta
334 630 472 664 impressit
490 635 517 658 et
530 631 696 667 informavit,
711 633 794 661 veluti
811 642 901 662 ceram
916 643 1013 670 quam-

228 674 290 701 dam
319 675 438 710 sculptili
468 676 553 712 figura
573 677 750 712 praeformans
773 684 799 707 et
818 680 931 716 Ilngens.
959 680 1010 708 Sed

226 720 365 748 vitiositas
377 721 495 749 divinam
525 722 669 758 imaginem
694 724 822 752 referenti
847 727 925 761 signo
956 726 1011 753 cir-

228 766 366 799 cumfusa,
384 768 485 795 bonum
502 770 629 804 turpibus
645 770 805 799 velamentis
824 772 973 799 obductum
986 777 1013 800 et

228 812 395 839 occultatum
414 813 510 841 inutile
533 815 582 842 tibi
602 815 676 844 fecit.
694 815 723 844 Si
747 816 830 852 igitur
849 817 969 852 diligenti
986 822 1014 845 et

228 864 356 885 accurata
369 859 423 886 vita
437 860 534 888 sordes
549 861 624 889 cordi
636 861 717 890 illitas
733 866 759 890 et
771 864 903 891 obductas
916 871 1012 891 rursus

228 904 545 941 ahlueris,resplendebit
555 907 581 934 in
591 911 616 936 te
624 908 715 936 divina
722 909 904 944 pulchritudo.
914 910 1013 943 Quem-
1027 896 1051 924 Β

230 950 374 977 admodum
391 951 417 978 in
431 951 502 978 ferro
518 952 575 980 ﬁeri
597 954 675 986 solet,
697 961 759 981 cum
782 954 807 981 id
832 955 905 990 quod
931 955 1012 990 paqu

229 1001 292 1024 ante
313 997 419 1032 nigrum
443 1003 517 1031 erat,
546 1006 593 1033 per
611 1003 698 1027 cotem
725 999 845 1027 detracta
875 1000 1011 1036 rubigine,

228 1041 386 1076 splendores
401 1043 533 1078 quosdam
560 1044 587 1071 in
611 1052 641 1072 se
659 1045 692 1072 ad
718 1046 802 1073 solem
830 1046 968 1082 refulgens
984 1051 1012 1075 et

228 1087 330 1115 nitores
343 1088 414 1120 edit,
431 1089 468 1116 ita
486 1089 567 1117 homo
591 1098 699 1126 quoque
716 1091 849 1125 internus,
867 1101 947 1127 quem
964 1101 1012 1121 cor

229 1132 361 1162 Dominus
388 1135 521 1167 nominat,
537 1143 599 1163 cum
629 1136 725 1164 sordes
750 1137 934 1172 rubiginosas,
951 1146 1011 1174 quze

228 1185 338 1214 propter
359 1188 472 1215 pravum
494 1181 577 1209 situm
593 1182 621 1209 in
638 1182 726 1209 forma
749 1182 938 1215 efﬂoruerunt,
963 1185 1012 1212 ab-

228 1226 365 1258 sterserit,
382 1234 479 1254 rursus
492 1234 555 1254 cum
572 1227 698 1263 originali
717 1232 744 1256 et
762 1229 905 1264 principali
924 1229 1011 1258 forma

227 1270 432 1298 similitudinem
462 1273 645 1307 recuperabit,
672 1280 704 1300 ac
736 1274 825 1302 bonus
854 1275 916 1302 erit.
942 1275 1009 1303 Nam

227 1317 300 1351 quod
318 1317 382 1345 boni
405 1318 503 1351 simile,
533 1318 633 1345 bonum
663 1326 776 1353 prorsus
805 1324 856 1348 est.
878 1321 947 1356 Ergo
963 1321 1011 1357 qui

227 1362 346 1396 seipsum
365 1362 448 1394 videt,
462 1362 490 1389 in
506 1362 598 1397 seipso
625 1363 698 1397 quod
722 1363 860 1391 desiderat
873 1364 1008 1392 intuetur:

228 1411 310 1442 atque
328 1407 365 1434 ita
377 1404 473 1435 beatus
490 1408 529 1440 fit,
546 1408 592 1443 qui
616 1408 699 1436 corde
714 1417 783 1444 puro
809 1410 938 1444 praeditus
958 1416 1010 1444 est,

226 1453 355 1487 quoniam
371 1453 435 1480 dum
457 1461 534 1481 suam
552 1454 698 1488 puritatem
723 1454 854 1486 intuetur,
868 1463 916 1490 per
943 1455 1012 1482 ima-

226 1499 326 1533 ginem,
344 1498 460 1526 formam
482 1499 658 1534 principalem
685 1500 885 1528 animadvertit.
912 1500 1012 1533 Quent-

226 1544 371 1571 admodum
395 1544 467 1572 enim
497 1544 515 1571 ii
545 1544 592 1579 qui
609 1544 637 1572 in
665 1546 777 1580 speculo
800 1547 885 1573 solem
907 1546 1010 1579 vident,

225 1589 332 1616 etiamsi
353 1590 452 1616 caelum
470 1590 559 1624 ipsum
577 1589 637 1617 fixis
650 1591 737 1618 oculis
749 1598 803 1618 non
820 1596 1011 1625 contueantur,

226 1635 312 1661 nihilo
337 1635 428 1663 secius
455 1636 482 1662 in
511 1635 656 1671 splendore
676 1637 779 1671 speculi
804 1638 890 1665 solem
920 1639 1013 1666 vident

225 1688 306 1713 quam
324 1680 362 1707 illi
384 1681 431 1715 qui
451 1680 539 1715 ipsum
564 1681 659 1709 orbem
683 1682 750 1709 solis
773 1682 914 1710 intuentur
933 1693 939 1711 :
956 1684 992 1711 ita
1005 1704 1012 1717 ,

225 1726 326 1760 inquit,
342 1725 424 1753 etiam
444 1733 503 1758 vos,
519 1726 627 1754 etiamsi
651 1727 722 1755 vires
736 1728 814 1755 vobis
837 1736 892 1756 non
917 1737 1014 1765 suppe-

227 1775 285 1799 tant
296 1772 329 1798 ad
346 1772 585 1807 contemplandum
598 1776 625 1800 et
640 1773 911 1802 animadvertendum
921 1776 1013 1803 lumen

225 1817 406 1850 inaccessum,
425 1818 448 1846 si
464 1818 497 1845 ad
513 1826 574 1845 eum
589 1818 635 1854 qui
655 1819 689 1846 ab
717 1820 797 1847 initio
814 1820 841 1847 in
855 1821 932 1849 vobis
947 1828 1013 1848 con-

226 1864 338 1891 stitutus
357 1867 399 1891 est
425 1863 552 1899 imaginis
567 1865 693 1893 decorem
718 1873 751 1893 ac
768 1866 884 1901 gratiam
909 1867 1013 1895 reversi

225 1908 353 1942 fueritis,
380 1908 408 1936 in
444 1909 522 1937 vobis
548 1909 616 1944 ipsis
644 1910 715 1945 quod
744 1911 867 1946 quaeritis
894 1912 1011 1940 habetis.

225 1954 335 1982 Puritas
351 1955 424 1982 enim
437 1959 465 1983 et
479 1955 608 1982 vitiorum
624 1956 826 1992 aﬂ‘ectuumque
837 1958 970 1991 vacuitas,
986 1964 1014 1987 et

226 2000 260 2027 ab
275 2001 348 2028 omni
366 2001 437 2028 malo
456 2001 584 2029 alienatio
603 2001 689 2029 deitas
712 2007 764 2030 est.
795 2002 823 2030 Si
853 2003 935 2039 igitur
954 2004 1011 2032 haec

225 2045 253 2072 in
267 2049 294 2073 te
314 2050 388 2078 sunt,
407 2046 477 2075 Deus
492 2055 606 2082 prorsus
621 2048 648 2075 in
663 2052 689 2075 te
704 2053 756 2077 est.
771 2048 839 2076 Cum
865 2050 948 2085 igitur
977 2051 1012 2079 ab

1064 266 1216 298 πλάσαντός
1229 275 1259 293 σε
1275 265 1306 292 τὸ
1319 264 1437 291 τοιοῦτον
1451 262 1552 298 ἀγαθὸν
1566 262 1646 292 εὐθὺς
1660 262 1694 296 τῇ
1709 261 1792 295 φύσει
1805 269 1852 286 κα-

1063 310 1272 341 τουσιώσαντος.
1296 310 1356 336 Τῶν
1369 309 1424 344 γὰρ
1434 309 1483 343 τῆς
1499 307 1567 339 ἰδίας
1584 306 1691 341 φύσεως
1708 305 1821 340 ἀγαθῶν
1839 307 1855 332 ὁ

1064 356 1129 388 Θεὸς
1142 356 1294 382 ἐνετύπωσε
1308 356 1341 390 τῇ
1360 356 1393 389 σῇ
1407 355 1561 389 κατασκευῇ
1576 353 1610 379 τὰ
1625 353 1786 388 μιμήματα,
1798 349 1854 377 οἷόν

1063 411 1123 429 τινα
1136 403 1220 438 κηρὸν
1233 402 1352 438 σχήματι
1359 400 1464 435 γλυφῆς
1476 399 1665 436 προτυπώσας.
1685 397 1756 424 Ἀλλ’
1773 398 1791 432 ὴ
1806 406 1856 423 κα-

1064 447 1111 474 κία
1135 447 1174 482 τῷ
1199 447 1309 474 θεοειδεί
1334 446 1486 482 χαρακτῆρι
1515 444 1690 480 περιχυθεῖσα
1714 444 1854 479 ἄχρηστον

1064 494 1175 529 ἐποίησέ
1189 502 1229 520 σοι
1243 494 1274 520 τὸ
1286 493 1386 528 ἀγαθὸν
1399 492 1641 527 ὑποκεκρυμμένον
1656 492 1712 522 τοῖς
1728 491 1855 525 αἰσχροῖς

1063 539 1302 574 προκαλύμμασιν.
1328 539 1359 565 Εἰ
1375 536 1421 565 οὖν
1437 538 1616 569 ἀποκλύσειας
1633 537 1713 563 πάλιν
1737 537 1772 563 δι’
1793 537 1855 562 ἑπι-

1066 585 1176 620 μελείας
1192 585 1249 620 βίου
1261 585 1306 612 τὸν
1319 584 1521 611 ὲπιπλασθέντα
1535 585 1569 618 τῇ
1581 583 1679 618 καρδίᾳ
1694 591 1740 609 σου
1754 581 1856 616 ῥύπον,

1063 631 1217 666 ἀναλάμψει
1241 639 1281 657 σοι
1303 630 1334 657 τὸ
1351 630 1465 661 θεοειδὲς
1487 629 1594 660 κάλλος.
1615 629 1719 663 Ὠσπερ
1741 627 1790 653 ἐπὶ
1806 626 1857 653 τοῦ

1064 677 1172 712 σιδήρου
1197 676 1319 711 γίνεσθαι
1337 676 1470 710 πέφυκεν,
1485 676 1549 702 ὃταν
1566 675 1600 701 δι’
1620 674 1719 707 ἀκόνης
1738 672 1789 699 τοῦ
1813 673 1856 698 ἰοῦ

1063 723 1221 759 γυμνωθῇ,ὀ
1236 723 1289 758 πρὸ
1303 722 1392 757 ὀλίγου
1407 721 1500 757 μέλας,
1510 721 1595 755 αὐγάς
1607 729 1681 751 τινας
1698 719 1740 753 ἐφ’
1754 717 1859 745 ἑαυτοῦ

1063 770 1133 805 πρὸς
1154 769 1199 796 τὸν
1212 769 1287 804 ἥλιον
1302 768 1416 795 στίλϐων
1432 768 1480 794 καὶ
1500 767 1675 803 λαμπηδόνας
1694 766 1853 793 ἐκδίδωσιν·

1062 815 1148 847 οὕτως
1160 815 1208 841 καὶ
1227 815 1241 841 ὁ
1257 814 1330 841 ἔνδον
1345 813 1499 849 ἄνθρωπος,
1515 813 1544 839 ὃν
1563 813 1675 849 καρδίαν
1695 813 1827 848 ὀνομάζει
1842 815 1858 840 ὁ

1063 861 1174 896 Κύριος,
1190 860 1299 887 ἐπειδὰν
1317 860 1485 895 ἀποξύσηται
1496 859 1542 886 τὸν
1561 859 1625 894 ιώδη
1641 858 1725 894 ῥύπον
1745 860 1794 886 τὸν
1809 860 1858 886 διὰ

1064 907 1112 933 τοῦ
1131 906 1247 942 πονηροῦ
1262 906 1382 941 εὐρῶτος
1400 905 1590 940 ὲπανθήσαντα
1600 906 1632 940 τῇ
1652 907 1756 941 μορφῇ,
1773 906 1855 932 πάλιν

1063 952 1227 989 ἀναλήψεται
1242 952 1291 988 τὴν
1311 952 1379 988 πρὸς
1406 952 1436 979 τὸ
1454 951 1606 987 ἀρχέτυπον
1626 952 1787 987 όμοιὰτητα,
1806 953 1856 980 καὶ

1063 997 1164 1032 ἀγαθὸς
1180 997 1266 1024 ἔσται.
1283 997 1320 1024 Τὸ
1333 997 1387 1033 γὰρ
1400 997 1494 1032 ἀγαθῷ
1503 998 1605 1032 ὅμοιον,
1619 997 1721 1031 ἀγαθὸν
1730 998 1855 1029 πάντως.

1063 1044 1167 1071 Οὐκοῦν
1188 1045 1201 1071 6
1217 1044 1313 1071 ἑαυτὸν
1336 1044 1452 1079 βλέπων,
1473 1044 1503 1069 ὲν
1520 1042 1609 1078 ὲαυτῷ
1630 1043 1662 1070 τδ
1683 1043 1856 1079 ποθούμενον

1064 1089 1171 1125 βλέπει·
1197 1089 1244 1116 καὶ
1266 1089 1338 1116 οὕτω
1356 1089 1461 1123 γίνεται
1485 1090 1620 1126 μακάριος
1642 1090 1657 1116 ό
1678 1090 1800 1126 καθαρὸς
1820 1092 1854 1126 τῇ

1062 1135 1175 1171 καρδίᾳ,
1203 1136 1244 1162 ὅτι
1261 1135 1330 1171 πρὸς
1349 1134 1399 1170 τὴν
1417 1134 1484 1161 ίδίαν
1497 1134 1670 1170 καθαρότητα
1690 1135 1811 1170 βλέπων,
1825 1137 1856 1162 ἐν

1061 1182 1095 1216 τῇ
1119 1181 1203 1207 εικόνι
1222 1181 1327 1216 καθορᾷ
1349 1180 1379 1207 τὸ
1396 1180 1559 1216 ἀρχέτυπον.
1588 1180 1694 1216 Ὠσπερ
1706 1182 1765 1216 γὰρ
1780 1183 1805 1208 οἱ
1826 1182 1854 1208 ὲν

1061 1227 1207 1263 κατόπτρῳ
1219 1227 1336 1262 ὁρῶντες
1346 1227 1391 1254 τὸν
1402 1227 1488 1262 ἥλιον,
1511 1226 1563 1254 κᾶν
1580 1226 1617 1262 μὴ
1632 1227 1701 1263 πρὸς
1713 1228 1796 1254 αὑτὸν
1808 1229 1856 1255 τὸν

1062 1273 1175 1309 οὐρανὸν
1188 1272 1378 1307 ἀποϐλέψωσιν
1389 1273 1491 1304 ἀτενὲς,
1503 1273 1580 1299 οὐδὲν
1590 1273 1697 1299 ἔλαττον
1709 1273 1795 1309 ὁρῶσι
1809 1274 1857 1300 τὸν

1061 1318 1137 1354 ἥλιον
1156 1319 1185 1345 ἐν
1203 1320 1236 1354 τῇ
1258 1318 1304 1345 τοῦ
1321 1318 1475 1353 κατόπτρου
1502 1318 1584 1354 αὐγῇ,
1609 1318 1662 1345 τῶν
1679 1319 1750 1355 πρὸς
1773 1319 1856 1346 αὑτὸν

1061 1363 1269 1390 ἀποϐλεπόντων
1282 1363 1328 1390 τοῦ
1340 1362 1417 1399 ἡλίου
1432 1362 1477 1389 τὸν
1491 1362 1604 1389 κύκλοψ
1617 1362 1699 1394 οὕτω,
1717 1363 1799 1398 φησὶ,
1808 1364 1857 1390 καὶ

1063 1409 1150 1443 ὑμεῖς,
1164 1408 1216 1435 κᾶν
1229 1409 1342 1444 ἀτονῆτε
1361 1409 1430 1443 πρὸς
1444 1410 1606 1444 κατανόησιν
1630 1409 1729 1443 φωτὸς,
1744 1410 1794 1435 ἐὰν
1808 1410 1855 1436 ἐπὶ

1062 1455 1112 1490 τὴν
1133 1454 1162 1488 ἐξ
1184 1454 1272 1490 ἀρχῆς
1290 1454 1591 1489 ὲγκατασκευασθεῖσαν
1616 1456 1680 1490 ὑμῖν
1703 1455 1787 1491 χάριν
1808 1456 1855 1490 τῆς

1063 1500 1166 1532 εἰκόνος
1188 1500 1415 1536 ὲπαναδράμητε,
1451 1501 1480 1527 ὲν
1507 1501 1611 1532 ἑαυτοῖς
1635 1501 1665 1527 τὸ
1688 1502 1855 1537 ζητούμενον

1063 1546 1148 1581 ἔχετε.
1175 1546 1337 1581 Καθαρότης
1351 1546 1419 1581 γὰρ,
1442 1546 1572 1577 ἀπάθεια,
1591 1547 1637 1573 καὶ
1650 1547 1738 1573 κακοῦ
1758 1547 1856 1578 παντὸς

1064 1593 1240 1628 ἀλλοτρίωσις
1250 1594 1267 1628 ἡ
1281 1592 1376 1628 θεότης
1387 1592 1471 1619 ἐστίν.
1488 1593 1519 1619 El
1533 1590 1579 1619 οὖν
1589 1593 1676 1619 ταῦτα
1687 1594 1718 1619 ἐν
1733 1593 1778 1619 σοί
1790 1595 1856 1624 ἐστι,

1061 1637 1127 1669 Θεὸς
1144 1638 1252 1669 πάντως
1268 1639 1296 1664 ὲν
1315 1638 1355 1664 σοί
1371 1638 1456 1664 ἐστιν.
1482 1637 1566 1663 Ὅταν
1580 1634 1626 1664 οὖν
1643 1638 1749 1672 ἀμιγὴς
1768 1638 1856 1672 πάσης

1060 1684 1176 1717 κακίας,
1197 1684 1244 1710 καὶ
1262 1683 1365 1715 πάθους
1379 1682 1536 1718 ἐλεύθερος,
1564 1684 1610 1709 καὶ
1625 1684 1724 1714 παντὸς
1742 1692 1856 1718 κεχωρι-

1062 1731 1159 1765 σμένος
1190 1730 1371 1765 μολύσματος,
1388 1731 1402 1757 ό
1418 1731 1446 1757 ὲν
1467 1728 1509 1756 σοὶ
1535 1729 1664 1762 λογισμὸς
1677 1727 1705 1764 ᾗ.
1722 1730 1857 1764 μακάριος

1061 1774 1086 1802 εἴ
1099 1776 1149 1810 τῆς
1160 1775 1306 1808 ὀξυωπίας,
1320 1776 1361 1802 ὅτι
1375 1776 1406 1802 τὺ
1415 1777 1471 1807 τοῖς
1488 1774 1524 1811 μὴ
1536 1774 1711 1808 καθαρθεῖσιν
1732 1774 1856 1804 ἀθέατον,

1061 1821 1240 1857 ὲκκαθαρθεὶς
1252 1821 1428 1857 κατενόησας,
1444 1822 1490 1848 καὶ
1507 1823 1555 1855 τῆς
1569 1820 1663 1853 ὑλικῆς
1682 1819 1787 1854 ἀχλύος
1801 1820 1853 1846 τῶν

1061 1868 1112 1902 τῆς
1139 1867 1227 1903 ψυχῆς
1251 1867 1382 1903 ὀμμάτων
1406 1867 1609 1901 ἀφαιρεθείσης,
1637 1866 1666 1893 ὲν
1692 1865 1803 1902 καθαρᾷ
1825 1866 1854 1899 τῇ

1061 1913 1112 1948 τῆς
1128 1913 1241 1949 καρδίας
1267 1912 1360 1948 αίθρίᾳ
1379 1912 1521 1946 τηλαυγῶς
1538 1913 1646 1947 βλέπεις
1664 1913 1695 1938 τὸ
1719 1913 1855 1948 μακάριον

1065 1960 1165 1995 θέαμα.
1185 1958 1270 1985 Τοῦτο
1282 1959 1309 1985 δέ
1321 1960 1379 1985 ἐστι
1392 1959 1433 1990 τί;
1457 1958 1627 1993 Καθαρότης,
1643 1960 1656 1984 ὁ
1677 1959 1824 1992 ἁγιασμὸς,
1839 1958 1852 1991 ἡ

1065 2005 1200 2040 ἁπλότης,
1215 2004 1305 2031 πάντα
1331 2004 1359 2031 τὰ
1371 2004 1482 2031 τοιαῦτα
1497 2005 1532 2030 τὰ
1555 2004 1686 2038 φωτοειδῆ
1714 2004 1766 2038 τῆς
1785 2003 1853 2034 θείας

1066 2051 1174 2086 φύσεως
1193 2051 1408 2085 ἀπαυγάσματα.
1423 2050 1456 2077 δι’
1471 2047 1507 2075 ὧν
1524 2051 1536 2075 ὁ
1549 2050 1613 2080 Θεὸς
1630 2050 1738 2083 ὁρᾶται.

225 2092 300 2119 omni
315 2092 462 2120 vitiositate
478 2100 556 2128 pura,
570 2093 604 2120 ah
619 2093 716 2121 affectu
731 2101 763 2121 ac
782 2095 851 2122 vitio
867 2096 950 2123 libera
963 2101 1045 2133 atque
1058 2097 1092 2124 ab
1109 2097 1184 2124 omni
1215 2095 1403 2130 inquinatione
1425 2095 1550 2129 sejuncta
1571 2095 1599 2121 in
1627 2099 1654 2121 te
1688 2095 1763 2121 ratio
1798 2094 1852 2121 iue-

225 2138 272 2169 rit,
288 2137 384 2165 beatus
397 2145 427 2165 es
453 2141 564 2173 propter
587 2146 701 2166 acumen
719 2143 801 2173 atque
825 2141 1019 2168 claritudinem
1037 2142 1126 2174 visus,
1153 2141 1285 2176 quoniam
1312 2140 1339 2166 id
1355 2139 1428 2175 quod
1446 2140 1539 2173 cllugit
1560 2139 1648 2166 visum
1679 2147 1776 2166 eorum
1809 2139 1849 2173 qui

226 2191 282 2210 non
299 2183 399 2210 fuerint
415 2185 534 2220 purgati,
550 2185 608 2220 ipse
622 2190 790 2221 expurgatus
821 2187 1025 2220 animadvertis,
1047 2195 1078 2215 ac
1095 2188 1229 2215 materiali
1252 2187 1369 2222 caligine
1389 2188 1424 2214 ab
1455 2186 1544 2213 oculis
1564 2185 1648 2212 animi
1667 2186 1791 2220 dempta,
1810 2194 1850 2220 per

227 2237 322 2264 puram
349 2232 440 2259 cordis
474 2234 647 2261 serenitatem
686 2233 794 2261 beatum
822 2236 1009 2270 spectaculum
1029 2236 1104 2263 clare
1118 2236 1223 2263 cernis.
1260 2234 1318 2262 Hoc
1342 2239 1432 2262 autem
1465 2234 1530 2269 quid
1558 2233 1623 2261 est?
1652 2234 1849 2266 sanctimonia,

228 2278 343 2312 puritas,
362 2278 534 2314 simplicitas,
549 2287 644 2308 omnes
659 2281 793 2315 ejusmodi
809 2282 892 2309 lucidi
911 2283 1009 2310 divinae
1029 2289 1132 2311 natura:
1146 2284 1318 2318 splendores,
1340 2290 1388 2316 per
1404 2290 1473 2316 quos
1489 2282 1558 2308 Deus
1576 2281 1694 2307 videtur.

263 2324 362 2352 Verum
380 2324 451 2360 quod
462 2325 519 2352 haec
534 2326 642 2361 quidem
658 2327 694 2353 ita
709 2335 738 2354 se
764 2327 892 2360 habeant,
914 2336 948 2356 ex
975 2329 1008 2356 iis
1025 2332 1047 2359 ι)

227 2377 288 2405 qua:
306 2370 379 2397 dicta
394 2374 458 2396 sunt
486 2378 540 2397 non
555 2371 723 2400 dubitamus.
736 2373 789 2399 Seu
802 2373 873 2408 quod
889 2373 923 2401 ab
935 2374 1014 2400 initio

227 2416 255 2443 in
267 2416 350 2444 dubio
363 2416 531 2451 ponebatur,
548 2417 637 2444 adimo
662 2418 688 2444 in
713 2418 807 2445 eadem
837 2420 1015 2454 perplexitate

228 2469 318 2489 sermo
336 2462 476 2497 relinquit.
492 2462 529 2489 Ut
550 2463 622 2490 enim
638 2463 660 2490 is
678 2463 724 2498 qui
749 2463 775 2489 in
793 2465 893 2491 coelum
911 2465 1008 2497 evasit,

225 2507 435 2542 participatione
449 2507 549 2534 fruitur
563 2507 714 2535 caelestium
745 2508 950 2541 miraculorum,
968 2509 1014 2537 sed

226 2553 391 2581 ascendendi
410 2553 506 2581 modus
529 2553 675 2589 impeditus
693 2553 773 2581 eilicit
805 2559 834 2582 ut
848 2555 916 2582 nihil
935 2555 1015 2583 nobis

226 2600 332 2636 prosint
347 2607 378 2627 ea
393 2600 427 2627 de
441 2600 540 2635 quibus
564 2599 631 2626 nihil
644 2599 835 2627 controversiae
848 2605 906 2627 esu
918 2600 955 2627 ita
973 2608 1016 2627 ex-

226 2646 386 2681 purgatioue
398 2646 490 2673 cordis
504 2645 699 2673 beatitudinem
718 2647 851 2674 exsistere
863 2654 917 2673 non
931 2647 1011 2674 dubi-

226 2697 310 2725 tatur,
336 2691 383 2719 sed
413 2691 549 2726 quomodo
578 2691 639 2726 quis
665 2699 713 2719 cor
739 2692 773 2719 ab
799 2692 1013 2727 inquinamentis

226 2746 378 2773 expurgare
389 2739 486 2773 possit,
503 2738 597 2765 eadem
618 2745 731 2772 prorsus
755 2745 816 2773 quae
843 2738 870 2765 in
893 2745 1011 2765 ascensu

227 2785 254 2811 in
282 2786 381 2812 celum
414 2788 525 2819 apparet
560 2783 703 2811 difﬁcultas
726 2791 787 2811 esse
811 2783 928 2811 videtur.
947 2783 1012 2816 Quae

229 2831 310 2865 igitur
323 2830 397 2857 scala
412 2829 517 2857 Jacob?
531 2830 619 2864 qualis
633 2829 786 2857 invenietur
800 2829 895 2864 igneus
912 2837 1011 2856 currus

230 2876 263 2903 ad
289 2875 493 2904 similitudinem
521 2876 580 2910 ejus
605 2875 651 2910 qui
683 2875 844 2910 prophetam
872 2875 958 2902 Eliam
983 2875 1011 2902 in

1101 2328 1181 2355 Ἀλλὰ
1199 2328 1228 2355 τὸ
1243 2328 1292 2363 μὲν
1304 2328 1387 2353 ταῦτα
1403 2327 1487 2357 οὕτως
1500 2328 1571 2361 ἔχειν
1587 2328 1619 2352 ὲκ
1632 2327 1689 2353 τῶν
1701 2328 1851 2363 εἰρημένων

1063 2374 1112 2401 οὐκ
1127 2374 1343 2409 ἀμφιϐάλλομεν.
1361 2373 1421 2399 Ἔτι
1435 2372 1462 2398 δὲ
1475 2373 1544 2407 ἡμῖν
1557 2373 1571 2399 ό
1583 2372 1662 2406 λόγος
1675 2372 1707 2399 τὸ
1722 2373 1753 2406 ἐξ
1768 2373 1850 2407 ἀρχῆς

1063 2420 1202 2455 ἀπορηθὲν
1217 2420 1262 2446 ἐπὶ
1276 2420 1325 2454 τῆς
1340 2419 1426 2454 αὐτῆς
1442 2418 1597 2454 ἀμηχανίας
1618 2418 1724 2453 βλέπει.
1745 2419 1789 2450 Ὠς
1803 2419 1850 2453 γὰρ

1063 2466 1077 2491 ό
1093 2467 1122 2492 ὲν
1139 2465 1244 2500 οὐρανῷ
1261 2464 1405 2500 γενόμενος
1416 2485 1424 2497 ,
1449 2465 1478 2490 ὲν
1493 2463 1623 2499 μετουσίᾳ
1642 2463 1698 2490 τῶν
1722 2465 1850 2500 οὐρανίων

1064 2512 1210 2547 θαυμάτων
1224 2511 1297 2537 ἐστίν
1307 2520 1315 2526 -
1342 2512 1356 2537 ὁ
1372 2510 1401 2536 δὲ
1415 2510 1463 2545 τῆς
1477 2509 1572 2536 ἀνόδου
1587 2509 1687 2544 τρόπος
1702 2510 1849 2545 ἀμήχανος,

1063 2554 1101 2583 ὧν
1122 2556 1196 2583 οὐδὲν
1217 2557 1283 2591 ἡμῖν
1306 2555 1359 2582 τῶν
1382 2554 1626 2590 διωμολογημένων
1641 2554 1740 2589 κέρδος
1765 2556 1849 2581 ποιεῖ·

1063 2601 1149 2633 οὕτως
1163 2602 1195 2628 ὲκ
1209 2600 1256 2627 τοῦ
1272 2599 1442 2635 καθαρθῆναι
1461 2598 1510 2634 τὴν
1530 2598 1654 2633 καρδίαν,
1666 2598 1698 2624 τὺ
1719 2598 1849 2633 μακάριοι

1063 2647 1188 2682 γενέσθαι
1199 2646 1249 2673 οὐκ
1263 2644 1461 2680 ἁμφιὸἀλλεται
1471 2652 1479 2659 ’
1492 2644 1522 2670 τὸ
1536 2643 1557 2669 δ’
1579 2644 1653 2674 ὅπως
1667 2643 1700 2669 ἄν
1716 2652 1762 2674 τις
1772 2643 1850 2677 αὐτὴν

1063 2693 1117 2718 τῶν
1134 2691 1318 2727 μολυνθέντων
1335 2690 1546 2725 ἀποκαθάρειεν,
1565 2689 1621 2715 ἴσον
1636 2689 1772 2723 ἀντικρὺς
1787 2686 1851 2714 εἷναί

1063 2737 1135 2764 δοκεί
1154 2737 1203 2772 τῆς
1225 2736 1271 2762 ἐπὶ
1287 2736 1331 2761 τὸν
1352 2735 1465 2770 οὐρανὸν
1480 2735 1647 2765 ἀναϐάσεως.
1675 2734 1748 2762 Ποία
1768 2734 1852 2760 τοίνυν

1065 2781 1164 2817 κλίμαξ
1176 2780 1223 2807 τοῦ
1242 2779 1354 2811 Ὶακώ6;
1369 2781 1444 2805 ποῖον
1457 2779 1634 2814 εὑρεθήσεται
1649 2778 1764 2813 πύρινον
1780 2779 1850 2813 ἅρμα

1066 2827 1126 2854 καθ’
1142 2825 1288 2860 ὁμοιότητα
1302 2824 1349 2850 τοῦ
1360 2824 1405 2850 τὸν
1423 2824 1565 2859 προφήτην
1586 2823 1679 2850 Ἠλίαν
1694 2823 1766 2858 πρὸς
1778 2824 1847 2857 οὖραε

1065 2873 1109 2901 νὺν
1126 2871 1324 2907 ἀνυψὼσαντος,
1341 2867 1363 2905 ᾧ
1377 2870 1445 2906 πρὸς
1459 2870 1494 2896 τὰ
1508 2869 1564 2896 ἄνω
1577 2868 1704 2906 θαύματα
1721 2870 1741 2904 ἡ
1756 2869 1846 2904 καρδία
