3844 6224
199 346 336 401 ιεῖδ

1253 343 1339 423 DE
1389 342 1983 401 BEATITUDINIBUS.
2025 344 2285 422 ORATIO
2312 344 2401 399 V'l.

3311 345 3452 404 ίὲῗῗὸ

192 459 353 530 ἡμῶν
374 456 695 528 ἐπαρθεῖσα,
711 458 772 511 τὸ
787 459 973 530 γήϊνον
992 459 1150 513 τοῦτο
1173 459 1766 536 βάροςάποτινάξεταη

1883 462 2072 528 calum
2099 463 2299 544 evexit,
2325 476 2435 531 quo
2463 459 2553 515 :ad
2598 475 2832 530 superna
2896 462 3158 516 miracula
3193 477 3292 518 cer
3350 481 3451 518 no—

195 554 258 604 Εί
288 551 396 621 γάρ
427 567 514 613 τις
558 551 617 604 ἐν
654 550 901 622 περινοίᾳ
933 551 1142 619 γένοιτο
1176 551 1284 604 τῶν
1316 552 1629 619 ἀναγκαίων
1674 551 1775 619 τῆς

193 642 372 713 ψυχῆς
396 639 542 710 παθη
551 641 754 710 μάτων,
777 639 980 710 ἄπορον
999 641 1242 711 οἰήσεται
1263 641 1359 694 καὶ
1376 643 1655 712 ἀμήχανον
1675 643 1774 713 τὴν

194 738 306 790 τῶν
327 737 766 806 συνεζευγμένων
793 737 977 791 κακῶν
994 736 1358 809 ἀναχώρησιν.
1393 739 1568 803 Εὐθὺς
1589 741 1654 793 ἐκ
1677 741 1776 794 πά-

196 827 323 890 θους
344 829 475 897 ἡμῖν
501 829 533 896 ή
551 827 764 894 γένεσις
779 828 1028 898 ἄρχεται,
1051 828 1144 880 καὶ
1159 828 1246 881 διὰ
1266 829 1470 892 πάθους
1497 833 1528 899 ὴ
1549 829 1776 901 αὔξησις

197 920 464 989 πρόεισιν,
485 919 579 972 καὶ
606 921 684 981 είς
703 919 765 970 τὸ
785 919 954 981 πάθος
978 921 1011 989 ή
1036 919 1149 990 ζωὴ
1171 921 1488 992 καταλήγει,
1519 924 1612 976 καὶ
1641 925 1769 976 ἀνα-

197 1011 466 1080 κέκραταί
498 1027 613 1073 πως
655 1012 713 1063 τὸ
740 1011 907 1065 κακὸν
937 1011 1071 1081 πρὸς
1105 1011 1202 1082 τὴν
1237 1012 1418 1081 φύσιν,
1450 1013 1540 1066 διὰ
1567 1015 1674 1068 τῶν
1717 1015 1775 1080 ἐξ

195 1102 378 1172 ἀρχῆς
412 1100 869 1172 παραδεξαμένων
903 1103 963 1155 τὸ
995 1102 1185 1166 πάθος,
1216 1104 1326 1156 τῶν
1353 1105 1440 1158 διὰ
1473 1106 1570 1175 τῆς
1598 1123 1778 1176 παρα-

197 1190 335 1258 κοῆς
375 1192 825 1261 εἰσοικισαμένων
857 1191 955 1262 τὴν
1000 1193 1175 1245 νόσον.
1227 1195 1437 1264 Ὥσπερ
1465 1195 1522 1247 δὲ
1566 1199 1630 1267 τῇ
1662 1197 1777 1249 δια-

196 1284 330 1352 δοχῇ
355 1283 462 1335 τῶν
482 1283 878 1352 ἐπιγινομένων
901 1283 1021 1337 καθ’
1044 1284 1276 1337 ἕκαστον
1307 1281 1464 1349 εἶδος,
1493 1285 1600 1338 τῶν
1624 1285 1777 1350 ζώων

195 1372 230 1441 ή
267 1370 427 1438 φύσις
461 1371 924 1442 συνδιεξέρχεται,
967 1372 1042 1433 ὡς
1072 1374 1268 1427 ταύτὸν
1297 1371 1515 1428 εἶναιτὸ
1546 1375 1778 1446 γενόμε-

197 1478 292 1513 νον
328 1462 469 1513 κατά
495 1461 585 1514 τὸν
617 1462 716 1530 τῆς
760 1461 974 1530 φύσεως
1004 1461 1179 1531 λόγον,
1207 1462 1299 1515 τοῦ
1335 1463 1394 1530 ἐξ
1426 1458 1486 1517 οὗ
1512 1465 1734 1532 γέγονεν
1758 1483 1776 1498 σ

196 1550 374 1614 οὕτως
403 1551 459 1618 ἐξ
485 1551 776 1622 ἀνθρώπου
814 1551 1098 1623 ἄνθρωπος
1137 1553 1367 1621 γίνεται,
1415 1553 1474 1618 ἐξ
1497 1554 1780 1626 ἐμπαθῶς

198 1644 479 1714 ἐμπαθὴς,
507 1642 566 1708 ἐξ
594 1645 920 1714 άμαρτωλοῦ
935 1645 1194 1708 τοιοῦτος.
1222 1645 1430 1699 Οὐκοῦν
1457 1649 1781 1718 συνυφίστα-

197 1753 292 1789 ται
313 1737 515 1807 τρόπον
541 1737 662 1790 τινὰ
695 1739 807 1802 τοῖς
845 1737 1149 1809 γινομένοις
1182 1740 1216 1810 ή
1251 1740 1516 1811 ἁμαρτία,
1547 1758 1778 1795 συναπο-

195 1827 496 1898 τικτομένη
520 1845 580 1880 τε
606 1829 700 1881 καὶ
735 1828 1092 1898 συναύξουσα,
1122 1831 1216 1884 καὶ
1246 1831 1326 1902 τῷ
1354 1833 1454 1903 τῆς
1491 1829 1636 1903 ζωῆς
1667 1835 1780 1906 ὅρῳ

200 1917 716 1986 συγκαταλήγουσα.
786 1917 948 1971 Ἀλλά
995 1917 1415 1974 δυσεπίτευκτον
1461 1924 1594 1993 ἡμῖν
1638 1918 1782 1977 εἶναι

197 2006 300 2076 τὴν
321 2007 560 2076 ἀρετὴν,
597 2006 814 2078 μυρίοις
861 2009 1046 2078 ἱδρῶσι
1081 2010 1174 2063 καὶ
1212 2010 1416 2074 πόνοις,
1454 2013 1656 2084 σπουδῇ
1684 2014 1780 2067 καὶ

197 2097 438 2166 καμάτῳ
485 2096 646 2165 μόγις
688 2097 1146 2168 κατορθουμένην,
1193 2099 1437 2170 πολλαχῆ
1479 2101 1634 2172 παρά
1681 2104 1780 2173 τῆς

200 2185 355 2247 θείας
379 2184 600 2254 Γραφῆς
628 2185 1004 2256 ἐδιδάχθημεν,
1031 2185 1401 2258 τεθλιμμένην
1422 2190 1517 2243 καὶ
1543 2190 1634 2244 διά
1658 2207 1780 2243 στε-

198 2274 296 2328 νοῦ
335 2275 629 2344 προϊοῦσαν
670 2275 769 2346 τὴν
816 2275 930 2329 ὁδὸν
975 2277 1073 2346 τῆς
1111 2277 1389 2348 βασιλείας
1426 2279 1778 2346 ἀκούσαντες,

199 2366 465 2418 πλατεῖαν
494 2383 551 2418 τε
585 2367 680 2419 καὶ
711 2367 952 2436 κατάντη
983 2368 1078 2420 καὶ
1106 2368 1417 2439 ἐπίδρομον,
1449 2372 1546 2441 τὴν
1574 2372 1661 2425 διὰ
1685 2390 1784 2425 κα-

201 2458 329 2519 κίας
356 2457 446 2508 τὸν
477 2455 590 2526 βίον
639 2459 732 2510 ἐπὶ
755 2458 852 2528 τὴν
879 2458 1156 2513 ἀπώλειαν
1191 2461 1532 2530 ἀπάγουσαν.
1568 2464 1641 2516 Ού
1675 2464 1782 2534 μὴν

203 2545 440 2598 καθόλου
475 2548 755 2618 ἀμήχανον
779 2549 877 2620 τὴν
905 2548 1114 2620 ὑψηλὴν
1140 2549 1306 2622 ζωὴν,
1334 2553 1368 2621 ή
1389 2552 1577 2623 Γραφὴ
1603 2553 1783 2625 διωρί-

201 2654 369 2702 σατο,
419 2639 453 2708 ή
483 2638 751 2691 τοσούτων
781 2640 990 2710 ἀνδρῶν
1030 2642 1088 2694 ἐν
1115 2644 1233 2707 ταῖς
1269 2644 1440 2713 ἱεραῖς
1463 2643 1665 2713 βίϐλοις
1687 2648 1782 2696 ὲκ-

199 2729 410 2802 θεμένη
439 2729 510 2782 τά
541 2729 810 2800 θαύματα.
860 2731 998 2809 Ἀλλ’
1035 2732 1223 2805 ἐπειδὴ
1261 2733 1455 2804 διπλῆς
1488 2733 1655 2805 οὔσης
1683 2736 1785 2806 τῆς

196 2821 444 2885 διανοίας
473 2824 530 2875 ἐν
573 2824 638 2893 τῇ
667 2821 761 2876 τοῦ
802 2823 929 2876 [δεῖν
961 2824 1051 2876 τὸν
1081 2824 1213 2877 θεὸν
1261 2826 1562 2897 ἐπαγγελίᾳ
1585 2844 1598 2857 ·
1657 2829 1786 2897 μιᾶς

202 2917 309 2987 μὲν
341 2917 437 2970 τοῦ
467 2918 668 2986 γνῶναι
695 2918 794 2989 τὴν
825 2918 919 2972 τοῦ
952 2920 1152 2984 παντὸς
1179 2921 1581 2993 ὑπερκειμένην
1603 2924 1787 2992 φύσιν,

1874 563 2045 606 strum
2074 562 2339 622 erectum,
2373 565 2607 608 ter-reum
2645 553 2747 617 hoc
2776 552 2987 622 pondus
3016 554 3452 610 excutiat?Nam

1875 643 1922 698 si
1955 644 2078 720 quis
2098 635 2103 721 γ’
2143 645 2483 718 necessarias
2516 645 2682 698 animi
2715 643 3030 716 affectiones
3063 652 3117 700 et
3143 646 3273 698 vitia
3303 647 3455 715 cogi-

1877 737 2080 808 tatione
2117 745 2307 808 exacte
2340 737 2656 806 complexus
2681 735 2867 799 fuerit,
2895 747 3059 805 atque
3080 737 3452 807 perpenderit,

1875 827 2025 880 nulla
2055 817 2163 890 via,
2208 826 2356 880 nulla
2408 826 2640 891 ratione,
2707 826 2855 879 nulla
2896 825 3302 893 machinatione
3335 826 3453 881 ﬁeri

1875 935 2036 989 posse
2071 919 2305 988 putabit,
2337 927 2396 972 ut
2425 919 2716 987 conjuncta
2748 918 2888 972 mala
2931 927 3274 972 moveantur.
3318 917 3454 972 Pro-

1876 1013 2026 1065 tinus
2053 1026 2082 1063 a
2118 1011 2394 1080 passione.
2432 1011 2501 1065 ab
2538 1008 2844 1072 affectione,
2874 1023 2903 1061 a
2927 1010 3355 1078 perturbatione,
3383 1010 3456 1064 ab

1876 1101 2198 1171 mgritudine
2229 1101 2486 1156 nativitas
2515 1111 2703 1156 nostra
2734 1100 2967 1166 orditur,
3002 1108 3056 1155 et
3106 1117 3201 1170 per
3239 1103 3454 1170 passio-

1876 1210 2000 1250 nem
2031 1201 2085 1247 et
2119 1191 2457 1248 affectionem
2504 1192 2571 1245 ad
2631 1193 3030 1246 incrementum
3083 1193 3448 1262 progreditur,

1876 1294 1932 1341 et
1967 1285 2020 1338 in
2054 1283 2308 1353 passione
2336 1281 2616 1359 etaffectu
2645 1282 2772 1335 vita.
2804 1289 2990 1335 nostra
3025 1281 3262 1336 desinit:
3292 1291 3456 1352 atque

1877 1356 2660 1445 commistumrquodammodo
2693 1371 2894 1425 malum
2935 1388 3058 1426 cum
3110 1382 3308 1426 natura
3348 1382 3454 1435 est,

1878 1481 1976 1536 per
2011 1481 2106 1520 eos
2137 1465 2230 1534 qui
2263 1463 2564 1533 antiquitus
2606 1463 2938 1533 passionem,
2969 1463 3183 1526 vitium,
3234 1471 3292 1517 et
3330 1463 3458 1517 affe-

1879 1564 2028 1611 ctum
2063 1554 2423 1619 admiserunt,
2458 1552 2550 1622 qui
2581 1568 2677 1622 per
2740 1552 3164 1607 inobedientiam
3206 1553 3456 1607 morbum

1880 1649 2204 1704 invenerunt
2233 1655 2285 1702 et
2310 1645 2748 1700 introduxerunt.
2774 1643 3239 1710 Quemadmodum
3274 1651 3458 1697 autem

1883 1737 2232 1794 successione
2260 1743 2425 1806 atque
2479 1735 2891 1790 continuatione
2947 1733 3180 1788 subinde
3221 1747 3452 1787 nascen-

1881 1831 2016 1886 tium
2050 1844 2145 1900 per
2177 1842 2452 1899 quamque
2495 1827 2732 1898 speciem
2786 1825 3105 1881 animalium
3141 1833 3335 1879 natura
3383 1825 3431 1880 si

1879 1922 1993 1977 mul
2029 1919 2338 1974 traducitur
2361 1927 2417 1975 et
2457 1926 2824 1990 pmpagatur,
2865 1927 2926 1973 ut
2973 1919 3130 1988 juxta
3191 1917 3457 1971 rationem

1887 2018 2100 2066 naturae
2145 2009 2289 2080 quod
2332 2017 2518 2064 natum
2575 2009 2738 2063 fuerit
2773 2009 2915 2065 idem
2951 2011 3023 2065 sit
3063 2024 3187 2063 cum
3219 2024 3286 2063 eo
3318 2007 3460 2063 unde

1882 2111 2068 2158 natum
2101 2111 2221 2157 est:
2253 2100 2438 2155 itidem
2489 2117 2556 2160 ex
2587 2101 2807 2155 homine
2862 2100 3027 2154 homo
3061 2101 3329 2164 nascitur,
3387 2114 3457 2154 ex

1883 2196 2126 2252 obnoxio
2154 2194 2324 2260 vitiis,
2377 2193 2906 2264 perturbationibus,
2956 2201 3010 2246 et
3049 2190 3453 2252 affectionibus,

1884 2287 2076 2342 iisdem
2105 2285 2395 2347 obnoxius,
2424 2299 2489 2338 ex
2525 2291 2811 2348 peccatore
2853 2289 3126 2351 peccator.
3179 2279 3318 2350 Ergo
3351 2294 3458 2332 una

1883 2393 2008 2433 cum
2039 2375 2393 2432 nascentibus
2422 2374 2606 2443 aliquo
2669 2372 2827 2426 modo
2885 2380 3166 2442 peccatum
3221 2369 3460 2429 exsistit,

1885 2469 2051 2524 simul
2082 2477 2136 2524 et
2166 2483 2398 2523 nascens
2417 2473 2472 2522 et
2495 2479 2815 2535 augescens,
2847 2473 2901 2518 et
2927 2477 3050 2516 cum
3080 2463 3316 2516 termino
3339 2461 3467 2514 vita:

1887 2576 1994 2614 una
2021 2560 2297 2616 desinens.
2326 2557 2524 2613 Verum
2557 2564 2809 2610 assccutu
2843 2554 3000 2609 nobis
3034 2553 3304 2608 diﬂicilem
3338 2566 3460 2606 esse

1883 2653 2165 2713 virtutem,
2201 2649 2482 2704 immensis
2512 2655 2565 2703 et
2595 2645 2825 2700 infinitis
2873 2644 3166 2700 sudoribus
3223 2650 3278 2698 et
3308 2643 3462 2696 labo-

1885 2745 2064 2805 ribus,
2121 2742 2303 2796 studio
2333 2749 2498 2810 atque
2536 2738 2924 2809 defatigatione
2949 2736 3040 2788 vix
3069 2735 3384 2806 parabilem,
3406 2735 3462 2790 in

1887 2836 2074 2891 multis
2107 2834 2242 2890 locis
2274 2849 2304 2888 e
2345 2847 2503 2887 sacra
2550 2830 2836 2900 Scriptura
2883 2827 3197 2892 didicimus,
3225 2835 3463 2888 arctum,

1891 2934 1947 2980 et
1977 2924 2074 2995 per
2099 2922 2384 2994 angustias
2404 2903 2730 2992 porrectum
2786 2918 2891 2972 iter
2943 2918 3095 2988 regni
3155 2917 3462 2978 audientes,

199 3008 403 3078 ἐτέρας
434 3008 491 3061 δὲ
525 3010 618 3063 τοῦ
649 3011 1020 3083 ἀνακραθήναι
1047 3013 1182 3082 πρὸς
1209 3013 1370 3067 αὐτὸν
1396 3014 1485 3068 διὰ
1516 3017 1615 3084 τῆς
1645 3016 1781 3070 κατά

1888 3015 2056 3069 latam
2097 3030 2248 3076 vero,
2283 3012 2544 3066 declivem
2594 3017 2649 3066 et
2680 3008 2987 3079 expeditam
3017 3008 3158 3061 viam
3193 3022 3314 3076 quae
3346 3022 3470 3077 per

197 3099 305 3169 τὴν
331 3098 478 3170 ζωὴν
503 3100 869 3171 καθαρότητος
889 3117 904 3132 ⁸
953 3101 1015 3154 τὸ
1053 3102 1152 3172 μὲν
1194 3103 1455 3174 πρότερον
1488 3107 1588 3174 τῆς
1619 3123 1788 3159 κατα-

1890 3106 2240 3162 vitiositatem
2272 3113 2327 3158 et
2374 3101 2669 3170 nequitiam
2737 3101 2903 3154 vitam
2944 3099 2998 3152 in
3040 3099 3331 3170 perniciem
3368 3099 3466 3151 :ul-

199 3169 449 3261 νοήσεως
476 3186 614 3254 εἶδος
650 3169 934 3262 άμή-χανον
961 3169 1101 3245 εἷναι
1131 3195 1164 3264 ή
1205 3169 1312 3248 τιῦν
1340 3169 1510 3264 άγίων
1533 3169 1683 3268 (ρωνή
1703 3197 1781 3250 δι-

1890 3199 2065 3254 ducit.
2099 3179 2217 3250 Neu
2254 3204 2436 3248 tamen
2465 3169 2609 3247 nulla
2649 3192 2809 3262 plane
2833 3191 3045 3245 ratione
3067 3190 3262 3244 conﬁci
3289 3197 3344 3245 et
3366 3205 3465 3244 ex-

199 3281 488 3354 ορίζεταιο
533 3283 595 3335 τὸ
628 3283 683 3336 δὲ
717 3283 965 3354 δεύτερον
1010 3285 1443 3358 ὑπισχνεῖταιτῇ
1475 3287 1792 3362 ἀνθρωπίνῃ

203 3378 372 3448 φύσει
393 3377 483 3431 διὰ
509 3378 605 3449 τῆς
637 3377 916 3449 παρούσης
944 3377 1291 3444 διδασκαλίας
1313 3382 1341 3433 ό
1374 3379 1577 3452 Κύριος
1597 3381 1788 3446 εἰπὼν,

1893 3288 2073 3360 pediri
2131 3301 2296 3356 posse
2347 3283 2636 3338 sublimem
2673 3279 2838 3334 vitam
2879 3272 3178 3349 .Scriptura
3209 3277 3466 3340 allirmat,

1888 3394 2014 3449 quae
2047 3384 2128 3430 tot
2151 3376 2398 3429 virorum
2433 3372 2487 3425 in
2523 3371 2698 3425 sacris
2721 3369 2878 3424 libris
2899 3369 3162 3423 miracula
3189 3368 3466 3438 exposuit.

200 3469 499 3538 Μακάριοι
519 3472 572 3523 οἱ
592 3470 841 3538 καθαροί
859 3469 932 3539 τῇ
964 3470 1200 3539 καρδίᾳ,
1221 3472 1316 3526 ὅτι
1334 3473 1501 3528 αὐτοὶ
1517 3472 1623 3529 τὸν
1640 3474 1781 3528 Θεὸν

1889 3471 1994 3526 Sed
2021 3484 2146 3524 cum
2177 3467 2376 3536 duplex
2431 3464 2503 3518 sit
2537 3463 2590 3516 in
2627 3461 2995 3532 promissione
3042 3460 3261 3515 videndi
3297 3459 3466 3513 Deum

202 3563 487 3630 ὄψονται·
1889 3563 2240 3622 intellectus:
2295 3571 2436 3610 unus
2487 3553 2708 3624 quidem
2777 3549 3146 3622 cognoscendi
3208 3557 3466 3605 naturam

203 3653 554 3711 universitati
584 3653 639 3708 in
669 3655 923 3722 supernis
954 3655 1332 3724 praesidentem
1357 3698 1372 3723 ,
1412 3657 1549 3712 alter
1583 3675 1732 3727 vero,
1765 3679 1862 3733 per
1900 3658 2198 3731 puritatem
2241 3650 2365 3703 vitae
2404 3663 2529 3701 cum
2567 3646 2676 3700 Deo
2709 3647 2870 3715 quasi
2915 3641 3364 3714 contemperandi
3417 3646 3473 3693 et

202 3747 575 3822 conjungendi
600 3765 613 3802 :
647 3749 876 3817 primam
899 3750 1118 3818 quidem
1149 3753 1626 3822 contemplationis
1657 3770 1781 3825 spec

1883 3771 1892 3808 I
1962 3746 2270 3818 impeditam
2340 3755 2483 3804 esse,
2549 3747 2604 3794 et
2661 3737 2991 3792 conficinon
3024 3751 3204 3807 posse,
3249 3743 3468 3792 sancto-

203 3855 334 3894 rum
367 3853 468 3892 vox
503 3837 767 3904 declarat,
801 3841 1098 3896 secundam
1163 3857 1297 3897 vero
1341 3859 1436 3912 per
1493 3856 1818 3914 praesentem
1887 3841 2198 3898 doctrinam
2256 3835 2511 3889 humana:
2566 3839 2778 3885 natura:
2835 3828 3095 3884 Dominus
3157 3827 3468 3898 promittit,

204 3949 340 3988 cum
394 3933 546 3995 dicit,
580 3933 734 3987 Beati
770 3951 903 4004 puro
929 3935 1119 4000 corde,
1163 3937 1417 4006 quoniam
1455 3939 1560 4005 ipsi
1606 3939 1776 3993 Deum
1816 3937 2083 3994 videbunt.

299 4029 359 4081 Γὸ
389 4029 444 4082 δὲ
483 4030 629 4092 ὅπως
659 4029 776 4083 ἐστι
801 4030 1040 4100 καθαρὸν
1061 4031 1333 4100 γενέσθαι,
1359 4033 1448 4087 διὰ
1471 4034 1651 4105 πάσης
1674 4051 1781 4104 σχε-

1955 4031 2128 4085 Porro
2153 4023 2429 4098 quomodo
2452 4033 2649 4092 purum
2677 4017 2792 4086 fieri
2820 4015 3003 4084 liceat,
3041 4014 3096 4068 id
3125 4029 3220 4084 per
3249 4029 3472 4068 omnem

205 4120 304 4174 δὸν
356 4120 456 4190 τῆς
493 4121 852 4191 εύαγγελικῆς
879 4121 1228 4186 διδασκαλίας
1261 4123 1436 4186 ἔξεστί
1472 4141 1555 4177 σοι
1583 4125 1644 4178 τὸ
1685 4143 1781 4178 τοι·

1889 4119 2286 4194 propemodum
2339 4111 2711 4182 evangelicam
2759 4109 3066 4163 doctrinam
3122 4107 3220 4161 tibi
3258 4107 3472 4162 discere

205 4211 370 4265 οὗτον
394 4210 603 4280 μαθεῖν.
636 4211 758 4273 Τοῖς
783 4211 889 4282 γὰρ
916 4211 1112 4283 ἐφεξῆς
1133 4211 1453 4284 ἐπιδραμὼν
1479 4215 1781 4286 παραγγέλ·

1889 4217 2016 4270 licet
2044 4231 2060 4278 ;
2097 4227 2226 4266 nam
2251 4210 2297 4264 si
2329 4207 2522 4263 ordine
2548 4204 2807 4269 deinceps
2841 4201 3017 4271 posita
3045 4209 3313 4269 praecepta
3349 4215 3470 4268 per-

211 4318 373 4372 μασι,
411 4301 574 4368 σαφὲς
599 4301 852 4371 εὑρήσεις
879 4301 941 4353 τὸ
967 4303 1068 4372 τῆς
1088 4302 1311 4373 καρδίας
1345 4303 1660 4375 καθάρσιον.
1695 4306 1781 4368 El;

1891 4303 2158 4368 curreris,
2198 4298 2547 4354 manifestum
2603 4293 2786 4350 cordis
2819 4291 3250 4364 purificatorium
3290 4305 3469 4345 reme~

206 4392 310 4446 δύο
340 4392 448 4464 γὰρ
480 4393 668 4446 διελὼν
696 4394 792 4465 τὴν
837 4395 1055 4458 κακίαν,
1102 4398 1202 4468 τήν
1240 4415 1301 4450 τε
1339 4397 1427 4450 διὰ
1455 4398 1566 4452 τῶν
1593 4398 1781 4470 ἔργων,

1892 4398 2042 4451 dium
2073 4389 2473 4462 deprehendes.
2507 4386 2643 4442 Cum
2674 4385 2819 4439 enim
2855 4384 3048 4438 vitium
3076 4389 3130 4437 et
3165 4381 3473 4450 nequitiam

207 4483 306 4537 καὶ
337 4482 433 4553 τὴν
461 4485 519 4536 ἐν
554 4485 786 4554 νοήμασι
823 4486 1244 4557 συνισταμένην,
1278 4489 1544 4560 πρότερον
1581 4489 1678 4559 μὲν
1706 4488 1781 4542 διό

1893 4488 2146 4544 bifariam
2177 4484 2483 4547 divisisset,
2513 4479 2744 4550 ejusque
2778 4491 2941 4531 unam
2977 4475 3212 4545 speciem
3254 4475 3471 4543 posuis-

207 4573 308 4626 τοῦ
339 4574 569 4644 ἀρχαίου
596 4575 782 4645 νόμου,
807 4574 904 4643 τὴν
935 4575 1022 4629 διὰ
1047 4577 1155 4629 τῶν
1182 4578 1359 4647 ἔργων
1385 4575 1781 4648 φανερουμένηι

1893 4586 2000 4641 set,
2033 4591 2154 4646 qua:
2179 4589 2275 4644 per
2303 4585 2470 4642 opera
2504 4569 2844 4638 designatur,
2883 4566 3136 4627 alteram,
3175 4577 3296 4633 qua:
3329 4565 3474 4632 cogi-

211 4665 434 4718 άδικίαν
464 4666 741 4732 ἐκόλασεν,
783 4667 901 4720 νυνὶ
937 4667 994 4720 δέ
1027 4669 1156 4739 περὶ
1181 4668 1242 4720 τὸ
1270 4669 1456 4738 ἓτερον
1478 4668 1583 4737 τῆς
1615 4669 1781 4738 ἁμαρ·

1896 4669 2063 4723 tando
2088 4665 2416 4735 concipitur,
2446 4663 2598 4731 prius
2636 4659 2856 4729 quidem
2916 4672 3014 4727 per
3045 4655 3326 4724 antiquam
3388 4655 3470 4708 le-

207 4754 335 4815 τίας
371 4749 509 4816 εἶδος
535 4754 747 4823 βλέπειν
769 4756 858 4808 τὸν
883 4755 1044 4825 νόμον
1077 4757 1350 4826 ἐποίησεν,
1372 4758 1438 4808 ού-
1457 4756 1518 4809 τὸ
1544 4756 1702 4828 ἔργον
1727 4756 1781 4809 τὸ

1895 4776 2014 4831 gem
2061 4774 2181 4814 eam
2234 4771 2358 4826 quae
2402 4768 2499 4824 per
2546 4767 2711 4822 opera
2753 4748 3001 4820 proditur
3044 4747 3338 4817 nequitiam
3373 4760 3474 4814 pu-

208 4845 451 4915 πονηρὸν
473 4847 898 4917 τιμωρούμενος,
914 4846 1027 4900 ἀλλ’
1050 4849 1198 4911 ὅπως
1228 4848 1292 4902 ἂν
1329 4849 1466 4920 μηδέ
1493 4848 1781 4920 τὴνιιρχὴιΙ

1902 4829 2062 4913 nivit,
2085 4863 2233 4903 nunc
2266 4861 2395 4901 vero
2419 4845 2488 4898 ad
2514 4844 2740 4898 alteram
2772 4838 2982 4910 peccati
3030 4837 3264 4907 speciem
3297 4836 3468 4906 legem

207 4937 425 5006 γένοιτο
465 4936 932 5007 προμηθούμενος.
996 4938 1071 4991 Τὸ
1115 4939 1224 5010 γὰρ
1265 4939 1362 5008 τῆς
1422 4940 1781 5010 προαιρέσεως

1902 4947 2155 5010 spectare
2187 4936 2338 5000 facit,
2366 4948 2476 4988 non
2509 4931 2814 5003 improbum
2845 4928 3064 4983 facinus
3088 4927 3342 4996 puniens,
3373 4923 3468 4979 sed

209 5028 418 5096 ἐξελεῖν
460 5027 559 5099 τὴν
601 5028 824 5092 κακίαν,
857 5031 923 5082 ἐκ
955 5028 1154 5082 πολλοῦ
1195 5029 1289 5083 τοῦ
1326 5031 1604 5101 περιόντος
1644 5030 1781 5084 ἐστὶι

1901 5042 1958 5086 ιιι
1996 5045 2065 5085 ne
2097 5041 2326 5099 prorsus
2378 5023 2594 5095 quidem
2639 5021 2840 5076 malum
2869 5019 3098 5074 exsistat
3127 5015 3472 5087 prospiciens

211 5119 498 5190 ἀλλότριον
541 5119 647 5172 τῶν
679 5119 930 5189 πονηρῶν
967 5120 1144 5191 ἔργων
1174 5121 1264 5174 τὸν
1296 5120 1408 5192 βίον
1433 5121 1781 5193 ἐργάσασθαι.

1897 5130 1952 5177 ct
1983 5135 2202 5176 cavens.
2231 5115 2368 5171 Nam
2391 5131 2460 5171 ex
2506 5113 2674 5169 animi
2708 5112 2980 5168 destinata
3041 5110 3323 5165 voluntate
3372 5123 3468 5162 ne-

211 5212 566 5283 Πολυμεροῦς
607 5211 664 5265 δὲ
713 5213 806 5266 καὶ
850 5211 1160 5276 πολυειδοῦς
1205 5213 1304 5283 τῆς
1355 5215 1552 5276 κακίας
1602 5213 1781 5285 οὔσης1

1897 5214 2125 5285 quitiam
2146 5212 2410 5272 eximere,
2435 5215 2520 5263 est
2548 5223 2615 5262 ex
2649 5219 2844 5275 magna
2867 5202 3244 5273 superfluitate
3300 5201 3468 5256 vitam

211 5305 436 5372 ἑκάστῳ·
457 5302 566 5354 τῶν
588 5303 1051 5373 ἁπηγορουμένων
1091 5303 1226 5356 ιδίαν
1274 5303 1372 5375 τὴν
1399 5304 1485 5358 διὰ
1514 5304 1624 5358 τῶν
1653 5319 1781 5377 παρ-

1899 5320 1927 5358 a
1952 5301 2201 5364 scelestis
2224 5298 2565 5354 facinoribus
2594 5294 2810 5351 ellicere
2838 5295 3098 5348 alienam.
3126 5291 3297 5347 Porro
3341 5306 3468 5344 cum

212 5393 580 5464 αγγελμάτων
608 5393 904 5464 θεραπείαν
931 5393 1248 5464 ἁντέθηκεν.
1305 5396 1418 5448 Καὶ
1450 5395 1636 5466 ἐπειδὴ
1666 5395 1781 5466 πρό

1900 5399 1954 5452 in
1983 5396 2180 5450 multas
2205 5399 2390 5463 partes
2421 5390 2732 5458 multasque
2759 5387 2969 5454 species
2996 5383 3267 5440 vitiositas
3296 5381 3470 5437 dedu-

213 5502 402 5557 χειρον
445 5485 520 5548 ὡς
561 5485 655 5538 ἐπὶ
683 5485 818 5539 πολὺ
859 5485 1015 5554 παρὰ
1057 5486 1238 5540 πάντα
1271 5485 1364 5540 τὸν
1400 5485 1516 5554 βίον
1556 5487 1619 5539 τὸ
1651 5487 1781 5540 κατᾶ

1901 5497 1989 5542 cta
2017 5485 2122 5548 sit,
2159 5483 2448 5551 unicuique
2487 5494 2675 5533 earum
2713 5492 2897 5532 rerum
2935 5491 3058 5546 quae
3113 5475 3296 5530 vetitae
3340 5479 3470 5528 sunt

213 5579 318 5646 ﬁt,
349 5579 518 5648 ὀργήν
543 5580 690 5630 ἐστιν
717 5577 1078 5649 ἀρρώστημα,
1112 5580 1177 5632 ἐκ
1201 5579 1295 5632 τοῦ
1334 5579 1537 5648 μᾶλλον
1564 5581 1795 5649 ἐπικρα-

218 5668 442 5732 τοῦντος
467 5669 564 5738 τῆς
584 5669 881 5739 θεραπείας
905 5670 1155 5741 ἄρχεται,
1177 5669 1238 5723 τὸ
1265 5670 1532 5741 ἀόργητον
1553 5672 1610 5724 ἐν
1637 5668 1789 5740 πρώ-

218 5778 336 5827 τοις
357 5760 744 5832 νομοθετήσας.
761 5758 1088 5833 Ἐδιδάχθης,
1116 5761 1267 5832 φησι,
1297 5760 1446 5832 παρὰ
1465 5760 1556 5815 τοῦ
1582 5761 1793 5833 ἀρχαιο·

1897 5593 1996 5649 per
2029 5583 2317 5646 praecepta,
2347 5571 2628 5642 proprium
2661 5567 2919 5638 opposuit
2955 5566 3253 5621 remedium
3301 5571 3467 5633 atque

1899 5668 2259 5722 curationem.
2289 5663 2369 5717 Ac
2403 5663 2662 5732 quoniam
2690 5661 2786 5715 ira:
2831 5659 3056 5715 morbus
3089 5672 3188 5728 per
3246 5669 3473 5710 onmem

1900 5760 2066 5856 vitam
2104 5756 2253 5828 pleru
2273 5769 2432 5823 mque
2464 5754 2516 5809 in
2544 5759 2795 5823 promptu
2825 5758 2989 5824 atque
3011 5749 3066 5806 in
3099 5746 3325 5819 proclivi
3354 5751 3464 5808 est,
