3844 6224
411 350 438 409 ί
448 351 553 410 ’.ἓῗδ

1677 364 1734 419 S.
1777 361 2102 421 GREGORII
2137 361 2433 418 NYSSENI

3524 357 3664 412 ΕΞἹὸ

409 465 480 516 ab
507 480 574 518 eo
617 464 762 534 quod
795 469 966 539 magis
1025 470 1236 528 obtinet
1269 488 1332 528 ac
1380 472 1972 542 dominatur,curatio-

2076 475 2235 544 τέρου
2260 476 2445 545 νόμου,
2477 473 2536 526 τὸ
2573 472 2662 543 Μὴ
2693 471 2973 541 φονεῦσαι,
3015 468 3107 524 ιῦν
3135 469 3274 540 μάθε
3303 470 3366 524 τὸ
3405 471 3659 542 Χωρίσαι

409 569 532 607 nem
564 557 801 620 orditur,
845 560 940 614 ira:
971 563 1297 618 vacuitatem
1354 566 1608 621 sanciens
1645 568 1697 620 in
1762 569 1975 638 primis.

408 642 679 710 Didicisti,
713 650 910 719 inquit,
942 654 1166 723 antiqua
1197 656 1336 724 lege,
1365 674 1472 710 non
1509 674 1630 713 esse
1665 661 1866 713 cmdem
1901 660 1982 711 fa-

407 737 658 792 ciendam
687 741 778 796 ":
821 759 968 797 llllllc
1018 746 1172 801 disce
1219 748 1352 800 iram
1389 756 1653 804 adversus
1704 752 1981 820 proximos

407 836 462 882 et
489 832 776 899 populares
808 836 877 889 ab
912 837 1094 891 anima
1156 842 1543 910 segregandam
1594 858 1714 896 esse
1737 843 1803 896 ⁵⁸.
1863 843 1979 897 Non

408 920 552 972 enim
585 925 801 992 penitus
844 927 1005 980 irasci
1062 931 1235 983 vetuit
1270 931 1437 1000 (licet
1496 933 1641 985 enim
1678 936 1748 986 ob
1777 934 1979 987 bonum

409 1031 803 1085 nonnunquam
830 1020 906 1072 uti
935 1021 1030 1072 tali
1062 1023 1230 1076 animi
1254 1025 1512 1095 impetu),
1543 1026 1639 1080 sed
1674 1027 1743 1079 ob
1774 1028 1978 1079 nullum

410 1107 609 1160 bonum
647 1109 913 1164 adversus
963 1112 1184 1166 fratrem
1219 1114 1298 1166 ira
1334 1116 1633 1185 aliquando
1687 1123 1977 1186 concitari,

409 1196 462 1250 id
542 1209 869 1267 praeceptum
940 1205 1238 1273 exstinguit
1303 1222 1367 1259 ac
1435 1210 1594 1263 tollit.
1658 1213 1980 1282 Quicunque

408 1287 578 1348 enim,
613 1290 810 1358 inquit,
846 1293 1104 1348 irascitur
1139 1294 1294 1348 fratri
1328 1307 1676 1365 suotemere,
1723 1305 1981 1373 nullaque

407 1379 640 1433 ratione.
703 1379 836 1434 Nam
887 1385 1117 1452 adjectio
1151 1385 1409 1442 dictionis
1457 1397 1682 1455 temere,
1736 1396 1979 1449 ostendit

408 1470 785 1536 tempestivum
817 1480 870 1525 et
904 1487 1272 1542 opportunum
1300 1492 1422 1533 esse
1481 1495 1624 1551 saepe
1684 1483 1980 1540 iracundia:

407 1571 590 1622 usum,
624 1573 748 1612 cum
789 1562 1100 1617 vindicandi
1137 1570 1343 1634 peccati
1372 1584 1537 1622 causa
1569 1570 1885 1628 elferbuerit
1931 1575 1978 1630 is

408 1647 656 1703 affectus.
687 1649 809 1704 lltec
833 1653 926 1707 ira:
955 1657 1167 1724 species
1194 1655 1464 1714 Pliineeso
1497 1659 1797 1733 Scriptura:
1825 1669 1978 1720 testi—

407 1740 594 1791 monio
625 1744 954 1811 assignatur,
998 1762 1120 1800 cum
1154 1748 1300 1803 cazde
1327 1749 1760 1820 delinquentium
1797 1760 1977 1813 miuas

409 1825 501 1882 Dei
533 1832 794 1888 adversus
821 1835 1030 1904 plebem
1067 1841 1324 1894 commoti
1353 1843 1675 1910 placavit".
1710 1845 1975 1917 Deinceps
2009 1814 2051 1870 Β

408 1921 476 1972 ad
511 1937 570 1974 ea
607 1939 728 1992 quae
761 1942 855 1995 per
899 1929 1232 1999 voluptatem
1272 1932 1686 2004 delinquuntur,
1730 1941 1977 1995 curando

408 2015 624 2080 transit,
649 2026 703 2069 et
733 2018 981 2074 adulterii
1012 2023 1339 2090 petulantem
1374 2037 1427 2082 et
1469 2028 1830 2098 importunam
1877 2049 1976 2088 eu-

408 2103 686 2169 piditatem
715 2122 812 2175 per
844 2109 1191 2166 interdictum
1221 2130 1287 2169 ex
1324 2119 1486 2172 corde
1513 2121 1668 2175 tollit.
1704 2121 1775 2176 lla
1826 2125 1977 2194 sigil-

409 2195 556 2248 latim
590 2198 751 2252 etiam
797 2205 979 2257 oumia
1011 2203 1253 2262 invenies
1315 2210 1368 2263 in
1419 2214 1770 2282 sequentibus
1800 2217 1978 2270 corri-

407 2299 534 2354 gere
564 2285 872 2356 Dominum,
901 2292 1161 2349 adversus
1194 2312 1636 2371 unamquamque
1663 2305 1978 2362 vitiositatis

405 2385 460 2428 et
491 2380 741 2445 nequitiae
765 2382 998 2450 speciem
1029 2387 1405 2445 sanctionibus
1433 2391 1804 2448 obsistentem.
1846 2394 1979 2451 Pro-

407 2465 556 2522 hibet
585 2470 782 2537 injuria
806 2489 1038 2544 pugnam
1095 2477 1385 2547 lacessere,
1429 2498 1493 2537 ac
1543 2499 1738 2540 manus
1787 2487 1978 2543 aﬂ‘erre

409 2576 506 2630 per
531 2562 805 2633 boc,quod
844 2582 911 2620 ne
945 2572 1264 2638 propulsare
1285 2574 1501 2642 quidem
1539 2577 1794 2645 injuriam
1849 2595 1974 2648 per-

407 2653 588 2707 mittit.
629 2658 966 2714 Extermiuat
1013 2663 1254 2718 avaritia:
1285 2666 1474 2720 vitium
1534 2685 1630 2738 per
1673 2671 1794 2735 hoc,
1831 2674 1974 2742 quod

406 2742 635 2814 imperat
671 2757 729 2802 ut
766 2767 870 2803 non
909 2753 1068 2806 modo
1104 2755 1374 2822 patiamur
1424 2774 1525 2814 nos
1574 2762 1737 2826 exui,
1774 2764 1868 2817 sed
1923 2766 1973 2819 id

407 2838 570 2891 etiam
617 2841 761 2909 quod
811 2843 967 2898 nobis
1009 2845 1254 2898 relictum
1289 2845 1470 2907 fuerit.
1496 2852 1810 2907 adversario
1842 2869 1976 2908 con-

405 2927 682 2985 cedamus.
742 2930 988 2988 Medetur
1045 2936 1322 2992 timiditati
1373 2939 1572 3008 jubens
1629 2960 1729 2998 nos
1785 2947 1974 3003 mortis

404 3032 527 3072 esse
557 3028 980 3091 contemptores.
1021 3025 1084 3078 Et
1120 3027 1174 3080 in
1216 3044 1426 3083 summa
1485 3047 1580 3102 per
1635 3038 1976 3106 unumquod-

2080 567 2179 636 τῆς
2231 566 2410 635 ψυχῆς
2468 564 2566 636 τὴν
2617 564 2754 617 κατά
2826 562 2932 614 τῶν
2997 561 3278 631 ὁμοφύλων
3338 563 3540 632 ὀργήν.
3591 563 3665 614 Οὑ

2079 656 2188 725 γὰρ
2229 656 2456 710 καθόλου
2498 656 2596 726 τὴν
2621 655 2791 725 ὀργὴν
2817 655 3082 707 ἀπεῖπεν·
3130 653 3246 705 ἐστι
3293 652 3405 722 γὰρ
3435 653 3538 705 καὶ
3577 653 3670 704 ἐπὶ

2080 747 2226 817 καλῷ
2254 764 2382 800 ποτε
2429 749 2496 818 τῇ
2522 745 2746 817 τοιαύτῃ
2789 745 2890 814 τῆς
2923 744 3104 814 ψυχῆς
3135 745 3452 815 χρήσασθαι
3492 745 3663 813 ὁρμῇ.

2080 839 2215 892 ἀλλά
2241 840 2301 892 τὸ
2327 839 2462 909 πρὸς
2495 838 2588 892 τὸν
2625 837 2848 905 ἀδελφὸν
2878 836 3202 907 όργιστικῶς
3224 853 3353 888 ποτε
3384 839 3542 906 σχεῖν
3576 839 3667 888 ἐπὶ

2083 930 2272 1000 μηδενὶ
2299 929 2507 998 ἀγαθῷ,
2537 929 2693 982 τοῦτο
2727 929 2760 997 ή
2782 926 3129 997 παραγγελία
3161 926 3522 978 κατέσϐεσεν.
3552 926 3667 986 Πᾶς

2079 1023 2189 1092 γὰρ
2229 1025 2257 1076 6
2287 1021 2637 1092 ὀργιζόμενος
2671 1020 2748 1090 τῷ
2782 1019 2995 1090 ἀδελφῷ
3026 1020 3091 1070 ὲκ
3119 1017 3212 1070 τοῦ
3243 1018 3388 1088 είκῆ.
3462 1017 3533 1068 Ἦ
3558 1018 3672 1086 γὰρ

2083 1113 2364 1184 προσθήκη
2412 1115 2505 1167 τοῦ
2543 1115 2686 1183 είκῆ,
2723 1112 2962 1164 δείκνυσι
3002 1111 3062 1163 τὸ
3091 1110 3344 1180 εὔκαιρον
3396 1109 3667 1171 πολλάκις

2078 1204 2179 1273 τῆς
2204 1204 2297 1256 τοῦ
2329 1205 2500 1274 θυμοῦ
2532 1207 2799 1276 χρήσεως,
2828 1205 2956 1256 ὅταν
2984 1203 3077 1254 ἐπὶ
3101 1201 3319 1254 κολάσει
3346 1202 3448 1271 τῆς
3483 1203 3666 1270 ἀμαρ-

2078 1294 2198 1356 τίας
2237 1291 2369 1364 ζέσῃ
2416 1294 2476 1346 τὸ
2511 1293 2697 1356 πάθος,
2754 1291 2924 1344 Τοῦτο
2958 1291 3019 1344 τὸ
3056 1287 3192 1354 εἶδος
3232 1292 3330 1360 τῆς
3363 1290 3544 1362 ὀργῆς
3587 1290 3666 1358 τῷ

2079 1385 2278 1455 Φηνεὲς
2304 1385 2332 1436 6
2357 1385 2453 1452 τῆς
2478 1384 2697 1454 Γραφῆς
2725 1384 2880 1452 λόγος
2911 1383 3423 1455 προεμαρτύρησεν,
3459 1385 3555 1435 ὅτε
3592 1385 3658 1452 τῇ

2081 1476 2258 1545 σφαγῇ
2290 1473 2394 1526 τῶν
2431 1474 2888 1544 παρανομούντων
2917 1477 3016 1545 τὴν
3046 1475 3186 1528 κατὰ
3221 1473 3311 1527 τοῦ
3336 1473 3472 1525 λαοῦ
3504 1491 3664 1542 κινη-

2080 1564 2264 1618 θεῖσαν
2294 1564 2522 1636 ἀπειλὴν
2549 1565 2644 1618 τοῦ
2669 1565 2802 1618 Θεοῦ
2830 1565 3107 1618 ἱλεώσατο.
3145 1564 3310 1619 Πάλιν
3343 1564 3668 1634 μεταϐαίνει

2077 1657 2142 1726 τῇ
2167 1655 2429 1726 θεραπείᾳ
2458 1655 2594 1725 πρὸς
2617 1655 2686 1708 τά
2710 1656 2797 1709 διὰ
2821 1656 2922 1725 τῆς
2943 1656 3135 1726 ἡδονῆς
3167 1654 3662 1724 πλημμελούμενα,

2079 1747 2173 1798 καὶ
2203 1746 2302 1817 τῆς
2339 1746 2580 1817 μοιχείας
2613 1747 2709 1817 τὴν
2755 1747 2953 1799 ἄτοπον
2986 1747 3279 1817 ἐπιθυμίαν
3317 1749 3536 1816 ἐξαιρεῖ
3567 1751 3666 1818 τῆς

2080 1838 2305 1909 καρδίας
2329 1838 2414 1891 διὰ
2457 1837 2551 1891 τοῦ
2580 1839 3058 1908 παραγγέλματος.
3110 1838 3264 1890 Οὕτω
3295 1839 3390 1891 καὶ
3426 1841 3501 1890 τά
3541 1841 3664 1891 καθ’

2079 1929 2305 1981 ἕκαστον
2333 1929 2509 1982 πάντα
2551 1929 2834 1998 εὑρήσεις,
2876 1931 2934 1980 ὲν
2960 1931 3072 1991 τοῖς
3103 1928 3302 1998 ἐφεξῆς
3336 1928 3670 1998 διορθοῦνται

2077 2021 2168 2073 τὸν
2191 2020 2412 2092 Κύριον,
2448 2021 2583 2092 πρὸς
2614 2021 2842 2074 ἕκαστον
2868 2022 2976 2073 τῶν
3001 2022 3098 2091 τῆς
3121 2021 3316 2084 κακίας
3343 2022 3512 2074 εἰδῶν
3543 2025 3665 2082 ταῖς

2078 2112 2420 2182 νομοθεσίαις
2477 2113 2780 2181 ἱστάμενον.
2865 2113 3074 2166 Κωλὺει
3115 2113 3177 2166 τὸ
3221 2115 3410 2184 ἄρχειν
3457 2114 3663 2166 ἀδίκων

2077 2203 2294 2273 χειρῶν,
2335 2203 2423 2256 διά
2454 2203 2514 2256 τὸ
2547 2205 2680 2274 μηδὲ
2709 2203 3010 2274 ἀμύνεσθαι
3043 2205 3412 2275 συγχωρῆσαι.
3460 2205 3661 2273 Ὑπερ⁶

2076 2294 2247 2364 ορίζει
2278 2294 2338 2346 τὸ
2382 2293 2524 2346 κατά
2568 2295 2878 2358 πλεονεξίαν
2917 2295 3106 2359 πάθος,
3157 2295 3242 2347 διά
3289 2294 3386 2347 τοῦ
3429 2295 3571 2366 πρὺς
3601 2295 3664 2348 τὸ

2078 2387 2434 2441 ἀποδύνεσθαι
2457 2385 2535 2455 τῷ
2562 2387 2902 2455 ἀφελομένῳ,
2934 2387 3028 2440 καὶ
3047 2386 3108 2438 τὸ
3132 2384 3456 2453 ὑπολειφθὲν
3489 2402 3660 2455 προσ-

2075 2478 2253 2544 τάξαι.
2289 2479 2595 2550 Θεραπεύει
2621 2481 2717 2549 τὴν
2746 2479 2967 2542 δειλίαν,
2997 2479 3487 2548 καταφρονητικῶς
3522 2479 3660 2549 πρδς

2073 2569 2165 2622 τὸν
2193 2569 2422 2623 θάνατον
2461 2571 2602 2640 ἔχειν
2636 2572 3078 2640 ἐκκελευόμενος.
3120 2573 3227 2624 Καὶ
3257 2573 3396 2634 ὅλως
3427 2574 3497 2625 δι’
3525 2574 3654 2625 ἑκά-

2077 2674 2202 2710 στου
2252 2658 2359 2710 τῶν
2405 2657 2896 2727 παραγγελμάτων,
2937 2659 3190 2729 εὑρήσεις
3227 2660 3464 2729 ἀρότρου
3498 2661 3654 2729 δίκην

2074 2748 2165 2800 τὸν
2193 2748 2514 2820 ἀροτριακὸν
2564 2749 2750 2817 λόγον,
2799 2748 2896 2810 τὰς
2936 2751 3175 2820 πονηρὰς
3216 2749 3324 2802 τῶν
3367 2751 3652 2820 ἁμαρτιῶν

2078 2839 2232 2912 ῥίζας
2267 2843 2331 2893 ὲκ
2361 2839 2456 2893 τοῦ
2483 2839 2678 2910 βάθους
2700 2842 2797 2910 τῆς
2831 2840 3057 2910 καρδίας
3083 2841 3237 2910 ἡμῶν
3262 2842 3650 2912 ἀνορύσσοντα,

2072 2931 2138 2985 δι’
2155 2924 2231 2985 ὧν
2254 2930 2367 2984 ἐστι
2393 2932 2491 3001 τῆς
2515 2930 2858 2994 ἀκανθώδους
2887 2931 3222 3003 καθαρθῆναι
3250 2934 3652 3004 καρποφορίας.

2073 3020 2282 3076 Οὐκοῦν
2312 3021 2377 3075 δι’
2407 3021 2732 3092 ἀμφοτέρων
2753 3022 3121 3090 εὑεργετεϊται
3141 3021 3240 3093 τὴν
3271 3022 3455 3092 φύσιν,
3489 3018 3571 3088 οἷς
3594 3042 3658 3077 τε

402 3123 510 3178 que
545 3111 891 3168 interdictum
926 3117 1165 3185 reperies
1213 3119 1268 3173 in
1304 3122 1522 3176 modum
1551 3127 1718 3179 aratri
1778 3129 1972 3183 inciso-

2075 3112 2136 3164 τὸ
2175 3112 2378 3180 ἀγαθὸν
2411 3111 2823 3179 ἐπαγγέλλεται,
2850 3107 2932 3174 οἷς
2964 3129 3022 3164 τε
3045 3111 3142 3184 τὴν
3175 3112 3310 3181 πρὸς
3333 3112 3397 3166 τὸ
3429 3115 3650 3184 προκεί-

403 3213 517 3252 rem
555 3215 861 3256 sermonem
894 3220 1088 3273 pravas
1140 3218 1488 3276 peccatorum
1535 3214 1744 3269 radices
1788 3232 1851 3270 ex
1891 3217 1975 3271 in-

403 3291 536 3345 timo
586 3294 750 3348 corde
803 3306 994 3349 nostro
1040 3297 1294 3362 effodere,
1330 3301 1528 3368 quibus
1578 3303 1884 3362 interdictis
1943 3307 1974 3362 a

403 3382 644 3451 spinosis
680 3384 950 3440 fructibus
976 3387 1100 3442 licet
1127 3391 1439 3459 expurgari.
1473 3392 1613 3462 Ergo
1646 3410 1742 3464 per
1777 3407 1976 3452 utrum-

405 3489 510 3542 que
546 3483 794 3526 naturam
827 3475 1156 3542 demeretur,
1187 3481 1332 3550 quod
1363 3488 1415 3535 et
1447 3483 1648 3537 bonum
1681 3489 1970 3555 promittit,

400 3571 455 3617 et
490 3564 555 3617 ad
589 3580 861 3634 quamque
891 3583 1002 3620 rem
1031 3572 1364 3638 propositam
1395 3575 1642 3644 suggerit
1675 3579 1832 3634 nobis
1877 3581 1973 3634 do-

400 3657 652 3708 ctrinam.
681 3656 835 3722 Quod
866 3658 912 3712 si
945 3659 1274 3715 laboriosum
1307 3664 1544 3718 studium
1574 3665 1838 3722 bonarqu
1885 3686 1972 3725 re-

403 3752 521 3798 l‘um
554 3762 675 3800 esse
702 3756 884 3816 putas,
919 3762 1173 3818 compara
1207 3766 1318 3805 rem
1351 3769 1474 3806 cum
1515 3753 1624 3808 vita
1659 3760 1966 3824 contraria,

401 3851 467 3892 ae
514 3841 751 3908 reperies
819 3850 1022 3910 quanto
1089 3843 1292 3896 malitia
1346 3846 1696 3916 nequitiaque
1735 3849 1971 3904 laborio-

401 3931 513 3983 sior
539 3939 590 3982 et
631 3931 911 3984 molestior
950 3932 1042 3997 sit,
1095 3935 1141 3986 si
1173 3947 1280 3986 non
1313 3934 1379 3987 ad
1429 3939 1736 4004 praesentia,
1772 3941 1864 3994 sed
1900 3943 1965 3996 ad

400 4021 582 4076 futura
642 4023 924 4091 respicias.
983 4022 1116 4085 Nam
1179 4026 1270 4094 qui
1322 4026 1581 4095 gehennae
1640 4031 1965 4086 mentionem

399 4113 684 4177 audiverit,
714 4114 759 4168 is
789 4129 895 4168 non
928 4115 1157 4184 amplius
1189 4131 1318 4170 cum
1349 4117 1534 4174 labore
1559 4130 1611 4174 et
1637 4122 1817 4175 studio
1847 4139 1905 4178 se
1935 4139 1965 4176 a

402 4205 771 4272 voluptatibus
823 4221 946 4259 cum
994 4215 1216 4276 peccato
1276 4208 1585 4278 conjunctis
1625 4212 1963 4279 abstinebit;

399 4295 493 4349 sed
523 4297 672 4352 solus
707 4306 881 4352 metus
929 4299 1244 4367 cogitationi
1277 4299 1514 4369 injectus
1574 4302 1640 4356 ad
1687 4307 1964 4374 expellen-

399 4387 528 4440 dum
562 4389 688 4441 vitia
721 4388 968 4443 sufﬁciet.
1010 4389 1302 4444 Enimvero
1355 4391 1496 4446 haud
1559 4392 1961 4450 incommodum

2080 3220 2235 3273 μενον
2249 3202 2590 3256 διδασκαλίαν
2607 3203 2734 3272 ἡμῖν
2755 3201 3086 3257 ὑποτίθεται.
3107 3203 3168 3255 Et
3183 3203 3237 3255 δὲ
3260 3204 3521 3267 ἐπίπονος
3542 3206 3650 3257 τῶν

2075 3292 2295 3360 ἀγαθῶν
2330 3293 2531 3364 σπουδή
2562 3309 2642 3345 σοι
2669 3292 2965 3362 νομίζεται,
2993 3293 3281 3364 σύγκρινον
3309 3293 3389 3364 τῷ
3420 3296 3652 3363 ἐναντίῳ

2076 3386 2208 3456 βίῳτ
2247 3387 2340 3439 καὶ
2373 3387 2625 3458 εὑρήσεις
2661 3385 2782 3438 ὅσον
2813 3387 3188 3455 ἐπιπονωτέρα
3215 3387 3364 3439 ἐστὶν
3391 3390 3424 3457 ἡ
3460 3389 3646 3452 κακία,

2073 3480 2123 3531 εί
2151 3477 2225 3548 μὴ
2255 3477 2389 3548 πρὸς
2431 3477 2492 3530 τὸ
2521 3477 2716 3548 παρὸν,
2743 3476 2880 3530 ἀλλά
2909 3477 3044 3547 πρὸς
3069 3478 3129 3529 τὸ
3163 3479 3300 3548 μετὰ
3327 3479 3506 3532 ταῦτα
3533 3479 3650 3548 pu-

2071 3584 2215 3632 ποις.
2260 3569 2317 3620 ὐ
2344 3567 2454 3639 γὰρ
2477 3568 2700 3636 γεέννας
2736 3568 2996 3632 ἀκούσας,
3025 3568 3208 3621 οὐκέτι
3235 3569 3383 3638 πόνῳ
3413 3569 3526 3622 τινὶ
3556 3571 3649 3623 καὶ

2074 3658 2276 3727 σπουδῇ
2313 3657 2422 3710 τῶν
2454 3657 2596 3711 κατὰ
2636 3659 2733 3729 τὴν
2765 3659 3040 3729 ἁμαρτίαν
3078 3658 3281 3728 ἡδονῶν
3312 3661 3649 3730 χωρισθήσε-

2069 3763 2188 3801 ται’
2217 3747 2332 3801 ἀλλ’
2358 3749 2582 3820 ἀρκέσει
2610 3749 2767 3820 μόνος
2803 3750 2832 3800 6
2879 3749 3042 3816 φόϐος
3076 3753 3191 3813 τοῖς
3229 3749 3517 3822 λογισμοῖς
3557 3753 3654 3820 ἑγ-

2068 3838 2377 3909 γενόμενος,
2408 3838 2646 3910 ἐξορίσαι
2680 3839 2746 3892 τά
2776 3839 2940 3910 πάθη,
2983 3839 3199 3893 Μᾶλλον
3244 3841 3302 3894 δὲ
3329 3842 3517 3906 καλῶς
3536 3842 3647 3913 ἔχει

2066 3930 2145 4002 τῷ
2161 3932 2495 4003 σιωπωμένῳ
2518 3932 2852 3986 συνυπακουό
2860 3950 3015 4002 μενον
3035 3935 3499 4002 κατανοήσαντας,
3523 3953 3650 4004 σφο-

2066 4022 2324 4093 δροτέραν
2347 4023 2595 4076 ἐντεῦθεν
2623 4024 2720 4093 τὴν
2752 4023 3044 4094 ἐπιθυμίαν
3075 4025 3278 4077 λαϐεῖν.
3316 4024 3379 4077 Εἰ
3406 4027 3518 4098 γὰρ
3547 4046 3649 4097 μαι

2067 4113 2248 4184 κάριοι
2274 4115 2323 4166 οί
2354 4114 2582 4184 καθαροὶ
2607 4117 2672 4185 τῇ
2702 4114 2918 4186 καρδία,
2953 4116 3176 4169 ἐλεεινοί⁵
3208 4118 3427 4178 πάντως
3450 4119 3503 4170 οἱ
3526 4137 3652 4173 κατ-

2065 4205 2442 4276 ερρυπωμένοι
2469 4205 2559 4258 τὸν
2587 4206 2708 4258 νοῦν
2729 4221 2742 4236 ο
2777 4206 2857 4258 ὅτι
2887 4206 3021 4276 πρὸς
3045 4207 3106 4258 τὸ
3134 4206 3227 4258 τοῦ
3265 4208 3645 4279 ἀντικειμένου

2067 4295 2354 4365 πρόσωπον
2373 4293 2675 4364 βλέπουσιν.
2692 4296 2799 4347 Καὶ
2815 4297 2862 4348 εί
2884 4296 3044 4359 αὑτὸς
3063 4299 3089 4348 6
3109 4297 3249 4359 θεῖος
3264 4302 3556 4371 χαρακτὴρ
3572 4302 3650 4371 τῷ

2066 4387 2185 4438 κατ’
2209 4387 2406 4458 ἀρετὴν
2433 4387 2755 4440 ὲντυποῦται
2783 4387 2901 4458 βίῳ,
2936 4388 3090 4459 δῆλον
3114 4390 3193 4442 ὅτι
3221 4392 3252 4460 ὴ
3277 4391 3422 4444 κατὰ
3449 4395 3649 4449 κακίαν

399 4477 561 4532 fuerit
592 4480 968 4534 animadverso
1019 4481 1161 4549 quod
1202 4482 1424 4536 tacitmn
1471 4483 1813 4552 subauditur,
1869 4504 1955 4542 ve-

2072 4477 2183 4548 ζωὴ
2217 4478 2395 4550 μορφὴ
2426 4479 2519 4531 καὶ
2559 4479 2845 4549 πρόσωπον
2873 4479 2967 4532 τοῦ
3003 4480 3379 4551 ἀντικειμένου
3411 4485 3641 4550 γίνεται.

400 4565 787 4620 bementiorem
838 4566 1033 4621 dehinc
1087 4569 1373 4638 concipere
1411 4572 1783 4640 cupiditatem.
1829 4575 1964 4631 Nam

398 4657 444 4711 si
475 4658 612 4710 beati
643 4668 807 4721 sunt,
835 4661 929 4728 qui
970 4675 1106 4730 puro
1129 4662 1290 4734 corde
1317 4662 1524 4732 praiditi
1555 4675 1703 4726 sunt,
1737 4667 1965 4722 misera-

397 4743 535 4797 biles
561 4745 786 4799 omuino
816 4756 965 4809 sunt,
994 4749 1084 4816 qui
1119 4756 1353 4803 mentem
1388 4751 1719 4806 sordidatam
1746 4756 1964 4821 habent,

395 4839 652 4906 quoniam
705 4837 897 4892 faciem
929 4840 1228 4894 adversarii
1265 4842 1642 4897 intuebuntur.
1706 4845 1963 4918 Itemque,

397 4926 444 4979 si
481 4926 597 4994 ipsa
627 4925 808 4980 divina
843 4929 1043 4998 efﬁgies
1089 4930 1422 5000 imprimitur
1460 4935 1585 4988 vita:
1616 4951 1736 4989 cum
1765 4938 1965 4994 virtute

396 5018 703 5086 conjunctae
726 5058 742 5081 ,
785 5022 1130 5090 perspicuum
1164 5032 1249 5076 est
1288 5024 1430 5092 quod
1461 5026 1572 5078 vita
1608 5027 1800 5083 vitiosa
1849 5029 1963 5084 for-

395 5124 483 5162 ma
517 5124 580 5162 ac
611 5109 776 5166 facies
809 5113 1104 5167 adversarii
1134 5116 1368 5169 exsistit.
1393 5113 1510 5170 Jam
1549 5134 1678 5172 vero
1703 5121 1749 5174 si
1778 5136 1968 5176 secun-

395 5199 524 5254 dum
559 5201 805 5257 diversas
833 5205 1296 5260 considerationes
1329 5205 1470 5260 Deus
1498 5208 1741 5275 quolibet
1775 5226 1966 5266 eorum

395 5291 780 5346 vocabulorum
817 5309 937 5363 qua:
979 5296 1123 5348 circa
1173 5295 1375 5349 bonum
1423 5297 1820 5367 intelliguntur,
1871 5318 1963 5356 eo-

395 5387 760 5450 guominatur,
801 5387 1000 5451 lumen,
1028 5389 1160 5451 vita,
1193 5388 1700 5456 incorruptibilitas,
1733 5399 1786 5445 et
1816 5409 1963 5463 qua!-

394 5484 610 5542 cunque
637 5477 755 5545 ejus
790 5479 1002 5547 generis
1035 5486 1181 5540 sunt,
1231 5494 1478 5548 prorsus,
1512 5497 1578 5534 ex
1601 5483 1852 5546 adverso,
1885 5486 1960 5539 id

399 5565 540 5634 quod
571 5566 767 5636 cuique
797 5569 987 5621 borum
1023 5569 1330 5638 oppositum
1381 5577 1466 5624 est
1496 5571 1749 5640 nequitiae
1774 5572 1963 5628 inven-

2064 4568 2225 4622 Ἀλλά
2253 4571 2358 4639 μὴν
2391 4572 2438 4622 εί
2465 4571 2605 4623 κατὰ
2632 4571 2919 4642 διαφόρους
2941 4575 3181 4636 ἐπινοίας
3205 4577 3236 4628 6
3267 4573 3402 4638 Θεὸς
3430 4577 3646 4648 ἑκάστῳ

2063 4660 2169 4714 τῶν
2201 4661 2340 4714 κατά
2375 4661 2436 4714 τὸ
2463 4661 2665 4729 ἀγαθὸν
2707 4664 3010 4733 νοουμένων
3057 4665 3476 4735 ἐπονομάζεται,
3508 4669 3643 4736 φῶς,

2064 4751 2158 4804 καὶ
2189 4750 2322 4822 ζωὴ,
2349 4752 2442 4804 καὶ
2471 4752 2768 4823 ἀφθαρσία,
2806 4757 2900 4806 καὶ
2927 4755 3026 4807 ὅσα
3056 4755 3148 4808 τοῦ
3181 4757 3424 4810 τοιούτου
3454 4760 3645 4826 γένους

2065 4845 2208 4896 ἐστίν
2228 4859 2240 4874 ⁸
2265 4846 2480 4907 πάντως
2500 4847 2563 4898 ὲκ
2581 4845 2674 4898 τοῦ
2696 4847 3076 4918 ἀντιστρόφου,
3099 4848 3158 4900 τὸ
3179 4850 3414 4902 ἑκάστου
3437 4852 3643 4905 τούτων

2064 4937 2458 5007 ἀντικείμενον,
2483 4936 2560 5006 τῷ
2598 4938 2698 5008 τῆς
2733 4939 2928 5002 κακίας
2956 4941 3152 5014 εὑρέτῃ
3180 4941 3641 5013 δνομασθήσεται,

2065 5027 2254 5089 σκότος
2305 5028 2399 5080 καὶ
2449 5027 2676 5092 θάνατος
2723 5031 2816 5083 καὶ
2869 5029 3074 5101 φθορὰ,
3135 5034 3228 5085 καὶ
3279 5035 3381 5086 ὅσα
3427 5037 3642 5101 τούτοις

2063 5120 2294 5190 ὁμογενῆ
2331 5120 2424 5173 καὶ
2467 5120 2730 5190 ὁμόφυλα.
2771 5119 2982 5175 Οὐκοῦν
3019 5122 3299 5192 μαθόντες,
3350 5124 3438 5177 διά
3484 5128 3646 5178 τίνων

2062 5212 2176 5280 ἦτε
2195 5211 2362 5264 κακία
2401 5211 2495 5263 καὶ
2543 5212 2571 5262 6
2610 5211 2729 5264 κατ’
2763 5213 2962 5282 ἀρετὴν
2987 5213 3288 5284 μορφοῦται
3315 5214 3450 5282 βίος,
3499 5216 3642 5278 ἐξου-

2066 5303 2335 5374 σίαςήμῖν
2363 5303 2496 5374 πρὸς
2542 5303 2797 5374 ἑκάτερον
2846 5304 3049 5359 τούτων
3084 5305 3223 5358 κατά
3277 5305 3338 5358 τὸ
3387 5307 3646 5371 αὐτεξού-

2066 5409 2177 5444 σιον
2196 5395 2293 5462 τῆς
2321 5393 2690 5464 προαιρέσεως
2712 5394 3100 5464 προκειμένης,
3123 5394 3384 5464 φύγωμεν
3418 5397 3519 5466 τὴν
3551 5395 3642 5448 τοῦ

2065 5481 2308 5535 διαϐόλου
2336 5484 2567 5555 μορφὴν,
2584 5483 2912 5554 ἀποθώμεθα
2932 5485 2994 5537 τὸ
3011 5485 3244 5555 πονηρὸν
3269 5489 3637 5555 προσωπεῖον,

2068 5573 2422 5646 ἀναλάϐωμεν
2450 5574 2548 5648 τὴν
2575 5574 2723 5628 θείαν
2748 5576 2953 5644 είκόνα,
2986 5575 3273 5647 γενώμεθα
3311 5575 3544 5647 καθαροὶ
3571 5579 3638 5647 τῇ

470 5740 518 5774 ⁸⁵
541 5738 904 5807 Exod.xx,'5.
982 5745 1026 5778 ⁵⁸
1061 5743 1250 5800 Matth.
1296 5764 1346 5815 γ,
1389 5749 1477 5803 ‘32.
1557 5750 1599 5782 ⁵⁷
1628 5748 1789 5804 Num.
1837 5767 1956 5815 xxv,
2005 5749 2024 5802 l
2067 5765 2190 5823 sqq.
