3800 6228
145 306 295 363 12τ7

1203 322 1289 378 DE
1330 324 1936 385 BEATITUDINIBUS.
1977 329 2235 386 ORATIO
2273 331 2364 386 VI.

3287 333 3390 388 :27"

145 423 382 494 καρδίᾳ,
433 427 518 480 ἵνα
563 430 848 502 γενώμεθα
891 435 1170 504 μακάριοι,
1209 439 1308 508 τῆς
1355 439 1502 504 θείας
1541 443 1746 508 εἰκόνος

1854 444 1952 498 tori
1983 445 2333 508 attribuetur,
2369 446 2626 511 tenebrae,
2663 463 2832 512 mors,
2869 449 3166 516 corruptio,
3195 453 3250 501 et
3273 463 3426 516 quaa-

147 517 209 568 ἐν
241 518 382 586 ἡμῖν
420 522 818 593 μορφωθείσης,
855 525 943 578 διὰ
961 527 1060 596 τῆς
1085 527 1330 600 καθαρᾶς
1360 532 1653 598 πολιτείας,
1681 535 1738 586 ἐν

147 607 382 679 Χριστῷ
421 611 608 682 Ἰησοῦ·
633 614 709 686 τῷ
737 618 926 688 Κυρίω
950 620 1126 689 ἡμῶν,
1255 624 1288 694 ὴ
1335 622 1460 690 δόξα
1507 629 1586 690 εἰς
1613 627 1740 691 τοὺς

149 697 368 761 αἰῶνας
398 699 506 752 τῶν
542 701 772 758 αἰώνων.
830 707 1022 777 Ἀμήν.

1847 552 2060 606 conque
2099 537 2344 606 ejusdem
2377 555 2499 593 Clllll
2531 539 2616 594 his
2663 540 2880 610 generis
2904 550 2958 593 et
3003 547 3214 593 naturae
3265 547 3416 593 sunt.

1846 627 2117 694 Quocirca
2149 645 2272 682 cum
2298 629 2652 686 didicerimus
2699 631 2900 700 quibus
2933 631 3098 686 rebus
3142 640 3195 684 et
3224 629 3420 700 nequi-

1841 718 1913 770 tia
1965 725 2019 772 et
2063 732 2188 772 cum
2229 718 2430 773 virtute
2481 720 2589 772 vita
2659 719 2956 790 conjuncta
3011 721 3318 776 formentur
3369 729 3424 776 et

153 794 556 862 insigniantur,
617 799 894 866 proposita
943 801 1123 866 nobis,
1151 804 1309 872 juxta
1357 805 1588 860 liberum
1643 806 1810 862 animi
1849 810 2172 873 arbitrium,
2207 811 2260 864 in
2309 820 2488 865 utram
2555 819 2762 880 partem
2823 811 3054 866 velimus
3111 812 3424 866 declinandi

153 893 467 955 potestate,
519 887 790 960 fugiamus
847 889 1077 946 formam
1127 895 1352 960 diaboli,
1400 897 1736 964 deponamus
1813 916 2034 971 pravam
2101 917 2416 970 personam,
2457 917 2801 958 resumamus
2834 902 3074 956 divinam
3102 901 3418 972 imaginem,

153 979 338 1032 simus
373 980 494 1048 puri
522 980 707 1044 corde,
763 988 824 1033 ut
872 981 1174 1039 eiliciamur
1230 986 1395 1050 beati,
1453 985 1636 1040 divina
1673 987 1728 1042 in
1765 990 1925 1046 nobis
1967 991 2204 1063 imagine
2235 1007 2330 1061 per
2355 1007 2551 1061 purum
2573 992 2698 1046 vitae
2759 992 3070 1048 institutum
3128 991 3419 1062 impressa,

155 1085 261 1140 per
287 1070 572 1127 Christum
602 1071 789 1128 Jesum
819 1074 1107 1130 Dominum
1131 1085 1408 1144 nostrum,
1443 1082 1531 1134 cui
1561 1083 1732 1152 gloria
1773 1083 1830 1136 in
1863 1085 2062 1137 saecula
2097 1085 2448 1140 saeculorum.
2487 1084 2680 1140 Amen.

789 1190 1010 1244 ΛΟΓΟΣ
1047 1193 1120 1245 Z'.

157 1273 456 1344 Μακάριοι
511 1277 566 1330 οι
609 1276 1003 1344 εἰρηνοποιοί·
1061 1281 1148 1334 ὅτι
1191 1281 1362 1336 αὐτοὶ
1417 1285 1536 1338 υιοὶ
1593 1287 1740 1342 Θεοῦ

742 1349 1172 1415 κληθήσονται.

233 1437 348 1506 Τῆς
389 1437 539 1508 ἱερᾶς
581 1437 674 1490 τοῦ
719 1441 1020 1509 μαρτυρίου
1057 1443 1460 1514 σκηνοπηγίας,
1509 1446 1576 1518 ἢν
1604 1446 1746 1502 κατὰ

156 1525 256 1578 τὸν
285 1529 344 1579 ἐν
373 1527 452 1598 τῷ
483 1526 594 1598 ὄρει
631 1529 779 1600 παρὰ
807 1529 898 1582 τοῦ
924 1531 1058 1584 Θεοῦ
1087 1533 1364 1604 δειχθέντα
1393 1539 1562 1592 τύπον
1598 1540 1628 1590 6
1653 1557 1743 1592 νο-

163 1618 401 1690 μοθέτης
427 1622 538 1682 τοῖς
566 1621 922 1691 Ἰσραηλίταις
951 1627 1410 1692 κατεσκευάσατο,
1443 1630 1620 1683 πάντα
1645 1631 1741 1700 μὲν

159 1709 300 1776 ἆγιά
325 1728 386 1762 τε
412 1711 506 1764 καὶ
537 1713 656 1782 ιερὰ
692 1712 813 1766 καθ’
842 1713 1074 1768 ἕκαστον
1097 1709 1194 1788 ἦν,
1223 1718 1324 1772 ὅσα
1357 1720 1434 1790 τῷ
1461 1737 1740 1792 περισχοι-

2415 1194 2678 1252 ORATIO
2723 1195 2834 1250 VII.

1875 1285 2029 1341 Beati
2058 1289 2286 1358 paciﬁci,
2314 1291 2564 1359 quoniam
2593 1289 2694 1359 ipsi
2721 1289 2822 1357 ﬁlii
2845 1287 2944 1342 Dei
2974 1289 3383 1343 vocabuntur".

1915 1442 2068 1497 Sacri
2093 1433 2388 1500 testimonii
2409 1445 2770 1511 tabernaculi,
2789 1445 2932 1514 quod
2963 1444 3241 1513 legislator
3260 1444 3418 1514 juxta

1845 1531 2276 1586 demonstratam
2305 1533 2408 1590 sibi
2443 1535 2498 1588 in
2531 1543 2718 1590 monte
2747 1549 2776 1586 a
2815 1533 2924 1588 Deo
2972 1533 3200 1588 formam
3245 1537 3422 1588 Israe-

1849 1623 1958 1678 litis
1987 1623 2283 1680 fabricatus
2307 1633 2412 1690 est,
2441 1625 2624 1678 omnia
2657 1624 2872 1693 quidem
2906 1633 2958 1680 et
2983 1635 3172 1679 sancta
3191 1635 3245 1678 et
3263 1640 3420 1678 sacra

1847 1715 2121 1785 sigillatim
2153 1726 2330 1780 erant,
2365 1733 2704 1788 quaecunque
2735 1719 2904 1788 septis
2939 1718 3270 1772 intrinsecus
3287 1731 3419 1770 con-

160 1802 388 1871 νίσματι
417 1804 560 1857 κατὰ
589 1803 649 1856 τὸ
675 1804 826 1868 ἐντὸς
867 1807 1220 1879 περιείληπτο
1242 1826 1256 1838 ·
1289 1811 1351 1864 τὸ
1379 1813 1436 1864 δὲ
1464 1813 1743 1867 ἐνδότατον

1854 1808 2186 1876 tinebantur;
2218 1810 2284 1864 ad
2313 1810 2558 1864 intimam
2606 1818 2784 1864 autem
2827 1811 2880 1864 in
2915 1810 2998 1864 his
3023 1817 3230 1880 partem
3259 1824 3419 1878 acce-

161 1896 224 1946 ἐν
255 1893 466 1958 τούτοις
515 1895 706 1950 ἄδυτόν
741 1915 802 1950 τε
845 1897 939 1951 καὶ
977 1898 1175 1954 ἄϐατον
1220 1897 1310 1973 ἦν,
1342 1903 1532 1971 Ἀγιον
1576 1904 1744 1974 ἁγίων

159 1983 457 2057 λεγόμενον
476 2006 490 2018 ⁸
531 1987 838 2060 δεικνύσης,
864 1985 1038 2061 οἶμαι,
1066 1992 1165 2063 τῆς
1197 1993 1516 2064 ἐπιτατικῆς
1544 1996 1746 2067 ταύτης

160 2077 599 2149 όνοματοποιῖας,
645 2079 708 2132 τὸ
745 2079 820 2152 μὴ
858 2080 1000 2135 κατὰ
1027 2081 1087 2134 τὸ
1129 2084 1386 2154 ὁμότιμον
1426 2087 1536 2148 τοῖς
1566 2085 1745 2150 ἄλλοις

165 2171 415 2240 μετέχειν
437 2173 655 2226 κάκεῖνο
679 2173 777 2244 τῆς
818 2163 1103 2245 ἁγιότητος
1125 2192 1139 2205 ·
1190 2176 1306 2231 ἄλλ’
1340 2178 1462 2231 ὅσον
1499 2177 1745 2250 διέφερεν

160 2262 260 2315 τοῦ
295 2263 475 2316 κοινοῦ
517 2265 611 2316 καὶ
655 2264 880 2336 βεϐήλου
922 2266 984 2320 τὸ
1034 2267 1408 2340 ἀφιερωμένον
1441 2271 1535 2323 καὶ
1565 2269 1741 2338 ἅγιον,

161 2353 418 2408 τοσοῦτον
441 2356 616 2408 ἐκεῖνο
639 2356 700 2410 τὸ
727 2357 914 2411 ἄδυτον
947 2358 1056 2412 τῶν
1087 2360 1216 2432 περὶ
1238 2360 1368 2413 αὐτὸ
1393 2362 1563 2430 ἁγίων
1591 2360 1746 2432 ἱερώ-

161 2445 322 2516 τερόν
353 2463 414 2498 τε
447 2447 542 2500 καὶ
587 2447 969 2521 καθαρώτερον
998 2445 1157 2505 εῖναι.
1205 2447 1372 2522 Οἶμαι
1414 2452 1591 2506 τοίνυν
1635 2453 1745 2522 ἐγὼ

164 2535 308 2590 κατὰ
334 2537 426 2590 τὸν
471 2538 632 2592 αὐτὸν
669 2539 886 2610 τρόπον,
922 2541 1032 2596 τῶν
1063 2545 1120 2596 ἐν
1150 2543 1227 2614 τῷ
1268 2543 1382 2614 ὄρει
1413 2543 1587 2614 τούτῳ
1613 2561 1745 2615 προ-

161 2627 488 2697 δειχθέντων
517 2631 647 2700 ἡμῖν
682 2633 1066 2704 μακαρισμῶν,
1094 2635 1268 2688 πάντα
1295 2637 1394 2704 μὲν
1425 2637 1545 2706 ἱερά
1565 2653 1622 2688 τε
1650 2637 1744 2689 καὶ

164 2721 301 2788 ἆγια
325 2719 445 2773 καθ’
465 2719 692 2776 ἕκαστον
723 2719 882 2784 εἶναι,
907 2726 1006 2780 ὅσα
1029 2725 1314 2796 προλαϐὼν
1334 2731 1362 2781 6
1407 2733 1552 2799 θεῖος
1587 2753 1750 2791 κατε-

165 2817 403 2872 σκεύασε
432 2816 586 2881 λόγος
610 2833 624 2845 ο
674 2816 734 2868 τὸ
771 2815 828 2869 δέ
871 2816 966 2870 νῦν
1007 2820 1072 2889 τῇ
1127 2817 1329 2890 θεωρίᾳ
1360 2819 1742 2890 προκείμενον,

165 2909 357 2963 ἄδυτον
380 2911 456 2974 ὡς
472 2908 688 2981 ἀληθῶς
721 2909 814 2962 καὶ
843 2909 1030 2978 Ἅγιον
1053 2911 1222 2978 ἁγίων
1252 2907 1410 2964 εἶναι.
1448 2912 1512 2964 Εἰ
1539 2911 1648 2982 γὰρ
1683 2910 1744 2964 τὸ

169 3001 299 3054 ίδεῖν
340 3003 429 3056 τὸν
467 3003 600 3055 Θεὸν
631 3001 933 3072 ὑπερϐολὴν
965 3003 1022 3056 ἐν
1049 3002 1128 3073 τῷ
1171 3003 1360 3074 ἀγαθῷ
1389 3004 1488 3058 οὐκ
1517 3003 1648 3074 ἔχει,
1683 3003 1744 3058 τὸ

167 3093 286 3146 υἱὸν
327 3093 578 3161 γενέσθαι
610 3092 746 3146 Θεοῦ
793 3093 931 3166 ὑπὲρ
978 3095 1156 3148 πᾶσαν
1201 3095 1492 3166 εὐκληρίαν
1530 3096 1743 3158 πάντως

1849 1899 1979 1956 dere
2023 1915 2086 1954 ac
2115 1909 2402 1970 penetrare
2433 1901 2516 1956 ias
2549 1917 2656 1954 non
2691 1911 2826 1966 erat,
2861 1916 3032 1970 eaque
3056 1899 3258 1954 Sancta
3291 1915 3422 1956 san-

1849 2002 2062 2046 ctorum
2089 1993 2400 2060 dicebatur;
2436 1994 2733 2056 indicante,
2781 1994 2996 2064 Opinor,
3048 1993 3151 2048 hac
3185 1994 3420 2062 ampliﬁ-

1850 2086 2023 2139 cativa
2048 2087 2282 2142 nominis
2317 2086 2659 2148 formatione.
2687 2087 2832 2156 quod
2870 2102 2932 2141 ea
2957 2100 3083 2152 pars
3110 2100 3216 2139 non
3251 2087 3415 2140 etiam

1850 2178 1966 2246 pari
1996 2193 2120 2232 cum
2175 2180 2386 2236 caeteris
2438 2179 2750 2234 conditione
2801 2179 3078 2250 particeps
3114 2178 3422 2232 sanctitatis

1850 2277 2016 2330 esset,
2041 2271 2136 2324 sed
2165 2279 2426 2340 quantum
2454 2270 2692 2326 differret
2715 2286 2744 2324 a
2769 2271 3046 2324 communi
3093 2277 3256 2338 atque
3297 2285 3423 2339 pro-

1852 2362 1979 2416 fano
2008 2374 2384 2418 consecratum
2416 2372 2470 2418 et
2501 2372 2773 2426 sanctum,
2815 2370 2965 2416 tanto
2995 2361 3086 2416 illa
3119 2377 3245 2431 pars
3265 2362 3424 2414 inac-

1850 2469 2027 2518 cessa,
2071 2469 2246 2524 quove
2273 2454 2423 2509 adire
2451 2469 2514 2508 ac
2545 2463 2832 2524 penetrare
2867 2451 2948 2506 fas
2979 2467 3088 2505 non
3124 2459 3262 2513 erat,
3295 2466 3426 2504 san-

1849 2545 1972 2607 ctis,
2004 2545 2203 2614 quibus
2229 2544 2564 2598 circumdata
2601 2551 2738 2606 erat,
2791 2543 3000 2598 sacrior
3035 2551 3088 2595 et
3119 2541 3306 2610 purior
3332 2555 3426 2593 es-

1849 2647 1950 2691 set.
1978 2637 2058 2690 Ad
2087 2637 2335 2691 eumdem
2371 2637 2537 2706 igitur
2561 2635 2777 2690 modum
2807 2650 2871 2690 ex
2908 2633 2994 2688 his
3025 2648 3148 2703 quae
3181 2631 3338 2688 nobis
3367 2631 3424 2686 in

1851 2729 1956 2784 hoc
1992 2741 2174 2784 monte
2207 2736 2636 2798 praemonstrataa
2684 2735 2813 2784 sunt
2854 2725 3304 2790 beatitudinibus,
3329 2740 3422 2777 ar-

1850 2819 2023 2876 bitror
2055 2835 2156 2890 ego
2186 2819 2370 2874 omnia
2391 2818 2610 2890 quidem
2647 2833 2805 2874 sacra
2831 2832 2896 2872 ac
2919 2825 3112 2872 sancta
3144 2815 3422 2886 sigillatim

1852 2927 2187 2981 quaecunque
2215 2913 2468 2982 superior
2516 2910 2732 2966 divinus
2780 2924 2963 2966 sermo
3006 2905 3314 2977 composuit
3369 2911 3425 2960 et

1845 3005 2140 3074 afﬁrmavit
2172 3023 2185 3059 :
2216 3004 2360 3074 quod
2385 3012 2566 3058 autem
2601 3017 2748 3057 nunc
2781 2998 3226 3068 contemplationi
3261 3006 3426 3067 atque

1849 3096 2296 3152 commentationi
2325 3097 2663 3166 propositum
2693 3103 2800 3156 est,
2834 3093 3052 3157 ἄδυτον,
3098 3091 3154 3146 id
3186 3097 3293 3154 est,
3335 3091 3424 3144 in-

165 3185 314 3238 ἐστίν
337 3201 354 3215 ”
388 3183 516 3238 ποία
541 3183 651 3255 γὰρ
685 3185 943 3255 ῥημάτων
968 3185 1208 3250 ἐπίνοια;
1265 3187 1350 3250 τίς
1379 3187 1438 3252 ἐξ
1465 3187 1742 3256 ὀνομάτων

1854 3203 2126 3244 accessum
2157 3201 2344 3242 revera
2379 3201 2442 3242 ac
2465 3185 2722 3242 Sanctum
2761 3201 2884 3242 esse
2915 3191 3253 3239 sanctorum.
3284 3179 3421 3234 Nam

169 3276 414 3345 σημασία
469 3276 568 3344 τῆς
629 3276 957 3347 τηλικαύτης
1015 3277 1346 3346 ἐπαγγελίας
1389 3279 1486 3348 τὴν
1540 3280 1747 3348 δωρεὰν

168 3367 527 3437 περιλήψεται
553 3384 566 3430 ;
597 3368 773 3439 Ὅπερ
819 3369 883 3422 ἄν
917 3387 998 3430 τις
1039 3371 1105 3440 τῇ
1147 3369 1352 3440 διανοίᾳ
1383 3372 1572 3443 νοήσῃ,
1609 3371 1746 3442 ὑπὲρ

169 3461 348 3512 ἐκεῖνο
391 3459 610 3522 πάντως
655 3460 772 3512 ἐστὶ
808 3462 869 3513 τὸ
905 3460 1230 3531 δηλούμενον
1251 3480 1264 3493 ο
1318 3462 1412 3515 ἐὰν
1445 3462 1666 3530 ἀγαθὸν,
1711 3463 1744 3532 ἢ

167 3551 370 3620 τίμιον,
396 3551 432 3619 ἦ
471 3549 671 3619 ὑῂλδν
699 3552 972 3622 ὸνομάσῃς
1009 3552 1070 3604 τὸ
1112 3552 1252 3606 κατὰ
1277 3552 1370 3606 τὸν
1399 3553 1747 3623 μακαρισμὸν

167 3640 362 3693 τοῦτον
389 3639 456 3692 δι’
491 3641 819 3708 ἐπαγγελίας
843 3643 1220 3714 προκείμενον,
1247 3643 1407 3696 πλέον
1433 3643 1466 3714 ἢ
1489 3644 1630 3697 κατὰ
1649 3644 1748 3714 τὴν

169 3732 406 3802 ἔμφασιν
434 3733 542 3786 τῶν
564 3733 844 3802 ὀνομάτων
868 3735 983 3787 ἐστὶ
1011 3734 1070 3786 τὸ
1095 3735 1420 3806 δηλούμενον
1447 3753 1459 3763 ·
1489 3736 1628 3806 ὑπὲρ
1661 3737 1749 3789 εὺ-

169 3823 273 3892 χὴν
303 3824 338 3893 ή
369 3823 654 3894 ἐπιτυχία,
690 3825 829 3894 ὑπὲρ
867 3824 1057 3878 ἐλπίδα
1104 3825 1166 3876 τὸ
1211 3825 1412 3894 δῶρον,
1468 3827 1606 3898 ὑπὲρ
1649 3827 1748 3897 τὴν

169 3915 336 3984 φύσιν
365 3918 398 3986 ἠ
425 3916 605 3988 χάρις.
633 3917 697 3970 Τί
727 3919 874 3970 ἐστιν
911 3917 1195 3988 ἄνθρωπος
1218 3917 1291 3980 ὡς
1313 3917 1448 3986 πρὸς
1470 3917 1568 3988 τὴν
1601 3916 1748 3969 θείαν

171 4007 336 4074 φύσιν
361 4010 710 4080 κρινόμενος;
762 3999 1086 4072 Τίνοςέῖπω
1115 4009 1222 4062 τῶν
1249 4009 1417 4077 ἁγίων
1447 4009 1651 4079 φωνὴν,
1680 4009 1747 4061 δι’

169 4091 240 4166 ἦς
261 4095 646 4161 ἑξευτελίζεται
677 4099 736 4150 τὸ
761 4097 1098 4170 ἀνθρώπινον
1125 4115 1140 4163 ;
1195 4097 1335 4152 κατὰ
1365 4098 1457 4151 τὸν
1498 4097 1750 4168 Ἀϐραὰμ

171 4189 248 4258 γῆ
277 4190 372 4242 καὶ
403 4191 596 4254 σπόδος
615 4208 628 4220 ·
671 4192 810 4244 κατὰ
832 4190 922 4242 τὸν
957 4192 1183 4244 Ἡσαΐαν
1210 4191 1399 4261 χόρτος
1418 4208 1430 4220 ·
1489 4191 1630 4244 κατὰ
1659 4192 1749 4243 τὸν

168 4279 338 4334 Δαϐὶδ
367 4281 488 4334 οὐδὲ
533 4281 744 4352 χόρτος,
795 4281 911 4336 ἀλλ’
939 4283 1112 4345 ἐοικὸς
1153 4284 1345 4352 χόρτῳ.
1399 4284 1456 4336 'O
1502 4283 1599 4352 μὲν
1641 4283 1749 4352 γὰρ

168 4373 346 4442 λέγει,
373 4373 548 4427 Πᾶσα
569 4375 724 4443 σὰρξ
753 4377 996 4446 χόρτος·
1034 4369 1186 4438 οὗτος
1215 4376 1272 4428 δέ
1307 4393 1437 4445 φησι
1458 4393 1472 4406 ’
1505 4377 1750 4442 Ἄνθρω-

171 4481 282 4530 ποι,
313 4465 456 4519 ὡσεί
483 4467 694 4534 χόρτος
717 4485 731 4497 ·
773 4467 914 4520 κατὰ
940 4467 1031 4520 τὸν
1063 4467 1490 4538 Ἐκκλησιαστὴν
1528 4467 1746 4537 ματαιό-

169 4572 276 4625 της
295 4574 308 4586 ·
356 4556 496 4609 κατὰ
524 4557 615 4608 τὸν
645 4557 876 4622 Παῦλον,
901 4557 1260 4629 ταλαιπωρία.
1307 4553 1402 4621 Οἷς
1426 4558 1531 4628 γὰρ
1559 4557 1750 4609 ἑαυτὸν

170 4647 202 4700 6
245 4645 563 4709 Ἀπόστολος
603 4647 1009 4716 κατωνόμασεν,
1041 4649 1248 4712 τούτοις
1291 4649 1436 4704 ἆπαν
1479 4649 1755 4701 κατοικτί-

173 4741 327 4804 ζεται
358 4741 419 4792 τὸ
449 4740 804 4811 ἀνθρώπινον.
838 4741 1022 4794 Ταῦτα
1052 4742 1080 4794 6
1108 4741 1392 4812 ἅνθρωπος
1420 4759 1433 4772 ·
1493 4743 1522 4794 6
1544 4742 1600 4794 δὲ
1625 4742 1756 4806 Θεὸς

181 4835 262 4897 νίς
295 4832 419 4895 Πῶς
445 4832 580 4884 εἴπω
607 4832 667 4884 τὸ
695 4833 768 4894 τί,
793 4831 820 4884 ὃ
853 4834 986 4902 μήτε
1014 4833 1139 4884 ἰδεῖν
1172 4831 1418 4896 δυνατὸν,
1455 4834 1591 4902 μήτε
1615 4835 1751 4904 ἀκοῇ

175 4926 446 4996 χωρῆσαι,
475 4925 614 4994 μήτε
647 4924 840 4995 καρδίᾳ
873 4924 1057 4976 λαϐεῖν
1083 4941 1097 4990 ;
1145 4923 1331 4986 Ποίαις
1359 4927 1564 4993 φωναῖς
1589 4925 1752 4994 ἐξαγ-

175 5016 342 5086 γείλω
371 5015 468 5086 τὴν
495 5014 686 5083 φύσινς
718 5016 782 5068 Τί
814 5015 958 5086 εὕρω
982 5015 1074 5068 τοῦ
1097 5014 1300 5083 ἀγαθοῦ
1329 5015 1520 5068 τούτου
1553 5017 1610 5069 ἐν
1641 5020 1754 5080 τοῖς

177 5107 603 5175 γινωσκομένοις
631 5106 976 5176 ὑπόδειγμα;
1029 5106 1195 5169 Ποίας
1222 5111 1598 5178 καινοτομήσω
1640 5126 1756 5177 φω-

181 5199 300 5262 νὰς,
333 5199 469 5269 πρὸς
492 5198 591 5268 τὴν
625 5197 718 5250 τοῦ
748 5197 1023 5267 ἀφράστου
1053 5214 1110 5250 τε
1137 5199 1227 5250 καὶ
1253 5200 1636 5272 ἀνεκφωνήτου
1662 5219 1759 5273 ση-

185 5290 419 5360 μασίανς
473 5291 716 5342 ’Ἤκουσα
754 5291 852 5354 τῆς
891 5287 1245 5341 θεοπνεύστου
1279 5291 1502 5362 Γραφῆς
1548 5291 1759 5362 μεγάλα

183 5383 311 5450 περὶ
344 5381 442 5450 τῆς
477 5379 880 5450 ὑπερκειμένης
916 5378 1128 5447 φύσεως
1160 5379 1462 5450 διεξιούσης
1487 5395 1500 5408 ·
1534 5381 1671 5434 ἀλλὰ
1703 5381 1755 5434 τί

182 5472 356 5525 ταῦτα
371 5473 509 5542 πρὸς
527 5473 693 5542 αὐτὴν
724 5472 821 5542 τὴν
847 5471 1038 5540 φύσινς
1059 5471 1221 5523 Ὅσον
1247 5475 1355 5543 γὰρ
1382 5471 1492 5542 ἐγὼ
1517 5473 1756 5543 ἐχώρουν

183 5561 456 5626 δέξασθαι,
497 5563 746 5614 τοσοῦτον
782 5558 933 5615 εἶπεν
967 5557 1009 5614 ³ό
1054 5560 1230 5630 λόγος,
1277 5563 1376 5633 οὐχ
1407 5563 1529 5615 ὅσον
1557 5565 1673 5616 ἐστί
1696 5563 1756 5616 τὸ

252 5677 502 5734 "Matth.
537 5695 588 5744 v,
611 5681 664 5734 9.
740 5674 936 5732 "Gen.
965 5693 1118 5741 xvnl,
1159 5678 1248 5732 27.
1327 5679 1369 5710 ‘°
1413 5678 1512 5734 lsa.
1542 5695 1628 5744 ιι,
1666 5681 1718 5734 6.

1799 5681 1838 5712 ⁶¹
1885 5679 1973 5734 Ps.
2019 5691 2201 5736 xxxvu,
2241 5673 2298 5728 ει.

1849 3280 1896 3334 si
1925 3280 2106 3334 videre
2139 3277 2308 3333 Deum
2343 3278 2412 3332 ab
2439 3278 2586 3332 nulla
2621 3291 2680 3332 re
2699 3277 2943 3345 superari
2975 3283 3156 3345 potest
3180 3274 3234 3328 in
3257 3273 3422 3334 bono,

1850 3373 2020 3426 tilium
2079 3369 2172 3425 Dei
2203 3370 2318 3426 fieri
2353 3385 2570 3424 omnem
2613 3369 2772 3440 plane
2808 3377 3032 3438 superat
3063 3367 3420 3422 felicitatem:

1849 3479 2094 3534 quaenam
2123 3462 2268 3516 enim
2316 3461 2606 3516 verborum
2638 3460 2968 3531 excogitatio
2997 3499 3012 3524 ,
3065 3473 3314 3528 quamam
3355 3473 3424 3516 ex

1849 3557 2160 3610 nominibus
2191 3553 2424 3608 conﬂata
2460 3551 2786 3622 signiﬁcatio
2833 3560 2998 3607 tantae
3033 3553 3424 3622 promissionis

1849 3647 2049 3700 donum
2105 3644 2531 3714 complectetur?
2581 3644 2958 3713 Quodcunque
3019 3643 3426 3699 vehementiore

1851 3736 2051 3790 mentis
2091 3735 2387 3790 intentione
2422 3735 2619 3806 aliquis
2669 3734 3014 3806 cogitaverit,
3070 3751 3236 3803 supra
3281 3735 3424 3788 illud

1851 3845 2075 3899 prorsus
2121 3837 2204 3884 est
2259 3827 2313 3900 id
2366 3829 2508 3898 quod
2566 3827 2903 3898 significatur
2937 3845 2950 3881 :
2981 3828 3024 3882 si
3078 3827 3304 3892 bonum,
3339 3827 3426 3881 vel

1851 3922 2100 3985 charum,
2145 3928 2198 3974 et
2229 3919 2628 3985 honorandum,
2675 3920 2760 3972 vel
2795 3919 3028 3972 sublime
3056 3919 3426 3972 nominaveris

1853 4013 1902 4066 id
1959 4011 2098 4081 quod
2142 4011 2298 4081 juxta
2349 4011 2738 4064 beatitudinem
2798 4010 2939 4063 hanc
2971 4025 3068 4078 per
3107 4008 3431 4078 promissio-

1853 4117 1974 4156 nem
1995 4101 2328 4170 propositum
2351 4110 2454 4164 est,
2478 4100 2710 4168 amplius
2726 4115 2888 4168 quam
2906 4113 3002 4166 pro
3026 4098 3426 4166 significatione

1855 4192 2066 4244 illorum
2108 4189 2386 4244 nominum
2436 4189 2746 4242 declaratur
2779 4206 2790 4240 :
2822 4194 3046 4255 superat
3081 4192 3264 4239 votum
3291 4201 3424 4254 pro-

1853 4299 1978 4352 Sper
2007 4297 2294 4338 successus
2329 4288 2382 4335 et
2408 4279 2641 4334 felicitas
2685 4294 2805 4348 quae
2833 4277 3190 4346 consequitur
3217 4297 3229 4331 :
3261 4293 3428 4346 supra

1855 4387 2004 4441 spem
2052 4372 2276 4435 donum,
2321 4385 2484 4440 supra
2525 4377 2774 4422 naturam
2811 4370 2986 4438 gratia
3022 4377 3126 4424 est.
3171 4369 3312 4433 Quid
3344 4375 3430 4421 est

1857 4465 2017 4517 homo
2047 4463 2090 4516 si
2118 4477 2242 4515 cum
2277 4461 2459 4514 divina
2497 4469 2692 4514 natura
2717 4463 3106 4529 comparetur?
3133 4461 3426 4530 cujusuam

1856 4562 2169 4610 sanctorum
2203 4552 2474 4621 proferam
2512 4567 2718 4615 vocem,
2777 4567 2874 4620 per
2923 4568 3087 4623 quam
3122 4567 3293 4622 genus
3327 4551 3430 4603 bu-

1855 4661 2076 4698 manum
2111 4643 2477 4697 extenuatur?
2525 4641 2826 4696 secundum
2873 4643 3244 4698 Abrahamum
3287 4651 3430 4696 terra

1853 4753 1918 4793 ac
1965 4735 2164 4790 cinis"
2199 4753 2213 4800 ;
2251 4734 2552 4790 secundum
2607 4733 2806 4789 Isaiam
2859 4737 3087 4801 fenum;
3127 4735 3430 4790 secundum

1854 4828 2112 4882 Davidem
2161 4844 2230 4880 ne
2287 4826 2467 4881 fenum
2503 4825 2747 4894 quidem,
2795 4827 2890 4882 sed
2941 4827 3118 4882 simile
3149 4826 3274 4880 feno
3323 4833 3434 4878 est.

1854 4919 1987 4974 Nam
2011 4920 2101 4976 ille
2127 4917 2344 4989 quidem
2389 4917 2522 4972 dicit
2559 4937 2573 4973 :
2614 4917 2797 4973 Omnis
2827 4933 2952 4972 caro
2987 4918 3163 4988 fenum
3193 4917 3238 4947 °°
3267 4933 3281 4980 ;
3339 4915 3430 4968 hic

1856 5026 1984 5064 vero
2016 5009 2090 5064 ait
2121 5029 2134 5064 :
2165 5009 2337 5063 Homo
2370 5009 2522 5079 quasi
2551 4997 2788 5076 fenmn“
2819 5027 2833 5075 ;
2883 5009 3182 5064 secundum
3237 5007 3426 5061 Eccle-

1857 5104 2101 5169 siastem,
2121 5103 2393 5156 vanitas"
2420 5101 2751 5167 ;secundum
2766 5101 2996 5156 Paulum
3025 5101 3244 5155 miseria
3269 5098 3429 5153 est".

1857 5195 2066 5263 Quibus
2101 5194 2244 5250 enim
2281 5195 2521 5263 seipsum
2551 5193 2847 5261 Apostolus
2881 5193 3065 5247 verbis
3095 5191 3434 5257 denominat,

1863 5289 1948 5344 IIIS
1993 5287 2309 5342 universum
2361 5301 2536 5356 genus
2595 5285 2893 5336 humanum
2945 5284 3255 5338 miseratur.
3313 5280 3437 5336 [hec

1865 5381 2027 5434 homo
2069 5397 2084 5430 :
2133 5377 2278 5434 Deus
2323 5384 2503 5430 autem
2551 5375 2684 5444 quid
2739 5376 2862 5428 est?
2918 5374 3201 5441 Quomodo
3257 5373 3435 5427 dicam

1863 5473 2016 5543 quid,
2047 5472 2205 5540 cujus
2231 5485 2298 5525 ne
2325 5469 2542 5524 videndi
2588 5467 2828 5537 quidem,
2859 5482 2958 5521 nec
3001 5467 3226 5520 auribus
3263 5465 3409 5535 perci

1867 5563 2068 5633 pientli,
2099 5576 2274 5630 neque
2307 5559 2472 5615 corde
2511 5557 3008 5627 comprehendendi
3047 5567 3288 5627 potestas
3315 5554 3440 5611 est?

2378 5673 2423 5706 θ’
2466 5672 2645 5729 Eccle.
2675 5687 2714 5736 ι,
2755 5671 2809 5725 2.
2889 5672 2934 5704 ⁸³
2969 5669 2987 5724 I
3027 5671 3151 5726 Cor.
3195 5687 3280 5732 xv,
3310 5667 3396 5728 l9,
