3838 6220
188 287 318 364 test

1216 284 1306 340 DE
1334 281 1944 343 BEATITUDINlBUS.
2007 280 2264 338 ORATIO
2313 280 2424 338 VII.

3295 249 3456 362 pisse

258 400 336 454 Τδ
369 399 471 472 μὲν
500 394 595 455 οὖν
639 399 872 455 ἔπαθλον
903 400 1250 471 τηλικοῦτονο
1292 405 1322 456 6
1364 402 1420 456 δὲ
1461 391 1620 464 ἆθλος
1650 399 1735 464 τίς
1761 417 1775 465 ;

1951 397 2030 452 Ac
2082 398 2364 470 praemium
2417 396 2634 466 quidem
2687 397 3006 469 certaminis
3049 401 3263 454 tantum
3317 407 3452 453 est:

197 491 330 545 Ἐὰν
373 493 802 566 είρηνοποιήσῃ,
853 494 1028 562 φησὶ,
1069 495 1136 567 τῇ
1183 493 1283 563 τῆς
1340 491 1632 555 ύποθεσίας
1677 491 1773 563 χά-

189 600 302 655 ριτι
346 583 760 656 στεφανωθήσῃ.
817 583 969 655 Ἐμοὶ
1015 585 1161 638 δοκεῖ
1205 585 1300 638 καὶ
1335 584 1398 638 τὸ
1429 583 1588 654 ἔργον
1616 585 1702 654 ἐφ’
1728 577 1774 652 ᾧ

186 675 279 726 τὸν
296 673 546 728 τοσοῦτον
577 675 766 743 μισθὸν
789 675 1184 744 ἐπαγγέλλεται
1207 676 1394 747 ἕτερον
1411 675 1583 746 δῶρον
1609 672 1770 732 εἶναι.

188 765 254 816 Τί
284 763 394 836 γὰρ
421 767 499 828 είς
529 766 736 819 ἀπόλαυ
747 783 828 819 σιν
853 766 963 818 τῶν
985 766 1126 818 κατά
1151 766 1242 819 τὸν
1273 766 1386 836 βίον
1408 755 1778 838 σπουδαζομέ-

188 874 298 909 νων
333 861 433 928 τῆς
472 859 754 928 εἰρηνικῆς
792 860 908 912 ἐστι
948 861 1060 921 τοῖς
1094 857 1403 930 ἀνθρώποις
1443 859 1774 931 γλυκύτερον

190 946 372 1016 ζωῆς;
394 949 583 1020 ὅτιπερ
600 947 664 1001 ἂν
679 951 839 1022 εἴπῃς
861 949 967 1002 τῶν
989 950 1161 1020 ἡδέων
1177 949 1316 1003 κατά
1332 951 1428 1021 τὴν
1445 950 1609 1022 ζωὴν,
1625 953 1777 1023 είρὴ-

191 1057 290 1109 νης
311 1039 501 1110 χρῄζει
523 1040 582 1092 τὸ
602 1035 740 1093 εἶναι
756 1037 874 1112 ἡδύ.
899 1042 962 1094 El
979 1043 1086 1111 γὰρ
1105 1043 1282 1095 πάντα
1296 1043 1402 1113 εῐη,
1420 1043 1519 1096 ὅσα
1535 1043 1776 1096 κατὰτὸν

194 1127 309 1198 βίον
321 1131 628 1201 τετίμηται,
646 1129 897 1199 πλοῦτος,
911 1131 1113 1197 εὐεξία,
1127 1135 1363 1204 γαμετὴ,
1382 1135 1591 1198 παῖδες,
1605 1136 1776 1199 οίκία,

191 1221 392 1286 γονεῖς,
439 1220 728 1290 ὑπηρέται,
768 1220 946 1290 φίλοιο
992 1222 1083 1292 γῆ,
1125 1222 1387 1286 θάλασσα,
1419 1226 1529 1287 τοῖς
1561 1225 1780 1286 οἰκείοις

191 1312 432 1380 ἑκατέρα
491 1310 853 1376 πλουτίζουσα
879 1329 893 1344 ·
947 1313 1286 1385 παράδεισοι,
1330 1313 1512 1385 θῆραι,
1558 1314 1776 1386 λουτρὰ,

191 1404 551 1474 παλαῖστραι,
585 1405 895 1474 γυμνάσια·
943 1405 1295 1477 τρυφητήριά
1337 1421 1395 1457 τε
1441 1405 1534 1458 καὶ
1574 1404 1780 1476 ἡϐητή-

192 1512 288 1564 ρια
313 1511 328 1525 ο
373 1495 466 1548 καὶ
505 1495 702 1560 πάντα,
751 1497 853 1550 ὅσα
903 1497 1020 1548 ἐστὶ
1059 1497 1156 1568 τῆς
1185 1497 1373 1568 ἡδονῆς
1401 1497 1777 1568 ἐφευρήματα·

200 1587 553 1659 προσκείσθω
580 1587 788 1651 τούτοις
809 1589 879 1641 τὰ
899 1589 1030 1658 ἡδέα
1051 1589 1318 1658 θεάματα,
1341 1591 1432 1642 καὶ
1457 1591 1524 1644 τὰ
1547 1589 1782 1660 μουσικά

194 1679 562 1750 ἀκροάματα·
604 1680 698 1732 καὶ
741 1679 796 1733 εί
822 1697 876 1732 τι
913 1681 1040 1734 ἄλλο
1088 1682 1154 1736 δι’
1204 1674 1264 1734 οὗ
1299 1683 1412 1744 τοῖς
1443 1681 1720 1752 τρυφῶσιν
1752 1683 1781 1734 ὁ

1874 497 2157 542 certamen
2197 501 2328 540 vero
2371 486 2558 556 quod?
2595 484 2651 540 Si
2691 485 2885 541 fueris
2911 487 3197 557 paciﬁcus,
3249 487 3452 557 inquit,

1874 579 2186 650 adoptionis
2221 579 2420 634 decore
2453 579 2835 634 coronabcris.
2893 578 3023 633 Mihi
3077 580 3244 635 etiam
3312 594 3452 650 opus

1867 671 2053 742 ipsum
2083 679 2307 742 propter
2347 671 2493 741 quod
2519 675 2744 725 tantam
2796 671 3104 728 mercedem
3139 671 3454 742 pollicetur,

1875 765 2108 817 alterum
2133 761 2338 816 donum
2363 776 2486 816 esse
2504 753 2738 816 videtur.
2769 761 2910 828 Quid
2959 762 3106 817 enim
3137 761 3458 816 hominibus

1875 868 1938 907 ex
2000 855 2068 908 iis
2129 854 2294 908 rebus
2357 853 2558 922 quibus
2615 852 2720 906 frui
2782 867 2946 922 atque
3009 854 3172 924 potiri
3231 855 3458 909 student

1876 943 1989 997 vita
2030 944 2255 1013 paciﬁca
2297 943 2512 997 dulcius
2540 942 2669 996 est?
2712 943 3089 1012 Quodcunque
3133 945 3447 998 nominave-

1878 1038 1956 1092 ris
2003 1053 2067 1092 ex
2117 1037 2185 1091 iis
2221 1037 2385 1091 rebus
2404 1051 2525 1106 quae
2556 1051 2646 1091 res
2686 1035 2740 1089 in
2776 1037 2882 1089 vita
2931 1051 3130 1091 suaves
3162 1047 3216 1091 et
3253 1036 3458 1105 jucun-

1879 1130 1963 1185 da“.
2001 1137 2166 1192 sunt,
2219 1143 2352 1199 pace
2394 1143 2532 1198 opus
2583 1128 2744 1181 habet
2791 1127 2857 1181 ad
2908 1128 3010 1181 hoc
3053 1136 3113 1181 ut
3145 1127 3454 1197 jucundum

1880 1224 1969 1277 sit.
2009 1222 2138 1275 l\am
2185 1222 2231 1274 si
2271 1221 2454 1274 omnia
2490 1226 2803 1290 suppetant,
2848 1235 3189 1290 quaecunque
3243 1219 3298 1273 in
3343 1221 3455 1274 vita

1881 1312 2204 1382 maguiﬂunt
2255 1321 2419 1380 atque
2473 1313 2526 1366 in
2579 1313 2754 1381 pretio
2800 1320 2966 1375 sunt,
3031 1313 3254 1377 divitiae,
3314 1311 3454 1375 bona

1881 1402 2167 1466 Valetudo,
2225 1418 2392 1466 uxor,
2446 1402 2640 1467 liberi,
2687 1403 2920 1469 domus,
2956 1415 3250 1472 parentes,
3296 1404 3460 1458 mini-

1881 1494 2004 1559 stri,
2054 1494 2448 1561 amici:terra,
2481 1509 2650 1560 mare,
2683 1496 2926 1566 propriis
2973 1496 3334 1566 proventibus
3403 1505 3458 1551 et

1882 1587 1986 1641 hoc
2023 1597 2076 1642 et
2103 1587 2193 1641 illa
2245 1588 2428 1642 ditans
2461 1607 2474 1642 :
2509 1588 2654 1642 horti
2682 1591 2906 1655 amomi,
2928 1575 3270 1662 venationes,
3306 1591 3457 1646 lava-

1883 1696 1998 1744 cra,
2027 1681 2311 1752 palaestras,
2336 1677 2621 1752 gvmnasia
2646 1699 2661 1736 :
2688 1682 2807 1735 loca
2835 1681 3048 1736 deliciis
3077 1673 3130 1735 et
3163 1683 3460 1758 voluptati-

192 1748 311 1840 βίος
343 1770 612 1840 ἡδύνεται.
655 1770 720 1824 El
767 1770 938 1824 ταῦτα
995 1773 1092 1842 μὲν
1129 1775 1214 1843 εῖη
1255 1748 1644 1835 πάνταίτὸῖδὲ
1678 1773 1779 1844 τῆς

1889 1774 1986 1829 bus
2027 1748 2310 1844 capiendis
2341 1748 2782 1843 exercendaque
2832 1775 2961 1844 pubi
3011 1748 3320 1838 destinata,
3374 1786 3460 1830 at-

190 1863 422 1933 εἰρήνης
450 1862 655 1930 ἀγαθὸν
704 1862 778 1934 μὴ
817 1866 990 1934 παρῇ,
1026 1863 1078 1917 τί
1112 1865 1300 1938 κέρδος
1329 1865 1582 1930 ἐκείνων,
1614 1864 1776 1917 πολέ-

194 1970 303 2020 μου
331 1953 441 2006 τῶν
462 1953 683 2022 ἀγαθῶν
709 1953 808 2024 τὴν
824 1955 1122 2009 ’ἀπόλαυσιν
1145 1956 1559 2022 ἐπικόπτοντος;
1587 1955 1781 2009 οὐκοῦν

189 2046 226 2114 ἡ
282 2044 475 2115 είρήνη
524 2044 664 2116 αὕτη
697 2062 755 2098 τε
802 2046 958 2118 ἡδεῖά
1003 2048 1119 2100 ἐστι
1169 2050 1280 2111 τοῖς
1330 2048 1646 2120 μετέχουσι,
1686 2048 1781 2101 καὶ

192 2136 378 2188 πάντα
407 2136 829 2203 καταγλυκαίνει
852 2137 920 2190 τά
951 2138 1010 2190 ἐν
1037 2137 1116 2208 τῷ
1147 2137 1246 2209 βίῳ
1273 2137 1578 2209 τιμώμενα.
1622 2138 1784 2192 Ἀλλὰ

197 2227 308 2280 κάν
345 2243 468 2280 τινα
510 2228 795 2298 συμφοράν
843 2229 984 2283 κατά
1014 2229 1076 2283 τὸ
1126 2229 1464 2301 ἀνθρώπινον
1504 2231 1564 2283 ἐν
1593 2232 1781 2304 εἰρήνῃ

195 2317 488 2388 πάθωμεν,
515 2319 707 2389 ἀγαθῴ
735 2319 796 2372 τὸ
840 2321 1009 2374 κακὸν
1045 2321 1485 2391 συγκεκραμένον
1516 2323 1644 2392 ῥᾷον
1673 2327 1784 2387 τοῖς

193 2407 496 2459 πεπονθόσι
524 2408 733 2477 γίνεται
753 2423 768 2440 °
811 2409 1047 2479 πολέμου
1075 2410 1132 2463 δὲ
1161 2411 1260 2481 τὴν
1281 2409 1424 2482 ζωὴν
1450 2413 1780 2483 συνέχοντος,

192 2497 635 2568 ἀναισθητοῦμεν
671 2499 872 2570 τρόπον
903 2501 1026 2554 τινά
1058 2502 1195 2573 πρὸς
1250 2501 1348 2564 τὰς
1389 2503 1642 2568 τοιαύτας
1675 2505 1784 2558 τῶν

193 2589 463 2660 λυπηρῶν
493 2592 766 2662 ἀφορμάς.
809 2593 1170 2664 ’Υπερϐάλλει
1205 2594 1314 2664 γάρ
1359 2597 1482 2658 ταῖς
1529 2595 1784 2665 ἀλγηδόσι

193 2683 268 2735 τά
314 2679 436 2734 καθ’
485 2683 714 2736 ’ἑκαστον
763 2686 796 2756 ἡ
839 2686 990 2758 κοινὴ
1038 2687 1312 2757 συμφορά.
1362 2687 1472 2740 Καὶ
1515 2687 1703 2760 ὥσπερ
1735 2689 1786 2742 οἱ

197 2777 382 2845 ἰατροὶ
412 2775 542 2846 περὶ
569 2775 677 2828 τῶν
711 2776 1040 2846 σωματικῶν
1071 2777 1287 2846 λέγουσι
1332 2778 1672 2850 παθημάτων
1690 2823 1706 2848 ,
1736 2781 1786 2834 εί

194 2867 297 2918 δύο
325 2869 446 2919 κατ’
477 2867 640 2920 αὑτὸν
670 2869 728 2920 ἐν
755 2868 836 2920 ἐνὶ
868 2869 1082 2938 σώματι
1122 2870 1273 2924 πόνοι
1305 2871 1658 2941 συμπέσοιεν,
1689 2872 1784 2926 τοῦ

197 2955 632 3028 ὑπερϐαλλόντπ
674 2956 835 3027 μόνου
882 2957 980 3028 τὴν
1031 2943 1280 3028 αἴσθησιν
1333 2959 1616 3027 γίνεσθαι’
1659 2960 1785 3012 λαν-

1882 1879 1990 1934 que
2027 1866 2212 1919 omnia
2250 1879 2592 1934 quaecunque
2649 1865 2948 1932 voluptatis
3005 1867 3226 1922 inventa
3281 1875 3456 1924 sunt:

1882 1955 1990 2010 huc
2029 1954 2360 2024 adjiciantur
2391 1954 2636 2024 jucunda
2673 1956 3006 2026 spectacula,
3052 1963 3218 2026 atque
3251 1959 3461 2011 musica

1884 2057 2232 2112 acroamata,
2273 2063 2337 2103 ac
2374 2048 2420 2104 si
2451 2047 2582 2118 quid
2626 2055 2712 2104 est
2754 2047 2903 2102 aliud
2938 2064 3032 2116 per
3066 2049 3208 2120 quod
3239 2043 3463 2106 delicias

1884 2138 2224 2193 sectantibus
2266 2137 2380 2192 vita
2433 2138 2622 2192 suavis
2669 2138 2886 2193 exsistit
2923 2157 2936 2193 :
2975 2140 3022 2195 si
3073 2139 3190 2195 haec
3243 2141 3462 2212 quidem

1884 2231 2066 2284 omnia
2092 2237 2401 2300 suppetant,
2431 2229 2582 2300 pacis
2604 2245 2732 2286 vero
2752 2231 2955 2286 bonum
2987 2247 3095 2286 non
3127 2233 3291 2300 adsit,
3314 2232 3461 2304 quod

1886 2323 2104 2377 illarum
2140 2338 2322 2377 rerum
2357 2323 2566 2377 lucrum
2591 2323 2714 2377 est?
2741 2323 2870 2392 quid
2901 2325 2991 2378 illa
3030 2333 3282 2394 prosunt,
3319 2328 3463 2384 bello

1885 2415 2182 2481 quominus
2227 2414 2386 2468 bonis
2444 2413 2693 2466 fruamur
2747 2411 3111 2482 impediente?
3153 2414 3296 2486 Ergo
3339 2432 3462 2472 cum

1887 2506 2006 2576 ipsa
2039 2520 2142 2575 pax
2179 2504 2486 2558 {ruentibus
2521 2503 2761 2572 jucunda
2793 2512 2898 2568 est,
2945 2513 3060 2559 tum
3103 2508 3285 2561 omnia
3319 2523 3467 2583 qua:-

1887 2612 2103 2666 cunque
2148 2597 2203 2650 in
2245 2597 2351 2649 vita
2383 2597 2661 2661 coluntur,
2689 2605 3037 2667 expetuntur,
3072 2608 3127 2654 et
3188 2600 3242 2654 in
3287 2603 3467 2672 pretio

1889 2698 2038 2754 sunt,
2063 2689 2247 2744 dulcia
2267 2689 2432 2743 ellicit
2463 2689 2904 2759 atquejucunda.
2938 2689 3078 2756 Quin
3097 2693 3258 2747 etiam
3288 2695 3332 2748 si
3356 2711 3466 2765 qua

1887 2795 2040 2836 more
2090 2781 2331 2834 humano
2387 2780 2546 2834 nobis
2591 2780 2648 2834 in
2699 2795 2833 2850 pace
2884 2782 3169 2838 calamitas
3229 2786 3465 2853 accidat,

1890 2874 2033 2928 bono
2061 2872 2266 2926 malum
2298 2879 2769 2941 contemperatum
2807 2873 2978 2928 levius
3012 2889 3076 2929 ac
3117 2875 3348 2932 toleratu
3381 2878 3466 2932 fa-

1890 2964 2070 3028 cilius,
2123 2961 2325 3032 quibus
2375 2961 2600 3023 accidit,
2639 2962 2893 3030 exsistit;
2949 2964 3090 3018 bello
3133 2957 3264 3021 vero
3297 2967 3465 3022 vitam

197 3048 386 3102 θάνειν
435 3049 493 3101 δέ
540 3065 658 3112 πως
690 3050 783 3101 τοῦ
823 3049 1103 3112 ἐλάττονος
1147 3049 1318 3102 κακοῦ
1349 3049 1446 3122 τὴν
1483 3051 1780 3121 ἀλγηδόνα,

1893 3063 2191 3123 premente,
2244 3067 2408 3108 sensu
2446 3051 2852 3122 quodammodo
2901 3050 3162 3110 adversus
3195 3057 3467 3126 ejusmodi

195 3143 269 3209 τῇ
303 3139 525 3211 ἐπιϐολῇ
560 3139 654 3192 τοῦ
689 3141 1112 3211 ἐπικρατοῦντος
1143 3140 1610 3212 ἐκκλεπτομένην’
1642 3141 1784 3197 οὕτω

193 3235 272 3286 τὰ
300 3233 393 3286 τοῦ
433 3234 668 3304 πολέμου
712 3233 858 3286 κακά
898 3237 1013 3297 τοῖς
1044 3233 1310 3302 ἀλγεινοῖς
1342 3234 1784 3304 ὑπερϐάλλοντα,

197 3326 341 3396 πρὸς
366 3325 465 3388 τὰς
497 3326 630 3389 ἰδίας
663 3326 945 3396 συμφορὰς
971 3325 1312 3396 ἀναισθήτως
1334 3324 1478 3395 ἔχειν
1513 3326 1640 3390 τοὺς
1665 3325 1784 3380 καθ’

197 3419 438 3470 ἕκαστον
485 3417 915 3490 παρασκευάζει.
964 3418 1026 3470 Εἰ
1055 3417 1110 3470 δὲ
1157 3417 1295 3488 πρὸς
1324 3417 1422 3488 τὴν
1461 3417 1569 3471 τῶν
1600 3417 1787 3473 κακῶν

198 3509 314 3564 τῶν
349 3511 494 3563 ἰδίων
536 3509 787 3580 αἴσθησιν
820 3510 1106 3579 ἀποναρκᾷ
1135 3527 1250 3572 πως
1280 3511 1313 3580 ἡ
1339 3509 1507 3580 ψυχὴ,
1535 3511 1646 3574 τοῖς
1676 3526 1786 3562 κοι-

199 3609 318 3668 νοῖς
347 3604 443 3658 τοῦ
501 3604 739 3674 πολέμου
790 3605 980 3665 κακοῖς
1026 3602 1474 3673 ἐκπεπληγμένη,
1523 3603 1641 3666 πῶς
1678 3601 1788 3657 τῶν

201 3697 381 3769 ἡδέων
428 3697 676 3765 αἴσθησιν
716 3695 861 3761 ἐξεις
911 3693 1022 3747 Ποῦ
1065 3695 1206 3748 ὅπλα
1240 3695 1334 3748 καὶ
1357 3695 1534 3758 ἵπποι,
1568 3695 1662 3747 καὶ
1695 3710 1788 3746 τεο

205 3790 316 3859 θηγ
324 3788 482 3858 μένος
500 3788 614 3858 σίδη
623 3804 732 3859 ρος,
751 3787 845 3843 καὶ
868 3785 1102 3855 σάλπιγξ
1118 3785 1360 3856 ἡχοῦσα;
1396 3786 1492 3839 καλ⁵
1514 3787 1790 3856 φάλαγγες

203 3883 324 3943 τοῖς
362 3880 550 3949 δόρασι
575 3880 897 3950 φρίσσουσαι
916 3919 931 3944 ,
959 3879 1052 3932 καὶ
1077 3877 1301 3940 ἀσπίδες
1320 3877 1754 3948 συνερειδόμεναι
1770 3915 1787 3941 ,

206 3974 309 4028 καὶ
366 3973 538 4044 κράνη
580 3975 694 4034 τοῖς
735 3972 917 4040 λόφοις
959 3969 1205 4040 φοϐερῶς
1252 3969 1601 4034 ὲπινεύοντα,
1647 3987 1789 4038 συμ-

206 4065 472 4129 πτώσεις,
507 4064 758 4136 ὠθισμοὶ.
808 4062 1139 4134 συμπλοκαὶ,
1167 4061 1362 4133 μάχαι,
1387 4060 1789 4132 ἀνδροκτασίαι,

207 4161 402 4228 φυγαὶ,
438 4158 664 4223 διώξεις,
685 4156 942 4228 οἰμωγαὶ,
966 4155 1299 4227 ἀλαλαγμοὶ,
1334 4155 1404 4226 γῆ
1435 4157 1545 4217 τοῖς
1566 4153 1792 4224 αἴμασιν

210 4252 616 4324 ύγραινομένη,
656 4250 841 4322 νεκροὶ
865 4247 1224 4319 πατούμενοι,
1260 4245 1592 4318 τραυματίαι
1623 4263 1791 4299 κατα-

207 4345 524 4414 λιιιπόμενοι
542 4383 556 4407 ,
587 4343 682 4396 καλ⁵
710 4343 1179 4405 πάπαόσαέντοῖς
1197 4339 1412 4409 πικροῖς
1440 4338 1556 4389 ἐστι
1579 4336 1670 4389 τοῦ
1699 4354 1794 4389 πο-

1887 3146 2211 3202 acerbarum
2242 3159 2423 3199 rerum
2462 3157 2627 3198 casus
2667 3137 2936 3201 caremus.
2969 3144 3288 3202 Communis
3321 3150 3469 3204 enim

1887 3239 2172 3292 calamitas
2206 3236 2395 3290 dolore
2442 3243 2666 3306 superat
2708 3236 3055 3294 incommoda
3104 3241 3467 3311 singulorum.

1887 3333 1967 3384 Ac
1994 3328 2452 3400 quemadmodum
2485 3328 2684 3385 medici
2725 3331 2793 3386 dc
2827 3332 3078 3402 corporis
3106 3331 3472 3390 incommodis

1889 3422 2101 3485 dicunt,
2133 3436 2258 3474 cum
2301 3421 2412 3475 duo
2442 3422 2606 3477 simul
2638 3421 2693 3476 in
2731 3437 2839 3476 uno
2868 3438 3098 3493 corpore
3136 3425 3311 3480 morbi
3338 3441 3472 3481 con-

1889 3512 2187 3574 currerint,
2225 3512 2398 3567 solius
2420 3512 2806 3580 cxsuperantis
2833 3527 3054 3567 sensum
3085 3515 3374 3579 exsistere,
3405 3531 3471 3571 ac

1891 3604 2062 3658 latere
2105 3602 2514 3673 quodammodo
2559 3603 2688 3656 mali
2738 3602 3016 3658 inferioris
3064 3604 3330 3671 dolorem,
3369 3606 3472 3660 im-

1891 3710 2084 3750 mensa
2133 3703 2298 3766 atque
2331 3694 2688 3765 insuperabili
2720 3695 3097 3765 magnitudine
3127 3699 3472 3766 praevalentis

1891 3786 2164 3852 celatum;
2240 3785 2427 3840 itidem
2489 3787 2834 3839 incommoda
2896 3787 3021 3841 belli
3083 3791 3472 3859 exsuperantia

1892 3875 2245 3932 acerbitatem
2281 3875 2542 3938 cﬂiciunt,
2588 3887 2648 3929 ut
2693 3877 2942 3947 proprias
2984 3879 3324 3937 calamitates
3369 3881 3472 3937 bo-

1894 3971 2070 4025 mines
2124 3969 2432 4041 singulares
2477 3984 2588 4022 non
2639 3969 2897 4024 sentiant.
2930 3968 3089 4036 Quod
3134 3972 3179 4026 si
3230 3973 3296 4027 ad
3345 3989 3475 4043 pro-

1893 4061 2136 4132 priorum
2176 4060 2648 4115 incommodorum
2691 4075 2913 4115 sensum
2956 4062 3176 4119 animus
3215 4061 3476 4132 quodam-

1894 4149 2055 4204 modo
2080 4157 2259 4219 torpet
2298 4147 2682 4204 communibus
2716 4148 2843 4203 belli
2875 4149 3037 4202 malis
3063 4157 3472 4215 consternatus,

1893 4238 2172 4310 quomodo
2211 4239 2509 4308 voluptatis
2565 4254 2730 4293 sensu
2774 4239 3034 4302 fruetur?
3081 4242 3170 4296 ubi
3219 4257 3372 4297 arma
3420 4253 3476 4299 et

1894 4333 2059 4403 equi;
2114 4331 2203 4386 ubi
2256 4330 2462 4385 ferrum
2525 4339 2748 4384 acutum
2808 4340 2862 4386 et
2912 4333 3040 4386 tuba
3093 4347 3332 4399 sonans;
3381 4333 3476 4390 ubi

208 4438 381 4506 λέμου
423 4433 852 4506 συμπτώμασινς
892 4427 1002 4502 ἆρα
1021 4431 1050 4484 6
1068 4433 1124 4483 ἐν
1144 4429 1350 4492 τούτοις
1365 4430 1440 4482 ὢν
1459 4429 1639 4498 σχέσει
1660 4427 1786 4480 ποτὲ

1899 4425 2197 4495 phalanges
2245 4423 2420 4478 hastis
2466 4422 2933 4486 inborrescentes,
2985 4432 3039 4478 et
3093 4435 3248 4480 scuta
3295 4426 3478 4482 cohae-

211 4531 354 4600 πρὸς
374 4527 472 4598 τὴν
504 4525 598 4578 τοῦ
616 4523 996 4595 εὐφραίνοντος
1026 4523 1243 4592 μνήμην
1269 4521 1361 4574 τὸν
1381 4520 1637 4590 λογισμὸν
1659 4519 1796 4572 ὐπο-

211 4624 429 4684 κλῖναις
464 4618 526 4671 Ei
553 4617 611 4670 δέ
656 4633 758 4669 που
804 4616 898 4668 καὶ
925 4614 1225 4684 ύπώράμοι
1267 4611 1364 4683 τὴν
1400 4609 1577 4682 ψυχὴν
1609 4612 1794 4681 μνήμη

209 4712 325 4765 τῶν
349 4711 578 4780 ἡδίστων
599 4708 741 4772 τινός
764 4725 776 4739 ·
802 4708 920 4778 ούχί
945 4705 1230 4778 προσθήκη
1264 4704 1474 4773 γίνεται
1515 4706 1799 4774 συμφορᾶς

212 4805 274 4854 ἐν
299 4800 380 4870 τῷ
404 4800 511 4853 τῶν
531 4798 791 4852 κινδύνων
815 4796 991 4868 καιρῴ
1007 4798 1040 4866 ἡ
1063 4795 1170 4848 τῶν
1200 4794 1469 4864 φιλτάτων
1493 4793 1799 4864 ὑπόμνησις

211 4894 307 4946 τὸν
330 4891 588 4961 λογισμὸν
613 4889 954 4952 ὑπελθοῦσα;
985 4886 1192 4940 Οὐκοῦν
1217 4887 1245 4938 6
1273 4883 1460 4955 μισθόν
1489 4899 1570 4936 σοι
1600 4883 1796 4950 διδοὺς,

215 4988 265 5037 εἰ
293 4983 406 5036 τῶν
442 4983 584 5036 κατά
617 4981 850 5052 πόλεμον
877 4978 1060 5032 κακῶν
1092 4977 1438 5048 χωρισθείης,
1468 4975 1563 5030 δύο
1595 4992 1678 5028 σοι
1705 4993 1800 5029 κε-

213 5078 476 5148 χάρισται
526 5073 754 5144 δωρεάς.
783 5072 880 5123 Ἓν
911 5071 1006 5141 μὲν
1053 5071 1162 5141 γάρ
1194 5070 1310 5122 ἐστι
1346 5067 1518 5138 δῶρον
1563 5066 1626 5119 τὸ
1664 5065 1799 5119 έπα-

215 5169 344 5222 θλον
366 5185 380 5197 ·
419 5166 603 5236 ἕτερον
652 5164 710 5217 δὲ
740 5162 912 5234 δῶρον
967 5160 1128 5224 αὐτὸς
1151 5163 1180 5214 6
1221 5149 1403 5221 ἆθλος.
1436 5158 1594 5210 Ὥστε
1627 5159 1720 5210 κα)⁸
1751 5160 1800 5211 εί

219 5263 390 5333 μηδὲν
430 5259 510 5330 τῷ
553 5257 778 5328 τοιούτῳ
809 5256 929 5309 κατ’
961 5255 1154 5308 ἐλπίδα
1201 5253 1522 5325 πρόσκειτω
1559 5251 1696 5323 αὐτὴ
1728 5251 1794 5304 δι’

215 5350 416 5421 ἑαυτὴν
466 5350 499 5418 ἡ
530 5349 717 5419 εἰρήνη
750 5347 934 5417 πάσης
988 5345 1053 5398 ἂν
1096 5339 1164 5414 ἦν
1209 5346 1321 5406 τοῖς
1352 5359 1415 5410 γε
1454 5341 1577 5395 νοῦν
1615 5342 1796 5412 ἔχουσι

216 5442 590 5514 προτιμοτέρα
640 5439 892 5510 σπουδῆς.
949 5437 1038 5489 Ἐν
1085 5435 1259 5506 τούτῳ
1315 5434 1494 5488 τοίνυν
1531 5435 1650 5487 ἐστι
1697 5433 1796 5505 τὴν

213 5537 316 5605 τῆς
374 5531 782 5604 φιλανθρωπίας
823 5525 1126 5597 ὑπερϐολὴν
1179 5523 1510 5592 ἐπιγνῶναι,
1555 5523 1638 5576 ὅτι
1696 5527 1796 5590 τὰς

215 5625 434 5696 ἀγαθὰς
454 5623 773 5686 ἀντιδόσεις,
805 5621 866 5673 οὐ
897 5619 1077 5680 πόνοις
1104 5617 1196 5669 καὶ
1224 5615 1461 5685 ἱδρῶσιν,
1486 5614 1600 5668 ἀλλ’
1629 5615 1798 5669 εὐπα-

215 5720 391 5781 θείαις
416 5717 615 5790 τρόπον
656 5713 778 5768 τινὰ
813 5713 908 5765 καὶ
944 5707 1230 5780 θυμηδίαις
1262 5706 1600 5776 κεχάρισται·
1641 5706 1798 5778 εἴπερ

1896 4517 2074 4572 rentia
2118 4515 2327 4579 scutis;
2371 4513 2462 4568 ubi
2499 4513 2667 4584 galea:
2694 4514 2879 4570 cristis
2913 4515 2978 4568 ad
3016 4523 3280 4570 terrorem
3325 4533 3478 4572 com-

1895 4607 2091 4679 positis
2114 4615 2409 4673 nutantes;
2441 4607 2533 4661 ubi
2564 4605 2878 4668 conﬂictus,
2914 4607 3328 4674 impressiones,
3363 4623 3478 4661 ma-

1896 4717 2064 4754 numn
2106 4700 2504 4763 consertiones,
2540 4699 2744 4768 prazlia,
2782 4698 2981 4762 ca'des,
3028 4699 3189 4769 fugae,
3221 4715 3479 4768 persecu-

1899 4797 2098 4858 tiones,
2137 4793 2392 4861 gemitus,
2432 4792 2706 4857 ululatus;
2750 4791 2841 4844 ubi
2880 4799 3025 4844 terra
3061 4794 3329 4862 sanguine
3357 4807 3477 4845 ma-

1899 4884 2026 4948 det;
2076 4883 2277 4938 mortui
2328 4884 2724 4937 conculcantur
2774 4891 2829 4937 et
2879 4884 3242 4948 ohteruntur,
3303 4885 3477 4939 saucii

1900 4977 2380 5046 derelinquuntur,
2419 4984 2581 5046 atque
2634 4977 2816 5030 omnia
2858 4975 2994 5030 ﬁunt
3038 4991 3378 5048 quaecunque
3422 4977 3479 5031 in

1901 5084 2096 5140 aspero
2127 5068 2270 5122 bello
2301 5067 2552 5124 accidere
2579 5067 2797 5123 solent?
2829 5059 3078 5136 nunquid
3107 5069 3162 5122 in
3198 5068 3283 5124 his
3315 5069 3480 5125 rebus

1900 5166 2169 5230 occupato
2195 5159 2366 5213 otium
2397 5174 2636 5229 unquam
2677 5160 2802 5222 erit,
2847 5159 3240 5229 cogitationem
3289 5159 3358 5214 ad
3400 5161 3479 5215 rei

1907 5249 2142 5316 alicujus
2162 5249 2419 5317 jucunda:
2446 5248 2880 5303 recordationem
2905 5248 3259 5303 convertendi
3286 5253 3309 5302 t
3331 5249 3480 5319 quod

1905 5340 1954 5395 si
1978 5337 2198 5410 quando
2225 5339 2464 5392 animum
2489 5338 2683 5393 subeat
2713 5339 2875 5393 etiam
2903 5339 3136 5408 alicujus
3163 5341 3240 5393 rei
3273 5339 3480 5408 jucun-

1903 5432 2145 5486 dissimte
2191 5430 2453 5484 memoria
2487 5448 2500 5485 :
2531 5445 2715 5485 nonne
2765 5433 3073 5485 recordatio
3122 5431 3481 5488 charissima-

1905 5539 2026 5578 rnm
2081 5523 2134 5578 in
2190 5532 2434 5592 tempore
2486 5522 2717 5592 periculi
2774 5522 3156 5594 cogitationem
3221 5524 3478 5585 subiens,

1906 5615 2155 5669 accessio
2203 5615 2532 5668 calamitatis
2574 5614 2666 5667 ﬁt?
2702 5612 2842 5684 Ergo
2883 5615 2977 5683 qui
3028 5614 3332 5668 mercedem
3381 5615 3478 5669 tibi

1911 5708 2186 5780 proponit,
2237 5707 2283 5762 si
2343 5707 2411 5762 ab
2446 5707 2812 5762 incommodis
2856 5708 2983 5763 belli
3027 5718 3078 5764 te
3123 5708 3478 5774 abstinuerit,
