3838 6220
383 318 526 379 1283
1661 324 1722 379 s.
1765 321 2094 395 cncconu
2134 320 2428 377 NYSSENI
3498 320 3638 376 test

373 437 487 494 duo
533 438 630 492 tibi
663 439 805 494 dona
840 439 1094 511 largitur.
1126 439 1260 496 Nam
1304 457 1470 495 unum
1501 442 1722 511 quidem
1751 443 1955 497 donum

2060 443 2118 496 τὸ
2164 443 2455 514 κεφάλαιον
2497 442 2607 496 τῶν
2662 438 3057 512 εύφραινόντων
3079 442 3112 510 ἠ
3144 437 3333 510 εἰρήνη
3364 437 3542 501 ἐστὶν,
3570 439 3645 509 ἢν

375 540 462 583 est
489 531 666 599 ipsum
693 534 976 601 praemium
1002 533 1343 598 certaminis,
1363 535 1592 589 alterum
1616 551 1747 590 vero
1775 535 1952 605 ipsum

2060 536 2324 606 τοσαύτην
2369 535 2586 604 ἑκάστῳ
2634 536 2890 604 παρεῖναι
2921 531 3200 602 βούλεται,
3235 530 3310 592 ὡς
3364 529 3439 600 μὴ
3481 530 3647 598 μόνον

376 630 678 676 certamen.
712 623 897 694 Itaque
935 627 980 681 si
1018 626 1164 680 nulla
1200 625 1249 680 ei
1290 627 1367 680 rei
1398 627 1562 682 etiam
1599 642 1724 696 spes
1755 643 1955 697 propo-

2061 627 2224 679 αὑτὸν
2263 627 2490 680 ἕκαστον
2533 625 2699 696 ἔχειν,
2733 623 2848 677 ἀλλ’
2893 626 2956 676 ἐκ
2985 620 3179 675 πολλοῦ
3221 621 3314 674 τοῦ
3356 621 3649 691 περιόντος

377 713 482 765 sita
532 724 696 778 esset,
755 716 874 787 ipsa
927 728 1148 788 propter
1198 734 1256 774 se
1296 735 1400 789 pax
1449 718 1691 772 cordatis
1740 719 1955 788 quidem

2066 719 2162 772 καὶ
2183 719 2295 780 τοῖς
2327 718 2402 788 μὴ
2431 717 2611 787 ἔχουσι
2641 718 2846 787 νέμειν.

377 803 691 861 hominibus
764 825 874 878 pra:
936 813 1148 866 caeteris
1213 812 1376 866 rebus
1442 812 1699 866 omnibus
1757 811 1955 880 cupide
1993 809 2297 880 expetenda
2331 818 2495 880 atque
2525 808 2900 880 amplectenda
2939 815 3106 862 esset.
3138 803 3239 858 Per
3299 805 3401 859 hoc
3472 803 3654 872 igitur

378 892 804 966 iusuperabilem
864 902 1292 970 magnitudinem
1353 903 1713 956 humanitatis
1781 901 2252 971 agnoscerelicet,
2291 900 2436 970 quod
2478 901 2653 955 bonas
2718 900 3197 954 remunerationes
3265 911 3376 950 non
3430 895 3650 949 labori-

378 985 482 1039 bus
515 1003 578 1040 ac
615 989 933 1051 sudoribus,
963 992 1059 1047 sed
1087 993 1303 1049 deliciis
1342 1002 1397 1048 et
1428 995 1594 1048 animi
1631 995 2090 1049 oblectationibus
2121 991 2521 1061 quodammodo
2560 991 2824 1062 largitur;
2890 991 2936 1046 si
2997 991 3162 1044 modo
3210 987 3650 1042 exhilarantium

378 1091 561 1132 rerum
609 1092 770 1150 caput
817 1093 900 1137 est
947 1099 1071 1153 pax,
1108 1101 1272 1154 quam
1322 1094 1432 1139 tam
1488 1088 1712 1141 multam
1763 1089 1961 1157 cuique
2001 1095 2292 1156 suppetere
2317 1085 2454 1146 vult,
2491 1092 2550 1138 ut
2584 1100 2692 1140 non
2721 1082 2885 1139 modo
2914 1083 3141 1154 quilibet
3177 1081 3295 1150 ipse
3352 1094 3477 1135 eam
3541 1079 3652 1131 ba-

384 1173 530 1235 beat,
581 1173 675 1228 sed
712 1191 778 1229 ex
828 1177 998 1229 multa
1057 1177 1432 1246 superﬂuitate
1475 1197 1582 1235 non
1629 1181 1958 1235 habentibus
1996 1195 2211 1253 quoque
2239 1179 2596 1248 impertiatur.

456 1264 611 1318 Beati
641 1267 810 1332 enim,
846 1270 1046 1338 inquit,
1095 1274 1329 1342 paciﬁci.
1368 1273 1462 1328 Est
1489 1283 1668 1328 autem
1700 1275 1960 1343 paciﬁcus

385 1356 436 1412 is
484 1360 576 1427 qui
615 1375 801 1430 pacem
854 1363 1015 1418 alteri
1057 1364 1180 1430 dat;
1232 1375 1288 1419 at
1316 1381 1476 1421 nemo
1506 1367 1746 1437 praebere
1796 1368 1956 1420 alteri

379 1449 559 1516 possit
611 1449 664 1504 id
713 1452 856 1520 quod
917 1453 1034 1524 ipse
1077 1470 1187 1509 non
1249 1455 1464 1509 habeat.
1526 1455 1651 1510 Vult
1693 1458 1857 1528 igitur
1907 1470 1958 1512 te

380 1539 618 1606 priorem
658 1555 782 1594 esse
823 1541 1040 1610 plenum
1075 1544 1226 1613 pacis
1267 1545 1558 1608 bonorum,
1592 1545 1790 1602 deinde
1825 1563 1952 1602 vero

379 1630 624 1697 praebere
692 1630 1065 1701 indigentibus
1114 1633 1385 1702 ejusmodi
1435 1634 1590 1691 boni.
1663 1637 1772 1689 Nec
1826 1653 1957 1691 vero

2126 1273 2415 1342 Μακάριοι
2442 1273 2572 1342 γὰρ,
2599 1271 2785 1341 φησὶν,
2804 1271 2855 1324 οἰ
2878 1268 3256 1336 εἰρηνοποιοί.
3282 1266 3649 1338 Εἰρηνοποιὸς

2055 1365 2111 1419 δέ
2137 1368 2282 1419 ἐστιν
2318 1369 2346 1418 ό
2383 1367 2604 1434 εἰρήνην
2636 1363 2809 1425 διδοὺς
2841 1363 3013 1432 ἀλλῳο
3045 1363 3147 1414 οὑκ
3166 1359 3230 1413 ἀν
3257 1360 3313 1412 δέ
3343 1378 3425 1422 τις
3463 1359 3647 1429 ἑτέρῳ

2058 1459 2411 1527 παράσχοιτο,
2436 1457 2463 1509 ὃ
2495 1455 2568 1527 μὴ
2595 1456 2754 1517 αὑτὸς
2788 1453 2920 1524 ἔχει.
2952 1452 3205 1506 Βούλεται
3230 1452 3410 1504 τοίνυν
3445 1451 3648 1521 πρότε-

2059 1566 2150 1618 ρον
2203 1543 2346 1600 εἶναί
2395 1565 2453 1600 σε
2507 1547 2687 1618 πλήρη
2737 1545 2846 1597 τῶν
2896 1546 2994 1614 τῆς
3025 1546 3244 1616 εἰρήνης
3278 1543 3480 1604 καλῶν,
3534 1538 3645 1594 εἷθ’

2061 1640 2233 1703 οὑτως
2265 1639 2478 1710 ὀρέγειν
2515 1641 2626 1702 τοῖς
2663 1638 2856 1702 ἐνδεῶς
2893 1638 3073 1708 ἔχουσι
3104 1637 3197 1690 τοῦ
3227 1635 3470 1689 τοιούτου
3505 1635 3648 1703 κτή-

380 1720 545 1774 nimis
595 1721 814 1777 curiose
874 1722 1006 1776 mihi
1053 1725 1230 1778 oratio
1287 1726 1339 1780 in
1393 1726 1662 1795 profundo
1702 1727 1955 1785 latentem

2065 1749 2250 1802 ματος.
2284 1732 2392 1784 Καὶ
2425 1731 2500 1801 μὴ
2525 1731 2645 1784 λίαν
2677 1731 2775 1801 τὴν
2797 1730 2885 1784 διά
2919 1729 3113 1800 βάθους
3146 1728 3379 1799 Θεωρίαν
3412 1743 3648 1798 περιερ-

379 1813 808 1882 speculationem
835 1817 1109 1884 exquirat.
1145 1816 1354 1872 Sullicit
1376 1820 1520 1873 enim
1552 1820 1708 1874 nobis
1735 1820 1800 1874 ad
1828 1823 1951 1876 boni

382 1906 802 1976 acquisitionem
839 1909 1004 1962 etiam
1043 1909 1092 1964 is
1145 1910 1238 1979 qui
1272 1913 1326 1964 in
1363 1919 1617 1982 promptu
1665 1921 1749 1967 est
1796 1914 1956 1969 intel-

381 1997 576 2054 lectus.
627 1997 781 2053 Beati
827 2002 1057 2068 paciﬁci.
1098 2001 1393 2056 Multorum
1440 2003 1756 2058 morborum
1797 2020 1956 2059 cura-

380 2089 584 2144 tionem
626 2107 806 2146 sermo
834 2094 1031 2163 exiguo
1059 2093 1298 2149 remedio
1347 2103 1590 2165 praestat,
1640 2111 1735 2165 per
1789 2097 1952 2151 colle-

380 2183 620 2238 ctionem
670 2184 810 2238 hanc
861 2195 914 2240 et
963 2201 1150 2241 vocem
1197 2188 1505 2257 generalem
1547 2188 1842 2258 singularia
1893 2205 1956 2245 ac

381 2275 636 2344 specialia
691 2277 1182 2346 comprehenderis.
1238 2278 1379 2344 Quid
1441 2281 1511 2334 sit
1567 2295 1668 2348 pax
1722 2283 1953 2350 primum

378 2369 811 2424 consideremus.
865 2369 1017 2436 .Qnid
1075 2371 1220 2426 aliud
1271 2387 1432 2443 quam
1479 2389 1603 2428 cum
1661 2373 1954 2429 dilectione

378 2459 680 2529 conjuncta
724 2461 987 2518 adversus
1031 2465 1348 2533 popularem
1385 2472 1440 2519 et
1469 2464 1775 2534 proximum
1821 2464 1956 2521 alle-

379 2553 492 2606 ctio
542 2554 765 2607 mutua?
807 2554 947 2620 Quid
1009 2556 1174 2624 igitur
1219 2564 1305 2610 est
1351 2555 1443 2618 id.
1495 2556 1640 2627 quod
1678 2557 1957 2612 dilectioni

376 2661 444 2699 ex
479 2644 710 2700 adverso
752 2645 1123 2716 intelligatur?
1151 2647 1360 2710 odium,
1409 2648 1512 2712 ira,
1552 2649 1957 2704 excandescen-

379 2737 476 2801 tia,
511 2737 738 2800 invidia,
775 2737 1100 2806 injuriarum
1136 2748 1297 2792 tenax
1337 2740 1624 2804 memoria,
1657 2741 1954 2802 simulatio.

376 2828 664 2883 calamitas
729 2837 888 2898 atque
941 2829 1126 2884 clades
1181 2830 1327 2884 belli.
1384 2828 1622 2886 Videsne
1694 2832 1958 2889 adversus

377 2928 509 2990 quot
557 2929 612 2975 et
671 2922 864 2991 quales
899 2922 1122 2976 morbos
1163 2923 1320 2992 quasi
1366 2924 1735 2992 prazmuniens
1779 2940 1958 2979 reme-

377 3012 526 3064 dium
560 3027 666 3065 una
697 3013 770 3066 sit
806 3012 944 3065 vox?
978 3011 1112 3065 Nam
1150 3028 1252 3081 pax
1281 3015 1482 3081 cuique
1508 3021 1956 3068 enumeratorum

2054 1820 2305 1891 γαζέσθω
2357 1822 2386 1873 ὁ
2429 1821 2618 1890 λόγος’
2666 1820 2939 1891 αὔταρκες
2987 1820 3095 1891 γὰρ
3131 1822 3264 1890 ἡμῖν
3296 1820 3376 1881 εἰς
3422 1817 3644 1885 ἀγαθοῦ

2054 1913 2270 1982 κτῆσιν,
2297 1915 2390 1965 καὶ
2425 1913 2486 1965 τὸ
2517 1913 2804 1983 πρόχειρον
2838 1913 3033 1982 νόημα.
3069 1913 3354 1979 Μακάριοι
3394 1912 3448 1964 οἱ
3475 1912 3643 1977 εἰρη-

2053 2003 2305 2056 νοποιοί.
2340 2001 2556 2056 Πολλῶν
2590 2003 3038 2074 ἀρρωστημάτων
3074 2001 3369 2073 θεραπείαν
3407 2003 3436 2053 ὁ
3476 2001 3643 2067 λόγος

2055 2095 2112 2148 ἐν
2141 2095 2306 2166 ὀλίγῳ
2332 2095 2636 2168 χαρίζεται,
2670 2095 2758 2148 διὰ
2781 2096 2880 2166 τῆς
2911 2095 3253 2165 περιλήψεως
3292 2094 3498 2164 ταύτης
3541 2095 3645 2146 καί

2063 2185 2436 2257 γενικωτέρας
2461 2187 2642 2257 φωνῆς
2684 2186 3059 2258 ὲκπεριλαϐὼν
3095 2188 3163 2240 τὰ
3212 2186 3330 2240 καθ’
3377 2186 3638 2238 ἕκαστον.

2056 2279 2122 2332 Τί
2164 2279 2308 2331 ἐστιν
2344 2281 2377 2349 ἡ
2431 2281 2620 2350 εἰρήνη
2651 2279 2866 2350 πρῶτον
2915 2282 3216 2349 νοήσωμεν.
3273 2278 3338 2330 Τί
3386 2277 3546 2339 ἄλλο,
3609 2277 3640 2346 ἢ

2057 2371 2372 2439 ἀγαπητικὴ
2404 2387 2486 2432 τις
2516 2369 2650 2439 πρὸς
2678 2371 2737 2422 τὸ
2764 2369 3030 2440 ὁμόφυλον
3058 2369 3426 2432 συνδιάθεσις;
3463 2370 3516 2421 τί
3541 2365 3642 2421 οὖν

2055 2461 2171 2513 ἐστι
2205 2461 2262 2527 ἐξ
2295 2462 2535 2514 ἐναντίου
2566 2465 2631 2532 τῇ
2667 2461 2856 2533 ἀγάπῃ
2884 2461 3199 2531 νοούμενον;
3232 2463 3425 2525 Μίσος,
3455 2461 3598 2531 ὀργὴ
3621 2501 3638 2524 ,

2057 2553 2244 2624 θυμὸς,
2275 2552 2488 2622 φθόνος,
2519 2553 2870 2622 μνησικακία,
2905 2553 3219 2624 ὑπόκρισις,
3243 2555 3276 2623 ἡ
3305 2552 3446 2605 κατά
3477 2552 3642 2606 πόλει·

2061 2662 2160 2714 μον
2204 2645 2476 2715 συμφορά.
2523 2645 2688 2716 Ὀρᾷς
2727 2647 2865 2698 ὅσων
2897 2646 2987 2698 καὶ
3017 2646 3143 2698 οἴων
3181 2646 3641 2716 ἀρρωστημάτων

2056 2737 2469 2808 ἀντιφάρμακόν
2525 2739 2673 2790 ἐστιν
2719 2740 2751 2806 ἠ
2800 2738 2898 2808 μία
2947 2739 3127 2808 φωνής
3184 2737 3247 2788 Ἢ
3294 2738 3402 2807 γὰρ
3441 2739 3639 2808 εξρήνη

2058 2827 2198 2881 κατά
2225 2827 2284 2879 τὸ
2312 2828 2425 2882 ἴσον
2458 2828 2672 2898 ἑκάστῳ
2702 2828 2808 2880 τῶν
2833 2829 3137 2898 εἰρημένων
3162 2829 3638 2890 ἀντικαθίσταται,

2057 2919 2150 2970 καὶ
2187 2919 2488 2990 ἀφανισμὸν
2514 2923 2656 2972 ποιεῖ
2693 2920 2784 2972 τοῦ
2819 2920 2990 2974 κακοῦ
3023 2923 3086 2990 τῇ
3114 2921 3307 2989 ἑαυτῆς
3339 2921 3639 2990 παρουσίᾳ.

2070 3010 2157 3073 Ὦς
2203 3010 2313 3082 γὰρ
2343 3011 2552 3078 ὑγιείας
2583 3011 2944 3080 ἐπιλαϐούσης
2977 3013 3009 3082 ἡ
3039 3012 3190 3073 νόσος
3224 3012 3638 3080 ὲξαιρανίζεται,

378 3106 644 3158 malorum
676 3121 741 3160 ex
781 3119 938 3174 :equo
971 3113 1239 3176 repugnat
1283 3115 1338 3160 et
1372 3104 1718 3170 adversatur,
1758 3108 1952 3174 suique

2059 3104 2148 3155 καὶ
2176 3103 2349 3170 φωτὸς
2385 3104 2642 3172 φανέντος
2683 3105 2781 3174 οὑχ
2816 3104 3164 3156 ὑπολείπεται
3201 3105 3423 3166 σκότος’
3463 3095 3640 3168 οὕτως

379 3196 668 3263 praesentia
720 3195 1072 3250 abolitionem
1118 3195 1246 3249 mali
1288 3202 1531 3265 praastat.
1569 3193 1638 3248 Ut
1667 3197 1814 3250 enim
1852 3212 1950 3250 su-

379 3287 738 3357 perveniente
793 3288 1045 3350 sanitate,
1101 3287 1326 3340 morbus
1374 3287 1674 3349 evanescit,
1729 3301 1793 3340 ac
1835 3287 1955 3340 luce

378 3385 698 3448 apparente,
725 3379 966 3432 tenebrat
991 3393 1099 3432 non
1127 3378 1543 3446 relinquuntur:
1581 3377 1657 3431 ita
1689 3393 1812 3432 cum
1849 3394 1950 3448 pax

379 3468 733 3538 apparuerit,
789 3468 1078 3522 solvuntur
1132 3468 1315 3521 omnia
1371 3484 1493 3538 quae
1544 3484 1612 3523 ex
1676 3471 1954 3524 contrario

379 3561 690 3616 conﬂantur
737 3561 1102 3614 incommoda.
1153 3558 1267 3613 lloc
1298 3575 1428 3614 vero
1456 3568 1718 3629 quantum
1753 3560 1823 3614 sit
1855 3563 1953 3616 bo-

381 3668 539 3718 num,
582 3652 720 3705 nihil
749 3652 948 3721 opinor
974 3666 1113 3720 opus
1145 3665 1268 3704 esse
1298 3651 1549 3721 persequi
1579 3651 1860 3719 oratione;
1895 3661 1954 3706 tu

381 3746 500 3814 ipse
536 3760 629 3814 per
658 3753 710 3799 te
745 3752 935 3812 reputa
980 3752 1142 3812 atque
1186 3743 1460 3812 perpende
1498 3743 1674 3813 qualis
1723 3744 1796 3798 sit
1843 3745 1954 3797 vita

379 3851 572 3892 eorum
607 3835 701 3903 qui
746 3835 950 3889 mutuis
980 3834 1122 3888 odiis
1157 3842 1321 3903 atque
1359 3835 1770 3904 suspicionibus
1801 3835 1956 3889 labo-

379 3937 525 3991 rant,
573 3942 805 3997 quorum
839 3941 1104 3980 occursus
1148 3926 1368 3995 quidem
1424 3934 1585 3995 atque
1624 3943 1956 3996 congressus

381 4020 645 4086 infausti,
701 4019 1090 4073 abominabilia
1155 4029 1337 4072 autem
1393 4027 1555 4088 atque
1613 4019 1955 4074 detestabilia

379 4110 517 4180 ipsis
564 4110 706 4164 inter
771 4123 831 4163 se
887 4109 1118 4162 omnia:
1155 4123 1252 4162 ora
1308 4107 1435 4162 item
1499 4123 1628 4163 voce
1671 4107 1947 4172 carentia;

381 4202 608 4256 obtutus
648 4200 862 4261 aversi;
891 4213 1052 4255 aures
1091 4198 1159 4252 ad
1189 4214 1375 4253 vocem
1417 4197 1544 4253 odio
1576 4200 1956 4268 prosequentis

380 4303 436 4348 et
458 4293 586 4348 odio
624 4292 791 4346 habiti
829 4291 1096 4345 obturatas
1127 4289 1429 4360 ;quidquid
1471 4290 1722 4344 alterutri
1765 4305 1954 4344 eorum

381 4385 610 4439 charum
642 4393 748 4447 est,
778 4381 829 4436 id
869 4383 1026 4436 alteri
1063 4382 1298 4437 invisum
1331 4400 1345 4436 :
1379 4391 1542 4450 atque
1572 4398 1638 4435 ex
1678 4384 1955 4436 contrario

2054 3196 2148 3248 καὶ
2179 3196 2277 3264 τῆς
2311 3197 2532 3266 εἰρήνης
2570 3196 2957 3265 ἐπιφανείσης,
3023 3193 3205 3248 λύεται
3241 3195 3421 3248 πάντα
3469 3196 3539 3249 τὰ
3573 3198 3640 3249 ἐκ

2053 3285 2145 3337 τοῦ
2175 3287 2414 3338 ἐναντίου
2450 3286 2809 3356 συνιστάμενα
2836 3287 3002 3358 πάθη.
3033 3286 3200 3340 Τοῦτο
3229 3287 3286 3340 δὲ
3324 3288 3448 3339 ὅσον
3483 3289 3637 3341 ἐστὶν

2055 3377 2278 3445 ἀγαθὸν,
2304 3377 2455 3431 οὐδὲν
2483 3374 2636 3447 οἶμαι
2671 3379 2865 3447 χρῆναι
2897 3379 3146 3444 διεξιέναι
3173 3379 3250 3449 τῷ
3273 3379 3416 3449 λόγῳ
3441 3381 3635 3443 αὐτός’

2057 3472 2121 3523 σὺ
2147 3469 2287 3523 κατά
2317 3470 2540 3522 σεαυτὸν
2565 3471 2950 3538 ὲπιλελόγισαι.
2985 3466 3092 3534 οἷος
3125 3473 3152 3523 ὁ
3184 3471 3296 3540 βίος
3327 3472 3436 3524 τῶν
3471 3472 3637 3542 ἀλλή-

2057 3562 2182 3624 λους
2206 3563 2272 3615 δι’
2307 3563 2538 3630 ὑποψίας
2580 3564 2674 3616 καὶ
2709 3563 2901 3633 μίσους
2936 3563 3184 3632 ἐχόντων,
3216 3557 3290 3618 ὧν
3314 3565 3636 3633 δυσάντητα

2060 3655 2156 3725 μὲν
2190 3655 2246 3707 αἱ
2286 3655 2584 3724 συντυχίαι,
2641 3654 2904 3724 βδελυκτά
2957 3655 3012 3706 δὲ
3057 3654 3238 3717 αὑτοῖς
3281 3654 3350 3707 τά
3388 3655 3637 3723 ἀλλήλων

2059 3746 2261 3798 πάντα·
2290 3746 2540 3813 ἄφθογγα
2565 3746 2621 3798 δὲ
2658 3746 2726 3798 τά
2756 3747 3020 3815 στόματα,
3062 3746 3153 3797 καὶ
3196 3745 3635 3816 ἀπεστραμμένα

2057 3835 2124 3888 τά
2151 3836 2436 3906 βλέμματα
2455 3854 2466 3865 ·
2496 3837 2588 3889 καὶ
2608 3835 2743 3906 ἀκοὴ
2767 3836 3207 3906 πεφραγμένη-τῇ
3230 3837 3321 3890 τοῦ
3349 3836 3635 3906 μισοῦντος

2058 3925 2152 3978 καὶ
2183 3926 2512 3995 μισουμένου
2541 3929 2714 3996 φωνῇ.
2743 3928 2857 3980 Πᾶν
2886 3927 2942 3979 δὲ
2977 3927 3126 3996 φίλον
3151 3927 3396 3998 ἑκατέρῳ
3431 3928 3632 3992 αὑτῶν,

2056 4017 2085 4071 ὃ
2112 4015 2188 4086 τῷ
2220 4019 2391 4087 ἑτέρῳ
2435 4018 2507 4088 μὴ
2557 4018 2735 4087 φίλον·
2780 4019 2874 4072 καὶ
2901 4020 2964 4071 ὲκ
3000 4018 3093 4071 τοῦ
3127 4020 3366 4072 ἐναντίου
3405 4023 3512 4073 πᾶν
3548 4023 3637 4091 ἐχ-

2059 4108 2205 4180 θρὸν,
2227 4109 2321 4162 καὶ
2342 4110 2618 4178 πολέμιον,
2639 4110 2668 4162 ὃ
2686 4109 2763 4180 τῷ
2783 4110 3036 4180 δυσμενεῖ
3061 4111 3631 4184 καταθύμιον.Ὥσπες

2054 4199 2232 4253 τοίνυν
2261 4201 2329 4253 τά
2363 4199 2534 4270 εὐώδη
2568 4201 2677 4255 τῶν
2711 4203 3046 4272 ἀρωμάτων,
3080 4203 3179 4272 τῆς
3211 4203 3346 4266 ἰδίας
3376 4204 3633 4269 εὐπνοίας

2055 4291 2145 4342 τὸν
2179 4292 2579 4362 παρακείμενον
2618 4293 2758 4363 ἀέρα
2796 4294 2974 4364 πλήρη
3005 4298 3180 4348 ποιεῖ’
3213 4294 3355 4349 οὑτω
3383 4315 3464 4350 σοι
3502 4300 3632 4366 βούο

2055 4382 2208 4436 λεται
2251 4383 2392 4436 κατά
2429 4386 2744 4454 περιουσίαν
2795 4385 3108 4450 πλεονάζειν
3137 4388 3233 4457 τῆς
3269 4391 3493 4460 εἰρήνης
3535 4393 3634 4461 τὴν

383 4477 649 4549 quidquid
694 4475 976 4530 inimicum
1014 4484 1068 4528 et
1101 4474 1320 4539 hostile,
1359 4474 1410 4527 id
1449 4475 1763 4528 adversario
1791 4482 1954 4543 atque

2059 4477 2235 4547 χάριν,
2266 4475 2408 4530 ὥστε
2449 4476 2540 4530 τὸν
2569 4477 2657 4530 σὸν
2689 4477 2800 4547 βίον
2829 4478 3124 4550 Θεραπείαν
3162 4475 3300 4532 εἰναι
3338 4480 3436 4550 τῆς
3477 4481 3634 4535 ἀλλο-

386 4569 610 4624 inimico
633 4577 845 4638 gratum
869 4575 924 4621 et
954 4577 1235 4636 acceptmn
1271 4575 1373 4619 est.
1413 4563 1482 4619 Ut
1509 4566 1675 4634 igitur
1711 4573 1952 4618 aromata

384 4661 511 4715 boni
563 4675 626 4713 ac
676 4657 860 4714 suavis
915 4657 1102 4710 odoris
1155 4657 1449 4725 lragrantia
1506 4657 1588 4709 sui
1646 4657 1952 4725 proximum

385 4769 511 4807 aera
548 4752 777 4820 replent,
821 4751 892 4803 ita
943 4750 1040 4802 tibi
1071 4763 1134 4801 ex
1166 4751 1437 4817 superllua
1477 4747 1633 4816 copia
1677 4746 1956 4800 abundare

385 4843 618 4912 gratiam
666 4841 814 4910 pacis
846 4840 980 4904 vult,
1033 4846 1093 4892 ut
1125 4847 1216 4892 tua
1248 4838 1358 4890 vita
1414 4837 1576 4892 alieni
1626 4837 1801 4890 morbi
1843 4851 1957 4889 me-

386 4934 506 4987 dela
549 4936 640 4985 sit.
677 4930 953 4997 Quantum
988 4939 1168 4983 autem
1211 4929 1265 4982 id
1315 4929 1516 4984 bomnu
1566 4927 1660 4990 sit,
1709 4927 1958 4982 exactius

384 5024 728 5096 cognoveris,
771 5025 814 5078 si
849 5022 1117 5091 cujusque
1141 5037 1352 5082 eorum,
1377 5021 1470 5090 qui
1502 5037 1570 5074 ex
1616 5021 1834 5074 inimica
1856 5035 1956 5074 vo-

384 5117 596 5170 luntate
641 5114 695 5168 in
727 5113 912 5167 animo
942 5113 1217 5166 exsistunt
1251 5111 1562 5165 morborum
1611 5111 1956 5165 calamitates

385 5206 713 5277 pet-pendas.
750 5203 887 5270 Quis
919 5202 1147 5257 allectus
1195 5210 1248 5256 et
1297 5203 1425 5255 vitia
1459 5202 1552 5256 ira:
1595 5201 1757 5272 digne
1791 5218 1959 5272 expo-

387 5299 596 5353 suerit?
645 5312 765 5366 qua:
810 5295 987 5348 oratio
1031 5293 1425 5364 turpitudinem
1465 5293 1734 5362 ejusmodi
1782 5295 1956 5348 morbi

387 5389 695 5444 describet?
741 5386 907 5441 Vides
959 5401 1150 5440 eorum
1195 5385 1287 5454 qui
1339 5402 1368 5438 a
1409 5385 1656 5440 dzemone
1691 5396 1958 5440 vexantur

376 5462 614 5535 affectus
645 5479 700 5532 in
723 5479 809 5544 {iis
839 5479 932 5549 qui
964 5480 1032 5532 ab
1067 5479 1146 5532 ira
1173 5478 1301 5531 victi
1346 5486 1474 5531 sunt
1523 5493 1806 5547 apparere.
1856 5479 1962 5532 Re-

389 5580 518 5641 puta
551 5571 617 5625 ad
661 5573 893 5626 invicem
939 5581 1273 5641 comparata,
1325 5578 1438 5624 tum
1467 5586 1588 5640 qua:
1638 5571 1812 5633 iratis,
1843 5579 1957 5623 tum

391 5677 510 5730 quae
554 5678 584 5714 a
641 5662 885 5716 da-mone
923 5664 1187 5731 correptis
1237 5662 1495 5717 accidunt
1535 5669 1696 5731 atque
1744 5663 1960 5717 contin-

394 5747 548 5822 gruit,
578 5769 752 5822 ecqua
777 5756 846 5809 sit
888 5755 942 5809 in
982 5755 1068 5812 bis
1098 5753 1422 5811 diﬁ'erentia.
1463 5754 1740 5827 Sanguine
1764 5754 1956 5812 suffusi

2056 4568 2212 4638 τρίας
2235 4569 2413 4623 νόσου.
2444 4570 2607 4622 Ὅσον
2630 4570 2686 4623 δὲ
2709 4571 2770 4643 τὸ
2801 4570 3042 4624 τοιοῦτόν
3058 4574 3202 4624 ἐστιν
3225 4573 3447 4640 ἀγαθὸν,
3477 4575 3634 4645 ἀκρι-

2057 4656 2310 4727 ϐέστερον
2351 4659 2416 4710 ἂν
2457 4659 2769 4729 ἐπιγνοίης,
2812 4661 3042 4713 ἑκάστου
3065 4661 3171 4713 τῶν
3203 4663 3266 4713 ὲκ
3304 4663 3401 4731 τῆς
3431 4665 3634 4731 δυσμε-

2056 4748 2179 4811 νοῦς
2207 4750 2575 4819 προαιρέσεως
2603 4751 2965 4820 ἑγγινομένων
3013 4755 3078 4822 τῇ
3103 4751 3247 4822 ψυχῇ
3297 4754 3634 4824 παθημάτων

2055 4839 2153 4898 τὰς
2195 4842 2476 4911 συμφορὰς
2525 4841 2888 4912 λογιζόμενος.
2936 4844 3028 4906 Τίς
3077 4843 3142 4895 ἂν
3191 4843 3449 4910 διεξέλθοι
3497 4845 3632 4914 πρὸς

2055 4931 2210 4994 ἀξίαν
2246 4933 2343 5002 τῆς
2366 4933 2532 5003 ὀργῆς
2575 4934 2642 4986 τὰ
2687 4935 2863 5004 πάθη;
2893 4935 2987 4998 Τίς
3016 4935 3325 5006 ὑπογράψει
3354 4935 3509 5003 λόγος
3535 4937 3631 5006 τὴν

2058 5021 2442 5092 ἀσχημοσύνην
2467 5025 2564 5093 τῆς
2586 5024 2840 5094 τοιαύτης
2866 5026 3020 5077 νόσου
3045 5043 3059 5086 ;
3106 5027 3265 5097 Ὁρᾷς
3297 5028 3364 5078 τά
3386 5028 3495 5079 τῶν
3520 5028 3627 5081 61:-

2063 5111 2346 5181 μονώντων
2378 5115 2523 5185 πάθη
2567 5117 2679 5178 τοῖς
2709 5116 2812 5168 ὑπὸ
2843 5115 3014 5185 θυμοῦ
3061 5118 3490 5187 κεκρατημένοις
3517 5121 3635 5171 ἐπι-

2062 5205 2378 5274 φαινόμενα.
2431 5207 2656 5272 Λόγισαι
2700 5200 3020 5277 παράλληλα
3046 5205 3136 5259 τοῦ
3173 5225 3230 5259 τε
3265 5208 3516 5277 δαίμονος
3544 5213 3635 5263 καὶ

2058 5295 2152 5348 τοῦ
2186 5295 2358 5366 θυμοῦ
2401 5297 2470 5349 τά
2500 5296 2896 5367 συμπτώματα,
2928 5299 3020 5350 καὶ
3042 5298 3122 5361 τίς
3146 5300 3202 5350 ὲν
3229 5299 3440 5362 τούτοις
3470 5301 3503 5370 ἡ
3530 5302 3637 5354 δια-

2060 5389 2221 5458 φορά.
2271 5389 2547 5458 ’Υφαιμος
2592 5390 2684 5442 καὶ
2731 5390 3050 5460 διάστροφος
3103 5391 3208 5442 τῶν
3251 5392 3633 5461 δαιμονῶντων

2059 5479 2332 5550 ὀφθαλμὸς
2352 5519 2365 5541 ,
2399 5483 2714 5553 παράφορος
2756 5485 2788 5552 ἡ
2818 5482 3069 5550 γλῶσσα,
3098 5485 3267 5555 τραχὺ
3301 5485 3358 5536 τὸ
3392 5484 3630 5554 φθέγμα,

2059 5571 2205 5637 ὀξεῖα
2247 5574 2338 5625 καὶ
2387 5573 2666 5642 ὑλακὼδης
2707 5577 2739 5644 ἡ
2784 5577 2957 5644 φωνή.
2998 5575 3165 5628 Κοινά
3191 5574 3362 5627 ταῦτα
3407 5577 3500 5628 καὶ
3542 5577 3632 5630 τοῦ

2061 5663 2232 5735 θυμοῦ
2279 5665 2369 5718 καὶ
2403 5663 2495 5718 τοῦ
2541 5667 2825 5734 δαίμονος,
2880 5666 3064 5728 κλόνος
3125 5666 3398 5736 κεφαλῆς,
3437 5668 3633 5736 χειρῶν

2060 5754 2361 5826 ἔμπληκτοι
2424 5759 2696 5827 κινήσεις,
2747 5757 2990 5828 βρασμὺς
3035 5759 3154 5810 ὅλου
3211 5757 3304 5810 τοῦ
3351 5757 3630 5828 σώματος,
