3838 6220
207 335 212 338 -
245 310 389 366 1285

1274 308 1364 370 DE
1403 307 2008 364 BE.\TiTUDlNIBUS.
2037 306 2296 363 ORATIO
2327 307 2439 363 Vll.

3322 359 3330 367 .
3357 303 3499 362 1286

243 425 468 480 ἄστατοι
515 423 704 490 πόδες,
753 425 850 497 μία
895 426 1002 480 τῶν
1040 427 1134 480 δύο
1161 429 1486 500 νοσημάτων
1525 432 1560 501 ἡ
1604 425 1692 482 διὰ
1719 427 1810 480 τῶι

1929 445 1996 484 ac
2033 429 2254 484 distorti
2295 443 2484 484 eorum
2519 426 2612 498 qui
2664 441 2694 480 a
2727 424 2995 482 daemonio
3033 430 3304 480 vexantur
3347 423 3496 478 oculi

239 519 500 574 τοιούτων
554 521 868 594 ὑπογραφή.
921 523 1188 578 Τοσοῦτον
1235 525 1396 596 μόνον
1448 524 1826 596 παρήλλακται

240 610 334 662 τοῦ
365 610 553 680 ἐτέρου
592 612 653 663 τὸ
683 613 869 684 ἕτερον
889 653 904 676 ,
927 616 1050 668 ὅσον
1071 615 1132 668 τὸ
1163 617 1261 686 μὲν
1291 616 1536 670 ἑκούσιον
1559 612 1696 672 εἶναι
1725 633 1826 670 κα-

241 699 356 756 κὸν.
392 702 456 753 τὸ
483 702 540 754 δὲ
577 702 888 774 ἀϐουλήτως
927 707 1289 776 προσπίπτειν
1320 702 1400 771 οἷς
1431 707 1498 762 ἂν
1528 707 1821 777 ἐγγίνεται.

239 789 316 842 Tb
361 791 418 842 δὲ
469 792 587 844 κατ’
641 793 775 847 ἰδίαν
820 796 994 867 ὁρμὴν
1041 799 1098 850 ἐν
1129 799 1382 869 συμφορᾷ
1417 800 1690 868 γενέσθαι,
1730 797 1822 852 τοῦ

242 883 395 954 παρὰ
445 885 670 956 γνώμην
723 887 950 952 παθεῖν,
1005 889 1126 941 ὅσον
1175 889 1532 960 ἐλεινότερον;
1581 889 1688 944 Καὶ
1724 891 1824 960 τὴν

243 974 342 1043 μὲν
375 977 439 1026 ἐκ
466 975 716 1045 δαίμονος
743 977 897 1029 νόσον
923 978 950 1029 ὁ
984 977 1104 1030 ἰδών
1136 979 1352 1042 πάντως
1383 979 1612 1050 ἠλέησε·
1642 977 1738 1050 τὴν
1765 979 1822 1031 δὲ

239 1066 306 1118 ὲκ
339 1065 512 1135 θυμοῦ
543 1069 890 1140 παραφορὰν,
933 1069 1070 1140 ὁμοῦ
1099 1088 1158 1123 τε
1187 1069 1325 1124 εἶδεν
1355 1072 1450 1124 καὶ
1489 1073 1818 1142 ἐμιμήσατο,

240 1156 448 1226 ζημίαν
502 1161 768 1230 ὲκκρίνων
829 1160 888 1214 τὸ
944 1161 1018 1232 μὴ
1074 1162 1510 1232 ὑπερϐάλλεσθαι
1568 1162 1648 1233 τῷ
1699 1161 1819 1216 καθ’

238 1249 432 1301 ἑαυτὸν
477 1249 639 1302 πάθει
685 1250 776 1303 τὸν
817 1253 1248 1323 προνοσήσαντα.
1280 1253 1389 1306 Καὶ
1425 1255 1454 1306 ὁ
1488 1254 1585 1324 μὲν
1611 1253 1820 1324 δαίμων

161 1393 166 1396 ,
239 1340 514 1410 στρεϐλῶν
539 1341 634 1393 τού
663 1343 942 1412 ὲμπαθοῦς
982 1343 1041 1396 τὸ
1084 1344 1262 1414 σῶμα,
1305 1345 1494 1414 μέχρις
1527 1345 1732 1399 ἐκείνου
1758 1345 1819 1399 τὺ

237 1431 416 1483 κακὸν
461 1430 662 1500 ἵστησι,
709 1432 849 1485 κατὰ
881 1433 975 1485 τοῦ
1024 1433 1181 1505 ἀέρος
1213 1435 1334 1504 είκῆ
1365 1435 1693 1507 διαρρίπτων
1724 1435 1816 1490 τοῦ

239 1523 544 1592 μεμηνότος
587 1525 686 1586 τὰς
730 1527 947 1594 χεῖρας·
980 1527 1008 1577 ό
1032 1525 1089 1578 δὲ
1123 1525 1218 1579 τοῦ
1255 1525 1426 1596 cupas
1456 1525 1682 1596 δαίμων.
1718 1527 1818 1580 οὑκ

233 1614 414 1684 ἀργὰς
443 1618 585 1667 ποιεῖ
605 1615 702 1678 τὰς
735 1617 975 1686 κινήσεις
1000 1615 1092 1669 τοῦ
1121 1617 1391 1687 σώματος.
1431 1617 1679 1670 Ἐπειδὰν
1707 1619 1818 1688 γὰρ

233 1708 584 1779 ἐπικρατήσῃ
621 1707 683 1759 τὸ
723 1707 914 1772 πάθος,
955 1709 1047 1761 καὶ
1083 1709 1357 1781 ὑπερζέσῃ
1383 1709 1444 1761 τὸ
1472 1709 1816 1780 περικάρδιον

1927 529 2055 574 sunt
2088 537 2100 572 :
2132 520 2320 588 lingua
2375 532 2642 588 prmeeps,
2690 523 2883 585 aspera
2923 515 3160 584 loquela,
3210 519 3370 567 acuta
3432 527 3498 566 ac

1923 611 2142 666 latratui
2182 610 2380 665 similis
2418 624 2544 664 vox.
2579 607 2904 664 Communia
2949 607 3068 660 haec
3107 612 3222 658 tum
3256 605 3351 658 irae
3380 610 3496 657 tum

1923 702 2178 765 daemoni,
2210 703 2494 772 quassatio
2523 701 2740 770 capitis,
2769 714 3028 754 manuum
3075 696 3258 752 stolidi
3287 703 3494 756 motus,

1923 796 2219 851 Concussio
2253 802 2308 850 et
2337 795 2493 864 quasi
2525 791 2775 848 aestuatio
2819 789 3070 858 corporis
3106 788 3296 852 totius,
3331 787 3494 857 pedes

1923 887 2250 948 instabiles,
2310 902 2418 940 una
2477 885 2762 953 utriusque
2815 883 2989 935 morbi
3057 897 3155 950 per
3225 879 3497 949 ejusmodi

1921 979 2227 1034 accidentia
2275 977 2576 1046 descriptio
2618 985 2724 1032 est.
2775 973 3011 1028 Tantum
3065 973 3332 1027 duntaxat
3369 972 3494 1025 alle-

1921 1084 2042 1122 rum
2076 1068 2144 1120 ab
2175 1068 2349 1121 altero
2386 1067 2582 1128 variat,
2617 1064 2760 1134 quod
2791 1079 2959 1118 unum
2994 1063 3210 1131 quidem
3245 1061 3495 1114 volunta-

1921 1158 2062 1212 rium
2102 1159 2305 1211 malum
2344 1163 2448 1219 est,
2500 1156 2729 1210 alterum
2775 1153 2982 1222 absque
3015 1151 3296 1204 voluntate
3343 1150 3493 1218 ipso-

1921 1264 2040 1302 rum
2087 1247 2287 1302 accidit
2324 1247 2378 1299 in
2419 1247 2620 1316 quibus
2681 1245 2917 1300 exsistit.
2964 1243 3032 1296 At
3077 1251 3281 1312 quanto
3327 1240 3493 1292 mise-

1919 1341 2150 1396 rabilius
2202 1348 2307 1402 est,
2364 1341 2410 1394 si
2471 1347 2670 1409 prater
2722 1337 2888 1391 animi
2948 1337 3275 1392 sententiam
3329 1332 3494 1387 alicui

1918 1429 2200 1500 quidpiam
2231 1428 2468 1490 accidat,
2497 1443 2659 1498 quam
2703 1428 2748 1482 si
2781 1427 3006 1496 proprio
3033 1426 3239 1495 impetu
3267 1423 3318 1478 in
3347 1424 3494 1478 cala-

1919 1525 2160 1576 mitatem
2215 1521 2460 1574 incidat?
2488 1536 2549 1574 ac
2599 1519 2846 1574 morbum
2877 1519 3093 1587 quidem
3137 1533 3198 1572 ex
3245 1515 3492 1570 daemone

1919 1614 2256 1668 accidentcm
2288 1614 2334 1669 si
2383 1614 2508 1682 quis
2541 1610 3004 1673 animadverterit,
3035 1624 3139 1662 non
3171 1616 3349 1676 potest
3380 1623 3491 1661 non

1920 1705 2170 1760 miserari
2204 1723 2217 1760 :
2251 1721 2317 1760 ex
2363 1705 2443 1758 ira
2475 1721 2604 1760 vero
2635 1704 3040 1775 provenientem
3078 1700 3385 1755 vecordiam
3415 1699 3491 1754 si-

233 1775 380 1866 αἷμα
426 1775 524 1868 τῆς
556 1775 840 1868 ’.μελαίνης
895 1799 1087 1870 χολῆς,
1137 1775 1212 1863 ὥς
1257 1775 1449 1869 φασιν,
1479 1775 1558 1855 ὲκ-
1582 1775 1685 1872 τῆς
1721 1801 1810 1856 θυ-

1920 1797 2030 1850 mul
2071 1805 2236 1866 atque
2263 1797 2418 1860 vidit,
2465 1796 2728 1856 imitatur,
2772 1793 2972 1846 damno
3008 1791 3110 1845 sibi
3161 1793 3389 1850 ducens.
3441 1790 3490 1846 si

237 1887 454 1958 μώδοκ
529 1889 821 1952 διαθέσεως
898 1891 1184 1962 ἁπανταχῇ
1241 1892 1686 1961 κατασπαρείσης
1738 1890 1817 1962 τῷ

233 1979 474 2050 σώματι,
506 1979 626 2033 τότε
656 1979 760 2033 ὑπὸ
781 1979 890 2033 τῶν
914 1980 1121 2033 ἔνδοθεν
1152 1979 1576 2052 συνθλιϐομένων
1604 1981 1813 2049 ἀτμῶν,

231 2075 647 2144 στενοχωρεῖται
686 2073 860 2126 πάντα
894 2075 961 2128 τὰ
995 2074 1123 2144 περὶ
1152 2073 1250 2143 τὴν
1285 2073 1526 2146 κεφαλὴν
1557 2073 1816 2144 αἰσθητή-

233 2181 332 2234 ρια
353 2181 366 2196 ·
402 2163 668 2232 ὀφθαλμοὶ
712 2165 808 2234 μὲν
841 2165 944 2216 ὑπὸ
977 2165 1075 2236 τὴν
1105 2165 1214 2218 τῶν
1243 2165 1524 2236 βλεφάρων
1548 2182 1814 2238 περιγρα-

229 2255 344 2325 φὴν
367 2253 712 2318 ἐξωθοῦνται,
747 2255 984 2326 ὑφαιμόν
1009 2274 1060 2309 τι
1091 2258 1184 2309 καὶ¹
1207 2257 1572 2328 δρακοντῶδες
1598 2257 1732 2328 πρὸς
1756 2256 1816 2310 τὸ

225 2347 439 2402 λυποῦν
484 2341 818 2413 ἀτενίζοντες
840 2366 856 2381 ·
887 2349 1124 2420 ἄσθματι
1151 2349 1209 2403 δὲ
1247 2349 1316 2404 τά
1349 2349 1629 2420 σπλάγχνα
1659 2350 1814 2404 συνέ-

227 2456 388 2507 χεται
411 2455 426 2468 ⁸
458 2439 712 2492 διοίσουσι
734 2440 790 2492 δὲ
825 2440 966 2494 κατά
991 2441 1084 2494 τοῦ
1119 2441 1344 2511 αὑχένος
1375 2443 1429 2495 αἱ
1464 2441 1679 2510 φλέϐες,
1719 2445 1814 2496 καὶ

229 2532 264 2600 ή
320 2530 540 2598 γλῶσσα
579 2531 914 2602 παχύνεται·
960 2534 1110 2604 καὶὴ
1143 2533 1292 2604 φωνὴ
1328 2533 1690 2604 στενουμένης
1716 2533 1816 2602 τῆς

225 2621 504 2692 ἀρτηρίας
549 2621 811 2685 ἑκουσίως
846 2621 1090 2686 ὀξύνεται
1111 2640 1125 2653 ο
1157 2623 1249 2676 καὶ
1288 2623 1356 2677 τὰ
1381 2623 1532 2692 χείλη
1582 2625 1645 2694 τῇ
1680 2624 1813 2676 ὑπο-

233 2713 420 2781 σπορᾷ
449 2711 546 2781 τῆς
576 2711 786 2782 ψυχρᾶς
813 2712 1026 2783 ἐκείνης
1060 2714 1220 2785 χολῆς
1251 2715 1518 2785 πήγνυται
1549 2713 1639 2767 καὶ
1663 2731 1815 2785 περι-

237 2801 588 2869 μελαίνεται,
635 2803 729 2856 καὶ
764 2803 1057 2874 δυσκίνητα
1113 2805 1322 2874 γίνεται
1359 2805 1491 2876 πρὸς
1539 2805 1640 2877 τὴν
1674 2805 1814 2858 κατά

231 2893 398 2961 φύσιν
431 2895 715 2966 διαστολὴν
764 2898 857 2950 καὶ
885 2898 1164 2967 ὲπίμυσιν,
1200 2899 1275 2962 ὼς
1307 2898 1440 2968 μηδὲ
1467 2897 1557 2951 τὸν
1585 2896 1812 2950 πτύελον

219 2989 294 3039 ἐν
320 2985 396 3055 τῷ
435 2987 664 3057 στόματι
714 2987 1076 3054 πλεονάζοντα
1123 2991 1476 3062 περικρατεῖν
1513 2987 1809 3052 δύνασθαι,

223 3077 376 3131 ἀλλὰ
433 3079 779 3133 συνεκϐαλεῖν
841 3083 951 3144 τοῖς
1005 3071 1243 3152 ῥήμασι,
1302 3081 1395 3136 τοῦ
1455 3081 1808 3153 βεϐιασμένου
1837 3103 1880 3161 c

232 3167 477 3236 φθόγγου
518 3169 608 3222 τὸν
652 3169 824 3241 ἀφρὸν
869 3172 1296 3240 παραπτύοντος.
1334 3173 1465 3226 Τότε
1494 3173 1672 3224 τοίνυν
1719 3171 1811 3225 καὶ

232 3259 336 3321 τὰς
373 3263 557 3331 χεῖρας
589 3260 732 3314 ἐστιν
772 3263 896 3314 ίδεῖν
928 3263 1354 3334 ἀνακινουμένας
1386 3264 1488 3317 ὑπὸ
1508 3264 1607 3333 τῆς
1633 3263 1808 3324 νόσου.

235 3351 337 3402 καὶ
369 3354 495 3416 τοὺς
518 3353 684 3416 πόδας
715 3353 972 3416 ὡσαύτως
991 3371 1003 3382 ·
1029 3357 1257 3407 κινεῖται
1282 3355 1337 3407 δὲ
1356 3355 1424 3407 τὰ
1453 3355 1586 3425 μέλη
1616 3355 1808 3418 ταῦτα,

225 3443 418 3495 οὐκέτι
457 3444 630 3513 μάτην
653 3485 666 3506 ,
699 3445 950 3516 καθάπερ
981 3447 1073 3498 ἐπὶ
1106 3447 1214 3498 τῶν
1241 3445 1618 3516 δαιμονῶντων
1659 3446 1811 3514 γίνε-

221 3552 346 3596 ται,
381 3535 494 3586 ἀλλ’
530 3537 620 3588 ἐπὶ
661 3535 815 3606 κακῷ
847 3537 954 3588 τῶν
984 3537 1230 3607 ἀλλήλοις
1262 3537 1348 3590 διὰ
1366 3538 1466 3607 τῆς
1487 3538 1642 3591 νόσου
1669 3555 1811 3608 συμ-

237 3625 615 3695 πλεκομένων.
653 3627 828 3689 Εὐθὺς
871 3627 976 3699 γὰρ
1008 3627 1142 3698 πρὸς
1171 3629 1236 3680 τά
1268 3629 1454 3700 καίρια
1473 3627 1583 3682 τῶν
1622 3628 1810 3700 αἰσθη-

208 3717 437 3788 τηρίων
464 3721 522 3770 αἱ
547 3719 716 3789 ὁρμαὶ
756 3720 864 3772 τῶν
890 3719 1150 3789 ἀλλήλους
1181 3719 1523 3790 πληττόντων
1548 3720 1808 3786 γίνονται.

231 3809 298 3861 Εἰ
321 3809 378 3862 δέ
408 3827 509 3862 που
545 3812 892 3884 προσεγγίσει
926 3813 984 3865 ὲν
1016 3815 1082 3882 τῇ
1125 3812 1408 3883 συμπλοκῇ
1451 3813 1510 3865 τὸ
1536 3813 1710 3883 στόμα
1732 3811 1810 3882 τῷ

231 3898 486 3970 σώματι.
533 3901 652 3954 οὐδὲ
691 3904 739 3954 ot
788 3902 998 3964 ὀδόντες
1054 3903 1324 3973 ἄπρακτοι
1379 3902 1647 3973 μένουσιν,
1695 3903 1808 3956 ἀλλ’

225 3992 532 4062 ἐμφύονται
559 3993 746 4064 θηρίου
781 3995 934 4065 δίκην
962 3991 1042 4057 οἷς
1071 3995 1137 4048 ἂν
1169 3993 1538 4065 ὲμπελάσωσι.
1575 3993 1687 4047 Καὶ
1725 3995 1810 4058 τίς

223 4087 298 4140 ἂν
340 4088 409 4140 τὰ
454 4087 572 4141 καθ’
607 4089 833 4141 ἕκαστον
876 4089 1019 4140 είποι
1071 4086 1248 4148 κακὰ,
1281 4087 1382 4140 ὅσα
1411 4088 1474 4138 ὲκ
1502 4084 1596 4138 τοῦ
1635 4085 1808 4156 θυμοῦ

228 4179 331 4246 τὴν
371 4177 582 4246 γένεσιν
630 4178 771 4247 ἔχειζ
817 4179 872 4230 Ὀ
904 4177 1081 4230 τοίνυν
1133 4175 1356 4230 κωλύων
1404 4177 1504 4247 τὴν
1554 4176 1810 4246 τοιαύτην

221 4268 618 4336 ἀσχημοσύνην
639 4309 652 4328 ,
681 4269 904 4332 εἰκότως
937 4269 1002 4322 ἂν
1038 4267 1371 4338 μακαριστός
1401 4284 1458 4319 τε
1486 4268 1579 4320 καὶ
1609 4268 1806 4337 τίμιος,

225 4359 296 4411 ὲκ
334 4360 434 4428 τῆς
486 4359 746 4430 μεγίστης
791 4359 1107 4430 εὐεργεσίας
1153 4360 1487 4428 ὀνομάζοιτο.
1531 4359 1589 4410 Ei
1636 4357 1744 4428 γὰρ
1781 4361 1809 4410 ὁ

1919 1906 2020 1946 suo
2048 1889 2243 1946 morbo
2265 1906 2374 1944 non
2401 1889 2744 1959 superaverit
2774 1902 2898 1940 eum
2931 1885 3024 1955 qui
3055 1885 3204 1955 prior
3225 1892 3490 1953 aegrotare

1917 1987 2162 2054 coeperit.
2197 1983 2276 2036 Ae
2310 1983 2519 2038 daemon
2548 1981 2766 2050 quidem
2813 1986 3076 2048 torquens
3105 1975 3324 2030 obnoxii
3366 1988 3490 2028 cor-

1917 2090 2040 2144 pus,
2075 2075 2304 2128 ulterius
2343 2073 2542 2126 malum
2576 2085 2682 2124 non
2727 2068 2974 2123 extendit
3021 2081 3183 2134 quam
3221 2073 3279 2119 ut
3308 2064 3362 2118 in
3394 2079 3488 2116 ae-

1919 2183 2030 2220 rem
2079 2166 2284 2221 lrustra
2341 2165 2572 2220 furentis
2620 2177 2812 2215 manus
2860 2158 3132 2227 disjiciat:
3191 2155 3490 2210 iracundiae

1917 2277 2046 2316 vero
2082 2261 2290 2315 daemon
2343 2274 2450 2312 non
2507 2257 2694 2310 irritos
2750 2253 2999 2323 corporis
3059 2251 3222 2308 ellicit
3279 2259 3484 2304 motus.

1915 2353 2048 2406 Cum
2077 2351 2222 2407 enim
2258 2348 2595 2420 perturbatio
2624 2345 2988 2414 praevaluerit,
3013 2352 3066 2399 et
3091 2341 3317 2412 sanguis
3339 2341 3487 2394 circa

1917 2460 2012 2500 cor
2037 2458 2201 2511 supra
2238 2431 2456 2496 modum
2491 2431 2824 2502 eﬂ‘erbuerit,
2865 2438 3020 2510 nigra
3054 2435 3181 2496 bile,
3221 2441 3280 2487 ut
3309 2433 3484 2496 aiunt,

1914 2552 1980 2590 ex
2025 2535 2287 2590 iracunda
2344 2533 2628 2587 all'ectione
2673 2546 2770 2600 per
2808 2537 2979 2584 totum
3034 2541 3233 2596 corpus
3266 2523 3485 2584 dill'usa.

1917 2638 2044 2682 tunc
2077 2642 2186 2696 prae
2213 2624 2585 2680 coarctatione
2625 2637 2886 2690 vaporum
2921 2619 3258 2672 internorum
3303 2613 3488 2668 omnia

1917 2728 2176 2767 sensuum
2216 2725 2340 2764 vasa
2393 2709 2538 2762 circa
2589 2713 2754 2776 caput
2799 2706 2852 2759 in
2905 2711 3196 2775 angustum
3242 2701 3492 2771 redigun-

1916 2812 2044 2870 tur;
2075 2801 2220 2857 oculi
2252 2801 2470 2871 quidem
2518 2799 2662 2853 ultra
2707 2797 3088 2867 palpebrarum
3134 2795 3331 2848 limites
3367 2807 3489 2862 pro-

1915 2895 2228 2955 truduntur,
2259 2891 2561 2960 sanguineo
2592 2887 2828 2958 quodam
2871 2901 2936 2940 ac
2964 2885 3258 2939 draconico
3289 2885 3488 2938 obtutu

1899 2975 1969 3044 'in
2007 2989 2058 3044 id
2099 2985 2244 3056 quod
2275 2983 2522 3046 offendit,
2575 2979 2770 3036 intenti
2803 2979 3055 3058 :viscera
3092 2985 3272 3030 autem
3318 2977 3489 3030 anhe-

1915 3079 2010 3132 litu
2043 3082 2392 3132 coarctantur
2437 3080 2600 3142 atque
2631 3077 2974 3140 premuntur,
3021 3068 3394 3120 intumescunt
3430 3065 3486 3119 in

1913 3167 2058 3222 collo
2089 3180 2274 3228 vente;
2322 3164 2504 3232 lingua
2538 3161 2770 3216 ellicitnr
2811 3173 3028 3224 crassa;
3063 3173 3186 3221 vox,
3226 3158 3277 3210 in
3314 3173 3486 3226 angu-

1913 3269 2057 3314 stum
2092 3257 2310 3314 redacta
2363 3258 2582 3316 arteria,
2627 3261 2820 3323 sponte
2863 3267 2961 3305 sua
3002 3249 3245 3306 redditur
3285 3259 3482 3312 acuta;

1915 3353 2054 3406 labia
2097 3349 2396 3406 suifusione
2441 3345 2654 3417 frigida:
2693 3345 2840 3398 illius
2893 3342 3016 3396 bilis
3058 3341 3215 3412 quasi
3257 3355 3486 3396 concre-

1913 3447 2074 3498 scunt
2111 3449 2166 3494 et
2205 3437 2586 3508 congelantur,
2639 3433 3032 3504 obnigrescunt
3084 3437 3248 3500 atque
3296 3436 3484 3498 torpe-

1913 3541 2074 3590 scunt
2102 3533 2168 3587 ad
2207 3530 2508 3585 naturalem
2550 3527 2956 3582 distinctionem
3002 3531 3055 3578 et
3088 3521 3480 3584 occlusionem,

1911 3633 1970 3680 ut
1999 3640 2066 3680 ne
2113 3622 2340 3678 salivam
2374 3621 2592 3689 quidem
2623 3620 2678 3672 in
2723 3633 2819 3671 ore
2867 3613 3262 3669 redundantem
3306 3612 3483 3666 conti-

1911 3733 2041 3772 nere
2075 3716 2306 3786 possint,
2345 3712 2440 3767 sed
2471 3727 2578 3765 una
2607 3726 2729 3764 cum
2766 3707 2947 3762 verbis
2988 3706 3257 3766 emittant,
3289 3712 3483 3757 coacto

1920 3823 2059 3864 sono
2105 3819 2352 3874 spumam
2414 3802 2576 3856 simul
2633 3810 2951 3870 exspuenle.
3014 3795 3168 3850 Tunc
3221 3796 3386 3866 igitur
3429 3803 3485 3848 et

1911 3915 2105 3954 manus
2151 3905 2204 3952 et
2237 3896 2401 3966 pedes
2445 3894 2631 3948 itidem
2661 3907 2770 3962 prae
2816 3891 3008 3945 morbo
3038 3891 3242 3942 i‘noveri
3301 3887 3483 3942 videre

1912 3994 2056 4046 licet.
2107 3991 2389 4044 Moventur
2423 3997 2601 4040 autem
2647 3985 2761 4039 hare
2792 3983 3036 4038 membra
3085 3997 3192 4036 non
3225 3981 3336 4052 jam
3368 3997 3484 4032 am-

1911 4083 2054 4152 plius
2091 4081 2314 4146 frustra,
2347 4075 2801 4148 quemadmodum
2845 4072 2902 4127 lit
2952 4075 3008 4127 in
3065 4074 3132 4128 iis
3161 4074 3255 4144 qui
3307 4087 3334 4124 a
3371 4072 3482 4126 dae-

1912 4187 2072 4226 mone
2099 4180 2383 4232 vexantur,
2417 4169 2512 4225 sed
2553 4170 2608 4222 in
2643 4167 2936 4238 perniciem
2977 4181 3166 4220 eorum
3214 4166 3304 4236 qui
3341 4167 3480 4220 inter

1912 4281 1970 4320 se
1998 4281 2092 4335 per
2121 4264 2372 4318 morbum
2424 4261 2747 4330 conﬂigunt.
2799 4259 3062 4313 Protinus
3103 4258 3250 4313 enim
3288 4257 3482 4312 adver-

1915 4374 2012 4412 sus
2053 4357 2305 4412 sensoria
2341 4355 2540 4410 ictibus
2569 4362 2874 4424 opportuna
2905 4369 2962 4407 se
2989 4353 3219 4406 invicem
3257 4352 3482 4420 pulsan-

223 4451 550 4521 σωματικῆς
589 4467 733 4513 τινος
770 4451 962 4520 ἀηδίας
986 4451 1224 4522 χωρίσας
1255 4451 1346 4503 τὸν
1381 4450 1698 4522 ἄνθρωπον,
1721 4450 1802 4502 τί-

1916 4449 2042 4501 tium
2080 4449 2314 4516 impetus
2360 4445 2630 4500 feruntur.
2680 4443 2834 4509 Quod
2883 4445 2928 4499 si
2965 4443 3104 4498 forte
3142 4457 3203 4496 os
3243 4440 3296 4494 in
3333 4455 3483 4494 con—

230 4559 356 4612 μιος
403 4541 492 4595 διὰ
523 4541 622 4604 τῆς
657 4541 910 4612 τοιαύτης
953 4544 1195 4604 εὑποιῖας
1226 4542 1370 4594 ἐστί·
1406 4541 1555 4610 πόσῳ
1611 4541 1808 4610 μᾶλλον

219 4637 254 4685 ὁ
279 4634 380 4702 τὴν
408 4631 584 4704 ψυχὴν
609 4633 706 4703 τῆς
735 4635 890 4686 νόσου
917 4634 1120 4704 ταύτης
1147 4634 1535 4707 ἐλευθερώσας,
1558 4635 1633 4699 ὡς
1655 4637 1810 4708 εὑερ-

221 4726 394 4795 γέτης
423 4725 516 4777 τοῦ
548 4725 661 4795 βίου
696 4727 848 4798 παρά
877 4731 988 4790 τοῖς
1016 4727 1140 4781 νοῦν
1169 4727 1352 4798 ἔχουσι
1381 4730 1802 4801 νομισθήσεταις

227 4817 398 4869 Ὅσον
433 4817 538 4888 γὰρ
582 4819 846 4888 κρείττων
879 4822 911 4891 ἡ
947 4819 1091 4890 ψυχὴ
1123 4819 1217 4873 τοῦ
1251 4819 1500 4892 σώματος
1521 4861 1535 4880 ,
1569 4821 1806 4893 τοσούτῳ

221 4905 552 4977 τιμιώτερος
603 4907 711 4960 τῶν
766 4909 836 4961 τὰ
890 4908 1117 4980 σώματα
1167 4908 1577 4982 θεραπευόντων
1629 4913 1658 4964 ὁ
1705 4913 1804 4977 τὰς

215 4995 403 5064 ψυχὰς
430 4995 743 5066 ἐξιώμενος.

1905 4541 2056 4594 ﬂictu
2089 4538 2306 4608 corpori
2349 4535 2891 4606 appropinquaverit,
2941 4551 3008 4589 ne
3038 4535 3230 4588 dentes
3259 4533 3478 4602 quidem

1903 4631 2065 4685 otiosi
2113 4637 2355 4690 manent,
2398 4628 2491 4682 sed
2537 4625 2665 4680 fera:
2700 4625 2754 4678 in
2799 4625 3017 4678 modum
3061 4625 3126 4679 iis
3169 4639 3289 4694 quae
3326 4623 3481 4676 inva-

1904 4721 2075 4774 serint
2145 4719 2530 4772 inhaerescunt.
2594 4715 2662 4768 Et
2715 4716 2839 4785 quis
2905 4713 3212 4784 singulatim
3294 4711 3479 4767 omnia

1905 4817 2067 4877 mala,
2113 4829 2233 4884 qua:
2273 4829 2335 4867 ex
2389 4815 2466 4867 ira
2503 4813 2850 4882 proveniunt,
2899 4825 3219 4864 eniunerare
3265 4811 3482 4880 possit?

1909 4912 2012 4978 Qui
2069 4912 2236 4980 igitur
2287 4909 2540 4978 prohibet
2598 4907 2870 4976 ejusmodi
2923 4907 3348 4976 turpitudinem,
3407 4908 3477 4960 ob

1907 5007 2203 5062 maximum
2251 5004 2570 5059 benelieium
2621 4997 2746 5070 jure
2789 5003 2977 5056 beatus
3031 5011 3083 5056 et
3131 5001 3480 5056 honorandus

225 5093 624 5146 nominabitur.
658 5092 792 5146 Nam
839 5093 884 5148 si
929 5094 974 5148 is
1004 5095 1094 5162 qui
1128 5095 1310 5164 aliqua
1375 5110 1640 5164 corporea
1707 5101 1954 5156 molestia
2013 5101 2284 5154 hominem
2341 5099 2650 5152 liberaverit
2693 5097 2992 5150 honoratus
3071 5097 3140 5150 ob
3210 5095 3479 5165 ejusmodi

223 5184 554 5238 beneﬁcium
587 5193 690 5250 est,
739 5195 944 5254 quanto
998 5187 1172 5256 magis
1225 5189 1273 5241 is
1318 5188 1411 5256 qui
1457 5188 1698 5244 animum
1745 5193 1815 5246 ab
1856 5195 1958 5248 hoc
1983 5193 2171 5248 morbo
2208 5191 2537 5255 liberaverit,
2565 5205 2662 5259 pro
2695 5189 3037 5243 henel'actore
3077 5189 3199 5241 vitae
3263 5203 3292 5240 ει
3353 5201 3477 5239 cor-

221 5281 371 5334 datis
412 5278 731 5335 hominibus
767 5281 1096 5334 habebitur?
1145 5282 1362 5347 Quanto
1434 5283 1580 5338 enim
1625 5285 1841 5343 animus
1917 5304 2144 5358 corpore
2193 5287 2536 5356 praestantior
2574 5294 2691 5350 est,
2726 5293 2878 5338 tanto
2926 5284 3098 5353 magis
3142 5283 3235 5352 qui
3283 5281 3480 5336 animis

223 5369 574 5434 medetur,iis
599 5371 692 5442 qui
715 5386 941 5443 corpora
978 5383 1194 5439 curant,
1213 5375 1565 5432 honorandus
1593 5389 1697 5432 est.

297 5467 408 5520 Kal.
443 5467 630 5536 μηδεὶς
660 5467 854 5520 οἰέσθω
879 5465 987 5521 τῶν
1018 5471 1083 5522 ὲκ
1125 5467 1218 5520 τοῦ
1261 5469 1450 5538 μίσους
1481 5469 1804 5542 ἐνεργουμέ-

224 5574 333 5610 νων
376 5557 582 5623 κακῶν,
632 5558 731 5629 τὴν
775 5559 914 5612 κατὰ
941 5560 1035 5613 τὸν
1066 5560 1235 5630 θυμὸν
1279 5559 1470 5630 ἀηδίαν
1498 5559 1705 5614 οἴεσθαί
1734 5580 1800 5632 με

225 5647 618 5720 χαλεπωτάτην
659 5647 815 5706 εἶναι.
866 5655 1024 5705 Δοκεῖ
1071 5671 1158 5723 μοι
1203 5653 1262 5705 τὸ
1303 5651 1444 5705 κατά
1482 5653 1576 5706 τὸν
1611 5653 1802 5722 φθόνον

230 5743 328 5795 καὶ
371 5742 470 5812 τὴν
518 5742 804 5812 ὑπόκρισιν
855 5743 1025 5808 πάθος
1074 5745 1254 5818 πολλῷ
1281 5744 1657 5815 χαλεπώτερον
1705 5745 1800 5798 τοῦ

1979 5468 2056 5521 Ac
2093 5481 2252 5520 nemo
2280 5467 2576 5522 arbitretur
2615 5480 2700 5519 me
2739 5465 2834 5518 ira:
2883 5462 3339 5533 injucunditatem
3381 5477 3478 5518 eo-

1909 5575 2028 5613 rum
2065 5560 2361 5623 malorum,
2396 5573 2516 5626 quae
2545 5574 2609 5611 ex
2645 5557 2773 5611 odio
2800 5555 3178 5620 designantur,
3217 5555 3480 5624 gravissi-

1911 5667 2052 5704 mam
2091 5659 2145 5704 ct
2179 5651 2580 5705 atrocissimam
2623 5659 2836 5718 putare.
2887 5646 3120 5702 Videtur
3162 5647 3308 5701 enim
3343 5645 3480 5700 mihi

1911 5743 2124 5797 invidiae
2152 5753 2315 5812 atque
2346 5743 2712 5797 simulationis
2737 5741 2928 5796 vitium
2958 5747 3261 5795 memorato
3288 5737 3482 5794 morbo
