3838 6220
380 322 522 382 1285
1657 326 1718 382 s.
1761 325 1953 398 cum

2057 326 2090 379 ll
2129 322 2424 380 NYSSENI
3492 322 3622 378 ιεει

370 441 483 497 duo
529 442 626 496 tibi
658 441 801 498 dona
837 443 1090 515 largitur.
1121 442 1256 499 Nam
1300 460 1466 498 unum
1498 445 1719 514 quidem
1747 445 1952 500 donum

2057 445 2114 498 τὸ
2160 446 2451 516 κεφάλαιον
2494 445 2603 498 τῶν
2629 479 2632 482 ~
2658 441 3053 514 εύφραινόντων
3076 444 3109 512 ἠ
3141 440 3330 512 εἰρήνη
3361 439 3535 501 ἐστὶν,
3563 439 3627 511 ἢν

371 543 458 587 est
485 534 662 603 ipsum
689 537 972 604 praemium
998 537 1340 602 certaminis,
1359 538 1589 592 alterum
1613 554 1744 593 vero
1772 537 1949 608 ipsum

2057 538 2321 608 τοσαύτην
2365 539 2583 606 ἑκάστῳ
2631 539 2887 607 παρεῖναι
2919 533 3196 604 βούλεται,
3231 532 3306 594 ὡς
3360 530 3436 602 μὴ
3476 531 3629 600 μόνον

372 634 674 680 Certamen.
709 627 894 698 Itaque
932 630 976 685 si
1014 630 1160 684 nulla
1197 629 1244 683 ei
1287 630 1364 684 rei
1394 631 1558 685 etiam
1595 645 1720 700 spes
1751 645 1952 700 propo-

2058 630 2220 682 αὑτὸν
2260 630 2486 682 ἕκαστον
2530 628 2696 698 ἔχειν,
2730 625 2845 680 ἀλλ’
2889 628 2952 679 ὲκ
2981 622 3174 678 πολλοῦ
3217 623 3310 675 τοῦ
3352 623 3631 693 περιόντος

373 717 478 769 sita
528 728 692 782 esset,
750 720 871 791 ipsa
923 731 1144 792 prepter
1194 738 1253 778 se
1293 739 1396 792 pax
1445 721 1686 776 eordatis
1737 722 1953 790 quidem

2063 721 2292 783 καὶτοῖς
2323 721 2398 791 μὴ
2427 719 2608 790 έχουσι
2638 719 2842 790 νέμειν.

374 808 688 866 hominibus
760 829 871 882 prae
933 817 1144 870 caeteris
1209 816 1373 870 rebus
1438 815 1695 868 omnibus
1753 814 1952 882 cupide
1990 811 2294 882 expetenda
2328 821 2491 882 atque
2521 811 2896 882 amplectenda
2936 817 3102 863 esset.
3134 805 3236 860 Per
3294 807 3397 861 hoc
3467 804 3634 874 igitur

375 897 801 969 insuperabilem
861 905 1288 975 magnitudinem
1349 905 1709 959 humanitatis
1778 903 2249 974 agnoscerelicet,
2288 903 2433 972 quod
2476 903 2650 957 bonas
2715 902 3193 956 remunerationes
3261 913 3372 952 non
3427 897 3632 950 labori-

375 989 478 1044 bus
512 1007 574 1044 ac
611 993 930 1056 sudoribus,
959 995 1056 1051 sed
1083 997 1298 1052 deliciis
1337 1006 1393 1051 et
1423 998 1590 1051 animi
1627 997 2088 1052 oblectationibus
2118 994 2518 1064 quodammodo
2556 994 2820 1064 largitur;
2886 992 2934 1048 si
2994 992 3158 1046 modo
3207 989 3631 1044 exhilarantium

375 1095 558 1136 rerum
605 1096 768 1154 caput
813 1097 896 1141 est
943 1103 1068 1157 pax,
1104 1104 1268 1158 quam
1317 1098 1428 1143 tam
1483 1091 1708 1144 multam
1760 1093 1958 1160 cuique
1998 1097 2288 1160 suppetere
2314 1088 2450 1149 vult,
2487 1094 2546 1140 ut
2581 1102 2689 1142 non
2718 1084 2882 1141 modo
2911 1085 3139 1156 quilibet
3174 1083 3292 1153 ipse
3349 1096 3471 1137 eam
3534 1081 3634 1133 ha-

382 1177 526 1239 beat,
577 1178 672 1232 sed
709 1196 774 1233 ex
824 1181 995 1233 multa
1053 1182 1428 1251 superﬂuitate
1471 1200 1578 1239 non
1624 1184 1953 1239 habentibus
1992 1197 2208 1256 quoque
2235 1181 2593 1250 impertiatur.

453 1268 608 1323 Beati
637 1271 806 1336 enim,
843 1274 1042 1343 inquit,
1092 1279 1325 1346 paciﬁci.
1364 1277 1458 1332 Est
1485 1288 1664 1332 autem
1696 1278 1956 1346 paciﬁcus

383 1361 432 1417 is
481 1363 573 1432 qui
612 1379 798 1434 pacem
851 1367 1012 1422 alteri
1053 1369 1176 1435 dat;
1228 1380 1284 1424 at
1313 1386 1472 1425 nemo
1501 1371 1742 1441 praebere
1792 1371 1951 1424 alteri

376 1453 556 1521 possit
607 1454 661 1508 id
709 1456 854 1524 quod
914 1458 1030 1527 ipse
1075 1475 1184 1513 non
1245 1459 1460 1514 habeat.
1521 1459 1647 1514 Vult
1690 1462 1854 1532 igitur
1903 1473 1955 1516 te

377 1543 615 1610 priorem
655 1560 779 1598 esse
820 1545 1038 1614 plenum
1071 1548 1222 1617 pacis
1262 1549 1554 1611 bonorum,
1589 1549 1786 1605 deinde
1820 1567 1948 1606 vero

375 1633 621 1701 praebere
689 1635 1062 1705 indigentibus
1111 1637 1382 1705 ejusmodi
1431 1638 1586 1695 boni.
1659 1640 1769 1692 Nec
1822 1656 1953 1694 vero

2123 1275 2412 1344 Μακάριοι
2439 1275 2569 1345 γὰρ,
2596 1273 2782 1343 φησὶν,
2801 1274 2851 1325 ol
2877 1270 3234 1338 εἰρηνοποιοί
3241 1310 3254 1322 .
3279 1267 3633 1340 Εἰρηνοποιὸς

2051 1368 2108 1422 δέ
2134 1371 2279 1422 ἐστιν
2315 1371 2342 1421 6
2381 1369 2601 1437 εἰρήνην
2633 1365 2806 1427 διδοὺς
2839 1365 3010 1434 ἀλλῳο
3044 1365 3144 1416 οὐκ
3163 1361 3228 1415 ἂν
3255 1362 3311 1414 δέ
3339 1380 3420 1424 τις
3458 1361 3633 1431 ἑτέρῳ

2055 1461 2408 1530 παράσχοιτο,
2433 1459 2460 1511 ὃ
2492 1457 2566 1529 μὴ
2592 1458 2752 1520 αὐτὸς
2785 1456 2918 1526 ἔχει.
2950 1455 3203 1508 Βούλεται
3227 1454 3406 1506 τοίνυν
3440 1453 3634 1522 πρό-ε-

2056 1569 2146 1622 ρον
2200 1546 2343 1603 εἷναί
2392 1567 2450 1602 σε
2504 1549 2684 1620 πλήρη
2734 1548 2844 1600 τῶν
2893 1548 2992 1617 τῆς
3023 1548 3242 1618 εἰρήνης
3275 1545 3474 1606 καλῶν,
3528 1539 3632 1596 εἷθ’

2058 1643 2230 1706 οὕτως
2262 1642 2476 1713 ὀρέγειν
2513 1644 2624 1706 τοῖς
2661 1640 2854 1705 ἐνδεῶς
2890 1641 3071 1710 έχουσι
3101 1639 3195 1692 τού
3224 1637 3464 1691 τοιούτου
3500 1637 3636 1704 κτή-

378 1724 542 1778 nimis
592 1726 812 1781 curiose
871 1727 1003 1780 mihi
1050 1730 1227 1781 oratio
1283 1729 1336 1782 in
1390 1730 1659 1798 profundo
1699 1731 1953 1789 latentem

2061 1753 2247 1806 ματος.
2281 1735 2389 1788 Kal.
2423 1734 2498 1805 μὴ
2523 1733 2643 1788 λίαν
2674 1734 2772 1805 τὴν
2795 1733 2883 1787 διὰ
2917 1732 3110 1802 βάθους
3144 1730 3375 1801 θεωρίαν
3408 1745 3638 1800 περιερ-

376 1817 804 1886 speculationem
833 1820 1106 1887 exquirat.
1141 1820 1350 1875 Sullicit
1373 1823 1517 1876 enim
1548 1823 1705 1878 nobis
1731 1823 1796 1877 ad
1825 1826 1948 1880 boni

379 1910 800 1980 acquisitionem
835 1912 1002 1966 etiam
1040 1912 1089 1968 is
1142 1913 1235 1982 qui
1269 1917 1323 1968 in
1359 1923 1613 1985 promptu
1661 1924 1746 1970 est
1793 1918 1953 1972 intel-

378 2001 574 2057 lectus.
624 2001 778 2057 Beati
825 2005 1054 2073 paciﬁci.
1095 2004 1390 2060 Multorum
1437 2006 1752 2062 morborum
1794 2024 1954 2063 cura—

378 2093 582 2148 tionem
623 2110 803 2150 sermo
831 2098 1028 2166 exiguo
1055 2097 1295 2152 remedio
1345 2107 1586 2168 prmstat,
1637 2115 1732 2168 per
1786 2101 1950 2155 colle-

377 2187 617 2242 (tionem
667 2188 808 2242 hanc
858 2198 911 2244 et
961 2204 1148 2245 vocem
1195 2191 1502 2260 generalem
1544 2191 1839 2262 singularia
1890 2208 1953 2248 ac

378 2279 634 2348 specialia
689 2281 1179 2350 comprehenderis.
1235 2281 1376 2347 Quid
1439 2284 1508 2338 sit
1564 2299 1665 2352 pax
1719 2286 1950 2354 primum

376 2373 808 2428 consideremus.
863 2373 1013 2441 .Quid
1072 2375 1216 2430 aliud
1268 2391 1429 2446 quam
1477 2392 1600 2430 eum
1658 2376 1951 2432 dilectione

376 2463 678 2533 conjuncta
721 2465 985 2521 adversus
1027 2467 1346 2537 popularem
1383 2475 1437 2522 et
1465 2467 1772 2537 proximum
1819 2467 1953 2524 alle-

377 2556 490 2609 ctio
540 2558 762 2610 mutua?
805 2557 944 2623 Quid
1006 2559 1171 2627 igitur
1216 2567 1302 2614 est
1349 2559 1440 2622 id,
1492 2560 1638 2630 quod
1675 2560 1954 2616 dilectioni

373 2665 442 2703 ex
477 2647 707 2704 adverso
749 2649 1120 2720 intelligatur?
1149 2651 1356 2714 odium,
1406 2652 1509 2716 ira,
1550 2652 1955 2707 excandescen-

376 2741 474 2805 tia,
509 2741 736 2805 invidia,
773 2741 1098 2810 injuriarum
1133 2752 1295 2796 tenax
1335 2744 1622 2807 memoria,
1654 2745 1952 2806 simulatio,

374 2832 662 2888 calamitas
727 2841 885 2902 atque
939 2832 1124 2887 clades
1178 2833 1324 2888 belli.
1380 2832 1619 2890 Videsne
1691 2835 1955 2892 adversus

375 2932 507 2994 quot
555 2933 610 2979 et
669 2926 861 2995 quales
897 2925 1120 2980 morbos
1160 2927 1318 2996 quasi
1363 2927 1732 2996 praamuniens
1777 2943 1956 2983 reme-

375 3017 523 3069 dium
557 3031 663 3070 una
695 3017 767 3070 sit
804 3016 941 3069 vox?
976 3014 1109 3069 Nam
1147 3032 1250 3085 pax
1279 3019 1479 3084 cuique
1505 3024 1954 3071 enumeratorum

2051 1824 2302 1894 γαζέσθω
2355 1826 2384 1876 6
2427 1825 2616 1894 λόγος’
2663 1823 2937 1895 αὔταρκες
2985 1823 3092 1893 γὰρ
3128 1825 3262 1892 ἡμῖν
3293 1821 3373 1883 είς
3419 1818 3634 1887 ἀγαθοῦ

2051 1917 2266 1986 κτῆσιν,
2293 1919 2388 1969 καὶ
2422 1916 2482 1969 τὸ
2514 1915 2802 1987 πρόχειρον
2835 1916 3031 1985 νόημα.
3067 1915 3351 1982 Μακάριοι
3390 1915 3444 1966 ot’
3469 1914 3634 1979 εἰρη-

2050 2007 2302 2060 νοποιοί.
2337 2005 2553 2059 Πολλῶν
2588 2007 3036 2078 ἀρρωστημάτων
3071 2004 3365 2075 θεραπείαν
3403 2005 3431 2056 ὁ
3471 2003 3634 2070 λόγος

2052 2098 2109 2151 ὲν
2139 2099 2303 2174 ὀλίγῳ
2329 2099 2633 2172 χαρίζεται,
2668 2098 2754 2150 διὰ
2779 2099 2878 2169 τῆς
2908 2097 3250 2168 περιλήψεως
3289 2097 3493 2166 ταύτης
3536 2096 3636 2148 καὶ

2061 2189 2433 2260 γενικωτέρας
2459 2190 2640 2260 φωνῆς
2681 2189 3057 2260 ὲκπεριλαὸὼν
3092 2191 3160 2243 τὰ
3209 2189 3326 2242 καθ’
3374 2189 3631 2241 ἕκαστον.

2053 2283 2119 2335 Τί
2161 2283 2374 2352 ἐστινὴ
2427 2283 2617 2353 εἰρήνη
2649 2281 2864 2353 πρῶτον
2913 2284 3214 2352 νοήσωμεν.
3270 2281 3335 2333 Τί
3384 2280 3542 2343 ἄλλο,
3602 2279 3634 2348 ἢ

2054 2373 2368 2442 ἁγαπητική
2401 2390 2484 2435 τις
2514 2373 2648 2442 πρὸς
2676 2373 2734 2425 τὸ
2762 2372 3027 2444 ὁμόφυλον
3055 2371 3423 2434 συνδιάθεσιςς
3459 2373 3512 2424 τί
3537 2367 3637 2423 οὖν

2053 2463 2169 2516 ἐστι
2202 2464 2260 2530 ἐξ
2293 2465 2532 2518 ἐναντίου
2563 2467 2628 2535 τῇ
2665 2464 2854 2536 ἀγάπῃ
2882 2464 3198 2534 νοούμενονς
3230 2465 3422 2527 Μίσος,
3450 2463 3593 2533 ὀργὴ
3617 2503 3634 2524 ,

2055 2555 2241 2626 θυμὸς,
2273 2555 2485 2625 φθόνος,
2517 2555 2868 2625 μνησικακία,
2903 2556 3217 2626 ὑπόκρισις,
3241 2557 3274 2625 ἡ
3302 2555 3443 2607 κατὰ
3475 2554 3639 2607 πόλε-

2059 2665 2157 2717 μον
2201 2648 2474 2718 συμφορά.
2521 2649 2685 2718 Ὀρᾷς
2724 2649 2864 2701 ὅσων
2895 2648 2986 2700 καὶ
3015 2648 3141 2700 οἵων
3180 2648 3640 2718 ἀρρωστημάτων

2054 2741 2466 2810 ἀντιφάρμακόν
2523 2742 2670 2792 ἐστιν
2717 2742 2748 2810 ἡ
2798 2740 2895 2810 μία
2945 2741 3125 2810 φωνή;
3183 2740 3245 2792 Ἦ
3292 2741 3400 2809 γὰρ
3438 2741 3639 2810 εἰρήνη

2055 2831 2196 2884 κατὰ
2222 2830 2282 2882 τὸ
2310 2831 2423 2884 ἴσον
2455 2831 2670 2900 ἑκάστῳ
2700 2831 2806 2882 τῶν
2832 2831 3134 2901 εἰρημένων
3161 2831 3638 2891 ἀντικαθίσταται.

2055 2923 2148 2974 καὶ
2185 2923 2486 2993 ἀφανισμὸν
2512 2926 2654 2975 ποιεῖ
2691 2923 2782 2974 τοῦ
2817 2923 2988 2975 κακοῦ
3020 2925 3085 2993 τῇ
3113 2923 3304 2992 ἑαυτῆς
3335 2923 3637 2993 παρουσία.

2068 3014 2154 3076 Ὠς
2202 3013 2311 3084 γὰρ
2341 3015 2550 3082 ὑγιείας
2581 3013 2942 3083 ἐπιλαϐούσης
2975 3016 3008 3084 ἡ
3037 3015 3188 3076 νόσος
3223 3015 3635 3083 ἐξαφανίζεται,

376 3110 642 3162 malorum
674 3125 739 3164 ex
779 3124 936 3178 aaquo
969 3117 1236 3179 repugnat
1281 3118 1335 3163 et
1369 3107 1716 3174 adversatur,
1755 3111 1950 3178 suique

2057 3107 2146 3158 καὶ
2174 3106 2347 3174 φωτὸς
2383 3107 2640 3175 φανέντος
2681 3108 2779 3177 οὐχ
2815 3107 3163 3160 ὑπολείπεται
3199 3108 3420 3169 σκότος·
3459 3098 3638 3170 οὕτως

377 3200 666 3268 praesentia
718 3200 1070 3254 abolitionem
1117 3199 1244 3252 mali
1286 3205 1529 3269 praestat.
1567 3197 1635 3252 Ut
1665 3201 1812 3253 enim
1850 3216 1948 3253 su-

377 3291 736 3361 perveniente
790 3292 1043 3354 sanitate,
1099 3290 1324 3343 morbus
1371 3290 1672 3352 evanescit,
1727 3304 1791 3344 ae
1833 3291 1952 3344 luce

377 3390 696 3452 apparente,
723 3383 963 3436 tenebrae
989 3397 1097 3436 non
1125 3381 1540 3450 relinquuntur:
1580 3380 1655 3434 ita
1687 3396 1809 3435 cum
1847 3397 1949 3450 pax

377 3472 731 3542 apparuerit,
787 3472 1076 3526 solvuntur
1130 3471 1314 3525 omnia
1369 3487 1491 3542 qua;
1542 3487 1610 3527 ex
1675 3475 1952 3527 contrario

377 3565 688 3620 conﬂantur
735 3564 1100 3618 incommoda.
1152 3562 1265 3616 Hoc
1296 3579 1426 3618 vero
1454 3571 1716 3633 quantum
1751 3564 1821 3618 sit
1853 3566 1951 3619 bo-

379 3673 537 3722 num,
580 3655 718 3710 nihil
748 3656 945 3725 opinor
971 3670 1111 3724 opus
1144 3669 1266 3709 esse
1297 3655 1547 3724 persequi
1576 3655 1859 3722 oratione;
1894 3664 1952 3710 tu

379 3750 498 3818 ipse
534 3764 628 3818 per
656 3757 708 3804 te
743 3756 934 3816 reputa
978 3756 1140 3816 atque
1185 3746 1458 3816 perpende
1496 3747 1672 3817 qualis
1721 3747 1794 3802 sit
1841 3749 1952 3801 vita

377 3856 570 3897 eorum
605 3839 700 3907 qui
745 3839 948 3893 mutuis
977 3838 1120 3892 odiis
1155 3845 1319 3907 atque
1357 3838 1768 3907 suspicionibus
1799 3839 1955 3892 labo-

378 3942 524 3996 rant,
572 3946 803 4001 quorum
837 3945 1102 3984 occursus
1147 3931 1366 4000 quidem
1423 3938 1584 3999 atque
1623 3947 1954 4000 congressus

379 4025 644 4090 infausti,
700 4023 1089 4078 abominabilia
1153 4033 1335 4077 autem
1391 4031 1554 4092 atque
1611 4023 1954 4077 detestabilia

378 4115 516 4186 ipsis
563 4115 704 4168 inter
769 4128 830 4168 se
885 4114 1069 4166 omnia
1103 4131 1116 4166 :
1153 4127 1250 4166 ora
1306 4111 1434 4166 item
1498 4127 1626 4166 voce
1670 4111 1945 4176 carentia;

379 4207 606 4261 obtutus
647 4204 860 4265 aversi;
889 4218 1050 4259 aures
1089 4203 1156 4257 ad
1187 4218 1374 4256 vocem
1415 4201 1542 4256 odio
1575 4203 1954 4272 prosequentis

379 4308 434 4353 et
457 4299 584 4352 odio
623 4296 790 4351 habiti
827 4295 1095 4349 obturatze
1126 4293 1428 4364 ;quidquid
1470 4293 1720 4347 alterutri
1764 4309 1953 4347 eorum

380 4389 609 4444 charum
640 4397 747 4452 est,
775 4385 827 4440 id
868 4387 1024 4441 alteri
1062 4386 1296 4441 invisum
1331 4403 1343 4440 :
1377 4395 1541 4453 atque
1571 4401 1636 4439 ex
1677 4388 1954 4440 contrario

2053 3199 2145 3250 καὶ
2178 3199 2274 3267 τῆς
2309 3200 2530 3268 εἰρήνης
2568 3199 2955 3267 ἐπιφανείσης,
3021 3197 3204 3250 λύεται
3239 3198 3418 3252 πάντα
3467 3199 3536 3251 τὰ
3569 3199 3636 3252 ὲκ

2051 3289 2143 3340 τοῦ
2174 3291 2412 3341 ἐναντίου
2447 3289 2807 3359 συνιστάμενα
2835 3289 3000 3361 πάθη.
3032 3289 3200 3342 Τοῦτο
3229 3289 3284 3343 δὲ
3321 3291 3445 3342 ὅσον
3481 3292 3635 3343 ἐστὶν

2053 3380 2276 3448 ἀγαθὸν,
2302 3381 2452 3434 οὐδὲν
2481 3377 2635 3450 οἶμαι
2670 3383 2863 3450 χρῆναι
2895 3381 3145 3446 διεξιέναι
3172 3381 3248 3451 τῷ
3271 3382 3412 3451 λόγῳ
3437 3383 3633 3445 αὐτός’

2056 3475 2119 3526 σὺ
2145 3473 2285 3526 κατά
2315 3473 2539 3526 σεαυτὸν
2563 3473 2947 3541 ὲπιλελόγισαι.
2983 3468 3090 3536 οἷος
3123 3476 3151 3526 ὀ
3183 3474 3294 3542 βίος
3324 3475 3434 3526 τῶν
3467 3473 3636 3544 ἀλλή-

2055 3565 2181 3628 λους
2205 3566 2270 3619 δι’
2304 3565 2536 3633 ὑποψίας
2579 3567 2672 3619 καὶ
2708 3566 2899 3636 μίσους
2934 3566 3183 3636 ἐχόντων,
3215 3559 3288 3620 ὧν
3312 3566 3636 3635 δυσάντητα

2059 3659 2155 3728 μὲν
2188 3659 2245 3710 αἱ
2285 3657 2582 3727 συντυχίαι,
2640 3657 2902 3727 βδελυκτά
2955 3657 3010 3708 δὲ
3055 3657 3236 3720 αὐτοῖς
3280 3656 3349 3710 τὰ
3385 3657 3636 3726 ἀλλήλων

2057 3749 2260 3802 πάντα·
2288 3749 2538 3816 ἄφθογγα
2563 3749 2619 3802 δὲ
2657 3749 2725 3800 τὰ
2755 3749 3018 3818 στόματα,
3061 3748 3152 3800 καὶ
3195 3748 3636 3817 ἀπεστραμμένα

2055 3838 2122 3891 τά
2150 3839 2434 3908 βλέμματα
2452 3857 2464 3869 ·
2495 3840 2586 3892 καὶ
2607 3838 2742 3909 ἀκοὴ
2767 3839 3205 3909 πεφραγμένη-τῇ
3228 3839 3319 3892 τοῦ
3347 3838 3635 3908 μισοῦντος

2057 3928 2150 3981 καὶ
2182 3929 2511 3998 μισουμένου
2539 3933 2712 3998 φωνῇ.
2742 3931 2856 3982 Πᾶν
2885 3930 2940 3982 δὲ
2975 3930 3124 3999 φίλον
3150 3930 3393 4000 ἐκατέρῳ
3429 3930 3632 3994 αὐτῶν,

2054 4020 2083 4073 ὃ
2110 4019 2186 4090 τῷ
2219 4022 2389 4091 ἑτέρῳ
2434 4021 2506 4092 μὴ
2555 4021 2734 4090 φίλονο
2780 4023 2872 4074 καὶ
2900 4023 2962 4074 ἐκ
2998 4021 3091 4074 τοῦ
3125 4022 3365 4086 ἐναντίου
3403 4025 3512 4075 πᾶν
3546 4025 3638 4092 ὲχ-

2057 4111 2204 4184 θρὸν,
2226 4113 2320 4165 καὶ
2340 4113 2616 4181 πολέμιον,
2639 4113 2666 4166 ὃ
2685 4112 2762 4183 τῷ
2783 4113 3033 4184 δυσμενεῖ
3059 4113 3633 4186 καταθύμιον.”Ωσπες

2053 4202 2231 4256 τοίνυν
2259 4203 2328 4256 τὰ
2362 4202 2533 4274 εὐώδη
2567 4203 2676 4258 τῶν
2710 4206 3045 4276 ἀρωμάτων,
3078 4205 3178 4275 τῆς
3210 4205 3345 4268 ἰδίας
3374 4206 3634 4270 εὐπνοίας

2053 4294 2144 4345 τὸν
2178 4295 2578 4365 παρακείμενον
2617 4297 2757 4366 ἀέρα
2795 4297 2974 4366 πλήρη
3003 4300 3178 4350 ποιεῖ’
3211 4297 3352 4352 οὕτω
3380 4317 3461 4352 σοι
3501 4302 3635 4369 βού-

2054 4385 2207 4438 λεται
2250 4387 2390 4440 κατὰ
2429 4388 2744 4457 περιουσίαν
2794 4389 3107 4452 πλεονάζειν
3134 4390 3231 4459 τῆς
3268 4393 3491 4462 εἰρήνης
3534 4395 3637 4464 τὴν

381 4481 647 4554 quidquid
692 4480 974 4534 inimicum
1012 4488 1066 4533 et
1100 4478 1318 4542 hostile,
1358 4477 1409 4531 id
1448 4478 1762 4531 adversario
1790 4485 1953 4546 atque

2057 4480 2234 4550 χάριν,
2265 4479 2407 4533 ὥστε
2448 4479 2540 4533 τὸν
2568 4480 2656 4532 σὺν
2687 4480 2800 4550 βίον
2828 4481 3123 4552 θεραπείαν
3160 4477 3297 4534 εἶναι
3337 4482 3434 4550 τῆς
3475 4483 3638 4536 ἀλλο-

385 4575 608 4630 inimico
631 4581 843 4642 gratum
868 4578 922 4625 et
953 4581 1233 4640 acceptum
1269 4579 1371 4624 est.
1412 4567 1480 4623 Ut
1507 4570 1674 4638 igitur
1710 4576 1952 4622 aromata

383 4667 510 4720 boni
561 4680 624 4718 ac
674 4661 858 4719 suavis
914 4661 1100 4715 odoris
1153 4661 1447 4730 fragrantia
1505 4661 1586 4713 sui
1645 4660 1950 4729 proximum

384 4774 509 4812 aera
546 4757 775 4824 replent,
820 4756 891 4808 ita
941 4754 1040 4806 tibi
1070 4769 1133 4806 cx
1165 4754 1434 4822 superllua
1475 4751 1632 4820 copia
1675 4749 1955 4804 abundare

385 4848 616 4917 gratiam
664 4846 813 4915 pacis
845 4844 978 4908 vult,
1032 4850 1092 4896 ut
1124 4852 1214 4896 tua
1248 4843 1357 4895 vita
1412 4841 1574 4896 alieni
1625 4841 1800 4894 morbi
1842 4855 1956 4894 me-

384 4939 504 4992 dela
547 4941 638 4991 sit.
675 4935 952 5002 Quantum
987 4943 1167 4988 autem
1210 4933 1264 4986 id
1314 4933 1514 4987 bonum
1565 4932 1659 4994 sit,
1708 4931 1956 4986 exactius

383 5029 726 5102 cognoveris,
769 5030 812 5083 si
847 5027 1116 5096 cujusque
1139 5040 1351 5086 eorum,
1376 5025 1468 5093 qui
1501 5040 1568 5078 ex
1615 5024 1833 5078 inimica
1854 5039 1955 5078 vo-

383 5122 594 5175 luntate
639 5119 694 5172 in
726 5119 910 5172 animo
940 5117 1216 5171 exsistunt
1250 5115 1561 5168 morborum
1610 5115 1955 5168 calamitates

385 5211 712 5282 per-pendas.
749 5209 886 5274 Quis
917 5208 1145 5262 allectus
1193 5215 1247 5260 et
1295 5207 1424 5259 vitia
1458 5207 1551 5259 irae
1593 5205 1756 5276 digne
1791 5222 1959 5275 expo-

386 5303 595 5358 suerit?
643 5316 764 5370 quze
809 5299 985 5353 oratio
1029 5297 1424 5368 turpitudinem
1463 5297 1733 5366 ejusmodi
1781 5299 1955 5352 morbi

386 5393 693 5449 describet?
741 5391 906 5444 Vides
959 5405 1147 5444 eorum
1193 5389 1285 5458 qui
1337 5406 1366 5442 a
1408 5389 1655 5444 daemone
1690 5399 1958 5444 vexantur

388 5484 612 5538 aﬂ'ectus
644 5483 697 5536 in
722 5483 808 5547 {iis
838 5483 930 5552 qui
963 5483 1030 5536 ab
1065 5483 1144 5535 ira
1173 5482 1300 5534 victi
1345 5489 1473 5534 sunt
1523 5497 1804 5550 apparere.
1855 5483 1961 5536 Re-

388 5585 516 5646 puta
549 5575 616 5628 ad
659 5576 892 5629 invicem
939 5584 1272 5644 comparata,
1324 5582 1438 5628 tum
1465 5589 1587 5644 qua:
1637 5574 1812 5637 iratis,
1842 5581 1956 5626 tum

388 5681 508 5734 quae
552 5681 582 5718 a
638 5665 884 5720 daemone
922 5668 1186 5735 correptis
1236 5666 1495 5721 accidunt
1534 5673 1696 5735 atque
1743 5667 1959 5720 contin-

391 5766 546 5827 gunt,
576 5773 751 5826 ecqua
776 5759 845 5813 sit
887 5759 941 5813 in
981 5759 1068 5816 his
1097 5758 1421 5816 dill’erentia.
1462 5758 1740 5831 Sanguine
1763 5758 1955 5816 suffusi

2055 4571 2212 4641 τρίας
2235 4572 2412 4625 νόσου.
2442 4572 2606 4626 Ὅσον
2629 4573 2686 4626 δὲ
2708 4573 2768 4644 τὸ
2801 4572 3040 4626 τοιοῦτόν
3057 4575 3201 4626 ἐστιν
3223 4575 3444 4642 ἀγαθὸν,
3475 4577 3638 4647 ἀκρι-

2056 4659 2310 4730 ϐέστερον
2349 4661 2415 4714 ἂν
2457 4662 2768 4732 ἐπιγνοίης,
2811 4662 3040 4715 ἑκάστου
3065 4663 3170 4715 τῶν
3203 4665 3264 4715 ἐκ
3302 4665 3398 4734 τῆς
3427 4666 3637 4733 δυσμε-

2055 4751 2177 4814 νοῦς
2205 4753 2574 4822 προαιρέσεως
2601 4755 2964 4822 ἐγγινομένων
3011 4757 3077 4823 τῇ
3102 4753 3246 4824 ψυχῇ
3294 4756 3638 4825 παθημάτων

2055 4843 2152 4902 τὰς
2194 4845 2475 4914 συμφορὰς
2524 4845 2887 4916 λογιζόμενος.
2935 4846 3027 4909 Τίς
3077 4845 3141 4898 ἂν
3190 4845 3447 4912 διεξέλθοι
3496 4847 3637 4916 πρὸς

2055 4935 2208 4998 ἀξίαν
2245 4936 2342 5006 τῆς
2365 4937 2531 5006 ὀργῆς
2574 4937 2641 4990 τά
2685 4937 2861 5008 πάθης
2892 4938 2986 5000 Τίς
3015 4937 3324 5008 ὑπογράψει
3353 4937 3508 5005 λόγος
3533 4939 3636 5008 τὴν

2057 5025 2441 5096 ἀσχημοσύνην
2466 5028 2562 5096 τῆς
2585 5027 2839 5098 τοιαύτης
2865 5028 3019 5080 νόσου
3044 5046 3058 5089 ;
3105 5029 3264 5099 Ὁρᾷς
3295 5030 3362 5081 τὰ
3385 5030 3494 5081 τῶν
3517 5029 3632 5082 δαι-

2063 5115 2346 5184 μονώντων
2377 5119 2522 5188 πάθη
2566 5121 2678 5181 τοῖς
2708 5119 2811 5172 ὑπὸ
2842 5118 3014 5188 θυμοῦ
3059 5121 3489 5190 κεκρατημένοις
3515 5122 3641 5173 ὲπι-

2061 5207 2377 5277 φαινόμενα.
2430 5210 2654 5276 Λόγισαι
2700 5203 3020 5279 παράλληλά
3045 5209 3136 5262 τοῦ
3173 5228 3230 5262 τε
3264 5210 3513 5279 δαίμονος
3544 5215 3643 5266 καὶ

2057 5299 2151 5352 τοῦ
2185 5299 2357 5368 θυμοῦ
2400 5300 2470 5352 τὰ
2499 5299 2896 5370 συμπτώματα,
2928 5302 3020 5353 καὶ
3043 5301 3122 5364 τίς
3145 5303 3202 5353 ὲν
3229 5301 3439 5365 τούτοις
3470 5304 3503 5372 ὴ
3528 5304 3645 5356 δια-

2059 5393 2220 5461 φορά.
2270 5392 2546 5461 ’Ύφαιμος
2591 5393 2683 5446 καὶ
2731 5393 3050 5463 διάστροφος
3103 5394 3208 5445 τῶν
3251 5395 3642 5463 δαιμονῶντιινθ

2058 5483 2332 5554 ὀφθαλμὸς
2351 5523 2364 5544 ,
2399 5487 2714 5556 παράφορος
2755 5488 2786 5555 ή
2816 5485 3070 5553 γλῶσσα,
3098 5487 3268 5557 τραχὺ
3299 5487 3359 5538 τὸ
3391 5487 3639 5556 φθέγμα,

2059 5575 2205 5641 ὀξεῖα
2247 5578 2337 5628 καὶ
2386 5576 2666 5645 ὑλακὼδης
2706 5580 2738 5647 ἡ
2784 5580 2957 5648 φωνή.
2998 5579 3165 5631 Κοινά
3191 5577 3363 5630 ταῦτα
3405 5579 3500 5631 καὶ
3543 5579 3640 5633 τοῦ

2060 5666 2232 5738 θυμοῦ
2278 5667 2495 5722 καὶτοῦ
2540 5669 2824 5738 δαίμονος,
2879 5669 3064 5732 κλόνος
3124 5669 3398 5738 κεφαλῆς,
3438 5671 3642 5738 χειρῶν

2060 5757 2361 5828 ἔμπληκτοι
2424 5763 2695 5831 κινήσεις,
2747 5761 2990 5832 βρασμὸς
3035 5762 3154 5814 ὅλου
3211 5760 3303 5813 τοῦ
3352 5759 3639 5831 σώματος,
