3838 6220
207 319 210 324 ·
247 296 394 352 1285

1279 297 1369 356 DE
1409 295 2013 354 BE.\TiTUD|NIBUS.
2042 295 2302 353 ORATIO
2331 297 2444 352 VII.

3327 349 3336 358 .
3363 295 3504 354 £286

245 411 474 466 ἄστατοι
520 410 710 478 πόδες,
757 412 856 484 μία
901 414 1008 468 τῶν
1045 414 1139 468 δύο
1167 417 1490 488 νοσημάτων
1531 420 1565 490 ἡ
1608 413 1696 470 διὰ
1724 416 1810 468 τῶι

1935 433 2000 474 ac
2039 418 2259 473 distorti
2300 433 2488 474 eorum
2523 417 2616 488 qui
2669 431 2698 470 a
2731 413 3000 472 daemonio
3038 421 3310 470 vexantur
3353 414 3500 470 oculi

241 506 505 560 τοιούτων
559 507 874 581 ὑπογραφή.
925 511 1193 566 Τοσοῦτον
1240 513 1401 584 μόνον
1453 512 1832 585 παρήλλακται

205 639 208 642 .
243 596 340 648 τοῦ
371 597 558 666 ἑτέρου
597 599 658 650 16
689 599 874 670 ἕτερον
894 640 908 664 ,
931 603 1056 654 ὅσον
1076 603 1137 656 16
1169 605 1266 673 μὲν
1297 604 1540 659 ἑκούσιον
1565 600 1700 660 εἶναι
1729 623 1831 660 κα-

245 687 362 742 κὸν.
398 688 460 740 τὸ
488 688 545 740 δὲ
581 688 892 761 ἀϐουλήτως
933 695 1294 764 προσπίπτειν
1325 690 1405 759 οἷς
1437 695 1502 750 ἂν
1533 697 1825 766 ἐγγίνεται.

243 775 320 828 Τὸ
367 777 424 828 δὲ
473 779 592 830 κατ’
645 779 780 834 ἰδίαν
824 783 1000 854 ὁρμὴν
1045 787 1102 838 ὲν
1133 787 1386 857 συμφορᾷ
1423 788 1694 855 γενέσθαι,
1733 786 1827 842 τοῦ

245 871 400 940 παρά
451 871 675 942 γνώμην
728 874 954 940 παθεῖν,
1010 876 1131 930 ὅσον
1179 877 1536 948 ὲλεινότερον;
1585 877 1692 932 Καὶ
1728 879 1828 950 τὴν

247 960 346 1029 μὲν
380 963 444 1014 ἐκ
471 962 720 1032 δαίμονος
748 964 901 1016 νόσον
927 965 954 1016 6
988 963 1108 1018 ἰδὼν
1140 966 1356 1030 πάντως
1387 966 1616 1037 ἠλέησε·
1647 965 1742 1038 τὴν
1770 967 1826 1020 δὲ

243 1052 310 1104 ἐκ
343 1051 516 1122 θυμοῦ
547 1055 894 1127 παραφορὰν,
937 1057 1074 1127 ὁμοῦ
1103 1075 1162 1110 τε
1191 1057 1328 1112 εἶδεν
1358 1060 1454 1112 καὶ
1493 1061 1822 1130 ἐμιμήσατο,

243 1142 452 1212 ζημίαν
506 1147 772 1216 ὲκκρίνων
833 1147 892 1200 τὸ
948 1148 1022 1219 μὴ
1078 1149 1512 1220 ὑπερϐάλλεσθαι
1571 1149 1651 1220 τῷ
1703 1149 1824 1204 καθ’

241 1235 436 1287 ἑαυτὸν
481 1236 643 1288 πάθει
689 1236 780 1290 τὸν
821 1240 1251 1310 προνοσήσαντα.
1284 1241 1393 1293 Καὶ
1429 1243 1456 1294 6
1492 1242 1589 1311 μὲν
1615 1242 1823 1312 δαίμων

161 1379 166 1382 _
243 1326 516 1396 στρεϐλῶν
543 1327 638 1380 τοῦ
666 1329 946 1398 ὲμπαθοῦς
985 1330 1044 1383 16
1087 1331 1266 1402 σῶμα,
1309 1333 1497 1402 μέχρις
1530 1333 1736 1387 ἐκείνου
1762 1333 1823 1387 16

241 1417 418 1469 κακὸν
465 1416 666 1487 ἵστησι,
713 1419 852 1472 κατά
885 1419 979 1472 τοῦ
1026 1421 1185 1492 άὲρος
1216 1422 1338 1492 είκῆ
1367 1422 1697 1495 διαρρίπτων
1728 1423 1820 1478 τοῦ

243 1509 547 1578 μεμηνότος
591 1511 688 1572 τὰς
733 1514 950 1582 χεῖρας·
983 1513 1011 1564 ὁ
1035 1511 1092 1565 δὲ
1126 1511 1221 1566 τοῦ
1258 1513 1430 1584 θυμοῦ
1459 1513 1686 1584 δαίμων.
1721 1516 1822 1568 οὑκ

239 1601 418 1670 ἀργὰς
447 1604 589 1653 ποιεῖ
609 1601 706 1664 τὰς
737 1604 977 1673 κινήσεις
1003 1601 1095 1656 τοῦ
1123 1603 1394 1674 σώματος.
1435 1605 1682 1659 Ἐπειδὰν
1710 1607 1822 1676 γὰρ

237 1694 587 1765 ἐπικρατήσῃ
625 1694 686 1745 16
725 1693 917 1758 πάθος,
958 1695 1049 1748 καὶ
1085 1695 1360 1768 ὑπερζέσῃ
1386 1696 1447 1748 16
1475 1697 1820 1768 περικάρδιον

1931 517 2060 564 sunt
2093 526 2106 562 :
2137 509 2325 578 lingua
2381 521 2646 578 praeceps,
2695 513 2888 576 a‘Spera
2928 505 3164 574 loquela,
3215 509 3375 558 acuta
3437 519 3502 558 ac

1928 600 2147 656 latratui
2186 600 2384 654 similis
2423 614 2548 654 vox.
2583 597 2909 654 Communia
2954 597 3072 651 haec
3113 603 3227 649 tum
3261 596 3356 649 irae
3385 603 3500 648 tum

1927 691 2182 754 daemoni,
2215 692 2498 762 quassatio
2528 691 2746 761 capitis,
2774 704 3033 743 manuum
3079 687 3262 742 stolidi
3291 695 3499 747 motus,

1927 785 2222 840 concussio
2258 791 2313 839 et
2341 784 2496 854 quasi
2528 782 2780 838 testuatio
2823 780 3074 849 corporis
3111 779 3300 844 totius,
3334 779 3499 848 pedes

1927 876 2253 938 instabiles,
2313 891 2422 930 una
2481 875 2766 944 utriusque
2820 873 2992 926 morbi
3061 888 3159 942 per
3229 870 3501 940 ejusmodt

1925 968 2230 1024 accidentia
2279 967 2580 1036 descriptio
2622 975 2728 1022 est.
2779 965 3014 1019 Tantum
3069 964 3337 1018 duntaxat
3374 963 3500 1017 alte-

1925 1073 2046 1110 rum
2081 1057 2148 1110 ab
2178 1058 2352 1112 altero
2390 1057 2586 1118 variat,
2621 1055 2764 1125 quod
2795 1070 2962 1108 unum
2997 1055 3215 1122 quidem
3249 1052 3499 1107 volunta-

1925 1147 2066 1200 rium
2105 1149 2308 1200 n'ialum
2347 1153 2452 1208 est,
2503 1147 2732 1200 alterum
2779 1144 2986 1212 absque
3018 1142 3300 1195 voluntate
3347 1141 3496 1210 ipso-

1925 1253 2044 1292 rum
2090 1237 2290 1292 accidit
2327 1237 2382 1290 in
2422 1237 2624 1306 quibus
2684 1235 2921 1290 exsistit.
2967 1235 3035 1286 At
3081 1242 3284 1304 quanto
3331 1232 3496 1285 misc-

1923 1330 2154 1384 rabilius
2205 1338 2310 1392 est,
2367 1330 2414 1384 si
2474 1337 2674 1399 praeter
2725 1327 2892 1382 animi
2952 1327 3278 1382 sententiam
3333 1325 3496 1378 alicui

1922 1419 2203 1490 quidpiam
2234 1418 2470 1480 accidat,
2500 1434 2662 1488 quam
2705 1418 2751 1472 si
2784 1417 3008 1488 proprio
3037 1417 3242 1486 impetu
3269 1415 3322 1469 in
3351 1415 3498 1470 cala-

1921 1513 2164 1566 mitatem
2219 1510 2462 1564 incidat?
2490 1526 2552 1564 ac
2603 1509 2849 1564 morbum
2880 1509 3096 1577 quidem
3139 1525 3202 1562 ex
3248 1507 3496 1561 daunone

1922 1603 2258 1658 accidentcm
2291 1604 2336 1658 si
2386 1603 2510 1671 quis
2543 1601 3006 1664 animadverterit,
3037 1615 3142 1654 non
3174 1607 3352 1668 potest
3382 1615 3493 1653 non

1923 1694 2173 1748 miserari
2207 1713 2220 1750 :
2253 1710 2320 1750 ex
2366 1695 2446 1748 ira
2477 1711 2607 1750 vero
2639 1694 3042 1766 provenientem
3081 1692 3388 1746 vecordiam
3418 1691 3494 1746 si—

237 1779 382 1852 αἶμα
429 1785 528 1853 τῆς
565 1764 842 1855 μελαίνης
896 1787 1089 1856 χολῆς,
1260 1764 1452 1856 φασιν,
1483 1764 1560 1842 ἐκ⁷
1723 1789 1810 1842 θυ-

1923 1785 2032 1838 tnul
2074 1794 2238 1854 atque
2266 1786 2421 1848 vidit,
2467 1764 2731 1846 imitatur,
2775 1783 2974 1837 damno
3011 1781 3113 1836 sibi
3163 1784 3391 1842 ducens,
3444 1782 3492 1838 si

241 1873 456 1943 tubam;
531 1875 824 1939 διαθέσεως
900 1878 1186 1948 ἁπανταχῇ
1245 1879 1688 1949 κατασπαρείσης
1741 1879 1820 1950 τῷ

237 1965 477 2036 σώματι,
508 1966 628 2020 τότε
658 1967 762 2020 ὑπὸ
783 1966 893 2019 τῶν
916 1967 1123 2020 ἔνδοθεν
1155 1966 1578 2040 συνθλιϐομένων
1606 1969 1815 2038 ἀτμῶν,

235 2061 649 2130 στενοχωρεῖται
688 2059 861 2112 πάντα
896 2061 962 2115 τὰ
996 2061 1124 2130 περὶ
1155 2060 1253 2130 τὴν
1287 2061 1528 2134 κεφαλὴν
1559 2061 1818 2132 αἰσθητή-

237 2167 334 2219 ρια
354 2167 368 2182 ο
404 2149 670 2218 ὀφθαλμοὶ
713 2151 809 2220 μὲν
843 2151 946 2204 ὑπὸ
978 2152 1076 2223 τὴν
1106 2151 1216 2205 τῶν
1245 2151 1526 2224 βλεφάρων
1550 2170 1817 2225 περιγρα-

233 2241 345 2312 φὴν
369 2239 714 2304 ἐξωθοῦνται,
748 2241 985 2312 ὑφαιμόν
1011 2261 1062 2296 τι
1092 2245 1186 2297 κα)⁵
1209 2243 1574 2314 δρακοντῶδες
1599 2245 1734 2316 πρὸς
1758 2244 1818 2298 16

231 2333 441 2388 λυποῦν
486 2327 819 2400 ἀτενίζοντες
841 2353 857 2367 ο
888 2336 1126 2406 ἄσθματι
1153 2337 1210 2390 δὲ
1248 2337 1318 2392 τὰ
1351 2337 1630 2408 σπλάγχνα
1661 2338 1816 2392 συνέ-

229 2442 390 2494 χεται
414 2440 428 2454 ·
459 2425 714 2479 διοίσουσι
735 2427 790 2479 δὲ
826 2427 966 2481 κατά
991 2427 1085 2482 τοῦ
1120 2429 1345 2499 αὐχένος
1376 2431 1430 2483 αἱ
1465 2429 1680 2498 φλέϐες,
1721 2434 1816 2484 καὶ

233 2517 266 2586 ἡ
321 2517 541 2584 γλῶσσα
581 2517 915 2588 παχύνεται·
960 2521 1051 2573 καὶ
1077 2522 1111 2591 ὴ
1143 2521 1294 2592 φωνὴ
1329 2521 1691 2592 στενουμένης
1717 2521 1816 2590 τῆς

229 2606 506 2677 ἀρτηρίας
551 2607 812 2672 ἑκουσίως
847 2608 1092 2674 ὀξύνεται
1113 2627 1126 2640 ·
1157 2611 1250 2664 καὶ
1289 2611 1356 2666 τά
1381 2611 1534 2680 χείλη
1583 2614 1646 2682 τῇ
1681 2612 1814 2664 ὑπο-

237 2699 422 2767 σπορᾷ
450 2697 548 2767 τῆς
577 2697 786 2768 ψυχρᾶς
815 2699 1026 2770 ἐκείνης
1061 2701 1222 2772 χολῆς
1251 2703 1520 2772 πήγνυται
1549 2701 1640 2756 καὶ
1664 2719 1816 2773 περι-

239 2787 590 2856 μελαίνεται,
637 2790 730 2842 καὶ
765 2789 1058 2861 δυσκίνητα
1114 2793 1322 2862 γίνεται
1359 2793 1492 2863 πρὸς
1540 2793 1641 2866 τὴν
1675 2793 1815 2847 κατά

234 2879 400 2947 φύσιν
432 2881 715 2953 διαστολὴν
764 2885 857 2936 καὶ
885 2885 1164 2954 ἐπίμυσιν,
1201 2885 1276 2949 ὡς
1307 2885 1440 2956 μηδὲ
1467 2885 1558 2939 16v
1587 2884 1813 2939 πτύελον

223 2974 294 3024 ἐν
321 2971 397 3041 τῷ
435 2973 664 3042 στόματι
714 2974 1076 3038 πλεονάζοντα
1123 2979 1476 3048 περικρατεῖν
1513 2975 1810 3040 δύνασθαι,

225 3063 376 3116 ἀλλά
433 3065 779 3120 συνεκϐαλεῖν
841 3071 951 3131 τοῖς
1005 3057 1244 3139 ῥήμασι,
1302 3068 1395 3122 τοῦ
1455 3069 1808 3141 βεϐιασμένου
1838 3091 1880 3150 c

235 3153 476 3222 φθόγγου
518 3155 608 3208 16v
652 3157 824 3227 ἀφρὸν
869 3159 1296 3227 παραπτύοντος.
1333 3161 1466 3212 Τότε
1494 3161 1672 3212 τοίνυν
1719 3159 1811 3213 καὶ

234 3245 336 3306 τὰς
373 3250 557 3317 χεῖρας
589 3246 732 3300 ἔστιν
771 3249 894 3301 ἰδεῖν
927 3251 1354 3320 ἀνακινουμένας
1386 3251 1488 3305 ὑπὸ
1509 3252 1606 3321 τῆς
1632 3252 1808 3313 νόσου.

237 3337 338 3388 καὶ
368 3340 494 3401 τοὺς
518 3339 684 3402 πόδας
714 3340 972 3403 ὡσαύτως
991 3357 1003 3370 ·
1028 3344 1257 3394 κινεῖται
1282 3342 1337 3394 δὲ
1356 3342 1424 3396 τὰ
1453 3342 1586 3412 μέλη
1616 3344 1807 3408 ταῦτα,

225 3429 418 3481 οὐκέτι
455 3431 630 3500 μάτην
652 3471 666 3494 ,
699 3431 948 3503 καθάπερ
980 3434 1072 3485 ἐπὶ
1105 3433 1213 3485 τῶν
1241 3433 1618 3504 δαιμονῶντων
1659 3435 1810 3502 γίνε-

223 3537 345 3583 ται,
380 3519 493 3573 ἀλλ’
529 3523 620 3574 ἐπὶ
661 3521 814 3593 κακῷ
846 3523 953 3576 τῶν
983 3524 1230 3594 ἀλλήλοις
1262 3525 1348 3578 διὰ
1365 3525 1466 3594 τῆς
1487 3526 1642 3578 νόσου
1669 3543 1810 3596 συμ-

233 3611 614 3681 πλεκομένων.
652 3613 828 3676 Εὐθὺς
870 3614 976 3685 γὰρ
1007 3615 1142 3685 πρὸς
1169 3616 1234 3667 τὰ
1267 3616 1453 3687 καίρια
1473 3615 1582 3669 τῶν
1621 3617 1810 3689 αἰσθη-

211 3703 436 3774 τηρίων
463 3707 521 3756 αἱ
547 3705 714 3776 ὁρμαὶ
755 3707 862 3758 τῶν
889 3706 1150 3776 ἀλλήλους
1180 3707 1522 3778 πληττόντων
1547 3709 1807 3775 γίνονται.

231 3795 300 3846 Εἰ
321 3795 376 3847 δέ
407 3813 508 3849 που
544 3799 891 3869 προσεγγίσει
925 3801 982 3852 ὲν
1015 3802 1082 3870 τῇ
1125 3799 1408 3870 συμπλοκῇ
1450 3800 1510 3853 16
1535 3802 1709 3871 στόμα
1731 3800 1809 3871 τῷ

231 3883 484 3956 σώματι,
532 3888 652 3941 οὐδὲ
689 3890 738 3942 οί
787 3889 996 3952 όδόντες
1053 3889 1322 3960 ἄπρακτοι
1379 3889 1647 3961 μένουσιν,
1693 3891 1807 3944 ἀλλ’

226 3978 530 4048 ἐμφύονται
557 3979 745 4050 θηρίου
779 3981 933 4052 δίκην
960 3978 1040 4044 οἷς
1070 3981 1135 4034 ἂν
1167 3981 1537 4052 ὲμπελάσωσι.
1573 3983 1686 4036 Καὶ
1724 3984 1810 4046 τίς

223 4073 298 4126 ἂν
338 4073 406 4126 τά
453 4074 571 4127 καθ’
605 4075 832 4127 ἕκαστον
875 4075 1017 4126 εῐποι
1070 4074 1247 4137 κακὰ,
1279 4075 1381 4127 ὅσα
1409 4075 1473 4127 ὲκ
1501 4071 1595 4126 τοῦ
1635 4074 1807 4144 θυμοῦ

227 4165 329 4232 τὴν
369 4164 580 4232 γένεσιν
628 4165 770 4233 ἔχει;
815 4165 870 4218 Ὀ
903 4164 1079 4218 τοίνυν
1131 4163 1355 4218 κωλύων
1403 4165 1502 4234 τὴν
1553 4165 1808 4235 τοιαύτην

221 4255 616 4323 ἀσχημοσύνην
638 4295 650 4315 ,
679 4255 901 4318 εἰκότως
936 4257 1000 4309 ἂν
1036 4255 1370 4326 μακαριστός
1399 4273 1458 4307 τε
1484 4257 1578 4308 καὶ⁴
1607 4257 1804 4324 τίμιος,

223 4345 294 4396 ὲκ
332 4345 431 4414 τῆς
483 4345 744 4416 μεγίστης
789 4346 1104 4416 εὐεργεσίας
1152 4348 1486 4416 ὀνομάζοιτο.
1529 4348 1588 4398 Εἰ
1634 4346 1742 4417 γὰρ
1779 4349 1807 4399 6

1920 1894 2023 1934 suo
2050 1880 2246 1934 morbo
2267 1895 2376 1934 non
2403 1879 2746 1948 superaverit
2775 1892 2900 1930 eum
2933 1875 3026 1946 qui
3057 1875 3207 1946 prior
3227 1883 3493 1944 mgrotare

1919 1975 2164 2042 cmperit.
2201 1973 2278 2026 Ac
2313 1972 2522 2026 daemon
2550 1971 2769 2040 quidem
2815 1977 3078 2038 torquens
3107 1967 3326 2022 obnoxii
3368 1980 3494 2020 cor-

1918 2079 2041 2133 pus.
2078 2063 2306 2118 ulterius
2344 2063 2544 2116 malum
2578 2076 2683 2113 non
2730 2058 2976 2113 extendit
3023 2073 3185 2126 quam
3223 2064 3281 2110 ut
3309 2055 3364 2109 in
3396 2070 3491 2108 ae-

1921 2171 2032 2208 rem
2081 2154 2287 2210 lrustra
2343 2153 2574 2208 furentis
2623 2167 2814 2205 manus
2862 2148 3134 2218 disjiciat:
3193 2147 3492 2201 iracundiae

1920 2265 2048 2304 vero
2084 2250 2292 2304 daemon
2345 2264 2451 2302 non
2509 2247 2696 2300 irritos
2752 2244 3001 2314 corporis
3061 2243 3224 2298 eﬂicit
3281 2250 3485 2296 motus.

1917 2341 2050 2394 Cum
2079 2340 2224 2396 enim
2261 2337 2597 2410 perturbatio
2625 2336 2990 2404 pravaluerit,
3015 2343 3068 2390 et
3093 2333 3318 2403 sanguis
3340 2333 3490 2386 cirra

1918 2449 2014 2488 cor
2039 2447 2204 2500 supra
2239 2419 2458 2486 modum
2493 2421 2826 2492 eﬂ‘erbuerit,
2867 2427 3022 2500 nigra
3056 2425 3182 2488 bile,
3223 2432 3282 2478 ut
3311 2424 3486 2488 aiunt,

1915 2541 1980 2578 ex
2027 2523 2288 2578 iracunda
2345 2522 2630 2576 aﬂ'ectione
2675 2537 2771 2590 per
2809 2527 2981 2574 totum
3035 2532 3234 2587 corpus
3268 2515 3486 2576 dill'usa,

1917 2626 2046 2670 tunc
2077 2631 2188 2686 prae
2215 2614 2587 2668 coarctatione
2626 2627 2888 2680 vaporum
2923 2611 3260 2663 inlernorum
3305 2605 3490 2662 omnia

1918 2717 2177 2756 sensuum
2217 2715 2342 2754 vasa
2395 2700 2539 2752 circa
2591 2703 2756 2766 caput
2801 2697 2854 2749 in
2906 2701 3197 2765 augustum
3243 2692 3492 2762 redigun-

1917 2801 2046 2860 tur;
2076 2791 2220 2846 oculi
2253 2789 2470 2860 quidem
2519 2789 2662 2842 ultra
2708 2788 3089 2857 palpebrarum
3135 2786 3332 2839 limites
3368 2799 3490 2853 pro-

1916 2885 2229 2944 truduntur,
2259 2880 2561 2950 sanguineo
2593 2877 2828 2948 quodam
2873 2893 2936 2931 ac
2965 2877 3260 2930 draconico
3290 2876 3488 2930 obtutu

1899 2963 1970 3032 'in
2008 2978 2058 3032 id
2099 2974 2246 3046 quod
2275 2973 2522 3037 oll‘endit,
2575 2970 2770 3025 intenti
2804 2970 3055 3048 :viscera
3093 2975 3274 3022 autem
3319 2969 3490 3022 anhe-

1915 3068 2011 3121 litu
2043 3071 2393 3121 coarctanlur
2437 3069 2600 3131 atque
2633 3068 2974 3130 premuntur,
3023 3059 3394 3111 intumescunt
3431 3057 3486 3110 in

1913 3157 2059 3211 collo
2089 3169 2274 3218 vente;
2323 3154 2505 3223 lingua
2539 3151 2770 3206 eﬂicitur
2812 3165 3029 3215 crassa;
3063 3163 3186 3212 vox,
3226 3149 3277 3201 iu
3315 3163 3486 3218 angu-

1913 3258 2058 3303 stum
2093 3247 2312 3302 redacta
2363 3249 2582 3306 arteria,
2627 3251 2821 3314 sponte
2863 3258 2962 3296 sua
3002 3241 3246 3296 redditur
3284 3251 3482 3304 acuta;

1915 3341 2054 3395 labia
2097 3339 2397 3396 suﬂ'usione
2441 3335 2653 3407 frigida:
2693 3336 2841 3389 illitis
2893 3333 3017 3387 bilis
3057 3333 3214 3403 quasi
3257 3346 3486 3387 concre-

1913 3437 2073 3486 scunt
2110 3437 2165 3484 et
2205 3427 2586 3498 congelantur,
2638 3425 3031 3495 obnigrescunt
3083 3429 3248 3492 atque
3295 3419 3483 3490 tarpe-

1912 3530 2074 3580 scunt
2101 3522 2167 3576 ad
2207 3520 2508 3575 naturalem
2550 3517 2956 3572 distinctionem
3001 3522 3055 3568 et
3088 3513 3480 3575 occlusionem,

1911 3622 1970 3669 ut
1999 3629 2066 3668 ne
2112 3611 2339 3667 salivam
2374 3611 2592 3678 quidem
2622 3610 2678 3662 in
2723 3623 2818 3662 ore
2867 3605 3261 3660 redundantem
3305 3603 3482 3657 couti-

1911 3722 2040 3762 nere
2073 3706 2305 3775 possint,
2343 3702 2438 3757 sed
2469 3717 2576 3755 una
2606 3717 2728 3754 cum
2765 3697 2946 3752 verbis
2987 3697 3256 3758 emittant,
3288 3703 3482 3748 coacto

1919 3813 2058 3853 sono
2104 3809 2351 3863 spumam
2413 3792 2576 3846 simul
2632 3801 2950 3860 exspuente.
3013 3786 3167 3842 Tunc
3219 3787 3384 3858 igitur
3429 3795 3484 3840 et

1910 3903 2104 3943 manus
2150 3895 2202 3942 et
2237 3885 2400 3956 pedes
2443 3884 2630 3938 itidem
2660 3897 2769 3952 prie
2815 3881 3007 3935 morbo
3037 3881 3240 3934 moveri
3299 3879 3482 3933 videro

1911 3983 2054 4036 licet.
2106 3980 2388 4034 Moventur
2422 3987 2600 4030 autem
2645 3975 2759 4029 hinc
2791 3973 3034 4028 membra
3083 3989 3190 4027 non
3223 3973 3335 4044 jam
3367 3989 3483 4024 am—

1911 4073 2052 4142 plius
2090 4069 2312 4135 frustra,
2345 4065 2798 4137 quemadmodum
2843 4062 2900 4118 ﬁt
2951 4065 3006 4118 in
3063 4065 3130 4119 iis
3159 4065 3254 4134 qui
3306 4079 3334 4116 a
3369 4063 3481 4118 dae-

1911 4177 2070 4216 mone
2097 4169 2382 4222 vexantur,
2416 4159 2510 4214 sed
2552 4160 2606 4213 in
2641 4158 2934 4228 perniciem
2974 4172 3164 4212 eorum
3213 4158 3302 4227 qui
3339 4157 3478 4210 inter

1910 4270 1967 4310 se
1997 4271 2090 4324 per
2119 4254 2370 4308 morbum
2422 4251 2744 4320 conﬂigunt.
2797 4249 3059 4304 Protinus
3101 4250 3247 4304 enim
3286 4249 3480 4304 adver-

1913 4363 2010 4402 sus
2051 4347 2303 4400 sensoria
2339 4345 2538 4400 ictibus
2567 4352 2871 4414 opportuna
2903 4359 2960 4398 se
2986 4343 3216 4396 invicem
3255 4343 3480 4411 pulsan-

225 4437 548 4506 σωματικῆς
587 4454 730 4499 τινος
767 4438 960 4508 ἀηδίας
983 4439 1222 4510 χωρίσας
1253 4439 1344 4491 16v
1380 4437 1696 4510 ἄνθρωπον,
1719 4438 1800 4491 τί-

1917 4439 2040 4490 tium
2077 4437 2311 4506 impetus
2357 4434 2628 4490 feruntur.
2677 4433 2831 4499 Quod
2880 4434 2926 4490 si
2963 4433 3102 4488 forte
3140 4447 3201 4486 os
3241 4431 3294 4484 in
3331 4447 3480 4486 con—

228 4545 353 4597 μιος
400 4527 489 4581 διὰ
520 4527 619 4591 τῆς
656 4529 909 4599 τοιαύτης
951 4531 1193 4592 εὑποιΐας
1223 4530 1368 4582 ἐστί·
1404 4531 1552 4598 πόσῳ
1609 4530 1806 4599 μᾶλλον

1917 4529 2054 4582 lictu
2086 4528 2305 4596 corpori
2347 4526 2888 4596 apprOpinquavet-it,
2938 4541 3005 4580 ne
3036 4525 3227 4578 dentes
3256 4524 3474 4593 quidem

217 4622 252 4670 ὸ
278 4619 378 4688 τὴν
405 4619 582 4690 ψυχὴν
607 4620 704 4690 τῆς
732 4621 886 4674 νόσου
914 4622 1118 4691 ταύτης
1145 4622 1532 4696 ἐλευθερώσας,
1555 4624 1630 4688 ὡς
1653 4627 1807 4696 εὐερ-

1917 4620 2063 4674 )tiosi
2109 4627 2352 4680 manent,
2395 4617 2488 4671 sed
2535 4615 2662 4670 ferae
2697 4615 2752 4668 in
2795 4615 3014 4668 modum
3057 4615 3124 4670 iis
3167 4631 3286 4684 quae
3323 4614 3477 4667 inva-

221 4711 392 4781 γέτης
419 4712 513 4764 τοῦ
545 4712 660 4782 βίου
694 4713 845 4785 παρὰ
875 4718 986 4778 τοῖς
1013 4715 1137 4770 νοῦν
1167 4715 1349 4786 ἔχουσι
1379 4718 1800 4788 νομισθήσεταις

227 4803 394 4854 Ὅσον
429 4803 535 4875 γὰρ
580 4806 842 4875 κρείττων
876 4809 908 4878 ἡ
944 4807 1088 4878 ψυχὴ
1120 4807 1215 4860 τοῦ
1248 4807 1532 4880 σώματος,
1566 4811 1802 4882 τοσούτῳ

219 4890 549 4963 τιμιώτερος
601 4893 708 4946 τῶν
763 4896 834 4948 τὰ
888 4895 1114 4968 σώματα
1164 4895 1574 4970 θεραπευόντων
1626 4902 1655 4952 6
1701 4901 1801 4965 τὰς

215 4981 400 5049 ψυχὰς
427 4983 740 5052 ἐξιώμενος.

1901 4710 2073 4764 scrint
2142 4709 2528 4762 inhaerescunt.
2592 4704 2658 4757 Et
2713 4707 2837 4774 quis
2901 4703 3209 4774 singulatim
3291 4702 3476 4759 omnia

1901 4805 2064 4866 mala,
2111 4819 2230 4872 quae
2270 4819 2332 4856 ex
2385 4804 2462 4856 ira
2499 4803 2847 4871 proveniunt,
2895 4815 3216 4856 enttmerare
3261 4803 3479 4870 possit?

1907 4901 2009 4966 Qui
2067 4901 2232 4969 igitur
2285 4899 2537 4967 prohibet
2594 4897 2867 4966 ejusmodi
2919 4897 3344 4967 turpitudinem,
3403 4899 3474 4952 ob

1905 4996 2200 5052 maximum
2247 4993 2567 5048 beneticium
2618 4986 2743 5061 j'ure
2785 4992 2974 5046 beatus
3027 5002 3080 5046 et
3127 4992 3476 5047 honorandus

223 5078 621 5133 nominabitur.
655 5079 788 5132 Nam
835 5080 881 5135 si
925 5082 971 5136 is
1001 5082 1091 5150 qui
1125 5082 1308 5152 aliqua
1373 5097 1635 5152 corporea
1703 5089 1951 5145 molestia
2011 5090 2282 5143 hominem
2338 5089 2646 5142 liberaverit
2689 5088 2988 5141 honoratus
3068 5087 3136 5140 ob
3206 5086 3476 5155 ejusmodi

223 5169 550 5224 beneﬁcium
584 5179 686 5236 est,
735 5183 940 5240 quanto
994 5174 1168 5243 magis
1223 5177 1269 5228 is
1315 5175 1408 5244 qui
1454 5177 1694 5232 animum
1741 5181 1811 5236 ab
1852 5183 1954 5237 hoc
1979 5183 2167 5236 morbo
2204 5181 2534 5245 liberaverit,
2561 5194 2659 5250 pro
2691 5179 3034 5233 henet‘actore
3075 5179 3196 5232 vitae
3260 5194 3288 5230 a
3349 5193 3474 5230 cor-

218 5266 367 5319 datis
408 5265 728 5322 hominibus
764 5267 1092 5322 habebitur?
1141 5269 1358 5334 Quanto
1431 5272 1578 5326 enim
1622 5275 1838 5332 animus
1913 5293 2139 5347 corpore
2189 5276 2532 5346 praestantior
2571 5284 2688 5340 est,‘
2723 5283 2874 5328 tanto
2922 5275 3094 5344 magis
3138 5275 3232 5342 qui
3279 5271 3476 5326 animis

221 5355 570 5420 medetur,iis
595 5359 688 5428 qui
711 5373 937 5429 corpora
975 5370 1190 5426 curant,
1210 5363 1562 5420 honorandus
1589 5377 1692 5420 est.

293 5453 404 5506 Καὶ
439 5453 626 5522 μηδεὶς
655 5453 850 5507 οἰέσθω
875 5451 983 5508 τῶν
1015 5459 1079 5509 ὲκ
1121 5454 1214 5508 τοῦ
1257 5457 1445 5526 μίσους
1476 5459 1800 5530 ἐνεργουμέ-

221 5559 328 5596 νων
371 5543 578 5609 κακῶν,
628 5544 726 5616 τὴν
771 5545 909 5598 κατὰ
937 5547 1030 5600 τὸν
1062 5546 1231 5617 θυμὸν
1275 5547 1465 5617 ἀηδίαν
1493 5548 1700 5602 οἴεσθαί
1730 5569 1797 5620 με

221 5635 613 5707 χαλεπωτάτην
655 5633 811 5692 εἶναι.
862 5642 1020 5691 Δοκεῖ
1066 5658 1154 5710 μοι
1198 5641 1258 5692 16
1298 5639 1439 5692 κατὰ
1478 5641 1571 5693 τὸν
1607 5641 1797 5710 φθόνον

227 5729 322 5780 καὶ
365 5727 466 5800 τὴν
513 5727 799 5799 ὑπόκρισιν
851 5731 1022 5795 πάθος
1069 5732 1250 5806 πολλῷ
1277 5732 1653 5804 χαλεπώτερον
1702 5733 1796 5786 τοῦ

1975 5457 2052 5510 Ac
2089 5470 2248 5510 nemo
2275 5457 2572 5511 arbitretur
2611 5471 2696 5510 me
2735 5455 2830 5508 irae
2880 5453 3335 5524 injucunditatem
3377 5469 3474 5510 eo-

1906 5564 2024 5602 rum
2061 5549 2356 5612 malorum,
2391 5563 2512 5616 quae
2541 5563 2604 5602 ex
2641 5548 2769 5602 odio
2797 5545 3173 5611 designantur,
3213 5547 3476 5614 gravissi-

1906 5655 2048 5694 mam
2086 5649 2140 5693 et
2175 5640 2575 5694 atrocissimam
2619 5649 2830 5708 putare.
2883 5637 3117 5692 Videtur.
3158 5639 3304 5692 enim
3340 5636 3475 5691 mitti

1906 5733 2120 5786 invidia:
2147 5741 2310 5802 atque
2341 5731 2708 5786 simulationis
2733 5731 2923 5787 vitium
2955 5738 3256 5786 memorato
3285 5728 3478 5785 morbo
