3838 6220
399 306 534 362 1287

1647 296 1715 352 S.
1752 291 2082 350 GRE'GORII
2121 293 2418 351 NYSSEM

3521 297 3652 351 ιεεδ

395 422 570 477 multo
600 421 823 492 gravius
849 437 997 489 esse,
1045 428 1252 492 quanto
1281 419 1555 475 occultum
1585 419 1786 473 malum
1811 419 1967 472 etiam

2082 419 2542 490 μνημωευθέντος
2583 414 2720 472 εἶναι
2740 435 2752 448 ·
2785 418 2892 488 ὅσῳ
2933 418 3027 471 καὶ
3058 416 3356 488 δεινότερον
3391 414 3487 468 τοῦ
3521 432 3656 486 προ-

395 525 588 584 aperto
623 514 870 570 atrocius
904 521 1010 569 est.
1047 513 1262 568 Etenim
1297 528 1363 567 ex
1400 511 1634 566 canibus
1669 525 1766 565 eos
1799 511 1973 579 magis

395 620 686 668 cavemus,
735 620 967 676 quorum
1018 619 1195 674 neque
1241 604 1472 657 latratus
1511 602 1647 656 iram
1691 601 1972 672 praisigni-

397 696 525 749 llcat
549 738 566 763 ,
599 711 775 765 neque
803 711 869 750 ex
903 695 1134 750 adverso
1167 696 1421 748 incursus
1453 700 1570 755 est,
1601 692 1697 747 sed
1728 692 1843 746 miti
1877 707 1975 762 pa-

395 789 530 841 riter
563 802 628 841 ac
663 795 953 841 mansueto
986 786 1174 856 habitu
1219 801 1328 838 non
1392 784 1752 854 praevidentes
1797 797 1974 850 neque

394 869 905 950 circumspicientes
956 895 1056 933 nos
1103 880 1436 934 observant:
1489 877 1594 931 tale
1641 885 1724 932 est
1759 875 1974 930 invidia:

395 979 558 1042 atque
591 972 960 1027 simulationis
992 971 1184 1026 vitium
1221 970 1272 1022 in
1306 970 1375 1025 iis
1407 969 1606 1040 quibus
1639 967 1972 1022 intrinsecus

393 1063 615 1134 quidem
645 1066 698 1119 in
737 1065 1009 1134 profundo
1043 1063 1228 1118 cordis
1259 1063 1446 1117 odium
1478 1062 1645 1116 veluti
1682 1062 1825 1130 ignis
1851 1059 1975 1130 qui-

395 1158 522 1210 dam
577 1157 815 1210 latenter
870 1157 1136 1220 nutritur,
1189 1162 1451 1209 externus
1492 1168 1627 1208 vero
1675 1153 1859 1206 vultus
1905 1149 1972 1204 ad

394 1245 650 1299 amicitia:
699 1245 1100 1300 simulationem
1153 1243 1450 1312 eﬂingitur.
1501 1241 1971 1306 Quemadmodum

397 1343 581 1390 autem
632 1337 804 1406 ignis,
860 1336 906 1390 si
941 1337 1044 1391 sub
1091 1335 1262 1405 paleis
1303 1335 1612 1389 occultatus
1662 1334 1765 1396 sit,
1815 1333 1973 1386 initio

394 1427 613 1495 quidem
675 1427 922 1497 proxima
986 1427 1219 1497 quaeque
1275 1427 1571 1482 cremando
1623 1426 1969 1495 corrumpit”,

391 1518 610 1572 flamma
646 1535 776 1573 vero
809 1520 985 1588 palam
1021 1535 1128 1572 non
1161 1519 1364 1580 editur,
1403 1519 1498 1572 sed
1537 1516 1720 1572 fumus
1753 1508 1971 1586 quidem

391 1609 574 1678 gravis
601 1617 655 1662 et
684 1609 826 1662 acris
853 1608 1040 1663 odoris
1067 1608 1400 1662 intrinsecus
1432 1606 1698 1661 violenter
1723 1609 1976 1660 coarcta-

2071 512 2232 582 δήλου
2277 511 2336 565 τὸ
2387 511 2788 583 κεκρυμμένον.
2829 511 2940 563 Καὶ
2963 509 3072 579 γὰρ
3094 508 3204 562 τῶν
3231 507 3411 562 κυνῶν
3431 505 3657 568 τούτους

2072 603 2234 656 πλέον
2261 601 2712 672 δωυλαὸούμεθα,
2750 595 2825 654 ὧν
2850 599 2972 654 οὔτε
2999 599 3172 670 ὑλακὴ
3200 599 3288 652 τὸν
3313 598 3490 668 θυμόν
3525 613 3662 668 προ-

2076 693 2288 763 μηνύει,
2317 693 2440 746 οὔτε
2469 694 2611 746 κατά
2638 693 2698 745 τὸ
2729 684 3019 764 πρόσωπον
3041 692 3250 760 ἔφοδος,
3280 691 3394 743 ἀλλ’
3423 689 3657 758 εὐπράῳ

2071 799 2132 838 τε
2172 786 2264 838 καὶ
2305 779 2497 856 ἡμέρῳ
2551 785 2629 856 τῷ
2675 787 2912 855 σχήματι
2963 785 3025 837 τὸ
3079 770 3418 854 ἀπροόρατόν
3466 798 3527 834 τε
3557 782 3660 833 καὶ

2039 876 2475 946 ἀπερίσκεπτον
2528 877 2683 946 ήμῶν
2729 877 3181 945 ἐπιφυλαττουσι·
3230 874 3489 928 τοιοῦτόν
3531 876 3657 926 ἐστι

2041 965 2134 1019 ῖτδ
2171 967 2311 1020 κατά
2354 967 2445 1020 τὸν
2491 967 2681 1035 φθόνον
2727 968 2819 1020 καὶ
2857 969 2954 1038 τὴν
3002 968 3286 1037 ὑπόκρισιν
3325 955 3533 1030 πάθος,
3568 960 3657 1028 07.;

2073 1058 2282 1112 ἔνδοθεν
2314 1060 2411 1130 μὲν
2456 1061 2512 1112 ὲν
2540 1059 2619 1129 τῷ
2655 1059 2807 1128 βάθει
2849 1050 2946 1129 τῆς
2975 1059 3199 1130 καρδίας
3228 1061 3288 1111 τὸ
3317 1062 3472 1126 μῖσος
3492 1100 3507 1124 ,
3538 1055 3658 1112 οἷόν

2043 1143 2125 1204 τι
2149 1150 2272 1238 ’πῦρ
2318 1149 2457 1204 κατά
2502 1149 2562 1202 τὸ
2587 1142 2809 1221 λεληθὸς
2847 1139 3244 1232 ’ὑποτρέφεται,
3279 1149 3338 1202 τὸ
3372 1150 3428 1202 δὲ
3460 1149 3656 1220 φαινό-

2039 1248 2046 1264 "
2077 1261 2235 1314 μενον
2283 1247 2348 1314 τῇ
2392 1243 2679 1313 ὑποκρίσει
2716 1240 3253 1311 κατασχηματίζεται
3286 1241 3420 1310 πρὸς
3464 1241 3526 1293 τὸ
3562 1240 3659 1309 φί-

2054 1325 2183 1388 λον.
2235 1336 2444 1406 Ὥσπερ
2488 1335 2548 1388 δὲ’
2571 1336 2634 1387 εἶ’
2652 1334 2763 1404 πῦρ
2808 1333 3032 1402 ἀχύροις
3069 1332 3476 1402 ὑποκρυφθείη,
3511 1332 3658 1393 τέως

2045 1429 2176 1499 ’μὲν
2219 1425 2429 1480 ἔνδοθεν
2473 1425 2761 1495 διασμύχει
2793 1427 2858 1496 τῇ
2889 1424 3080 1477 καύσει
3121 1424 3189 1476 τὰ
3232 1423 3653 1493 παρακείμενα,

2045 1515 2206 1588 ’φλὸξ
2263 1517 2319 1571 δὲ
2369 1516 2509 1570 κατά
2551 1515 2611 1569 τὸ
2657 1509 2993 1586 φαινόμενον
3022 1516 3122 1568 οὐκ
3166 1515 3464 1576 ἐκδίδοται,
3512 1513 3657 1566 ἀλλά

2042 1606 2271 1677 ’δριμύς
2314 1624 2399 1669 τις
2465 1607 2672 1670 καπνὸς
2737 1606 2924 1676 βιαίως
2978 1606 3188 1659 ἔνδοθεν
3235 1605 3658 1675 συνθλιὸόμενος

392 1705 483 1750 tus
515 1697 812 1760 evolvitur,
869 1696 1013 1766 quod
1046 1697 1092 1750 si
1120 1697 1354 1766 aliquem
1387 1695 1574 1750 flatum
1605 1701 1967 1765 permeanth

2073 1699 2440 1769 διεξέρχεται·
2497 1701 2546 1752 εί
2603 1699 2661 1752 δέ
2709 1703 2857 1762 τινος
2905 1697 3044 1769 τύχῃ
3074 1698 3364 1767 διαπνοῆς,
3399 1699 3522 1751 τότε
3571 1700 3659 1760 εἰς

393 1796 589 1843 nactus
625 1788 822 1849 fuerit.
861 1797 991 1842 tunc
1020 1787 1075 1842 in
1103 1788 1308 1841 claram
1362 1788 1567 1857 pariter
1615 1793 1669 1840 et
1721 1793 1964 1854 apertam

2069 1767 2326 1862 λαμπράν
2366 1807 2424 1842 τε
2453 1791 2546 1843 καὶ
2571 1789 2792 1861 ἔκδηλον
2821 1767 3233 1859 ἀναρριπίζεται
3270 1790 3444 1858 φλόγα
3466 1807 3480 1819 ·
3507 1790 3656 1842 οὕτω

391 1877 665 1932 ﬂammam
715 1880 1034 1934 excitatur:
1089 1878 1276 1933 itidem
1336 1879 1542 1933 invidia
1599 1887 1970 1948 quoque'wr

394 1969 614 2039 quidem
639 1971 804 2025 veluti
833 1971 1110 2041 palearum
1134 1971 1424 2041 quemdam
1449 1985 1704 2025 acervum
1726 1969 1970 2024 conden-

395 2072 574 2116 satum
607 2061 748 2133 ignis
774 2063 828 2117 in
859 2061 1079 2116 modum
1112 2061 1324 2133 peredit
1352 2071 1407 2117 et
1432 2063 1674 2117 absumit
1699 2078 1712 2126 ;
1741 2071 1804 2114 ac
1833 2067 1972 2114 mor-

393 2153 524 2208 bum
555 2153 778 2224 quidem
811 2169 921 2224 praa
959 2155 1166 2224 pudore
1199 2154 1472 2220 occultat,
1508 2169 1614 2207 non
1652 2161 1834 2206 tamen
1871 2162 1968 2221 pe-

395 2245 546 2299 nitus
613 2244 667 2298 in
711 2256 1028 2314 perpetuum
1070 2246 1334 2302 abscondi
1387 2253 1598 2316 potest,
1655 2243 1750 2300 sed
1801 2242 1966 2298 veluti

393 2332 577 2389 fumus
606 2335 827 2405 quidam
860 2334 1042 2404 gravis
1071 2344 1126 2389 et
1151 2335 1383 2390 acerbus
1405 2375 1420 2398 ,
1453 2335 1724 2389 acerbitas
1751 2333 1968 2388 invidiée

394 2427 451 2480 in
500 2428 569 2482 iis
607 2442 726 2497 quae
763 2430 910 2481 circa
943 2428 1186 2482 habitum
1232 2427 1492 2482 accidunt
1531 2435 1776 2498 apparet.
1811 2427 1968 2494 Quod

392 2521 438 2576 si
506 2534 615 2590 qua
675 2520 956 2576 calamitas
1021 2536 1145 2575 eum
1189 2521 1276 2575 cui
1333 2521 1617 2576 invidetur-
1671 2522 1967 2586 invaserit,

391 2619 526 2667 tunc
552 2612 696 2667 illius
721 2611 966 2666 dolorem
995 2612 1274 2682 voluptate
1294 2621 1457 2682 atque
1483 2613 1668 2667 laetitia
1692 2613 1970 2684 excipiens

393 2719 504 2758 mo:
521 2704 646 2758 bum
701 2705 904 2775 prodit.
958 2705 1278 2759 lndicantur
1319 2712 1499 2760 autem
1540 2705 1752 2759 occulta
1794 2704 1968 2760 morbi

394 2797 536 2849 mala
558 2835 573 2858 ,
609 2795 853 2866 quandiu
884 2797 1054 2852 latere
1082 2797 1316 2860 videtur,
1355 2812 1452 2867 per
1483 2803 1669 2866 aperta
1702 2795 1859 2866 signa
1890 2793 1970 2848 fa—

392 2887 516 2941 ciei.
547 2887 679 2953 Quae
704 2889 848 2943 enim
875 2887 1286 2958 desperatorum
1318 2888 1500 2943 letalia
1525 2888 1678 2957 signa
1710 2896 1876 2952 sunt,
1905 2901 1968 2942 ea

395 2993 773 3047 saepenumero
803 2980 856 3032 in
904 2995 969 3034 eo
1025 2980 1117 3048 qui
1166 2979 1371 3034 invidia
1433 2979 1776 3033 contabescit
1823 2979 1970 3033 exsi-

405 3077 579 3124 stunt.
617 3068 771 3123 Oculi
808 3070 945 3124 aridi
967 3111 980 3133 ,
1001 3070 1145 3124 intra
1176 3071 1462 3140 palpebras
1491 3069 1702 3124 tabidas
1737 3078 1791 3123 et
1819 3081 1969 3124 exte—

396 3170 591 3216 nuatas
631 3161 989 3227 recedentes;
1026 3163 1377 3230 supercilium
1418 3169 1808 3228 contractum;
1843 3175 1968 3214 ossa

394 3250 516 3303 loco
569 3251 818 3305 carnimn
878 3252 1290 3307 translucentia.
1356 3253 1425 3306 At
1483 3258 1753 3322 quaenam'
1792 3251 1968 3306 morbi

393 3357 561 3397 causa
609 3343 739 3397 est?
783 3341 940 3408 Quod
986 3343 1156 3397 frater
1183 3344 1440 3397 nimirum
1465 3386 1480 3410 ,
1516 3344 1598 3398 vel
1631 3345 1969 3413 propinquus

392 3439 446 3486 et
476 3433 860 3495 necessarius,
894 3433 978 3486 vel
1009 3433 1222 3487 vicinus
1271 3433 1324 3486 in
1359 3432 1526 3486 animi
1573 3433 1970 3503 tranquillitate

393 3538 458 3576 ac
487 3523 674 3577 laetitia
707 3524 858 3578 vivit.
897 3523 941 3578 Ο
977 3539 1149 3579 novas
1194 3523 1464 3593 injurias!
1520 3522 1749 3578 Crimini
1800 3525 1966 3584 dare.

393 3613 543 3684 quod
607 3629 716 3668 non
754 3615 980 3669 adversa
1022 3613 1235 3669 fortuna
1281 3615 1626 3672 conﬂictetur
1673 3617 1764 3671 ille
1813 3617 1969 3680 cujus

396 3707 562 3762 rebus
592 3707 850 3763 secundis
879 3705 1024 3761 dolet
1050 3726 1064 3773 ;
1093 3723 1203 3762 non
1231 3723 1294 3762 ex
1323 3723 1388 3762 eo
1413 3709 1559 3778 quod
1589 3709 1658 3763 ab
1689 3709 1781 3762 illo
1811 3723 1970 3762 acce-

395 3797 534 3866 perit
584 3797 790 3867 aliquid
841 3796 1165 3852 incommodi
1202 3797 1458 3866 injuriam
1513 3798 1826 3861 aestimans,
1870 3798 1966 3853 sed

393 3887 539 3957 quod
566 3887 656 3943 ille
679 3889 797 3943 sine
825 3887 1148 3959 cujusquam
1175 3888 1376 3958 injuria
1397 3929 1414 3956 ,
1440 3905 1507 3944 ex
1536 3887 1703 3942 animi
1731 3889 1813 3943 sui
1843 3903 1969 3943 sen-

394 3977 565 4031 tentia
599 3977 780 4042 vivat,
811 3991 864 4032 et
895 3979 950 4032 in
997 3979 1163 4033 rebus
1201 3978 1464 4045 iucundis
1506 3985 1780 4033 versetur.
1825 3975 1965 4044 Quid

391 4082 590 4137 passus
639 4082 718 4130 es,
753 4067 981 4123 infelix?
1020 4069 1253 4124 libenter
1285 4067 1514 4122 dixerim
1552 4069 1619 4123 ad
1653 4083 1799 4123 eum.
1850 4067 1968 4135 Qua

391 4167 615 4229 accepta
652 4158 852 4227 injuria
890 4160 1228 4223 extabescis,
1275 4160 1490 4214 acerbis
1520 4157 1718 4214 oculis
1743 4173 1967 4214 succes-

392 4267 488 4307 sus
526 4266 819 4322 prosperos
851 4251 1104 4306 invidens
1135 4252 1346 4306 vicini?
1389 4250 1528 4317 Quid
1571 4251 1774 4313 habes,
1820 4248 1966 4320 quod

392 4343 460 4397 de
493 4358 558 4397 eo
589 4341 993 4412 conqueraris?
1029 4341 1175 4412 quod
1208 4342 1428 4396 crimini
1459 4341 1557 4396 des
1583 4341 1607 4392 ?
1643 4340 1687 4394 si
1724 4340 1812 4393 ille
1841 4355 1966 4394 cor-

2042 1897 2045 1903 '
2071 1882 2182 1934 και·
2211 1883 2239 1932 ό
2288 1880 2479 1950 φθόνος
2505 1881 2726 1934 διεσθίει
2756 1880 2854 1950 μὲν
2886 1879 3100 1933 ἔνδοθεν
3124 1879 3221 1950 τὴν
3266 1880 3516 1952 καρδίαν,
3549 1897 3660 1933 πυ-

2047 1971 2164 2042 -ρὸς
2204 1972 2361 2034 δίκην
2403 1969 2515 2024 οἷον
2571 1970 2790 2042 ἀχύρων
2840 1970 3206 2042 πεπιλημένον
3242 1971 3363 2024 τινά
3389 1971 3653 2042 χημῶνα·

2043 2063 2165 2117 ’καὶ
2208 2063 2442 2134 κρύπτει
2487 2063 2585 2134 μὲν
2631 2063 2722 2116 ὑπ’
2750 2053 3030 2134 αἰσχύνης
3070 2063 3169 2133 τὴν
3203 2063 3378 2124 νόσον,
3425 2064 3490 2116 οὐ
3545 2063 3657 2130 μὴν

2045 2157 2294 2219 ’δυνατός
2325 2159 2473 2209 ἐστιν
2521 2157 2602 2218 είς
2637 2155 2702 2208 τὸ
2753 2155 3016 2219 παντελὲς
3049 2154 3456 2226 ἐπικρύψασθαι
3484 2172 3500 2187 ο
3535 2156 3656 2208 ἀλλ’

2044 2243 2179 2301 *οἷόν
2210 2265 2295 2310 τις
2327 2246 2530 2310 καπνὸς
2566 2246 2763 2318 δριμὺς
2812 2248 2876 2299 ὲκ
2923 2245 3017 2299 τοῦ
3052 2247 3244 2314 φθόνου
3289 2245 3486 2320 πικρία
3537 2249 3656 2310 τοῖς

2071 2337 2196 2407 περὶ
2219 2337 2278 2390 τὸ
2310 2337 2494 2407 σχῆμα
2522 2332 2922 2407 συμπτώμασιν
2945 2336 3356 2405 ὲνδιαφαίνεται.
3391 2338 3454 2390 Εἰ
3476 2337 3535 2390 δέ
3567 2356 3654 2401 τις

2042 2425 2328 2498 -συμφορά
2362 2425 2456 2480 τοῦ
2493 2426 2856 2496 φθονουμένω
2887 2427 3245 2499 προσάψαιτο,
3274 2429 3395 2481 τότε
3421 2431 3653 2500 φανεροὶ

2071 2519 2171 2588 τὴν
2197 2519 2370 2584 νόσον,
2417 2519 2475 2572 ὲν
2526 2513 2832 2590 εὖφροσύνῃ
2868 2536 2927 2571 τε
2961 2520 3054 2572 καὶ
3101 2519 3260 2588 ἡδονῇ
3293 2520 3392 2590 τὴν
3439 2519 3651 2573 ἐκείνου

2047 2609 2246 2680 λύπην
2265 2610 2614 2682 ποιούμενος.
2646 2613 3047 2682 Κατηγορείται
3089 2610 3146 2664 δὲ
3182 2611 3249 2664 τὰ
3293 2601 3515 2681 κρυπτὰ
3548 2612 3649 2664 τοῦ

2071 2701 2308 2764 πάθους,
2345 2703 2451 2766 ἕως
2493 2700 2558 2755 ἂν
2587 2701 2868 2755 λανθάνειν
2916 2702 3082 2772 δοκῇ,
3130 2701 3360 2754 διάτῶν
3390 2700 3638 2771 φανερῶι

2069 2793 2382 2864 τεκμηρίων
2432 2793 2566 2864 περὶ
2599 2793 2661 2844 τὸ
2708 2783 3016 2863 πρόσωπον,
3063 2791 3145 2845 Τὰ
3177 2791 3646 2859 γὰρ’ἐπιοανάτια

2069 2883 2179 2936 τῶν
2213 2882 2648 2952 ἀπεγνωσμένων
2689 2883 2922 2951 σημεῖα,
2963 2877 3155 2933 ταῦταιι
3187 2877 3284 2931 τοῦ
3313 2877 3405 2931 διά
3448 2877 3648 2945 φθόνου

2071 2973 2422 3043 ὲκτετηκότος
2446 2971 2704 3033 πολλάκις
2736 2971 2966 3038 γίνεται,
3003 2967 3269 3038 ὀφθαλμοὶ
3305 2965 3486 3037 ξηροὶ,
3516 2982 3650 3018 κατ⁴

2071 3065 2362 3136 εσκληκόσι
2377 3067 2486 3127 τοῖς
2511 3063 2797 3134 βλεφάροις
2819 3061 3298 3131 ἐγκοιλαινόμενοι,
3313 3059 3488 3130 όφρὺς
3505 3075 3648 3126 συμ-

2073 3160 2390 3212 πεπτωκυϊα
2415 3195 2432 3221 ,
2479 3157 2640 3210 ὀστέα
2671 3154 2780 3208 τῶν
2831 3154 3050 3226 σαρκῶν
3087 3154 3145 3205 ὲν
3177 3153 3327 3222 τόπῳ
3366 3145 3648 3220 διαφαινό-

2076 3267 2232 3319 μενα.
2275 3249 2338 3301 Ἦ
2374 3247 2430 3300 δὲ
2464 3247 2612 3300 αἰτία
2639 3245 2736 3316 τῆς
2771 3245 2931 3298 νόσου
2958 3244 3044 3308 τίς
3070 3262 3084 3310 ;
3118 3243 3191 3296 Τὸ
3221 3245 3279 3296 ὲν
3307 3241 3518 3312 ἀθυμίᾳ
3547 3243 3646 3310 ζῇν

2071 3334 2320 3402 ἀδελφὸν.
2342 3334 2375 3404 ἢ
2404 3335 2621 3394 οἰκεῖον,
2649 3332 2681 3400 ἢ
2703 3331 3012 3400 γείτονα.”¹Ω
3036 3330 3236 3384 καινῶν
3256 3329 3416 3396 ἀδικη
3426 3327 3641 3396 μάτωνε

2075 3428 2281 3498 Ἐγκλη
2291 3444 2366 3497 μα
2384 3420 2801 3492 ποιεῖσθαιτὸμὴ
2819 3419 3096 3490 δυστυχεῖν
3109 3411 3401 3476 ὲκεῖνον,οὗ
3424 3420 3544 3480 ταῖς
3568 3419 3649 3468 εὖ-

2070 3518 2330 3590 πραγίαις
2353 3514 2659 3584 ἀλγύνεται⁶
2683 3513 2783 3566 οὐκ
2803 3512 2867 3576 ἐξ
2886 3504 2960 3564 ὧν
2985 3509 3147 3571 αὐτός
3171 3525 3226 3560 τι
3257 3507 3494 3561 πέπονθε
3513 3507 3645 3576 παρ’

2049 3609 2234 3664 ἀὑτοῦ
2270 3609 2438 3662 κακὸν
2465 3607 2566 3677 τὴν
2595 3604 2808 3660 ἀδικίαν
2832 3602 3066 3673 κρίνων,
3101 3598 3213 3653 ἀλλ’
3243 3598 3303 3662 ἐξ
3330 3590 3405 3650 ὧν
3439 3598 3647 3657 ἐκεῖνος

2070 3700 2268 3754 ἀδικῶν
2287 3699 2462 3763 οὐδὲν,
2492 3699 2551 3750 ὲν
2572 3699 2685 3758 τοῖς
2707 3692 3065 3763 καταθυμίοις
3086 3690 3223 3744 ἐστί.
3251 3689 3317 3741 Ti
3345 3686 3645 3748 πέπονθας,

2068 3785 2114 3845 ὧ
2147 3789 2343 3844 δείλαιε
2371 3805 2396 3851 ς·
2422 3788 2558 3859 πρὸς
2591 3785 2755 3840 αὑτὸν
2788 3784 2998 3854 εἴποιμι
3028 3782 3094 3836 ἄν
3118 3795 3131 3809 ⁵
3165 3781 3285 3833 ἀντὶ
3313 3778 3462 3839 τίνος
3493 3777 3649 3829 ὲκτέ-

2067 3897 2241 3952 τηκας
2265 3921 2278 3944 ,
2325 3877 2507 3949 πικρῷ
2532 3877 2609 3948 τῷ
2648 3873 2910 3945 ὀφθαλμῷ
2941 3874 3041 3936 τὰς
3073 3869 3377 3941 εὐπραγίας
3423 3867 3650 3922 ὑποϐλέ-

2069 3990 2186 4025 πων
2214 3970 2308 4025 τοῦ
2340 3971 2620 4038 ’γείτονοςς
2644 4028 2648 4034 ,
2668 3969 2734 4021 Τί
2761 3965 3015 4036 ἐγκαλεῖν
3045 3964 3222 4034 ἐχεις;
3259 3963 3323 4015 Εἰ
3365 3958 3646 4030 εὐπρεπὴς

2067 4065 2274 4126 ἐκεῖνος
2325 4063 2406 4133 τῷ
2446 4061 2700 4132 σώματι;
2748 4061 2810 4113 El
2857 4058 2999 4128 λόγῳ
3045 4056 3415 4124 κεκόσμηταις
3471 4051 3536 4105 Ei
3567 4050 3645 4121 τῷ

2066 4154 2213 4222 γένει
2237 4154 2297 4207 τὸ
2325 4151 2654 4223 πλέον·ἐχει;
2688 4150 2752 4204 Εἴ
2777 4167 2923 4215 τινος
2947 4149 3124 4221 ἀρχῆς
3153 4147 3350 4209 ἐπιϐὰς
3387 4145 3644 4216 λαμπρὸς

2069 4245 2162 4298 ἐπὶ
2195 4247 2294 4316 τῆς
2333 4245 2489 4310 ἀξίας
2535 4245 2772 4316 ὁρᾶταις
2808 4242 2871 4295 Ei
2917 4239 3214 4312 χρημάτων
3245 4237 3394 4308 αὐτῷ
3433 4255 3521 4300 τις
3559 4239 3647 4290 εὑ-

2070 4337 2236 4408 πορία
2260 4336 2621 4407 προσγέγονεν
2645 4353 2660 4401 ;
2685 4335 2747 4387 Ei
2768 4333 2962 4404 σεμνὸς
2987 4333 3045 4385 ὲν
3069 4332 3248 4399 λόγοις
3275 4329 3364 4396 διὰ
3384 4329 3484 4400 τὴν
3514 4328 3645 4398 996-

393 4448 524 4502 pore
552 4432 786 4488 decorus
808 4475 822 4497 ,
857 4433 904 4488 si
930 4433 1240 4503 eloquentia
1265 4441 1494 4487 ornatus
1524 4472 1538 4496 ,
1571 4433 1614 4487 si
1643 4447 1840 4502 genere
1867 4447 1962 4485 su-

2069 4441 2260 4500 νησιν;
2303 4426 2366 4480 Εἰ
2415 4426 2770 4498 περίϐλεπτος
2810 4428 2922 4487 τοῖς
2965 4423 3177 4486 πολλοῖς
3225 4421 3283 4487 ἐξ
3325 4421 3644 4492 εὐεργεσίας

389 4527 572 4596 perior
597 4534 715 4588 est,
743 4525 791 4580 si
820 4525 1006 4594 aliquo
1033 4526 1350 4595 magistratu
1383 4525 1518 4578 inito
1546 4523 1864 4594 splendidus
1893 4539 1958 4578 ac

388 4613 713 4685 magnificus
742 4614 798 4668 in
829 4615 1092 4686 dignitate
1118 4616 1475 4685 conspicitur,
1511 4616 1554 4670 si
1588 4615 1766 4684 aliqua
1799 4629 1962 4683 pecu-

390 4707 606 4760 niarum
662 4705 711 4760 ei
760 4707 918 4777 copia
969 4707 1234 4770 accessit,
1282 4707 1327 4761 si
1363 4715 1581 4776 propter
1615 4706 1956 4776 prudentiam

391 4796 657 4851 in-verbis
693 4795 814 4865 ejus
844 4797 1141 4851 auctoritas
1175 4797 1357 4859 inest,
1403 4796 1447 4852 si
1496 4803 1719 4865 propter
1759 4795 1959 4850 benefi-

388 4888 533 4942 cium
566 4903 594 4941 a
626 4887 974 4948 multitudine
1003 4888 1346 4951 observatur,
1398 4889 1463 4954 si,
1492 4889 1562 4943 ob
1611 4889 1813 4943 liberos
1855 4888 1960 4942 sibi

387 4981 598 5052 placet,
634 4981 680 5034 si
716 4996 886 5035 uxore
911 4980 1236 5044 delectatur,
1285 4981 1330 5034 si
1376 4997 1443 5034 ex
1486 4979 1760 5036 reditibus
1787 4984 1962 5050 atque

391 5070 746 5142 proventibus
775 5071 971 5124 domus
1021 5070 1305 5140 splendide
1353 5081 1515 5140 atque
1545 5070 1833 5140 magnilice
1882 5070 1965 5124 vi-

388 5163 568 5219 vendo
598 5164 891 5228 clarescit,
943 5178 1043 5218 cur
1091 5163 1206 5216 hanc
1250 5161 1348 5216 tibi
1398 5170 1657 5231 tanquam
1707 5161 1962 5230 cuspides

390 5255 626 5309 telorum
658 5255 714 5308 in
753 5269 850 5309 cor
879 5254 1128 5308 incidunt
1155 5271 1170 5319 ;
1204 5253 1511 5324 complodis
1545 5254 1756 5320 palmas
1777 5291 1790 5315 ,
1820 5253 1960 5321 digi-

390 5356 476 5400 tos
506 5347 805 5415 complicas
835 5364 848 5411 ;
890 5345 1316 5415 cogitationibus
1357 5345 1613 5415 angeris;
1648 5361 1713 5400 ex
1750 5345 1961 5399 intimis

389 5436 706 5504 praecordiis
739 5435 943 5489 doloris
976 5435 1336 5504 significantia
1369 5435 1528 5490 ducis
1557 5436 1797 5505 suspiria
1825 5452 1842 5501 ;
1875 5436 1962 5488 iu-

383 5527 666 5596 jucnndus
697 5526 790 5580 tibi
819 5525 1092 5580 redituum
1115 5537 1279 5593 atque
1310 5533 1671 5595 proventuum
1707 5525 1918 5582 fructus
1945 5543 1960 5590 ;

390 5619 587 5671 acerba
619 5633 847 5682 mensa;
880 5618 1042 5671 focus
1065 5617 1381 5682 subtristis;
1431 5625 1630 5686 paratas
1673 5632 1736 5670 ac
1776 5615 1961 5670 faciles

391 5723 554 5763 aures
585 5708 1026 5762 obtrectantibus
1070 5708 1122 5762 ci
1168 5709 1259 5778 qui
1297 5709 1536 5764 secunda
1581 5707 1798 5761 fortuna
1845 5717 1962 5760 ula-

2048 4516 2240 4582 ’ἑστίη
2287 4516 2348 4570 Εἰ
2378 4516 2563 4570 παισὶν
2585 4513 2984 4582 ἐπαγάλλεταις
3021 4513 3082 4564 Ei
3110 4513 3319 4580 γαμετῇ
3354 4509 3643 4578 εὐφραίνε-

2065 4625 2184 4672 ται;
2217 4608 2280 4660 El
2311 4608 2430 4668 ταῖς
2460 4605 2551 4659 τοῦ
2587 4605 2735 4658 οἴκου
2783 4604 3056 4675 προσόδοις
3093 4601 3474 4672 λαμπρύνεται
3500 4619 3514 4664 ;
3543 4601 3639 4654 Διά

2064 4698 2118 4750 τί
2152 4715 2233 4751 σοι
2273 4697 2446 4751 ταῦτα
2479 4696 2728 4767 καθάπερ
2776 4696 2962 4758 ἀκίδες
2992 4694 3158 4764 βελῶν
3187 4693 3328 4746 κατά
3359 4691 3460 4761 τῆς
3496 4709 3637 4758 καρ-

2065 4790 2184 4852 δίας
2228 4788 2592 4860 ὲμπίπτουσις
2639 4789 2966 4859 Συγκροτείς
3016 4786 3113 4850 τὰς
3167 4785 3425 4853 παλάμας
3445 4800 3469 4828 ὀ
3509 4784 3638 4848 τοὺς

2064 4877 2357 4941 δακτύλους
2400 4879 2759 4949 συμπλέκεις·
2818 4879 3105 4948 ἀδημονείς
3157 4878 3268 4938 τοῖς
3323 4874 3635 4942 λογισμοῖςι

2068 4971 2249 5040 βύθιόν
2277 4990 2328 5025 τι
2353 4973 2446 5025 καὶ
2474 4972 2729 5043 ὀδυνηρὸν
2770 4971 3080 5034 ὑποστένεις
3101 4987 3114 5000 ·
3150 4970 3320 5039 ἀηδής
3349 4984 3431 5020 σοι
3458 4969 3491 5036 ἠ
3528 4966 3638 5034 τῶν

2067 5063 2376 5134 προσόντων
2426 5062 2724 5125 ἀπόλαυσις
2745 5079 2758 5092 ·
2799 5062 2977 5133 πικρά
3009 5063 3042 5132 ὴ
3070 5059 3319 5132 τράπεζα
3341 5075 3355 5090 °
3388 5059 3641 5128 κατηφὴς

2068 5157 2100 5225 ἡ
2145 5156 2310 5210 αἰτία·
2345 5156 2562 5223 ἕτοιμον
2595 5155 2654 5208 τὸ
2686 5150 2778 5218 οὖς
2813 5154 2949 5226 πρὸς
2978 5155 3078 5225 τὴν
3117 5151 3212 5208 τοῦ
3242 5150 3641 5221 εὐπράττοντος

2065 5247 2336 5317 διαϐολήν.
2371 5247 2431 5300 Ei
2473 5246 2531 5300 δέ
2563 5265 2614 5299 τι
2647 5247 2753 5300 τῶν
2790 5246 2979 5312 δεξιῶν
3023 5244 3266 5312 λέγοιτο,
3309 5242 3569 5311 βέϐυσται
3602 5243 3637 5312 ἡ

2067 5339 2204 5410 ἀκοὴ
2242 5338 2378 5410 πρὸς
2406 5339 2498 5393 τὸν
2522 5338 2698 5406 λόγον.
2731 5338 2842 5390 Καὶ
2867 5336 3008 5390 οὕτω
3036 5336 3134 5406 τὴν
3156 5335 3333 5410 ψυχὴν
3359 5333 3637 5400 διακείμετ

2068 5431 2156 5493 νός
2180 5449 2193 5461 ·
2229 5427 2280 5484 τί
2326 5428 2699 5500 περιστέλλεις
2731 5430 2798 5498 τῇ
2832 5427 3119 5498 ὑποκρίσει
3161 5425 3262 5495 τὴν,
3288 5424 3480 5484 νόσον;
3515 5422 3640 5485 Πῶς

2053 5538 2153 5580 -σοι
2182 5522 2242 5576 τὸ
2261 5522 2359 5592 τῆς
2385 5520 2566 5589 φιλίας
2589 5521 2925 5590 προσωπεῖον
2950 5517 3040 5570 διὰ
3070 5517 3171 5585 τῆς
3199 5529 3640 5584 κατεσχηματισν

2071 5615 2238 5685 μένης
2273 5613 2484 5675 εὐνοίας
2517 5607 2936 5689 ὲπιμορφίζεται
2964 5627 2984 5674 ς
3011 5609 3294 5675 Τί.δεξιοίς
3324 5610 3442 5669 ταῖς
3474 5605 3643 5678 adelp-

2073 5723 2189 5778 μοις
2225 5704 2613 5776 προσηγορίαις
2638 5701 2905 5778 ,χαίρειν
2927 5701 3019 5768 καὶ
3050 5699 3313 5782 ὑγιαίνειν
3356 5695 3644 5778 ἐγκελευῷ
