3838 6220
165 320 301 383 sese
400 284 407 290 ’

1170 325 1878 384 DEBEATITUDINIBUS.
1920 326 2180 385 ORATIO
2205 326 2291 384 νη

3276 333 3416 390 meo

164 466 357 520 μενος,
406 446 473 501 τά
507 444 724 502 ἐναντία
754 444 821 502 δι’
873 446 1200 519 ἀπορῤἡτων
1250 451 1392 504 κατά
1420 451 1599 522 ψυχὴν
1636 454 1731 504 ἑπ-

1843 458 1940 503 Lur.
1979 448 2135 515 Quod
2163 450 2209 505 si
2242 446 2447 519 aliquid
2476 447 2657 505 dextri
2690 465 2755 506 ac
2783 448 2947 506 l'austi
2986 449 3226 518 dicatur,
3260 451 3413 506 clau-

160 538 446 610 αρώμενος
474 556 487 603 ;
522 538 775 602 Τοιοῦτος
817 540 846 592 6
873 538 1011 593 Κάῖν
1031 580 1045 601 ,
1076 536 1105 592 6
1134 543 1203 612 τῇ
1245 540 1596 612 εὐδοκιμήσει
1643 540 1738 594 τοῦ

162 628 331 680 ’Δϐελ
367 628 733 699 ὲπιλυσσήσας
753 644 766 658 ⁸
802 628 832 680 6
858 629 1051 697 φθόνος
1084 629 1183 700 μὲν
1210 629 1421 684 ἔνδοθεν
1448 631 1539 683 τὸν
1581 631 1740 700 φόνον

159 721 522 785 ὲνεκελεύετο,
556 720 667 789 ἡδὲ
696 720 950 784 ὑπόθεσις
976 721 1167 791 δήμιος
1198 721 1425 789 γίνεται·
1452 723 1603 790 φίλον
1631 723 1739 792 γάρ

160 831 212 865 τι
250 813 346 865 καὶ
377 813 719 883 προσήγορον
748 811 992 865 ὑπελθὼν
1023 812 1230 882 σχῆμα,
1262 813 1362 883 τῆς
1396 812 1505 867 τῶν
1535 812 1739 881 γονέων

159 908 485 979 συμμαχίας
523 906 805 979 πόρρωθεν
848 907 1009 961 αὐτὸν
1054 908 1147 961 ἐπὶ
1178 907 1239 960 τὸ
1269 906 1452 960 πεδίον
1497 911 1740 978 προήγα-

158 1017 289 1069 γενο
325 996 426 1053 εἷθ’
456 999 625 1064 οὕτως
664 999 960 1069 ὲξεκάλυψε
1001 998 1079 1069 τῷ
1124 999 1269 1070 φόνῳ
1296 999 1388 1053 τὸν
1425 998 1636 1068 φθόνον.
1680 997 1739 1051 '0

157 1093 342 1144 τοίνυν
376 1091 475 1162 τὴν
498 1092 747 1163 τοιαύτην
783 1092 934 1145 νόσον
959 1091 1234 1145 ἐκϐάλλων
1262 1092 1361 1162 τῆς
1394 1090 1737 1161 ἀνθρωπίνης

156 1184 332 1255 ζωῆς,
365 1184 459 1237 καὶ
487 1184 668 1254 εὐνοία
714 1202 772 1237 τε
803 1186 898 1237 καὶ
927 1186 1139 1257 εἰρήνῃ,
1170 1184 1483 1254 συνδεσμῶν
1524 1184 1587 1237 τὸ
1611 1182 1737 1255 ὁμό-

160 1276 364 1343 φυλον,
411 1276 508 1328 καὶ
542 1278 619 1338 είς
652 1276 873 1347 φιλικὴν
907 1275 1217 1345 ὁμοφωνίαν
1260 1276 1386 1338 τοὺς
1418 1274 1738 1345 ἀνθρώπους

158 1365 335 1433 ἄγων,
361 1364 447 1436 ἆρ’
477 1365 595 1435 οὐχὶ
625 1365 773 1428 θείας
793 1366 959 1428 ὅντως
988 1365 1270 1435 δυνάμεως
1297 1364 1385 1436 Ep}
1398 1382 1456 1418 ον
1485 1367 1647 1430 ποιεῖ,
1670 1365 1738 1418 τὰ

162 1456 264 1527 μὲν
313 1456 459 1509 κακά
485 1457 581 1526 τῆς
612 1448 958 1527 ἀνθρωπίνης
990 1455 1203 1526 φύσεως
1234 1456 1579 1527 περιορίζων,
1609 1457 1737 1509 άντ-

159 1548 398 1615 εισάγων
436 1547 493 1601 δὲ
532 1547 629 1619 τὴν
665 1548 774 1601 τῶν
804 1546 1025 1617 ἀγαθῶν
1069 1547 1388 1612 κοινωνίαν;
1444 1547 1545 1600 Διὰ
1580 1547 1739 1601 τοῦτο

160 1638 278 1691 υἱὸν
325 1637 460 1691 Θεοῦ
499 1638 591 1692 τὸν
650 1638 989 1711 είρηνοποιὺν
1035 1640 1310 1709 ὀνομάζει,
1356 1640 1439 1693 ὅτι
1498 1640 1740 1710 μιμητὴς

161 1728 372 1796 γίνεται
401 1727 495 1781 τοῦ
527 1727 782 1798 ἀληθινοῦ
816 1728 972 1794 Θεοῦ,
999 1730 1028 1781 6
1065 1726 1236 1783 ταῦτα
1262 1731 1330 1800 τῇ
1364 1726 1476 1800 ζωῇ
1505 1728 1615 1782 τῶν
1647 1731 1740 1783 ἀνο

157 1814 401 1885 θρώπων
426 1815 803 1887 χαριζόμενος.

1843 557 1920 596 sae
1950 541 2193 596 sermoni
2222 550 2353 595 sunt
2383 556 2567 597 aures.
2597 541 2664 595 Et
2690 556 2817 596 cum
2847 541 2922 596 ita
2971 543 3249 597 animatus
3300 544 3379 599 sis
3398 583 3415 609 ,

1839 648 1941 687 cur
1971 633 2320 688 simulatione
2346 634 2600 687 morbum
2634 633 2887 688 obvolvis
2913 633 2936 688 ’ἒ
2970 634 3247 702 quomodo
3276 636 3417 687 ami-

1839 725 1981 778 citire
2006 738 2241 793 persona
2272 739 2368 792 per
2397 722 2578 777 ﬁctam
2629 725 3065 780 benevolentiam
3114 725 3169 778 in
3203 733 3257 778 te
3308 723 3419 777 for-

1840 814 2066 868 matur?
2089 830 2188 868 cur
2216 813 2414 868 faustis
2444 814 2907 883 appellationibus
2937 814 3144 883 excipis
3163 855 3176 874 .
3207 815 3419 869 salvere

1839 922 1904 960 ac
1931 906 2111 961 valere
2139 906 2341 974 jubens
2364 947 2379 970 ,
2413 905 2691 959 contraria
2728 907 2781 959 in
2811 906 2997 958 animo
3032 906 3171 958 clam
3209 906 3413 974 impre—

1839 1010 1973 1048 cans
1996 995 2019 1047 2
2043 992 2193 1049 Talis
2218 1002 2336 1049 erat
2359 993 2495 1055 Cain
2516 1036 2531 1060 ,
2559 994 2653 1064 qui
2684 993 2889 1049 idcirco
2910 1033 2924 1059 ,
2958 994 3103 1062 quod
3128 994 3261 1048 Abel
3290 1009 3417 1063 pro-

1839 1084 2062 1141 baretur
2090 1093 2253 1156 atque
2286 1087 2561 1155 placeret,
2597 1086 2651 1139 in
2689 1085 2897 1140 rabiem
2928 1092 2982 1140 et
3016 1084 3260 1140 furorem
3294 1100 3414 1139 ver-

1839 1189 1935 1231 sus
1963 1184 2079 1230 est:
2116 1175 2320 1229 invidia
2346 1174 2565 1245 quidem
2596 1174 2928 1229 intrinsecus
2954 1175 3023 1228 ad
3051 1175 3252 1229 caedem
3288 1174 3415 1228 horo

1840 1268 2078 1330 tabatur,
2103 1267 2377 1322 simulatio
2402 1282 2531 1322 vero
2555 1265 2799 1320 carnifex
2826 1274 2944 1321 erat
2966 1282 2980 1330 ;
3007 1265 3241 1319 amicum
3267 1266 3411 1320 enim

1839 1360 2160 1429 quemdam,
2186 1361 2371 1415 mitem
2396 1375 2459 1415 ac
2482 1359 2775 1430 benignum
2798 1358 3009 1413 vultum
3038 1358 3268 1429 ﬁngens,
3295 1375 3417 1429 pro-

1839 1451 1929 1505 cul
1980 1452 2049 1506 ab
2100 1452 2304 1505 auxilio
2352 1459 2517 1522 atque
2565 1451 2819 1520 praesidio
2854 1457 3138 1521 parentum
3175 1450 3327 1505 illum
3358 1453 3412 1505 in

1838 1559 2090 1614 campum
2123 1543 2415 1613 produxit:
2448 1552 2612 1613 atque
2644 1544 2718 1597 ita
2752 1542 2948 1597 deinde
2977 1541 3124 1597 caede
3150 1541 3412 1596 invidiam

1837 1634 2063 1691 detexit.
2098 1634 2203 1702 Qui
2231 1635 2502 1705 ejusmodi
2528 1634 2697 1704 igitur
2724 1630 2975 1687 morbum
3007 1630 3159 1702 ejicit
3190 1647 3258 1686 ex
3302 1633 3412 1687 vita

1841 1729 2078 1783 humana
2099 1768 2114 1792 ,
2149 1742 2216 1783 ac
2262 1727 2645 1783 benevolentia
2693 1726 2898 1795 pariter
2929 1739 2995 1778 ac
3029 1739 3165 1794 pace
3196 1724 3416 1794 colligat

1771 1799 1816 1859 Β
1841 1834 1973 1885 eos,
2011 1820 2106 1890 qui
2136 1833 2335 1890 genere
2359 1818 2641 1889 conjuncti
2685 1824 2849 1880 sunt,
2895 1824 2950 1871 et
2995 1815 3064 1869 ad
3110 1816 3406 1870 amicitiam

158 1918 329 1977 atque
361 1908 710 1965 concordiam
743 1909 993 1968 homines
1022 1910 1270 1971 reducit.
1301 1925 1372 1965 an
1434 1927 1542 1966 nou
1608 1912 1805 1968 divinae
1840 1928 2032 1970 revera
2062 1912 2322 1982 potentiae
2357 1926 2498 1982 opus
2534 1910 2697 1974 facit,
2743 1910 2884 1963 mala
2930 1908 3147 1978 quidem
3194 1922 3259 1963 ex
3304 1909 3409 1963 hu-

157 2015 326 2055 mana
380 2008 576 2056 natura
622 2002 938 2073 expellens,
983 2018 1083 2071 pro
1124 2002 1192 2056 iis
1235 2012 1414 2055 autem
1460 2004 1728 2059 bonorum
1767 2004 2207 2060 communionem
2239 2002 2641 2057 introduceus?
2673 2000 2882 2056 Idcirco
2952 2002 3119 2055 lilium
3165 2000 3259 2056 Dei
3322 2013 3417 2071 pa-

157 2094 382 2149 ciﬁcum
414 2094 696 2160 nominat,
730 2095 875 2165 quod
906 2096 1020 2149 veri
1046 2093 1173 2149 Filii
1200 2095 1440 2150 imitator
1481 2097 1737 2160 exsistit,
1778 2098 1872 2168 qui
1903 2088 2016 2152 haec
2046 2096 2325 2151 hominum
2357 2096 2482 2150 vita
2510 2095 2755 2166 largitur.

232 2184 524 2256 Μακάριοι
553 2185 731 2239 τοίνυν
775 2189 829 2240 οἱ
868 2188 1258 2255 εἰρηνοποιοί,
1288 2187 1377 2241 ὅτι
1408 2188 1575 2242 αὐτοὶ
1626 2189 1743 2242 υἱοί

158 2280 317 2335 Θεοῦ
364 2278 798 2349 κληθήσονται.
832 2280 987 2344 Τίνες
1034 2273 1219 2348 οὐτοι;
1266 2283 1329 2335 Οί
1379 2282 1614 2353 μιμηταὶ
1640 2281 1742 2352 τῆς

155 2371 317 2433 θείας
349 2369 780 2440 φιλανθρωπίας,
814 2371 862 2423 οί
897 2369 957 2423 τὸ
984 2370 1114 2424 ἴδιον
1147 2372 1247 2442 τῆς
1276 2369 1427 2434 θείας
1460 2372 1742 2442 ἐνεργείας

155 2461 256 2513 ἐπὶ
280 2458 376 2512 τοῦ
415 2459 547 2514 ίδίου
580 2459 886 2524 δεικνύντες
922 2460 1062 2531 βίου.
1118 2461 1355 2532 Ἀναιρεῖ
1386 2461 1611 2516 καθόλου
1644 2462 1739 2515 κα)⁹

156 2553 242 2615 είς
267 2552 330 2605 τὸ
373 2552 449 2622 μὴ
476 2550 538 2604 ὃν
582 2552 945 2624 περιίστησιν,
978 2555 1006 2607 6
1042 2553 1150 2607 τῶν
1178 2552 1398 2623 ἀγαθῶν
1445 2554 1738 2625 εὐεργέτης

157 2646 256 2698 καὶ
291 2643 496 2715 Κύριος
517 2683 533 2709 ,
565 2646 671 2698 πᾶν
704 2644 827 2697 ὅσον
872 2644 988 2698 ἐστὶ
1039 2644 1133 2698 τοῦ
1176 2645 1384 2712 ἀγαθοῦ
1418 2646 1646 2715 έκφυλόν
1678 2663 1738 2698 τε

155 2739 257 2791 καὶ
288 2736 585 2807 ἀλλότριον.
638 2737 852 2808 Ταύτην
880 2738 1159 2807 νομοθετεῖ
1189 2740 1287 2793 καὶ
1326 2740 1407 2794 σοὶ
1448 2739 1547 2810 τὴν
1585 2739 1739 2810 ἐνέρ-

156 2846 341 2898 γειαν,
376 2828 658 2882 ἐκϐάλλειν
694 2829 757 2882 τὸ
803 2830 977 2899 μῖσος,
1013 2830 1302 2885 καταλύειν
1344 2833 1433 2885 τὸν
1481 2831 1736 2902 πόλεμον,

153 2922 447 2992 ἀφανίζειν
458 2922 548 2974 τὸν
562 2920 1039 2993 φθόνον,ὲξορίζειν
1051 2924 1147 2995 τὴν
1166 2924 1364 2995 μάχην,
1382 2924 1626 2995 ἀναιρεῖν
1640 2923 1739 2994 τὴν

154 3013 475 3084 ὖπόκρισιν,
506 3013 925 3068 κατασϐεννύειν
958 3014 1166 3069 ἔνδοθεν
1192 3017 1290 3087 τὴν
1320 3016 1738 3087 ὐποσμύχουσαν

153 3105 220 3155 ὲν
233 3100 302 3173 τῇ
332 3102 527 3174 καρδίᾳ
549 3102 929 3175 μνησικακίαν·
948 3102 1289 3172 ἀντεισάγειν
1305 3102 1362 3157 δὲ
1379 3104 1499 3158 ἀντὶ
1512 3102 1737 3166 τούτων,

152 3197 266 3249 ὅσα
304 3198 373 3266 τῇ
405 3195 751 3266 ὑπεξαιρέσει
798 3195 906 3249 τῶν
944 3195 1199 3249 ἐναντίων
1224 3195 1607 3267 ἀντικάθηται.
1650 3195 1737 3259 Ὠς

154 3290 275 3357 γάρ
307 3290 374 3359 τῇ
405 3287 500 3341 τοῦ
542 3287 764 3352 σκότους
793 3288 1140 3360 ὐποχωρήσει
1168 3288 1229 3342 τὸ
1262 3289 1377 3359 φῶς
1407 3287 1736 3356 ἐπιγίνεται,

152 3379 309 3432 οὕτω
336 3381 431 3431 καὶ
451 3378 564 3433 ἀνθ’
592 3380 822 3433 ἑκάστου
847 3379 1071 3443 τούτων,
1095 3381 1124 3433 6
1148 3380 1241 3434 τοῦ
1268 3381 1574 3451 πνεύματος
1601 3397 1737 3451 καρ·

157 3472 268 3535 πὸς
288 3470 719 3542 ἀντεισέρχεται.
750 3472 959 3542 ἀγάπη,
980 3471 1145 3543 χαρά,
1172 3471 1383 3543 εἰρήνην
1414 3470 1738 3542 χρηστότηςν

156 3562 523 3634 μακροθυμία
547 3601 563 3627 ,
596 3563 746 3626 ἄπας
778 3565 807 3616 6
841 3562 920 3633 τῷ
978 3563 1284 3634 Ἀποστόλῳ
1325 3562 1742 3633 κατειλεγμένος

153 3654 274 3707 Ιτῶν
311 3653 533 3723 ἀγαθῶν
571 3653 822 3727 ἀριθμός.
863 3653 987 3717 Πῶς
1036 3649 1130 3707 οὐν
1165 3652 1227 3707 οὐ
1259 3655 1531 3726 μακάριος
1575 3655 1604 3707 6
1634 3652 1741 3707 τῶν

153 3747 327 3800 θείων
354 3746 571 3818 δωρεῶν
596 3746 918 3817 διανομεύς;
973 3747 1033 3800 '0
1061 3748 1303 3819 μιμητὴς
1329 3746 1439 3801 τῶν
1476 3746 1569 3799 τοῦ
1604 3744 1738 3800 Θεοῦ

152 3838 562 3912 χαρισμάτων;
611 3838 671 3893 '0
720 3842 789 3911 τῇ
852 3839 973 3910 θείᾳ
1028 3838 1418 3911 μεγαλοδωρεᾷ
1460 3837 1559 3900 τὰς
1606 3838 1742 3901 ἰδίας

153 3928 429 4000 ὲξομοιῶν
461 3928 736 3995 εὐποιίας;
768 3928 919 3999 Τάχα
961 3928 1020 3982 δὲ
1062 3928 1125 3982 οὐ
1172 3927 1310 3998 πρὸς
1364 3927 1427 3980 τὺ
1464 3927 1741 3997 ἀλλότριον

152 4020 369 4091 ἀγαθὸν
411 4020 569 4091 μόνον
604 4022 634 4074 6
664 4020 1012 4093 μακαρισμὸς
1046 4020 1269 4092 βλέπει·
1299 4019 1412 4074 ἀλλ’
1458 4015 1608 4090 οἶμαι
1646 4038 1741 4073 κυ-

156 4114 299 4185 ρίως
346 4112 686 4183 είρηνοποιὸν
737 4109 1121 4183 χρηματίζειν,
1169 4110 1263 4164 τὸν
1312 4111 1413 4181 τὴν
1462 4113 1521 4164 ὲν
1565 4107 1742 4179 ἑαυτῷ

154 4207 356 4261 στάσιν
385 4204 484 4273 τῆς
532 4205 731 4277 σαρκὸς
770 4204 867 4259 καὶ
898 4204 992 4257 τοῦ
1040 4201 1373 4273 πνεύματος,
1402 4203 1500 4256 καὶ
1533 4202 1624 4255 τὸν
1649 4202 1744 4272 ἒμ-

153 4298 356 4368 φύλιον
379 4297 476 4368 τῆς
505 4295 719 4365 φύσεως
747 4295 983 4367 πόλεμον
1014 4296 1095 4360 είς
1125 4293 1405 4366 εἰρηνικὴν
1427 4294 1742 4363 συμφωνίαν

151 4394 390 4460 ἄγοντα,
414 4391 542 4444 ὅταν
570 4388 768 4461 μηκέτι
792 4387 1012 4459 ἐνεργὸς
1098 4388 1127 4439 6
1155 4386 1248 4440 τοῦ
1276 4385 1525 4456 σώματος
1546 4386 1738 4454 νόμος,

1918 2188 2071 2243 Beati
2104 2188 2268 2256 igitur
2295 2187 2539 2256 paciﬁci,
2591 2187 2841 2256 quoniam
2871 2185 2974 2254 ipsi
3001 2185 3103 2254 ﬁlii
3135 2185 3232 2241 Dei
3265 2204 3417 2242 voca-

1843 2278 2059 2333 buntur.
2108 2278 2340 2346 Quinam
2392 2286 2520 2334 sunt
2562 2278 2662 2332 hi?
2708 2276 3012 2334 lmitatores
3060 2278 3417 2336 humanitatis

1843 2372 2073 2438 divinae,
2127 2373 2219 2442 qui
2272 2372 2326 2427 id
2371 2370 2516 2442 quod
2565 2370 2845 2440 preprium
2884 2369 3084 2426 divinae
3118 2370 3418 2427 eﬂicientia:

1842 2471 1957 2524 est,
1992 2464 2044 2516 in
2080 2479 2176 2518 sua
2209 2464 2318 2516 vita
2350 2461 2667 2517 ostendunt.
2694 2461 2858 2516 Tollit
2890 2469 2945 2517 et
2973 2461 3040 2516 ad
3069 2462 3298 2517 nihilum
3332 2479 3419 2519 re-

1842 2556 1978 2626 digit
2008 2557 2279 2610 bonorum
2312 2556 2540 2626 largitor
2571 2563 2626 2609 et
2661 2555 2927 2612 Dominus
2960 2556 3227 2627 quidquid
3262 2567 3417 2614 extra

1847 2655 2099 2701 naturam
2134 2648 2296 2712 boni,
2329 2658 2382 2702 et
2416 2662 2447 2701 a
2490 2646 2634 2701 bono
2663 2647 2905 2702 alienum
2943 2656 3064 2703 est:
3110 2649 3216 2704 hoc
3252 2650 3416 2705 etiam

1845 2738 1941 2793 tibi
1978 2739 2281 2808 praescribit
2314 2752 2453 2808 opus
2480 2746 2535 2793 et
2563 2738 2799 2793 oliicium
2819 2780 2835 2805 ,
2870 2739 3070 2810 ejicere
3097 2741 3321 2808 odium,
3354 2743 3420 2798 θ·-

1844 2830 1965 2885 nire
1992 2830 2229 2894 bellum,
2281 2830 2498 2885 abolere
2547 2829 2843 2894 invidiam,
2899 2834 3269 2888 exterminare
3314 2849 3419 2903 pu-

1844 2936 2005 2992 gnam
2028 2963 2044 2987 ,
2079 2920 2271 2976 tollere
2299 2921 2704 2977 simulationem
2726 2960 2743 2987 ,
2775 2923 3122 2995 exstinguere
3154 2924 3415 2982 intrinse-

1843 3028 1941 3067 cus
1972 3012 2025 3065 in
2052 3011 2218 3067 corde
2259 3020 2510 3067 urentem
2559 3020 2615 3067 et
2662 3014 3039 3071 incendentem
3080 3015 3408 3085 injuriarum

1845 3103 2162 3158 memoriam
2199 3111 2447 3158 tenacem
2471 3142 2487 3169 ,
2518 3115 2708 3159 contra
2744 3120 2871 3160 vero
2914 3105 2969 3160 in
3013 3105 3194 3160 locum
3228 3123 3416 3162 eorum

1842 3193 2188 3250 introducere
2219 3208 2560 3264 quaecunque
2588 3194 2873 3252 subductis
2902 3197 3195 3253 contrariis
3221 3213 3287 3253 ex
3323 3197 3419 3251 ad-

1841 3302 2000 3343 verso
2050 3286 2379 3343 consistunt.
2446 3286 2519 3343 Ut
2560 3289 2705 3342 enim
2752 3289 3133 3345 recedentibus
3179 3291 3418 3346 tenebris

1840 3379 1931 3433 lux
1965 3378 2243 3445 succedit,
2279 3378 2355 3433 ita
2388 3378 2558 3434 etiam
2591 3378 2649 3433 in
2683 3379 2863 3435 locum
2897 3379 3091 3436 horum
3126 3382 3420 3451 cujuslibet

1840 3472 2068 3542 spiritus
2094 3471 2308 3527 fructus
2338 3471 2585 3526 succedit
2604 3510 2619 3534 ,
2652 3471 2875 3528 dilectio
2898 3514 2914 3539 ,
2945 3473 3242 3544 gaudium,
3278 3491 3380 3545 pax
3401 3514 3417 3539 ,

1840 3565 2183 3635 benignitas,
2222 3565 2390 3620 animi
2427 3566 2664 3633 lenitas,
2719 3565 3012 3621 universus
3049 3566 3119 3621 ab
3153 3566 3419 3637 Apostolo

1842 3657 2109 3712 honorum
2149 3672 2414 3712 numerus
2452 3657 2737 3712 collectus.
2784 3656 3067 3725 Quomodo
3108 3658 3277 3728 igitur
3308 3675 3417 3713 non

1841 3748 2033 3804 beatus
2063 3756 2148 3805 est
2176 3749 2487 3803 divinorum
2529 3749 2796 3803 donorum
2827 3748 3154 3804 distributor
3195 3765 3261 3805 ac
3305 3750 3420 3805 dis-

1841 3846 2100 3908 pensator
2140 3838 2164 3891 ?
2211 3838 2454 3893 imitator
2502 3837 2598 3893 Dei
2644 3839 2987 3893 munerum?
3033 3841 3125 3909 qui
3173 3839 3415 3894 divinam

1842 3932 2271 3985 muniﬁcentiam
2304 3945 2403 3985 sua
2434 3930 2795 3985 beneﬁcentia
2821 3932 3116 4001 exaequat?
3165 3931 3415 3989 Forsitan

1842 4031 2024 4077 autem
2054 4038 2164 4076 non
2195 4022 2433 4077 alienum
2461 4022 2724 4077 duntaxat
2752 4023 2951 4077 bonum
2988 4024 3265 4080 beatitudo
3297 4041 3417 4095 spe‘

1840 4121 1954 4167 ctat
1978 4152 1992 4173 ,
2038 4113 2130 4169 sed
2161 4114 2356 4181 opinor
2388 4112 2609 4183 proprie
2641 4112 2931 4182 paciﬁcum
2984 4114 3281 4184 appellari,
3322 4119 3415 4186 qui

1842 4221 1984 4270 eam,
2004 4220 2123 4275 qua:
2148 4206 2290 4258 intra
2326 4205 2502 4273 ipsum
2528 4212 2641 4267 est,
2669 4202 2990 4257 seditionem
3019 4205 3203 4259 carnis
3228 4217 3282 4260 et
3305 4207 3413 4274 spi~

1842 4298 2012 4361 ritus,
2040 4302 2204 4366 atque
2232 4294 2551 4350 intestinum
2581 4303 2788 4348 naturae
2815 4293 3014 4349 bellum
3043 4294 3112 4349 ad
3136 4295 3412 4365 pacilicam

1843 4387 2190 4443 concordiam
2233 4395 2289 4441 et
2331 4401 2661 4441 consensum
2705 4385 2966 4451 adducit,
3027 4387 3116 4441 ubi
3166 4389 3412 4458 corporis

150 4485 185 4537 6
218 4482 771 4553 ἀντιστρατευόμενος
791 4478 868 4549 τῷ
892 4478 1042 4549 νόμῳ
1064 4476 1157 4530 τοῦ
1185 4476 1321 4544 νοὸς,
1356 4476 1468 4530 ἀλλ’
1507 4475 1739 4539 ὑποζευ-

1847 4482 1929 4535 lex
1951 4521 1965 4543 ,
2002 4494 2124 4549 quae
2152 4480 2256 4548 legi
2291 4478 2489 4542 mentis
2518 4486 2821 4547 repugnat,
2854 4494 2961 4532 non
2990 4480 3225 4549 amplius
3253 4495 3412 4535 exer-

154 4573 316 4643 χθεὶς
344 4574 413 4642 τῇ
454 4570 721 4640 κρείττονι
755 4568 1000 4639 βασιλείᾳ
1044 4568 1325 4638 ὑπηρέτης
1377 4566 1586 4635 γίνεται
1629 4564 1738 4617 τῶν

157 4665 330 4718 θείων
356 4661 763 4731 ἐπιταγμάτων.
797 4660 1013 4714 Μᾶλλον
1055 4659 1113 4713 δὲ
1147 4659 1224 4730 μὴ
1246 4658 1402 4711 τοῦτο
1432 4657 1740 4727 νομίσωμεν

160 4752 563 4826 συμϐουλεύειν
580 4753 670 4806 τὸν
688 4752 865 4821 λόγον,
884 4752 944 4805 τὸ
973 4752 1032 4804 ἐν
1052 4750 1202 4804 δυάδι
1216 4750 1453 4804 νοεῖσθαι
1476 4750 1583 4803 τῶν
1606 4767 1740 4803 κατ-⁸

158 4844 506 4916 ωρθωκότων
535 4842 625 4895 τὸν
655 4836 767 4912 βίον
789 4857 803 4870 ·
844 4841 958 4894 ἀλλ’
1008 4840 1222 4893 ἐπειδάν
1273 4838 1525 4911 ἐξαιρεθῇ
1554 4837 1648 4891 τοῦ
1681 4840 1739 4891 ὲν

157 4940 300 5009 ἡμῖν
330 4936 589 5009 φραγμοῦ
624 4935 686 4987 τὸ
728 4935 1039 5006 μεσότοιχον
1067 4934 1167 5004 τῆς
1194 4933 1413 4998 κακίας,
1450 4927 1533 4996 εἷς
1568 4934 1617 4985 οἱ
1647 4931 1742 4985 δύο

154 5033 229 5099 τῇ
260 5029 400 5099 πρὸς
425 5028 486 5079 τὸ
518 5029 762 5098 κρεῖττον
788 5026 1075 5097 ἀνακρίσει
1100 5026 1446 5097 συμφυέντες
1475 5024 1738 5092 γίνονται.

169 5120 401 5192 Ἐπειδὴ
436 5120 616 5174 τοίνυν
659 5118 863 5173 ἀπλοῦν
888 5119 949 5171 τὸ
989 5118 1131 5171 θεῖον
1177 5118 1273 5172 καὶ
1308 5116 1618 5181 ἀσύνθετον,
1647 5115 1742 5169 καὶ

158 5211 579 5282 ἀσχημάτιστον
610 5205 747 5262 εἶναι
784 5209 1175 5271 πεπίστευται,
1207 5208 1336 5261 ὅταν
1364 5207 1459 5260 καὶ
1502 5205 1653 5278 [61:1],
1680 5205 1743 5258 τὸ

158 5300 511 5373 ἀνθρώπινον
543 5301 634 5355 διὰ
657 5302 757 5371 τῆς
784 5299 1043 5372 τοιαύτης
1063 5300 1435 5370 είρηνοποιῖας
1456 5340 1471 5363 ,
1496 5298 1602 5363 ἔξω
1634 5298 1736 5366 τῆς

153 5396 308 5450 κατά
355 5393 455 5465 τὴν
490 5391 683 5461 διπλῆν
719 5392 1020 5452 συνθέσεως
1064 5391 1323 5461 γένηται,
1368 5390 1463 5443 καὶ
1498 5388 1742 5461 ἀκριϐῶς

152 5489 244 5549 εἰς
272 5486 334 5539 τὸ
357 5484 558 5554 ἀγαθὸν
574 5482 861 5554 ἐπανέλθῃ,
884 5480 1086 5535 ἀπλοῦν
1113 5498 1171 5533 τε
1190 5481 1284 5533 καὶ
1310 5480 1740 5550 ἀσχημάτιστον,

152 5579 259 5632 καὶ
296 5576 375 5639 ὡς
420 5575 634 5646 ἀληθῶς
678 5573 737 5627 ἓν
788 5573 1099 5643 γενόμενον,
1142 5572 1218 5634 ὡς
1263 5568 1460 5624 ταύτὸν
1498 5567 1743 5641 εἶναιτῷ

153 5668 396 5742 κρυπτῷ
418 5666 481 5720 τὸ
503 5666 842 5736 φαινόμενον,
863 5662 1054 5733 καὶτῷ
1078 5662 1390 5733 φαινομένῳ
1413 5662 1474 5714 τὸ
1504 5678 1745 5731 κεκρυμ-

156 5764 329 5835 μένον
349 5778 361 5791 ·
394 5761 515 5813 τότε
547 5757 760 5828 ἀληθῶς
795 5754 1053 5826 κυροῦται
1082 5758 1111 5809 6
1142 5755 1509 5827 μακαρισμὸς,
1544 5753 1636 5806 καὶ
1654 5753 1742 5805 λέ-

450 5853 721 5912 turam.
756 5850 874 5911 Gn.
909 5853 1126 5912 XLIV.
1314 5860 1317 5861 ⁷

1841 4570 2073 4634 cebitur,
2108 4568 2204 4624 sed
2233 4568 2522 4637 subjugata
2553 4567 2765 4621 meliori
2795 4582 2995 4637 regno,
3031 4569 3283 4624 ministra
3329 4570 3414 4624 di-

1843 4663 2094 4715 vinorum
2130 4666 2522 4729 praeceptorum
2555 4657 2804 4713 exsistet.
2842 4658 3100 4723 Quinimo
3129 4654 3199 4715 ne
3232 4661 3416 4717 existi-

1840 4767 2052 4806 memus
2101 4749 2422 4805 Sermonem
2476 4749 2802 4813 consulere,
2859 4750 3006 4820 quod
3054 4752 3308 4806 nimirum
3359 4754 3411 4807 in

1843 4857 2070 4896 numero
2098 4842 2313 4894 binario
2337 4840 2736 4895 consideranda
2781 4850 2943 4910 atque
2981 4844 3297 4912 accipienda
3344 4846 3416 4899 sit

1841 4931 1951 4984 vita
1980 4946 2167 4986 eorum
2189 4970 2205 4992 ,
2239 4928 2332 4999 qui
2368 4936 2515 4983 recte
2544 4930 2792 4999 egerint,
2823 4939 2878 4984 et
2910 4946 3024 4985 rem
3058 4932 3195 4987 bene
3226 4950 3414 5003 gesse-

1840 5023 1982 5085 rint,
2015 5022 2112 5076 sed
2160 5020 2249 5074 ubi
2282 5020 2638 5075 interstilium
2682 5021 2975 5076 vitiositate
3001 5038 3065 5076 ex
3107 5038 3171 5077 ea
3201 5041 3324 5094 quae
3358 5026 3413 5079 in

1842 5115 2003 5170 nobis
2031 5121 2149 5180 est,
2180 5128 2322 5182 saepe
2353 5119 2663 5181 exemptum
2697 5112 2860 5168 fuerit
2880 5154 2894 5178 ,
2926 5113 3035 5169 duo
3068 5115 3145 5170 illi
3174 5125 3415 5172 contem-

1841 5208 2122 5278 peratione
2153 5222 2277 5260 cum
2308 5205 2516 5259 meliori
2546 5206 2921 5262 coalescentes
2950 5223 3092 5262 unus
3120 5208 3411 5263 exsistunt.

1844 5300 2111 5366 Quoniam
2143 5298 2310 5368 igitur
2341 5296 2571 5367 simplex
2620 5309 2674 5354 et
2726 5314 2832 5353 non
2881 5299 3246 5369 compositum
3293 5315 3416 5356 esse

1843 5390 2087 5445 divinum
2117 5405 2318 5443 numen
2337 5430 2351 5453 ,
2376 5395 2429 5442 ει
2451 5387 2627 5458 efﬁngi
2661 5396 2824 5458 atque
2849 5388 3093 5443 simulari
3119 5404 3228 5443 non
3255 5405 3416 5460 posse

1844 5481 2108 5543 creditur,
2139 5494 2264 5534 cum
2296 5479 2593 5532 humanum
2625 5493 2841 5548 quoque
2868 5493 3038 5548 genus
3063 5477 3239 5549 dupla:
3267 5496 3414 5534 com-

1844 5571 2105 5642 positioni
2150 5585 2247 5641 per
2273 5569 2436 5623 talem
2473 5567 2905 5638 paciﬁcationem
2948 5576 3256 5638 exemptum
3298 5569 3416 5625 fuc-

1846 5663 1952 5725 rit,
1990 5676 2053 5715 ac
2086 5661 2243 5729 plene
2279 5659 2345 5713 ad
2382 5659 2583 5712 bonum
2613 5660 2923 5722 reverterit,
2955 5658 3181 5729 simplex
3212 5662 3416 5731 pariter
3472 5663 3474 5666 ’

1849 5764 1904 5808 ct
1936 5753 2004 5809 ab
2039 5752 2328 5807 alfectionc
2356 5759 2522 5819 atque
2561 5750 2911 5805 simulatione
2942 5764 3206 5815 vacuum,
3240 5767 3303 5805 ac
3331 5767 3414 5804 reo-

3098 5840 3171 5903 Μ
