3838 6220
460 265 593 322 1291

1649 263 1709 322 S.
1750 263 2078 323 GREGORII
2116 265 2418 324 NYSSENI

3579 269 3721 324 £292

457 398 588 442 vera
616 399 785 439 unum
816 381 1070 440 effectum
1093 425 1108 449 ,
1139 393 1202 440 ut
1231 383 1375 439 idem
1406 397 1534 440 cum
1568 383 1896 442 abscondito
1929 385 2031 450 sit.

2139 404 2326 456 γονται
2365 389 2572 460 κυρίως
2599 391 2650 444 oi
2689 389 2925 444 τοιοῦτοι
2958 388 3062 442 υἱοί⁵
3079 387 3253 453 Θεοῦ,
3287 386 3720 459 μακαρισθέντις

459 475 516 531 id
546 476 695 544 quod
731 484 988 544 apparet,
1023 483 1079 530 et
1107 476 1229 531 vice
1261 490 1456 543 versa,
1488 475 1872 532 absconditum
1905 493 2035 533 cum

457 575 756 637 apparente
781 581 796 632 ;
825 575 959 620 tunc
987 581 1112 622 vere
1137 566 1494 621 confirmatur
1519 582 1585 622 ac
1611 576 1729 622 rata
1755 567 2037 624 beatitudo

2143 480 2286 534 κατά
2312 480 2411 552 τὴν
2441 480 2772 550 ἐπαγγελίαν
2811 479 2905 534 τοῦ
2935 480 3138 551 Κυρίου
3168 479 3326 550 ἡμῶν
3368 477 3546 550 Ἰησοῦ
3583 477 3719 548 Χρι-

2143 568 2302 636 στοῦ,
2328 564 2373 639 ᾧ
2399 573 2432 642 ἡ
2466 571 2593 638 δόξα
2620 574 2701 635 εἰς
2733 573 2860 635 τούς
2900 571 3102 636 αἰῶνας
3124 570 3236 624 τῶν
3262 567 3498 623 αίὼνων.
3519 571 3722 640 ’Δμήν.

471 659 562 721 tit,
598 672 663 712 ac
711 658 850 712 tales
876 658 1096 728 proprie
1130 657 1226 713 lilii
1266 656 1362 712 Dei
1392 657 1673 723 dicuntur,
1700 658 1846 714 beati
1873 659 2104 730 iudicati
2141 676 2238 731 per
2269 663 2691 734 promissionem
2725 663 2938 720 Domini
2971 663 3148 721 nostri
3179 661 3311 720 Jesu
3343 663 3595 729 Christi,
3626 662 3721 716 cui

457 747 629 818 gloria
658 748 713 803 in
742 749 939 804 saecula
966 748 1311 804 saeculorum.
1342 747 1535 803 Amen.

1032 860 1292 918 ORATIO
1327 861 1468 918 Vill.

458 953 612 1010 Beati
633 955 724 1023 qui
742 956 1153 1017 persecutionem
1177 957 1456 1021 patiuntur
1482 965 1695 1023 propter
1715 955 1992 1024 justitiam
2013 971 2032 1010 :

674 1025 922 1092 quoniam
953 1041 1133 1077 eorum
1163 1036 1240 1078 est
1271 1041 1485 1094 regnum
1517 1029 1788 1078 caelorum.

525 1112 674 1168 Ordo
716 1115 936 1184 quidem
994 1116 1246 1170 sublimis
1305 1117 1719 1186 disciplinarum
1769 1117 2036 1170 doctrina:

456 1213 777 1275 praesentem
808 1204 942 1260 dicti
975 1206 1493 1261 commentationem
1524 1210 1592 1262 ad
1627 1216 1877 1262 octavum
1907 1222 2036 1278 gra-

454 1297 582 1350 dum
625 1295 814 1351 ducit:
858 1312 958 1366 ego
991 1312 1123 1351 vero
1165 1297 1308 1350 haud
1349 1297 1586 1352 alienum
1631 1313 1754 1353 esse
1796 1297 1943 1361 dico,
1985 1297 2034 1353 si

456 1391 690 1459 primum
723 1391 855 1444 illud
899 1392 1114 1446 ratione
1143 1399 1307 1460 atque
1344 1392 1594 1446 oratione
1627 1392 2030 1458 consideretur,

456 1483 585 1551 quid
620 1481 690 1536 sit
718 1480 864 1552 apud
888 1480 1216 1552 Proplietam
1241 1489 1447 1536 octavae
1469 1482 1786 1552 mysterium
1811 1481 1878 1546 δ’,
1910 1496 2033 1551 qua:

457 1573 674 1627 duobus
719 1573 947 1642 psalmis
989 1573 1357 1642 praeponitur:
1417 1573 1546 1643 quid
1576 1573 1739 1626 etiam
1777 1574 2032 1642 puriﬁca-

2765 861 2984 915 ΛΟΓΟΣ
3013 859 3094 916 Η’.

2132 950 2413 1019 Μακάριοι
2437 955 2489 1021 οἱ
2515 951 2890 1021 δεδιωγμένοι
2917 952 3127 1004 ἕνεκεν
3149 951 3547 1021 δικαιοσύνης
3569 966 3586 981 ο
3617 950 3713 1004 ὅτι

2320 1020 2518 1074 αὐτῶν
2536 1019 2708 1074 ἐστιν
2727 1023 2762 1089 ἡ
2782 1023 3073 1085 ,ϐασιλεία
3089 1022 3206 1074 τῶν
3229 1019 3528 1088 οὐραγῶν.

2214 1114 2280 1167 Ἦ
2301 1115 2398 1184 μὲν
2420 1114 2573 1178 τάξις
2597 1115 2695 1184 τῆς
2717 1115 2926 1185 ὑψηλῆς
2955 1114 3063 1168 τῶν
3093 1114 3434 1186 μαθημάτων
3461 1114 3722 1166 διδασκα-

2132 1206 2274 1269 λίας,
2308 1207 2402 1260 ἐπὶ
2434 1207 2524 1260 τὸν
2551 1208 2736 1276 ὄγδοον
2771 1209 2896 1276 άγει
2931 1208 3136 1278 βαθμὸν
3163 1213 3263 1279 τὴν
3302 1207 3590 1278 παροῦσαν
3621 1204 3720 1259 τοῦ

2137 1298 2304 1368 ῥητοῦ
2346 1297 2613 1370 θεωρίαν
2661 1298 2773 1368 ἐγὼ
2817 1299 2874 1352 δὲ
2907 1299 3090 1364 καλῶς
3131 1299 3275 1369 ἔχειν
3309 1299 3453 1370 φημὶ
3499 1298 3723 1369 πρῶτον

2130 1388 2308 1441 ἐκεῖνο
2337 1389 2669 1460 κατανοῆσαι
2713 1389 2792 1460 τῷ
2827 1389 2972 1460 λόγῳ
2996 1430 3010 1452 ,
3038 1391 3092 1442 τί
3121 1390 3180 1443 τὸ
3217 1390 3314 1458 τῆς
3341 1389 3539 1458 ὀγδόης
3569 1388 3723 1458 παρὰ

2127 1479 2204 1549 τῷ
2234 1481 2492 1553 Προφήτῃ
2522 1481 2838 1551 μυστήριον,
2862 1481 2962 1550 τῆς
2994 1482 3052 1533 ὲν
3071 1480 3165 1533 δύο
3191 1480 3540 1550 ψαλμῳδίαις
3580 1496 3722 1547 προ-

2124 1571 2464 1641 τεταγμένης
2483 1589 2496 1602 ο
2531 1571 2586 1624 τὶ
2625 1571 2680 1624 δὲ
2711 1573 2740 1625 ὁ
2791 1571 3160 1642 μακαρισμὸς,
3188 1573 3282 1624 καὶ
3315 1572 3347 1641 ή
3375 1571 3477 1641 τῆς
3501 1586 3724 1641 περιτο-

453 1664 549 1726 ιίο,
610 1663 942 1733 sanctioque
993 1664 1462 1718 circumcisionis:
1516 1680 1637 1732 qua:
1691 1672 1920 1733 utraque
1976 1673 2031 1719 ut

2139 1663 2246 1734 μῆς
2267 1665 2579 1732 νομοθεσία,
2617 1664 2758 1718 κατά
2796 1665 2894 1734 τὴν
2925 1663 3115 1734 ὀγδόην
3146 1663 3432 1734 ἀμφότερα
3461 1661 3542 1732 τῷ
3571 1664 3723 1731 νόμῳ

453 1763 650 1810 octavo
701 1755 789 1810 die
817 1755 1267 1818 observarentur,
1320 1757 1436 1822 lege
1476 1765 1697 1811 cautum
1728 1767 1865 1811 erat.
1899 1755 2033 1810 For-

454 1845 599 1898 sitan
642 1842 848 1912 aliquid
902 1851 1195 1914 cognatum
1248 1844 1412 1900 habet
1460 1845 1560 1899 hic:
1599 1861 1863 1901 numerus
1906 1861 2033 1900 cum

453 1945 646 1989 octava
689 1934 1060 1990 beatitudine:
1106 1952 1229 2005 qum
1263 1944 1522 2006 tanquam
1561 1946 1755 1992 vertex
1788 1937 2032 1991 omnium

452 2027 855 2082 beatitudinum
905 2028 958 2080 in
989 2043 1206 2081 summo
1237 2028 1408 2098 gradu
1463 2029 1590 2083 boni
1626 2044 1892 2085 ascensus
1935 2044 2035 2100 po-

454 2121 559 2176 sita
589 2128 692 2174 est.
726 2117 860 2172 Nam
901 2127 956 2174 et
988 2120 1098 2173 illic
1139 2120 1401 2190 propheta
1437 2121 1860 2176 resurrectionis
1889 2120 2033 2177 diem

452 2226 552 2280 per
609 2219 815 2265 octava:
865 2211 1210 2265 involucrum
1251 2219 1311 2264 et
1353 2212 1583 2281 aenigma
1643 2211 1917 2282 designat,
1979 2219 2035 2269 et

453 2302 764 2373 puriﬁcatio
793 2302 1132 2371 coinquinati
1167 2301 1406 2355 hominis
1439 2303 1672 2356 reditum
1709 2303 1776 2356 ad
1800 2311 2034 2358 natura-

453 2397 560 2448 lem
599 2393 893 2463 puritatem
922 2391 1183 2454 ostendit,
1221 2400 1274 2446 et
1311 2393 1661 2448 circumcisio
1693 2401 2034 2448 mortuarum

452 2485 698 2556 pellium,
737 2499 878 2555 quas
921 2495 1046 2554 post
1089 2483 1518 2538 inobedientiam
1565 2484 1673 2539 vita
1724 2483 1912 2538 nudati
1951 2485 2034 2539 in-

453 2577 775 2640 dueramus,
811 2577 1018 2632 indicat
1047 2576 1440 2646 abjectionem:
1471 2584 1526 2630 et
1559 2575 1650 2629 hic
1676 2585 1870 2630 octava
1903 2577 2034 2631 bea-

452 2668 632 2723 titudo
682 2668 1086 2722 restitutionem
1117 2668 1173 2722 in
1205 2667 1376 2722 cmlos
1400 2668 1644 2722 continet
1687 2683 1899 2733 eorum,
1939 2667 2034 2738 qui

453 2758 512 2812 in
549 2759 868 2812 servitutem
892 2758 1113 2828 quidem
1146 2757 1355 2828 delapsi
1388 2765 1568 2821 erant,
1603 2757 1700 2813 sed
1737 2773 1932 2814 rursus
1966 2773 2034 2814 ex

454 2851 718 2906 servitute
757 2849 810 2903 in
844 2864 1070 2919 regnum
1116 2849 1355 2904 revocati
1383 2857 1533 2904 sunt.
1573 2847 1727 2903 Beati
1762 2850 1921 2915 enim,
1953 2851 2036 2904 in-

452 2943 592 3012 quit,
624 2941 714 3010 qui
749 2941 1162 3008 persecutionem
1198 2941 1479 3008 patiuntur
1515 2949 1726 3008 propter
1757 2955 1872 2994 me:
1903 2957 2034 3010 quo-

453 3039 598 3088 niam
632 3033 864 3100 ipsorum
891 3041 968 3084 est
1011 3047 1224 3101 regnum
1256 3032 1507 3084 cmiorum
1528 3031 1593 3086 “.
1647 3031 1789 3086 Ecce
1823 3031 1948 3088 linis
1977 3041 2032 3087 et

451 3129 687 3177 eventus
715 3120 1026 3176 divinorum
1072 3121 1458 3184 certaminum,
1517 3129 1571 3176 et
1605 3130 1828 3192 propter
1862 3121 2030 3177 Deum

453 3219 838 3281 susceptorum
889 3211 1282 3281 periculorum,
1336 3211 1583 3266 laborum
1639 3211 2031 3278 remuneratio,

453 3303 717 3359 sudorum
752 3303 1038 3372 praemium
1065 3322 1078 3354 :
1119 3318 1230 3372 quo
1260 3318 1486 3373 regnum
1517 3303 1782 3358 calorum
1813 3304 2034 3358 athleta:

451 3404 888 3464 consequuntur.
908 3392 1026 3448 Non
1051 3395 1286 3464 amplius
1312 3396 1460 3448 circa
1491 3411 1603 3450 rem
1631 3396 1938 3451 instabilem
1969 3409 2034 3450 ac

453 3485 855 3541 mutationibus
913 3487 1216 3538 variantem
1267 3484 1545 3540 felicitatis
1602 3500 1729 3555 spes
1788 3486 2028 3540 oberrat.

451 3571 590 3628 Nam
633 3583 882 3628 terrenus
937 3573 1090 3627 locus
1129 3579 1214 3626 est
1245 3572 1335 3635 iis,
1365 3587 1488 3642 quae
1523 3573 1889 3630 alternatione
1933 3589 2031 3628 va-

452 3665 670 3718 riantur
704 3679 768 3719 ac
801 3670 1114 3724 mutantur;
1147 3662 1215 3717 de
1252 3663 1319 3717 iis
1353 3678 1482 3717 vero
1529 3679 1651 3732 qua:
1682 3681 1776 3734 per
1805 3667 2029 3732 coelum,

451 3765 509 3810 et
537 3765 844 3819 moventur,
877 3763 932 3810 et
956 3765 1238 3826 apparent,
1277 3755 1413 3810 nihil
1447 3757 1555 3811 tale
1581 3757 1921 3823 judicamus,
1971 3768 2034 3815 ut

454 3863 564 3900 non
593 3846 780 3900 eodem
803 3846 966 3900 modo
985 3847 1244 3900 nimirum
1272 3860 1338 3900 ac
1357 3846 1610 3901 similiter
1633 3863 1756 3904 sese
1776 3849 2030 3916 habeant,

455 3937 549 3991 scd
575 3937 717 3992 serie
753 3945 917 4007 atque
940 3937 1132 3992 ordine
1168 3938 1673 4008 consequentiaque
1711 3956 1871 3997 suum
1898 3957 2033 4013 quo-

452 4042 562 4094 quc
591 4041 811 4079 cursum
851 4026 1057 4089 omnia,
1087 4041 1209 4095 qua:
1253 4025 1400 4080 circa
1461 4027 1660 4082 cmlum
1695 4038 1852 4095 sunt,
1908 4045 2035 4102 per-

455 4126 642 4188 agunt.
676 4115 840 4172 V'idcs
867 4117 1030 4187 igitur
1063 4117 1443 4172 excellentiam
1471 4117 1622 4182 doni,
1659 4120 1802 4190 quod
1839 4137 1944 4176 non
1977 4124 2030 4176 in

457 4206 545 4268 iis,
597 4223 716 4276 qua:
767 4216 1070 4270 mutantur,
1119 4208 1548 4277 magnitudinem
1605 4210 1885 4281 dignitatis
1924 4214 2034 4267 lar-

2134 1755 2618 1827 παρατηροῦμενα.
2665 1757 2820 1826 Τάχα
2855 1773 2908 1808 τι
2941 1754 3200 1822 συγγενὲς
3233 1756 3261 1806 ό
3298 1753 3534 1824 ἀριθμὸς
3562 1746 3721 1815 οὗτος

2134 1847 2268 1918 πρὺς
2293 1848 2390 1916 τὴν
2417 1847 2608 1918 ὀγδόην
2643 1847 2754 1918 ἔχει
2805 1848 3183 1917 μακαριότητα
3206 1864 3221 1878 ο
3256 1847 3379 1916 ἥτις
3417 1845 3608 1916 ὥσπερ
3627 1863 3722 1898 κο-

2138 1939 2280 2010 ρυφὴ
2323 1937 2432 1990 τῶν
2477 1939 2851 2010 μακαρισμῶν
2890 1939 3110 1992 πάντων
3153 1938 3242 1990 ἐπὶ
3283 1935 3375 1988 τοῦ
3412 1937 3718 2008 ἀκροτάτου

2133 2033 2307 2084 κεῖται
2331 2030 2428 2100 τῆς
2455 2031 2665 2101 ἀγαθῆς
2689 2031 3024 2094 ἀναϐάσεως.
3077 2029 3226 2083 Ἐκεῖ
3253 2045 3313 2082 τε
3367 2028 3479 2100 γὰρ
3512 2031 3542 2082 ὁ
3574 2029 3717 2099 Προ-

2135 2124 2311 2193 φήτης
2338 2122 2434 2193 τὴν
2469 2123 2837 2192 ἀναστάσιμον
2868 2122 3080 2192 ἡμέραν
3120 2119 3196 2190 τῷ
3221 2120 3321 2190 τῆς
3355 2120 3552 2190 ὀγδόης
3581 2120 3720 2174 αἰνίο

2133 2233 2301 2284 γματι
2326 2214 2690 2284 διασημαίνει,
2725 2215 2817 2267 καὶ
2840 2216 2869 2267 ὁ
2900 2213 3240 2283 καθαρισμδς
3271 2212 3371 2284 τὴν
3399 2212 3495 2264 ἐπὶ
3515 2211 3578 2264 τὸ
3621 2227 3718 2264 κι-

2135 2303 2300 2373 θαρόν
2336 2319 2396 2355 τε
2435 2303 2528 2355 καὶ
2554 2301 2694 2354 κατά
2727 2301 2889 2369 φύσιν
2925 2301 3180 2354 ἐπάνοδον
3212 2298 3307 2353 τοῦ
3359 2297 3719 2369 μολυνθέντος

2133 2389 2421 2462 ἀνθρώπου
2454 2389 2786 2444 ἐνδείκνυται
2806 2431 2820 2454 ,
2849 2391 2944 2444 καὶ
2974 2392 3008 2461 ἡ
3049 2389 3316 2461 περιτομὴ
3353 2389 3454 2458 τὴν
3489 2388 3598 2442 τῶν
3627 2403 3719 2440 νε-

2133 2482 2282 2552 κρῶν
2328 2481 2616 2554 δερμάτων
2673 2480 2947 2552 ἀποϐολὴν
2981 2479 3308 2552 ὲρμηνεύει,
3353 2478 3391 2533 ἀ
3435 2477 3578 2548 μετὰ
3619 2478 3719 2550 τὴν

2135 2573 2418 2644 παρακοὴν
2445 2572 2545 2642 τῆς
2575 2571 2722 2642 ζωῆς
2754 2571 3134 2641 γυμνωθέντες
3171 2568 3576 2639 ὲνεδυσάμεθα’
3626 2569 3720 2623 καὶ

2133 2661 2366 2715 ἐνταῦθα
2392 2663 2432 2733 ἡ
2465 2661 2624 2732 ὀγδόη
2664 2661 3027 2733 μακαριότης,
3050 2662 3150 2733 τὴν
3188 2663 3268 2723 είς
3297 2661 3426 2722 τοὺς
3449 2659 3718 2732 οὐρανοὺς

2133 2752 2579 2807 ἀποκατάστασιν
2611 2751 2723 2822 ἔχει
2799 2751 2909 2806 τῶν
2937 2753 3018 2815 είς
3043 2750 3287 2804 δουλείαν
3320 2750 3421 2821 μὲν
3449 2749 3720 2803 ὲκπεσόνυ

2133 2862 2260 2908 των,
2292 2845 2385 2898 ἐπὶ
2412 2844 2687 2913 βασιλείαν
2706 2843 2764 2897 δὲ
2795 2845 2958 2898 πάλιν
2978 2847 3043 2898 ὲκ
3074 2844 3173 2914 τῆς
3201 2840 3445 2906 δουλείας
3472 2839 3717 2910 ἀνακλη-

2137 2935 2358 2990 θέντων.

2207 3029 2492 3098 Μακάριοι
2504 3029 2632 3102 γάρ,
2650 3030 2836 3100 φησὶν,
2858 3032 2912 3082 οὶ
2927 3025 3302 3096 δεδιωγμένοι
3319 3025 3536 3080 ἕνεκεν
3547 3021 3716 3094 ἐμοῦ

2133 3117 2224 3172 ὅτι
2253 3119 2452 3173 αὐτῶν
2465 3118 2636 3172 ἐστιν
2657 3118 2696 3185 ἡ
2716 3117 3010 3181 βασιλεία
3031 3115 3150 3168 τῶν
3171 3113 3464 3182 οὐρανῶν.
3507 3113 3645 3168 Ἰδοὺ
3659 3110 3720 3165 τὸ

2134 3211 2306 3280 πέρας
2330 3209 2438 3262 τῶν
2469 3209 2610 3264 κατά
2648 3208 2781 3262 Θεὸν
2805 3206 3054 3276 ἀγώνων,
3092 3205 3152 3258 τὺ
3174 3205 3282 3258 τῶν
3306 3205 3490 3258 πόνων
3515 3204 3715 3276 γέρας,

2132 3300 2193 3353 τὸ
2229 3300 2339 3353 τῶν
2376 3298 2616 3369 ἱδρώτων
2661 3296 2892 3352 ἔπαθλον
2917 3312 2931 3327 ο
2965 3297 3026 3350 τδ
3061 3295 3159 3365 τῆς
3208 3297 3266 3348 ὲν
3311 3298 3426 3358 τοῖς
3465 3296 3719 3366 οὐρανοξ

2135 3391 2411 3463 βασιλείας
2439 3390 2757 3460 ἀξιωθῆναι.
2807 3389 3004 3442 Οὐκέτι
3037 3387 3166 3457 περὶ
3195 3386 3258 3438 τὸ
3283 3385 3517 3439 ἀστατόν
3539 3401 3600 3437 τε
3627 3385 3720 3437 καὶ

2132 3481 2563 3554 ἀλλοιούμενονή
2587 3482 2687 3552 τῆς
2714 3479 3010 3551 εὐκληρίας
3040 3479 3193 3541 ἐλπὶς
3222 3477 3610 3531 διαπλανᾶται.
3660 3475 3720 3529 '0

2131 3578 2244 3645 γάρ
2268 3574 2543 3645 περίγειος
2568 3572 2742 3644 χῶρος
2761 3571 2871 3625 τῶν
2888 3571 3242 3643 τρεπομένων
3263 3586 3322 3621 τε
3351 3569 3450 3620 καὶ
3477 3567 3722 3622 ἀλλοιουο

2136 3664 2312 3732 μένων
2345 3663 2461 3716 ὲστί
2483 3679 2499 3696 ο
2541 3662 2650 3715 τῶν
2687 3663 2744 3715 δὲ
2777 3661 2917 3714 κατά
2963 3660 3054 3713 τὸν
3100 3658 3330 3729 οὐρανὸν
3372 3658 3722 3727 φαινομένων

2131 3771 2191 3807 τε
2221 3753 2314 3808 καὶ
2350 3755 2703 3825 κινουμένων,
2731 3754 2887 3806 οὐδὲν
2914 3753 3116 3806 τούτων
3151 3749 3620 3820 ἐπιγινώσκομεν,
3647 3749 3722 3812 ὡς

2137 3846 2211 3918 μὴ
2242 3847 2383 3900 κατά
2420 3848 2486 3900 τά
2532 3847 2672 3900 αὐτὰ
2715 3847 2808 3900 καὶ
2847 3845 3108 3908 ὡσαύτως
3142 3844 3285 3914 ἔχειν
3308 3883 3323 3906 ,
3385 3841 3500 3896 ἀλλ’
3538 3841 3723 3911 είρμῷ

2144 3941 2238 3992 καὶ
2260 3939 2412 4005 τάξει
2441 3940 2533 3994 καὶ
2557 3938 2849 4011 ἀκολουθίᾳ
2878 3939 3014 4008 πρὸς
3037 3937 3129 3990 τὸν
3161 3937 3290 3989 ίδιον
3311 3935 3512 4006 δρόμον
3539 3933 3721 3987 πάντα

2135 4027 2274 4081 κατά
2316 4029 2408 4082 τὸν
2467 4029 2699 4098 οὐρανὸν
2738 4026 3126 4098 διεξέρχεσθαι.
3185 4025 3346 4095 Ὁρᾷς
3399 4023 3587 4076 τοίνυν
3622 4022 3720 4091 τῆς

2134 4121 2344 4188 δωρεᾶς
2366 4120 2462 4192 τὴν
2493 4119 2798 4192 ὑπερϐολήν
2824 4135 2839 4184 ;
2883 4119 2965 4172 ὅτι
2995 4117 3096 4171 οὐκ
3129 4117 3188 4169 ὲν
3208 4118 3320 4178 τοῖς
3353 4113 3718 4184 τρεπομένοις

2139 4214 2200 4265 τὸ
2238 4213 2468 4282 μέγεθος
2494 4215 2593 4282 τῆς
2618 4210 2774 4278 ἀξίας
2813 4209 3121 4282 χαρίζεται,
3145 4207 3221 4269 ὡς
3248 4206 3314 4260 ἂν
3352 4206 3405 4258 εί
3438 4221 3527 4266 τις
3554 4220 3720 4273 μεταν-

455 4300 623 4364 gitur,
657 4314 723 4352 ne
747 4299 837 4367 qui
867 4298 1186 4353 mutationis
1209 4307 1384 4353 metus
1409 4299 1607 4354 bonam
1633 4317 1782 4372 spem
1812 4304 2026 4372 turbet;

2139 4299 2295 4371 ϐολῆς
2342 4302 2506 4371 φόϐος
2547 4303 2643 4364 τὰς
2691 4301 3064 4372 χρηστοτέρας
3119 4297 3342 4361 ἐλπίδας
3389 4298 3720 4368 παραλυπῆ-

462 4392 557 4445 sed
577 4408 700 4444 cum
726 4407 952 4461 regnum
975 4395 1236 4447 caelorum
1264 4394 1422 4457 dixit,
1454 4395 1696 4449 ostendit
1726 4396 1776 4448 id
1803 4397 2028 4463 donum,

454 4482 599 4552 quod
632 4482 787 4537 nobis
820 4484 922 4536 sub
954 4499 1050 4552 spe
1077 4484 1418 4553 propositum
1449 4493 1553 4548 est,
1605 4501 1711 4540 non
1745 4502 1867 4543 esse
1910 4503 2029 4542 mu-

455 4573 642 4635 tabile,
675 4573 772 4628 sed
802 4589 1020 4642 semper
1049 4573 1238 4630 eodem
1273 4577 1434 4630 modo
1462 4592 1583 4632 sese
1613 4578 1830 4634 habere.

527 4663 605 4718 Ex
630 4665 740 4733 jam
774 4665 935 4719 dictis
960 4673 1167 4729 autem,
1199 4681 1321 4735 quae
1354 4668 1484 4720 mihi
1521 4684 1645 4722 cum
1689 4670 2032 4728 dubitatione

453 4772 696 4824 qua-rere
727 4756 781 4808 in
809 4763 1047 4809 mentem
1081 4757 1248 4822 venit,
1283 4757 1397 4811 haec
1443 4768 1601 4813 sunt:
1642 4761 1877 4830 primum
1907 4764 2028 4832 qui-

453 4848 577 4902 dem
609 4862 710 4901 cur
747 4862 893 4912 eum,
942 4849 1034 4916 qui
1067 4849 1262 4917 spiritu
1300 4863 1506 4918 pauper
1541 4851 1632 4913 sit,
1688 4852 1740 4904 in
1776 4854 2025 4908 eumdem

453 4939 656 5001 locmn,
705 4953 816 5007 quo
845 4953 961 4999 eos,
997 4942 1086 5006 qui
1121 4947 1344 5008 propter
1372 4939 1549 5009 ipsum
1586 4945 2026 5010 persecutionem

453 5029 753 5099 patiantur,
789 5027 1082 5094 recipiens.
1128 5043 1312 5098 parem
1345 5031 1590 5099 utrisque
1637 5035 2030 5090 remuneratio-

453 5136 577 5175 nem
622 5121 927 5189 proponat?
959 5120 1222 5190 (Quorum
1252 5121 1398 5175 enim
1428 5125 1708 5190 praemium
1746 5125 1892 5180 idem
1920 5137 2026 5192 est,

455 5211 651 5266 borum
679 5212 932 5264 nimirum
953 5213 1116 5264 ctiam
1142 5212 1442 5266 certamina
1463 5215 1612 5283 paria
1639 5219 1812 5287 sunt.)
1830 5217 2031 5274 Deinde

454 5318 586 5356 vero
614 5302 707 5370 qui
745 5302 857 5363 liat,
892 5310 950 5353 ut
976 5299 1246 5354 discretus
1278 5300 1500 5356 dextros
1534 5317 1564 5354 a
1599 5305 1840 5361 sinistris
1887 5309 2028 5360 invi-

455 5401 577 5445 tans
608 5394 672 5444 ad
709 5407 933 5461 regnum
965 5394 1255 5454 caelorum,
1308 5394 1446 5448 alias
1476 5395 1749 5463 ejusmodi
1801 5399 2025 5455 honoris

453 5497 650 5536 causas
685 5483 959 5552 assignet?
1009 5483 1142 5536 Nam
1185 5499 1306 5536 cum
1363 5485 1474 5538 illic
1503 5493 1558 5540 et
1592 5489 2025 5558 condolentiam,

533 5655 577 5690 ⁸³
613 5655 755 5712 Psal.
797 5673 905 5712 xvii
939 5667 1093 5715 etin.
1173 5658 1216 5690 ⁸³
1256 5657 1450 5712 Matth.
1493 5676 1544 5725 ν,
1589 5661 1670 5716 l0.

2135 4411 2313 4448 σειενο
2345 4394 2457 4447 ἀλλ’
2497 4393 2742 4466 οὐρανῶν
2784 4393 2880 4463 μὲν
2918 4392 3196 4463 βασιλείαν
3238 4391 3444 4456 εἰπὼν,
3477 4393 3717 4446 δείκνυσι

2131 4489 2193 4542 τὸ
2230 4488 2603 4558 ἀμετάϐλητον
2636 4489 2730 4542 καὶ
2753 4489 2840 4542 ἀεὶ
2873 4489 3141 4552 ὡσαύτως
3170 4487 3291 4558 ἕχον
3342 4487 3449 4558 τῆς
3478 4489 3604 4542 κατ’
3638 4489 3718 4542 ἑλ-

2133 4581 2262 4634 πίδα
2293 4581 2658 4652 προκειμένης
2683 4583 2817 4652 ἡμῖν
2841 4581 3069 4652 δωρεᾶς.

2207 4672 2273 4724 Ὃ
2299 4671 2355 4724 δέ
2399 4689 2490 4742 μοι
2526 4672 2804 4742 διαπορεῖν
2825 4673 2892 4725 ἐκ
2921 4671 3031 4725 τῶν
3061 4671 3368 4743 εἰρημένων
3395 4671 3715 4742 ἐπέρχεται,

2135 4761 2292 4817 τοῦτό
2344 4764 2522 4816 ἐστιν·
2573 4764 2787 4834 πρῶτον
2837 4763 2969 4834 μὲν,
3021 4764 3103 4816 ὅτι
3157 4763 3234 4833 τῷ
3279 4763 3596 4832 πωχεῦσαι
3644 4761 3717 4832 τῷ

2136 4856 2532 4926 πνεύματιτοῖς
2559 4855 2744 4909 ἕνεκεν
2767 4855 2928 4909 αὐτοῦ
2950 4855 3274 4925 διωχθεῖσιν,
3306 4854 3388 4916 εἰς
3423 4855 3538 4906 ίσον
3567 4855 3716 4922 ἄγειν

2135 4947 2414 5018 ἑκατέροις
2454 4947 2516 5000 τὸ
2542 4947 2712 5017 γέρας
2745 4946 3096 5019 προστίθησιν
3115 4989 3128 5002 ,
3179 4939 3279 5000 Ὧν
3316 4945 3427 5015 γὰρ
3457 4945 3518 4998 τὺ
3549 4945 3717 4998 Emo-

2134 5039 2224 5092 λον
2280 5039 2341 5092 τὸ
2384 5039 2547 5103 αὐτὸ,
2591 5039 2793 5091 τούτων
2832 5038 3030 5108 δηλαδὴ
3077 5038 3174 5093 καὶ
3224 5039 3273 5090 oi
3319 5036 3534 5105 ἀγῶνες
3577 5039 3678 5090 [σοι
3701 5054 3712 5066 ·

2131 5130 2321 5185 ἔπειτα
2351 5130 2408 5183 δὲ
2436 5129 2552 5192 πῶς
2583 5130 2708 5192 τοὺς
2737 5128 2944 5193 δεξιοὺς
2991 5131 3100 5184 ἀπὸ
3133 5129 3241 5182 τῶν
3273 5127 3578 5198 εὐωνύμων
3608 5127 3714 5180 δια-

2132 5222 2321 5292 κρίνας
2343 5262 2356 5284 ,
2399 5221 2787 5294 προσκαλεῖται
2821 5222 2958 5293 πρὸς
2985 5221 3084 5292 τὴν
3113 5221 3221 5274 τῶν
3267 5219 3520 5291 οὐρανῶν
3569 5219 3712 5290 βασι-

2131 5312 2302 5374 λείαν,
2336 5311 2500 5376 ἄλλας
2538 5312 2640 5382 τῆς
2675 5312 2932 5383 τοιαύτης
2963 5313 3130 5382 τιμῆς
3160 5310 3260 5372 τάς
3293 5311 3478 5374 αἰτίας
3505 5310 3712 5378 λέγων;

2132 5405 2207 5458 Τὸ
2232 5405 2340 5475 γάρ
2377 5403 2660 5474 συμπαθές
2691 5421 2749 5456 τε
2773 5405 2866 5456 καὶ
2895 5403 3241 5474 μεταδοτικδν
3275 5403 3373 5455 καὶ
3399 5401 3711 5471 φιλάλληλοι.

2130 5496 2246 5548 ἐκεῖ
2277 5497 2597 5567 προφέρων,
2625 5496 2861 5567 οὐδαμοῦ
2900 5496 3174 5566 μέμνηται
3204 5493 3326 5547 οὐτε
3349 5493 3448 5562 τῆς
3479 5508 3705 5564 ave-api»
