3838 6220
175 325 199 378 1
215 322 318 376 2‘33

1203 315 1292 368 or;
1342 297 1942 368 BEATITUDINIBUS.
1985 311 2244 368 ORATIO
2268 311 2403 365 vm.

3289 313 3425 370 «est

177 443 336 511 τικῆς
373 435 647 506 πτωχείας
667 476 680 498 ,
727 433 851 486 οὕτε
877 431 982 502 ’τῆς
1013 432 1197 486 ἕνεκεν
1237 433 1445 485 ἐκείνου
1483 429 1714 494 διώξεως
1736 444 1750 459 ·

1873 437 1912 482 at
1945 428 2262 484 facultatum
2294 425 2866 494 communicationem,
2902 437 2958 484 et
2983 438 3230 482 mutuum
3271 447 3426 488 amo-

175 535 354 588 καίτοι
396 531 532 584 πολὺ
577 529 724 582 δοκεῖ
759 526 902 580 κατὰ
937 526 997 580 τὸ
1029 525 1316 596 πρόχειρον
1371 527 1468 594 τῆς
1511 522 1750 584 διανοίας

175 627 276 679 ἀπ’
322 623 565 692 ἀλλήλων
601 619 772 674 ταῦτα
808 617 1206 689 διακεκρίσθαι.
1245 617 1310 668 Τί
1359 617 1468 686 γὰρ
1510 615 1756 667 κοινωνεί

174 715 241 768 τὸ
282 713 592 784 πωχεῦσαι
621 710 698 781 τῷ
744 708 1070 779 διωχθῆναι;
1106 709 1174 760 Ἦ
1209 706 1381 759 ταῦτα
1435 705 1595 759 πάλιν
1635 706 1756 758 τίνα

175 803 494 874 συμφωνίαν
523 801 634 872 ἔχει
672 799 806 870 πρὸς
833 797 902 850 τὰ
929 799 1024 867 τῆς
1049 798 1390 868 ἁγαπητικῆς
1421 794 1756 866 συμπαθείας

175 893 633 963 dato-relictura;
670 888 905 960 Ἔθρεψέ
946 905 1028 950 τις
1058 887 1145 940 τὸν
1169 887 1441 956 δεόμενον,
1487 886 1519 957 ἢ
1549 885 1638 938 τὸν
1661 901 1756 954 γυ-

179 987 314 1056 μνὸν
349 983 690 1054 περιέϐαλεν,
746 981 780 1051 ἢ
833 979 1090 1048 στεγητὸν
1141 979 1318 1049 ὁδίτην
1349 977 1685 1044 ἐδεξιώσατο,
1721 977 1754 1048 ἢ

176 1073 492 1128 ἀσθενοῦντι
525 1073 619 1126 καὶ
649 1069 1024 1139 κατακλείστῳ
1053 1068 1152 1140 τὴν
1198 1069 1550 1138 ἐνδεχομένην
1597 1067 1758 1137 θερα-

178 1170 342 1222 πείαν
370 1168 720 1238 προσήγαγεν
746 1181 759 1192 ·
789 1163 840 1216 τί
871 1162 1042 1217 ταῦτα
1065 1163 1200 1233 πρὸς
1230 1163 1290 1214 τὸ
1318 1161 1630 1232 πτωχεῦσαι
1665 1161 1758 1213 καὶ

176 1261 474 1332 διωχθῆναι
520 1258 696 1312 κοινὸν
734 1256 868 1326 ἔχει,
907 1255 1048 1309 κατὰ
1088 1256 1180 1309 τὸν
1207 1253 1298 1307 τοῦ
1327 1253 1759 1324 ἐπιτηδεύματος

171 1355 369 1422 λόγονς
406 1345 573 1414 Οὗτος
619 1349 898 1418 ἀλλοτρίας
940 1346 1223 1417 συμφορὰς
1249 1345 1576 1418 θεραπεύει·
1613 1344 1758 1397 ὲκεί-

171 1465 286 1500 νων
323 1445 378 1496 δὲ
413 1443 704 1511 ἑκάτερος,
735 1440 761 1492 ὅ
797 1456 854 1490 τε
887 1437 1180 1507 πτωχεύων
1207 1437 1302 1489 καὶ
1335 1438 1362 1488 ό
1397 1435 1755 1504 διωκόμενος,

173 1539 290 1591 τῶν
343 1533 753 1607 θεραπευόντων
795 1531 1114 1601 προσδέεται
1142 1569 1155 1590 ,
1187 1528 1322 1582 ἀλλὰ
1353 1527 1414 1580 τὸ
1455 1527 1628 1596 πέρας
1668 1527 1760 1579 ἐπὶ

173 1631 402 1683 ’πάντων
427 1626 556 1680 ἴσον,
599 1623 830 1692 Ὁμοίως
863 1619 969 1692 γὰρ
992 1621 1067 1682 είς
1096 1619 1320 1689 οὐρανὸν
1350 1619 1471 1686 ἄγει
1493 1619 1581 1670 τὸν
1613 1635 1760 1670 πτω-

175 1719 454 1789 χεύσαντα
491 1713 568 1784 τῷ
613 1711 906 1781 πνεύματι,
955 1711 1048 1762 καὶ
1085 1709 1178 1761 τὸν
1214 1709 1398 1762 ’ἐνεκεν
1438 1709 1601 1762 αὑτοῦ
1632 1708 1758 1761 διω-

173 1809 401 1880 χθέντα,
431 1805 668 1868 καὶτοὺς
699 1803 759 1856 τδ
781 1801 1058 1872 συμπαθὲς
1084 1801 1518 1870 ἐπιδειξαμένους
1544 1800 1679 1869 πρὸς
1699 1801 1760 1852 τὸ
1791 1768 1834 1826 Β

175 1900 474 1970 ὁμόφυλον.
505 1897 570 1949 Τί
591 1893 682 1950 οὖν
714 1911 890 1964 φαμεν
913 1893 1048 1964 πρὸς
1073 1893 1276 1957 ταύτας
1313 1893 1434 1944 Ὀτι
1466 1891 1646 1962 ἔχεται
1674 1892 1763 1944 ἀλ-

176 1993 362 2061 λήλων
392 1989 461 2043 τὰ
497 1989 674 2042 πάντα
711 1987 845 2058 πρὸς
877 1985 967 2038 τὸν
1001 1985 1104 2036 ’ἕνα
1149 1985 1349 2037 σκοπὸν
1381 1985 1766 2038 συννενευκότα

173 2083 278 2136 καὶ
301 2079 665 2151 συμπνέοντα.
695 2077 770 2129 Ἥ
789 2093 847 2128 τε
877 2075 986 2146 γὰρ
1009 2073 1248 2144 πτωχεία
1276 2076 1410 2144 πρὸς
1441 2075 1768 2144 μετανάστα-

177 2190 268 2226 σιν
301 2169 553 2234 εὔκολος,
594 2167 688 2222 καὶ
730 2169 764 2237 ἡ
811 2165 1175 2235 φιλοπτωχεία
1218 2166 1316 2234 τῆς
1359 2165 1631 2236 πτωχείας
1668 2168 1766 2220 οὐκ

175 2262 561 2333 ἠλλοτρίωται.
613 2258 774 2312 Ἀλλά
816 2277 904 2328 μοι
945 2259 1090 2311 δοκεῖ
1118 2255 1296 2318 καλῶς
1328 2255 1468 2326 ἔχειν
1501 2257 1762 2328 πρότερον

173 2356 274 2408 τὸν
307 2353 548 2424 παρόντα
567 2351 723 2420 λόγον
753 2349 1124 2419 ἀναζητῆσαι·
1154 2346 1252 2399 εἶθ’
1276 2345 1416 2399 οὕτω
1441 2347 1538 2417 τὴν
1569 2349 1624 2400 ὲν
1652 2351 1764 2410 τοῖς

176 2443 573 2515 ὲξητασμένοις
597 2441 916 2512 συμφωνίαν
948 2441 1041 2493 καὶ
1067 2439 1158 2491 τὸν
1189 2437 1314 2491 νοῦν
1336 2439 1755 2507 ἐπισκέψασθαι.

1857 535 1971 573 rem
2022 519 2286 589 proferat,
2345 535 2522 588 neque
2568 521 2869 589 spiritualis
2917 522 3198 590 egestatis,
3249 539 3430 593 neque

1857 616 2076 678 propter
2123 611 2302 679 ipsum
2351 611 2749 677 persecutionis
2809 627 3040 680 usquam
3097 613 3429 669 mentionem

1857 700 2018 754 facit:
2057 715 2368 769 quanquam
2423 701 2650 753 multum
2685 701 2800 754 haec
2830 702 3132 756 secundum
3169 720 3292 758 eum
3345 705 3431 760 in-

1857 791 2154 854 tellectum,
2206 790 2297 858 qui
2342 793 2514 859 prima
2565 792 2741 846 fronte
2771 793 3031 860 occurrit,
3096 795 3164 849 ab
3194 796 3430 852 invicem

1857 874 2136 943 disjuncta
2163 892 2287 931 esse
2336 877 2609 931 videntur.
2637 878 2774 945 Quid
2801 882 2944 936 enim
2971 893 3264 954 paupertas
3285 901 3432 941 corn-

1857 983 2022 1022 mune
2050 967 2364 1022 habetcum
2403 971 2804 1038 persecutione,
2841 980 2934 1026 aut
2961 975 3047 1030 his
3085 992 3276 1034 rursus
3299 979 3430 1048 quid

1859 1069 2114 1121 convenit
2143 1083 2270 1121 cum
2302 1067 2610 1124 dilectionis
2640 1077 2694 1124 et
2721 1071 3077 1127 condolentiaa
3097 1075 3433 1133 aﬁectibus?

1860 1138 2056 1212 Cibum
2081 1158 2346 1229 indigenti
2377 1160 2575 1229 aliquis
2603 1161 3062 1231 subministravit,
3095 1175 3190 1220 aut
3223 1169 3430 1223 nudum

1859 1251 2100 1318 vestivit,
2157 1261 2252 1306 aut
2285 1260 2429 1308 tecto
2457 1254 2721 1308 viatorem
2758 1256 2982 1326 recepit,
3033 1269 3126 1312 aut
3167 1268 3432 1330 aegrotum

1860 1350 1916 1397 et
1949 1342 2006 1396 in
2047 1358 2323 1398 carcerem
2371 1345 2676 1412 conjectum
2721 1361 2806 1412 eo,
2847 1350 2989 1416 quod
3033 1349 3205 1415 licuit,
3256 1350 3434 1406 oﬁicio

1863 1440 2187 1501 prosccutus
2232 1442 2316 1486 est
2351 1447 2367 1482 :
2401 1433 2533 1501 quid
2575 1433 2690 1487 haec
2735 1435 2948 1490 ratione
2978 1437 3142 1491 studii
3175 1444 3228 1490 ct
3265 1437 3433 1491 cilicii

1862 1539 1985 1577 cum
2035 1533 2274 1592 egestate
2320 1533 2375 1579 et
2425 1527 2804 1594 persecutione
2857 1543 3152 1583 commune
3193 1529 3434 1585 habent?

1863 1613 1954 1668 hic
2003 1615 2209 1671 alienas
2257 1617 2594 1673 calamitates
2629 1629 2808 1683 curat,
2859 1621 3037 1674 aliena
3086 1623 3435 1678 incommoda

1865 1705 2031 1758 sarcit
2057 1715 2112 1760 et
2141 1718 2328 1774 sanat;
2363 1708 2578 1762 illorum
2609 1717 2788 1765 autem
2813 1719 3044 1782 uterque
3069 1723 3178 1767 tam
3206 1731 3432 1785 egenus,

1865 1811 2026 1865 quam
2058 1800 2493 1866 persecutionem
2529 1800 2740 1870 patiens
2769 1801 3010 1855 ofﬁcium
3043 1807 3435 1872 pra-stantibus

1865 1902 2002 1956 opus
2062 1888 2284 1955 habent,
2342 1890 2436 1946 sed
2491 1891 2613 1946 ﬁnis
2655 1892 2711 1944 in
2754 1895 3012 1950 omnibus
3065 1913 3179 1963 par.
3223 1897 3438 1954 Pariter

1863 1981 2006 2033 enim
2043 1981 2096 2033 in
2140 1983 2339 2034 cmlutn
2383 1983 2531 2036 ducit
2583 1991 2637 2037 et
2677 1999 2822 2050 eunt,
2871 1987 2964 2054 qui
3005 2003 3215 2057 pauper
3239 1990 3436 2058 spiritu

1863 2070 2052 2138 fuerit,
2094 2081 2148 2127 et
2176 2089 2298 2128 eum
2343 2075 2436 2144 qui
2484 2083 2706 2145 propter
2766 2077 2942 2143 ipsum
2995 2081 3437 2146 persecutionem

1866 2179 2064 2234 passus
2092 2165 2184 2228 sit,
2221 2174 2274 2220 et
2297 2181 2411 2232 eos,
2447 2167 2538 2236 qui
2575 2167 2971 2222 condolentiam
2997 2185 3123 2240 erga
3159 2173 3440 2238 proximos

1867 2257 2242 2326 praestiterint.
2271 2257 2410 2322 Quid
2443 2258 2610 2326 igitur
2632 2260 2702 2312 ad
2735 2259 2851 2313 bazc
2877 2259 3155 2316 dicimus?
3183 2277 3306 2316 nam
3329 2278 3439 2318 om-

1867 2349 1956 2400 nia
1994 2349 2134 2402 inter
2157 2363 2278 2403 sese
2307 2350 2603 2416 cohaerent,
2639 2349 2704 2404 ad
2737 2367 2902 2406 unum
2935 2353 3090 2406 illum
3117 2354 3273 2423 quasi
3313 2371 3441 2411 sco-

1866 2457 1994 2512 pum
2026 2458 2292 2498 conversa
2327 2453 2490 2511 atque
2529 2445 2922 2514 conspirantia.
2979 2445 3190 2502 Etenim
3223 2459 3440 2519 egestas

177 2539 350 2606 pulsu
382 2535 582 2596 facilis,
627 2541 682 2589 et
727 2532 1036 2602 benignitas
1071 2531 1126 2584 in
1159 2545 1424 2601 pauperes
1470 2539 1525 2585 et
1559 2547 1761 2602 egenos
1799 2547 1830 2587 a
1865 2543 2186 2605 paupertate
2231 2538 2407 2592 aliena
2446 2553 2556 2593 non
2619 2549 2725 2593 est.
2795 2537 2994 2594 Verum
3037 2541 3181 2596 haud
3229 2543 3440 2598 incom-

181 2631 412 2686 modum
441 2645 562 2685 esse
589 2629 720 2683 mihi
741 2628 974 2688 videtur,
1001 2633 1321 2696 praesentem
1348 2626 1504 2696 prius
1532 2627 1862 2699 investigare
1887 2631 2211 2697 orationem,
2240 2641 2402 2701 atque
2468 2633 2540 2686 ita
2609 2633 2865 2704 deinceps
2932 2635 3214 2704 despicere
3281 2645 3444 2707 atque

179 2722 558 2784 considerare,
591 2720 816 2789 quinam
849 2718 980 2773 insit
1003 2717 1056 2770 in
1085 2717 1174 2782 iis,
1205 2731 1326 2786 quae
1354 2718 1582 2786 quaesita
1613 2727 1763 2784 sunt,
1797 2721 2107 2777 intellectus
2150 2730 2314 2791 atque
2343 2737 2667 2777 consensus.

257 2814 546 2882 Μακάριοι
589 2815 642 2866 οὶ
679 2809 1057 2879 δεδιωγμένοι
1104 2808 1318 2863 ἕνεκεν
1357 2809 1765 2880 δικαιοσύνης.

183 2908 362 2962 Πόθεν
413 2905 800 2974 δεδιωγμένοι,
851 2903 946 2956 καὶ
991 2902 1144 2973 παρά
1191 2901 1369 2966 τίνος;
1421 2902 1480 2954 Ὃ
1529 2903 1629 2972 μὲν
1676 2899 1768 2957 οὖν

185 2996 482 3067 πρόχειρος
521 2993 676 3062 λόγος
702 2992 764 3044 τδ
792 2991 899 3044 τῶν
933 2989 1226 3062 μαρτύρων
1259 2990 1390 3060 ἡμῖν
1424 2989 1767 3044 ὑποδείκνυσι

183 3088 404 3142 στάδιον
430 3126 446 3148 ,
488 3086 584 3138 καὶ
609 3085 700 3138 τὸν
727 3084 828 3154 τῆς
861 3084 1094 3146 πίστεως
1135 3081 1333 3153 δρόμον
1385 3081 1764 3153 ὑποσημαίνει.

199 3133 410 3248 ῖὲἷῖἆέ»
430 3133 1056 3244 magistras;
1073 3133 1179 3228 ῖιοὲ
1203 3133 1488 3244 τὶιέχοντοξ
1532 3133 1686 3242 ita
1702 3133 1772 3226 ὦ
1797 3133 1841 3191 (³

184 3272 356 3342 τάχος
385 3269 624 3340 σπουδὴν
660 3267 956 3338 νέρμηνεύει
976 3283 990 3296 -
1038 3265 1238 3336 μᾶλλον
1267 3265 1326 3320 δὲ
1357 3266 1452 3320 καὶ
1478 3264 1578 3336 τὴν
1610 3266 1668 3316 ὲν
1694 3263 1773 3332 τῷ

187 3362 410 3432 τρέχειν
447 3359 604 3431 νίκην
643 3359 1026 3428 ὑποσημαίνει.
1088 3358 1163 3410 Oti
1227 3359 1334 3427 γὰρ
1381 3355 1524 3410 ἔστιν
1575 3355 1774 3426 ἑτέρως

185 3453 418 3521 νικῆσαι
445 3448 728 3522 τρέχοντα,
779 3448 854 3518 μὴ
905 3446 1133 3500 κατόπιν
1170 3445 1536 3499 καταλιπόντα
1579 3443 1773 3498 ἑαυτοῦ

187 3545 286 3598 τὸν
314 3541 692 3612 συντρέχοντα.
741 3541 892 3594 Ἐπεὶ
917 3537 1009 3594 οὖν
1032 3541 1060 3592 ὃ
1075 3557 1134 3591 τε
1158 3539 1296 3610 πρὸς
1321 3537 1384 3590 τὸ
1409 3537 1657 3610 βραϐεῖον
1675 3537 1776 3607 τῆς

189 3633 310 3688 ἄνω
343 3632 588 3701 κλήσεως
613 3631 846 3702 τρέχων,
881 3631 976 3683 καὶ
1013 3631 1042 3682 ὁ
1069 3629 1156 3682 διὰ
1199 3629 1260 3681 τὸ
1299 3627 1547 3698 βραϐεῖον
1587 3627 1776 3682 διωκό-

195 3741 360 3797 μενος
390 3725 542 3795 παρά
566 3723 660 3778 τοῦ
694 3720 913 3794 ἐχθροῦ,
959 3721 1155 3791 ἐπίσης
1199 3719 1381 3790 έχουσι
1411 3719 1555 3773 κατά
1583 3718 1774 3782 νώτου,

189 3822 222 3871 ὀ
249 3817 352 3889 μὲν
377 3819 466 3872 τὸν
493 3814 938 3887 διαμιλλώμενον,
970 3813 1076 3867 όοδὲ
1106 3814 1198 3866 τὸν
1221 3811 1482 3865 διώκοντα
1501 3828 1512 3841 ·
1556 3803 1700 3863 οὗτοι
1719 3809 1774 3862 δέ

191 3913 339 3964 εἰσιν
365 3911 416 3964 οἱ
441 3909 532 3978 τὸν
564 3908 658 3960 τοῦ
689 3905 992 3978 μαρτυρίου
1036 3905 1239 3976 δρόμον
1278 3903 1553 3966 ἀνύοντες,
1581 3903 1639 3954 ἐν
1665 3903 1776 3964 τοῖς

189 4001 340 4072 ὑπὲρ
379 4000 478 4071 τῆς
499 3997 788 4071 ,εὐσεϐείας
814 3997 1009 4066 ἀγῶσι,
1037 3995 1356 4064 διωκόμενοι
1401 3992 1497 4046 καὶ
1523 3992 1583 4044 ού
1613 4009 1778 4044 κατα-

191 4093 600 4165 λαμϐανόμενοι
635 4106 650 4122 ο
699 4089 843 4142 ἔοικε
879 4087 941 4140 τὸ
973 4087 1266 4156 κεφάλαιον
1305 4084 1406 4153 τῆς
1447 4084 1564 4136 κατ’
1591 4081 1779 4134 ἐλπίδα

192 4185 572 4257 προκειμένης
622 4180 1020 4253 μακαριότητος
1045 4217 1060 4242 ,
1107 4173 1218 4231 οἷόν
1252 4193 1374 4229 τινα
1426 4175 1688 4244 στέφανον
1719 4176 1778 4226 ὲν

191 4278 530 4340 τελευταίοις
571 4273 977 4344 προτεθεικέναι
1004 4271 1200 4338 λόγοις.
1253 4267 1539 4338 Μακάριόν
1565 4265 1672 4335 γὰρ
1703 4265 1778 4330 ὡς

193 4368 417 4440 ἀληθῶς
459 4367 520 4420 τὸ
559 4367 744 4419 ἕνεκεν
785 4363 881 4416 τοῦ
919 4363 1124 4433 Κυρίου
1174 4357 1486 4412 διώκεσθαι.
1539 4354 1638 4407 Διά
1681 4354 1775 4418 τίς

1947 2814 2102 2887 Beati
2139 2819 2228 2882 qui
2263 2815 2675 2882 persecutionem
2715 2815 2993 2884 patiuntur
3029 2826 3244 2886 propter
3279 2818 3445 2887 justi-

1877 2908 2029 2960 tiam.
2071 2906 2224 2961 Unde
2255 2909 2688 2977 persecutionem
2719 2909 3001 2977 patiuntur
3031 2917 3084 2963 et
3109 2925 3140 2963 a
3171 2912 3322 2980 quo?
3347 2913 3446 2966 At-

1869 3014 1982 3076 ‘que
2019 3013 2081 3054 ea
2122 2997 2362 3068 quidem,
2417 3015 2537 3068 qua:
2584 2999 2638 3052 in
2675 3007 2929 3070 promptu
2969 3001 3110 3056 ratio
3143 3013 3248 3064 est,
3297 3017 3446 3056 mar-

1875 3099 2052 3161 tyrum
2087 3089 2246 3144 nobis
2275 3088 2510 3145 stadium
2542 3089 2804 3151 ostendit,
2837 3105 2902 3145 ac
2931 3089 3054 3146 ﬁdei
3085 3106 3308 3146 cursum
3350 3093 3448 3148 de-

1875 3179 2070 3249 signat.
2101 3175 2234 3230 Nam
2257 3178 2570 3247 persecutio
2596 3179 2869 3235 currentis
2888 3179 3180 3236 vehemens
3202 3181 3442 3236 studium

1873 3270 2171 3325 celeritatis
2214 3269 2505 3338 signiﬁcat.
2546 3268 2660 3325 lmo
2693 3286 2824 3326 vero
2856 3271 3020 3325 etiam
3067 3273 3121 3326 in
3169 3273 3447 3328 currendo

1873 3361 2160 3414 victoriam
2195 3360 2434 3427 indicat;
2480 3375 2590 3415 non
2625 3361 2772 3415 enim
2815 3362 2974 3417 aliter
3004 3365 3278 3419 currendo
3322 3366 3448 3436 quis

1875 3453 2096 3508 vincere
2125 3459 2323 3522 potest,
2355 3451 2461 3506 nisi
2494 3462 2617 3521 post
2642 3468 2702 3506 se
2729 3453 3014 3524 reliquerit
3039 3470 3187 3521 eum,
3245 3457 3338 3526 qui
3372 3455 3449 3510 si-

1875 3546 1992 3600 mul
2024 3544 2218 3599 currit.
2270 3543 2540 3610 Quoniam
2575 3545 2742 3614 igitur
2769 3552 2823 3599 et
2855 3545 2902 3600 is
2934 3545 3026 3615 qui
3064 3544 3132 3599 ad
3164 3547 3446 3616 praemium

1876 3650 2126 3702 supernae
2163 3636 2466 3690 vocationis
2511 3636 2709 3699 currit,
2757 3645 2810 3690 et
2839 3635 2888 3691 is
2911 3635 3006 3704 qui
3037 3645 3262 3706 propter
3310 3653 3449 3706 pra:-

1878 3721 2045 3774 rnium
2072 3719 2141 3775 ab
2166 3721 2389 3776 inimico
2411 3724 2740 3793 exagitator,
2773 3723 2978 3792 pariter
3000 3739 3029 3776 a
3056 3733 3208 3795 tergo
3225 3725 3444 3792 habent,

1878 3810 1970 3866 ille
2009 3811 2228 3882 quidem
2263 3813 2332 3868 de
2361 3815 2587 3882 praemio
2623 3815 2786 3870 simul
2831 3821 3154 3880 certantem,
3197 3816 3286 3870 hic
3317 3832 3448 3870 vero

1878 3913 2294 3973 persequentem
2342 3905 2426 3975 (hi
2472 3915 2652 3960 autem
2703 3915 2854 3970 sunt,
2899 3909 2992 3977 qui
3039 3911 3284 3979 martyrii
3316 3927 3447 3963 cur-

1879 4011 2023 4058 sum,
2067 3995 2121 4048 in
2153 3998 2544 4052 certaminibus
2585 4013 2682 4068 pro
2721 3999 2916 4068 pietate
2950 4001 3240 4070 susceptis,
3277 4003 3449 4058 conti-

1879 4088 2052 4149 ciunt,
2102 4103 2240 4156 quos
2268 4088 2474 4142 inimici
2505 4089 2722 4158 quidem
2755 4099 3180 4160 persequuntur,
3212 4093 3304 4148 sed
3337 4108 3450 4150 non

1880 4179 2282 4249 assequuntur)
2328 4218 2344 4241 ,
2396 4180 2610 4237 videtur
2648 4189 2812 4252 caput
2849 4189 2904 4235 et
2948 4195 3220 4236 summam
3261 4184 3317 4238 in
3353 4199 3450 4252 spe

1881 4271 2174 4339 preposita:
2229 4270 2607 4334 beatitudinis,
2652 4269 2820 4326 veluti
2855 4285 3114 4325 coronam
3154 4275 3447 4342 quamdam

1880 4361 1935 4416 in
1967 4361 2259 4433 postremis
2291 4363 2650 4432 proposuisse
2679 4361 2878 4417 verbis.
2911 4361 3044 4417 Nam
3087 4379 3275 4420 revera
3320 4366 3450 4420 bea-

197 4464 328 4516 Ὄτι
367 4461 430 4514 τὸ
465 4460 613 4529 παρά
647 4456 742 4511 τοῦ
775 4457 948 4510 κακοῦ
982 4452 1356 4516 ὲκδιώκεσθαι,
1396 4452 1570 4502 αἴτιον
1607 4449 1666 4500 ὲν
1699 4445 1769 4515 τῷ

1882 4459 1995 4504 tum
2055 4458 2139 4504 est
2201 4459 2424 4521 propter
2477 4449 2762 4506 Dominum
2815 4452 2927 4523 pati
2990 4456 3446 4524 persecutionem.

196 4553 394 4624 ἀγαθῷ
447 4553 698 4622 γενέσθαι
745 4549 1086 4602 καθίσταται.
1149 4545 1216 4598 Ἦ
1263 4544 1370 4614 γὰρ
1410 4541 1502 4596 τοῦ
1538 4539 1775 4611 πονηροῦ

196 4647 578 4716 ἅλλοτρίωσις,
609 4643 708 4713 τῆς
733 4641 868 4712 πρὸς
901 4640 960 4692 τὸ
982 4638 1186 4707 ἀγαθὸν
1217 4634 1537 4698 οίκειώσεως
1557 4631 1778 4704 ἀφορμὴ

197 4745 415 4812 γίνεται
442 4753 455 4766 ·
509 4734 710 4804 ἀγαθὸν
752 4733 808 4786 δὲ
863 4733 956 4785 καὶ
1001 4729 1202 4792 παντὸς
1247 4727 1452 4797 ἀγαθοῦ
1503 4726 1776 4788 ἐπέκεινα,

197 4835 366 4895 αὐτὸς
409 4831 438 4882 ὁ
486 4827 712 4898 Κύριος,
760 4825 894 4894 πρὸς
939 4823 998 4875 ὃν
1035 4821 1322 4892 ἀνατρέχει
1365 4821 1394 4872 ὁ
1432 4817 1778 4887 διωκόμενος.

199 4920 416 4976 Οὐκοῦν
469 4917 736 4987 μακάριος
769 4915 843 4978 ὼς
869 4911 1104 4984 ἀληθῶς,
1147 4913 1175 4965 ό
1207 4907 1451 4980 συνεργῷ
1491 4908 1569 4979 τῷ
1601 4905 1781 4978 ἐχθρῷ

200 5013 343 5082 πρὸς
373 5009 435 5063 τὸ
473 5006 670 5076 ἀγαθὸν
711 5006 1009 5075 χρώμενος.
1068 5001 1288 5071 Ἐπειδὴ
1315 4999 1425 5069 γὰρ
1458 5001 1516 5052 ἐν
1547 4996 1782 5069 μεθορίῳ

199 5107 384 5160 κεῖται
425 5100 518 5154 τοῦ
569 5096 776 5166 ἀγαθοῦ
823 5095 919 5148 καὶ
961 5091 1056 5147 τοῦ
1101 5092 1340 5164 χείρονος
1385 5092 1419 5160 ή
1465 5088 1781 5158 ἀνθρωπίνη

203 5197 344 5266 ζωὴ,
390 5193 578 5263 ὥσπερ
626 5191 655 5243 ό
686 5190 784 5259 τῆς
830 5186 1042 5256 ἀγαθῆς
1093 5202 1152 5238 τε
1192 5189 1290 5238 καὶ
1329 5182 1540 5253 ὑψηλῆς
1570 5180 1782 5241 ἐλπίδος

202 5285 598 5356 ἁπολισθήσας,
639 5283 697 5334 ὲν
725 5279 802 5350 τῷ
837 5277 1095 5350 βαράθρῳ
1127 5276 1336 5344 γίνεται
1361 5291 1378 5306 ·
1425 5273 1594 5334 οὕτως
1624 5272 1653 5323 ό
1685 5273 1782 5340 τῆς

205 5376 487 5449 ἁμαρτίας
511 5371 866 5445 ἀπῳκισθεὶς,
897 5369 1114 5437 καὶτῆς
1147 5365 1351 5436 φθορᾶς
1378 5360 1779 5432 ἀλλοτριωθεὶς,

201 5470 552 5536 δικαιοσύνην
577 5483 636 5518 τε
670 5465 762 5518 καὶ
784 5461 1090 5532 ἀφθαρσίαν
1123 5459 1464 5528 μετέρχεται.
1499 5453 1660 5505 Ὥστε
1687 5453 1784 5520 τῆς

203 5563 360 5630 παρὰ
383 5559 492 5612 τῶν
529 5558 806 5627 τυράννων
841 5553 1132 5623 γινομένης
1165 5549 1306 5603 κατά
1342 5545 1452 5598 τῶν
1490 5541 1782 5614 μαρτύρων

204 5652 442 5718 διώξεως
469 5693 482 5714 ,
529 5650 589 5702 τὸ
625 5649 723 5720 μὲν
772 5645 908 5709 εἶδος
952 5644 1092 5698 κατὰ
1137 5643 1198 5695 τὸ
1237 5639 1541 5712 προχείρως
1594 5635 1780 5704 φαινό-

211 5761 394 5817 μενον,
420 5742 665 5813 ἀλγεινὸν
691 5736 828 5796 εἶναι
865 5741 929 5810 τῇ
969 5736 1216 5806 αίσθήσει
1238 5751 1252 5764 ο
1294 5735 1322 5786 ὁ
1354 5731 1409 5784 δὲ
1444 5727 1642 5791 σκοπὸς
1675 5725 1782 5780 τῶν

1881 4541 2104 4608 Quare?
2145 4542 2272 4611 quia
2314 4558 2344 4596 a
2375 4541 2519 4596 malo
2562 4542 2850 4612 exagitari,
2890 4559 3055 4600 causa
3095 4545 3222 4600 boni
3273 4548 3451 4615 adipi-

1881 4633 2069 4687 scendi
2119 4632 2208 4700 ﬁt;
2268 4649 2394 4688 nam
2449 4634 2774 4689 abalienatio
2826 4644 2990 4705 atque
3041 4635 3230 4690 vitatio
3296 4638 3448 4700 mali,

1881 4724 2008 4778 boni
2057 4725 2457 4780 conciliationis
2501 4726 2720 4780 occasio
2769 4725 2860 4780 ﬁt:
2920 4727 3122 4780 bonum
3157 4725 3352 4782 'autem
3396 4737 3451 4783 et

1883 4829 2046 4883 supra
2085 4829 2246 4867 omne
2296 4815 2497 4868 bonum
2547 4815 2665 4884 ipse
2709 4813 2972 4869 Dominus
3015 4823 3120 4876 est,
3175 4813 3242 4868 ad
3288 4831 3449 4885 quem

1882 4920 2048 4958 cursu
2077 4905 2382 4969 contendit,
2426 4905 2518 4973 qui
2557 4905 2990 4974 persecutionem
3023 4906 3227 4973 patitur
3251 4913 3306 4958 et
3336 4905 3450 4974 agi-

1867 5003 2050 5054 .tatur.
2089 4991 2230 5061 Ergo
2261 5008 2450 5048 revera
2489 4993 2678 5046 beatus
2709 5001 2812 5053 est,
2845 4993 2938 5062 qui
2985 4991 3208 5044 inimico
3247 4990 3314 5043 ad
3350 4991 3450 5044 ho-

1882 5101 2014 5138 num
2063 5085 2236 5138 utitur
2276 5083 2541 5151 adjutore.
2601 5083 2869 5149 Quoniam
2919 5082 3065 5137 enim
3108 5084 3164 5134 in
3213 5079 3452 5136 conﬁnio

1882 5177 2010 5230 boni
2042 5185 2096 5231 et
2122 5175 2253 5229 mali
2279 5175 2514 5228 humana
2544 5175 2654 5228 vita
2687 5174 2862 5243 posita
2887 5181 2990 5236 est,
3021 5171 3165 5226 sicut
3195 5171 3262 5236 is,
3295 5171 3389 5242 qui
3421 5186 3452 5224 a

1885 5267 2102 5321 sublimi
2134 5282 2231 5336 spe
2257 5265 2510 5335 delapsus
2537 5276 2642 5330 est,
2677 5266 2732 5318 in
2761 5264 3022 5318 barathro
3057 5271 3339 5317 versatur:
3377 5262 3452 5315 ita

1883 5361 1974 5430 qui
2007 5376 2036 5413 a
2069 5367 2293 5428 peccato
2329 5366 2590 5420 remotus,
2636 5367 2688 5411 et
2731 5371 2760 5408 a
2803 5354 3152 5423 corruptione
3184 5355 3453 5406 alienatus

1883 5459 1988 5514 est,
2021 5450 2086 5505 ad
2115 5451 2385 5519 justitiam
2436 5449 2640 5519 pariter
2667 5454 2721 5501 ct
2749 5445 3316 5514 incorruptibilitatem
3362 5457 3454 5495 ac-

1883 5543 2046 5596 cedit.
2092 5542 2276 5612 ltaque
2317 5539 2734 5612 persecutionis,
2775 5551 2881 5607 qua
2913 5545 3179 5606 martyres
3219 5549 3246 5587 a
3275 5542 3456 5604 tyran-

1885 5635 1970 5688 nis
2022 5635 2318 5704 agitantur,
2364 5633 2580 5703 species
2613 5630 2828 5702 quidem
2866 5640 3026 5698 prout
3055 5626 3227 5696 prima
3275 5623 3454 5679 fronte

1886 5735 2127 5794 apparet,
2181 5725 2368 5781 sensui
2423 5723 2616 5778 acerba
2662 5735 2786 5777 esse
2829 5719 3066 5786 videtur,
3106 5716 3202 5773 sal
3251 5715 3298 5771 id
3343 5727 3454 5785 quo
