3838 6220
411 294 552 352 5995

1641 284 1699 339 S.
1751 280 2081 340 GREGORII
2137 279 2437 338 NYSSENI

3520 283 3650 336 1296

410 421 659 486 spectant
681 427 744 468 ea
767 425 888 484 quae
910 409 1066 475 fiunt,
1083 423 1301 464 omnem
1323 406 1715 462 beatitudinem
1736 412 1975 476 supcrat.

2093 403 2412 474 γινομένων,
2451 401 2769 474 ὑπερϐαίνει
2809 404 2988 456 πᾶσαν
3023 400 3419 472 μακαριότητα.
3462 400 3653 471 Κρεῖτο

411 505 765 560 L‘omm‘odius
819 496 1013 556 autem
1043 499 1208 554 fuerit
1252 513 1352 552 nos
1399 513 1495 567 per
1525 497 1772 565 exempla
1823 504 1985 564 atque

411 595 800 653 similitudines
835 591 1160 647 sententiam
1209 589 1643 644 animadvertere
1687 585 1981 643 sermonis.

409 689 546 756 Quis
601 688 836 758 ignorat,
890 691 1099 755 quanto
1145 682 1368 752 gravius
1409 689 1464 735 et
1523 680 1809 733 molestius
1863 690 1986 731 esse

391 782 705 850 'judicctur,
749 777 964 832 insidiis
1011 776 1142 846 peti,
1197 790 1360 846 quam
1407 773 1595 843 diligi?
1647 772 1751 824 hoc
1801 778 1984 822 tamen

413 873 554 944 quod
587 873 875 925 molestum
903 883 1027 924 esse
1054 868 1287 930 videtur,
1331 881 1475 934 sa-pe
1507 865 1671 918 etiam
1707 861 1987 916 felicitatis

316 975 319 978 '
415 979 510 1033 per
545 962 684 1015 hanc
714 962 879 1014 vitam
909 974 1074 1012 causa
1109 959 1297 1012 multis
1329 957 1565 1018 exsistit,
1603 953 1766 1023 quale
1797 953 1863 1008 de
1890 950 1986 1005 Jo-

414 1053 585 1122 scpho
635 1051 916 1121 St'riptura
972 1050 1196 1112 indicat,
1229 1050 1319 1117 qui
1368 1062 1399 1101 a
1446 1046 1713 1102 fratribus
1766 1044 1987 1098 insidiis

417 1145 640 1213 petitus,
685 1151 739 1194 et
771 1145 836 1194 ab
874 1143 1087 1194 illorttm
1123 1141 1374 1194 convictu
1429 1145 1592 1208 atque
1626 1135 1988 1191 cantuberuio

417 1246 677 1299 remotus,
711 1251 806 1306 per
850 1236 1218 1289 venditionem
1256 1249 1348 1288 rex
1379 1246 1593 1296 eorum,
1633 1243 1869 1300 quorum
1904 1228 1989 1281 in-

414 1329 570 1383 sidiis
608 1329 810 1398 petitus
836 1334 975 1390 erat,
1009 1325 1332 1395 designatus
1355 1333 1474 1378 est:
1510 1322 1741 1377 forsitan
1771 1320 1837 1374 ad
1865 1329 1988 1375 tan-

414 1431 522 1472 tam
562 1419 882 1488 dignitatem
917 1432 1025 1470 non
1053 1430 1469 1488 progressurus.
1508 1414 1610 1467 nisi
1645 1411 1851 1466 invidia
1891 1425 1988 1482 per

413 1511 643 1568 insidias
670 1511 791 1565 illas
823 1509 925 1563 iter
955 1509 1022 1562 ad
1055 1522 1283 1579 regnum
1313 1505 1682 1578 patefecisset.
1711 1502 1989 1570 Quemad-

416 1601 634 1655 modum
671 1601 836 1672 igitur
879 1603 928 1654 si
962 1600 1087 1668 quis
1127 1599 1293 1652 futuri
1339 1597 1567 1654 scientia
1605 1594 1864 1665 praeditus
1895 1591 1990 1645 Jo-

415 1696 584 1762 sepho
643 1679 1008 1762 pra‘diiissct,
1067 1690 1282 1744 insidiis
1338 1690 1542 1759 petitus
1604 1688 1798 1742 beatus
1850 1685 1983 1750 eris,

417 1789 591 1855 prima
633 1785 812 1839 fronte
854 1783 1136 1839 credibilia
1171 1782 1354 1838 dicere
1399 1781 1663 1843 audienti,
1717 1786 1773 1834 et
1819 1778 1884 1832 ad
1936 1777 1986 1830 id

2093 1788 2228 1859 πρὸς
2273 1787 2333 1842 τὸ
2382 1785 2723 1857 παραχρῆμα
2763 1784 3006 1854 λυπηρὸν
3046 1783 3241 1853 δρῶντι
3281 1799 3297 1813 ·

414 1876 558 1944 quod
613 1875 668 1930 in
703 1875 994 1945 praesentia
1025 1873 1280 1928 acerbum
1328 1881 1436 1934 est,
1490 1869 1829 1942 respicienti.
1875 1883 1986 1922 non

415 1967 692 2020 videretur
735 1967 878 2036 (non
909 1964 1056 2018 enim
1099 1963 1214 2016 fieri
1266 1976 1432 2031 posse
1471 1969 1708 2032 putaret,
1757 1966 1817 2013 ut
1859 1957 1988 2012 mali

416 2057 676 2128 propositi
705 2057 879 2109 bonus
911 2054 1291 2124 designaretur
1318 2050 1698 2122 eventus):ita
1731 2049 1988 2104 nimirum

415 2153 578 2206 etiam
613 2151 700 2204 hic
743 2165 866 2203 cum
924 2145 1256 2215 persecutio,
1302 2158 1408 2214 qua
1445 2142 1629 2197 fideles
1674 2157 1705 2196 a
1741 2139 1992 2211 tyrannis

416 2245 711 2314 agitantur,
741 2241 969 2294 multum
990 2238 1147 2308 juxta
1173 2251 1397 2291 sensum
1423 2235 1742 2290 acerbitatis
1770 2234 1988 2294 habeat,

414 2335 606 2399 et’ticit,
661 2342 719 2386 ut
756 2332 926 2386 abiis
971 2329 1064 2400 qui
1105 2332 1257 2384 carni
1315 2327 1478 2398 paulo
1533 2326 1708 2396 magis
1758 2322 1986 2380 obnoxii

416 2435 567 2487 sunt,
595 2440 657 2481 ea
685 2437 805 2495 qua:
835 2438 930 2494 per
958 2437 1048 2477 res
1090 2435 1316 2490 asperas
1347 2428 1403 2474 et
1435 2419 1660 2473 acerbas
1689 2416 1824 2487 ipsis
1856 2431 1994 2486 pro-

417 2518 594 2590 posita
627 2527 731 2582 est,
765 2517 917 2586 regni
953 2530 1078 2584 spes
1116 2512 1260 2566 haud
1301 2512 1457 2566 facile
1479 2511 1798 2565 admittatur
1831 2515 1994 2578 atque

418 2611 700 2682 probetur.
736 2607 842 2662 Sed
882 2606 1146 2661 Dominus
1175 2612 1382 2658 natura:
1411 2603 1544 2657 vitio
1569 2601 1828 2671 despecto
1858 2615 1996 2673 prae-

419 2699 552 2754 dicit
620 2697 1036 2756 infirmioribus,
1101 2695 1280 2764 qualis
1355 2691 1611 2746 laboriosi
1671 2691 1995 2746 certaminis

420 2801 646 2847 eventus
676 2792 768 2852 sit,
822 2798 876 2842 ut
917 2803 1013 2858 spe
1053 2787 1201 2856 regni
1249 2786 1628 2856 temporalium
1682 2799 1862 2838 rerum
1896 2783 1995 2836 ad-

422 2897 702 2937 versarum
735 2893 959 2933 sensum
999 2875 1159 2929 facile
1185 2873 1493 2928 devincant.
1527 2871 1737 2926 idcirco
1767 2884 1997 2937 magnus

425 2975 514 3027 ille
562 2969 872 3041 Stephanus
921 2966 1122 3036 gaudet
1177 2964 1451 3034 lapidibus
1496 2962 1737 3031 undique
1771 2961 1996 3031 petitus,

424 3080 487 3117 ac
516 3062 680 3116 veluti
721 3075 942 3115 suavem
965 3056 1257 3127 quemdam
1291 3069 1470 3110 rorem
1497 3054 1723 3108 crebros
1757 3052 1994 3122 lapidum

425 3160 586 3218 ictus,
621 3155 676 3208 in
711 3151 930 3206 modum
964 3151 1258 3203 ﬂoccorum
1294 3148 1435 3201 nivis
1469 3146 1850 3207 incidentium,
1879 3158 2000 3197 cor-

425 3266 557 3321 pore
601 3245 796 3318 cupide
840 3243 1065 3312 excipit,
1123 3257 1187 3294 ae
1238 3240 1710 3295 benedictionibus
1757 3236 1999 3292 nefarios

431 3342 734 3396 homicidas
764 3338 1134 3407 prosequitur,
1171 3349 1270 3404 pro
1304 3334 1389 3388 his
1417 3333 1555 3403 ipsis
1599 3347 1666 3387 ne
1715 3341 1997 3402 peccatum

429 3437 529 3487 hoc
558 3435 638 3487 eis
669 3432 1050 3500 imputaretur,
1081 3441 1270 3488 orans,
1303 3424 1562 3495 quoniam
1593 3434 1646 3480 et
1680 3423 2001 3493 promissio-

430 3539 553 3578 nem
585 3521 884 3582 audiverat,
926 3525 980 3572 et
1020 3533 1169 3586 spem
1199 3531 1324 3570 cum
1361 3516 1448 3580 iis,
1492 3530 1612 3586 quae
1641 3516 1998 3593 apparebant,

429 3629 729 3684 congruere.
757 3619 811 3666 et
843 3610 1136 3664 convenire
1167 3607 1414 3663 videbat.
1450 3607 1583 3664 Nam
1603 3623 1727 3662 cum
1757 3607 2002 3663 audisset

430 3723 546 3769 eos,
605 3705 697 3776 qui
749 3711 970 3774 propter
1021 3700 1308 3754 Dominum
1365 3700 1798 3771 persecutionem
1855 3700 2001 3772 passi

431 3808 636 3863 issent,
695 3799 748 3850 in
786 3812 955 3866 regno
993 3795 1258 3848 cwlorum
1311 3802 1627 3848 vei-saturos
1670 3808 1814 3857 esse,
1869 3791 2000 3848 dum

433 3890 867 3963 persecutionem
900 3893 1197 3957 pateretur,
1233 3885 1368 3939 vidit
1397 3885 1447 3938 id
1475 3884 1618 3954 quod
1643 3885 1998 3954 sperabatur:

432 3980 672 4034 currenti
713 3978 856 4033 enim
893 3977 941 4030 ei
984 3992 1077 4046 per
1105 3976 1529 4041 confessionem,
1563 3974 1710 4047 quod
1746 3975 2005 4047 speraba-
2053 3985 2056 3989 ‘

436 4087 544 4137 tttt',
582 4069 918 4132 ostenditur,
951 4069 1150 4122 emtum
1177 4077 1451 4138 apertum,
1507 4067 1690 4122 divina
1719 4069 1892 4140 gloria
1936 4070 1990 4124 ad

2109 4076 2507 4147 ἀγωνιζόμενον
2556 4076 2874 4147 συμμαχίαν
2908 4075 3210 4145 παραδηλοῖ
3240 4073 3308 4126 δι’
3339 4073 3692 4142 αἰνίγματος,

2048 4179 2070 4238 ‘_'-.
2107 4169 2183 4233 ὡς
2225 4169 2290 4223 ἂν
2331 4169 2420 4223 διὰ
2459 4168 2651 4222 τούτου
2685 4168 2948 4238 μάθοιμεν
2976 4168 3064 4219 τὸν
3108 4165 3266 4220 αὐτὸν
3301 4161 3442 4218 εἶναι
3474 4166 3572 4217 καὶ
3598 4165 3694 4218 τὸν

435 4257 780 4325 despectans,
819 4251 907 4305 ille
953 4251 1092 4320 ipse,
1125 4251 1216 4320 qui
1251 4251 1306 4304 in
1348 4252 1746 4307 certaminibus
1788 4254 2005 4308 athleta:
2048 4234 2072 4262 δ’

437 4173 711 4219 certamen
771 4162 1045 4215 currentis
1096 4161 1164 4215 de
1225 4160 1690 4230 supramundauis
1754 4162 2005 4231 partibus

438 4346 750 4401 testimonio
792 4344 1120 4399 celebratur.
1151 4341 1284 4396 Nam
1327 4344 1671 4414 praesidentis
1715 4348 2003 4406 certamini

2083 513 2173 548 τον
2205 496 2250 548 δ’
2278 496 2344 550 ἂν
2371 499 2458 566 εἴη
2485 496 2550 548 δι’
2584 495 2998 566 ὑποδειγμάτων
3031 495 3177 564 ἡμᾶς
3215 492 3310 546 τοῦ
3340 492 3501 561 λόγου
3531 510 3656 544 κατ-

2087 586 2216 640 ιδεῖν
2237 587 2337 658 τὴν
2368 588 2628 642 διάνοιαν.
2658 587 2754 651 Τίς
2779 587 2878 639 οὐκ
2909 582 3066 652 οἶδεν,
3097 587 3205 655 ὅσῳ
3232 583 3327 637 τοῦ
3347 582 3658 645 ἀγαπᾶσθαι

2083 680 2146 732 τὸ
2169 679 2616 733 ἐπιὸουλεύεσθαι
2638 679 3016 750 χαλεπώτερον
3046 678 3296 748 κέκριται
3316 694 3332 744 ;
3349 681 3526 737 Τοῦτο
3550 681 3664 751 μέν-

2084 788 2167 824 τοι
2210 772 2467 836 πολλάκις
2509 773 2571 826 τὸ
2602 771 2792 826 δοκοῦν
2831 771 3086 842 χαλεπὸν,
3131 772 3226 826 καὶ
3260 772 3360 840 τῆς
3407 770 3550 823 κατά
3573 770 3658 820 τὸν

2087 862 2200 934 βίον
2228 863 2414 918 τοῦτον
2453 864 2749 935 εὖκληρίας
2784 863 2995 926 πολλοῖς
3042 862 3216 916 αἴτιον
3258 861 3506 929 γίνεται,
3553 855 3659 912 οἷον

2087 956 2215 1026 περὶ
2244 954 2336 1008 τοῦ
2386 956 2582 1024 Ἰωσὴφ
2611 958 2640 1008 ό
2667 955 2824 1024 λόγος
2853 953 3208 1008 ἐνδείκνυται·
3256 953 3315 1014 ὃς
3349 951 3634 1006 ἐπιδουλευ

2087 1047 2199 1110 θεὶς
2233 1047 2383 1118 παρά
2423 1047 2531 1100 τῶν
2577 1045 2840 1114 ἀδελφῶν,
2890 1045 2984 1097 καὶ
3023 1045 3121 1114 τῆς
3169 1044 3286 1114 μετ’
3320 1042 3504 1096 αὐτῶν
3538 1059 3661 1094 συν-

2085 1139 2360 1207 διαγωγῆς
2393 1138 2706 1200 ἀπελαθεὶς,
2742 1137 2827 1190 διὰ
2867 1138 2968 1204 τῆς
2997 1137 3248 1205 πράσεως
3280 1135 3535 1204 βασιλεὺς
3568 1136 3659 1187 ἀν-

2087 1230 2299 1301 εδείχθη
2324 1229 2432 1281 τῶν
2461 1227 3013 1290 ὲπιῦεόουλευκότων,
3047 1226 3148 1280 οὐκ
3181 1227 3245 1278 ἂν
3291 1226 3423 1288 ἴσως
3471 1225 3664 1292 προελο

2087 1325 2194 1378 θὼν
2244 1325 2336 1378 ἐπὶΙ
2381 1323 2442 1376 τὺ
2481 1321 2798 1394 τηλικοῦτον
2831 1321 3066 1390 ἀξίωμα.
3110 1319 3184 1390 μὴ
3226 1318 3320 1371 τοῦ
3353 1317 3550 1386 φθόνου
3578 1313 3665 1368 διὰ

2087 1419 2185 1488 τῆς
2215 1417 2504 1487 ἐπιϐουλῆς
2535 1417 2748 1486 ἐκείνης
2787 1415 2885 1487 τὴν
2919 1415 3192 1485 βασιλείαν
3227 1414 3662 1481 ὁδοποιήσαντος.

2088 1511 2299 1580 Ὠσπερ
2321 1510 2499 1569 τοίνυν
2529 1509 2582 1561 εἶ
2614 1525 2697 1570 τις
2727 1507 2822 1561 τοῦ
2845 1507 3127 1578 μέλλοντος
3155 1505 3249 1576 τὴν
3275 1505 3477 1573 γνῶσιν
3504 1503 3665 1574 ἔχων,

2086 1604 2315 1672 προεῖπε
2343 1601 2420 1672 τῷ
2457 1598 3210 1672 ’1ωσὴφ,ὂτιἘπιϐουλευθεὶς
3247 1597 3518 1668 μακάριος
3544 1598 3665 1667 ἔσῃ,

2087 1696 2187 1748 οὐκ
2208 1693 2274 1748 ἂν
2301 1697 2366 1748 ἐκ
2390 1693 2483 1748 τοῦ
2512 1693 2803 1765 προχείρου
2829 1691 3053 1754 πιθανὸς
3096 1690 3241 1756 ἔδοξε
3277 1689 3356 1760 τῷ
3390 1687 3667 1747 ἀκούοντι,

3346 1781 3408 1833 οὐ
3459 1781 3571 1851 γὰρ
3604 1781 3669 1832 ἂν

2087 1875 2242 1946 ᾠήθη
2269 1874 2490 1930 δυνατὸν
2533 1871 2670 1928 εἶναι
2699 1873 2873 1943 κακῆς
2905 1873 3273 1944 προαιρέσεως
3301 1869 3507 1937 ἀγαθὸν
3537 1871 3673 1923 ἀνα-

2086 1966 2361 2037 δειχθῆναι
2385 1965 2448 2019 τδ
2473 1965 2642 2036 πέρας
2673 1980 2689 1996 ο
2737 1965 2883 2018 οὓτω
2911 1961 2975 2034 δὴ
3003 1964 3097 2016 καί⁵
3126 1961 3356 2016 ἐνταῦθα
3384 1963 3412 2015 ὁ
3436 1961 3548 2016 τῶν
3579 1979 3672 2013 τη.)-

2086 2056 2299 2132 νράννων
2323 2061 2436 2123 τοῖς
2465 2062 2674 2122 πιστοῖς
2701 2059 3038 2129 ἐπαγόμενος
3059 2055 3318 2126 διωγμὸς,
3350 2056 3488 2110 πολὺ
3527 2055 3672 2109 κατά

2090 2152 2190 2222 τὴν
2217 2151 2464 2222 αἴσθησιν
2491 2150 2552 2203 τὸ
2583 2149 2828 2216 ἀλγεινὸν
2857 2149 3016 2220 ἔχων,
3057 2149 3500 2220 δυσωράδεκτον
3525 2153 3674 2204 ποιεῖ

2090 2245 2202 2305 τοῖς
2262 2241 2722 2312 σαρκωδεστέροις
2769 2241 2868 2312 τὴν
2913 2240 3004 2294 διὰ
3038 2240 3146 2294 τῶν
3186 2240 3453 2306 ἀλγεινῶν
3488 2242 3674 2303 αὐτοῖς

2093 2332 2458 2404 προκειμένην
2483 2333 2582 2403 τῆς
2613 2331 2889 2403 βασιλείας
2916 2331 3104 2385 ἐλπίδα
3123 2349 3137 2362 °
3176 2333 3292 2388 ἀλλ’
3324 2335 3356 2386 ὁ
3379 2333 3586 2404 Κύριος
3611 2333 3678 2385 τὸ

2094 2424 2293 2494 σαθρὸν
2342 2422 2611 2496 ὑπεριδὼν
2659 2425 2758 2492 τῆς
2816 2423 3032 2493 φύσεως
3055 2465 3071 2490 ,
3127 2426 3516 2496 προαναφωνεϊ
3559 2426 3674 2487 τοῖς

2093 2515 2520 2585 ἀσθενεστέροις,
2562 2509 2672 2568 οἶόν
2705 2517 2820 2568 ἐστι
2846 2515 2946 2585 τῆς
2990 2516 3228 2584 ἀγωνίας
3259 2516 3322 2568 τὺ
3360 2517 3555 2586 πέρας,
3589 2517 3676 2567 ἵνα

2093 2612 2160 2680 τῇ
2179 2609 2278 2678 τῆς
2308 2607 2578 2682 βασιλείας
2605 2608 2778 2662 ἐλπίδι
2801 2607 2899 2679 τὴν
2923 2609 3256 2680 πρόσκαιρον
3279 2609 3387 2662 τῶν
3410 2608 3679 2676 ἀλγεινῶν

2095 2699 2347 2771 αἴσθησιν
2377 2699 2614 2765 εὐκόλως
2646 2699 3144 2754 καταπαλαίσωσιν.
3180 2699 3278 2758 Διά
3303 2699 3465 2753 τοῦτο
3492 2701 3679 2770 χαίρει

2093 2795 2123 2845 ό
2155 2793 2328 2862 μέγας
2370 2792 2641 2862 Στέφανος
2675 2791 2860 2864 κύκλῳ
2891 2791 3406 2862 καταλιθαζόμενος,
3439 2794 3535 2848 καὶ
3562 2787 3682 2845 οἷόν

2095 2900 2218 2936 τινα
2243 2883 2428 2954 δρόσον
2456 2884 2637 2953 ἡδεῖαν
2664 2882 2960 2956 προθύμως
2985 2883 3062 2954 τῷ
3090 2882 3298 2954 σώματι
3331 2884 3544 2954 δέχεται
3579 2885 3680 2947 τὰς

2097 2974 2432 3044 ἐπαλλήλους
2460 2974 2570 3028 τῶν
2609 2975 2773 3030 λίθων
2806 2975 3056 3044 νιφάδας,
3094 2976 3188 3029 καὶ
3229 2975 3504 3044 εὐλογίαις
3551 2979 3679 3040 τοὺς

2024 3103 2066 3158 C
2103 3067 2519 3137 μιαιφονοῦντας
2561 3066 2869 3139 ἀμείϐεται,
2913 3068 2989 3140 μὴ
3034 3069 3222 3138 στῆναι
3261 3067 3361 3140 τὴν
3400 3070 3682 3141 ἁμαρτίαν

2098 3159 2310 3223 τούτοις
2351 3159 2534 3223 αὐτοῖς
2571 3160 2968 3231 ἐπευχόμενος·
3018 3159 3203 3230 ἐπειδὴ
3233 3163 3327 3214 καὶ
3365 3162 3465 3232 τῆς
3507 3163 3681 3228 ἐπαγ-

2100 3250 2286 3318 γελίας
2317 3250 2538 3322 ῆκουσε,
2585 3251 2678 3304 καὶ
2706 3249 2803 3322 τὴν
2833 3250 3021 3304 ἐλπίδα
3045 3254 3156 3314 τοῖς
3187 3252 3534 3322 φαινομένοις
3575 3249 3680 3305 εἶδε

2103 3342 2524 3412 συμϐαίνουσαν.
2563 3343 2652 3396 Ἐν
2675 3343 2922 3416 βασιλείᾳ
2948 3345 3054 3415 γὰρ
3079 3343 3326 3415 οὐρανῶν
3346 3345 3476 3408 τοὺς
3493 3344 3684 3397 ἕνεκεν

2100 3433 2194 3486 τοῦ
2225 3435 2430 3504 Κυρίου
2455 3435 2846 3505 δεδιωγμένους
2889 3435 3127 3499 ἀκούσας
3168 3436 3444 3503 γενέσθαι,
3476 3431 3587 3489 εἶδε
3622 3438 3682 3489 τὸ

2103 3524 2569 3597 προσδοκώμενον,
2606 3527 2663 3579 ὲν
2689 3520 2734 3594 ᾧ
2761 3526 3031 3582 ἐδιώκετο.
3073 3527 3336 3598 Τρέχοντι
3378 3527 3490 3598 γὰρ
3529 3527 3689 3597 αὐτῷ

2102 3617 2188 3671 διὰ
2214 3617 2315 3686 τῆς
2343 3617 2648 3688 ὁμολογίας,
2680 3618 2741 3670 τὸ
2767 3618 3116 3688 ἐλπιζόμενον
3137 3616 3429 3680 δείκνυται,
3454 3617 3686 3687 ούρανδς

2103 3711 2469 3781 ἀνοιγόμενος,
2505 3711 2539 3780 ἡ
2585 3708 2705 3762 θεία
2748 3708 2873 3775 δόξα
2917 3709 3053 3780 πρὸς
3092 3708 3183 3761 τὸν
3215 3707 3401 3775 ἀγῶνα
3431 3707 3525 3761 τοῦ
3556 3709 3687 3778 τρέε

2105 3819 2290 3874 χοντος
2332 3803 2396 3854 ὲκ
2438 3802 2536 3872 τῆς
2564 3801 2936 3874 ὑπερκοσμίου
2982 3800 3190 3870 λήξεως
3229 3799 3686 3861 κατακύπτουοτι,

2106 3891 2268 3956 αὐτὸς
2299 3893 2328 3944 ὁ
2370 3895 2428 3945 ἐν
2456 3894 2568 3954 τοῖς
2619 3890 2827 3960 ἀγῶσιν
2859 3890 2964 3943 ὑπὸ
2987 3889 3077 3943 τοῦ
3109 3889 3340 3960 ἀθλητοῦ
3378 3890 3695 3960 μαρτυρού-

2110 4002 2289 4056 μενος.
2327 3986 2396 4038 Ἦ
2422 3985 2534 4055 γὰρ
2565 3984 2658 4037 τοῦ
2691 3982 3028 4052 ἀγωνοθέτου
3064 3982 3250 4045 στάσις
3282 3983 3383 4052 τὴν
3421 3981 3562 4052 πρὸς
3595 3982 3694 4035 τὶν

2109 4258 2415 4313 διατιθέντα
2441 4259 2567 4322 τοὺς
2598 4258 2811 4322 ἄθλους,
2836 4259 2930 4311 καὶ
2955 4257 3044 4310 τὸν
3072 4256 3212 4310 κατὰ
3234 4255 3342 4308 τῶν
3374 4255 3693 4308 ἀντιπάλων

2109 4354 2220 4415 τοῖς
2271 4350 2421 4414 ἰδίοις
2471 4352 2798 4420 ἀγωνισταῖς
2842 4349 3244 4420 συνιστάμενον.
3295 4348 3363 4402 Τί
3399 4349 3587 4401 τοίνυν
3625 4349 3694 4402 ἂν

438 4439 599 4492 statio
658 4451 752 4506 per
796 4433 1025 4502 aenigma
1077 4444 1242 4503 atque
1289 4434 1580 4490 verborum
1635 4435 1990 4496 involucrum.

2109 4443 2194 4514 εἴη
2247 4440 2660 4514 μακαριώτερον
2712 4441 2806 4494 τοῦ
2856 4441 2945 4494 διὰ
2991 4441 3081 4494 τὸν
3136 4440 3342 4511 Κύριον
3389 4440 3694 4510 δεδιωγμέο

439 4526 724 4586 auxilium,
774 4525 918 4594 quod
956 4525 1186 4579 certanti
1249 4523 1544 4587 ferebatur,
1595 4527 1889 4598 significat,
1951 4547 1982 4585 υ

2113 4552 2205 4588 νου
2232 4573 2249 4600 ,
2309 4528 2354 4603 ᾧ
2412 4532 2646 4606 ὑπάρχει
2720 4533 3128 4604 συναγωνιστὴν
3188 4533 3280 4584 τὸν
3341 4532 3693 4600 ἀγωνοθέτην

439 4635 535 4688 per
571 4619 672 4672 hoc
711 4617 990 4672 discamus
1019 4615 1264 4671 eumdem
1296 4631 1418 4672 esse
1455 4625 1509 4672 et
1536 4635 1684 4684 eum,
1715 4622 1808 4694 qui
1829 4633 2011 4680 certa-
2112 4627 2297 4697 ἔχεινς
2398 4612 2402 4616 ’

440 4715 586 4768 mina
659 4711 878 4765 ordinet
937 4722 1098 4776 atque
1144 4708 1396 4779 disponat
1449 4717 1502 4764 et
1546 4728 1670 4767 eum
1721 4717 1816 4785 qui
1864 4734 2013 4789 cum,
2055 4722 2171 4778 suis
2228 4717 2592 4774 certatoribus
2649 4715 2953 4770 etathletis
2983 4722 3173 4770 contra
3197 4714 3546 4770 adversarios
3567 4732 3700 4772 con-

440 4813 618 4896 δίδιθξο
652 4809 791 4874 Ουίά
842 4808 1006 4878 isilur
1056 4808 1270 4861 ὒθίὶῑίυε
1324 4807 1486 4861 fuerit
1531 4824 1618 4876 60.
1650 4813 1743 4881 qui
1791 4823 2014 4886 propter
2054 4817 2341 4872 Dominum
2381 4813 2811 4884 persecutionem
2849 4813 3107 4882 patiatur,
3137 4813 3223 4866 cui
3252 4812 3379 4866 licet
3449 4814 3504 4866 in
3575 4829 3695 4868 cer-

439 4905 644 4958 tamine
673 4903 975 4970 adjutorem
1007 4900 1320 4954 certaminis
1353 4903 1634 4970 praesidem
1671 4905 1907 4964 habere?

511 4996 696 5066 Neque
727 4997 872 5050 enim
901 4994 1059 5050 facile
1096 5003 1202 5058 est,
1239 5006 1402 5065 atque
1427 4999 1568 5052 haud
1598 5002 1713 5055 scio
1743 5018 1813 5057 an
1841 5006 1990 5060 etiau

2179 4999 2314 5056 Οὐδὲ
2347 4997 2456 5067 γὰρ
2485 4997 2594 5049 τῶν
2632 4995 2867 5048 εὐκόλων
2909 4996 3059 5048 ἐστὶν
3083 5037 3098 5060 ,
3145 4997 3284 5065 τάχα
3332 4997 3389 5050 δὲ
3430 5001 3525 5051 καὶ
3562 4999 3698 5052 καθ-

441 5099 670 5156 prorsus
700 5083 815 5139 ﬁeri
845 5100 954 5138 non
987 5085 1177 5153 possit,
1239 5093 1294 5136 ut
1330 5085 1493 5176 rebus
1519 5102 1616 5157 per
1667 5090 1808 5144 hanc
1844 5093 1990 5147 vita"

2109 5090 2257 5155 ἅπαξ
2281 5090 2558 5153 ἀδύνατον,
2590 5087 2698 5139 τῶν
2729 5087 2871 5141 κατά
2903 5087 3001 5159 τὴν
3030 5088 3173 5159 ζωὴν
3204 5088 3408 5160 ταύτην
3434 5091 3607 5160 ἡδέων
3637 5094 3700 5146 τὸ

435 5177 723 5248 jucundis,
779 5192 901 5240 quae
941 5183 1228 5246 apparent.
1273 5177 1472 5246 aliquis
1519 5179 1775 5247 praeferat
1812 5182 1990 5239 bonan

2117 5186 2194 5256 μὴ
2228 5182 2552 5253 φαινόμενον
2591 5179 2796 5248 ἀγαθὸν
2829 5181 3164 5252 προτιμῆσαι
3195 5181 3301 5234 τῶν
3330 5185 3694 5252 φαινομένων,

443 5268 587 5336 quod
634 5284 742 5322 non
783 5276 1031 5338 apparet,
1097 5275 1154 5320 ut
1203 5268 1364 5322 facile
1415 5270 1501 5324 vel
1531 5270 1741 5327 aedibus
1791 5275 1986 5343 expelli

2115 5277 2256 5330 ὥστε
2284 5275 2482 5346 ῥαδίως
2512 5272 2724 5326 ἑλέσθαι
2748 5272 2890 5336 τινὰ,
2919 5273 2951 5343 ἢ
2976 5273 3076 5342 τῆς
3105 5274 3280 5337 οἰκίας
3307 5275 3700 5347 ὲξοικισθῆναι,

443 5363 526 5416 vel
553 5362 620 5415 ab
645 5375 812 5414 uxore
835 5369 888 5414 et
918 5360 1125 5422 liberis,
1177 5375 1207 5412 a
1237 5359 1526 5426 fratribus,
1569 5363 1877 5430 sororibus,
1920 5382 1988 5436 pa

2116 5367 2150 5437 ἦ
2189 5368 2434 5435 γαμετῆς
2466 5365 2558 5417 καὶ
2591 5364 2817 5428 παίδων,
2851 5363 3098 5432 ἀδελφῶν
3129 5381 3186 5416 τε
3217 5364 3310 5416 καὶ
3343 5366 3573 5431 γονέων.
3606 5367 3702 5419 καὶ

446 5452 694 5508 rentibus
734 5461 787 5505 et
828 5453 1133 5521 aequalibus
1169 5452 1470 5520 segregari,
1519 5461 1575 5507 et
1611 5456 1855 5510 omnium
1893 5473 1990 5527 qua

2121 5455 2418 5527 ὁμηλίκων,
2450 5455 2542 5508 καὶ
2571 5454 2786 5507 πάντων
2811 5454 2921 5506 τῶν
2957 5457 3094 5508 κατά
3131 5456 3222 5507 τὸν
3253 5455 3368 5523 βίον
3394 5456 3571 5525 ἡδέων
3600 5456 3703 5520 ἔξω

447 5559 544 5614 per
575 5548 736 5596 vitam
766 5544 1003 5609 jucunda
1034 5559 1097 5595 ac
1122 5548 1312 5597 suavia
1343 5551 1491 5607 sunt,
1522 5560 1722 5614 expers
1750 5563 1873 5601 esse.
1897 5565 1982 5602 ma

2124 5544 2402 5612 γενέσθαι,
2450 5545 2525 5614 μὴ
2578 5544 2742 5598 αὐτοῦ
2779 5545 2874 5597 τοῦ
2909 5545 3114 5616 Κυρίου
3144 5544 3532 5616 συνεργοῦντος
3564 5563 3701 5615 προς

449 5632 530 5691 lit,
574 5629 677 5681 nisi
707 5630 820 5697 ipse
852 5629 1112 5683 Dominus
1160 5644 1309 5693 eum,
1341 5631 1432 5698 qui
1471 5631 1627 5696 juxta
1676 5635 1990 5702 proposituu

2123 5637 2185 5689 τὸ
2215 5635 2416 5704 ἀγαθὸν
2441 5634 2520 5706 τῷ
2560 5636 2702 5689 κατά
2752 5633 3012 5704 πρόθεσιν
3057 5635 3240 5706 κλητῷ
3281 5637 3550 5705 γεγονότι.
3608 5639 3701 5689 Ὃν

450 5726 674 5774 vocatus
704 5719 882 5774 fuerit.
907 5722 971 5773 ad
993 5722 1189 5774 bonum
1224 5721 1463 5789 adjuvet.
1501 5723 1672 5787 Quem
1696 5725 1838 5779 enim
1874 5740 1982 5793 pra:

2125 5725 2233 5794 γὰρ
2264 5727 2647 5796 προγινώσκει,
2683 5723 2862 5788 καθώς
2889 5741 3050 5796 φησιν
3081 5730 3111 5779 ὁ
3150 5728 3491 5793 ’Δπόστολος,
3512 5727 3700 5782 τοῦτον
