3838 6220
190 374 334 439 1297

1223 386 1314 441 DE
1349 388 1944 448 BEATITUDINIBUS.
1994 369 2253 450 om“)
2290 395 2420 451 \‘lll.

3307 371 3449 447 1293

191 502 289 549 καὶ
335 495 637 568 προορίζει,
682 496 776 551 καὶ
807 498 979 560 καλεῖ,
1029 502 1123 556 καὶ⁸
1167 501 1388 565 δικαιοῖ,
1421 506 1514 558 καὶ
1546 506 1758 570 δοξάζει

1888 510 2090 568 nosoit.
2125 517 2181 563 ut
2219 511 2398 579 inquit
2439 507 2755 579 Apostolus,
2803 505 2951 560 hunc
2997 512 3052 560 et
3098 506 3451 574 praedestiuat

203 587 425 656 Ἐπειδὴ
451 587 634 640 τοίνυν
667 587 973 656 συμφύεταί
1004 607 1121 654 πως
1150 593 1182 661 ὴ
1217 592 1362 664 ψυχὴ
1411 594 1498 648 διὰ
1529 596 1638 648 τῶν
1670 614 1776 649 σω-

191 679 444 748 ματικῶν
484 677 790 748 αἰσθήσεων
831 680 967 749 πρὸς
994 681 1063 734 τὰ
1108 682 1240 752 ἡδέα
1279 683 1373 736 τοῦ
1417 684 1554 753 βίου,
1589 688 1682 740 καὶ
1705 690 1771 758 τῇ

184 770 414 841 εὐχροία
440 770 537 839 τῆς
569 767 701 838 ὕλης
728 771 815 824 διὰ
835 771 944 824 τῶν
966 772 1260 844 ὀφθαλμῶν
1279 776 1654 848 ἐπιτέρπεται,
1679 780 1775 832 καὶ

103 923 159 962 Χ.
183 865 253 932 τῇ
276 865 415 932 ἀκοῇ
447 864 582 934 πρὸς
627 865 694 916 τὰ
727 865 857 934 ἡδέα
903 865 1012 918 τῶν
1043 867 1407 938 ἀκροαμάτων
1451 870 1551 942 τὴν
1601 871 1773 944 ῥοπὴν

132 965 134 967 ’
183 954 334 1023 ἔχει,
383 958 450 1024 τῇ
497 973 558 1007 τε
607 957 870 1026 ὀσφρήσει
917 959 1011 1011 καὶ
1043 962 1108 1030 τῇ
1160 960 1346 1028 γεύσει
1390 962 1483 1015 καὶ
1526 964 1590 1034 τῇ
1633 967 1768 1034 ἁφῇ,

182 1046 325 1099 καθὸ
364 1049 613 1116 πέφυκεν
654 1049 869 1112 οἰκείως
925 1050 1072 1122 ἔχειν
1112 1054 1314 1125 ἑκάστῃ
1354 1055 1766 1110 συνδιατίθεται.

119 1208 122 1210 γ
180 1139 284 1192 Διὰ
317 1139 476 1193 τοῦτο
509 1138 620 1193 οἶόν
649 1157 765 1194 τινι.
787 1141 901 1212 ἥλῳ
941 1143 1078 1214 πρὸς
1117 1145 1184 1198 τά
1232 1145 1363 1217 ἡδέα
1409 1146 1505 1200 τοῦ
1551 1147 1668 1218 βίου
1700 1152 1766 1220 τῇ

174 1231 475 1302 αἰσθητικῇ
521 1233 745 1303 δυνάμει
781 1235 1259 1308 προσκολλωμένη,
1296 1238 1767 1306 δυσαποσπάστως

181 1320 299 1390 ἔχει
338 1322 562 1385 τούτων,
596 1320 679 1388 οἷς
710 1327 950 1397 συνεφύη
981 1328 1464 1400 προσκολληθεϊσα,
1509 1332 1600 1386 καὶ
1627 1332 1769 1386 κατὰ

176 1414 284 1476 τὰς
332 1413 573 1484 χελώνας
621 1417 874 1481 καὶτοὺς
910 1418 1130 1489 κοχλίας
1172 1415 1282 1474 οἷόν
1326 1435 1431 1476 τινι
1463 1423 1767 1496 ὁστρακίνῳ

181 1501 504 1574 καλύμματι
547 1505 862 1578 ἐνδεδεμένη
905 1507 1269 1580 δυσπόρευτός
1319 1512 1437 1564 ἐστι
1480 1513 1618 1583 πρὸς
1667 1513 1766 1578 τὰς

180 1593 436 1658 τοιαύτας
465 1598 726 1667 κινήσεις,
769 1598 890 1654 ὅλον
919 1602 1386 1673 συνεπισυρομένη
1431 1604 1524 1657 τοῦ
1563 1604 1678 1674 βίου
1706 1605 1767 1659 τὸ

180 1681 368 1750 ἄχθος.
401 1684 492 1736 Διὸ
513 1687 606 1737 καὶ
633 1686 903 1752 εὐάλωτος
930 1689 1138 1757 γίνεται
1171 1691 1204 1760 ἡ
1236 1690 1409 1755 οὕτως
1433 1691 1631 1763 ἔχουσα
1654 1697 1768 1759 τοῖς

176 1771 436 1825 διώκουσι
467 1775 602 1846 πρὸς
627 1775 943 1847 δημεύσεως
972 1779 1221 1850 ἀπειλὴν,
1247 1781 1280 1853 ἢ
1307 1782 1530 1852 ζημίαν,
1562 1785 1595 1855 ἥ
1623 1802 1764 1848 τινος

1880 611 1933 654 et
1969 611 2147 664 vorat,
2179 610 2233 656 et
2257 601 2543 670 justificat,
2575 603 2630 655 et
2659 597 2932 668 glo‘riﬂcat
2948 596 3012 651 ".
3047 595 3318 663 Quoniam
3351 599 3451 666 igi-

1881 698 1971 742 tur
1994 693 2172 743 anima
2214 708 2308 761 per
2335 705 2628 761 corporeus
2665 699 2861 745 sensus
2903 687 3311 757 quodammodo
3358 703 3452 741 ουκ

1878 782 2072 836 alescit
2099 798 2222 836 cum
2251 783 2627 852 voluptatibus
2650 783 2792 844 vitre‘,
2843 796 2906 834 ac
2935 781 3032 848 per
3075 781 3266 834 oculos
3298 779 3446 834 bono

1878 875 2121 929 materiae
2149 875 2333 929 colore
2357 876 2684 938 delectatur,
2718 881 2772 929 et
2805 873 3029 926 auribus
3062 871 3241 926 facilis
3273 879 3438 940 atque

1876 981 2144 1036 propensa
2189 976 2273 1023 est
2301 967 2366 1023 ad
2394 967 2668 1037 jucundas
2718 965 3064 1020 auditiones:
3095 965 3333 1030 itemque
3375 966 3449 1014 nl-

1876 1058 2044 1124 factu,
2077 1067 2321 1131 gustatu,
2350 1065 2629 1128 tactuque,
2660 1061 2820 1129 prout
2858 1058 3056 1128 cuique
3091 1051 3284 1110 harum
3319 1065 3445 1110 seu-

1874 1165 2034 1207 suum
2093 1155 2406 1217 convenire,
2465 1161 2522 1208 et
2569 1163 2762 1206 natura
2810 1151 3282 1204 accommodatum
3321 1161 3446 1203 esse

1873 1243 2034 1306 solet,
2069 1253 2176 1297 una
2222 1242 2476 1305 adicitur,
2521 1243 2732 1296 idcirco
2789 1243 2953 1296 veluti
2993 1243 3147 1296 clavo
3201 1241 3436 1310 qundam

1872 1334 2144 1389 sentiendi
2175 1335 2226 1388 vi
2257 1335 2322 1388 ad
2359 1335 2484 1389 vita:
2528 1335 2832 1403 voluptates
2863 1333 3036 1394 :t‘llixa.
3059 1333 3344 1386 diliiculter
3375 1332 3445 1385 ab

1873 1425 1980 1487 his,
2012 1425 2214 1496 quibus
2233 1427 2615 1480 adhaerescens
2645 1426 2931 1489 coaluerit,
2986 1424 3142 1478 avelli
3178 1424 3340 1486 solet,
3388 1419 3441 1473 ct

1871 1517 1926 1572 in
1949 1517 2166 1572 modum
2207 1517 2541 1572 tesmdinum
2571 1529 2623 1573 et
2674 1517 3023 1572 cochlearum
3062 1516 3229 1569 veluti
3282 1522 3444 1568 testa-

1871 1620 1974 1664 ceo'
1997 1607 2231 1677 quodam
2263 1615 2578 1678 tegumento
2619 1609 2844 1678 illigata,
2896 1606 3153 1676 impedita
3185 1622 3248 1662 ac
3285 1605 3439 1657 tarda

1870 1707 1957 1754 est
1985 1700 2051 1754 ad
2077 1699 2349 1769 ejusmodi
2401 1710 2608 1765 motus,
2653 1714 2857 1770 quippe
2899 1708 3069 1751 tntum
3125 1696 3286 1750 simul
3331 1706 3443 1750 tra-

1872 1791 2008 1846 hens
2042 1791 2163 1845 vita:
2201 1789 2432 1860 pondus.
2489 1791 2857 1857 Quamobrem
2909 1805 3031 1844 cum
3087 1790 3158 1842 ita
3191 1803 3308 1841 sese
3340 1787 3440 1840 hac

179 1861 348 1915 ἄλλον
393 1863 504 1916 τῶν
551 1867 694 1920 κατὰ
743 1869 844 1938 τὴν
875 1868 1020 1940 ζωὴν
1051 1871 1254 1942 ταύτην
1287 1873 1760 1945 σπουδαζομένων,

1868 1882 2011 1946 beat,
2059 1883 2219 1936 etiam
2255 1882 2526 1952 prehenso
2579 1881 2758 1937 facilis
2803 1879 3256 1952 persequentibus
3304 1878 3441 1931 038i-

179 1957 424 2028 εὐχερῶς
451 1959 726 2012 ἐνδιδοῦσα
772 1962 865 2015 καὶ
906 1962 1196 2035 ὐπόχειρος
1235 1968 1493 2041 γινομένη
1525 1969 1604 2041 τῷ
1637 1970 1763 2024 διώ-

177 2064 366 2101 κοντι·
419 2050 536 2102 ἀλλ’
582 2051 803 2106 ἐπειδὰν
833 2054 863 2106 ὁ
905 2054 1014 2118 ζῶν
1061 2057 1214 2124 λόγος
1241 2100 1256 2123 ,
1299 2059 1482 2124 καθώς
1530 2078 1692 2132 φησιν
1736 2066 1766 2118 ὁ

191 2140 536 2205 Ἀπόστολος,
569 2143 596 2194 ὁ
623 2145 844 2214 ἐνεργὸς
870 2147 962 2199 καὶ
987 2148 1252 2218 τμητικὸς
1281 2151 1422 2220 ὑπὲρ
1447 2153 1627 2206 πᾶσαν
1655 2154 1762 2225 μά-

175 2249 380 2303 χαιραν
425 2232 698 2306 δίστομον,
746 2238 899 2302 ἐντὸς
940 2240 1165 2310 γένηται
1213 2242 1306 2296 τοῦ
1339 2243 1556 2314 ἀληθῶς
1584 2263 1764 2318 παρα-

171 2322 475 2393 δεξαμένου
522 2325 622 2396 τὴν
654 2327 860 2391 πίστιν,
915 2329 1007 2383 καὶ
1050 2330 1280 2404 διατέμῃ
1317 2333 1384 2387 τὰ
1409 2337 1596 2401 κακῶς
1627 2356 1765 2409 συμ-

174 2416 464 2486 πεφυκότα
487 2459 502 2481 ,
557 2419 652 2473 καὶ
704 2418 774 2474 τὰ
806 2421 904 2492 τῆς
938 2424 1227 2493 συνηθείας
1272 2427 1446 2498 δεσμὰ
1489 2429 1719 2503 διακόψῃ
1745 2450 1758 2463 ο

173 2507 322 2568 τότε,
357 2507 606 2580 καθάπερ
653 2526 706 2564 τι
737 2511 903 2582 ἄχθος
945 2517 1012 2584 τῇ
1051 2514 1194 2588 ψυχῇ
1245 2519 1623 2590 συνδεδεμένον
1664 2524 1765 2588 τὰς

173 2600 452 2670 κοσμικὰς
485 2604 676 2674 ἡδονὰς
696 2643 712 2670 ,
751 2599 864 2658 οἷόν
893 2619 976 2669 τις
1003 2607 1236 2679 δρομεὺς
1274 2611 1384 2665 τῶν
1432 2613 1598 2684 ὤμων
1623 2616 1759 2669 ἀπο-

175 2691 503 2762 σεισάμενος
523 2735 538 2758 ,
586 2695 791 2765 κοῦφος
831 2697 925 2750 καὶ
967 2699 1232 2771 εὐσταλὴς
1278 2703 1339 2755 τὸ
1384 2705 1491 2757 τῶν
1535 2705 1763 2774 ἀγώνων

176 2785 394 2839 στάδιον
442 2786 817 2860 διεξέρχεται,
873 2790 1204 2863 χειραγωγῷΔ
1243 2794 1378 2864 πρὸς
1428 2795 1520 2849 τὸν
1564 2797 1764 2870 δρόμον

172 2876 328 2948 αὐτῷ
369 2878 448 2950 τῷ
476 2880 787 2952 άγωνοθέτῃ
830 2881 1128 2953 χρώμενος.
1173 2885 1247 2937 Οὐ
1278 2888 1387 2958 γὰρ
1416 2887 1516 2940 ὅσα
1543 2889 1759 2942 κατέλι-

174 2983 281 3020 πεν
309 2967 515 3038 βλέπει,
545 2969 662 3023 ἀλλ’
691 2973 792 3026 ὅσα
825 2972 1175 3044 μετέρχεται·
1206 2975 1327 3029 οὐδὲ
1355 2976 1492 3046 πρὸς
1514 2980 1574 3031 τὸ
1601 2978 1762 3033 κατό-

175 3076 274 3113 πιν
296 3061 394 3131 ἡδὺ
424 3061 514 3115 τὸν
537 3062 815 3134 ὀφθαλμὸν
844 3065 1186 3137 ἐπιστρέφει,
1218 3068 1354 3122 ἀλλὰ
1384 3069 1520 3139 πρὸς
1545 3070 1606 3123 τὸ
1627 3089 1762 3142 προ-

176 3151 436 3221 κείμενον
480 3153 683 3224 ἀγαθον
719 3155 858 3210 ἵεται
889 3172 905 3187 ο
956 3157 1076 3210 οὐδὲ
1104 3160 1170 3229 τῇ
1200 3158 1374 3230 ζημίᾳ
1419 3161 1529 3214 τῶν
1557 3164 1766 3233 γηΐνων

172 3241 489 3312 ἀλγύνεται,
525 3245 661 3300 ἀλλὰ
697 3246 776 3318 τῷ
813 3246 990 3318 κέρδει
1016 3249 1126 3302 τῶν
1158 3251 1497 3322 ἐπουρανίων
1529 3255 1760 3322 syene-

172 3349 291 3396 ται,
340 3334 428 3388 διὰ
467 3335 623 3390 τοῦτο
666 3339 775 3392 πᾶν
801 3339 1173 3410 κολαστηρίων
1196 3339 1354 3406 εἶδος,
1401 3343 1476 3405 ὡς
1508 3345 1764 3418 ἀφορμὴν

173 3426 271 3480 καὶ
299 3426 618 3497 συνέργειαν
650 3429 750 3500 τῆς
779 3436 1144 3502 προκειμένης
1185 3436 1380 3504 χαρᾶς,
1418 3437 1649 3506 ἑτοίμως
1675 3438 1762 3492 δέ⁴

170 3535 334 3588 χεται
353 3535 367 3548 ·
397 3518 459 3571 τὸ
485 3519 617 3592 πῦρ,
643 3521 720 3584 ὡς
745 3521 843 3592 τῆς
868 3520 1001 3593 ὕλης
1019 3524 1317 3595 καθάρσιον
1347 3541 1360 3554 ⁸
1401 3526 1460 3578 τὸ
1482 3523 1650 3594 ξίφος,
1687 3527 1762 3591 ὡς

169 3607 506 3680 διαιρετικὸν
532 3611 630 3682 τῆς
663 3612 798 3682 πρὸς
829 3613 898 3666 τὰ
945 3613 1120 3685 ὑλώδη
1164 3615 1258 3668 καὶ
1290 3615 1520 3688 σάρκινα
1548 3616 1641 3670 τοῦ
1668 3617 1760 3671 νοῦ

175 3702 460 3771 συμφυΐας
477 3719 492 3734 ’
524 3705 705 3758 πᾶσαν
733 3705 910 3759 πόνων
939 3721 997 3759 τε
1023 3707 1114 3761 καὶ
1134 3707 1466 3778 ἀλγημάτων
1495 3709 1758 3772 ἐπίνοιαν,

169 3792 253 3855 ὡς
290 3790 386 3845 τοῦ
423 3793 661 3866 πονηροῦ
708 3794 1037 3868 δηλητηρίου
1081 3797 1177 3852 τοῦ
1229 3799 1371 3851 κατὰ
1416 3801 1515 3870 τὴν
1569 3800 1762 3872 ἡδονὴν

170 3884 594 3956 ἀντιφάρμακον
624 3883 810 3954 οὖσαν,
834 3885 1130 3961 προθύμως
1155 3886 1385 3960 δέχεται.
1416 3892 1684 3964 Καθάπερ
1711 3895 1760 3946 οἱ

171 3978 646 4048 περιττωματικώ
677 3980 772 4031 καὶ
821 3979 1075 4050 χολώδεις
1101 4020 1117 4047 ,
1159 3981 1390 4051 ἑτοίμως
1440 3979 1616 4035 σπῶσι
1662 3986 1759 4052 τῆς

173 4067 385 4138 πικρᾶς
427 4069 767 4135 ἀντιδόσεως,
801 4071 878 4134 ὡς
914 4071 980 4125 ἂν
1020 4071 1088 4125 δι’
1135 4071 1350 4142 ἐκείνης
1391 4072 1452 4126 τδ
1484 4075 1763 4128 νοσοποιδν

171 4160 350 4213 αἴτιον
374 4159 740 4232 ἀποκλυσθείη
762 4179 776 4192 ·
809 4161 951 4216 οὕτω
971 4163 1184 4234 δέχεται
1211 4165 1240 4218 ὁ
1271 4164 1422 4234 παρὰ
1443 4166 1538 4218 τοῦ
1564 4166 1757 4239 ἐχθροῦ

167 4251 506 4320 διωκόμενος
535 4252 631 4306 καὶ
661 4253 796 4324 πρὸς
822 4254 914 4308 τὸν
957 4254 1090 4308 Θεὸν
1115 4255 1352 4324 φεύγων,
1397 4255 1497 4328 τὴν
1523 4257 1633 4311 τῶν
1664 4258 1761 4312 ἀλ-

170 4339 376 4408 γεινῶν
406 4340 674 4416 εἰσϐολὴν,
706 4345 1025 4418 σϐεστήριον
1075 4343 1240 4401 οὖσαν
1282 4349 1382 4418 τῆς
1412 4351 1534 4404 καθ’
1569 4350 1760 4422 ἡδονὴν

172 4434 460 4504 ἐνεργείας
489 4451 505 4466 ο
551 4436 652 4489 οὐκ
694 4436 809 4490 ἔστι
851 4437 960 4507 γὰρ
997 4439 1226 4510 ἡσθῆναι
1253 4440 1346 4492 τὸν
1377 4440 1757 4512 άλγυνὸμενον.

1868 1960 1984 2037 stit,
2008 1975 2073 2028 ad
2095 1975 2361 2029 bonorum
2393 1975 2778 2045 publicationis
2814 1974 3012 2034 minas,
3055 1981 3148 2024 aut
3205 1979 3433 2037 accepto

1865 2065 2068 2121 damno
2099 2066 2150 2120 in
2183 2067 2362 2137 aliqua
2395 2066 2498 2119 alia
2529 2080 2670 2120 reex
2692 2065 2759 2120 iis
2781 2081 2902 2134 qua:
2931 2080 3028 2132 per
3073 2064 3214 2116 hanc
3261 2063 3426 2116 vitam

1866 2165 2216 2226 expetuntur,
2247 2157 2404 2211 facile
2427 2156 2734 2211 concedens
2751 2163 2805 2210 et
2822 2154 3152 2209 submittens
3172 2169 3294 2207 sese
3317 2167 3413 2220 per
3427 2181 3442 2191 -

1867 2247 2112 2317 Sequenti
2131 2248 2249 2303 :sed
2277 2249 2364 2302 ubi
2391 2248 2545 2302 vivus
2571 2261 2772 2305 sermo.
2797 2257 2854 2300 ut
2873 2246 3049 2315 inquit
3067 2244 3105 2296 Α
3118 2241 3438 2313 postulas",

1865 2339 2052 2392 ellicax
2098 2347 2154 2394 et
2191 2339 2340 2393 omni
2375 2340 2557 2409 gladio
2597 2339 2836 2409 ancipite
2861 2338 3076 2390 acutior
3117 2342 3433 2404 penetrave-

1868 2429 1936 2482 r'it
1971 2429 2024 2482 in
2045 2445 2191 2495 eum,
2213 2431 2305 2498 qui
2331 2445 2457 2484 vere
2482 2429 2640 2484 ﬁdem
2669 2429 2996 2498 susceperit,
3026 2435 3080 2482 et
3111 2427 3440 2481 dissecucrit

1863 2537 1948 2585 ea,
1980 2535 2103 2592 qua:
2125 2523 2268 2576 male
2296 2522 2627 2586 coaluerint,
2672 2531 2727 2575 et
2763 2518 3188 2574 consuetudinis
3222 2519 3438 2571 vim-cla

1865 2614 2112 2682 ruperit;
2153 2622 2304 2679 tunc,
2348 2629 2472 2667 cum
2525 2618 2782 2682 tanquam
2823 2610 3034 2680 pondus
3079 2609 3271 2662 anima:
3307 2619 3431 2661 con-

1865 2717 2066 2758 nexum
2101 2704 2408 2760 mundanas
2431 2704 2736 2773 voluptates
2780 2702 2943 2755 veluti
2975 2716 3168 2755 cursor
3207 2699 3429 2768 quidam

1863 2795 1934 2849 ab
1967 2795 2206 2849 humeris
2227 2794 2570 2858 excusserit,
2599 2795 2734 2848 levis
2779 2801 2833 2848 et
2863 2792 3147 2861 crtpeditus
3183 2791 3440 2844 certami-

1864 2897 1994 2939 num
2022 2885 2259 2941 stadium
2285 2887 2572 2956 perCurrit,
2617 2888 2735 2956 ipso
2775 2887 3136 2940 certaminum
3189 2883 3435 2954 pra-side.

1863 2979 2002 3033 duce
2044 2989 2097 3033 et
2131 2977 2382 3046 adjutore
2415 2985 2573 3033 utens
2602 2977 2668 3030 ad
2693 2989 2932 3031 cursum.
2966 2975 3084 3030 Non
3127 2976 3270 3030 enim
3312 2989 3438 3042 spc-

1867 3079 1977 3123 ctat
2003 3069 2068 3122 ad
2092 3083 2154 3124 ea
2185 3083 2304 3138 qua:
2330 3068 2569 3138 reliquit,
2618 3069 2711 3122 sed
2749 3075 2870 3138 quat
2899 3070 3031 3136 petit
3055 3085 3070 3133 ;
3109 3079 3284 3136 neqtte
3308 3082 3432 3119 ocu-

1869 3163 1978 3217 lum
2023 3161 2292 3216 convertit
2344 3161 2410 3216 ad
2464 3161 2516 3215 id
2555 3160 2699 3230 quod
2744 3176 2773 3214 a
2815 3168 2970 3228 tergo
2997 3159 3308 3227 jucundum
3330 3166 3436 3220 est,

1865 3254 1960 3310 sed
1988 3254 2054 3308 ad
2083 3254 2421 3324 propositum
2449 3253 2650 3308 bonum
2684 3251 2965 3306 contendit
3025 3269 3039 3305 :
3097 3265 3270 3319 neque
3290 3250 3442 3303 dam-

1863 3360 1937 3400 no
1992 3357 2176 3400 rerum
2229 3353 2570 3400 terrenarum
2603 3342 2985 3407 contristatur,
3016 3341 3110 3395 sed
3139 3343 3292 3395 luero
3319 3351 3436 3394 cce-

1864 3435 2080 3491 lestium
2114 3435 2358 3501 laetatur;
2391 3439 2677 3505 propterea
2709 3448 2872 3487 omne
2917 3431 3306 3500 suppliciorqu
3344 3445 3436 3498 ge-

1863 3533 1970 3581 nus
2001 3534 2259 3596 tanquam
2290 3525 2592 3579 subsidium
2625 3531 2678 3578 et
2713 3523 2975 3576 auxilium
2999 3521 3265 3592 prepositi
3297 3538 3434 3591 gau-

1863 3617 1936 3670 dii
1968 3616 2110 3670 ltaud
2136 3621 2465 3668 cunctanter
2489 3613 2690 3684 excipit
2716 3620 2771 3668 et
2808 3613 3074 3665 admittit:
3105 3615 3280 3682 ignem
3320 3619 3439 3664 tau-

1861 3717 2026 3778 quam
2102 3707 2345 3762 materia:
2412 3703 2849 3776 purificatorem;
2893 3705 3130 3774 gladium
3175 3711 3436 3772 tanquam

1863 3800 2250 3869 diremptorem
2308 3798 2734 3866 coniunctionis,
2795 3809 2901 3868 qua
2932 3809 3084 3849 mens
3112 3807 3234 3849 cum
3267 3803 3439 3847 matc-

1863 3891 2090 3946 rialibus
2132 3900 2185 3945 et
2244 3889 2561 3944 carnalibus
2607 3888 2811 3942 eoaluit
2843 3894 3046 3955 :atque
3089 3885 3145 3939 in
3199 3899 3436 3948 Stunma,

1865 3993 2055 4035 omnes
2076 3988 2134 4035 et‘
2151 3979 2369 4034 dolores
2399 3989 2453 4034 et
2485 3979 2719 4040 labores,
2765 3978 3082 4048 quicunque
3131 3975 3430 4046 excogitari

1863 4079 2113 4144 possunt,
2137 4080 2392 4139 tanquam
2430 4069 2886 4124 medicamentum
2926 4069 3090 4124 noxio
3140 4068 3440 4136 voluptatis

1863 4171 2071 4213 veneno
2103 4157 2426 4221 adversans,
2461 4157 2654 4227 cupide
2684 4167 2844 4226 atquc
2881 4166 3069 4226 parato
3114 4159 3296 4211 animo
3340 4174 3437 4211 su-

1863 4251 2046 4322 scipit.
2081 4249 2557 4318 Quemadmodum:
2579 4249 2737 4305 enim
2759 4249 2962 4315 biliosi,
2998 4250 3200 4321 quique
3238 4263 3436 4318 supcr-

1863 4345 1988 4399 lluis
2027 4344 2352 4399 humoribus
2399 4344 2704 4406 abundant,
2763 4353 2948 4398 amara
3008 4343 3244 4398 remedia
3292 4344 3436 4398 haud

1863 4445 2087 4507 gravate
2113 4435 2358 4502 sorbent,
2400 4443 2460 4489 ut
2507 4449 2603 4504 per
2635 4434 2725 4488 illa
2760 4446 2926 4488 causa
2961 4435 3136 4488 morbi
3190 4434 3434 4490 elliciens

187 4525 344 4579 Ἐπεὶ
367 4522 467 4580 οὗν·
499 4525 567 4580 δι’
611 4529 803 4600 ἡδονῆς
829 4528 1075 4602 εἰσῆλθεν
1103 4533 1136 4603 ἡ
1186 4532 1452 4604 ἁμαρτία,
1483 4533 1570 4587 διὰ
1596 4534 1754 4589 τοῦτο

1866 4536 2243 4599 expurgetur:
2278 4527 2360 4581 ita
2421 4526 2514 4596 qui
2567 4526 2636 4582 ab
2699 4527 2926 4580 inimico
2980 4528 3237 4597 agitatur,
3275 4537 3330 4582 et
3367 4529 3437 4582 ad

170 4616 424 4670 ἐναντίου
447 4617 666 4682 πάντως
695 4620 1098 4692 ὲξελαθήσεται.
1145 4623 1354 4677 Οὐκοῦν
1391 4623 1441 4677 oi
1475 4623 1760 4690 διώκοντες

167 4703 266 4758 διὰ
285 4705 384 4777 τὴν
406 4709 487 4772 είς
516 4709 607 4763 τὸν
637 4711 842 4782 Κύριον
879 4713 1190 4784 ὁμολογίαν,
1219 4715 1314 4769 καὶ
1351 4715 1422 4769 τὰ
1456 4715 1761 4772 δυσϐάσταο

172 4815 282 4852 κτα
301 4796 410 4852 τῶν
440 4801 813 4876 κολαστηρίων
839 4807 1199 4876 ἐπινοοῦντες,
1221 4808 1464 4878 ἰατρείαν
1491 4810 1611 4863 τινὰ
1639 4812 1760 4874 ταῖς

171 4888 374 4959 ψυχαῖς
399 4891 486 4946 διὰ
507 4890 614 4947 τῶν
639 4896 816 4950 πόνων
847 4899 1199 4969 προσάγουσι,
1221 4902 1340 4963 ταίς
1368 4900 1474 4954 τῶν
1495 4900 1759 4970 ἀλγεινῶν

175 4980 513 5052 προσϐολαῖς
561 4984 661 5058 τὴν
712 4987 834 5040 καθ’
906 4989 1098 5060 ἡδονὴν
1140 4989 1533 5063 θεραπεύοντες
1580 4992 1768 5046 νόσον..

174 5070 338 5125 Οὕτω
367 5073 588 5146 δέχεται
614 5075 966 5151 τὺνσταυρδν
997 5082 1028 5134 δ
1056 5081 1270 5148 Παῦλος
1302 5099 1316 5113 °
1363 5084 1425 5138 τὸ
1456 5083 1608 5154 ξίφος
1651 5084 1758 5139 Ἰά-

173 5163 356 5229 κωϐος
381 5181 396 5195 °
451 5168 579 5231 τοὺς
623 5167 800 5234 λίθους
855 5171 1124 5240 Στέφανος
1160 5189 1175 5205 ο
1238 5173 1330 5228 τὸν
1380 5175 1473 5229 ἐπὶ
1517 5176 1761 5248 κεφαλὴν

170 5254 646 5328 ὰνασκολοπισμὺν
670 5261 698 5312 ὁ
726 5260 996 5331 μακάριος
1031 5261 1238 5334 Πέτρος
1261 5281 1275 5294 ·
1321 5265 1520 5331 πάντες
1544 5269 1591 5320 oi
1619 5267 1760 5338 μετὰ

169 5345 350 5399 ταῦτα
381 5346 484 5417 τῆς
511 5349 744 5415 πίστεως
775 5351 1091 5420 ἀγωνισταὶ,
1126 5354 1224 5419 τὰς
1252 5355 1622 5425 πολυτρόπους
1648 5359 1758 5412 τῶν

173 5437 552 5510 κολαστηρίων
595 5441 756 5508 ίδέας,
799 5442 985 5516 θηρία,
1033 5443 1302 5517 βάραθρα,
1331 5449 1625 5518 πυρκαϊὰς,
1660 5451 1758 5514 τὰς

172 5527 284 5582 τῶν
310 5528 540 5602 κρυμῶν
557 5530 770 5604 πήξεις,
796 5533 895 5598 τὰς
913 5534 1026 5587 τῶν
1043 5534 1290 5606 πλευρῶν
1318 5537 1755 5608 ἀποσαρκώσεις,

168 5616 277 5696 ,τὰς
303 5619 414 5674 τῶν
442 5622 696 5692 κεφαλῶν
725 5623 1179 5696 περικυκλώσεις,
1223 5625 1324 5692 τὰς
1351 5627 1474 5684 τῶν
1496 5630 1760 5702 ὀμμάτων

253 5797 300 5830 ⁸⁸
339 5797 498 5858 Rom.
529 5817 648 5868 vui,
677 5801 763 5858 30.
841 5804 888 5836 "
913 5801 1078 5859 Hebr.
1106 5819 1179 5871 tv,
1206 5804 1291 5859 19..

1864 4621 2032 4678 Deum
2067 4620 2230 4690 fugit,
2260 4620 2464 4690 excipit
2495 4633 2677 4674 rerum
2726 4619 3045 4673 acerbarum
3091 4626 3145 4673 ct
3178 4620 3434 4675 adversa-

1862 4730 1984 4769 rum
2026 4715 2315 4784 impetum,
2351 4720 2410 4764 ut
2444 4711 2539 4782 qui
2586 4711 2696 4765 vim
2753 4710 2954 4765 habeat
3006 4712 3305 4781 voluptatis
3347 4711 3430 4766 el-

1862 4803 2109 4858 licaciam
2135 4801 2523 4872 exstinguendi
2560 4818 2575 4855 :
2619 4815 2728 4855 non
2777 4801 2922 4855 enim
2979 4801 3217 4870 gaudere
3258 4812 3435 4870 potest

1860 4894 1953 4967 qui
1984 4893 2154 4949 dolet.
2191 4891 2463 4959 Quoniam
2499 4890 2668 4963 igitur
2706 4905 2805 4963 per
2832 4892 3166 4962 voluptatein
3209 4893 3435 4947 intravit

1859 4995 2168 5058 peccatum.
2197 5001 2296 5056 per
2323 4986 2662 5039 contrarium
2688 5000 2918 5056 prorsus
2936 4986 3264 5054 expelletur.
3286 4985 3427 5055 Ergo

1860 5080 1952 5150 qui
2015 5087 2423 5149 persequuntur
2462 5089 2559 5150 eos
2587 5077 2679 5146 qui
2732 5076 3017 5130 Dominqu
3069 5077 3424 5141 conﬁtentur,

1858 5145 1913 5228 et
1937 5145 2170 5226 toleratu
2191 5145 2447 5224 idillicilia
2471 5145 2772 5223 .tormenta
2804 5177 2968 5238 atque
3020 5169 3288 5237 supplicia
3336 5183 3432 5220 ex-

1860 5264 2124 5334 cogitant,
2172 5261 2476 5316 remedium
2523 5259 2797 5332 quoddam
2845 5261 3044 5314 animis
3079 5276 3175 5329 per
3217 5259 3434 5313 dolores

1866 5355 2152 5416 adhibent,
2194 5353 2452 5409 violentis
2513 5363 2695 5408 rerum
2747 5365 3066 5422 asperarum
3093 5350 3431 5405 aalmotioni-

1864 5448 1968 5503 bus
2002 5445 2298 5515 voluptatis
2327 5445 2578 5500 morbum
2613 5450 2893 5498 curantes.
2932 5441 3004 5494 lta
3034 5455 3253 5494 crucem
3292 5437 3437 5496 Pau-

1865 5538 1951 5593 lus
1979 5537 2219 5607 excipit;
2247 5535 2489 5608 gladium
2515 5533 2794 5600 Iacobus;
2842 5532 3052 5602 lapides
3079 5531 3432 5600 Stephanus,

1867 5629 2050 5700 capite
2078 5629 2336 5687 deorsum
2369 5644 2529 5687 verso
2561 5627 2976 5684 cruciﬁxionem
2999 5625 3190 5681 beatus
3215 5623 3433 5688 Petrus:
