3838 6220
419 292 561 352 ιεοε

1650 286 1707 340 S.
1759 282 2091 341 GREGORII
2147 281 2446 340 NYSSENI

3529 287 3666 340 ίΞθθ

419 420 667 484 spectant
689 427 752 467 ea
775 424 896 482 quae
919 409 1074 475 fiunt,
1091 423 1309 464 omnem
1331 408 1723 462 beatitudinem
1745 414 1984 477 superat.

2101 405 2420 476 γινομένων,
2460 404 2776 477 ὑπερϐαίνει
2817 408 2995 459 πᾶσαν
3030 404 3426 477 μακαριότητα.
3468 405 3669 476 Κρείτο

419 503 773 558 tLomm'odius
827 496 1020 556 autem
1051 498 1216 554 fuerit
1260 513 1360 552 nos
1407 513 1503 568 per
1534 499 1780 566 exempla
1831 506 1993 566 atque

419 595 809 650 similitudines
843 591 1169 647 sententiam
1217 589 1651 644 animadvertere
1695 587 1990 644 sermonis.

417 687 554 754 Quis
609 687 844 756 ignorat,
897 691 1106 754 quanto
1152 682 1375 753 gravius
1417 690 1471 736 et
1531 681 1817 734 molestius
1871 692 1994 733 esse

397 781 713 848 ‘judicetur,
757 776 972 832 insidiis
1019 777 1149 846 peti,
1205 790 1368 846 quam
1415 774 1602 844 diligi?
1655 773 1759 825 hoc
1809 779 1993 824 tamen

420 871 562 942 quod
593 871 882 924 molestum
911 883 1035 924 esse
1062 867 1295 931 videtur,
1339 881 1482 934 smpe
1515 865 1678 919 etiam
1715 863 1995 917 fclicitatis

323 973 326 976 ‘
423 977 517 1031 per
551 961 692 1014 hanc
721 960 886 1012 vitam
917 973 1082 1012 causa
1115 959 1304 1012 multis
1337 958 1572 1018 exsistit,
1611 955 1772 1025 quale
1805 955 1871 1009 de
1897 953 1994 1007 Jo-

421 1052 592 1121 sepbo
642 1050 923 1120 Scriptura
979 1050 1203 1112 indicat,
1236 1050 1327 1118 qui
1375 1063 1407 1102 a
1453 1047 1720 1103 fratribus
1774 1046 1994 1100 insidiis

424 1143 647 1212 petitus,
692 1150 746 1194 (ιι
777 1143 844 1194 ab
881 1142 1094 1194 illorum
1129 1141 1382 1194 convictu
1435 1146 1599 1209 atque
1633 1137 1995 1193 contubernio

423 1245 684 1298 remotus,
717 1251 813 1306 per
856 1236 1224 1290 venditionem
1263 1249 1355 1289 rex
1386 1247 1599 1296 eorum,
1640 1245 1876 1304 quorum
1911 1230 1996 1283 in-

421 1328 577 1382 sidiis
614 1327 816 1396 petitus
842 1334 981 1390 erat,
1015 1326 1339 1396 designatus
1362 1333 1481 1379 est:
1517 1323 1747 1378 forsitan
1777 1322 1843 1375 ad
1872 1331 1994 1380 tan-

420 1429 528 1472 tam
568 1418 889 1487 dignitatem
924 1432 1030 1470 non
1059 1431 1475 1488 progressurus.
1514 1414 1616 1468 nisi
1652 1413 1857 1468 invidia
1897 1427 1994 1484 per

419 1510 649 1567 insidias
675 1510 797 1564 illas
829 1509 930 1563 iter
961 1509 1028 1562 ad
1061 1523 1288 1579 regnum
1319 1507 1688 1578 patefecisset.
1717 1504 1995 1571 Quemad-

422 1601 640 1654 modum
677 1600 842 1670 igitur
885 1603 934 1654 si
967 1600 1093 1669 quis
1133 1598 1299 1652 futuri
1344 1599 1573 1655 scientia
1610 1596 1870 1666 praeditus
1901 1593 1995 1647 Jo-

420 1694 590 1762 sepho
648 1683 1014 1762 praedixisset,
1072 1691 1288 1745 insidiis
1343 1691 1548 1760 petitus
1610 1689 1803 1744 beatus
1856 1688 1988 1751 eris,

421 1788 596 1854 prima
638 1785 817 1839 fronte
860 1783 1141 1838 credibilia
1175 1783 1360 1838 dicere
1404 1783 1668 1846 audienti,
1723 1788 1779 1835 et
1823 1779 1889 1834 ad
1941 1779 1991 1832 id

2101 1791 2233 1862 πρὺς
2279 1789 2338 1845 τὸ
2387 1789 2728 1860 παραχρῆμα
2768 1787 3010 1857 λυπηρὸν
3051 1787 3244 1856 ὁρῶντι
3285 1802 3301 1817 ·

419 1875 563 1942 quod
618 1874 998 1944 inpraesentia
1030 1873 1284 1928 acerbum
1333 1881 1441 1935 est.
1495 1871 1834 1943 respicienti,
1881 1885 1992 1924 non

420 1966 697 2020 videretur
740 1965 883 2036 (non
914 1963 1060 2018 enim
1104 1964 1218 2017 fieri
1271 1977 1436 2032 posse
1475 1969 1713 2033 putaret,
1762 1968 1822 2016 ut
1864 1959 1993 2014 mali

421 2056 680 2126 propositi
710 2057 883 2108 bonus
915 2054 1296 2123 designaretur
1323 2051 1702 2123 eventus):ita
1735 2051 1992 2105 nimirum

420 2152 582 2204 etiam
617 2151 704 2203 hic
746 2164 871 2202 cum
927 2145 1260 2215 persecutio,
1307 2159 1412 2214 qua
1449 2143 1633 2198 fideles
1678 2158 1708 2197 a
1745 2142 1996 2213 tyrannis

421 2243 715 2312 agitantur,
745 2241 973 2294 multum
994 2238 1150 2308 juxta
1176 2251 1401 2292 sensum
1427 2236 1746 2291 acerbitatis
1775 2235 1992 2297 habeat,

419 2334 609 2397 efficit,
665 2341 723 2386 ut
760 2333 829 2384 ab
863 2331 930 2386 iis
975 2329 1068 2399 qui
1108 2333 1260 2384 carni
1319 2328 1482 2399 paulo
1536 2327 1712 2398 magis
1762 2324 1990 2381 obnoxii

421 2433 570 2486 sunt,
598 2439 660 2480 ea
689 2437 809 2494 qua:
839 2439 934 2493 per
961 2437 1052 2477 res
1093 2435 1320 2491 asperas
1351 2429 1406 2475 et
1439 2420 1665 2475 acerbas
1693 2417 1828 2488 ipsis
1860 2433 1997 2488 pro-

421 2517 598 2588 posita
631 2525 735 2580 est,
769 2516 920 2585 regni
956 2530 1082 2584 spes
1119 2513 1263 2567 haud
1304 2511 1460 2567 facile
1482 2512 1802 2566 admittatur
1835 2518 1998 2580 atque

422 2609 702 2680 probetur.
739 2607 845 2661 Sed
885 2605 1149 2661 Dominus
1177 2612 1385 2658 natura:
1414 2603 1546 2658 vitio
1572 2603 1831 2672 despecto
1862 2618 2000 2675 prte-

422 2698 556 2752 dicit
624 2696 1038 2756 infirmioribus,
1104 2695 1283 2763 qualis
1359 2693 1614 2748 laboriosi
1674 2693 1998 2749 certaminis

423 2800 650 2845 eventus
679 2791 772 2852 sit,
825 2797 879 2842 ut
921 2803 1016 2858 spe
1056 2788 1204 2856 regni
1251 2787 1631 2856 temporalium
1684 2801 1865 2840 rerum
1899 2785 1998 2839 ad-

425 2895 706 2935 versarum
737 2893 961 2932 sensum
1001 2875 1161 2928 facile
1187 2873 1496 2928 devincant.
1530 2872 1739 2927 idcirco
1769 2887 2000 2940 magnus

427 2973 518 3025 ille
564 2968 874 3039 Stephanus
924 2965 1124 3036 gaudet
1179 2965 1453 3034 lapidibus
1499 2963 1739 3032 undique
1774 2963 1998 3033 petitus,

426 3078 490 3115 ac
518 3060 683 3114 veluti
723 3073 944 3114 suavem
968 3056 1258 3126 quemdam
1293 3070 1472 3110 rorem
1499 3055 1724 3110 crebros
1759 3054 1996 3124 lapidum

427 3264 559 3318 pore
603 3245 798 3316 cupide
842 3243 1067 3312 excipit,
1124 3257 1189 3294 ae
1239 3240 1711 3295 benedictionibus
1759 3238 2000 3294 nefarios

433 3340 736 3394 homicidas
765 3337 1136 3406 prosequitur,
1173 3349 1271 3404 pro
1306 3334 1390 3388 his
1419 3333 1557 3404 ipsis
1601 3348 1668 3388 ne
1716 3342 1998 3403 peccatum

430 3435 532 3485 hoc
559 3433 640 3485 eis
671 3431 1052 3499 imputaretur,
1082 3441 1270 3488 orans,
1304 3424 1563 3496 quoniam
1594 3435 1647 3480 et
1681 3424 2003 3494 promissio-

431 3537 554 3576 nem
586 3519 886 3581 audiverat,
928 3525 982 3571 et
1022 3531 1170 3585 spem
1199 3531 1325 3570 cum
1361 3516 1449 3580 iis,
1493 3531 1613 3587 quae
1642 3517 2000 3590 apparebant,

430 3627 730 3682 congruere
758 3618 812 3664 et
844 3600 1137 3664 convenire
1168 3606 1414 3663 videbat.
1450 3607 1584 3665 Nam
1603 3625 1728 3662 cum
1758 3609 2003 3665 audisset

431 3721 548 3767 eos,
607 3703 698 3774 qui
750 3710 971 3772 propter
1023 3699 1309 3754 Dominum
1365 3701 1798 3771 persecutionem
1855 3701 2002 3774 passi

432 3806 637 3862 issent,
696 3797 750 3849 in
787 3811 956 3865 regno
993 3795 1258 3848 etnlorum
1312 3803 1627 3848 νονειιιυιοε
1671 3809 1815 3858 esse,
1869 3792 2000 3848 dum

434 3889 868 3961 persecutionem
901 3893 1198 3956 pateretur,
1233 3885 1368 3938 vidit
1398 3885 1448 3939 id
1475 3885 1618 3955 quod
1643 3887 1998 3956 sperabatur:

433 3978 672 4032 currenti
714 3977 857 4031 enim
893 3976 942 4029 ei
984 3991 1078 4045 per
1105 3975 1530 4042 confessionem,
1563 3975 1710 4047 quod
1745 3977 2005 4048 speraba-
2053 3984 2056 3988 ’

436 4085 544 4135 ιιιι·,
582 4068 918 4130 ostenditur,
952 4068 1150 4121 coelum
1178 4077 1450 4138 apertum,
1507 4068 1690 4123 divina
1719 4070 1892 4140 gloria
1935 4071 1996 4125 ad

2109 4079 2507 4149 ἀγωνιζόμενον
2555 4079 2874 4149 συμμαχίαν
2909 4077 3209 4148 παραδηλοῖ
3240 4077 3307 4130 δι’
3338 4078 3691 4146 αἰνίγματος,

437 4171 712 4217 certamen
771 4161 1046 4214 currentis
1097 4159 1164 4214 de
1225 4161 1689 4230 supramundanis
1752 4163 2004 4232 partibus
2047 4165 2069 4201 "-

435 4255 779 4323 despectans,
819 4250 907 4304 ille
953 4249 1091 4318 ipse,
1125 4251 1216 4319 qui
1252 4251 1306 4304 in
1348 4252 1746 4308 certaminibus
1787 4256 2005 4310 athletae
2047 4236 2071 4264 δ

437 4344 750 4399 testimonio
792 4342 1120 4397 celebratur.
1151 4341 1284 4396 Nam
1326 4345 1670 4414 praesidentis
1715 4349 2002 4410 certamini

2091 515 2182 550 τον
2213 499 2258 550 δ’
2286 499 2353 553 ἂν
2379 501 2467 568 εἴη
2493 499 2558 552 δι’
2592 498 3005 569 ὑποδειγμάτων
3037 499 3183 568 ἡμᾶς
3221 497 3317 551 τοῦ
3344 497 3508 565 λόγου
3539 515 3670 549 κατ·-

2096 588 2225 642 ιδεῖν
2245 590 2345 660 τὴν
2377 590 2636 646 διάνοιαν.
2665 590 2762 654 Τίς
2787 591 2885 642 ούκ
2916 586 3073 656 οἶδεν,
3103 591 3212 660 ὅσῳ
3237 588 3332 642 τοῦ
3351 587 3672 650 ἀγαπᾶσθαι

2091 682 2154 734 τὸ
2177 682 2623 736 ἐπιϐουλεύεσθαι
2645 682 3024 754 χαλεπώτερον
3053 683 3302 753 κέκριται
3321 699 3336 748 ;
3353 687 3533 742 Τοῦτο
3555 685 3678 756 μένα

2092 790 2175 826 τοι
2218 775 2474 840 πολλάκις
2517 777 2578 829 τὸ
2609 774 2799 829 δοκοῦν
2838 775 3092 846 χαλεπὸν,
3137 776 3232 830 καὶ
3265 777 3364 845 τῆς
3413 774 3555 827 κατά
3578 776 3670 825 τὶν

2095 864 2207 936 βίον
2236 866 2422 920 τοῦτον
2461 867 2756 939 εύκληρίας
2790 867 3001 930 πολλοῖς
3048 866 3221 920 αἴτιον
3263 865 3511 934 γίνεται,
3556 860 3671 916 οἷον

2094 959 2222 1028 περὶ
2251 957 2344 1010 τοῦ
2393 959 2589 1028 Ἰωσὴφ
2618 961 2647 1011 6
2674 958 2831 1028 λόγος
2860 957 3215 1012 ἐνδείκνυται·
3261 957 3320 1019 ὃς
3353 956 3642 1010 ἐπιϐουλευ

2094 1049 2207 1113 θεὶς
2240 1051 2389 1122 παρά
2431 1050 2538 1102 τῶν
2583 1049 2847 1119 ἀδελφῶν.
2896 1049 2990 1101 καὶ
3029 1049 3127 1118 τῆς
3174 1048 3291 1118 μετ’
3324 1047 3508 1102 αὐτῶν
3543 1064 3670 1099 συν-

2091 1141 2367 1210 διαγωγῆς
2400 1141 2712 1204 ἀπελαθεὶς,
2748 1141 2834 1194 διὰ
2873 1141 2973 1209 τῆς
3002 1141 3253 1210 πράσεως
3285 1140 3540 1208 βασιλεὺς
3571 1141 3668 1192 ἀν-

2093 1232 2306 1304 εδείχθη
2331 1232 2439 1284 τῶν
2468 1230 3019 1294 ὲπιὸεόουλευκότων,
3053 1231 3152 1284 οὐκ
3186 1231 3250 1282 ἂν
3296 1231 3430 1293 ἴσως
3476 1229 3672 1297 1:905).-

2093 1327 2201 1380 θὼν
2251 1327 2342 1381 ἐπὶ
2388 1326 2449 1380 τὸ
2489 1324 2803 1397 τηλικοῦτον
2837 1324 3071 1394 ἀξίωμα,
3115 1323 3190 1396 μὴ
3231 1323 3326 1376 τοῦ
3356 1322 3554 1390 φθόνου
3581 1321 3673 1374 διὰ

2093 1421 2191 1490 τῆς
2222 1420 2511 1490 ἐπιϐουλῆς
2541 1420 2754 1489 ἐκείνης
2792 1419 2890 1490 τὴν
2925 1419 3198 1489 βασιλείαν
3231 1419 3668 1485 ὁδοποιήσαντος.

2095 1513 2305 1584 Ὥσπερ
2327 1512 2506 1572 τοίνυν
2536 1512 2588 1564 εἴ
2620 1528 2703 1574 τις
2733 1511 2827 1565 τοῦ
2851 1511 3132 1582 μέλλοντος
3160 1509 3253 1580 τὴν
3279 1510 3482 1578 γνῶσιν
3509 1509 3671 1579 ἔχων,

2091 1607 2321 1674 προεῖπε
2349 1603 2426 1674 τῷ
2464 1603 2776 1675 ’1ωσὴφ.ὄτι
2791 1602 3214 1664 Ἐπιϐουλευθεὶς
3250 1601 3523 1672 μακάριος
3548 1601 3670 1671 ἔσῃ,

2093 1699 2192 1751 οὐκ
2214 1696 2279 1750 ἂν
2307 1699 2372 1751 ἐκ
2396 1695 2489 1751 τοῦ
2518 1696 2808 1769 προχείρου
2835 1694 3058 1758 πιθανὸς
3101 1694 3244 1760 ἔδοξε
3280 1693 3359 1765 τῷ
3394 1691 3672 1751 ἀκούοντι,

3349 1785 3413 1837 οὐ
3462 1785 3576 1855 γὰρ
3607 1785 3674 1836 ἂν

2092 1877 2246 1948 ᾠήθη
2273 1877 2496 1933 δυνατὸν
2538 1873 2676 1931 εἶναι
2704 1877 2878 1946 κακῆς
2911 1877 3276 1947 προαιρέσεως
3305 1872 3512 1941 ἀγαθὸν
3542 1875 3677 1928 ἀνα-

2091 1968 2366 2040 δειχθῆναι
2391 1968 2454 2021 τὸ
2477 1969 2647 2039 πέρας
2678 1983 2694 1998 °
2742 1968 2888 2021 οὕτω
2915 1967 2980 2038 δὴ
3007 1967 3101 2020 καὶ
3130 1965 3359 2020 ἐνταῦθα
3387 1968 3417 2019 6
3440 1965 3554 2022 τῶν
3585 1983 3676 2017 τυ-

2097 2063 2303 2134 ράννων
2327 2064 2441 2126 τοῖς
2469 2065 2679 2125 πιστοῖς
2705 2062 3043 2132 ἐπαγόμενος
3063 2060 3321 2130 διωγμὸς,
3352 2061 3493 2114 πολὺ
3533 2059 3677 2113 κατά

2094 2154 2194 2224 τὴν
2221 2154 2469 2224 αἴσθησιν
2495 2153 2556 2206 τὸ
2587 2153 2832 2220 ἀλγεινὸν
2862 2153 3020 2223 ἔχων,
3061 2153 3505 2224 δυσπαράδεκτον
3532 2157 3677 2208 ποιεῖ

2094 2247 2206 2308 τοῖς
2267 2243 2726 2315 σαρκωδεστέροις
2773 2244 2871 2316 τὴν
2917 2243 3008 2298 διὰ
3041 2243 3149 2298 τῶν
3190 2245 3455 2311 ἀλγεινῶν
3492 2246 3676 2308 αὐτοῖς

2097 2335 2462 2406 προκειμένην
2487 2336 2586 2406 τῆς
2617 2335 2892 2406 βασιλείας
2920 2335 3107 2388 ἐλπίδα
3125 2352 3140 2366 ·
3179 2337 3296 2392 ἀλλ’
3327 2339 3358 2391 6
3383 2337 3591 2408 Κύριος
3614 2337 3679 2390 sb

2097 2427 2296 2496 σαθρὸν
2346 2425 2614 2499 ὑπεριδὼν
2664 2428 2763 2496 τῆς
2820 2426 3035 2496 φύσεως
3058 2469 3074 2494 ,
3130 2431 3521 2499 προαναφωνεῖ
3565 2431 3677 2491 τοῖς

2096 2517 2522 2588 ἀσθενεστέροις,
2565 2513 2676 2572 οἶόν
2709 2521 2824 2572 ἐστι
2849 2519 2949 2588 τῆς
2993 2520 3230 2588 ἀγωνίας
3261 2520 3323 2572 τὸ
3362 2520 3561 2590 πέρας,
3593 2521 3678 2572 ἵνα

2096 2614 2163 2684 τῇ
2183 2611 2281 2682 τῆς
2311 2610 2581 2685 βασιλείας
2609 2611 2782 2670 ἐλπίδι
2805 2611 2902 2683 τὴν
2925 2612 3257 2683 πρόσκαιρον
3282 2613 3390 2665 τῶν
3413 2613 3681 2681 ἀλγεινῶν

2098 2702 2350 2773 αἴσθησιν
2379 2702 2616 2769 εὐκόλως
2648 2703 3146 2757 καταπαλαίσωσιν.
3183 2703 3280 2762 Διά
3304 2703 3468 2757 τοῦτο
3496 2706 3680 2776 χαίρει

2096 2797 2126 2848 6
2158 2795 2330 2864 μέγας
2373 2795 2644 2866 Στέφανος
2678 2795 2862 2868 κύκλῳ
2893 2795 3410 2866 καταλιθαζόμενος,
3441 2799 3540 2852 καὶ
3567 2791 3681 2850 οἷόν

2097 2903 2220 2939 τινα
2245 2886 2432 2956 δρόσον
2459 2887 2640 2956 ἡδεῖαν
2667 2885 2962 2959 προθύμως
2987 2887 3064 2958 τῷ
3091 2886 3300 2958 σώματι
3331 2889 3549 2959 δέχεται
3582 2889 3681 2952 τὰς

2100 2977 2434 3046 ἐπαλλήλους
2463 2977 2572 3032 τῶν
2611 2978 2776 3032 λίθων
2809 2979 3058 3048 νιφάδας,
3096 2980 3189 3032 καὶ
3230 2979 3508 3048 εὐλογίαις
3555 2983 3683 3044 τοὺς

427 3078 490 3115 ac
518 3070 683 3114 vclutt
723 3073 944 3114 suavem
968 3070 1258 3126 quemnam
1293 3070 1472 3110 rorem
1499 3070 1724 3110 creoros
1759 3070 1996 3124 rapidum

427 3158 589 3216 ictus,
624 3153 678 3206 iu
713 3150 933 3205 modum
966 3150 1260 3202 ﬂoccorum
1296 3149 1437 3202 nivis
1471 3147 1852 3208 incidentium,
1881 3160 1996 3200 cor-

2106 3070 2521 3139 μιαιφονοῦντας
2563 3070 2871 3142 ἀμείϐεται,
2915 3073 2990 3143 μὴ
3034 3073 3224 3142 στῆναι
3262 3073 3362 3144 τὴν
3403 3074 3684 3144 ἁμαρτίαν

2101 3161 2311 3216 τούτοις
2353 3163 2536 3216 αὐτοῖς
2573 3163 2970 3216 ἑπευνόιιενοε’
3019 3164 3204 3216 ἐπειδὴ
3233 3166 3328 3216 καὶ
3366 3167 3467 3216 τῆς
3510 3168 3684 3216 ἐπαγ-

2100 3161 2311 3226 τούτοις
2353 3163 2536 3227 αὐτοῖς
2573 3163 2970 3235 ἐπευχόμενος’
3019 3164 3204 3235 ἐπειδὴ
3233 3166 3328 3218 καὶ
3366 3167 3467 3236 τῆς
3510 3168 3684 3234 ἐπαγ-

2101 3253 2287 3320 γελίας
2319 3253 2540 3324 ἤκουσε,
2587 3255 2679 3308 καὶ
2707 3253 2804 3326 τὴν
2834 3255 3022 3308 ἐλπίδα
3045 3258 3157 3318 τοῖς
3188 3256 3539 3325 φαινομένοις
3579 3253 3683 3309 εἶδε

2104 3345 2525 3415 συμϐαίνουσαν.
2564 3346 2652 3400 Ἐν
2677 3347 2923 3419 βασιλείᾳ
2948 3348 3055 3419 γὰρ
3080 3347 3326 3419 οὐρανῶν
3347 3350 3478 3412 τοὺς
3495 3349 3687 3402 ἕνεκεν

2101 3436 2196 3489 τοῦ
2227 3438 2431 3507 Κυρίου
2455 3438 2847 3508 δεδιωγμένους
2890 3438 3127 3503 ἀκούσας
3168 3440 3444 3507 γενέσθαι,
3479 3436 3589 3494 εἶδε
3623 3443 3686 3494 τὸ

2104 3527 2570 3599 προσδοκώμενον,
2607 3531 2664 3582 ἐν
2690 3523 2736 3597 ᾧ
2763 3529 3032 3585 ἐδιώκετο.
3073 3531 3336 3602 Τρέχοντι
3379 3531 3492 3602 γὰρ
3533 3532 3691 3601 αὖτῷ

2103 3619 2188 3674 διὰ
2215 3620 2316 3688 τῆς
2344 3620 2648 3690 ὁμολογίας,
2681 3621 2742 3674 τὸ
2767 3621 3116 3692 ἐλπιζόμενον
3137 3621 3430 3685 δείκνυται,
3455 3622 3688 3692 οὐρανὴς

2104 3712 2470 3783 ἀνοιγόμενος,
2505 3714 2540 3783 ἡ
2586 3712 2705 3765 θεία
2749 3712 2874 3778 δόξα
2917 3712 3052 3784 πρὸς
3093 3711 3183 3764 τὸν
3214 3711 3403 3778 ἀγῶνα
3430 3712 3528 3765 τοῦ
3558 3714 3689 3782 τρέο

2105 3821 2290 3876 χοντος
2333 3805 2397 3857 ἐκ
2439 3805 2536 3875 τῆς
2565 3804 2935 3876 ὑπερκοσμίου
2981 3804 3189 3873 λήξεως
3229 3802 3688 3867 κατακύπτουσα,

2107 3893 2268 3958 αὐτὸς
2299 3895 2328 3946 6
2371 3896 2428 3948 ὲν
2456 3897 2568 3957 τοῖς
2618 3893 2828 3963 ἀγῶσιν
2859 3893 2964 3946 ὑπὸ
2987 3893 3077 3946 τοῦ
3107 3892 3340 3963 ἀθλητοῦ
3379 3895 3694 3964 μαρτυρίης-

2110 4004 2289 4058 μενος.
2329 3987 2396 4040 Ἦ
2423 3987 2534 4057 γὰρ
2566 3987 2658 4040 τοῦ
2691 3985 3027 4054 ἀγωνοθέτου
3063 3986 3250 4049 στάσις
3282 3987 3384 4055 τὴν
3422 3985 3563 4056 πρὸς
3597 3987 3694 4039 τὶν

2106 4171 2183 4234 ὡς
2224 4171 2290 4225 ἂν
2331 4172 2420 4226 διὰ
2459 4171 2650 4224 τούτου
2684 4171 2946 4242 μάθοιμεν
2975 4171 3064 4222 τὸν
3107 4169 3266 4223 αὐτὸν
3301 4165 3442 4222 εἶναι
3476 4170 3692 4227 καὶτὸν

2109 4260 2414 4315 διατιθέντα
2440 4262 2566 4324 τοὺς
2597 4261 2810 4325 ἄθλους,
2835 4262 2929 4314 καὶ
2953 4260 3042 4313 τὸν
3072 4259 3211 4313 κατά
3233 4259 3342 4311 τῶν
3375 4259 3692 4313 ἀντιπάλων

2108 4356 2219 4417 τοῖς
2269 4353 2421 4417 ἰδίοις
2469 4355 2797 4422 ἀγωνισταῖς
2840 4352 3244 4423 συνιστάμενον.
3295 4352 3362 4405 Τί
3400 4353 3588 4405 τοίνυν
3625 4353 3692 4406 ἂν

437 4437 598 4490 statio
657 4449 752 4504 per
796 4432 1024 4502 aanigma
1077 4443 1242 4503 atque
1289 4435 1578 4490 verborum
1635 4435 1996 4501 involucrum1

2109 4444 2193 4516 εἴη
2246 4443 2660 4516 μακαριώτερον
2710 4443 2805 4497 τοῦ
2854 4444 2944 4498 διὰ
2990 4443 3080 4497 τὸν
3135 4443 3339 4514 Κύριον
3388 4444 3691 4514 δεδιωγμέ-

438 4524 723 4584 auxilium,
773 4523 917 4593 quod
956 4523 1186 4577 certanti
1248 4521 1544 4588 ferebatur,
1593 4527 1888 4599 signiﬁcat,
1949 4539 2010 4588 ut

2113 4554 2204 4590 νου
2231 4574 2247 4601 ,
2307 4530 2352 4604 ᾧ
2399 4535 2644 4618 ιύπάρχει
2719 4536 3126 4607 συναγωνιστὴν
3187 4536 3280 4588 τὸν
3340 4536 3690 4606 ἀγωνοθέτην

438 4632 534 4686 per
569 4617 671 4670 hoc
709 4616 989 4670 discamus
1018 4615 1264 4670 eumdem
1295 4631 1418 4672 esse
1453 4625 1508 4672 et
1535 4634 1683 4683 eum,
1713 4623 1807 4694 qui
1827 4634 2009 4682 certa-
2111 4628 2252 4698 ἔχειν
2279 4644 2295 4693 ;

438 4712 584 4766 mina
658 4709 876 4763 ordinet
936 4720 1097 4775 atque
1143 4707 1394 4778 disponat
1447 4717 1501 4764 et
1545 4727 1669 4768 eum
1719 4717 1814 4785 qui
1862 4734 2011 4790 cum,
2053 4724 2169 4778 suis
2225 4719 2590 4775 certatoribus
2647 4725 2701 4772 et
2731 4717 2951 4772 athletis
2981 4725 3172 4772 contra
3196 4717 3547 4774 adversarios
3567 4735 3694 4776 con-

438 4810 617 4894 sistat.
651 4807 790 4872 Quid
841 4806 1005 4876 igitur
1055 4807 1268 4860 beatius
1322 4806 1485 4861 fuerit
1529 4824 1617 4876 eo,
1648 4814 1740 4881 qui
1789 4825 1996 4886 propter

2101 4819 2339 4873 ominum
2378 4815 2809 4886 persecutionem
2847 4815 3105 4884 patiatur,
3135 4816 3221 4868 cui
3250 4815 3378 4870 licet
3450 4818 3506 4870 in
3575 4833 3692 4872 cer-

437 4903 642 4956 tamine
671 4901 973 4968 adjutorem
1005 4899 1319 4952 certaminis
1351 4902 1632 4969 praesidem
1669 4905 1905 4964 habere?

509 4994 694 5064 Neque
725 4995 869 5048 enim
899 4993 1057 5048 facile
1095 5001 1200 5057 est,
1237 5006 1400 5064 atque
1425 4998 1566 5051 haud
1595 5001 1711 5054 scio
1741 5018 1810 5056 an
1839 5006 2005 5060 etiam

439 5097 667 5153 prorsus
697 5081 813 5136 fieri
842 5098 952 5136 non
985 5082 1175 5151 possit,
1236 5093 1292 5136 ut
1328 5083 1490 5174 rebus
1516 5102 1613 5156 per
1663 5089 1805 5145 banc
1841 5093 2008 5148 vitam

433 5174 720 5245 jucundis,
777 5190 898 5239 qua:
939 5182 1226 5244 apparent,
1270 5176 1469 5245 aliquis
1517 5179 1772 5246 praeferat
1809 5182 2008 5238 bonum

439 5265 583 5332 quod
631 5281 739 5320 non
780 5273 1028 5336 apparet,
1093 5273 1151 5318 ut
1200 5266 1361 5321 facile
1411 5269 1498 5322 vel
1529 5269 1738 5326 :cdibus
1788 5275 2011 5343 expelli,

2153 5000 2312 5059 οὐδὲ
2345 4999 2453 5068 γὰρ
2483 4998 2591 5050 τῶν
2629 4997 2864 5050 εύκόλων
2907 4999 3057 5050 ἐστὶν
3081 5039 3096 5062 ,
3142 4999 3283 5068 τάχα
3330 5000 3388 5053 δὲ
3429 5004 3528 5055 καὶ
3561 5002 3694 5056 καθ·

2106 5091 2254 5156 ἀπαξ
2277 5091 2555 5154 ἀδύνατον,
2586 5088 2696 5142 τῶν
2727 5089 2868 5143 κατά
2900 5089 2998 5162 τὴν
3027 5091 3172 5161 ζωὴν
3201 5092 3407 5164 ταύτην
3432 5095 3606 5164 ἡδέων
3637 5097 3694 5148 τὸ

2114 5186 2190 5256 μὴ
2224 5183 2549 5254 φαινόμενον
2587 5180 2792 5249 ἀγαθὸν
2825 5183 3161 5253 προτιμῆσαι
3193 5183 3297 5237 τῶν
3327 5187 3690 5256 φαινομένων,

2111 5277 2252 5330 ὥστε
2281 5275 2478 5346 ῥαδίως
2508 5273 2721 5327 ἑλέσθαι
2745 5273 2887 5338 τινά,
2916 5275 2948 5346 ἦ
2973 5275 3073 5345 τῆς
3102 5277 3278 5339 οἰκίας
3304 5277 3693 5349 ὲξοικισθῆναι,

440 5360 523 5411 vel
550 5359 618 5411 ab
642 5373 809 5412 uxore
831 5367 885 5411 et
915 5358 1122 5419 liberis,
1174 5373 1204 5410 a
1234 5357 1523 5424 fratribus,
1565 5363 1873 5429 sororibus,
1917 5381 1996 5435 pa-

2112 5367 2146 5437 ἢ
2185 5368 2430 5436 γαμετῆς
2461 5367 2555 5418 καὶ
2587 5365 2814 5429 παίδων,
2848 5365 3095 5434 ἀδελφῶν
3125 5383 3183 5418 τε
3213 5367 3306 5418 καὶ
3339 5369 3570 5433 γονέων,
3604 5370 3696 5422 καὶ

443 5449 690 5504 rentibus
730 5457 784 5502 et
825 5450 1130 5518 aequalibus
1165 5451 1466 5518 segregari,
1515 5461 1571 5506 et
1607 5455 1851 5508 omnium
1889 5473 2011 5526 qua:

444 5555 541 5608 per
571 5543 732 5592 vitam
763 5541 1000 5605 jucunda
1031 5556 1093 5592 ac
1119 5546 1308 5595 suavia
1338 5549 1487 5605 sunt,
1518 5559 1718 5612 expers
1745 5562 1868 5600 esse
1893 5565 2010 5601 ma-

445 5626 526 5685 lit,
571 5625 672 5677 nisi
703 5627 817 5693 ipse
848 5626 1108 5680 Dominus
1157 5641 1305 5689 eum,
1337 5628 1428 5695 qui
1467 5629 1623 5694 juxta
1670 5633 2010 5700 propositum

447 5722 670 5768 vocatus
699 5715 878 5770 fuerit.
903 5718 966 5769 ad
989 5718 1185 5770 bonum
1219 5718 1458 5786 adjuvet.
1496 5720 1667 5784 Quem
1691 5723 1834 5777 enim
1869 5739 2007 5792 pra:-

2117 5456 2415 5526 ομηλίκων,
2446 5457 2538 5510 καὶ
2567 5455 2783 5509 πάντων
2808 5456 2917 5508 τῶν
2954 5459 3091 5510 κατά
3129 5458 3218 5510 τὸν
3250 5457 3365 5526 βίον
3391 5459 3569 5527 ἡδέων
3597 5459 3696 5523 ἔξω

2120 5545 2397 5612 γενέσθαι,
2445 5547 2521 5614 μὴ
2573 5545 2738 5600 αὑτοῦ
2775 5546 2870 5598 τοῦ
2906 5547 3111 5618 Κυρίου
3141 5547 3532 5618 συνεργοῦντος
3561 5564 3695 5618 προς

2118 5636 2181 5689 τὸ
2210 5636 2412 5704 ἀγαθον
2437 5635 2515 5707 τῷ
2556 5637 2697 5690 κατά
2749 5634 3007 5705 πρόθεσιν
3054 5638 3236 5708 κλητῷ
3277 5640 3548 5707 γεγονότι.
3604 5641 3694 5691 Ὃν

2120 5725 2228 5794 γὰρ
2260 5727 2642 5796 προγινώσκει,
2678 5725 2857 5789 καθώς
2885 5744 3046 5797 φησιν
3077 5732 3106 5783 ὁ
3146 5730 3490 5797 Ἀπόστολος,
3511 5729 3692 5784 τοῦτον
