3838 6220
189 373 334 439 1297

1221 385 1314 441 ac
1349 387 1944 446 BEATITUDINIBUS.
1993 366 2252 449 ORATIO
2290 393 2420 449 \‘lll.

3307 369 3448 444 testa

191 501 288 548 καὶ
335 495 637 567 προορίζει,
681 495 775 551 καὶ
807 498 979 560 καλεῖ,
1029 501 1123 556 καὶ
1167 501 1388 564 δικαιοῖ,
1421 505 1515 556 καὶ
1545 505 1758 570 δοξάζει

1888 509 2090 566 nosrit.
2125 516 2181 562 ut
2219 509 2398 578 inquit
2439 505 2755 577 Apostolus,
2803 503 2951 558 hunc
2997 509 3052 558 et
3099 504 3451 572 prmdcstinat

203 586 424 656 Ἐπειδὴ
452 587 634 639 τοίνυν
667 586 972 656 συμφύεταί
1004 607 1121 654 πως
1150 593 1183 661 ἡ
1216 591 1362 664 ψυχὴ
1410 593 1498 647 διὰ
1529 595 1638 647 τῶν
1670 613 1776 648 σω-

191 679 444 747 ματικῶν
483 677 790 748 αἰσθήσεων
830 679 967 748 πρὸς
995 680 1063 733 τὰ
1108 681 1239 752 ἡδέα
1279 682 1373 735 τοῦ
1417 684 1555 752 βίου,
1588 687 1682 740 καὶ
1705 689 1771 758 τῇ

185 770 414 840 εὐχροίᾳ
440 769 537 839 τῆς
569 767 701 838 ὕλης
728 771 814 823 διά
835 771 944 823 τῶν
966 771 1260 843 ὀφθαλμῶν
1279 776 1654 847 ἐπιτέρπεται,
1679 779 1775 831 καὶ

135 923 160 940 ,⁸
183 865 253 932 τῇ
276 865 415 932 ἀκοῇ
447 864 583 934 πρὸς
627 864 694 916 τὰ
727 865 858 933 ἡδέα
903 864 1011 918 τῶν
1043 867 1408 938 ἀκροαμάτων
1451 869 1551 942 τὴν
1601 871 1773 943 ῥοπὴν

103 939 335 1022 (ἔχει,
383 957 450 1025 τῇ
497 972 558 1007 τε
607 957 870 1026 ὀσφρήσει
917 959 1011 1010 καὶ
1043 961 1108 1030 τῇ
1161 959 1346 1027 γεύσει
1390 939 1768 1034 καίντῇνάςρῇ,

182 1046 326 1099 καθδ
363 1049 613 1117 πέφυκεν
654 1048 869 1112 οἰκείως
926 1049 1070 1121 ἔχειν
1112 1053 1315 1124 ἑκάστῃ
1354 1055 1766 1109 συνδιατίθεται.

117 1209 122 1212 ν
179 1139 284 1192 Διὶ
317 1139 476 1192 τοῦτο
509 1137 620 1193 οἷόν
649 1157 765 1194 τινι
787 1141 901 1212 ἥλῳ
941 1142 1079 1214 πρὸς
1117 1145 1185 1198 τὰ
1232 1145 1364 1216 ῆδέα
1410 1145 1505 1200 τοῦ
1551 1147 1668 1216 βίου
1700 1151 1766 1219 τῇ

174 1231 476 1303 αἰσθητικῇ
521 1233 746 1303 δυνάμει
781 1235 1260 1307 προσκολλωμένη,
1296 1238 1768 1306 δυσαποσπάστως

178 1320 299 1390 ἔχει
338 1322 562 1385 τούτων,
596 1320 680 1388 οἷς
710 1326 951 1397 συνεφύη
981 1327 1465 1399 προσκολληθεϊσα,
1510 1332 1601 1385 καὶ
1628 1331 1769 1385 κατὰ

175 1415 284 1477 τάς
332 1414 573 1484 χελώνας
621 1417 713 1469 καὶ
743 1419 872 1481 τοὺς
910 1418 1130 1488 κοχλίας
1172 1414 1283 1474 οἷόν
1326 1439 1432 1475 τινι
1463 1423 1767 1494 ὀστρακίνῳ

181 1502 505 1574 καλύμματι
547 1505 863 1577 ἐνδεδεμένη
905 1507 1270 1580 δυσπόρευτός
1320 1511 1438 1564 ἐστι
1481 1513 1618 1582 πρὸς
1668 1513 1767 1577 τὰς

178 1593 436 1658 τοιαύτας
464 1597 726 1667 κινήσεις,
770 1598 890 1653 ὅλον
920 1601 1386 1674 συνεπισυρομένη
1432 1603 1525 1656 τοῦ
1563 1603 1678 1673 βίου
1707 1605 1767 1658 τὸ

179 1681 368 1750 ἄχθος.
402 1684 492 1737 Διδ
513 1687 606 1738 καὶ
634 1686 904 1752 εὐάλωτος
930 1689 1139 1756 γίνεται
1172 1692 1205 1761 ἡ
1237 1690 1410 1755 οὕτως
1433 1691 1632 1763 ἔχουσα
1656 1696 1769 1758 τοῖς

176 1772 436 1826 διώκουσι
467 1775 602 1845 πρὸς
628 1775 944 1847 δημεύσεως
973 1779 1222 1850 ἀπειλὴν,
1248 1781 1280 1852 ἢ
1308 1782 1531 1852 ζημίαν,
1563 1785 1596 1854 ἦ
1623 1801 1765 1848 τινος

1880 611 1934 652 et
1969 609 2147 662 vorat,
2179 609 2232 654 et
2257 599 2543 668 justificztt,
2575 601 2630 653 et
2658 595 3012 666 gloriﬁcat".
3048 593 3318 660 Quoniam
3351 596 3451 663 igi-

1881 697 1971 741 tur
1994 691 2172 742 anima
2214 706 2308 759 per
2335 701 2628 758 corporeus
2664 697 2861 742 sensus
2902 685 3311 754 quodammodo
3357 701 3452 738 ρος

1878 781 2072 835 aleseit
2099 797 2222 834 cum
2251 781 2627 850 voluptatibus
2651 781 2792 842 vitae,
2843 794 2906 832 ac
2935 779 3032 846 per
3075 778 3266 831 oculos
3298 777 3446 831 bono

1878 874 2121 928 materia:
2149 873 2333 928 colore
2356 874 2684 935 delectatur,
2718 879 2772 926 et
2805 871 3029 924 auribus
3063 867 3241 923 facilis
3273 876 3438 938 atque

1876 980 2144 1035 propensa
2189 974 2273 1021 est
2301 965 2366 1020 ad
2395 965 2668 1035 iucundas
2719 963 3064 1018 auditiones:
3096 962 3333 1028 itemque
3375 963 3450 1012 ol-

1876 1057 2044 1123 factu,
2077 1065 2321 1130 gustatu,
2351 1061 2629 1126 tactuque,
2660 1061 2820 1127 prout
2858 1056 3057 1126 cuique
3091 1057 3284 1108 harum
3319 1060 3445 1108 sen-

1875 1164 2034 1205 suum
2093 1153 2406 1215 conven'u‘e',
2466 1159 2522 1206 et
2569 1161 2762 1204 natura
2810 1149 3282 1202 accommodatum
3321 1159 3446 1201 esse

1873 1242 2034 1306 solet,
2069 1255 2176 1296 ima
2223 1241 2476 1305 adicitur,
2521 1241 2732 1295 ideirco
2789 1241 2953 1294 Veluti
2993 1241 3147 1294 clavo
3201 1237 3437 1308 quodam

1872 1333 2144 1388 sentiendi
2175 1334 2226 1387 vi
2257 1333 2322 1386 ad
2359 1334 2483 1388 vita:
2528 1334 2832 1401 voluptates
2863 1331 3037 1392 aliixa,
3059 1331 3344 1384 diliiculter
3376 1330 3445 1383 ah

1874 1425 1981 1485 his,
2013 1424 2214 1495 quibus
2234 1425 2616 1478 adhaerescens
2645 1425 2931 1488 coaluerit,
2987 1422 3142 1476 avelli
3178 1422 3340 1483 solet,
3389 1417 3442 1471 ct

1872 1517 1926 1571 in
1950 1517 2166 1571 modum
2207 1516 2541 1571 testudinum
2571 1527 2624 1572 et
2675 1515 3023 1570 coehlearum
3063 1514 3229 1567 veluti
3282 1520 3445 1566 testa-

1871 1618 1969 1663 ceo
1998 1605 2232 1676 quodam
2263 1614 2577 1677 tegumento
2619 1607 2845 1676 illigata,
2896 1604 3154 1674 impedita
3185 1620 3249 1660 ac
3287 1603 3440 1655 tarda

1871 1707 1958 1754 est
1986 1698 2052 1753 ad
2078 1697 2349 1768 ejusmodi
2402 1709 2608 1763 motus,
2653 1713 2857 1767 quippe
2900 1706 3070 1750 totum
3126 1694 3287 1748 simul
3332 1704 3444 1748 tra-

1873 1791 2008 1845 hens
2043 1790 2164 1843 vitae
2201 1787 2432 1859 pondus.
2489 1789 2858 1855 Quamobrem
2909 1801 3032 1842 cum
3086 1787 3159 1840 ita
3191 1801 3309 1839 sese
3341 1785 3442 1838 ha-

179 1862 348 1915 ἄλλου
393 1864 510 1916 τῶν
551 1867 694 1920 κατά
743 1869 842 1938 τὴν
875 1868 1020 1940 ζωὴν
1051 1871 1255 1942 ταύτην
1288 1873 1762 1945 σπουδαζομένων,

1868 1882 2012 1945 beat,
2058 1883 2220 1935 etiam
2255 1881 2527 1951 preheuSu
2579 1879 2758 1935 facilis
2803 1877 3257 1950 persequentibus
3305 1876 3442 1928 essi-

177 1957 425 2028 εὐχερῶς
452 1959 727 2013 ἐνδιδοῦσα
772 1963 866 2015 καὶ
907 1962 1198 2035 ὑπόχειρος
1236 1968 1494 2040 γινομένη
1527 1969 1605 2040 τῷ
1637 1970 1764 2024 διώ-

175 2065 366 2102 κοντι·
419 2050 536 2103 ἀλλ’
583 2052 803 2106 ἐπειδὰν
835 2054 863 2106 ό
906 2054 1014 2119 ζῶν
1061 2057 1256 2125 λόγος,
1301 2059 1484 2123 καθώς
1531 2078 1693 2132 φησιν
1737 2065 1766 2117 ὁ

188 2141 536 2206 Ἀπὸστολος,
569 2144 597 2195 ὁ
623 2145 845 2215 ἐνεργὸς
871 2147 962 2200 καὶ
988 2149 1253 2219 τμητικὸς
1282 2151 1423 2220 ὑπὲρ
1448 2153 1628 2206 πᾶσαν
1656 2153 1762 2225 μά-

174 2249 380 2304 χαιραν
426 2233 699 2306 δίστομον,
747 2239 900 2303 ἐντὸς
941 2240 1166 2311 γένηται
1213 2242 1308 2296 τοῦ
1340 2243 1556 2315 ἀληθῶς
1586 2262 1765 2318 παρα-

169 2323 475 2394 δεξαμένου
522 2326 622 2396 τὴν
655 2327 861 2392 πίστιν,
915 2330 1008 2383 καὶ
1051 2330 1280 2404 διατέμῃ
1319 2333 1385 2387 τὰ
1411 2337 1596 2401 κακῶς
1628 2355 1766 2408 συμ-

174 2417 464 2486 πεφυκότα
488 2460 502 2482 ,
559 2419 653 2473 καὶ
704 2419 775 2474 τά
807 2422 906 2493 τῆς
939 2425 1227 2494 συνηθείας
1273 2427 1447 2498 δεσμὰ
1491 2429 1720 2503 διακόψῃ
1745 2450 1758 2463 ’

172 2507 322 2569 τότε,
356 2508 606 2581 xuiide
654 2526 706 2564 τι
737 2511 904 2582 ἄχθος
947 2517 1012 2584 τῇ
1051 2515 1194 2589 ψυχῇ
1247 2519 1624 2590 συνδεδεμένον
1665 2525 1765 2588 τὰς

173 2601 452 2670 κοσμικὰς
485 2604 678 2674 ἡδονάς
697 2643 713 2670 ,
752 2600 866 2659 οἷόν
894 2619 977 2670 τις
1005 2608 1238 2679 δρομεὺς
1275 2611 1385 2665 τῶν
1433 2613 1598 2684 ὤμων
1624 2617 1760 2669 ἀπο-

175 2691 504 2762 σεισάμενος
524 2734 538 2758 ,
587 2695 793 2765 κοῦφος·
832 2697 926 2750 καὶ
969 2699 1234 2772 εὐσταλὴς
1279 2703 1340 2755 τὸ
1385 2705 1492 2756 τῶν
1537 2705 1764 2774 ἀγώνων

176 2785 395 2839 στάδιον
442 2787 818 2860 διεξέρχεται,
874 2792 1206 2862 χειραγωγῷη
1244 2794 1380 2864 πρὸς
1429 2796 1522 2849 τὸν
1566 2797 1764 2868 δρόμον

171 2877 328 2948 αὐτῷ
369 2878 449 2950 τῷ
477 2880 788 2952 άγωνοθέτῃ
832 2881 1130 2953 χρώμενος.
1175 2885 1248 2937 Ut’)
1279 2887 1388 2958 γάρ
1418 2887 1518 2940 ὅσα
1545 2889 1761 2942 κατέλι-

173 2983 280 3020 πεν
309 2967 516 3038 βλέπει,
547 2969 662 3024 ἀλλ’
693 2973 793 3025 ὅσα
827 2972 1176 3044 μετέρχεται·
1208 2975 1329 3028 οὐδὲ
1357 2975 1494 3046 πρὸς
1516 2979 1576 3030 τὸ
1603 2978 1764 3032 κατό-

175 3077 274 3112 πιν
296 3061 396 3130 ἡδὺ
425 3061 516 3116 τδν
538 3062 816 3134 ὀφθαλμὸν
846 3065 1187 3137 ἐπιστρέφει,
1220 3067 1356 3121 ἀλλὰ
1386 3069 1522 3138 πρὸς
1547 3070 1608 3122 τὸ
1630 3088 1764 3142 προ-

1869 1959 1984 2036 stit,
2008 1975 2073 2028 ad
2095 1975 2361 2028 bonorum
2394 1973 2778 2044 pnhlicationis
2815 1971 3013 2032 minas,
3055 1979 3148 2022 aut
3205 1977 3434 2035 accepto

1866 2065 2068 2120 damno
2100 2065 2151 2119 in
2183 2066 2363 2135 aliqua
2395 2065 2499 2118 alia
2529 2078 2670 2118 reex
2693 2064 2759 2118 iis
2781 2079 2903 2132 quae
2932 2077 3028 2131 per
3074 2062 3216 2115 haue
3262 2061 3426 2114 vitam

1867 2165 2218 2226 expetuntur,
2248 2156 2406 2211 facile
2428 2155 2734 2209 concedens
2751 2162 2805 2209 et
2822 2152 3152 2207 submiltcns
3173 2166 3295 2204 sese
3317 2165 3413 2218 per
3428 2177 3443 2189 ο

1867 2247 2114 2316 sequenti
2131 2267 2144 2302 :
2159 2247 2250 2302 sed
2277 2248 2365 2301 ubi
2391 2246 2546 2301 vivus
2572 2259 2772 2304 sermo,
2798 2255 2855 2298 ut
2873 2244 3049 2314 inquit
3067 2242 3105 2295 Δ
3118 2239 3438 2312 postolus“,

1866 2338 2054 2392 ellieax
2099 2347 2155 2393 et
2192 2339 2341 2392 omni
2375 2339 2558 2408 gladio
2598 2337 2837 2408 aucipite
2863 2336 3076 2389 acutior
3117 2341 3434 2403 penetrave-

1869 2429 1938 2482 rit
1972 2428 2025 2482 in
2046 2444 2192 2494 enm,
2215 2430 2306 2498 qui
2333 2443 2458 2483 vere
2483 2427 2640 2482 tidem
2670 2427 2996 2497 susceperit.
3026 2433 3081 2480 et
3111 2425 3440 2480 dissecuerit

1864 2536 1949 2585 ea,
1981 2536 2104 2592 qua:
2127 2522 2269 2575 male
2297 2521 2628 2584 coaluerint,
2673 2529 2728 2574 et
2765 2516 3188 2573 consuetudinis
3223 2517 3439 2568 vincula

1867 2613 2113 2682 ruperit;
2153 2621 2305 2678 tunc,
2349 2628 2473 2666 cum
2526 2619 2783 2680 tanquam
2824 2608 3034 2678 pondus
3080 2607 3272 2660 anima:
3307 2615 3432 2659 con-

1867 2717 2066 2758 nexum
2103 2704 2410 2758 mundanas
2432 2703 2738 2772 voluptates
2781 2701 2944 2754 veluti
2976 2714 3170 2753 cursor
3207 2697 3430 2766 quidam

1865 2795 1935 2848 ab
1968 2794 2208 2849 humeris
2229 2793 2536 2848 excusserit
2557 2833 2572 2857 ,
2601 2793 2735 2847 levis
2781 2799 2834 2846 et
2865 2790 3148 2859 ettpeditus
3185 2789 3441 2842 certami-

1865 2897 1996 2939 num
2023 2883 2260 2940 stadinm
2286 2885 2574 2954 pet-Currit,
2619 2886 2736 2954 ipso
2776 2886 3137 2938 certaminum
3189 2881 3436 2952 pra-side,

1865 2977 2004 3032 duce
2046 2987 2098 3032 et
2132 2976 2383 3044 adjutore
2416 2984 2574 3032 utens
2603 2975 2670 3029 ad
2694 2988 2934 3030 cursum.
2968 2973 3085 3028 Non
3127 2974 3270 3028 enim
3313 2988 3438 3041 spe-

1869 3078 1979 3122 ctat
2005 3069 2070 3121 ad
2093 3083 2155 3123 ea
2186 3078 2305 3136 qua:
2331 3067 2571 3136 reliquit,
2620 3067 2712 3121 sed
2750 3073 2871 3136 quat
2901 3069 3072 3135 petit;
3110 3077 3285 3134 neque
3309 3080 3433 3117 ocu-

176 3151 437 3221 κείμενον
481 3153 685 3224 ἀγαθὸν
721 3155 860 3209 ἵεται
891 3171 906 3186 ⁸
958 3157 1078 3210 οὐδὲ
1105 3160 1172 3229 τῇ
1201 3157 1376 3230 ζημίᾳ
1421 3160 1530 3214 τῶν
1559 3163 1763 3232 γηΐνων

1871 3162 1979 3216 lunt
2024 3160 2293 3215 convertit
2345 3160 2411 3214 ad
2466 3161 2517 3214 id
2555 3158 2700 3230 quod
2745 3174 2774 3212 a
2816 3167 2971 3227 tergo
2999 3156 3310 3225 jucundum
3331 3163 3437 3218 est,

172 3242 490 3312 ἀλγύνεται,
527 3245 662 3300 ἀλλὰ
699 3246 778 3317 τῷ
815 3246 992 3318 κέρδει
1018 3247 1127 3301 τῶν
1159 3251 1498 3321 ἐπουρανίων
1531 3253 1762 3322 ἀγάλλει-ά

172 3350 290 3396 ται,
340 3334 430 3388 διὰ
468 3335 625 3390 τοῦτο
668 3339 777 3391 πᾶν
803 3339 1175 3410 κολαστηρίων
1198 3339 1356 3404 εἶδος,
1403 3342 1478 3404 ὼς
1510 3344 1766 3416 ἀφορμὴν

173 3427 270 3480 καὶ
298 3426 620 3497 συνέργειαν
652 3429 752 3499 τῆς
780 3435 1146 3502 προκειμένης
1186 3435 1382 3504 χαρᾶς,
1420 3435 1652 3505 ἑτοίμως
1677 3437 1764 3490 δέ-

171 3535 334 3588 χεται
352 3535 367 3549 ⁸
398 3517 460 3571 τὸ
487 3519 619 3592 πῦρ,
645 3521 723 3584 ὡς
747 3522 845 3592 τῆς
869 3520 1002 3592 ὕλης
1021 3523 1319 3594 καθάρσιον
1349 3541 1362 3553 ·
1403 3525 1462 3576 τὸ
1484 3522 1652 3593 ξίφος,
1689 3526 1765 3590 ὡς

169 3608 507 3681 διαιρετικὸν
534 3612 632 3682 τῆς
665 3612 800 3682 πρὸς
831 3613 899 3666 τά
948 3613 1122 3684 ὑλώδη
1166 3615 1260 3667 καὶ
1292 3615 1522 3687 σάρκινα
1551 3615 1643 3669 τοῦ
1670 3615 1762 3669 νοῦ

175 3703 461 3771 συμφυΐας
479 3719 494 3734 ⁸
526 3707 707 3759 πᾶσαν
734 3705 913 3758 πόνων
941 3722 999 3758 τε
1024 3707 1116 3760 καὶ
1135 3707 1467 3777 ἀλγημάτων
1497 3708 1766 3771 ἐπίνοιαν,

169 3793 253 3855 ὡς
289 3791 387 3846 τοῦ
424 3793 664 3866 πονηροῦ
710 3796 1038 3868 δηλητηρίου
1083 3797 1178 3852 τοῦ
1231 3799 1373 3851 κατὰ
1418 3800 1517 3869 τὴν
1570 3799 1766 3870 ἡδονὴν

169 3885 596 3956 ἀντιφάρμακον
626 3882 811 3954 οὖσαν,
837 3887 1130 3960 προθύμως
1158 3889 1387 3960 δέχεται.
1418 3891 1686 3964 Καθάπερ
1713 3895 1761 3945 οἱ

170 3977 648 4048 περιττωματικοὶ
679 3979 775 4031 καὶ
823 3978 1077 4049 χολώδεις
1102 4019 1119 4046 ,
1161 3979 1392 4050 ἑτοίμως
1442 3979 1618 4034 σπῶσι
1664 3985 1762 4052 τῆς

171 4067 386 4138 πικρᾶς
428 4069 768 4135 ἀντιδόσεως,
804 4071 880 4134 ὼς
917 4070 982 4125 ἂν
1023 4070 1090 4124 δι’
1137 4071 1352 4141 ἐκείνης
1393 4072 1455 4125 τδ
1486 4074 1764 4127 νοσοποιδν

171 4161 350 4213 αἴτιον
375 4159 742 4232 ἁποκλυσθείη
765 4178 778 4192 ⁸
812 4161 953 4216 οὕτω
973 4163 1186 4233 δέχεται
1213 4164 1242 4217 ὁ
1273 4163 1424 4232 παρὰ
1445 4165 1540 4217 τοῦ
1566 4165 1760 4238 ἐχθροῦ

165 4251 508 4321 διωκόμενος
537 4252 633 4306 καὶ
663 4253 798 4324 πρὸς
824 4253 916 4308 τὸν
959 4253 1092 4307 Θεὸν
1117 4255 1356 4322 φεύγων,
1399 4255 1498 4327 τὴν
1525 4256 1636 4309 τῶν
1666 4257 1763 4312 ἀλ-

168 4340 376 4410 γεινῶν
407 4340 676 4416 εἰσϐολὴν,
709 4344 1027 4416 σϐεστήριον
1077 4342 1242 4401 οὖσαν
1285 4348 1385 4416 τῆς
1414 4349 1536 4403 καθ’
1571 4349 1764 4420 ἡδονὴν

171 4433 461 4504 ἐνεργείας
491 4450 507 4466 ⁸
553 4435 654 4488 οὐκ
696 4435 811 4490 ἐστι
853 4436 962 4507 γάρ
999 4437 1228 4509 ἡσθῆναι
1257 4439 1349 4492 τὸν
1379 4439 1760 4511 ἀλγυνόμενον.

1866 3253 1962 3309 sed
1990 3253 2056 3307 ad
2085 3254 2422 3323 propositum
2450 3253 2651 3306 bonum
2685 3249 2966 3304 contendit
3027 3267 3040 3303 :
3098 3264 3272 3316 neque
3291 3248 3443 3300 dam-

1865 3359 1938 3400 no
1994 3355 2178 3399 rerum
2231 3353 2572 3398 terrenarum
2605 3340 2986 3405 contristatur,
3017 3339 3111 3393 sed
3140 3340 3293 3393 lucro
3320 3350 3436 3392 cce-

1866 3434 2082 3489 lestium
2116 3434 2360 3500 laetatur;
2393 3441 2679 3504 propterea
2710 3446 2874 3486 omne
2919 3430 3308 3499 suppliciorum
3345 3443 3436 3496 ge-

1865 3531 1971 3580 nus
2003 3533 2261 3594 tanquam
2291 3523 2594 3578 subsidium
2627 3531 2680 3576 et
2714 3522 2977 3574 auxilium
3000 3520 3266 3590 ιιι-ομοςίιί
3298 3536 3435 3589 gau-

1865 3615 1938 3669 dii
1970 3607 2117 3668 haud
2138 3619 2466 3667 cunctanter
2491 3612 2692 3682 exeipit
2718 3619 2773 3666 et
2810 3611 3076 3664 admittit:
3107 3613 3282 3680 ignem
3321 3617 3441 3662 tau-

1863 3716 2028 3777 quam
2105 3706 2347 3761 materia:
2414 3703 2851 3774 puriﬁcatorem;
2895 3703 3132 3773 gladium
3177 3709 3437 3771 tauquam

1865 3799 2252 3868 diremptorem
2310 3796 2736 3864 conjunCtiouis,
2797 3809 2903 3866 qua
2934 3808 3086 3848 meus
3113 3809 3236 3847 eum
3269 3801 3441 3845 matc-

1864 3890 2093 3945 r’talihus
2135 3899 2187 3944 et
2247 3888 2563 3942 carnalibus
2609 3886 2814 3940 eoaluit
2845 3903 2859 3939 :
2885 3893 3048 3954 atque
3091 3883 3147 3937 in
3202 3898 3438 3946 sunnna,

1867 3993 2058 4034 omnes
2079 3977 2370 4034 et’d‘elores
2401 3987 2455 4033 et
2487 3978 2721 4039 labores,
2767 3977 3084 4046 quicunque
3134 3973 3433 4044 excogitari

1864 4079 2116 4142 possunt,
2139 4079 2394 4138 tanquam
2431 4067 2890 4122 medicamentum
2929 4067 3093 4122 noxio
3142 4067 3438 4135 voluptatis

1865 4169 2073 4212 veneno
2105 4157 2428 4219 adversans,
2462 4156 2656 4226 cupide
2686 4165 2847 4224 atque
2883 4165 3072 4224 parato
3117 4159 3298 4209 animo
3343 4171 3439 4209 su-

1866 4251 2048 4321 scipit.
2083 4247 2551 4316 Quemadmodum
2582 4248 2739 4303 enim
2761 4247 2965 4313 biliosi,
3001 4249 3204 4319 quique
3241 4263 3438 4317 super-

1864 4343 1990 4398 {luis
2029 4343 2354 4398 humoribus
2402 4343 2706 4405 abundant,
2765 4349 2962 4396 amara
3011 4341 3246 4397 remedia
3295 4342 3439 4395 haud

1866 4444 2090 4506 gravate
2116 4435 2361 4501 sorbent,
2403 4441 2462 4487 ut
2509 4447 2605 4502 per
2637 4433 2727 4487 illa
2762 4447 2929 4487 causa
2964 4433 3138 4487 morbi
3193 4433 3438 4488 elﬁciens

186 4524 344 4580 Ἐπεὶ
367 4521 468 4580 οὖν
501 4525 568 4580 δι’
613 4529 806 4598 ἡδονῆς
831 4528 1078 4601 εἰσῆλθεν
1105 4532 1139 4602 ἡ
1189 4531 1454 4602 ἁμαρτία,
1485 4531 1574 4586 διὰ
1599 4533 1757 4588 τοῦτο

1868 4534 2246 4598 expurgetur:
2281 4525 2363 4580 ita
2423 4525 2517 4594 qui
2569 4524 2639 4580 ab
2702 4524 2930 4578 inimico
2983 4527 3240 4595 agitatur,
3279 4534 3334 4580 et
3370 4526 3440 4580 ad

168 4616 424 4670 ἐναντίου
448 4617 668 4682 πάντως
697 4619 1100 4691 ὲξελαθήσεται.
1148 4621 1358 4675 Οὐκοῦν
1394 4623 1444 4676 oi
1477 4622 1764 4689 διώκοντες

164 4704 265 4759 διὰ
285 4705 385 4778 τὴν
406 4709 488 4772 είς
517 4709 609 4764 τὸν
639 4711 844 4782 Κύριον
882 4712 1192 4783 ὁμολογίαν,
1221 4714 1317 4767 καὶ
1354 4715 1424 4768 τὰ
1458 4715 1764 4770 δυσϐάστα-

169 4816 282 4854 κτα
301 4796 410 4852 τῶν
440 4802 816 4876 κολαστηρίων
841 4805 1203 4874 ἐπινοοῦντες,
1224 4807 1466 4877 ἰατρείαν
1493 4808 1615 4862 τινὰ
1642 4811 1763 4873 ταῖς

168 4889 375 4960 ψυχαῖς
399 4891 487 4947 διὰ
507 4889 616 4947 τῶν
641 4895 819 4950 πόνων
850 4898 1202 4968 προσάγουσι,
1225 4901 1342 4961 ταῖς
1371 4899 1476 4952 τῶν
1498 4899 1762 4968 ἀλγεινῶν

173 4981 514 5052 προσϐολαῖς
562 4984 662 5058 τὴν
714 4986 838 5040 καθ’
909 4987 1101 5059 ἡδονὴν
1144 4988 1536 5062 θεραπεύοντες
1583 4990 1773 5045 νόσον.-

173 5071 338 5126 Οὕτω
367 5073 586 5146 δέχεται
616 5076 709 5130 τὸν
736 5078 970 5150 σταυρὸν
1000 5082 1030 5134 ὁ
1059 5081 1272 5146 Παῦλος
1305 5098 1320 5111 ⁸
1366 5083 1428 5136 τὸ
1459 5082 1610 5152 ξίφος
1655 5081 1761 5137 Ἰά-

171 5164 356 5230 κωϐος
382 5181 396 5195 ⁸
451 5168 581 5231 τοὺς
624 5167 802 5233 λίθους
857 5163 1126 5239 Στέφανος
1163 5189 1178 5204 ⁸
1241 5173 1333 5226 τὸν
1383 5174 1476 5228 ἐπὶ
1520 5174 1764 5246 κεφαλὴν

169 5255 648 5328 ἀνασκολοπισμδν
672 5261 701 5312 ὁ
729 5259 998 5330 μακάριος
1033 5257 1240 5333 Πέτρος
1264 5279 1278 5292 ⁸
1324 5265 1523 5329 πάντες
1547 5267 1594 5319 oi
1622 5266 1763 5336 μετά

167 5345 351 5400 ταῦτα
381 5345 485 5417 τῆς
512 5348 747 5413 πίστεως
777 5351 1094 5420 ἀγωνισταὶ,
1129 5353 1227 5417 τὰς
1255 5355 1626 5424 πολυτρόπους
1651 5358 1772 5411 τῶν

171 5437 554 5510 κολαστηρίων
597 5441 759 5507 ἰδέας,
802 5441 988 5515 θηρία,
1035 5442 1305 5516 βάραθρα,
1334 5448 1628 5516 πυρκαϊὰς,
1663 5450 1760 5512 τάς

171 5527 285 5582 τῶν
310 5529 542 5602 κρυμῶν
559 5529 773 5603 πήξεις,
799 5532 898 5596 τάς
915 5532 1030 5586 τῶν
1045 5532 1294 5605 πλευρῶν
1321 5535 1758 5606 ἀποσαρκώσεις,

166 5617 278 5696 τὰς
303 5619 416 5674 τῶν
443 5621 699 5692 κεφαλῶν
727 5622 1182 5695 περικυκλώσεις,
1227 5624 1326 5690 τὰς
1354 5625 1476 5682 τῶν-
1499 5629 1764 5700 ὀμμάτων

253 5797 300 5830 ⁸⁹
339 5797 500 5858 Rom.
529 5816 650 5868 vni,
679 5800 766 5856 30.
845 5803 892 5834 "
916 5799 1081 5858 Hebr.
1109 5818 1183 5869 tv,
1210 5803 1294 5858 12.

1866 4620 2036 4676 Deum
2071 4619 2232 4689 fugit,
2263 4618 2466 4688 excipit
2498 4631 2680 4672 rerum
2728 4617 3048 4671 acerbarnm
3093 4625 3148 4672 et
3181 4618 3438 4673 adversa-

1865 4729 1988 4767 rum
2029 4713 2318 4782 impetum,
2354 4718 2413 4762 ut
2447 4709 2542 4780 qui
2587 4709 2698 4762 vim
2754 4709 2956 4763 habeat
3009 4710 3308 4779 voluptatis
3351 4708 3433 4764 el-

1865 4801 2112 4856 ticaciam
2139 4799 2525 4870 exstinguendi
2563 4815 2577 4853 :
2621 4813 2731 4853 non
2780 4799 2925 4852 enim
2981 4799 3220 4868 gaudere
3261 4810 3438 4869 potest

1863 4892 1956 4965 qui
1987 4892 2157 4947 dolet.
2195 4890 2466 4957 Quoniam
2501 4887 2671 4960 igitur
2709 4901 2808 4960 per
2835 4890 3168 4960 voluptatem
3211 4891 3438 4945 intravit

1862 4993 2170 5056 peccatum.
2201 4999 2302 5055 per
2327 4985 2664 5038 contrarium
2690 4997 2920 5053 prorsus
2939 4983 3267 5053 expelletur.
3288 4983 3430 5052 Ergo

1863 5078 1956 5148 qui
2018 5085 2426 5147 persequuntur
2465 5087 2562 5164 eos
2590 5075 2682 5145 qui
2735 5073 3020 5129 Dominum
3072 5075 3426 5138 conﬁtentur,

1861 5178 1916 5226 et
1941 5170 2173 5223 toleratu
2213 5168 2451 5223 dillicilia
2504 5175 2775 5221 tormenta
2807 5174 2971 5235 atque
3023 5166 3291 5235 supplicia
3339 5180 3436 5218 ex-

1863 5261 2127 5332 cogitant,
2175 5261 2480 5316 remedium
2527 5258 2800 5330 quoddam
2848 5257 3046 5312 animis
3082 5273 3179 5326 per
3221 5257 3437 5310 dolores

1869 5353 2155 5414 adhibent,
2197 5353 2456 5408 violentis
2517 5365 2700 5406 rerum
2751 5363 3069 5420 asperarum
3097 5347 3434 5402 admotioni-

1867 5446 1971 5502 bus
2005 5445 2301 5514 voluptatis
2329 5444 2583 5499 morbum
2617 5448 2896 5496 curantes.
2935 5439 3007 5492 ita
3037 5452 3256 5491 erucem
3294 5435 3440 5492 Pau-

1867 5537 1957 5591 lus
1983 5535 2222 5606 excipit;
2250 5534 2493 5607 gladium
2519 5533 2798 5598 Jacobus;
2845 5529 3053 5600 lapides
3082 5527 3436 5597 Stephanus,

1871 5628 2054 5698 capite
2081 5628 2338 5685 deorsum
2371 5643 2533 5686 verso
2565 5626 2980 5683 cruciﬁxionem
3001 5623 3192 5678 beatus
3218 5619 3436 5685 Petrus;
