3838 6220
380 376 519 434 1299
1618 376 1676 431 S.
1734 372 1970 431 GREGO

2116 370 2432 430 NYSSENI.
3492 350 3628 408 ιεῡᾱ

376 506 574 547 omnes
603 490 698 562 qui
738 492 840 548 bos
867 494 1041 549 secuti
1073 500 1205 548 sunt
1234 491 1361 548 ﬁdei
1384 489 1606 546 athleta:
1635 489 1817 544 varias
1837 496 1954 544 tor-

2076 487 2348 550 ὶποεολὰς,
2370 483 2467 548 τὰς
2495 481 2603 536 τῶν
2632 476 2911 534 δακτύλων
2934 470 3240 535 ἀποκοπὰς,
3271 468 3372 534 τὰς

379 559 693 638 mentorum
727 591 784 640 et
810 584 1206 656 suppliciorum
1248 583 1489 655 species,
1520 583 1752 647 bestias,
1789 581 1953 636 bara-

2076 576 2289 647 xdtepa
2307 575 2402 629 τοῦ
2423 572 2674 643 σώματος
2700 569 2790 624 διὰ
2817 567 2927 621 τῶν
2958 564 3163 619 σκελῶν
3193 562 3401 656 ῥήξεις.
3425 559 3529 656 τὰς

380 672 530 741 thra,
571 688 738 746 rogos
784 683 839 730 et
869 648 1141 741 flammas,
1194 648 1417 748 frigoris
1472 648 1858 730 concretiones
1901 679 1958 726 et

2076 671 2144 724 ποῦ
2166 668 2327 741 λιμοῦ
2356 666 2666 738 τηκεδόνας,
2696 663 2875 717 πάντα
2895 658 3071 713 ταῦτα
3094 657 3190 711 καὶ
3216 655 3287 709 τὰ
3311 651 3540 707 τοιαῦτα
3560 648 3635 714 ὥς

380 742 817 836 congelationes,
863 766 1114 821 carnium
1152 780 1222 822 ex
1249 742 1517 823 lateribus
1532 772 1589 820 et
1611 762 1782 819 costis
1810 761 1958 817 laee-

2076 761 2326 833 ιαθάρσια
2369 759 2471 830 τῆς
2509 754 2787 828 ἁμαρτίας
2836 753 2887 806 oi
2931 751 3078 820 ἆγιοι
3129 748 3249 819 μετ’
3292 742 3639 836 εὗφφσύνης

380 834 632 912 rationes
659 866 715 913 et
747 858 1085 924 avulsiones,
1142 860 1324 931 capita
1353 858 1528 915 clavis
1551 855 1791 925 undique
1821 868 1957 910 con-

2076 852 2361 923 τροσίεντο,
2405 848 2482 912 ὡς
2531 847 2600 901 ἂν
2643 844 2809 917 μηδὲν
2855 843 3000 913 ίχνος
3045 842 3125 931 τῇῗ
3396 834 3488 931 διὰ
3535 834 3641 931 τῆς

382 946 514 1011 ﬁxa,
547 948 836 1004 oculorum
867 951 1220 1016 amissiones,
1251 944 1953 1019 digitorumabscissiones,

382 1041 634 1111 corporis
666 1056 766 1112 per
794 1055 958 1096 crura
981 1043 1037 1097 in
1076 1049 1367 1112 utramque
1403 1047 1612 1112 partem
1650 1034 1956 1108 disruptio-

384 1146 506 1196 nes,
561 1147 661 1203 per
703 1132 902 1188 famem
948 1133 1387 1189 excruciationes
1437 1139 1494 1186 et
1534 1128 1951 1185 confectiones:

385 1220 501 1278 haec
521 1231 686 1295 atque
706 1223 976 1295 ejusmodi
1010 1227 1220 1289 omnia,
1245 1210 1504 1294 tanquam
1522 1224 1732 1295 peccati
1764 1218 1956 1290 expia-

2299 939 2648 1010 ἐγγινόμενον
2679 932 3051 1005 ὑπολειφθείη,
3076 930 3179 1000 τῆς
3215 928 3470 996 ἀλγεινῆς
3501 922 3640 1015 παῤἰ

2060 1014 2163 1105 της
2215 1030 2310 1086 καὶ
2363 1028 2614 1101 δριμείας
2670 1025 2979 1096 αἰσθήσεως
3044 1021 3254 1083 πάντας
3318 1018 3450 1081 τοὺς
3514 1014 3643 1069 καθ’

2063 1121 2255 1194 ἡδονὴν
2326 1119 2709 1190 ἐγγινομένους
2786 1117 2860 1186 τῇ
2923 1112 3075 1184 ψυχῇ
3144 1108 3351 1171 τύπους
3429 1105 3646 1171 ἐξαλει-

2063 1229 2287 1284 φουσης.

383 1315 564 1371 tiones
594 1286 770 1372 sancti
801 1318 876 1371 illi
929 1334 1055 1372 cum
1086 1286 1271 1372 laetitia
1319 1286 1702 1380 admittebant,
1737 1325 1807 1366 ne
1836 1286 1986 1380 quod
2024 1305 2315 1376 vestigium
2350 1300 2505 1357 cordi
2549 1314 2648 1372 per
2704 1296 3038 1366 voluptatem
3102 1292 3431 1360 impressum
3475 1286 3651 1341 relin-

382 1416 665 1478 queretur,
694 1409 892 1463 acerbo
921 1417 1084 1479 atque
1107 1407 1365 1463 doloroso
1403 1408 1507 1462 hoc
1532 1421 1697 1463 sensu
1727 1401 1910 1457 omnia
1947 1412 2045 1468 per
2076 1396 2408 1466 voluptatem
2431 1392 2629 1448 animae
2655 1389 2920 1459 impressa
2944 1384 3172 1455 vestigia
3194 1380 3430 1479 delente.

453 1499 610 1554 Beati
637 1500 804 1570 igitur
867 1501 958 1570 qui
994 1501 1406 1567 persecutionem
1442 1500 1719 1567 patiuntur
1749 1502 1963 1564 propter

2126 1485 2415 1553 Μακάριοι
2456 1483 2635 1537 τοίνυν
2675 1484 2732 1535 οὶ
2772 1477 3150 1548 δεδιωγμένοι
3208 1473 3421 1528 ἕνεκεν
3464 1468 3645 1540 ἐμοῦ.

384 1604 488 1645 me.
539 1562 1005 1643 lloc'autem'tale'
1029 1588 1213 1656 est(ut
1229 1589 1395 1644 etiam
1427 1562 1658 1643 alteram
1688 1562 1959 1639 rationem

2076 1580 2228 1635 Γοῦτο
2257 1578 2314 1632 δὲ
2341 1576 2579 1631 τοιοῦτόν
2611 1576 2758 1627 ἐστιν
2780 1575 2794 1639 (
2834 1572 2911 1634 ὡς
2938 1568 3005 1624 ἂν
3032 1568 3127 1622 καὶ
3148 1566 3241 1619 τὸν
3271 1566 3459 1635 ἕτερον
3482 1562 3652 1656 λόγον

386 1693 786 1752 cognoscamus
815 1687 871 1734 et
898 1679 1337 1749 consideremus)
1377 1693 1442 1734 ac
1483 1679 1530 1735 si
1576 1677 1703 1748 quis
1733 1671 1952 1730 sanitati

2076 1669 2530 1740 ιατανοήσωμεν),
2568 1665 2646 1728 ὡς
2692 1664 2744 1717 εί
2790 1679 2873 1726 τις
2918 1663 2988 1732 τῇ
3042 1657 3224 1727 ὑγιείᾳ⁵
3267 1656 3424 1752 λόγον
3473 1653 3597 1723 δοίη
3624 1693 3645 1714 .

387 1746 700 1829 facultatem
731 1788 795 1827 ac
828 1780 1151 1841 potestatem
1190 1746 1407 1826 dicendi
1447 1746 1715 1833 dedisset,
1748 1767 1958 1822 diceret

2076 1762 2189 1834 εἴπῃ
2220 1760 2287 1815 ἂν
2317 1759 2545 1828 κάκείνη
2565 1776 2578 1788 ·
2610 1757 2694 1810 ὃτι
2726 1752 2998 1824 Μακάριοι
3026 1751 3075 1805 oi
3102 1749 3209 1804 άπὸ
3234 1748 3335 1818 τῆς
3365 1746 3525 1800 via-ou
3557 1761 3650 1796 κε-

385 1866 553 1919 etiam
587 1864 675 1917 illa
710 1881 728 1916 ε
760 1836 909 1917 Beati
963 1877 997 1915 a
1049 1864 1247 1916 morbo
1305 1861 1516 1915 liberati
1571 1866 1795 1930 propter
1845 1871 1956 1919 me,

2076 1850 2391 1923 (ωρισμένοι
2419 1849 2606 1902 ἕνεκεν
2634 1845 2789 1917 ἐμοῦ.
2832 1845 2898 1898 Ἦ
2931 1842 3041 1912 γὰρ
3069 1839 3176 1894 τῶν
3203 1836 3467 1908 λυπηρῶν
3486 1836 3652 1944 ἀλλο-

387 1971 513 2010 nam
544 1955 789 2026 gravium
828 1962 882 2009 et
927 1954 1281 2008 molestarum
1319 1968 1502 2007 rerum
1554 1948 1813 2005 alienatio
1845 1947 1963 2004 elli-

385 2045 485 2106 cit.
525 2052 586 2099 ut
620 2045 678 2099 in
710 2059 796 2098 me
820 2051 1132 2107 versentur,
1192 2043 1287 2113 qui
1317 2043 1614 2112 aliquando
1656 2048 1960 2109 aegrotare-

386 2143 536 2191 runt.
565 2137 640 2205 Ita
672 2149 858 2189 vocem
910 2135 1266 2204 excipiamus,
1313 2134 1471 2203 quasi
1515 2133 1631 2204 ipsa
1667 2132 1776 2185 vita
1802 2130 1963 2187 nobis

386 2227 660 2299 ejusmodi
744 2228 1140 2283 beatitudinem
1199 2228 1499 2297 proclamet
1552 2241 1567 2279 :
1628 2222 1779 2280 Beati
1821 2237 1961 2293 quos

387 2335 539 2376 mors
573 2321 922 2390 persequitur
972 2326 1193 2389 propter
1220 2333 1343 2382 me;
1408 2317 1569 2387 quasi
1613 2316 1706 2371 lux
1762 2315 1958 2371 dicat:

387 2411 539 2468 Beati
586 2427 726 2482 quos
759 2419 1169 2481 persequuntur
1201 2410 1438 2465 tenebrae
1471 2417 1695 2479 propter
1726 2424 1837 2464 me.
1875 2408 1964 2462 Si-

388 2505 592 2558 militer
622 2504 786 2558 etiam
831 2502 1073 2571 justitia,
1129 2502 1517 2565 sanctimonia,
1568 2498 1963 2569 incorruptibi-

388 2594 517 2649 litas
544 2602 599 2648 et
625 2594 934 2664 integritas,
973 2591 1192 2647 bonitas
1222 2599 1277 2644 et
1306 2591 1490 2644 omnis
1540 2590 1858 2645 intellectus
1902 2597 1959 2644 et

390 2686 592 2740 mentis
627 2693 924 2755 conceptus
953 2698 1019 2738 ex
1054 2684 1127 2738 iis
1148 2696 1269 2751 qua:
1321 2682 1376 2735 in
1414 2681 1695 2736 meliorem
1746 2687 1963 2750 partem

389 2788 445 2832 et
473 2776 853 2846 intelliguntur
883 2782 936 2829 et
964 2773 1244 2829 dicuntur.
1275 2771 1539 2828 Dominus
1577 2771 1765 2842 igitur,
1802 2781 1967 2842 prout

392 2868 742 2938 intelligitur,
789 2866 865 2920 ita
914 2866 1012 2921 tibi
1076 2866 1262 2921 dicere
1327 2864 1673 2921 existimetur
1709 2881 1723 2917 :
1755 2862 1966 2920 Beatus

390 2968 501 3025 est,
529 2961 840 3030 quicunque
863 2958 933 3013 ab
959 2958 1109 3012 omni
1141 2973 1200 3013 re
1223 2956 1496 3011 contraria
1522 2956 1741 3026 pellitur
1761 2964 1815 3010 et
1840 2970 1969 3026 pro-

2062 1944 2307 2017 τρίωσις,
2337 1940 2400 1994 τὸ
2429 1943 2487 1993 ὲν
2513 1940 2636 2010 ἐμοὶ
2676 1936 2932 2007 γενέσθαι
2959 1932 3084 1996 τούς
3123 1947 3253 1984 ποτε
3280 1926 3651 1999 νενοσηκότας

2062 2033 2493 2107 παρασκευάζει.
2555 2029 2742 2093 Οῦτως
2792 2025 3116 2096 ἀκούσωμεν
3157 2021 3257 2091 τῆς
3306 2018 3525 2089 φωνῆς,
3568 2017 3649 2080 ὡς

2061 2127 2232 2196 αὐτῆς
2258 2125 2359 2195 τῆς
2401 2124 2547 2195 ζωῆς
2573 2124 2706 2194 ἡμῖν
2740 2118 2831 2175 τὸν
2873 2116 3114 2172 τοιοῦτον
3160 2109 3508 2184 μακαρισμὸν
3545 2110 3651 2177 ἐμ-

2062 2218 2294 2289 ϐοώσης.
2339 2216 2615 2286 Μακάριοι
2659 2216 2708 2266 οί
2747 2210 3094 2279 δεδιωγμένοι
3124 2207 3227 2260 ὑπὸ
3274 2206 3367 2259 τοῦ
3407 2203 3648 2257 θανάτου

2061 2311 2248 2365 ἕνεκεν
2276 2307 2413 2381 ἐμοῦ
2433 2326 2448 2341 ·
2489 2308 2564 2372 ὠς
2589 2306 2657 2360 τὸ
2687 2304 2798 2376 φῶς
2832 2304 2980 2372 λέγοι
3011 2319 3027 2334 ·
3073 2302 3346 2369 Μακάριοι
3375 2302 3423 2353 οἱ
3459 2300 3651 2354 δεδιω-

2063 2405 2255 2476 γμένοι
2287 2403 2392 2456 ὑπὸ
2417 2400 2513 2455 τοῦ
2555 2400 2780 2463 σκότους
2807 2397 2997 2450 ἕνεκεν
3012 2392 3170 2465 ἐμοῦ.
3212 2391 3449 2463 Ὁμοίως
3478 2389 3577 2444 καὶ
3607 2391 3644 2459 ἠ

2062 2496 2400 2569 δικαιοσύνη,
2451 2495 2547 2549 καὶ
2587 2493 2879 2562 ἁγιασμὸς,
2923 2488 3019 2541 καὶ¹
3051 2489 3086 2555 ἡ
3134 2483 3437 2555 ἀφθαρσία,
3480 2484 3577 2535 καὶ
3609 2483 3647 2551 ἡ

2062 2589 2356 2660 άγαθότης,
2373 2589 2468 2642 καὶ
2493 2587 2601 2639 πᾶν
2622 2583 2801 2655 νόημα
2825 2580 2936 2634 τῶν
2966 2577 3101 2651 πρὸς
3126 2576 3189 2631 τὸ
3215 2577 3465 2648 κρεῖττον
3491 2590 3651 2626 νοου-

2069 2683 2244 2755 μένων
2275 2698 2334 2735 τε
2380 2681 2477 2734 καὶ
2506 2676 2836 2748 λεγομὲνων.
2879 2673 2940 2727 Ὀ
2974 2670 3178 2742 Κύριος
3202 2667 3299 2731 ὢν,
3333 2665 3475 2720 καθὸ

2063 2754 2176 2840 ται,
2207 2776 2328 2828 κατ’
2364 2770 2538 2827 ἐκεῖνό
2569 2785 2651 2823 σοι
2696 2766 2877 2835 λέγειν
2921 2760 3225 2833 νομιζέσθω
3259 2775 3273 2788 ·
3324 2759 3406 2812 ὅτι
3447 2754 3652 2811 Maria-

2068 2865 2181 2938 ριός
2218 2865 2334 2917 ὲστι
2363 2862 2469 2924 πᾶς
2493 2861 2523 2913 6
2552 2857 2751 2919 παντὸς
2777 2852 3021 2908 ἐναντίου
3052 2850 3373 2922 πράγματος
3406 2843 3652 2938 ἀπελαυ-

2066 2935 2307 3027 νόμενος,
2334 2953 2563 3024 φθορᾶς,
2595 2948 2840 3010 σκότους,
2867 2942 3161 3015 ἁμαρτίας.
3191 2938 3428 3001 ἀδικίας,
3457 2935 3655 2988 alaev-

392 3029 633 3116 bibetur,
692 3069 721 3106 a
750 3053 1121 3121 corruptione,
1172 3065 1202 3103 a
1232 3048 1500 3112 tenebris,
1558 3063 1587 3099 a
1615 3054 1860 3117 peccato,
1898 3045 1968 3099 ab

2076 3049 2238 3114 εξίας.
2287 3048 2517 3101 ἑκάστου
2558 3043 2666 3096 τῶν
2698 3036 3154 3108 διαστελλομένων
3201 3035 3313 3096 τοῖς
3361 3030 3506 3084 κατὰ
3550 3029 3654 3098 τὴν

393 3146 690 3215 iniustitia,
717 3163 744 3198 a
780 3144 968 3199 fraude
1005 3152 1060 3198 et
1093 3144 1346 3206 avaritia,
1385 3142 1454 3196 ab
1491 3154 1826 3209 unoquoque
1873 3153 1968 3192 eo-

2076 3140 2269 3211 άρετὴν
2298 3124 2475 3206 λόγοις
2504 3132 2793 3206 πράγμασί
2819 3148 2878 3184 τε
2909 3129 3005 3183 καὶ
3028 3128 3279 3197 νοήμασι.
3411 3122 3520 3192 γάρ
3544 3121 3661 3186 ἔξω

394 3214 515 3291 rum
570 3254 690 3307 quae
724 3237 941 3292 virtutis
976 3235 1279 3289 rationibus
1312 3240 1686 3304 opponuntur,
1727 3244 1839 3286 tum
1882 3228 1963 3284 fa-

2076 3230 2178 3283 τῶν
2208 3228 2391 3283 κακῶν
2416 3225 2688 3296 γενέσθαι,
2734 3223 2883 3285 ἐντός
2925 3223 3041 3273 ἐστι
3066 3218 3172 3272 τῶν
3209 3214 3431 3283 ἀγαθῶν
3479 3229 3647 3264 κατα-

395 3331 520 3391 ctis,
554 3338 668 3384 tum
693 3329 1155 3400 cogitationibus;
1192 3342 1319 3381 nam
1352 3334 1505 3381 extra
1558 3325 1700 3378 mala
1732 3324 1964 3386 versari,

395 3432 480 3476 est
556 3422 698 3475 intra
764 3422 905 3474 bona
964 3420 1246 3474 redactum
1299 3425 1355 3473 et
1406 3416 1765 3471 constitutum
1819 3429 1965 3469 esse.

400 3509 505 3575 Qui
537 3508 664 3577 facit
698 3519 989 3578 peccatum,
1014 3508 1194 3577 inquit
1228 3505 1512 3570 Dominus,
1565 3521 1743 3559 servus
1768 3504 1968 3575 peccati

399 3601 562 3654 est“.
627 3598 770 3670 Ergo
799 3599 892 3668 qui
926 3598 1158 3653 descivit
1189 3598 1258 3651 ab
1290 3612 1355 3653 eo
1382 3597 1470 3650 cui
1500 3596 1772 3656 servierit,
1806 3595 1972 3649 liber—

338 3716 345 3735 -
403 3703 590 3754 tatem,
624 3692 767 3761 quod
801 3693 869 3746 ad
902 3701 1106 3745 statum
1132 3700 1185 3745 et
1205 3690 1527 3761 dignitatem
1581 3689 1797 3750 attinet,
1819 3703 1974 3742 usur-

400 3795 513 3855 pat.
550 3785 718 3839 Porro
750 3800 963 3839 summa
991 3783 1262 3839 libertatis
1309 3783 1523 3853 species
1554 3790 1660 3847 est,
1710 3781 1796 3836 sui
1831 3779 1973 3849 juris

402 3891 467 3930 ac
494 3878 775 3945 potestatis
806 3892 927 3931 esse
957 3875 1182 3935 factum,
1218 3875 1364 3945 regia
1396 3890 1523 3929 vero
1541 3872 1776 3943 dignitas
1808 3884 1975 3940 supra

403 3981 466 4021 se
502 3982 607 4020 non
635 3967 795 4020 habet
826 3967 991 4021 ullam
1018 3965 1386 4037 tyrannidem.
1440 3964 1582 4034 Ergo
1630 3964 1678 4018 si
1714 3962 1800 4016 sui
1830 3962 1976 4031 juris

406 4067 490 4112 est
541 4058 587 4111 is
618 4058 712 4127 qui
748 4074 778 4110 a
829 4066 1055 4127 peccalo
1097 4058 1314 4112 alienus
1375 4064 1497 4121 est;
1533 4072 1598 4109 ac
1652 4055 1805 4125 regni
1848 4069 1976 4124 pro-

406 4149 584 4217 prium
611 4157 715 4210 est,
745 4164 953 4203 merum
986 4150 1301 4219 imperium,
1346 4162 1670 4217 summaque
1720 4161 1784 4200 ac
1815 4147 1976 4216 plena

404 4242 610 4294 nullius
639 4240 867 4295 alterius
901 4241 1130 4294 arbitrio
1161 4248 1327 4310 atque
1348 4240 1595 4293 dominio
1619 4237 1854 4293 obnoxia
1878 4253 1977 4307 po-

405 4342 577 4387 testas
612 4340 1050 4402 :consequenter
1086 4332 1278 4386 beatus
1314 4330 1730 4401 judicatur,qui
1773 4344 1803 4383 a
1835 4333 1982 4383 malo

407 4426 648 4493 pellitur.
677 4438 741 4477 ac
768 4424 1201 4492 persecutionem
1222 4422 1425 4491 patitur
1460 4438 1474 4475 :
1510 4421 1709 4490 quippe
1733 4420 1823 4473 illa
1854 4434 1979 4489 per-

410 4517 689 4570 secutione
714 4513 915 4583 regiam
949 4513 1269 4583 dignitatem
1304 4512 1354 4565 ei
1387 4512 1737 4566 conciliante.
1776 4510 1854 4563 Ne
1881 4509 1978 4564 do.-

411 4608 617 4659 lcatnus
649 4604 834 4671 igitur,
887 4609 941 4657 et
970 4617 1115 4671 aegre
1170 4601 1430 4664 feramus,
1470 4600 1691 4661 fratres,
1746 4599 1981 4654 terrenis

412 4712 512 4750 uos
546 4695 741 4764 expelli
776 4703 940 4761 atque
966 4693 1244 4762 prohiberi
1282 4710 1296 4744 :
1337 4708 1463 4745 nam
1503 4692 1595 4759 qui
1624 4691 1751 4743 hinc
1782 4690 1981 4759 migra-

409 4790 568 4853 verit,
600 4788 654 4840 in
689 4786 899 4841 cualesti
922 4786 1070 4856 regia
1100 4786 1431 4838 diversatur.
1460 4783 1577 4837 Duo
1602 4783 1717 4837 haec
1746 4782 1803 4835 in
1823 4797 1981 4837 crea-

410 4887 540 4933 tura
582 4893 767 4931 rerum
819 4878 1205 4931 universarum
1245 4881 1375 4929 sunt
1421 4875 1714 4939 elementa,
1768 4874 1986 4928 habita-

411 4971 550 5026 tioni
580 4971 861 5025 rationalis
891 4977 1100 5023 naturae
1139 4969 1424 5034 attributa,
1448 4969 1651 5024 ccelum
1701 4974 1755 5022 et
1813 4976 1983 5022 terra.

413 5062 592 5118 Locus
618 5077 832 5126 eorum,
882 5062 974 5130 qui
1008 5077 1104 5131 per
1124 5076 1346 5115 carnem
1396 5061 1565 5114 vitam
1614 5060 1792 5114 sortiti
1826 5067 1980 5121 sunt,

2071 3326 2280 3397 στῆναι.
2303 3323 2398 3376 «Ὀ
2448 3321 2614 3374 ποιῶν
2663 3318 2762 3389 τὴν
2796 3314 3087 3388 ἁμαρτίαν,
3117 3311 3314 3378 »φησὶν
3361 3308 3389 3360 6
3420 3305 3661 3397 Rapaci,

2083 3386 2301 3484 «δοῦλός
2324 3417 2441 3470 ἐστι
2469 3411 2564 3481 τῆς
2610 3386 2946 3479 ἁμαρτίας.)
2977 3400 3187 3457 Οὐκοῦν
3233 3401 3263 3451 ὁ
3310 3396 3558 3457 ἀποστάς
3608 3386 3659 3460 ᾧ

2071 3504 2402 3566 ἐδούλευσεν,
2433 3499 2798 3570 ἐλευθεριάζει
2826 3494 2907 3565 τῷ
2937 3490 3227 3561 ἀξιώματι.
3272 3488 3347 3539 Τὸ
3383 3485 3444 3538 δὲ
3482 3483 3653 3552 ἀκρό-

2070 3612 2230 3649 τατον
2292 3593 2392 3662 τῆς
2440 3589 2751 3660 ἐλευθερίας
2795 3583 2967 3647 εἶδος.
3017 3584 3079 3635 τὸ
3138 3576 3485 3645 αὐτεξούσιόν
3534 3577 3659 3662 εστι

2072 3661 2358 3753 γενέσθαιξ
2392 3681 2457 3733 Ἠ
2501 3679 2559 3731 δὲ
2603 3679 2705 3747 τῆς
2755 3673 3032 3747 βασιλείας
3074 3669 3198 3733 ἀξία
3248 3661 3658 3753 ὑπερκειμένην

2077 3776 2274 3845 ἑαυτῆς
2302 3791 2422 3826 τινα
2470 3769 2756 3842 τυραννίδα
2782 3768 2883 3819 οὐκ
2910 3765 3042 3835 ἔχει.
3077 3757 3285 3815 Οὐκοῦν
3320 3758 3369 3809 εί
3397 3751 3661 3816 αὐτεξούο

2080 3868 2193 3930 σιός
2218 3843 2365 3918 ἐστιν
2393 3865 2421 3915 6
2448 3863 2548 3933 τῆς
2580 3860 2856 3932 ἁμαρτίας
2895 3855 3172 3924 ἀλλότριος
3191 3868 3207 3880 ·
3252 3848 3384 3902 ἴδιον
3415 3846 3472 3898 δὲ
3502 3843 3663 3913 βασι-

2077 3958 2226 4020 λείας
2253 3957 2371 4009 ἐστὶ
2394 3955 2452 4007 τὸ
2481 3951 2816 4022 αὐτοκρατές
2843 3966 2902 4001 τε
2927 3947 3021 3999 καὶ
3051 3944 3346 3998 ἀδέσποτον
3368 3957 3382 3969 ·
3432 3934 3662 3992 ἀκολού-

2080 4050 2188 4112 θως
2221 4046 2579 4119 μακαρίζεται
2631 4046 2659 4096 6
2692 4042 2800 4097 ἀπὸ
2847 4040 2940 4092 τοῦ
2988 4035 3156 4090 κακοῦ
3196 4033 3547 4102 διωκόμενος.

2078 4144 2179 4213 τῆς
2251 4140 2456 4193 ἐκεῖθεν
2510 4135 2742 4202 διώξεως
2801 4132 2899 4203 τὴν
2965 4127 3245 4200 βασιλικὴν
3300 4124 3456 4189 ἀξίαν
3508 4118 3673 4189 αὐτῷ

2082 4231 2466 4305 προξενούσης.
2496 4228 2587 4298 Μὴ
2610 4223 2702 4279 οὖν
2726 4222 3099 4295 ἀχθεσθῶμεν,
3126 4218 3367 4287 ἀδελφοὶ,
3391 4215 3499 4266 τῶν
3533 4213 3663 4282 γηΐ-

2083 4304 2186 4381 νων
2231 4321 2675 4389 ἀπελαυνόμενοι.
2727 4317 2785 4369 ὐ
2825 4314 2932 4385 γάρ
2975 4309 3223 4365 ἐντεῦθεν
3271 4304 3570 4378 μεταστὰς,
3604 4306 3664 4355 ὲν

2082 4420 2193 4480 τοῖς
2241 4417 2360 4469 κατ’
2401 4411 2627 4482 οὐρανὸν
2678 4407 2969 4478 βασιλείοις
3013 4403 3307 4466 αὐλίζεται.
3353 4398 3458 4451 Δύο
3491 4395 3666 4450 ταῦτα

2086 4512 2201 4561 ἐστι
2231 4506 2463 4575 στοιχεῖα
2486 4504 2542 4555 ὲν
2573 4503 2637 4571 τῇ
2672 4499 2780 4553 τῶν
2805 4498 2972 4551 ὄντων
3003 4494 3199 4559 κτίσει,
3228 4490 3366 4561 πρὸς
3386 4486 3665 4557 διαγωγὴν

2086 4603 2182 4671 τῆς
2215 4597 2437 4666 λογικῆς
2461 4594 2674 4664 φύσεως
2710 4587 3107 4661 μεμερισμένα,
3144 4587 3177 4653 ἠ
3208 4583 3279 4652 γῆ
3304 4599 3361 4634 τε
3390 4582 3483 4633 καὶ
3515 4581 3547 4671 6
3576 4580 3695 4644 05-.

2083 4670 2262 4761 ρανός.
2299 4688 2473 4749 Τόπος
2503 4685 2610 4737 τῶν
2638 4683 2725 4735 διὰ
2761 4679 2959 4751 σαρκὸς
2983 4676 3274 4746 εἰληχότων
3303 4673 3402 4744 τὴν
3432 4670 3601 4741 ζωὴν,
3631 4671 3673 4740 η

2082 4785 2186 4853 γῆ·
2235 4781 2263 4833 6
2304 4778 2360 4831 δὲ
2397 4774 2624 4846 οὐρανὸς
2667 4771 2777 4824 τῶν
2815 4769 3143 4837 ἀσωμάτων.
3202 4763 3442 4832 Ἀνάγκη
3483 4762 3670 4814 τοίνυν

2085 4876 2303 4936 πάντως
2330 4866 2468 4924 εἷναί
2499 4885 2601 4920 που
2645 4865 2742 4935 τὴν
2771 4861 3045 4935 ἡμετέραν
3077 4857 3246 4928 ζωὴν,
3294 4857 3392 4909 ἐὰν
3434 4853 3509 4924 μὴ
3539 4854 3673 4905 Bim-

2086 4965 2304 5037 χθῶμεν
2346 4960 2454 5014 ἀπὸ
2480 4959 2579 5030 τῆς
2616 4958 2740 5027 γῆς,
2768 4956 2835 5024 τῇ
2864 4954 2933 5023 γῇ
2972 4950 3191 5011 πάντως
3216 4946 3625 5015 ἐναπομένομεν
3651 4959 3669 4973 ι

2089 5059 2183 5111 ἐὰν
2231 5052 2479 5109 ἐντεῦθεν
2528 5047 2885 5117 ἀπέλθωμεν,
2928 5043 3019 5097 ἐπὶ
3066 5042 3159 5093 τὸν
3208 5037 3435 5109 οὐρανὸν
3482 5052 3675 5100 μετοι-

416 5155 830 5222 terra;ccelum
861 5162 1043 5208 autem
1092 5154 1542 5222 iucorporeorum
1596 5161 1713 5217 est;
1765 5167 1970 5207 necessc

2090 5144 2483 5218 κισθησόμεθα.
2525 5142 2687 5211 Ὁρᾷς
2713 5140 2793 5200 εἰς
2823 5138 2852 5190 δ
2882 5153 2935 5188 τι
2968 5132 3168 5204 φέρειὸ
3205 5127 3554 5222 μακαρισμὸς
3584 5126 3675 5222 διά

415 5255 501 5301 est
541 5248 728 5317 igitur,
780 5245 945 5298 vitam
1001 5252 1246 5297 nostram
1310 5259 1540 5314 prorsus
1572 5244 1773 5299 alicubi
1816 5259 1988 5298 esse:

418 5340 522 5394 nisi
550 5356 613 5393 ex
645 5347 792 5393 terra
824 5337 962 5406 pulsi
996 5344 1049 5390 et
1084 5336 1241 5405 ejecti
1273 5337 1563 5401 fuerimus,
1583 5338 1636 5389 in
1658 5345 1805 5389 terra
1829 5349 1990 5403 pror-

419 5446 514 5485 sus
541 5445 825 5484 manemus
858 5429 941 5484 :si
972 5429 1097 5482 hinc
1130 5429 1450 5495 abierimus,
1487 5431 1542 5484 in
1578 5429 1775 5483 coelum
1800 5427 1991 5481 tradu-

419 5537 628 5577 cemur.
666 5520 831 5575 Vides
888 5537 998 5592 quo
1027 5521 1193 5576 ducat
1249 5522 1549 5587 beatitudo,
1592 5537 1687 5592 per
1734 5521 1789 5575 id
1832 5518 1982 5590 quod

420 5612 578 5665 triste
597 5620 652 5664 et
690 5613 946 5666 acerbum
972 5613 1207 5680 videtur,
1252 5616 1383 5669 tanti
1420 5613 1549 5670 boni
1588 5615 1684 5670 tibi
1722 5613 1985 5670 concilia—
2032 5687 2050 5697 η

497 5797 542 5829 *⁸
581 5794 739 5853 Joan.
778 5813 899 5859 Vill,
940 5799 1026 5851 34.

2090 5240 2182 5294 τοῦ
2209 5235 2487 5298 δοκοῦντος
2510 5230 2756 5303 λυπηροῦ
2788 5227 2881 5282 τοῦ
2910 5225 3162 5279 τοσούτου
3190 5240 3271 5275 σοι
3296 5218 3499 5288 ἀγαθοῦ
3532 5217 3679 5287 γινό-

2097 5350 2255 5404 μενος
2301 5329 2592 5401 πρόξενος;
2651 5325 2828 5393 Ὅπερ
2865 5320 3086 5391 νοήσας,
3127 5317 3261 5386 φησὶ
3303 5314 3397 5368 καὶ
3436 5313 3465 5364 6
3512 5310 3679 5363 Ἀπό-

2098 5401 2304 5486 στολος,
2346 5422 2427 5474 ὅτι
2467 5418 2639 5473 Πᾶσα
2675 5412 2912 5468 παιδεία
2946 5410 3096 5478 πρὸς
3131 5408 3247 5477 μὲν
3282 5404 3351 5457 τὸ
3381 5404 3577 5470 παρὲκ
3603 5401 3678 5455 οὐ

2099 5514 2261 5569 δοκεῖ
2293 5509 2484 5582 χαρᾶς
2510 5509 2683 5572 εἶναι,
2716 5504 2879 5559 ἀλλὰ
2905 5502 3107 5567 λύπης
3127 5514 3139 5527 ·
3182 5496 3409 5565 ὕστερον
3448 5493 3505 5545 δὲ
3538 5508 3680 5561 καρ-

2101 5609 2201 5665 πὸν
2233 5605 2506 5679 εἰρηνικὸν
2550 5604 2661 5665 τοῖς
2705 5599 2775 5653 δι’
2823 5596 2992 5667 αὐτῆς
3033 5587 3499 5664 γεγυμνασμένοις
3544 5587 3682 5641 ξιπο-
