3838 6220
177 400 316 457 ίδῦὶ

1141 394 1150 406 ’
1205 403 1295 460 DE
1332 404 1933 464 BEATITUDINIBUS.
1977 403 2237 462 ORATIO
2275 403 2412 459 VIII.

3303 403 3440 461 1302

173 517 362 569 esum
388 514 752 587 δικαιοσύνης.
783 515 992 571 Οὐκοῦν
1016 517 1126 572 τῶν
1145 520 1608 591 προσδοκωμένων
1631 541 1758 594 καρ-

1866 523 1974 578 trix
2018 521 2336 578 exsislens?
2376 519 2530 587 Quod
2558 534 2682 574 cum
2712 519 2876 575 etiam
2922 519 3217 591 Apostolus
3261 530 3438 580 anim—

175 608 300 660 πῶν
341 607 520 673 ἄνθος,
549 610 584 679 ἠ
617 608 794 677 θλίψις
827 609 996 664 ἐστίν.
1046 611 1145 664 Διὰ
1181 611 1272 664 τὸν
1300 613 1514 684 καρπὸν
1542 610 1761 678 οὖν,γ.αὶ

173 700 240 752 τὸ
284 699 444 763 ἄνθος
489 699 816 770 δρεψὼμεθα
849 716 864 731 ο
912 700 1228 772 διωχθῶμεν
1280 703 1366 756 ἵνα
1422 703 1757 775 δράμωμεν·

174 790 482 860 δραμόντες
528 791 585 843 δὲ
634 793 736 844 οὐκ
775 792 896 862 εἰκῆ
943 791 1318 863 δραμούμεθα,
1353 795 1486 847 ἀλλὰ
1527 794 1663 866 πρὸς
1700 794 1761 848 τὸ

178 880 436 952 βραϐεῖον
467 880 624 954 ἡμῶν
671 881 770 952 τῆς
816 883 927 936 ἄνω
972 883 1217 954 κλήσεως
1261 886 1290 938 ό
1335 885 1533 956 δρόμος
1577 885 1756 938 ἔστω·

175 973 324 1026 οὕτω
367 974 702 1044 δράμωμεν,
759 975 848 1029 ἵνα
892 975 1308 1048 καταλάϐωμεν.
1375 979 1440 1031 Τί
1487 979 1548 1032 τὸ
1589 996 1758 1032 κατα-

173 1065 620 1136 λαμϐανόμενον;
673 1067 739 1120 Τί
785 1067 846 1120 τὺ
896 1067 1178 1138 βραϐεῖον;
1234 1070 1329 1134 Τίς
1372 1071 1401 1124 ὁ
1453 1072 1757 1141 στέφανος;

173 1155 252 1208 Οὔ
290 1171 381 1225 μοι
421 1156 566 1210 δοκεῖ
613 1156 738 1210 ἄλλο
767 1175 818 1211 τι
867 1153 1005 1213 εἶναι
1049 1161 1181 1231 παρ’
1230 1161 1392 1215 αὑτὸν
1435 1162 1526 1216 τὸν
1555 1163 1760 1234 Κύριον

171 1246 408 1300 ἕκαστον
451 1247 562 1301 τῶν
611 1247 997 1320 ἐλπιζομένων.
1071 1252 1243 1316 Αὐτὸς
1302 1253 1410 1324 γάρ
1479 1256 1595 1308 ἐστι
1666 1258 1760 1310 καὶ

172 1339 520 1410 ἀγωνοθέτης
557 1341 666 1393 τῶν
695 1341 998 1397 ἀθλούντων
1019 1384 1034 1408 ,
1081 1345 1177 1398 καὶ
1223 1347 1486 1416 στέφανος
1528 1348 1636 1402 τῶν
1681 1366 1758 1402 νιο

172 1430 399 1486 κὼντων
421 1447 434 1460 ·
484 1435 688 1496 ἐκεῖνος
718 1435 755 1496 ὁ,
772 1435 1041 1506 διανέμων
1069 1436 1160 1490 τὸν
1191 1437 1392 1508 κλῆρον
1415 1454 1430 1469 °
1479 1441 1684 1502 ἐκεῖνος
1729 1441 1758 1494 ὁ

170 1524 378 1594 ἀγαθὸς
397 1523 596 1596 κλῆρος
614 1542 628 1556 ο
670 1527 876 1591 ἐκεῖνος
897 1529 930 1598 ἡ
953 1528 1128 1600 ἀγαθὴ
1162 1530 1317 1599 μερίς
1336 1546 1350 1561 ·
1379 1531 1586 1594 ἐκεῖνος
1607 1532 1635 1583 ὁ
1660 1530 1758 1603 τὴν

174 1618 372 1691 μερίδα
395 1636 476 1672 σοι
494 1619 851 1690 χαριζόμενος
866 1635 880 1649 ο
913 1622 1120 1684 ἐκεῖνος
1138 1623 1166 1674 ὁ
1189 1621 1488 1685 πλουτίζων
1506 1639 1521 1652 ·
1549 1624 1758 1687 ἐκεῖνος

169 1713 202 1765 ὁ
231 1710 482 1775 πλοῦτος,
510 1714 538 1764 ό
567 1711 780 1776 δεικνύς
811 1730 893 1766 σοι
922 1713 1012 1766 τὸν
1037 1713 1330 1785 θησαυρὸν,
1359 1716 1454 1767 καὶ
1487 1713 1758 1786 θησαυρός

171 1819 256 1855 σοι
290 1803 602 1872 γινόμενος·
640 1805 669 1856 ὁ
701 1805 780 1866 είς
813 1803 1108 1876 ἐπιθυμίαν
1133 1822 1192 1857 σε
1217 1804 1310 1857 τοῦ
1334 1803 1500 1858 καλοῦ
1540 1822 1757 1876 μαργαο

1861 613 2211 677 advertisset,
2263 613 2490 674 Omnis,
2534 612 2711 681 inquit
2752 613 2818 677 ",
2855 612 3144 683 disciplina
3198 615 3252 668 in
3297 631 3438 685 pra:-

1862 705 2040 760 sentia
2077 703 2296 774 quidem
2336 718 2442 756 non
2494 717 2619 757 cum
2653 702 2878 773 gaudio,
2931 703 3025 758 sed
3055 719 3179 757 cum
3217 705 3438 760 tristitia

1862 794 2160 862 conjuncta
2195 806 2320 846 esse
2355 791 2594 854 videtur,
2651 792 2745 847 sed
2774 799 2964 862 postea
3007 791 3248 848 fructum
3289 795 3438 865 paci-

1862 887 2024 938 ticum
2044 885 2274 956 iustitiae
2307 883 2485 938 reddit
2513 885 2579 939 iis
2609 885 2702 954 qui
2729 900 2826 955 per
2852 886 3024 956 ipsam
3050 885 3251 941 fuerint
3283 901 3439 940 exer-

1860 975 2046 1042 citati,
2081 976 2311 1046 proinde
2361 974 2670 1040 fructuum,
2707 977 2798 1045 qui
2837 985 3145 1048 sperantur,
3185 976 3305 1044 ﬂos,
3355 977 3435 1030 af-

1859 1066 2026 1121 ﬂictio
2060 1074 2163 1122 est.
2191 1067 2422 1137 Propter
2445 1067 2681 1122 fructum
2711 1068 2878 1137 igitur
2903 1069 3066 1122 etiam
3120 1067 3310 1124 llorem
3341 1068 3436 1123 de-

1859 1175 2151 1230 cerpamus
2185 1177 2199 1214 :
2234 1160 2505 1229 agitemur
2553 1166 2613 1214 ut
2655 1174 2969 1224 curramus,
3023 1168 3308 1215 currentes
3336 1177 3435 1214 au-

1859 1259 1968 1306 tem
1995 1267 2106 1306 non
2140 1251 2348 1306 frustra
2404 1266 2731 1314 curramus;
2781 1250 2874 1306 sed
2905 1252 2972 1304 ad
3017 1251 3301 1321 praemium
3336 1269 3432 1306 su-

1858 1360 2042 1414 pernas
2069 1355 2271 1400 nostra:
2317 1344 2629 1399 vocaticczis
2651 1358 2851 1399 cursus
2891 1343 3183 1413 dirigatur:
3205 1344 3278 1397 ita
3307 1358 3434 1396 cur-

1859 1449 2064 1498 ramus,
2095 1442 2155 1488 ut
2188 1448 2569 1503 assequamur.
2593 1432 2738 1499 Quid
2767 1442 2850 1488 est
2873 1433 2948 1496 id,
2967 1433 3114 1501 quod
3137 1433 3432 1503 consequi-

1857 1525 2016 1578 mur?
2044 1524 2320 1595 quodnam
2372 1531 2458 1580 est
2507 1525 2640 1578 illud
2678 1525 3002 1594 prretnium?
3039 1539 3286 1594 quaenam
3336 1524 3430 1577 illa

1858 1616 2102 1670 corona?
2121 1615 2239 1669 Non
2279 1603 2496 1670 videtur
2517 1615 2648 1669 mihi
2683 1613 2888 1685 aliquid
2918 1614 3064 1668 aliud
3092 1629 3215 1669 esse
3240 1614 3416 1684 quod-

1856 1706 1990 1760 libet
2019 1721 2208 1761 eorum
2243 1721 2366 1776 quae
2395 1714 2704 1774 sperantur,
2753 1713 3113 1775 praeterquam
3166 1704 3284 1774 ipse
3317 1702 3426 1755 Do-

1857 1798 2062 1853 minus.
2090 1797 2213 1868 Ipse
2242 1799 2385 1853 enim
2419 1805 2504 1852 est
2536 1812 2739 1868 praeses
2769 1797 3190 1867 moderatorque
3215 1805 3431 1850 certan-

173 1867 329 1964 ρίτου
362 1867 530 1963 ἄγων,
563 1897 656 1948 καὶ
685 1895 842 1960 ὢνιός
870 1914 953 1949 σοι
980 1867 1066 1967 ’τῷ
1089 1896 1269 1960 καλῶς
1294 1915 1354 1949 συ
1365 1867 1756 1969 μπορευομένῳ

1858 1892 2084 1955 tium,et
2107 1867 2308 1946 corona
2339 1867 2673 1946 vincentium
2705 1910 2719 1945 :
2756 1891 2846 1946 ille
2874 1899 2957 1946 est
2982 1891 3074 1959 qui
3097 1890 3289 1946 dividit
3319 1891 3432 1944 hae-

170 1985 558 2055 προκείμενος.
592 1986 708 2038 ’Ίνα
729 1980 821 2040 οὖν
856 1987 1031 2038 ἐκεῖνο
1057 1983 1387 2056 κτησώμεθα
1409 2027 1425 2052 ,
1452 1985 1640 2057 ὥσπερ
1669 1987 1756 2038 ἐπ’

1858 1982 2176 2051 reditatem;
2238 1984 2331 2037 ille
2357 1983 2502 2038 bona
2532 1981 2826 2038 hereditas
2844 1992 2959 2046 est,
2998 1982 3090 2035 ille
3117 1980 3262 2036 bona
3305 1997 3432 2050 por-

165 2077 400 2147 ἀγορᾶς,
420 2070 495 2129 ὧν
521 2076 718 2147 ἔχομεν
751 2076 1330 2147 ἀντικαταλλάσσωμεν
1356 2076 1392 2129 ἃ
1413 2077 1510 2129 οὐκ
1541 2077 1756 2147 ἔχομεν.

166 2168 262 2237 Μὴ
293 2167 620 2240 λυηθῶμεν
652 2169 828 2222 τοίνυν
869 2167 1189 2236 διωκόμενοι
1215 2207 1229 2230 ,
1261 2165 1460 2235 μᾶλλον
1484 2166 1540 2219 δὲ
1559 2168 1652 2220 καὶ⁴
1671 2167 1760 2220 εὐ-

168 2259 522 2330 φρανθῶμεν,
559 2261 639 2314 ὅτι
671 2260 757 2313 διὰ
783 2260 844 2313 τὸ
879 2257 1170 2312 διώκεσθαι
1205 2257 1313 2311 ἀπὸ
1336 2257 1444 2311 τῶν
1468 2260 1536 2328 τῇ
1571 2261 1640 2329 γῇ
1676 2276 1758 2311 τι-

169 2350 335 2420 μίων,
365 2349 500 2422 πρὸς
525 2350 586 2403 τὸ
615 2351 863 2422 οὐράνιον
890 2348 1092 2418 ἀγαθὸν
1123 2347 1576 2418 συνελαυνόμεθα,
1615 2349 1758 2403 κατὰ

165 2439 263 2492 τὸν
311 2439 778 2509 ἐπαγγειλάμενον
841 2439 1144 2509 μακαρίους
1198 2435 1336 2492 εἶναι
1385 2438 1510 2501 τοὺς
1571 2437 1758 2492 δεδιωο

1855 2075 1967 2141 ιὶο;
2007 2075 2101 2130 ille
2137 2083 2242 2141 est,
2268 2075 2360 2144 qui
2387 2074 2492 2129 tibi
2532 2076 2841 2144 portionem
2881 2073 3155 2143 largitur;
3202 2071 3296 2126 ille
3324 2080 3430 2132 est,

1855 2169 1952 2240 qui
2003 2169 2172 2232 ditat;
2234 2168 2325 2223 ille
2355 2169 2472 2238 ipse
2517 2166 2746 2229 divitiae,
2803 2165 2893 2236 qui
2927 2175 2980 2220 et
3038 2165 3281 2218 ostendit
3334 2163 3436 2217 tibi

1858 2260 2199 2323 thesaurum,
2241 2269 2294 2316 et
2322 2260 2513 2315 thesau
2527 2275 2619 2314 rus
2647 2259 2750 2312 tibi
2769 2256 2989 2313 exsistit
3013 2275 3028 2321 ;
3074 2256 3165 2326 qui
3190 2264 3242 2309 et
3271 2255 3429 2323 cupi-

1867 2351 2000 2405 dum
2044 2357 2100 2407 te
2165 2351 2323 2406 bona:
2370 2351 2680 2423 margarita:
2723 2348 2922 2413 reddit,
2975 2355 3030 2403 et
3066 2348 3276 2402 venalis
3321 2348 3422 2401 tibi

1852 2449 2002 2498 recte
2067 2443 2366 2514 negotianti
2439 2441 2826 2510 mercantique
2875 2447 3106 2509 prostat.
3153 2436 3222 2492 Ut
3266 2438 3432 2504 igitur

166 2529 410 2600 γμένους
449 2530 635 2584 ἕνεκεν
681 2530 846 2584 αὑτοῦ
871 2549 887 2562 ·
938 2532 1020 2584 ὅτι
1059 2529 1237 2584 αὐτῶν
1267 2532 1415 2583 ἐστιν
1443 2532 1476 2600 ἡ
1509 2529 1755 2600 βασιλεία

1858 2534 2002 2587 illum
2032 2533 2587 2604 adipiscamur(sicut
2618 2532 2671 2588 in
2702 2530 2832 2588 foro
2869 2529 2946 2604 ﬁt)
2981 2531 3069 2593 iis,
3105 2544 3226 2599 quae
3264 2528 3423 2583 habe-

165 2619 280 2673 τῶν
308 2619 573 2690 οὐρανῶν,
622 2621 806 2692 χάριτι
834 2619 928 2673 τοῦ
971 2619 1176 2690 Κυρίου
1206 2618 1362 2691 ἡμῶν
1403 2619 1578 2691 Ἰησοῦ
1620 2619 1755 2691 Χρι-

1858 2639 1995 2688 mus,
2018 2639 2396 2695 comparemus
2430 2625 2484 2680 id
2522 2625 2666 2695 quod
2692 2641 2808 2680 non
2845 2625 3130 2680 habemus.
3168 2620 3246 2678 Ne
3285 2633 3421 2671 con-

171 2707 305 2762 στοῦ
330 2725 344 2740 ο
386 2709 466 2762 ὅτι
494 2709 643 2780 αὐτῷ
671 2711 818 2762 ἐστιν
852 2710 885 2780 ἡ
920 2708 1048 2776 δόξα
1081 2711 1176 2762 καὶ
1201 2709 1263 2762 τὸ
1295 2708 1496 2782 κράτος
1521 2709 1601 2774 εἰς
1623 2709 1750 2774 τοὺς

1858 2714 2142 2770 tristemur
2197 2729 2329 2784 ergo
2387 2729 2512 2769 cum
2571 2714 2844 2785 agitamur
2886 2721 2941 2769 et
2987 2711 3428 2784 persecutionem

167 2799 376 2864 αίῶνας
400 2803 509 2854 τῶν
533 2800 764 2855 αἰώνων.
816 2802 1009 2873 Ἀμήν.

1858 2805 2126 2874 patimur;
2157 2805 2408 2874 quinimo
2439 2805 2624 2877 potius
2652 2805 2817 2861 etiam
2851 2805 3122 2871 laatemur,
3161 2803 3421 2874 quoniam

167 2906 269 2961 per
297 2891 372 2956 id,
404 2892 550 2963 quod
589 2893 845 2964 pellimur
885 2893 954 2947 ab
991 2892 1080 2957 iis,
1115 2907 1238 2962 quze
1271 2891 1326 2947 in
1359 2899 1505 2948 terra
1536 2893 1808 2950 habentur
1836 2895 1891 2950 in
1923 2897 2124 2966 pretio,
2187 2898 2257 2952 ad
2331 2897 2562 2954 cmleste
2631 2897 2834 2952 bonum
2909 2894 3312 2966 compellimur,
3348 2905 3430 2947 se-

167 2984 411 3040 cundum
443 3001 589 3054 eum,
617 2987 712 3057 qui
762 2987 1013 3058 promisit
1064 2987 1256 3044 beatos
1313 2987 1430 3044 fore
1465 3005 1582 3055 eos,
1647 2991 1742 3061 qui
1817 2999 2042 3062 pr0pter
2122 2993 2303 3064 ipsum
2365 2993 2576 3064 agitati,
2634 2992 3190 3062 persecutionemque
3275 2986 3428 3058 passi

167 3080 283 3136 sint
316 3097 331 3134 :
365 3081 626 3150 quoniam
661 3080 875 3136 illorum
907 3080 979 3136 sit
1001 3095 1226 3151 regmnu
1252 3083 1540 3151 caelorum,
1585 3082 1760 3155 gratia
1799 3083 2018 3141 Domini
2049 3086 2223 3144 nostri
2290 3084 2420 3142 Jcsu
2463 3081 2715 3150 Christi,
2753 3081 3022 3153 quoniam
3061 3081 3111 3136 ei
3141 3077 3328 3150 gloria.
3374 3078 3435 3127 et.

167 3171 462 3243 imperium
487 3173 654 3229 estin
682 3173 882 3231 saacula
905 3174 1253 3232 saeculorum.
1284 3176 1480 3234 Amen.

239 3301 290 3333 ’³
325 3298 492 3358 Hebr.
545 3319 646 3372 xu,
692 3304 780 3361 Il.
