3838 6220
398 370 3656 426 Wm

1688 598 2340 733 APPENDlX

897 846 1052 938 AD
1119 848 1217 938 S.
1292 849 1868 941 GREGORH
1966 851 2363 946 OPERA
2428 854 3152 952 EXEGETICA.

1228 1250 1459 1338 ΤΟΥ
1526 1253 1673 1338 ΕΝ
1741 1252 2107 1340 ΛΓΙΟΙΣ
2178 1255 2803 1346 ΓΡΗΓΟΡΙΟΥ

409 1426 521 1484 ΕΙΣ
557 1427 672 1492 ΤΟ,
718 1429 909 1487 οτΑΝ
946 1431 1284 1502 ΥΠΟΤΑΙᾚ
1317 1430 1513 1502 ATT?
1565 1433 1641 1486 ΤΔ
1683 1431 1955 1498 ΠΑΝΤΛ,
2001 1435 2184 1489 ΤΟΤΕ
2221 1437 2356 1491 KAI
2384 1435 2630 1494 ΔΠΟΣ
2675 1441 2726 1493 ο
2765 1439 2939 1494 ΥιοΣ
2971 1437 3542 1496 ΥΠοΤΔΓΗΣετΑι
3575 1441 3674 1511 Ὶᾩ

1418 1547 1560 1603 mo
1569 1548 1873 1608 nsum
1933 1555 1978 1605 Α
1994 1549 2134 1622 r19
2199 1555 2288 1620 n
2359 1556 2631 1618 aura.

1160 1955 1254 2044 S.
1333 1955 1442 2043 P.
1520 1953 1638 2042 N.
1715 1951 2297 2046 GREGORH
2373 1952 2880 2044 NYSSENI

400 2146 471 2204 IN
502 2145 742 2217 ILLUD,
778 2143 1090 2216 QUANDO
1131 2143 1287 2202 SIBI
1320 2141 1775 2202 SUBJECERIT
1805 2142 1912 2202 οι

2156 2107 2298 2203 una
2337 2142 2517 2202 IPSE
2546 2143 2854 2218 ρυορυε
2880 2141 3143 2205 unus
3166 2141 3669 2202 suumerat:

1417 2260 1496 2316 EI
1527 2259 1661 2328 QUI
1690 2259 1847 2316 SIBI
1888 2261 2244 2318 SUBJECIT
2277 2261 2523 2318 ΟΙΝΙΑ
2556 2263 2597 2318 ⁸.

1623 2442 1853 2494 Galliam
1875 2442 2082 2494 Herum
2100 2441 2372 2506 interprete.

468 2723 663 2781 Omnia
714 2724 936 2798 quidem
996 2721 1215 2781 Domini
1291 2726 1510 2798 eloquia
1564 2736 1696 2785 sunt
1745 2729 1967 2802 eloquia

2151 2731 2338 2786 Πάντα
2373 2728 2475 2802 μὲν
2503 2729 2572 2783 τὰ
2607 2729 2768 2798 λόγια
2791 2726 2885 2782 τοῦ
2913 2725 3120 2797 Κυρίου
3157 2724 3313 2794 λόγιά
3345 2726 3498 2778 ἐστιν
3519 2724 3667 2792 ἀγνᾶ

400 2824 554 2872 casta
577 2823 632 2872 et
658 2831 816 2887 pura,
847 2815 991 2870 sicut
1013 2814 1148 2870 dicit
1175 2815 1443 2888 Propheta
1465 2821 1511 2886 ’,
1543 2820 1762 2890 quando
1800 2822 1916 2878 inst.

2162 2823 2257 2876 καὶ
2284 2821 2520 2891 καθαρὰ,
2560 2819 2742 2883 καθώς
2775 2836 2940 2890 φησιν
2975 2821 3005 2872 ό
3036 2818 3346 2889 Προφήτης,
3375 2817 3507 2869 ὅταν
3536 2816 3662 2870 καθ’

402 2906 743 2978 purgationis
791 2906 1026 2979 argenti,
1065 2922 1185 2978 qua:
1216 2907 1273 2961 ﬁt
1304 2909 1450 2979 igne,
1488 2927 1644 2967 mens
1677 2927 1917 2984 expurga

2242 2929 2370 2985 τητα
2399 2913 2497 2983 τῆς
2540 2912 2668 2986 περὶ
2712 2911 2805 2964 τὸν
2841 2913 3079 2983 ἄργυρον
3110 2912 3170 2963 ἐν
3198 2910 3331 2981 πυρὶ
3363 2908 3666 2979 γενομένης
3750 2919 3758 2934 -

401 3001 473 3053 ab
505 3000 653 3054 omni
699 3000 957 3056 haeretica
991 3002 1269 3071 opinione,
1302 3003 1467 3058 habet
1510 3003 1853 3074 eloquiorum
1887 3022 1917 3059 v

2144 3006 2429 3077 .θάρσεως,
2475 3004 2658 3076 πάσης
2715 3005 2997 3076 αἱρετικῆς
3045 3001 3367 3070 ὑπολήψεως
3419 3001 3660 3052 ἐκκεκα-

401 3091 582 3147 ritatis
612 3092 894 3163 pr0prium
921 3100 978 3149 et
1003 3095 1440 3160 convenientem,
1466 3101 1522 3149 et
1551 3095 1647 3165 qui
1675 3105 1758 3151 est
1781 3111 1917 3152 secn:

2150 3097 2348 3168 ρμένος
2393 3097 2424 3149 ό
2467 3095 2616 3164 νοῦς,
2650 3095 2759 3148 τῶν
2800 3093 2997 3162 λογίων
3033 3093 3135 3164 τὴν
3168 3091 3376 3145 οίκείαν
3413 3090 3514 3161 ἔχῃ
3565 3090 3663 3143 καὶ

403 3182 534 3236 dum
588 3191 862 3249 naturam,
931 3184 1299 3254 splendorem.
1351 3185 1492 3241 Ante
1544 3201 1737 3243 omnes
1792 3199 1918 3243 aute

2146 3189 2220 3241 ,τά
2271 3185 2432 3257 φύσιν
2480 3189 2581 3257 τῆς
2631 3183 2886 3257 ἀληθείας
2934 3183 3130 3253 αὑγήν.
3184 3181 3296 3252 Πρὸ
3341 3180 3565 3234 πάντων
3604 3179 3662 3231 δι

403 3281 620 3342 oportet
647 3273 896 3329 attestari
939 3275 1286 3345 splendorem
1335 3291 1460 3332 esse
1495 3284 1552 3332 et
1590 3278 1880 3347 puritatem

2144 3295 2232 3348 aut
2273 3278 2384 3332 δεῖν
2428 3279 2541 3337 τοῖς
2588 3275 2684 3330 τοῦ
2723 3274 2878 3344 ἁγίου
2930 3272 3145 3326 Παύλου
3193 3271 3430 3340 δόγμασι
3478 3271 3660 3323 πᾶσαν

405 3365 752 3432 dogmatibus
791 3367 967 3421 sancti
1001 3365 1176 3422 Pauli.
1221 3367 1280 3422 In
1328 3369 1583 3439 paradiso
1609 3371 1754 3425 enim
1797 3370 1913 3425 initi

2145 3370 2519 3441 δοσμαρτυρεῖν
2576 3359 2896 3436 λαμπηδόνα
2947 3366 3042 3417 καὶ
3090 3362 3486 3433 καθαριότητα,
3525 3361 3661 3413 διότι

402 3466 492 3512 tus
539 3459 592 3512 in
623 3472 948 3513 arcanorum
980 3460 1312 3532 cognitione,
1356 3467 1411 3515 et
1447 3459 1726 3517 Christum
1771 3463 1918 3517 habe:

2166 3459 2246 3531 τῷ
2274 3458 2587 3531 παραδείσῳ
2623 3456 2849 3528 μυηθεὶς
2882 3456 2992 3508 τῶν
3024 3455 3352 3526 ἀπορρήτων
3383 3452 3485 3523 τὴν
3520 3452 3660 3520 γνῶο

405 3551 462 3600 in
492 3561 552 3602 se
584 3547 919 3617 loquentem,
942 3563 1008 3604 ea
1048 3549 1373 3620 loquebatur
1397 3565 1518 3620 qua:
1548 3563 1918 3607 consentaneu

2141 3569 2185 3615 ν,
2245 3551 2341 3604 καὶ
2394 3548 2656 3602 λαλοῦντα
2710 3547 2849 3618 ἔχων
2901 3547 2960 3598 ἐν
3021 3544 3198 3616 ἐαυτῷ
3259 3543 3352 3596 τὸν
3399 3543 3657 3614 Χριστὸν,

403 3645 489 3693 est
532 3652 657 3692 eum
709 3637 858 3708 loqui
893 3639 989 3709 qui
1022 3641 1274 3696 eruditus
1324 3640 1428 3696 fuit
1469 3657 1498 3695 a
1547 3643 1642 3696 tali
1693 3644 1919 3714 magistr

2143 3640 2301 3695 ναῦτα
2327 3640 2646 3710 ἐφθέγγετο,
2674 3638 2711 3693 ἃ.
2743 3636 2890 3702 είκδς
2923 3637 3012 3690 τὸν
3032 3637 3097 3689 ἐκ
3125 3635 3368 3688 τοιούτου
3403 3634 3659 3688 διδασκά-

408 3745 604 3799 nempe
633 3729 738 3785 sub
765 3729 946 3786 Verbo
967 3731 1107 3787 duce
1133 3743 1188 3788 et
1212 3732 1462 3791 doctore.
1491 3734 1761 3801 Quoniam
1791 3745 1924 3791 aute:

2145 3753 2173 3788 υ
2222 3731 2650 3803 πεπαιδευμένον
2697 3728 3048 3800 φθέγγεσθαι,
3083 3727 3188 3781 ὑπὸ
3211 3725 3553 3796 καθηγεμόνι
3598 3741 3661 3779 τε

410 3818 538 3872 mali
572 3827 969 3888 cauponatores
1006 3821 1396 3891 aggrediuntur
1419 3823 1664 3879 divinum
1695 3833 1920 3897 argentu

2146 3828 2174 3880 μὶ
2200 3825 2505 3896 διδασκάλῳ
2531 3823 2612 3894 τῷ
2640 3823 2818 3894 Λόγῳ.
2861 3821 3078 3891 Ἐπειδὴ
3109 3819 3166 3872 δὲ
3209 3819 3261 3871 oi
3290 3818 3521 3888 πονηροὶ⁸
3563 3817 3662 3870 κά-

403 3908 619 3964 eﬂ'tcere
655 3910 971 3980 reprobum,
1015 3912 1274 3968 mistione
1314 3914 1697 3970 haareticorum
1737 3926 1792 3971 et
1827 3916 1919 3971 adt

2142 3917 2242 3988 λλοι
2271 3917 2534 3988 ἀδόκιμον
2553 3912 2888 3985 ἐπιχειροῦσι
2914 3914 3087 3966 ποιεῖν
3113 3909 3176 3962 τὸ
3202 3911 3346 3963 θεῖον
3373 3907 3658 3980 ἀργύριον,

405 3999 704 4054 terinorum
730 4014 992 4056 sensuum
1022 4001 1175 4056 verbi
1221 4003 1566 4074 splendorem
1601 4005 1921 4060 obscurante

2186 4007 2330 4077 μίξει
2365 4005 2471 4058 τῶν
2504 4001 2795 4076 αἱρετικῶν
2837 4019 2895 4055 τε
2934 4001 3027 4054 καὶ
3057 3998 3327 4067 κιὸδήλων
3372 3999 3667 4066 νοημάτων

405 4100 461 4145 ει
504 4091 734 4162 mystica
771 4091 1020 4161 Apostoli
1069 4106 1253 4160 sensa,
1299 4094 1384 4148 vel
1436 4109 1547 4148 non
1593 4093 1921 4165 intelligente

2144 4097 2450 4168 ιαυροῦντες
2496 4095 2590 4148 τοῦ
2641 4093 2816 4162 Λόγου
2875 4090 2975 4162 τὴν
3028 4087 3382 4159 λαμπηδόνα,
3439 4086 3538 4139 καὶ
3595 4088 3660 4140 τά

407 4182 490 4236 vel
541 4183 778 4252 maligne
829 4192 1210 4249 assumentes,
1257 4185 1324 4240 ad
1373 4184 1770 4241 defendendam
1821 4199 1919 4240 sua

2144 4187 2430 4258 ιστηριὼδη
2470 4185 2564 4239 τοῦ
2609 4182 2930 4237 Ἀποστόλου
2972 4181 3237 4250 νοήματα,
3271 4176 3306 4247 ἢ
3342 4176 3418 4247 μὴ
3452 4178 3660 4230 συνιέν-

407 4273 668 4328 malitiam
707 4275 1018 4341 attrahunt,
1053 4276 1299 4332 dicentes
1345 4276 1412 4330 ad
1462 4278 1812 4332 evertendam
1845 4278 1923 4333 Uu

2143 4278 2244 4349 ς,ἦ
2276 4277 2594 4345 κακούργως
2624 4274 2762 4345 πρὸς
2787 4272 2850 4325 τὸ
2874 4271 3063 4326 δοκοῦν
3091 4269 3552 4339 ἐκλαμόάνοντες,
3584 4268 3659 4330 εἰς

409 4365 577 4432 geniti
606 4365 834 4435 gloriam
875 4367 982 4422 sibi
1021 4366 1228 4422 dictum
1276 4367 1409 4421 illud
1443 4367 1700 4438 opitulari
1753 4375 1925 4438 apostc

2142 4369 2408 4440 ινηγορίαν
2440 4367 2538 4436 τῆς
2566 4364 2762 4427 κακίας
2791 4362 2970 4416 αὐτῶν
3008 4359 3378 4431 ἐπισύρονται,
3407 4357 3658 4424 λέγοντες

407 4455 596 4520 licum,
640 4455 786 4510 Tunc
823 4457 1134 4527 subjicielur
1179 4456 1356 4512 Filius
1397 4459 1446 4511 ei
1475 4460 1566 4528 qui
1595 4459 1696 4511 sibi
1754 4459 1923 4528 subjec

2143 4460 2216 4522 ὡς
2240 4459 2556 4529 καθαίρεσιν
2580 4456 2681 4526 τῆς
2711 4454 2806 4508 τοῦ
2839 4452 3159 4524 μονογενοῦς
3201 4451 3340 4503 Θεοῦ
3383 4449 3546 4518 665.1};
3571 4451 3659 4500 τὸν

407 4547 606 4610 omnia,
641 4554 902 4616 tanquam
933 4563 998 4602 ea
1022 4549 1191 4603 dictio
1225 4549 1477 4604 servilem
1509 4549 1761 4603 ostendat
1799 4549 1923 4601 bum

2136 4548 2434 4602 τοστολικδν
2485 4547 2666 4610 αὐτοῖς
2707 4543 3107 4616 συμϐάλλεσθαι
3151 4542 3329 4610 λόγον,
3368 4541 3430 4603 ὃς
3474 4555 3652 4608 φησιν.

407 4636 650 4690 litatem:
682 4651 744 4690 ea
783 4636 852 4694 de
885 4653 1054 4693 causa
1084 4640 1262 4694 visum
1308 4647 1394 4694 est
1437 4641 1806 4694 necessarium
1851 4639 1923 4692 dil

2143 4658 2159 4692 ι
2219 4640 2356 4694 Τότε
2401 4636 2844 4706 ὑποταγήσεται
2895 4637 2929 4690 ὁ
2976 4635 3105 4700 Υίὸς
3158 4631 3239 4697 τῷ
3288 4631 3653 4693 ὑποτάξαντι

407 4735 598 4797 genter
625 4728 941 4784 examinare
963 4732 1068 4784 hoc
1098 4729 1336 4794 dictum,
1371 4742 1431 4784 ut
1463 4731 1818 4786 ostendamus
1845 4746 1923 4785 vel

2139 4727 2238 4794 5τῷ
2269 4729 2344 4782 τὰ
2371 4727 2587 4791 πάντα,
2625 4726 2702 4789 ὡς
2728 4726 2979 4794 δουλικὴν
3014 4741 3136 4778 τινα
3163 4723 3532 4791 ταπεινότητα
3563 4721 3655 4789 τῆς

408 4834 603 4887 purum
636 4828 923 4890 argentum
965 4821 1349 4890 apostolicum,
1389 4821 1457 4875 ab
1488 4821 1636 4875 omni
1672 4820 1896 4875 sordido

2136 4819 2325 4890 ιιαύτης
2352 4817 2546 4882 λέξεως
2577 4815 2979 4886 ἐμφαινούσηςι
3030 4813 3219 4866 τούτου
3273 4811 3436 4882 χάριν
3488 4811 3652 4875 ἀναγ-

410 4909 668 4964 hazretico
693 4925 860 4965 sensu
904 4920 1212 4980 separatum
1235 4921 1288 4966 et
1319 4911 1542 4966 minime
1568 4912 1815 4966 mistum.
1857 4909 1926 4965 Sc

2135 4914 2230 4965 ιῖον
2271 4910 2445 4980 ἐφάνη
2487 4908 2553 4961 δι’
2577 4906 2895 4977 ἐπιμελείας
2921 4903 3171 4970 ἐξετάσαι
3188 4903 3281 4956 τὸν
3314 4903 3447 4972 περὶ
3470 4900 3651 4953 τούτου

404 5013 526 5052 mus
569 5013 699 5063 ergo
748 5000 805 5053 in
858 5015 961 5053 usu
1002 5009 1208 5055 sanctae
1255 4998 1553 5070 Scriptura;
1604 5001 1742 5055 hanc
1787 5015 1918 5055 voce

2138 5018 2260 5070 γον’
2309 5001 2449 5054 ὥστε
2479 4999 2648 5066 δεῖξαι
2690 4995 2930 5067 καθαρὸν
2966 4994 3180 5065 ἀληθῶς
3205 4993 3267 5045 τὸ
3299 4990 3652 5044 ἀποστολικδν

403 5089 574 5142 multa
627 5089 828 5146 habere
877 5091 1204 5162 signiﬁcata,
1266 5101 1322 5147 et
1367 5107 1476 5147 non
1524 5108 1740 5162 semper
1782 5093 1919 5147 iisde

2137 5091 2358 5162 >γύριον,
2393 5089 2575 5160 πάσης
2623 5087 2874 5158 ρυπαρᾶς
2904 5101 2964 5139 τε
2995 5083 3091 5137 καὶ
3123 5080 3406 5152 αἱρετικῆς
3452 5078 3653 5140 ἐννοίας

400 5195 703 5250 congruere
740 5181 1014 5246 sensibus,
1051 5184 1152 5238 sed
1183 5199 1334 5238 nunc
1373 5183 1591 5253 quidem
1624 5184 1728 5238 hoc
1758 5183 1916 5254 signil

2135 5180 2481 5252 ιχωρισμένον
2517 5178 2610 5232 καὶ
2637 5176 3014 5248 ἀνεπίμικτον.
3052 5175 3338 5242 Ἔγνωμεν
3384 5170 3569 5254 τοίνυν
3599 5170 3651 5220 ἐν

400 5287 548 5336 care,
584 5289 780 5328 rursus
805 5289 936 5329 vero
974 5273 1121 5328 aliud
1156 5274 1422 5340 indicare,
1459 5283 1538 5341 ut,
1563 5276 1742 5344 Servi,
1775 5276 1916 5345 inqui

2135 5273 2359 5343 ἱχρήσει
2395 5273 2494 5340 τῆς
2537 5267 2697 5337 ἁγίας
2727 5266 2967 5338 Γραφῆς,
2996 5263 3312 5332 πολύσημον
3349 5253 3522 5312 οὖσαν
3562 5257 3651 5325 τὴν

405 5361 520 5416 suis
571 5363 809 5418 dominis
840 5365 950 5419 sint
994 5365 1248 5433 subjecti.
1295 5363 1359 5419 Et
1397 5365 1466 5420 de
1509 5375 1706 5420 natura
1749 5380 1917 5434 exper

2134 5365 2330 5434 ιιαῦτην
2360 5362 2562 5434 φωνὴν,
2591 5361 2770 5414 καὶού
2805 5361 2916 5422 τοῖς
2943 5357 3126 5419 αὐτοῖς
3162 5355 3250 5407 ἀεὶ
3271 5348 3650 5422 ἐφαρμοζομέ-

404 5453 658 5518 rationis,
689 5455 835 5523 quod
868 5454 1074 5508 homini
1105 5456 1352 5526 subjecta
1378 5456 1504 5511 sita
1535 5455 1666 5520 Deo,
1700 5455 1920 5528 Prophe

2133 5475 2174 5527 ιν
2221 5459 2508 5526 νοήμασιν,
2559 5453 2695 5507 ἀλλὰ
2743 5451 2840 5506 νῦν
2891 5451 2991 5522 μὲν
3041 5448 3200 5502 τοῦτο
3258 5444 3649 5516 σημαίνουσαν,

405 5542 622 5613 inquit;
659 5543 852 5599 Omnia
899 5545 1168 5616 subjecisti
1209 5549 1305 5602 sub
1346 5547 1562 5618 pedibus
1616 5549 1729 5618 ejus
1754 5549 1796 5603 ³.
1840 5547 1921 5602 lle

2134 5547 2242 5602 άλιν
2288 5546 2348 5601 δὲ
2399 5546 2460 5599 τὸ
2503 5545 2687 5617 ἕτερον
2722 5542 3164 5613 ἐνδεικνυμένηνο
3197 5535 3335 5603 οἷον,
3369 5536 3436 5589 Ui
3465 5533 3650 5598 δοῦλοι,

393 5759 395 5761 .
483 5718 502 5750 ⁸
539 5715 564 5772 ι
597 5718 724 5774 Cor.
759 5737 850 5790 xv,
881 5722 952 5779 28
979 5739 1101 5796 sqq.
1179 5728 1198 5758 ³
1233 5725 1376 5783 Psal.
1416 5743 1491 5793 τι,
1521 5728 1574 5782 7.
1651 5728 1672 5759 ³
1712 5726 1858 5782 Psal.

604 5718 724 5774 Cor.
759 5737 850 5790 xv,
881 5722 952 5779 28
979 5739 1101 5796 sqq.
1179 5728 1198 5758 ³
1233 5725 1376 5783 Psal.
1416 5743 1491 5793 τι,
1521 5728 1574 5782 7.
1651 5728 1672 5759 ³
1712 5726 1858 5782 Psal.
1915 5741 2038 5793 vm,
2067 5725 2120 5781 8.
