3838 6220
161 365 311 423 1305

770 368 839 423 ΙΝ
873 367 1098 434 ILLUD,
1139 367 1326 425 Τί]Νο
1359 366 1514 423 IPSE
1554 366 1780 421 FILlUS
1815 366 2289 434 SUBJICIETUR,
2328 366 2507 433 ETC.,
2543 364 2824 423 ORATIO.

3292 361 3430 417 1506

160 482 336 550 φησὶ.
383 480 496 544 τοῖς
544 479 695 543 ἰδίοις
738 480 1026 545 δεσπόταις
1074 481 1582 537 ὑποτασσέσθωσαν.
1638 483 1750 535 Καὶ

1870 482 1919 536 lc
1973 483 2116 537 bello
2162 482 2409 539 subactis
2437 482 2571 537 dicit
2599 502 2611 536 :
2641 481 2873 551 Subjecit
2921 478 3140 548 populos
3171 478 3344 539 nobis,
3381 487 3433 531 et

160 574 293 643 περὶ
342 574 439 644 τῆς
494 573 693 642 ἀλόγου
746 573 980 643 φύσεως,
1011 576 1093 627 ὅτι
1122 575 1200 644 τῷ
1238 576 1510 647 ἀνθρώπῳ
1556 576 1749 629 ὑποτέ-

157 681 363 717 τακται
408 663 513 719 ὑπὸ
566 665 660 720 τοῦ
708 664 865 730 Θεοῦ,
898 668 927 719 ό
972 666 1261 738 Προφήτης
1310 667 1493 736 λέγει·
1546 665 1773 721 [hirto

159 759 474 824 ὑπέταξας
520 758 801 813 ὑποκάτω
830 758 950 813 τῶν
988 758 1192 813 ποδῶν
1220 760 1429 814 αὑτοῦ.
1468 760 1578 812 Καὶ
1621 759 1751 829 περὶ

160 851 274 903 τῶν
327 850 417 904 διὰ
468 850 706 921 πολέμου
755 851 1169 922 κεχειρωμένων
1219 851 1404 921 φησίνο
1464 849 1751 913 ’Υπέταξε

161 940 355 1005 λαοὺς
388 940 551 1010 ἡμῖν,
572 942 671 995 καὶ
702 942 846 1009 ἔθνη
877 942 994 997 ὑπὸ
1028 940 1169 1006 τοὺς
1200 940 1389 1004 πόδας
1414 936 1601 1008 ἡμῶν.
1630 938 1751 991 Τῶν

163 1048 227 1084 τε
256 1027 413 1094 αὖθις
442 1032 507 1085 δι’
538 1032 885 1102 ἐπιγνώσεως
915 1031 1235 1104 σωζομένων
1269 1029 1645 1100 ἐπιμνησθεὶς,
1676 1029 1752 1092 ώς

164 1122 234 1173 ἐκ
264 1121 559 1192 προσώπου
596 1122 689 1176 τοῦ
734 1122 868 1176 Θεοῦ
906 1123 1051 1191 λέγει
1085 1124 1167 1189 τὸ,
1212 1122 1375 1191 Ἐμοὶ
1413 1121 1753 1189 ἀλλόφυλοι

164 1210 564 1281 ὑπετάγησαν
580 1231 592 1243 ·
616 1206 659 1280 ᾧ
682 1213 829 1266 δοκεῖ
856 1231 971 1277 πως
995 1216 1193 1268 οἰκεῖον
1217 1208 1354 1265 εἶναι
1374 1211 1434 1264 τὸ
1453 1210 1754 1281 ἐξητασμέ-

162 1320 257 1355 νον
285 1306 420 1374 ἡμῖν
448 1303 527 1375 τῷ
558 1304 760 1376 πρώτῳ
803 1306 894 1359 καὶ
936 1305 1215 1377 ἑξηκοστῷ
1257 1304 1478 1375 ψαλμῷ,
1519 1303 1606 1357 διὰ
1633 1302 1749 1368 τοῦ,

165 1395 321 1465 Οὐχὶ
354 1394 433 1461 τῷ
477 1394 601 1463 Θεῷ
636 1397 1081 1467 ὑποταγήσεται
1111 1397 1151 1466 ἠ
1194 1395 1367 1467 ψυχή
1407 1410 1565 1465 μους
1629 1395 1753 1447 Ἐπὶ

163 1487 304 1537 πᾶσι
346 1484 405 1538 δέ
444 1484 653 1548 τούτοις
701 1486 878 1539 ἐκεῖνο
928 1486 988 1539 τὸ
1026 1485 1176 1556 παρά
1217 1484 1327 1543 τῶν
1371 1482 1580 1554 ἐχθρῶν
1623 1483 1753 1552 ἡμῖν

164 1578 581 1650 προφερόμενον
626 1580 691 1632 ἐκ
737 1578 839 1649 τῆς
884 1577 1022 1649 πρὸς
1059 1576 1379 1648 Κορινθίους
1410 1574 1752 1645 Ἐπιστολῆς,

164 1668 252 1721 ὅτι
308 1668 444 1721 Τότε
489 1666 674 1735 αὐτὸς
718 1671 751 1723 ὁ
806 1667 939 1735 Υίὸς
992 1666 1437 1737 ὑποταγήσεται
1476 1665 1557 1732 τῷ
1609 1668 1755 1720 ὑπο-

164 1756 421 1822 τάξαντι
447 1757 609 1823 αὐτῷ
636 1757 707 1813 τὰ
744 1757 962 1815 πάντα.
1010 1757 1229 1829 Ἐπειδὴ
1256 1757 1437 1811 τοίνυν
1461 1756 1554 1811 ἐπὶ
1585 1755 1755 1811 πολλὰ

164 1846 421 1917 νοήματα
452 1846 680 1919 φέρεται
712 1848 812 1920 τῆς
848 1848 1035 1919 φωνῆς
1054 1848 1257 1919 ταύτης
1289 1852 1323 1920 ή
1352 1850 1617 1922 σημασία.
1652 1867 1754 1903 κα-

164 1937 279 2001 λῶς
313 1938 380 1992 ἂν
409 1938 520 2009 ἔχοι
549 1940 779 1994 ἕκαστον
816 1940 1021 1994 τούτων
1066 1942 1152 2011 ἐφ’
1185 1940 1379 1996 ἐαυτοῦ
1417 1941 1755 2013 διελομένους

166 2032 490 2101 ἐπιγνῶναι,
514 2034 652 2104 πρὸς
698 2037 850 2088 ποῖον
896 2035 996 2105 τῆς
1038 2035 1315 2106 ὑποταγῆς
1361 2035 1758 2107 σημαινόμενον

166 2126 207 2195 ἡ
239 2124 340 2178 τοῦ
381 2126 705 2180 Ἀποστόλου
753 2127 913 2201 ῥῆσις
947 2128 1164 2191 οἰκείως
1208 2126 1341 2197 ἔχει.
1370 2128 1553 2199 Φαμὲν
1579 2128 1759 2182 τοίνυν

166 2217 253 2269 ὅτι
300 2217 532 2279 ἐπὶτῶν
585 2218 685 2289 μὲν
730 2219 819 2273 διὰ
859 2218 1096 2290 πολέμου
1160 2223 1227 2292 τῇ
1262 2220 1373 2274 τῶν
1416 2221 1757 2294 κεκρατηκό-

166 2326 281 2363 των
332 2310 621 2381 δυναστείᾳ
669 2312 1111 2384 κεχειρωμένων,
1154 2314 1220 2368 τὸ
1247 2313 1518 2379 ἀκουσίως
1553 2333 1614 2369 τε
1664 2315 1759 2369 καὶ

168 2403 719 2474 κατηναγκασμένως
750 2405 1026 2477 ὑποκύψαι
1060 2410 1173 2471 τοῖς
1203 2407 1535 2478 νενικηκόσι,
1563 2408 1625 2461 τὸ
1659 2408 1761 2477 τῆς

168 2493 458 2564 ὑποταγῆς
488 2494 821 2551 ἐνδείκνυται
863 2496 1279 2569 σημαινόμενον.
1311 2499 1374 2551 Ei
1407 2498 1516 2569 γάρ
1546 2514 1630 2561 τις
1647 2500 1759 2561 τοῖς

169 2585 543 2655 αἰχμαλώτοις
575 2588 941 2659 προσγένηται
968 2589 1217 2660 δύναμις,
1245 2589 1436 2643 ἐλπίδα
1465 2588 1560 2642 τοῦ
1591 2589 1760 2659 ὑπερ-

171 2676 405 2745 σχήσειν
439 2674 549 2728 τῶν
580 2678 1001 2747 κεκρατηκότων
1031 2679 1409 2744 ὑποδεικνῦσα,
1438 2678 1600 2735 πάλιν
1637 2679 1764 2732 ἐαυ-

168 2766 305 2828 τοὺς
336 2766 712 2839 ἀντεγείρουσι
742 2771 854 2832 τοῖς
874 2771 1232 2841 κρατήσασιν,
1260 2770 1416 2843 ὑδριν
1441 2771 1534 2827 καὶ
1561 2770 1761 2833 ὄνειδος

168 2857 236 2909 τὸ
267 2859 385 2921 τοίς
410 2858 624 2929 ἐχθροῖς
658 2860 1023 2932 ὑποτετάχθαι
1065 2863 1361 2934 κρίνοντες.
1392 2863 1473 2917 Τὰ
1496 2863 1553 2917 δὲ
1591 2862 1761 2931 ἄλογα

169 2952 291 3012 τοῖς
338 2950 577 3019 λογικοῖς
621 2953 763 3006 εἰσιν
810 2954 1097 3025 ὑποχείρια
1143 2954 1265 3008 καθ’
1318 2955 1503 3024 ἕτερον
1540 2953 1760 3025 τρόπον,

170 3037 253 3109 τῷ
306 3039 539 3103 ἐλλιπῶς
583 3040 729 3111 ἐχειν.
774 3041 872 3113 τὴν
912 3043 1071 3110 φύσιν
1126 3046 1311 3107 αὑτοῖς
1356 3044 1451 3097 τοῦ
1503 3044 1761 3115 μεγίστου

1851 586 2028 643 gentes
2050 575 2146 628 sub
2186 576 2406 641 pedibus
2448 577 2643 629 nostris
2669 581 2711 627 ’⁵.
2753 575 2821 626 Et
2866 587 3062 628 rursus
3100 570 3430 625 mentionem

1856 665 2068 719 faciens
2099 682 2291 719 eorum
2331 666 2424 735 qui
2464 675 2755 720 servantur
2780 679 2879 735 per
2906 664 3268 733 agnitionem,
3300 661 3433 713 dicit

1852 766 2111 828 tanquam
2144 762 2374 828 loquens
2415 775 2481 814 ex
2525 757 2620 814 Dei
2652 772 2886 827 persona
2912 773 2926 808 :
2957 754 3094 809 Mihi
3124 753 3433 822 alienigenae

1851 850 2075 919 subjecti
2105 861 2227 904 sunt
2247 852 2290 915 ⁸,
2332 850 2467 905 adeo
2496 859 2556 903 ut
2588 849 2843 903 videatur
2868 845 3107 900 maxime
3135 843 3433 899 convenire

1854 940 1907 996 id
1949 942 2096 1012 quud
2143 957 2174 996 a
2209 943 2370 997 nobis
2398 950 2482 997 est
2511 942 2882 996 examinatum
2920 938 2973 992 in
3019 937 3231 1007 psalmo
3272 950 3432 989 sexa—

1852 1036 2062 1106 gesimo
2125 1036 2358 1106 primo:
2408 1034 2664 1103 Nunquid
2720 1032 2825 1085 Deo
2886 1029 3195 1098 subjiciatur
3248 1028 3431 1081 anima

1853 1126 2012 1181 mea?
2042 1122 2267 1179 Accedit
2301 1123 2388 1179 his
2418 1123 2671 1177 omnibus
2706 1122 2837 1175 illud
2867 1121 3011 1189 quod
3044 1119 3202 1175 nobis
3228 1119 3428 1186 objici-

1856 1223 1943 1267 tur
1969 1215 2040 1269 ab
2063 1214 2304 1268 inimicis
2335 1230 2401 1267 ex
2437 1212 2679 1283 Epistula
2721 1212 2786 1265 ad
2821 1212 3161 1274 Corinthios,
3188 1224 3382 1278 nempe
3411 1226 3426 1262 :

1856 1304 2003 1359 Tum:
2045 1313 2096 1360 et
2136 1307 2246 1367 ipse
2273 1305 2451 1358 Filius
2493 1304 2804 1373 subjiciatur
2840 1304 2887 1357 ei
2932 1304 3022 1373 qui
3064 1302 3165 1356 sibi
3207 1301 3432 1371 subjecit

1855 1400 2055 1453 omnia.
2081 1398 2349 1465 Quoniam
2383 1412 2517 1467 ergo
2541 1405 2629 1453 est
2662 1394 2945 1466 multiplex
2984 1392 3148 1463 hujus
3177 1394 3330 1449 vocis
3364 1397 3435 1449 si-

1855 1490 2156 1561 gniﬁcatio,
2197 1490 2333 1546 bene
2357 1491 2482 1554 erit,
2504 1493 2580 1556 si,
2607 1504 2734 1545 cum
2778 1487 3208 1558 unumquodque
3240 1502 3433 1543 eorum

1855 1596 1952 1649 per
1981 1596 2040 1636 se
2079 1580 2519 1644 distinxerimus,
2573 1593 2939 1649 agnoscamus
2970 1578 3188 1632 cuinam
3230 1578 3435 1646 signiﬁ-

1855 1680 1982 1727 cato
2007 1671 2369 1740 subjectionis
2396 1671 2687 1726 conveniat
2706 1670 2879 1725 dictio
2897 1671 3163 1739 Apostoli.
3189 1669 3443 1724 Dicimus

1855 1780 1986 1833 ergo
2017 1764 2161 1834 quod
2192 1764 2246 1817 in
2291 1764 2380 1818 his
2410 1762 2628 1832 quidem
2668 1762 2762 1832 qui
2799 1761 2943 1816 bello
2974 1760 3179 1815 redacti
3214 1769 3343 1815 sunt
3377 1761 3441 1813 iw

1858 1862 2184 1927 potestatem
2210 1869 2403 1910 eorum
2431 1854 2523 1924 qui
2551 1854 2826 1917 vicerunt,
2862 1852 3226 1920 subiectionis
3262 1852 3439 1921 signia-

1857 1949 2077 2005 ticatum
2112 1945 2323 2001 indicat.
2370 1945 2603 2000 invitum
2645 1952 2701 1997 et
2729 1956 2980 1998 coactum
3009 1959 3073 1999 se
3110 1944 3436 1999 submittere

1856 2041 1907 2097 ei
1941 2056 1971 2094 a
2002 2056 2113 2111 quo
2145 2040 2329 2094 victus
2357 2046 2461 2093 est.
2494 2038 2552 2093 Si
2595 2039 2740 2093 enim
2776 2038 3009 2108 captivis
3037 2038 3219 2108 aliqua
3250 2053 3447 2093 acces-

1858 2135 1994 2191 serit
2021 2133 2286 2205 potentia,
2322 2146 2475 2201 spem
2513 2128 2812 2187 ostendens
2842 2128 3086 2184 futurum
3111 2137 3171 2183 ut
3204 2130 3316 2186 sint
3344 2145 3440 2184 su-

1860 2229 2109 2300 periores
2140 2226 2211 2282 iis
2236 2225 2333 2298 qui
2375 2226 2526 2296 ipsos
2573 2224 2847 2290 vicerunt,
2880 2223 3144 2279 adversus
3183 2223 3444 2278 dominos

1860 2336 2055 2376 rursus
2088 2320 2421 2389 insurgunt,
2455 2324 2517 2373 ut
2544 2317 2637 2387 qui
2682 2316 2945 2387 probrum
2976 2322 3031 2370 et
3058 2314 3296 2370 dedecus
3320 2314 3444 2369 exi-

1862 2412 2089 2466 stiment
2134 2408 2281 2479 quod
2325 2407 2439 2464 sint
2474 2406 2707 2476 subjecti
2754 2405 3014 2460 inimicis.
3047 2404 3212 2459 Bruta
3254 2412 3443 2458 autem

1860 2502 1972 2554 alio
2002 2498 2166 2555 modo
2199 2504 2331 2552 sunt
2359 2495 2611 2565 subjecta
2646 2494 2981 2549 animalibus
3006 2494 3217 2549 ratione
3246 2493 3445 2564 praedi-

1861 2591 1953 2657 tis,
2009 2603 2205 2660 nempe
2244 2589 2389 2658 quod
2434 2603 2625 2643 eorum
2673 2595 2885 2642 naturae
2937 2587 3080 2642 desit
3138 2588 3440 2641 maximum

1862 2684 2091 2746 bonum,
2138 2680 2393 2737 videlicet
2442 2680 2605 2735 ratio.
2636 2679 2757 2747 Quo
2802 2681 2861 2734 tit
2904 2688 2966 2734 ut
3008 2694 3237 2734 necesse
3269 2679 3342 2734 sit
3385 2678 3442 2733 id

1860 2774 2009 2844 quod
2058 2782 2143 2830 est
2208 2772 2460 2837 inferius,
2502 2788 2627 2829 esse
2688 2771 2994 2842 subjectum
3048 2771 3099 2827 ei
3156 2770 3246 2825 cui
3298 2771 3445 2826 obti-

1861 2874 2060 2940 gerunt
2108 2867 2405 2937 ampliores
2447 2872 2503 2919 et
2555 2865 2812 2919 meliores
2854 2870 3065 2917 naturae
3116 2862 3292 2917 dotes.
3338 2859 3444 2927 Qui

1864 2968 2046 3012 autem
2074 2974 2138 3012 ex
2170 2958 2408 3028 legitima
2440 2956 2624 3026 aliqua
2650 2955 3049 3025 consequentia
3091 2953 3225 3024 jugo
3253 2961 3445 3008 tenen-

1866 3060 1956 3104 tur
1988 3051 2296 3113 servitutis,
2340 3049 2557 3104 etiamsi
2592 3047 2821 3117 aequalis
2872 3048 2945 3102 sit
2983 3061 3173 3101 eorum
3224 3052 3444 3107 natura,

172 3130 289 3184 τῶν
318 3130 564 3199 ἀγαθῶν,
594 3133 840 3186 τουτέστι
867 3133 960 3187 τοῦ
988 3134 1168 3203 λόγου.
1216 3135 1301 3198 Ὠς
1333 3136 1579 3206 ἀνάγκην
1623 3128 1759 3189 εἶναι

1866 3157 1989 3196 cum
2032 3150 2212 3196 tamen
2265 3141 2365 3208 legi
2410 3157 2521 3195 non
2556 3140 2767 3210 possint
2801 3140 3082 3199 resistere.
3129 3136 3449 3192 referuntur

171 3221 256 3292 τῷ
308 3222 718 3277 πλεονεκτοῦντι
762 3224 905 3278 κατὰ
950 3224 1048 3297 τὴν
1090 3226 1385 3298 εὐκληρίαν
1418 3228 1516 3297 τῆς
1552 3226 1765 3295 φύσεως

173 3311 544 3383 ὑποτετάχθαι
571 3313 632 3366 τὸ
660 3313 1053 3385 ἐλαττούμενον
1076 3332 1091 3346 ο
1122 3315 1171 3369 οἱ
1201 3315 1258 3368 δέ
1289 3317 1347 3370 ἐν
1376 3314 1455 3386 τῷ
1488 3314 1637 3385 ζυγῷ
1669 3314 1767 3384 τῆς

175 3403 427 3467 δουλείας
448 3404 538 3459 διὰ
565 3405 795 3476 νομίμου
824 3406 967 3466 τινὸς
992 3406 1315 3470 ἀκολουθίας
1343 3406 1763 3478 κεκρατημένοι,

176 3495 287 3549 κᾶν
317 3497 376 3549 ἐν
400 3498 468 3568 τῇ
499 3494 661 3565 φύσει
699 3495 760 3550 τὸ
803 3498 1062 3569 ὁμοτίμον
1100 3497 1319 3568 ἔχωσιν,
1368 3498 1483 3551 ἀλλ’
1510 3494 1603 3552 οῦν
1631 3497 1767 3569 πρὸς

176 3586 273 3640 τὸν
304 3585 469 3657 νόμον
508 3588 781 3659 ἀντισχεῖν
808 3590 868 3642 οὐ
915 3590 1201 3661 δυνάμενοι
1230 3590 1472 3660 δέχονται
1509 3590 1618 3643 τῶν
1646 3590 1771 3643 ὑπο-

178 3677 405 3749 χειρίων
456 3678 554 3751 τὴν
597 3677 781 3745 τάξιν,
825 3680 903 3752 τῷ
955 3683 1316 3753 ἀπαραιτήτῳ
1367 3682 1469 3751 τῆς
1524 3682 1771 3751 ἀνάγκης

180 3774 323 3841 πρὸς
367 3770 468 3843 τὴν
517 3772 798 3845 ὑποταγὴν
851 3773 1186 3845 ἐναγόμενοι.
1240 3773 1353 3844 Τῆς
1398 3774 1453 3827 δὲ
1503 3774 1638 3846 πρὸς
1680 3774 1771 3827 τὸν

181 3862 319 3916 Θεὸν
370 3864 665 3935 γινομένης
714 3866 846 3937 ἡμῖν
895 3865 1177 3938 ὑποταγῆς
1224 3868 1253 3920 ό
1298 3866 1497 3930 σκοπός
1544 3868 1690 3920 ἐστιν
1737 3868 1771 3939 ἠ

184 3957 453 4029 σωτηρία,
486 3954 697 4021 καθὼς’
720 3958 873 4028 παρὰ
907 3959 1009 4029 τῆς
1038 3959 1375 4030 προφητείας
1409 3960 1704 4030 ἐμάθομεν,
1736 3961 1772 4031 ἢ

184 4065 376 4119 φησιν,
431 4046 515 4113 Τῷ
563 4046 685 4113 Θεῷ
735 4049 1089 4118 ὑποτάγηθι,
1120 4049 1159 4116 ἡ
1211 4048 1382 4119 ψυχή
1430 4067 1585 4118 μουο
1636 4050 1774 4117 παρ’

183 4138 350 4205 αὐτῷ
379 4139 486 4208 γὰρ
514 4137 583 4192 τὸ
616 4139 913 4209 σωτήριόν
939 4159 1073 4210 μου.
1105 4142 1272 4195 Ὅταν
1300 4141 1478 4196 τοίνυν
1498 4142 1776 4213 προφέρη-

183 4251 280 4286 ται
338 4233 489 4302 παρά
540 4232 651 4287 τῶν
702 4234 960 4291 ἐναντίων
1008 4235 1141 4304 ἡμῖν
1206 4235 1240 4304 ἡ
1292 4233 1384 4286 τοῦ
1452 4232 1776 4288 Ἀποστόλου

185 4325 363 4396 φωνὴ,
396 4326 429 4396 ἡ
456 4326 547 4379 τὸν
575 4325 703 4378 Υίὸν
731 4324 1175 4396 ὑποταγήσεσθαι
1195 4324 1275 4395 τῷ
1310 4327 1489 4396 Πατρὶ
1516 4325 1773 4394 λέγουσα,

183 4416 483 4473 ἀκόλουθον
517 4416 585 4471 ἂν
623 4416 708 4488 εἴη
740 4416 883 4469 κατά
911 4417 1010 4488 τὴν
1036 4416 1428 4487 διεσταλμένην
1453 4418 1553 4488 τῆς
1591 4416 1777 4471 τοιαὺ-

1866 3232 1924 3285 in
1955 3230 2201 3285 ordinem
2226 3230 2626 3300 subjectorum,
2657 3237 2718 3284 ut
2741 3228 2834 3299 qui
2864 3228 3195 3283 necessitate
3219 3228 3446 3280 inexcu-

1866 3324 2025 3380 sabili
2058 3324 2403 3377 deducantur
2453 3324 2519 3377 ad
2552 3322 2970 3391 subjectionem.
3012 3319 3224 3374 Nostra:
3264 3328 3445 3371 autem

1867 3416 1980 3472 Deo
2014 3416 2380 3485 subjectionis
2413 3429 2616 3484 scopas
2643 3420 2731 3468 est
2761 3422 2950 3467 nostra
2982 3412 3155 3472 salus,
3192 3410 3338 3464 sicut
3371 3409 3449 3461 di-

1867 3508 2108 3567 dicimus
2136 3523 2165 3563 a
2207 3506 2513 3577 prophetia,
2553 3520 2676 3576 quae
2706 3504 2862 3569 dicit,
2891 3502 3001 3556 Deo
3034 3502 3271 3569 subjecta
3310 3511 3447 3563 esto,

1867 3601 2049 3654 animo
2080 3616 2217 3662 mea,
2254 3597 2395 3666 apud
2421 3599 2591 3664 ipsum
2637 3597 2775 3650 enim
2810 3603 2885 3649 est
2922 3594 3161 3647 salutare
3213 3607 3384 3645 meum
3406 3593 3448 3644 ⁸.

1868 3691 2101 3758 Quando
2135 3705 2266 3759 ergo
2302 3690 2370 3744 ab
2400 3688 2733 3744 adversariis
2774 3686 2982 3741 nostris
3012 3686 3169 3739 nobis
3193 3684 3457 3753 objicitur

1869 3796 1976 3837 vos
2006 3779 2277 3851 Apostoli,
2311 3794 2432 3849 quae
2462 3778 2596 3833 dicit
2634 3775 2831 3830 Filium
2878 3774 3283 3842 subjiciendum
3328 3788 3459 3827 esse

1870 3872 2045 3935 Patri,
2070 3886 2419 3943 consequens
2455 3870 2643 3933 fuerit,
2674 3868 2934 3924 distincta
2984 3866 3148 3935 hujus
3192 3865 3343 3920 vocis
3373 3866 3451 3920 si-

1872 3965 2249 4038 gniﬁcatione,
2302 3978 2400 4018 eos
2443 3963 2805 4030 interrogare,
2856 3960 2923 4014 ad
2955 3960 3230 4028 quodnam
3270 3956 3461 4027 subje-

1879 4060 2084 4115 ctionis
2132 4055 2471 4126 aspicientes
2505 4052 2894 4124 signiﬁcatum,
2930 4051 3073 4105 hanc
3105 4066 3293 4104 vocem
3337 4049 3461 4104 exi-
3544 4090 3547 4093 μ

1875 4152 2105 4206 stimant
2138 4147 2435 4203 convenire
2467 4144 2575 4200 Deo
2625 4143 2928 4213 unigenito.
2977 4141 3082 4196 Sed
3131 4152 3216 4197 est
3247 4141 3458 4212 perspi-

1874 4257 2062 4304 cuum,
2100 4240 2248 4310 quod
2288 4239 2442 4293 nullo
2468 4253 2535 4293 ex
2567 4236 2734 4292 dictis
2767 4232 2947 4288 modis
2985 4234 3175 4287 dicent
3199 4248 3260 4287 se
3292 4231 3460 4285 intel-

1874 4335 2045 4405 ligere
2075 4330 2202 4385 Filii
2247 4329 2668 4399 subjectionem.
2716 4324 2906 4395 Neque
2955 4323 3102 4378 enim
3138 4338 3263 4376 cum
3313 4329 3461 4376 esset

1877 4425 2136 4480 inimicus
2175 4422 2319 4477 bello
2353 4421 2505 4475 venit
2556 4419 2610 4473 in
2660 4424 2987 4488 potestatem
3035 4414 3214 4469 hostis
3255 4414 3364 4479 sui,
3402 4424 3461 4468 ut

179 4527 291 4581 της
316 4509 500 4579 φωνῆς
529 4510 805 4580 σημασίαν
837 4510 1047 4579 ἐρωτᾷν
1090 4509 1287 4573 αὐτοὺς
1320 4508 1456 4579 πρὸς
1486 4512 1637 4563 ποῖον
1681 4527 1759 4580 σῆς

1881 4527 1976 4571 aut
2016 4525 2202 4580 speret
2246 4522 2341 4568 aut
2376 4511 2597 4567 studeat
2634 4524 2694 4563 se
2726 4523 2890 4579 posse
2932 4505 3233 4576 aliquando
3277 4507 3459 4559 insur-

184 4602 520 4674 μαινόμενον
551 4600 651 4670 τῆς
701 4600 980 4669 ὑποταγῆς
1004 4600 1238 4669 ὁρῶντες
1285 4598 1489 4670 ταύτην
1532 4599 1775 4670 ἐφαρμό-

181 4696 305 4760 ζειν
329 4691 536 4746 οἴονται
562 4692 673 4745 δεῖν
700 4692 777 4763 τῷ
804 4695 1091 4763 μονογενεῖκ
1102 4691 1221 4762 Θεῷ
1250 4691 1348 4763 τὴν
1371 4694 1574 4761 φωνήν.
1617 4691 1776 4743 Ἀλλὰ

179 4788 373 4857 δῆλον,
424 4786 507 4839 ὅτι
553 4786 675 4838 κατ’
715 4784 907 4839 οὐδένα
951 4784 1151 4857 τρόπον
1188 4782 1298 4837 τῶν
1341 4784 1645 4855 εἰρημένων
1680 4783 1774 4836 τοῦ

183 4879 325 4935 Υῖοῦ
372 4878 474 4948 τὴν
502 4877 785 4948 ὑποταγὴν
830 4876 1015 4947 ἐροῦσι
1061 4879 1223 4931 νοεῖν.
1275 4875 1411 4930 Οὐδὲ
1442 4876 1551 4948 γὰρ
1584 4875 1776 4948 ἐχθρὸς

182 4972 266 5026 ὢν
328 4969 419 5024 διὰ
472 4968 713 5039 πολέμου
773 4968 995 5037 γέγονεν
1044 4968 1374 5040 ὑποχείριος,
1423 4967 1567 5022 ὥστε
1617 4968 1781 5022 πάλιν

183 5061 345 5131 αὑτῴ
373 5060 472 5131 τὴν
504 5060 650 5117 κατὰ
682 5058 789 5117 τοῦ,
808 5059 1136 5131 κρατοῦντος
1179 5060 1549 5114 ἐπανάστασιν
1579 5060 1646 5113 δι’
1690 5060 1781 5112 ἐλ-

184 5154 349 5217 πίδος
377 5169 438 5207 τε
454 5153 563 5209 καὶ,
582 5152 817 5222 σπουδῆς
830 5148 989 5214 εἶναι,
1021 5151 1146 5205 οὔτε
1174 5152 1249 5216 ώς
1276 5155 1333 5205 ἐν
1360 5155 1427 5222 τῇ
1445 5151 1554 5205 τῶν
1573 5152 1782 5221 ἀλόγων

185 5248 217 5298 ὁ
244 5244 410 5312 λόγος
428 5243 517 5298 διὰ
544 5244 644 5314 τῆς
687 5241 782 5296 τοῦ
825 5242 1031 5311 ἀγαθοῦ
1061 5242 1348 5312 ἐλλείψεως
1394 5244 1699 5311 ἀναγκαίαν
1726 5245 1783 5297 ἐν

185 5339 263 5406 τῇ
308 5333 473 5403 φύσει
499 5333 599 5404 τὴν
628 5332 906 5404 ὑποταγὴν
937 5332 1072 5403 ἔχει,
1100 5334 1176 5396 ώς
1208 5332 1457 5403 πρόϐατα
1481 5334 1575 5387 καὶ
1614 5337 1781 5407 κτήνη

188 5426 293 5481 καὶ
324 5425 448 5496 βόες
472 5424 610 5495 πρὸς
629 5425 721 5478 τὸν
748 5424 1030 5495 ἄνθρωπον
1053 5423 1287 5494 ἔχουσιν,
1314 5424 1434 5477 οὑδὲ
1463 5424 1584 5478 καθ’
1604 5425 1781 5496 όμοιόο

190 5535 349 5588 τηταν
374 5515 485 5571 τῶν
517 5517 956 5589 ἀργυρωνήτων,
1004 5515 1037 5586 ἢ
1092 5515 1383 5583 οἰκογενῶν
1433 5516 1783 5587 ἀνδραπόδων

192 5611 355 5683 νόμῳ
381 5608 779 5679 δεδουλωμένος
813 5606 1072 5677 ἀναμένει
1115 5605 1182 5659 δι’
1224 5606 1455 5671 εὐνοίας,
1487 5607 1520 5678 ἢ
1563 5608 1784 5679 χάριτος

271 5794 295 5827 ⁸
326 5793 474 5849 Psal.
498 5808 645 5850 XLVI.
687 5794 737 5848 4.

1878 4625 2006 4681 gere
2052 4608 2317 4663 adversus
2363 4605 2667 4659 dominum.
2707 4600 2810 4654 Sed
2865 4615 2967 4653 nec
3014 4607 3272 4668 tanquam
3318 4599 3466 4653 inter

1878 4702 2062 4763 bruta,
2110 4714 2208 4770 per
2250 4696 2379 4752 boni
2430 4694 2725 4755 deiectum,
2759 4696 2812 4745 in
2860 4699 3057 4745 natura
3090 4690 3463 4747 necessariam

1880 4794 2044 4848 habet
2089 4791 2508 4861 subjectionem.
2562 4795 2624 4842 ut
2667 4800 2800 4840 oves
2845 4791 2901 4839 et
2948 4783 3116 4853 boves
3163 4792 3219 4837 et
3264 4798 3465 4853 pecora

1881 4885 2256 4955 subjiciuntur
2286 4879 2519 4935 homini.
2551 4877 2657 4933 Sed
2692 4891 2872 4945 neque
2914 4881 2976 4928 ut
3024 4875 3255 4943 pecunia
3293 4874 3465 4943 empti

1882 4979 2047 5041 servi,
2082 4986 2176 5030 aut
2201 4974 2347 5030 domi
2379 4971 2491 5027 nali
2519 4986 2720 5033 verme,
2751 4969 2866 5037 lege
2899 4966 3149 5022 serviens
3177 4974 3465 5036 exspectat

1884 5084 2126 5138 unquam
2184 5068 2461 5128 futurum,
2520 5072 2579 5116 ut
2637 5061 2722 5115 vel
2766 5058 2975 5113 domini
3030 5057 3322 5111 clementia
3380 5056 3467 5111 vel

1886 5161 2059 5230 gratia
2089 5160 2207 5229 ipse
2244 5158 2507 5211 liberetur
2540 5170 2571 5208 a
2597 5153 2732 5223 jugo
2779 5149 3081 5205 servitutis.
3131 5147 3239 5203 Sed
3284 5163 3467 5217 neque

1887 5253 2081 5311 salutis
2112 5266 2281 5321 scopo
2313 5250 2416 5305 sibi
2445 5244 2727 5319 proposito
2749 5241 2951 5296 dixerit
2973 5241 3266 5311 quisquam
3292 5238 3463 5293 Deum

1888 5342 2230 5413 unigenitum
2271 5339 2419 5394 Patri
2472 5352 2597 5393 esse
2642 5333 2949 5403 subjectum
2995 5339 3100 5384 :ut
3146 5345 3209 5383 ea
3253 5331 3470 5382 ratione

1888 5434 2067 5490 instar
2097 5433 2383 5487 hominum
2414 5430 2519 5487 sibi
2563 5445 2590 5482 a
2622 5427 2734 5482 Deo
2758 5430 3017 5496 procuret
3047 5422 3300 5477 salutem.
3332 5420 3467 5474 Nam

1890 5525 1948 5579 in
1994 5523 2245 5578 mutabili
2285 5520 2508 5593 quidem
2554 5526 2771 5582 natura,
2810 5528 2931 5584 quae
2968 5508 3470 5567 communicatione

1891 5632 1958 5672 ac
1996 5616 2419 5688 participatione
2464 5615 2670 5670 bonum
2720 5605 3068 5678 adipiscitur,
3117 5616 3341 5658 necesse
3380 5607 3474 5657 cst

836 5790 857 5823 ⁸
897 5790 1041 5846 Psal.
1104 5805 1217 5853 LIX.
1268 5790 1353 5844 10.
1430 5789 1449 5820 ⁸
1486 5787 1629 5846 Psal.
1673 5804 1785 5858 LXI,
1824 5788 1882 5843 2.
