3838 6220
376 329 398 382 Ι
409 327 516 384 307

1847 330 2217 390 APPENDIX.

3492 327 3648 390 ιπσ

375 457 433 504 ιιι
472 447 582 503 Deo
627 448 700 504 sit
751 447 1042 518 subjectio,
1091 457 1381 520 propterea
1415 447 1561 519 quod
1615 447 1745 503 biuc
1793 449 1949 503 nobis

2053 452 2146 502 τοῦ
2194 450 2358 519 ζυγοῦ
2419 468 2548 504 ποτε
2598 451 2852 520 γενέσθαι
2891 451 2991 523 τῆς
3037 449 3278 513 δουλείας
3326 449 3634 520 ἐλεύθερος.

374 541 643 596 bonorum
687 542 938 611 provenit
983 543 1370 613 participatio;
1401 543 1456 596 in
1497 541 1822 596 immutabili
1858 557 1954 594 au-

375 645 480 687 tem
511 641 565 686 et
595 632 929 687 inalterabili
977 645 1170 687 natura
1220 635 1398 688 locum
1437 648 1545 688 non
1580 632 1742 687 habet
1770 631 1956 701 subje-

374 723 504 785 ctio,
550 723 602 776 in
635 738 742 792 qua
789 723 1178 777 consideratur
1211 739 1374 779 omne
1400 724 1605 778 bonum
1651 736 1848 777 nomen
1897 731 1953 776 et

377 811 755 882 intelligentia,
800 827 994 881 nempe
1026 814 1328 878 aeternitas,
1379 812 1741 882 incorruptio,
1784 812 1954 866 beati-

375 903 530 965 tudo,
574 917 793 973 semper
821 904 1073 957 similiter
1103 912 1158 959 et
1201 905 1393 959 eodem
1427 903 1590 958 modo
1637 917 1696 958 se
1728 902 1948 968 habere,

373 1003 428 1048 et
475 1011 654 1063 neque
700 995 918 1060 melius,
956 1012 1134 1066 neque
1161 996 1409 1050 deterius
1436 1009 1600 1065 posse
1642 992 1780 1047 fieri.
1814 992 1948 1047 Nam

376 1100 552 1154 neque
600 1086 655 1139 in
705 1087 850 1141 bono
894 1088 1135 1141 admittit
1175 1088 1573 1147 accessionem,
1619 1100 1797 1155 neque
1823 1101 1954 1155 pro-

375 1178 693 1248 pensionem
723 1178 791 1232 ad
823 1179 876 1232 id
905 1179 1052 1248 quod
1081 1186 1166 1234 est
1190 1179 1452 1242 deterius,
1503 1177 1580 1243 id,
1629 1191 1660 1230 a
1689 1192 1798 1246 quo
1827 1184 1952 1231 tan-

374 1286 537 1339 quam
591 1285 621 1324 a
667 1270 818 1326 fonte
868 1272 936 1325 ad
982 1272 1122 1326 alios
1169 1278 1391 1326 emanat
1430 1269 1604 1334 salus,
1645 1285 1756 1324 non
1802 1285 1944 1340 opus

376 1360 540 1415 babct
563 1361 672 1416 alio
702 1362 848 1432 quod
881 1363 982 1432 ipsi
1015 1363 1107 1416 det
1138 1363 1396 1417 salutem.

373 1453 666 1525 ἄφθαρτον,
717 1454 778 1507 τὸ
825 1455 1113 1524 μακάριον,
1157 1454 1220 1506 τὸ
1289 1454 1379 1508 ἀεὶ
1422 1451 1686 1514 ὡσαύτως
1734 1451 1877 1521 ἔχον,
1927 1451 1990 1504 τδ

2065 543 2201 594 Ἀλλ’
2231 543 2350 596 οὑδέ
2382 543 2521 596 κατὰ
2545 543 2637 597 τὸν
2664 545 2765 614 τῆς
2811 544 3082 614 σωτηρίας
3117 543 3318 596 σκοπὸν
3360 544 3504 596 εῖποι
3549 562 3637 608 τις

2051 630 2119 685 ἂν
2163 636 2255 685 τὸν
2290 635 2550 704 μονογενῆ
2593 633 2726 687 Θεδν
2751 633 2827 704 τῷ
2875 635 3048 705 Πατρὶ
3092 634 3525 699 ὑποτάσσεσθαι,
3556 635 3642 699 ὡς

2049 724 2140 776 διὰ
2181 726 2372 778 τούτου
2407 727 2528 780 καθ’
2559 727 2848 798 ὁμοιότητα
2893 727 3001 780 τῶν
3042 727 3343 799 ἀνθρώπιον
3385 728 3484 797 τὴν
3528 745 3638 780 σω-

2047 816 2243 887 τηρίαν
2273 817 2448 888 έαυτῷ
2485 820 2633 890 παρὰ
2662 818 2753 871 τοῦ
2785 817 2920 872 Θεοῦ
2952 819 3457 890 πραγματεύεσθαι.
3507 819 3636 872 Ἐπὶ

2055 908 2156 978 μέν
2181 909 2289 979 γάρ
2325 910 2423 978 τῆς
2464 911 2702 980 τρεπτῆς
2736 909 2950 980 φύσεως
2978 911 3077 982 τῆς
3114 911 3202 965 διὰ
3250 911 3541 983 μετουσίας
3576 912 3635 963 ἐν

2051 999 2130 1068 τῷ
2174 998 2363 1070 ἀγαθῷ
2394 1002 2702 1071 γινομένης,
2730 1002 3001 1070 ἀναγκαία
3040 1003 3187 1056 ἐστὶν
3231 1005 3264 1074 ἡ
3318 1004 3455 1074 πρὸς
3496 1003 3636 1054 Θεὸν

2055 1091 2323 1162 ὑποταγὴ,
2369 1091 2457 1145 διὰ
2485 1093 2544 1145 τὺ
2581 1093 2789 1146 ἐκεῖθεν
2827 1094 3074 1162 γίνεσθαι
3107 1095 3215 1148 τῶν
3253 1095 3469 1163 ἀγαθῶν
3495 1097 3637 1165 ἡμῖν

2049 1182 2150 1252 τὴν
2177 1183 2494 1236 κοινωνίαν·
2528 1184 2586 1237 ἐν
2625 1184 2681 1238 δὲ
2725 1187 2792 1256 τῇ
2842 1186 3105 1257 ἀτρέπτῳ
3156 1188 3250 1240 καὶ
3289 1185 3636 1256 ἀναλλοιώτῳ

2049 1272 2276 1344 δυνάμει
2305 1274 2340 1344 ἡ
2387 1273 2633 1346 ὑποταγὴ
2663 1275 2849 1346 χώραν
2891 1277 2991 1330 οὐκ
3029 1278 3161 1349 ἔχει,
3187 1280 3246 1332 ἐν
3354 1279 3462 1331 πᾶν
3492 1279 3636 1344 ἁγα-

2049 1362 2141 1416 θὸν
2186 1363 2358 1433 δνομά
2399 1380 2461 1417 τε
2502 1365 2598 1418 καὶ
2639 1365 2819 1437 νόημα
2870 1367 3174 1438 θεωρεῖται.
3220 1369 3280 1421 τὸ
3325 1368 3514 1430 ἀΐδιον,
3571 1364 3635 1417 τὸ

2058 1453 2197 1524 μήτε
2246 1457 2522 1526 κρεῖττον,
2579 1457 2718 1527 μήτε
2771 1458 2954 1528 χεῖρον
3010 1459 3261 1526 γενέσθαι
3311 1459 3631 1528 δυνάμενον.

373 1547 509 1601 Οὔτε
542 1548 650 1618 γὰρ
677 1545 993 1616 προσθήκην
1020 1547 1078 1596 ἐν
1103 1543 1179 1613 τῷ
1215 1543 1404 1614 ἀγαθῷ
1451 1542 1792 1612 ἐπιδέχεται.
1818 1539 1942 1593 οὕτε
1976 1541 2077 1612 τὴν
2124 1543 2262 1614 πρὸς
2307 1542 2369 1596 τὸ
2417 1545 2600 1616 χεῖρον
2645 1545 2838 1616 ῥοπὴν,
2905 1547 2934 1599 δ
3005 1550 3117 1612 τοῖς
3158 1548 3336 1612 ἄλλοις
3388 1548 3642 1618 πηγάζει

371 1639 470 1708 τὴν
509 1638 801 1709 σωτηρίαν,
847 1637 947 1689 οὑκ
991 1636 1123 1689 αὑτὸ
1161 1635 1255 1688 τοῦ
1291 1635 1554 1698 σώζοντος
1584 1632 1779 1696 ἐνδεῶς
1810 1631 1944 1702 ἔχει.

442 1727 725 1794 Quodnam
751 1743 882 1798 ergo
911 1727 1036 1796 jure
1069 1728 1256 1782 dicent
1295 1728 1344 1782 ei
1393 1735 1708 1796 competere
1756 1739 1948 1780 eorum

371 1834 494 1882 quae
553 1820 772 1887 proprie
823 1818 1086 1872 dicuntur
1141 1817 1442 1888 significari
1491 1832 1521 1870 a
1569 1814 1953 1884 subiectione?

370 1908 654 1964 Inventum
693 1916 776 1962 est
804 1909 949 1963 enim
981 1924 1043 1962 ea
1073 1923 1194 1977 qua:
1229 1915 1359 1962 sunt
1386 1906 1718 1965 examinata.
1752 1903 1947 1973 procul

373 1998 567 2053 abesse
597 2008 655 2051 ut
702 1997 922 2066 proprie
962 1997 1340 2066 intelligantur
1367 2005 1422 2050 et
1446 1994 1704 2048 dicantur
1732 1992 1800 2046 de
1841 1990 1951 2046 Deo

374 2088 673 2157 unigenitn.
710 2085 864 2152 Quod
899 2087 944 2140 si
976 2087 1139 2139 etiam
1189 2084 1500 2139 addendum
1555 2090 1642 2138 est
1686 2082 1822 2136 illud
1856 2097 1951 2152 ge-

373 2196 480 2233 nus
534 2178 918 2247 subjectionis,
961 2177 1105 2246 quod
1159 2177 1294 2230 dicit
1346 2175 1696 2246 Evangelium
1747 2188 1948 2228 secun-

372 2271 502 2324 dum
528 2269 797 2335 Lucam",
827 2284 1022 2338 nempe
1047 2269 1194 2337 quod
1233 2267 1524 2336 subjectus
1554 2266 1722 2322 fuerit
1747 2281 1948 2336 paren-

371 2365 521 2418 tibus
551 2363 617 2416 ad
647 2361 1032 2416 duodecimum
1057 2376 1260 2415 annum
1295 2375 1622 2432 progressus
1657 2359 1945 2422 Dominus,

371 2471 441 2509 ne
495 2455 626 2508 illud
663 2453 886 2522 quidem
925 2455 1245 2507 convenerit
1285 2450 1398 2506 Deo
1440 2466 1592 2518 vero,
1641 2459 1697 2505 et
1734 2451 1830 2521 qui
1864 2457 1950 2505 est

370 2557 498 2600 ante
527 2546 723 2600 saecula
782 2554 842 2599 ut
876 2558 1006 2598 vero
1035 2559 1138 2600 suo
1176 2543 1317 2613 patri
1361 2543 1580 2597 dicatur
1607 2558 1732 2598 esse
1763 2542 1951 2611 subje-

369 2647 515 2694 ctus.
553 2635 685 2690 Nam
723 2635 834 2692 illic
862 2635 1084 2706 quidem
1115 2636 1209 2706 qui
1235 2643 1480 2691 tentatus
1509 2636 1610 2690 fuit
1639 2653 1736 2707 per
1765 2637 1949 2691 omnia

369 2730 438 2783 ad
473 2728 890 2784 similitudinem
925 2735 1168 2782 nostram
1209 2727 1420 2797 absque
1464 2739 1690 2797 peccato
1711 2727 1754 2790 ⁸,
1779 2728 1950 2781 voluit

369 2819 532 2874 etiam
586 2818 880 2888 procedere
931 2832 1028 2887 per
1095 2823 1288 2872 aetates
1341 2826 1544 2872 nostra:
1597 2826 1823 2872 naturae.
1885 2817 1950 2871 Et

371 2909 649 2981 quomodo
683 2924 808 2964 cum
843 2916 994 2964 esset
1046 2907 1232 2964 infans
1262 2907 1570 2963 infantilem
1615 2909 1831 2978 accepit
1869 2910 1950 2962 ci—

2125 1723 2283 1776 Ποῖον
2323 1722 2501 1776 τοίνυν
2527 1721 2764 1792 εὐλόγως
2794 1725 3058 1796 φήσουσιν
3103 1727 3193 1779 ἐπ’
3233 1727 3396 1783 αὐτοῦ
3424 1731 3637 1802 κυρίως

2049 1815 2189 1867 νοεῖν
2215 1813 2278 1866 τὸ
2308 1814 2406 1884 τῆς
2453 1815 2730 1885 ὑποταγῆς
2776 1817 3206 1887 σημαινόμενον;
3253 1820 3470 1893 Ηὺρέθη
3521 1822 3634 1894 γὰρ

2048 1907 2118 1958 τά
2146 1905 2490 1976 ἐξητασμένα
2519 1906 2695 1960 πάντα
2740 1907 2957 1979 μακρὰν
2993 1909 3261 1979 άτέχοντα
3289 1912 3384 1964 τοῦ
3425 1914 3643 1984 κυρίως

2049 1996 2144 2048 ἐπὶ
2176 1995 2272 2049 τοῦ
2310 1997 2630 2066 μονογενοῦς
2673 1997 2807 2051 Θεοῦ
2837 1999 2932 2051 καὶ
2960 1999 3194 2053 νοεῖσθαι
3223 2001 3318 2054 καὶ
3353 2003 3632 2071 λέγεσθαι.

2049 2087 2112 2139 El
2148 2087 2205 2140 δέ
2228 2087 2334 2158 χρὴ
2361 2089 2581 2142 κάκεῖνο
2600 2089 2662 2141 τὸ
2684 2090 2786 2159 τῆς
2816 2089 3095 2160 ὑποταγῆς
3126 2088 3263 2156 εἶδος
3288 2096 3639 2163 προσθεῖναι,

2049 2179 2079 2232 ὅ
2122 2196 2254 2248 φησι
2298 2180 2361 2233 τὸ
2402 2180 2548 2234 κατὰ
2586 2182 2800 2235 Δωκᾶν
2828 2182 3182 2252 Εὑαγγέλιον,
3221 2185 3302 2238 δτι
3326 2182 3447 2240 Ἦν
3480 2191 3638 2243 ὑπο-

2054 2268 2436 2337 τασσόμενος
2463 2269 2589 2336 τοῖς
2616 2271 2901 2340 γονεῦσιν
2926 2277 3016 2340 εὶς
3042 2273 3379 2330 δωδέκατον
3414 2283 3634 2346 προελ-

2050 2357 2172 2412 θὼν
2213 2359 2349 2426 ἐτος
2393 2363 2427 2413 ό
2469 2362 2705 2428 Κύριος,
2743 2363 2862 2416 οὺδέ
2909 2364 3086 2418 ἐκεῖνο
3141 2367 3370 2436 ἁρμόζοι
3412 2368 3480 2421 ἂν
3539 2370 3637 2423 ἐπὶ

2049 2449 2144 2502 τοῦ
2175 2451 2503 2520 προαιωνίου
2549 2468 2610 2504 τε
2654 2452 2748 2505 καὶ
2780 2452 3033 2522 ἀληθινοῦ
3084 2455 3218 2526 πρὸς
3246 2457 3339 2511 τὸν
3378 2457 3648 2528 ἀληθινὸν

2051 2542 2246 2595 ἐαυτοῦ
2276 2543 2489 2614 πατέρα
2517 2543 2787 2612 λέγεσθαι.
2843 2546 2993 2598 Ἐκεῖ
3020 2547 3116 2615 μὲν
3151 2547 3260 2619 γὰρ
3290 2550 3318 2601 ὁ
3366 2566 3645 2620 πεπειρα-

2053 2636 2214 2704 μένος
2242 2635 2384 2689 κατά
2428 2637 2610 2690 πάντα
2648 2636 2768 2690 καθ’
2813 2636 3106 2707 ὁμοιότητα
3151 2639 3321 2709 χωρὶς
3355 2640 3636 2711 ἁμαρτίας

2051 2724 2270 2790 ἐδέξατο
2350 2727 2446 2779 καὶ
2519 2725 2610 2779 διὰ
2683 2725 2792 2778 τῶν
2869 2724 3095 2796 ἡλικιῶν
3171 2726 3454 2796 προελθεῖν
3533 2729 3647 2798 τῆς

2051 2817 2266 2886 φύσεως
2308 2815 2486 2888 ἡμῶν.
2537 2817 2647 2870 Καὶ
2698 2815 2887 2888 ὥσπερ
2928 2816 3136 2870 παιδίον
3181 2818 3490 2888 γενόμενος,
3532 2820 3647 2890 τὴν

2053 2906 2317 2978 βρεφικὴν
2367 2907 2574 2979 τροφὴν
2622 2907 2969 2978 προσήκατο,
3027 2906 3286 2980 βούτυρον
3343 2910 3440 2962 καὶ
3509 2911 3640 2981 μέλι

373 3002 526 3065 bum,
572 3002 830 3072 butyrum
869 3008 924 3055 et
976 3001 1081 3055 mel
1123 2999 1416 3055 comedens
1448 3017 1464 3066 ;
1500 3000 1572 3054 ita
1605 3001 1769 3056 etiam
1821 3015 1944 3055 cum

2053 3000 2269 3071 φαγών·
2329 2999 2471 3054 οὑτω
2529 2999 2621 3053 κα)⁸
2691 3001 2772 3063 εἰς
2846 3000 3128 3072 μειράκιον
3184 3000 3501 3071 προελθὼν,
3573 3003 3637 3056 τδ

372 3093 735 3163 processisset
789 3092 856 3146 ad
902 3091 1350 3155 adolescentiam,
1395 3107 1507 3147 non
1563 3093 1834 3147 recusavit
1891 3091 1945 3144 id

376 3184 522 3255 quod
573 3185 699 3238 huic
749 3183 898 3237 :etati
955 3191 1073 3236 erat
1118 3197 1428 3252 congruens
1474 3198 1540 3237 ac
1589 3183 1942 3244 conveniens.

372 3273 592 3329 futurus
617 3273 817 3327 saeculo
839 3273 1150 3341 exemplum
1174 3271 1475 3326 modestiae.
1501 3271 1768 3337 Quoniam
1798 3273 1943 3326 enim

373 3366 429 3419 in
460 3365 583 3420 aliis
631 3362 944 3417 hominibus
973 3361 1286 3428 imperfecta
1324 3372 1408 3416 est
1431 3364 1485 3415 in
1515 3363 1601 3417 bis
1641 3362 1948 3432 intelligen-

371 3458 469 3522 tia,
499 3467 553 3512 et
585 3471 725 3526 opus
750 3465 870 3510 erat
890 3453 1158 3521 juventuti
1201 3464 1259 3508 ut
1283 3454 1641 3510 deduceretur
1685 3471 1782 3525 per
1819 3471 1945 3525 per-

374 3550 598 3604 fectiora
628 3547 696 3601 ad
729 3547 782 3601 id
811 3546 956 3617 quod
986 3554 1071 3602 est
1093 3547 1322 3613 melius;
1351 3554 1637 3617 propterea
1667 3548 1760 3618 qui
1784 3556 1946 3603 natus

372 3648 488 3695 erat
514 3639 802 3695 duodecim
837 3653 1030 3704 annos,
1086 3638 1246 3692 matri
1306 3637 1620 3707 subjicitur,
1657 3649 1717 3692 ut
1759 3646 1947 3694 osten-

373 3733 527 3786 deret
589 3732 734 3800 quod
801 3729 856 3785 id
913 3729 1059 3800 quod
1116 3745 1214 3799 per
1285 3729 1589 3800 profectum
1643 3732 1944 3801 perficitur,

373 3826 690 3893 priusquam
737 3822 920 3878 veniat
961 3823 1028 3877 ad
1077 3822 1491 3892 perfectionem,
1532 3832 1680 3878 recte
1712 3824 1947 3894 suscipit

376 3917 798 3986 subjectionem;
835 3922 895 3968 ut
934 3930 1055 3984 qua:
1085 3916 1153 3969 ad
1190 3917 1392 3970 bonum
1433 3915 1686 3971 deducat.
1717 3917 1820 3981 Qui
1861 3925 1947 3972 est

375 4019 553 4061 autem
584 4022 799 4075 semper
829 4005 1104 4076 perfectus
1141 4007 1197 4059 in
1236 4007 1384 4060 omni
1417 4007 1580 4070 bono,
1612 4022 1788 4076 neque
1820 4022 1946 4076 pro-

377 4097 575 4151 fectum
608 4111 784 4166 neque
816 4096 1231 4150 diminutionem
1261 4113 1324 4150 ex
1347 4113 1406 4150 se
1436 4105 1613 4164 potest
1645 4097 1944 4167 suscipere,

377 4197 659 4260 propterea
684 4188 828 4257 quod
850 4203 956 4241 non
993 4189 1066 4243 sit
1091 4188 1344 4257 indigens
1372 4189 1493 4257 ejus
1526 4199 1742 4256 natura,
1770 4205 1948 4259 neque

377 4281 550 4351 possit
587 4281 779 4343 minui,
815 4295 1043 4334 curuam
1085 4281 1426 4350 subjiciatur,
1461 4297 1568 4335 non
1616 4291 1838 4350 possent
1864 4282 1946 4335 di-

2047 3090 2382 3163 κατάλληλόν
2427 3108 2488 3144 τε
2535 3091 2627 3144 καὶ
2685 3091 2892 3162 πρέπον
2947 3094 3014 3162 τῇ
3067 3091 3290 3165 τοιαύτῃ
3336 3092 3528 3164 ἡλικία
3571 3094 3644 3148 οὑ

2048 3184 2443 3255 παρῃτήσατο,
2493 3181 2664 3245 τύπος
2714 3181 2970 3247 εὐταξίας
3029 3181 3106 3252 τῷ
3167 3182 3267 3252 βίῳ
3323 3183 3633 3254 γινόμενος.

2060 3274 2277 3345 Ἐπειδὴ
2325 3273 2434 3344 γὰρ
2483 3274 2575 3326 ἐπὶ
2616 3273 2724 3326 τῶν
2765 3272 2941 3326 ἄλλων
2989 3272 3289 3343 ἀνθρώπων
3336 3275 3539 3345 ἀτελὴς
3576 3277 3644 3327 ἐν

2045 3368 2158 3430 τοῖς
2190 3365 2449 3429 τοιούτοις
2477 3366 2625 3417 ἐστὶν
2669 3367 2702 3436 ή
2746 3365 2972 3430 διάνοια,
2998 3366 3090 3418 καὶ
3129 3365 3285 3436 χρεία
3313 3368 3380 3436 τῇ
3418 3367 3638 3438 νεότητι

2045 3458 2133 3510 διὰ
2163 3457 2269 3511 τῶν
2299 3457 2648 3527 τελειοτέρων
2680 3457 2778 3528 τῆς
2807 3457 2942 3528 πρὸς
2969 3457 3031 3510 τὸ
3060 3460 3304 3527 κρεῖττον
3340 3458 3638 3528 γινομένης

2047 3549 2444 3623 χειραγωγίαςο
2479 3547 2668 3602 τούτου
2700 3549 2860 3619 χάριν
2902 3551 2932 3601 ὁ
2981 3547 3319 3619 δωδεκαέτης
3359 3551 3427 3620 τῇ
3463 3552 3638 3621 μητρϊ

2048 3640 2430 3702 ὑποτάσσεται,
2463 3639 2548 3691 ἵνα
2586 3639 2734 3710 δείξῃ
2765 3640 2846 3692 ὅτι
2884 3639 2945 3691 τὸ
2973 3637 3062 3691 διὰ
3088 3639 3371 3710 προκοπῆς
3399 3639 3641 3693 τελειού-

2050 3747 2210 3800 μενον
2248 3731 2376 3798 πρὶν
2416 3732 2494 3792 εἰς
2537 3729 2599 3782 τὸ
2640 3729 2845 3782 τέλειον
2870 3728 3094 3799 φθάσαι,
3144 3728 3324 3792 καλῶς
3360 3730 3462 3798 τὴν
3504 3732 3638 3784 ὑπο-

2046 3824 2239 3892 ταγὴν,
2267 3823 2342 3885 ὡς
2370 3822 2709 3892 χειραγωγὸν
2741 3821 2879 3893 πρὸς
2904 3821 2964 3874 τὸ
3000 3820 3222 3889 ἀγαθὸν,
3255 3823 3635 3893 καταδέχεται.

2059 3915 2116 3968 '0
2147 3916 2203 3968 δὲ
2235 3916 2323 3968 ἀεὶ
2351 3915 2553 3976 τέλειος
2603 3916 2662 3966 ἐν
2699 3913 2862 3965 παντὶ
2882 3912 3102 3981 ςάγαθῷ,
3142 3913 3236 3966 καὶ
3267 3915 3407 3982 μήτε
3445 3931 3640 3982 προκο-

2047 4006 2156 4077 πὴν
2197 4007 2333 4076 μήτε
2366 4005 2589 4076 μείωσιν
2627 4005 2924 4075 δυνάμενος
2970 4003 3055 4072 ἐφ’
3093 4003 3286 4056 ἐαυτοῦ
3334 4004 3642 4069 καταδέξα-

2049 4097 2194 4161 σθαι,
2225 4095 2313 4148 διὰ
2333 4095 2395 4148 τὸ
2415 4093 2713 4166 ἀπροσδεὲς
2750 4093 2848 4164 τῆς
2873 4091 3087 4162 φύσεως
3112 4091 3274 4145 αὑτοῦ
3319 4093 3414 4145 καὶ
3439 4094 3641 4162 άμείω-

2047 4206 2159 4251 τον,
2183 4189 2322 4258 ὑπὲρ
2351 4185 2495 4250 τίνος
2525 4187 2904 4250 ὑποτάσσεται,
2942 4186 3043 4238 οὑκ
3077 4185 3143 4239 ἂν
3181 4187 3355 4238 εἰπεῖν
3385 4184 3562 4256 ἔχοιεν
3589 4187 3640 4239 οῖ

2049 4282 2227 4334 πάντα
2263 4279 2508 4346 λέγοντες
2539 4278 2970 4348 ἀπερισκέπτως.
3002 4277 3126 4329 Ὅτι
3163 4277 3271 4347 γὰρ
3311 4276 3401 4328 διὰ
3437 4278 3642 4347 σαρκὸς

377 4387 498 4426 cere
526 4371 617 4440 qui
649 4371 832 4423 omnia
865 4371 1053 4423 dicunt
1081 4369 1502 4424 inconsiderate.
1540 4369 1672 4422 Nam
1705 4370 1848 4438 quod
1881 4385 1948 4424 eo

2053 4375 2119 4442 τῇ
2153 4371 2468 4442 ἀνθρωπίνῃ
2511 4369 3077 4440 συναναστρεφόμενος
3108 4367 3283 4436 φύσει,
3318 4370 3378 4420 ἐν
3411 4371 3479 4438 τῇ
3515 4386 3642 4421 παι-

376 4473 641 4533 tempore,
672 4477 782 4530 quo
807 4461 860 4514 in
888 4475 1052 4515 carne
1078 4475 1200 4515 cum
1243 4460 1478 4514 humana
1514 4461 1834 4514 versabatur
1857 4476 1947 4514 na-

375 4564 518 4616 tura,
543 4553 595 4606 in
624 4560 782 4606 a:tate
813 4551 1005 4620 puerili
1043 4565 1140 4620 per
1159 4565 1223 4604 ea
1253 4566 1374 4619 quze
1396 4550 1613 4619 agebat,
1647 4553 1802 4620 quasi
1831 4551 1947 4621 lege

373 4642 642 4714 juventuti
681 4642 1048 4698 obedientiam
1091 4641 1393 4707 sanciebat,
1424 4641 1551 4695 hinc
1594 4649 1764 4711 patet,
1798 4643 1946 4712 quod

376 4737 441 4790 ad
493 4734 792 4806 perfectam
839 4741 1054 4790 aetatem
1102 4748 1458 4802 progressus,
1521 4733 1633 4802 jam
1679 4749 1789 4788 non
1829 4749 1946 4788 am-

375 4829 520 4898 plius
549 4842 580 4881 a
613 4825 806 4881 matris
832 4831 1100 4894 potestate
1138 4824 1426 4894 pendebat.
1467 4824 1561 4880 Illa
1595 4826 1739 4878 enim
1769 4827 1946 4895 ipsum

375 4920 632 4973 hortante
673 4919 726 4974 in
763 4915 911 4971 Cana
941 4913 1174 4968 Galilaeae
1211 4922 1271 4966 ut
1308 4929 1460 4968 suam
1503 4915 1815 4969 ostenderet
1849 4931 1948 4986 po-

375 5012 603 5066 tentiam
639 5008 694 5062 in
731 5008 957 5075 nuptiali
991 5008 1174 5076 epulo,
1207 5016 1261 5062 et
1298 5022 1456 5061 usum
1497 5007 1610 5060 vini
1649 5005 1945 5077 largiretur

374 5103 648 5167 convivio,
697 5101 982 5171 egentibus
1031 5099 1248 5169 quidem
1287 5114 1395 5152 non
1440 5099 1713 5152 recusavit
1741 5096 1949 5166 gratiﬁ-

375 5201 525 5263 cari;
554 5203 861 5249 maternum
891 5200 1069 5246 autem
1110 5191 1421 5254 consilium,
1457 5199 1515 5244 ut
1543 5192 1689 5259 quod
1723 5189 1950 5245 minime

377 5287 431 5340 in
471 5297 714 5356 tempore
743 5285 1118 5347 adhiberetur,
1148 5283 1358 5352 rejecit,
1395 5284 1605 5345 dicens,
1648 5280 1788 5347 Quid
1823 5282 1950 5335 mihi

377 5386 428 5432 et
465 5378 578 5442 tibi,
624 5377 814 5430 mulier
841 5377 903 5430 ’ἲ
929 5375 1184 5444 Nunquid
1221 5376 1383 5429 etiam
1432 5374 1574 5428 hanc
1608 5389 1783 5429 meam
1818 5381 1949 5428 aeta-

379 5477 487 5521 tem
525 5482 714 5537 regere
750 5467 869 5522 vis?
900 5483 971 5522 an
1008 5465 1251 5521 nondum
1295 5481 1413 5520 mea
1448 5467 1595 5522 venit
1641 5467 1796 5531 hora,
1826 5481 1948 5536 quae

383 5557 586 5629 praabet
626 5560 770 5613 aetati
810 5567 870 5612 ut
902 5559 1130 5628 imperet
1166 5566 1222 5613 et
1268 5558 1338 5615 sit
1382 5559 1464 5613 sui
1497 5558 1679 5628 juris?
1723 5555 1778 5611 Si
1815 5573 1944 5626 ergo
1979 5595 1982 5599 η

460 5737 479 5768 '
529 5735 664 5792 Luc.
705 5753 766 5808 ιι,
801 5739 889 5793 51.
965 5739 988 5772 ⁸
1026 5737 1190 5795 Hebr.
1252 5756 1322 5804 tv,
1385 5741 1466 5793 15.
1579 5741 1599 5772 ⁹
1639 5739 1796 5796 Joan.
1836 5757 1896 5807 ιι,
1938 5741 1993 5795 4.

2051 4463 2175 4532 δικῇ
2207 4461 2393 4531 ἡλικίᾳ
2434 4460 2760 4529 ἐνομοθέτει,
2792 4459 2860 4512 δι’
2892 4452 2968 4511 ὧν
3001 4459 3189 4522 ἐποίει,
3222 4457 3322 4528 τὴν
3357 4458 3641 4527 ὑποταγὴν

2051 4558 2119 4625 τῇ
2150 4555 2380 4624 νεότητι,
2409 4553 2566 4622 δῆλόν
2612 4554 2760 4604 ἐστιν
2801 4552 2865 4604 ἐκ
2896 4551 2990 4604 τοῦ
3040 4551 3175 4620 πρὸς
3208 4549 3268 4603 τὸ
3305 4549 3512 4602 τέλειον
3543 4552 3640 4618 τῆς

2053 4646 2265 4716 ἡλικίας
2297 4645 2456 4698 αὑτὸν
2504 4643 2832 4715 προελθόντα
2874 4642 3069 4711 μηκέτι
3108 4642 3242 4712 πρὸς
3277 4641 3376 4712 τὴν
3404 4643 3506 4711 τῆς
3538 4657 3639 4710 μη-

2053 4738 2180 4808 τρὸς
2230 4737 2476 4801 ἐξουσίαν
2527 4736 2762 4806 βλέπειν.
2817 4733 3272 4804 Προτρεπομένης
3320 4732 3433 4801 γὰρ
3479 4733 3640 4784 αὑτὸν

2055 4828 2269 4899 ἐκείνης
2306 4830 2364 4880 ἐν
2395 4829 2548 4898 Κανᾷ
2592 4829 2690 4896 τῆς
2732 4825 3020 4888 Γαλιλαίας
3047 4823 3216 4888 δεῖξαι
3260 4823 3360 4893 τὴν
3387 4822 3640 4892 δύναμιν,

2056 4923 2114 4974 ἐν
2133 4920 2210 4990 τῷ
2231 4919 2469 4973 λείποντι
2498 4922 2564 4989 τῇ
2595 4916 2884 4988 πανδαισίᾳ
2913 4916 3020 4970 τῶν
3045 4918 3259 4986 γάμων,
3291 4915 3388 4967 καὶ
3418 4914 3518 4985 τὴν
3548 4913 3640 4967 τοῦ

2054 5011 2199 5064 οἴνου
2244 5011 2433 5082 χρείαν
2470 5013 2536 5080 τῇ
2583 5010 2785 5079 εὐωχία
2833 5006 3182 5079 χαρίσασθαι,
3217 5004 3316 5076 τὴν
3356 5005 3457 5074 μὲν
3484 5005 3642 5074 χάριν

2054 5105 2166 5165 τοῖς
2191 5101 2463 5171 δεομένοις
2486 5102 2787 5173 παρασχεῖν
2820 5100 2922 5151 οὐκ
2957 5099 3262 5169 ἠρνήσατο,
3297 5093 3398 5165 τὴν
3433 5095 3494 5148 δὲ
3541 5113 3640 5165 μη-

2052 5196 2232 5266 τρῴαν
2262 5193 2588 5264 συμϐουλὴν,
2616 5193 2692 5255 ὡς
2715 5191 2895 5244 οὐκέτι
2921 5191 3062 5244 κατὰ
3084 5188 3272 5258 καιρὸν
3301 5185 3452 5256 αὑτῷ
3481 5201 3639 5256 προσ-

2053 5283 2325 5355 αγομένην
2371 5284 2760 5353 ἀπεποιήσατο,
2816 5278 3016 5332 εἰπών’
3073 5279 3133 5331 Τι
3184 5276 3314 5343 ἐμοὶ
3368 5271 3470 5331 καὶ
3520 5275 3639 5334 σοὶ,

2049 5375 2223 5443 γύναι
2239 5393 2259 5440 ;
2290 5375 2382 5444 Μὴ
2411 5374 2506 5427 καὶ
2561 5373 2765 5442 ταύτης
2799 5387 2901 5442 μου
2928 5370 3030 5440 τῆς
3059 5368 3274 5438 ἡλικίας
3312 5368 3626 5419 ἐπιστατεῖν

2048 5467 2251 5531 ἐθέλεις
2273 5485 2288 5535 ;
2320 5466 2486 5520 Οὔπω
2506 5467 2631 5537 ἥκει
2663 5482 2762 5536 μου
2787 5467 2822 5535 ή
2847 5464 2968 5534 ὥρα
2991 5464 3024 5532 ἡ
3052 5463 3114 5515 τὸ
3135 5459 3473 5530 αὐτοκρατὲς
3501 5473 3636 5526 παρ-

2050 5559 2278 5631 εχομένη
2318 5561 2383 5631 τῇ
2405 5559 2594 5631 ἡλικίᾳ
2629 5557 2724 5612 καὶ
2754 5556 3132 5621 αὐτεξούσιονς
3164 5553 3226 5608 Εἰ
3246 5547 3343 5607 οὖν
3372 5553 3431 5605 ἐν
3450 5551 3520 5622 τῇ
3547 5546 3631 5602 διὰ
