3838 6220
137 355 274 410 ιποθ

732 351 801 409 IN
833 352 1066 416 ILLUD,
1107 353 1296 412 TUNC
1337 352 1487 410 IPSE
1519 351 1743 412 FILIUS

1842 351 2261 422 LIBJICIETUR,
2303 353 2480 421 ETC.,
2522 351 2802 413 ORATIO.

3255 355 3396 414 I'JIO

131 474 340 540 σαρκὸς
365 469 476 540 ζωῇ
515 468 574 522 τὸ
615 469 858 540 καθῆκον
879 470 978 542 τῆς
1017 469 1232 541 ἡλικίας
1270 471 1466 544 μέτρον
1493 473 1592 544 τὴν
1618 472 1718 542 τῆς

1843 488 1876 525 ιι
1901 473 2010 526 vita
2039 461 2160 542 qua:
2183 479 2267 528 est
2299 472 2354 526 in
2387 487 2574 536 carne,
2597 473 2786 544 justus
2801 482 2856 530 et
2885 485 3201 546 competens
3219 480 3398 530 aetatis

131 561 544 632 γεννησαμένης
609 561 888 634 ὑποταγὴν
947 563 1296 616 ἀποσείεται·
1353 563 1474 617 τίνα
1540 563 1724 634 χώραν

65 643 76 662 ⁷
129 651 246 722 ἔχει
280 653 526 722 ὑποταγὴ
576 653 635 706 ὲν
669 655 736 723 τῇ
783 651 877 706 τοῦ
914 651 1262 718 δεσπόζοντος
1301 655 1336 687 ³*
1374 656 1432 708 ἐν
1467 656 1540 724 τῇ
1563 654 1724 706 δυνα-

132 746 288 818 στεία
324 745 488 800 αὑτοῦ
517 744 610 798 τοῦ
641 746 855 811 αἰῶνος,
886 747 984 800 οὑκ
1002 747 1066 802 ἄν
1098 765 1184 811 τις
1205 751 1378 802 εἰπεῖν
1399 747 1527 819 ἔχοι.
1565 749 1723 802 Ἴδιον

129 838 242 910 γὰρ
281 839 384 909 τῆς
418 839 565 903 Θείας
601 837 698 892 καὶ
738 839 1012 909 μακαρίας
1051 839 1168 894 ἐστὶ
1194 841 1362 910 ζωῆς.
1395 842 1455 894 τὸ
1496 841 1726 896 πάντοτε

131 931 192 983 ἒν
223 930 304 1001 τῷ
343 929 490 1000 αὑτῷ
516 931 809 1002 διαμένειν,
840 931 934 984 καὶ¹
974 930 1072 1002 τὴν
1104 929 1164 996 ἐξ
1195 930 1530 994 ἀλλοιώσεως
1561 949 1726 1002 μετα-

131 1023 300 1094 ϐολὴν
328 1024 402 1094 μὴ
432 1023 768 1096 προσίεσθαι.
809 1023 962 1076 Ἐπεὶ
984 1019 1078 1078 οὖν
1118 1025 1146 1078 6
1179 1025 1236 1076 ὲν
1273 1025 1414 1095 ἀρχῇ
1452 1023 1527 1078 ὢν
1556 1025 1726 1094 Λόγος

131 1116 164 1170 6
192 1117 488 1188 μονογενὴς
521 1116 652 1180 Θεὸς
696 1115 974 1187 ἀλλότριός
1011 1117 1126 1170 ἐστι
1175 1101 1504 1186 παρακοπῆς
1547 1115 1728 1187 πάσης

131 1208 228 1260 καὶ
265 1207 624 1272 ἀλλοιώσεως,
657 1207 774 1272 πῶς
813 1207 840 1261 δ
870 1208 964 1261 νῦν
995 1209 1095 1260 οὑκ
1134 1207 1248 1260 ἐστι
1279 1207 1414 1276 μετὰ
1447 1206 1618 1260 ταῦτα
1643 1207 1729 1276 γί-

131 1316 287 1352 νεται
315 1316 330 1364 ;
364 1299 438 1352 Οὑ
465 1299 570 1370 γάρ
599 1299 675 1362 ὡς
704 1299 790 1352 ἀεὶ
827 1299 1262 1370 ὑποτεταγμένου
1289 1297 1382 1350 τοῦ
1410 1297 1541 1352 Υίοῦ
1567 1315 1728 1370 φησιν

131 1391 164 1440 6
206 1389 552 1452 Ἀπόστολος,
585 1389 698 1442 ἁλλ’
729 1390 804 1453 ὡς
832 1391 968 1460 πρὸς
999 1390 1072 1460 τῷ
1091 1391 1234 1444 τέλει
1273 1391 1372 1460 τῆς
1401 1391 1494 1444 τοῦ
1529 1391 1729 1454 παντὸς

134 1480 586 1552 συμπληρώσεως
639 1481 922 1552 μέλλοντος
971 1482 1402 1538 ὑποτάσσεσθαι·
1456 1482 1628 1536 καίτοι
1680 1483 1729 1535 εί

135 1573 306 1625 καλὸν
354 1575 388 1642 ὴ
437 1573 704 1642 ὑποταγὴ,
755 1573 848 1626 καὶ
886 1573 1033 1638 ἄξιον
1084 1575 1211 1646 περὶ
1262 1573 1396 1626 Θεοῦ
1453 1573 1728 1642 λέγεσθαι,

135 1663 258 1728 πῶς
293 1665 386 1718 νῦν
426 1665 637 1736 ἀπέστη
685 1665 778 1718 τοῦ
825 1666 960 1718 Θεοῦ
1003 1667 1063 1720 τὸ
1105 1667 1310 1731 καλόν;
1356 1668 1581 1738 Ἐπίσης
1621 1669 1730 1738 γὰρ

135 1755 362 1818 πάντως
409 1757 738 1828 ἀμφοτέροις
799 1757 961 1811 καλὸν
986 1800 1002 1823 ,
1056 1757 1134 1828 τῷ
1194 1776 1252 1814 τε
1308 1759 1732 1830 ὑποτασσομένῳ

137 1845 278 1915 Υίῷ,
313 1846 406 1898 καὶ
439 1847 518 1918 τῷ
559 1847 656 1918 τὴν
689 1848 966 1920 ὑποταγὴν
1000 1849 1092 1902 τοῦ
1134 1850 1264 1903 Υίοῦ
1307 1851 1579 1924 δεχομένῳ
1621 1853 1731 1904 Πα-

135 1937 248 2008 τρί.
286 1939 476 1992 Δείπει
501 1939 677 1992 τοίνυν
716 1943 773 1994 ἐν
800 1941 876 2011 τῷ
906 1941 1132 2013 παρόντι
1174 1943 1270 1996 καὶ
1307 1942 1384 2014 τῷ
1425 1945 1600 2016 Πατρὶ
1638 1945 1733 1998 καὶ

134 2031 218 2100 τῷ
242 2031 358 2102 Υίῷ
389 2032 448 2086 τὸ
487 2033 728 2086 τοιοῦτον
765 2034 948 2098 καλὸν,
977 2036 1068 2088 καὶ
1111 2035 1140 2088 ὂ
1180 2037 1253 2106 μὴ
1292 2036 1450 2106 ἔσχεν
1481 2037 1588 2108 πρὸ
1624 2039 1733 2090 τῶν

137 2122 356 2175 αἰώνων
395 2124 530 2194 μήτε
562 2126 590 2178 6
637 2126 846 2197 Πατὴρ,
875 2127 1014 2198 μήτε
1045 2127 1072 2179 6
1101 2127 1250 2191 Υἱὸς,
1287 2127 1446 2180 τοῦτο
1471 2130 1563 2182 ὲπὶ
1594 2148 1733 2200 συμ-

137 2214 424 2284 πληρώσει
472 2215 580 2268 τῶν
629 2217 834 2288 χρόνων
891 2219 984 2272 καὶ
1036 2218 1114 2290 τῷ
1161 2221 1334 2292 Harp“.
1382 2221 1586 2292 καὶτῷ
1621 2221 1736 2294 Υἱῷ

139 2309 600 2377 προσγενήσεται,
630 2309 724 2362 τοῦ
758 2310 858 2379 μὲν
897 2312 1254 2382 ὑπομένοντος
1287 2313 1386 2385 τὴν
1432 2315 1734 2387 ὑποταγὴν,

136 2397 234 2450 τοῦ
275 2397 334 2452 δὲ
381 2398 697 2470 προσθήκην
744 2399 866 2454 τινα
921 2403 1016 2455 καὶ
1047 2403 1344 2476 ἐπαύξησιν
1398 2407 1498 2477 τῆς
1541 2409 1732 2461 ἑαυτοῦ

137 2488 302 2559 δόξης
329 2487 419 2542 διὰ
451 2489 606 2542 τοῦτο
627 2489 1012 2560 λαμϐάνοντος,
1039 2492 1106 2563 ἢν
1139 2495 1199 2546 ὲν
1225 2494 1302 2566 τῷ
1339 2498 1566 2567 παρόντι
1596 2497 1735 2562 τέως

137 2579 244 2630 οὑκ
278 2576 412 2647 ἔχει.
459 2576 570 2630 Ποῦ
615 2577 792 2634 τοίνυν
835 2581 892 2632 ὲν
925 2580 1098 2652 τούτῳ
1137 2581 1196 2634 τὸ
1237 2581 1626 2648 ἀναλλοίωτον;
1663 2585 1736 2636 Τὸ

139 2668 256 2738 γὰρ
292 2667 431 2738 μετά
463 2669 636 2724 ταῦτά
673 2688 723 2723 τι
761 2672 1070 2740 γενόμενον,
1101 2672 1197 2726 νῦν
1245 2673 1302 2726 δὲ
1348 2673 1422 2744 μὴ
1474 2673 1553 2738 ὃν,
1606 2675 1736 2728 ἴδιον

139 2759 246 2824 τῆς
277 2760 518 2829 τρεπτῆς
561 2761 676 2814 ἐστι
717 2761 950 2830 φύσεως.
1005 2762 1130 2817 Εἴτε
1175 2759 1266 2818 οὖν
1313 2764 1476 2818 καλὸν
1527 2767 1560 2836 ἡ
1605 2766 1736 2818 ὑπο-

139 2852 312 2922 ταγὴ,
343 2852 438 2905 καὶ
477 2851 570 2904 νῦν
614 2848 750 2906 εἶναι
797 2855 1062 2924 προσήκει
1109 2855 1384 2909 πιστεύειν
1424 2856 1501 2928 τῷ
1529 2857 1647 2928 Θεῷ
1675 2858 1752 2912 τὸι

143 2943 342 2996 καλὸνο
377 2944 484 2996 εἴτε
534 2945 749 3010 ἀνάξιον
790 2947 882 2999 ἐπὶ
929 2947 1022 3000 τοῦ
1065 2947 1200 3002 Θεοῦ
1233 2951 1294 3002 τὸ
1323 2951 1582 3014 τοιοῦτον,
1611 2950 1736 3004 οὔτε

148 3035 246 3089 νῦν
269 3075 283 3099 ,
331 3036 452 3088 οὔτε
498 3037 705 3092 ἄλλοτε.
763 3039 920 3092 Ἀλλά
969 3041 1075 3111 μήν
1128 3058 1290 3110 φησιν
1341 3045 1368 3094 ὁ
1417 3043 1734 3106 Ἀπόστολος

146 3127 272 3180 τότε
297 3129 734 3199 ὑποταγήσεσθαι
761 3131 850 3184 τὸν
889 3132 1036 3194 Υἱδν,
1068 3133 1188 3203 οὐχὶ
1219 3133 1313 3186 νῦν
1351 3134 1732 3206 ὑποτετάχθαι.

219 3212 370 3287 1Ἀρα
397 3220 532 3290 πρὸς
560 3219 716 3273 ἄλλον
754 3222 874 3276 τινὰ
924 3223 1122 3276 σκοπὸν
1150 3223 1334 3292 βλέπει
1375 3227 1402 3277 6
1439 3225 1614 3294 λόγος,
1643 3227 1736 3278 καὶ

151 3309 343 3380 πόρρω
372 3309 470 3378 τῆς
501 3311 608 3362 τῶν
637 3311 928 3382 αίρετικῶν
958 3314 1242 3376 κακονοίας
1267 3315 1382 3367 ἐστὶ
1414 3315 1474 3368 τὸ
1495 3316 1586 3368 τοῦ
1618 3315 1736 3369 ὀνό-

155 3417 325 3471 ματος
359 3403 785 3474 σημαινόμενονς
816 3406 910 3467 Τίς
937 3401 1028 3458 οὖν
1059 3407 1088 3456 ὁ
1116 3406 1300 3474 λόγος;
1336 3406 1488 3478 Τάχα
1523 3408 1610 3461 διὰ
1639 3409 1737 3478 τῆς

155 3493 523 3564 συμφράσεως
566 3495 672 3547 τῶν
715 3497 792 3564 τῷ
832 3497 986 3567 μέρει
1021 3497 1194 3567 τούτῳ
1238 3498 1739 3569 συγγεγραμμένων

155 3584 358 3654 μᾶλλον
384 3586 448 3640 ἄν
474 3603 556 3648 τις
594 3586 794 3640 κατίδοι
835 3589 894 3640 τὸ
931 3589 1121 3660 νόημα.
1165 3590 1380 3660 Ἐπειδὴ
1409 3591 1514 3659 γὰρ
1540 3591 1740 3658 ἀγωνι-

156 3677 344 3729 στικὸν
383 3677 517 3746 πρὸς
570 3681 694 3742 τοὺς
739 3681 1056 3750 Κορινθίους
1103 3683 1427 3750 ἐνεστήσατο
1471 3682 1658 3750 λόγον,
1691 3683 1741 3736 οἳ

153 3769 254 3838 τὴν
299 3769 400 3838 μὲν
447 3771 525 3833 είς
576 3771 667 3824 τὸν
715 3771 914 3840 Κύριον
961 3773 1321 3843 παρεδέξαντο
1359 3773 1560 3836 πίστιν,
1591 3774 1650 3826 τὸ
1685 3775 1743 3828 δὲ

153 3865 255 3932 τῆς
281 3865 628 3929 ἀναστάσεως
667 3864 773 3916 τῶν
806 3865 1106 3935 ἀνθρώπιον
1144 3867 1319 3936 δόγμα
1359 3866 1526 3937 μῦθον
1557 3869 1742 3939 ᾠήθη-

157 3974 258 4009 σαν
321 3957 601 4023 λέγοντες·
655 3957 786 4022 Πῶς
853 3959 1182 4024 ἐγείρονται
1235 3964 1288 4012 οἱ
1344 3963 1582 4028 νεκροι’;
1635 3963 1746 4016 Καὶ

152 4050 310 4116 ποίῳ
343 4049 564 4116 σώματι
597 4049 892 4116 ἔρχοντας
925 4046 1004 4113 οἷς
1027 4051 1372 4122 τωλυτρόπως
1403 4055 1496 4106 καὶ
1529 4056 1744 4107 πολυει-

151 4141 266 4202 δῶς
311 4139 448 4208 μετᾶ
493 4139 582 4191 τὸν
630 4139 855 4192 θάνατον
904 4142 982 4203 εἰς
1025 4143 1326 4212 ἀφανισμὸν
1377 4145 1635 4215 περιῆλθε
1679 4145 1748 4198 τά

155 4231 414 4301 σώματα,
449 4229 480 4298 ἢ
519 4229 604 4282 διὰ
647 4231 861 4299 σήψεως
910 4231 1016 4282 τῶν
1069 4233 1444 4304 σαρκοδὸρων,
1479 4235 1743 4304 ἑρπετῶν,

153 4321 410 4391 νηκτῶν,
471 4320 728 4374 πετεινῶν
755 4361 768 4382 ,
820 4323 1159 4392 τετραπόδων
1226 4324 1603 4390 ἀναλωθέντα;
1661 4325 1749 4378 διὰ

153 4414 324 4468 τοῦτο
371 4413 593 4476 πολλοὺς
639 4415 822 4476 αὐτοῖς
877 4415 1146 4484 παρέθετο
1197 4416 1508 4486 λογισμοὺς,
1548 4417 1748 4471 πείθων

1823 563 2020 618 modus
2041 565 2326 636 genitricis
2349 566 2554 620 excutit
2581 567 3000 634 subjectionem,
3025 582 3186 637 quem
3217 567 3398 622 locum

1824 655 2024 710 habeat
2057 655 2326 724 subjectio
2357 656 2414 711 in
2455 656 2564 710 vita
2615 657 2784 718 illius,
2819 657 2912 728 qui
2959 658 3014 712 in
3059 657 3260 712 virtute
3301 673 3400 712 sua

1826 746 2026 800 saeculo
2066 745 2404 812 dominatur,
2448 763 2609 802 nemo
2653 748 2837 804 dicere
2882 749 3074 819 possit.
3107 748 3396 818 Proprium

1825 843 1909 892 est
1938 851 2003 892 ac
2033 837 2308 907 peculiare
2336 837 2536 892 divina:
2561 847 2723 908 atque
2757 838 2926 893 beatae
2961 839 3102 902 vitae,
3123 839 3178 893 in
3209 838 3402 894 eodem

1826 944 2043 998 semper
2073 943 2313 994 manere,
2349 943 2452 982 nec
2483 929 2778 984 admittere
2793 929 3150 983 mutationem
3193 942 3314 996 quae
3347 925 3406 978 ﬁt

1826 1036 1894 1075 ex
1941 1019 2286 1074 alteratione.
2335 1019 2470 1074 Cum
2505 1035 2637 1088 ergo
2666 1019 2811 1088 quod
2859 1028 2980 1076 erat
3029 1021 3084 1074 in
3134 1018 3412 1090 principio

1827 1112 2066 1170 Verbum
2116 1113 2431 1182 unigenitus
2498 1111 2592 1168 Dei
2657 1111 2831 1169 Filius
2887 1113 3102 1168 alienus
3146 1112 3214 1166 ab
3255 1111 3408 1164 oumi

1827 1205 2072 1275 profectu
2091 1212 2146 1260 et
2177 1203 2497 1258 alteratione
2517 1206 2614 1268 sit,
2649 1203 3106 1272 quemadmodum
3135 1200 3225 1256 ﬁet
3257 1211 3409 1270 post-

1827 1311 1892 1352 ea
1951 1296 2096 1364 quod
2151 1309 2262 1348 non
2291 1303 2375 1350 est
2415 1294 2601 1348 nunc?
2637 1293 2756 1348 Non
2795 1295 2940 1350 enim
2971 1293 3076 1348 hoc
3103 1292 3237 1347 dicit
3265 1293 3412 1361 Apo-

1830 1390 2024 1452 stolus,
2046 1387 2192 1458 quod
2212 1386 2384 1443 Filius
2403 1403 2620 1456 semper
2641 1387 2710 1444 sit
2725 1385 3024 1462 subjectus,
3051 1385 3144 1442 sed
3167 1383 3312 1456 quod
3351 1384 3414 1438 in

1833 1479 1938 1534 ﬁne
1965 1479 2454 1536 consummationis
2483 1478 2860 1534 universitatis
2897 1476 3176 1546 subjectus
3215 1474 3288 1530 sit
3323 1473 3411 1528 fu-

1829 1580 2012 1626 turus.
2043 1571 2206 1640 Atqui
2251 1570 2296 1626 si
2331 1569 2534 1624 bonum
2569 1577 2653 1624 est
2703 1567 2994 1639 subjectio,
3035 1576 3090 1623 et
3117 1583 3209 1622 res
3247 1565 3414 1638 digna

1831 1681 1952 1735 qua!
1995 1665 2062 1718 de
2111 1663 2222 1720 Deo
2263 1663 2500 1727 dicatur,
2553 1663 2824 1734 quomodo
2869 1662 3002 1717 illud
3051 1677 3082 1716 a
3109 1662 3220 1716 Deo
3264 1675 3412 1714 nunc

1833 1756 1986 1810 abest
2031 1755 2275 1810 bonum?
2307 1753 2402 1810 Est
2425 1755 2572 1812 enim
2601 1770 2668 1810 ex
2699 1769 2856 1822 aequo
2891 1753 3092 1808 bonum
3121 1751 3410 1816 ambobus,

1837 1854 1892 1901 et
1923 1845 2056 1900 Filio
2090 1847 2182 1916 qui
2237 1845 2546 1913 subjicitur,
2583 1853 2636 1900 et
2669 1843 2812 1898 Patri
2861 1843 2954 1912 qui
3003 1840 3128 1894 Filii
3180 1841 3414 1911 suscipit

1839 1937 2258 2007 subjectionem.
2315 1935 2475 1990 Deest
2513 1951 2642 2005 ergo
2673 1935 2728 1988 in
2768 1934 3052 2002 przrsentia
3082 1941 3136 1986 et
3173 1929 3324 1984 Patri
3359 1941 3416 1984 et

1839 2027 1978 2084 Filio
2004 2030 2109 2084 tale
2134 2029 2358 2094 bonum,
2395 2039 2447 2082 et
2470 2027 2612 2096 quod
2654 2042 2760 2080 non
2791 2024 3020 2080 habebat
3053 2032 3178 2077 ante
3215 2028 3416 2078 szecuta

1838 2139 2016 2193 neque
2055 2121 2232 2188 Pater,
2263 2137 2440 2192 neque
2483 2119 2674 2181 Filius,
2703 2120 2806 2172 hoc
2843 2119 2900 2172 in
2938 2125 3240 2186 temporum
3266 2131 3416 2170 com-

1839 2217 2111 2287 plcmento
2127 2215 2298 2270 aderit
2314 2223 2366 2269 et
2383 2213 2528 2267 Patri
2550 2223 2603 2268 et
2620 2211 2776 2276 Filio,
2793 2212 2896 2266 hoc
2913 2209 3128 2280 quidem
3148 2209 3418 2262 subeunte

1841 2307 2236 2376 subjectionem
2261 2346 2276 2372 ,
2325 2306 2416 2360 illo
2445 2313 2625 2360 autem
2659 2319 2771 2358 sua:
2795 2302 2980 2373 gloria:
3005 2317 3100 2372 per
3139 2300 3242 2354 hoc
3271 2299 3419 2354 acci-

1841 2398 2022 2468 piente
2075 2398 2444 2454 accessionem
2504 2403 2558 2450 et
2619 2394 3048 2459 incrementum,
3106 2391 3252 2462 quod
3307 2409 3422 2448 non

1843 2490 2006 2546 habet
2053 2489 2108 2543 in
2153 2487 2460 2560 prmsentia.
2508 2485 2612 2542 Ubi
2657 2503 2786 2556 ergo
2817 2487 2872 2540 in
2917 2500 2982 2540 eo
3023 2491 3126 2548 est,
3157 2497 3266 2538 non
3295 2499 3422 2540 esse

1842 2581 2156 2636 alterabile?
2175 2595 2298 2634 nam
2320 2579 2466 2649 quod
2493 2577 2549 2631 ﬁt
2571 2585 2779 2648 postea,
2802 2591 2948 2630 nunc
2975 2585 3154 2630 autem
3179 2589 3286 2628 non
3311 2581 3416 2634 est,

1841 2674 2123 2744 proprium
2169 2671 2451 2726 mutabilis
2495 2675 2728 2724 naturae.
2789 2666 2848 2722 Si
2900 2681 3032 2738 ergo
3077 2667 3280 2721 bonum
3335 2673 3418 2720 est

1843 2763 2130 2830 subiectio,
2163 2778 2308 2816 nunc
2338 2775 2556 2831 quoque
2595 2758 2742 2830 quod
2787 2757 2988 2814 bonum
3019 2769 3124 2822 est,
3161 2753 3272 2810 Deo
3301 2771 3422 2810 esse

1842 2855 2174 2911 credendum
2214 2862 2318 2910 est.
2371 2852 2467 2907 Sin
2491 2859 2671 2906 autem
2709 2851 2812 2904 hoc
2843 2848 3124 2919 indignum
3166 2847 3422 2916 estquod

1842 2951 1910 3014 de
1953 2950 2065 3006 Deo
2109 2950 2362 3010 dicatur,
2401 2962 2577 3016 neque
2621 2960 2768 3000 nunc
2811 2953 2918 3006 est,
2964 2957 3142 3012 neque
3181 2956 3422 3010 unquam

1844 3045 2002 3106 alias.
2051 3042 2214 3112 Atqui
2267 3041 2401 3095 dicit
2443 3039 2738 3109 Apostolus
2777 3035 2978 3090 Filium
3027 3034 3134 3089 Deo
3180 3043 3234 3088 et
3273 3032 3423 3086 Patri

1844 3145 1976 3189 tunc
1999 3149 2122 3188 esse
2153 3130 2576 3200 subjiciendum.
2609 3143 2716 3182 non
2759 3143 2906 3182 nunc
2933 3141 3056 3181 esse
3085 3125 3420 3193 subjectum.

1913 3223 2050 3278 Num
2087 3237 2218 3291 ergo
2247 3221 2312 3274 ad
2343 3221 2576 3290 aliquem
2611 3218 2776 3271 alium
2805 3232 3030 3287 scopum
3055 3214 3250 3286 aspicit
3276 3213 3424 3282 Apo-

1841 3317 2037 3382 stolus,
2068 3323 2122 3370 et
2151 3330 2182 3370 a
2217 3328 2473 3384 perversa
2512 3311 2896 3366 ltaaroticorum
2941 3306 3298 3377 intelligentia
3331 3321 3392 3360 re

1842 3417 2048 3466 motum
2083 3415 2168 3470 est
2191 3407 2552 3478 significatum
2587 3401 2868 3458 nominis?
2895 3400 3152 3467 Quaenam
3175 3409 3262 3454 est
3291 3413 3426 3468 ergo

1841 3501 2018 3558 ratio?
2045 3498 2304 3554 Fortasse
2337 3498 2381 3552 si
2419 3496 2582 3552 simul
2613 3495 2866 3550 dieantur
2902 3508 3024 3564 quae
3061 3491 3114 3544 in
3147 3491 3248 3544 hac
3272 3497 3426 3560 parte

1841 3595 2004 3650 simul
2050 3594 2252 3662 scripta
2297 3599 2446 3651 sunt,
2482 3603 2678 3643 sensus
2709 3585 2881 3656 magis
2911 3583 3147 3655 perspici
3195 3579 3419 3652 pnterit.

1844 3685 2112 3752 Quoniam
2161 3683 2308 3738 enim
2339 3682 2604 3736 adversus
2643 3676 2960 3734 Corinthios
2990 3673 3424 3744 objurgatorinm

1844 3786 1898 3832 et
1932 3776 2334 3831 contentiosum
2385 3785 2694 3826 sermonem
2746 3769 3075 3829 instituerat,
3125 3765 3219 3828 qui
3264 3763 3425 3816 Iidem

1845 3867 2064 3940 quidem
2096 3866 2150 3919 in
2189 3863 2473 3920 Dominum
2509 3867 2888 3929 susceperant,
2922 3859 2988 3912 de
3021 3854 3428 3912 resurrectione

1847 3968 2026 4014 autem
2081 3957 2360 4010 hominum
2407 3953 2712 4008 doctrinam
2755 3950 3052 4012 censebant
3093 3963 3214 4002 esse
3267 3943 3425 3998 Ialm-

1847 4050 1976 4111 Iam,
2017 4049 2261 4102 dicentes
2297 4065 2311 4101 :
2344 4042 2617 4109 Quomodo
2664 4043 2966 4096 excitantur
3005 4038 3246 4093 mortui?
3276 4037 3425 4106 quali

1848 4142 2058 4196 veniunt
2107 4153 2322 4208 corpore
2346 4137 2389 4166 °'
2423 4176 2440 4202 ,
2487 4134 2688 4204 quibus
2721 4131 3076 4186 multifariam
3133 4129 3428 4197 multisque

1849 4235 2026 4290 modis
2067 4245 2302 4300 corpora
2343 4239 2467 4298 post
2495 4237 2726 4280 mortem
2759 4224 2932 4278 deleta
2965 4229 3093 4277 sunt
3123 4229 3176 4276 et
3203 4219 3420 4272 interie-

1851 4333 1998 4390 runt,
2035 4334 2126 4378 aut
2175 4337 2270 4393 per
2307 4319 2670 4388 putredinem,
2713 4325 2806 4368 aut
2849 4331 2946 4384 per
2976 4328 3195 4367 carnem
3231 4327 3428 4364 voran-

1853 4417 1947 4477 tia,
2001 4413 2236 4484 reptilia,
2270 4410 2540 4470 uatatilia,
2585 4403 2852 4466 volucria,
2893 4409 2948 4457 et
2989 4409 3225 4470 quatuor
3261 4395 3427 4466 pedes

158 4505 240 4578 μὴ
279 4506 346 4574 τῇ
385 4503 591 4556 ἑαυτῶν
639 4505 864 4574 δυνάμει
923 4507 1024 4577 τὴν
1075 4506 1166 4558 τοῦ
1216 4507 1348 4560 Θεοῦ
1406 4509 1743 4578 παρισάζειν,

1857 4507 2109 4562 habentia
2159 4503 2416 4558 animalia
2464 4505 2786 4566 consumpta
2838 4493 2981 4549 sint?
3027 4499 3315 4562 pr0pterca
3347 4486 3428 4542 cis

159 4595 293 4666 μήθ’
325 4595 444 4647 ὅσον
482 4595 751 4666 ἀνθρώπῳ
786 4596 1084 4664 ἀμήχανον,
1123 4596 1214 4648 καὶ
1247 4597 1336 4648 ἐπὶ
1377 4597 1510 4648 Θεοῦ
1547 4597 1606 4649 τὸ
1639 4597 1750 4651 ἴσον

155 4684 404 4744 οἴεσθαι,
437 4685 550 4737 ἀλλ’
595 4687 659 4736 ἐκ
704 4684 811 4736 τῶν
840 4687 1128 4754 γνωρίμων
1171 4687 1302 4754 ἡμῖν
1341 4686 1752 4757 ὑποδειγμάτων

156 4777 224 4828 τὸ
255 4776 540 4846 μεγαλεῖον
569 4777 668 4846 τῆς
712 4776 859 4838 θείας
901 4777 1146 4840 ἐξουσίας
1177 4777 1620 4845 ἀναλογίζεσθαι·
1659 4780 1752 4832 καὶ

155 4868 308 4922 οὕτω
348 4869 662 4939 προτίθησιν
711 4869 894 4930 αὐτοῖς
939 4868 1037 4939 τὴν
1085 4869 1211 4940 περὶ
1257 4869 1323 4920 τὰ
1371 4869 1598 4939 σώματα
1645 4872 1752 4924 τῶν

160 4961 498 5032 σπερμάτων
529 4961 966 5032 θαυματουργίαν
997 4959 1104 5012 τῶν
1137 4961 1222 5013 ἀεὶ
1248 4963 1752 5032 καινοτομουμένων

161 5053 272 5106 ὑπὸ
302 5051 402 5120 τῆς
435 5051 584 5116 θείας
611 5053 910 5121 δυνάμεως,
939 5053 1032 5104 καὶ
1065 5052 1140 5116 ὼς
1174 5055 1271 5105 οὐκ
1295 5053 1554 5124 ὴτόνησεν
1591 5057 1622 5124 ἡ
1656 5054 1750 5106 τοῦ

159 5145 306 5198 θεοῦ
343 5143 501 5212 σοφία
541 5143 710 5214 μυρία
757 5143 1021 5212 σωμάτων
1059 5142 1174 5212 εἴδη
1219 5143 1359 5195 κατὰ
1409 5145 1470 5196 τὸ
1519 5146 1626 5197 πᾶν
1668 5143 1754 5208 ἐξ·

163 5237 374 5303 ξυρεῖν,
416 5233 667 5300 λογικῶν,
711 5235 918 5302 ἀλόγων
944 5272 958 5296 ,
1006 5235 1286 5304 ἐναερίων,
1321 5235 1610 5304 χερσαίων,
1659 5237 1754 5288 καὶ

163 5327 280 5380 τῶν
360 5329 482 5380 κατ’
548 5327 774 5396 οὐρανὸν
831 5327 964 5396 ἡμῖν
1041 5327 1496 5396 προφερομένων,
1540 5327 1634 5379 τοῦ
1689 5345 1750 5380 τε

167 5419 324 5489 ἡλίου
367 5421 460 5470 καὶ
513 5419 622 5471 τῶν
679 5419 878 5472 λοιπῶν
915 5418 1185 5488 ἀστέρων,
1235 5415 1308 5472 ὧν
1356 5419 1582 5471 ἕκαστον
1636 5421 1754 5492 θείᾳ.

167 5511 402 5579 δυνάμει
447 5509 734 5580 γενόμενον
759 5550 773 5570 ,
825 5508 919 5562 τοῦ
972 5510 1064 5561 καὶ
1111 5509 1249 5562 κατὰ
1301 5510 1396 5578 τὴν
1462 5511 1756 5566 ἀνάστασιν

175 5601 254 5674 μὴ
283 5600 350 5653 ἂν
380 5599 653 5670 ἀπορῆσαι
677 5600 766 5652 τὸν
799 5599 931 5654 Θεὸν
952 5601 1230 5672 ἡμετέρων
1271 5600 1534 5670 σωμάτων
1565 5603 1708 5670 ἡμᾶς
1727 5607 1756 5638 ’t‘

249 5775 294 5808 ⁸⁸
331 5773 501 5828 ICor.
539 5791 624 5836 xv,
660 5773 728 5826 53

1849 4601 2050 4654 multas
2093 4595 2274 4650 attulit
2309 4593 2572 4656 rationes,
2629 4599 2689 4640 ut
2737 4601 2838 4640 nec
2886 4599 3000 4638 sua:
3043 4581 3295 4652 p0tentia:
3333 4593 3430 4648 po-

1849 4693 2074 4747 tentiam
2132 4687 2224 4742 Dei
2281 4685 2687 4744 assimilarcnt,
2743 4693 2843 4732 nec
2900 4675 3043 4746 quod
3090 4675 3159 4728 ab
3209 4673 3430 4726 homine

1851 4783 1998 4836 nulla
2051 4779 2264 4832 ratione
2317 4773 2432 4828 fieri
2464 4779 2662 4840 potest,
2709 4769 2762 4823 id
2806 4782 2908 4822 nec
2956 4781 2986 4819 a
3027 4764 3135 4820 Deo
3179 4761 3430 4818 similiter

1849 4871 1964 4926 ﬁeri
1995 4881 2158 4938 posse
2192 4865 2594 4921 existimarent,
2627 4859 2720 4913 sed
2761 4873 2826 4912 ex
2867 4856 3026 4910 nobis
3067 4853 3214 4908 notis
3243 4865 3430 4906 exem-

1849 4962 1955 5032 piis
1983 4959 2076 5012 Dei
2103 4965 2382 5026 potestatis
2417 4957 2732 5022 reputarent
2761 4945 3192 5016 magnitudinem
3224 4963 3236 4998 :
3264 4951 3318 4998 et
3349 4942 3429 4998 ita

1851 5055 1930 5107 cis
1959 5049 2178 5104 adducit
2212 5043 2592 5100 admirabilem
2635 5040 2903 5095 seminum
2948 5038 3000 5091 iu
3029 5050 3258 5105 corpora
3302 5049 3429 5104 ope-

1853 5145 2140 5203 rationem,
2159 5153 2280 5208 qua:
2297 5150 2510 5204 semper
2531 5149 2560 5187 a
2582 5131 2766 5186 divina
2787 5139 3121 5184 renovantur
3139 5134 3426 5197 potestate,

1853 5243 1908 5288 ct
1945 5231 2092 5302 quod
2121 5229 2320 5284 divinat
2349 5225 2632 5296 sapientia:
2663 5239 2769 5277 non
2799 5223 2972 5277 defuit
3003 5229 3244 5292 potestas
3277 5220 3429 5273 inve-

1859 5326 2040 5382 niendi
2072 5325 2126 5378 in
2156 5321 2512 5378 universitate
2547 5315 2967 5372 innumerabilia
3009 5329 3300 5384 corporum
3340 5327 3430 5381 ge-

1861 5431 2028 5480 nera,
2069 5413 2280 5466 ratione
2325 5407 2707 5479 praeditorum,
2754 5405 3068 5469 brutorum,
3120 5416 3429 5463 aercorum,

1867 5505 2231 5568 terrestrium,
2263 5509 2316 5556 et
2360 5515 2546 5556 eorum
2585 5511 2708 5568 qua:
2752 5511 2782 5550 a
2833 5496 2994 5551 nobis
3043 5501 3342 5548 cernuntur
3377 5491 3432 5546 in

1863 5596 2038 5662 cmlis,
2067 5609 2261 5651 nemoc
2285 5591 2416 5648 solis
2439 5599 2494 5647 ct
2521 5599 2842 5644 camerarum
2873 5587 3174 5654 stellarum,
3199 5598 3430 5656 quorum
