3838 6220
408 329 536 385 {Sil

1845 333 2221 396 APPENDIX.

3538 341 3674 396 15ιῖ

406 443 834 516 unumquodque
864 447 1049 504 divina
1071 457 1252 507 ortum
1283 451 1506 518 virtute,
1531 461 1616 510 est
1639 452 1862 509 evidens
1895 471 1985 508 ar-

2105 454 2362 522 ὶπόδειξις
2423 455 2648 524 γίνεται.
2689 455 2754 510 El
2791 454 2901 526 γὰρ
2948 454 3017 508 τά
3066 453 3198 508 ὂντα
3244 453 3425 506 πάντα
3466 453 3565 506 οὐκ
3612 455 3676 507 ἐκ

401 547 720 608 gumentum
765 539 820 593 in
865 555 1158 612 corporum
1208 551 1524 600 nostrorum
1583 548 1988 603 resurrectione

403 630 628 684 modum
662 645 727 686 ac
769 633 1035 688 rationem
1079 633 1191 691 Deo
1221 637 1444 693 minime
1476 636 1810 693 defuturam.
1850 637 1985 692 Nam

403 721 451 775 si
479 736 824 792 quaecunque
843 734 996 788 sunt,
1027 742 1136 780 non
1169 744 1237 782 ex
1265 730 1449 799 aliqua
1483 731 1729 800 subjecta
1758 732 1985 786 materia

403 813 474 867 ad
499 830 619 869 eam
645 815 876 870 formam
907 833 1015 888 qua
1058 821 1497 891 conspiciuntur,
1540 823 1787 878 traditi-ta
1816 833 1984 889 sunt;

405 906 502 960 sed
533 906 718 960 divina
745 909 999 964 voluntas
1044 910 1147 964 fuit
1182 915 1410 968 materia
1441 923 1495 970 et
1522 918 1760 970 essentia
1802 931 1984 970 rerum

404 997 477 1052 ab
502 999 700 1068 opilice
739 1010 1048 1055 creatarum
1073 1003 1294 1058 :‘mnlto
1317 1007 1490 1076 magis
1538 1005 1652 1062 ﬁeri
1696 1017 1892 1076 poteSt,
1929 1014 1988 1060 nt

402 1093 550 1162 quod
583 1092 696 1162 jam
727 1102 831 1158 est,
866 1110 1060 1151 rursus
1097 1097 1151 1151 in
1176 1099 1450 1168 propriam
1495 1099 1720 1169 ﬁguram
1755 1099 1986 1154 reduca-

409 1193 519 1244 tur,
560 1200 726 1254 quam
760 1195 820 1240 ut
850 1191 996 1256 quod
1029 1205 1138 1242 non
1189 1198 1308 1244 erat
1344 1205 1374 1244 a
1415 1192 1704 1261 principio,
1754 1192 1822 1246 ad
1852 1193 1986 1247 sub-

409 1278 664 1330 stantiam
693 1279 874 1332 veniat
913 1288 967 1334 et
1010 1283 1330 1336 essentiam.
1361 1282 1499 1337 Cum
1525 1299 1655 1354 ergo
1684 1284 1735 1338 in
1768 1285 1836 1340 iis
1867 1302 1988 1355 qua:

409 1367 546 1437 ipsis
571 1368 726 1438 prius
754 1370 987 1434 dixerat,
1012 1373 1363 1438 ostendisset,
1389 1374 1535 1445 quod
1569 1375 1744 1444 primo
1767 1375 1988 1432 homine

410 1459 466 1513 in
503 1468 704 1514 terram
753 1475 850 1531 per
892 1473 1115 1532 peccata
1163 1467 1422 1530 resoluto,
1463 1475 1517 1520 et
1550 1477 1838 1538 propterea
1877 1477 1988 1524 ter-

409 1551 574 1607 restri
614 1555 920 1618 nominato,
965 1571 1308 1627 consequens
1349 1567 1523 1624 esset,
1570 1567 1630 1615 ut
1673 1577 1782 1616 non
1826 1577 1988 1618 secus

409 1652 575 1713 atque
598 1644 711 1708 ille,
737 1644 776 1699 ii
797 1662 1016 1718 quoque
1042 1646 1230 1704 ﬁerent
1250 1651 1342 1718 qui
1371 1665 1436 1705 ex
1463 1651 1556 1705 illo
1585 1651 1856 1708 duxerant
1875 1655 1987 1708 ori-

410 1737 614 1806 ginem,
640 1744 698 1792 ut
725 1738 818 1809 qui
857 1755 1046 1794 omnes
1068 1756 1132 1794 ex
1168 1756 1236 1796 eo
1265 1742 1359 1796 toti
1386 1752 1574 1799 essent
1611 1754 1898 1800 terrestres
1931 1756 1988 1800 et

413 1827 714 1882 mortales:
766 1831 1082 1886 necessario
1141 1831 1425 1900 subjunxit
1469 1834 1633 1888 etiam
1688 1835 1986 1890 secundam

409 1921 883 1989 consequentiam,
914 1937 1012 1992 per
1046 1939 1209 1994 quam
1240 1925 1403 1978 homo
1439 1941 1636 1982 rursus
1669 1941 1736 1983 ex
1771 1929 1987 1982 mortali

413 2009 746 2067 reformatur
767 2010 834 2066 ad
865 2013 1351 2078 immortalitatem,
1391 2015 1557 2071 simili
1589 2015 1754 2071 modo
1779 2017 1986 2081 dicens,

414 2102 470 2156 in
521 2111 714 2157 natura
769 2104 971 2159 bonum
1021 2104 1192 2161 fuisse
1236 2107 1612 2178 ingeneratum
1657 2124 1725 2164 ex
1769 2125 1880 2165 uno
1933 2110 1990 2165 in

410 2207 604 2249 omnes
638 2194 919 2256 dili‘usum,
963 2199 1105 2252 sicut
1131 2207 1185 2254 et
1217 2200 1420 2254 malum
1459 2200 1718 2258 diﬁusum
1749 2201 1851 2259 luit
1895 2219 1993 2272 per

415 2303 609 2354 unum,
651 2287 814 2344 simul
846 2305 971 2344 cum
1013 2290 1366 2347 successione
1411 2302 1754 2362 posterorum
1792 2295 1992 2351 dilata-

409 2385 552 2433 tum.
592 2377 734 2436 Usus
759 2390 845 2438 est
884 2390 1066 2438 autem
1105 2382 1192 2440 his
1233 2383 1438 2450 verbis,
1469 2383 1538 2441 de
1571 2384 1676 2442 hac
1701 2401 1762 2442 re
1793 2385 1992 2458 dogma

415 2470 769 2528 conﬁrmans.
795 2471 1034 2538 Primus,
1063 2475 1262 2544 inquit,
1289 2475 1444 2530 homo
1465 2491 1532 2530 ea:
1559 2487 1701 2532 terra
1729 2486 1990 2547 terrenus,

414 2562 673 2618 secundus
697 2571 875 2618 autem
907 2581 936 2620 c
963 2565 1113 2621 cwlo.
1148 2566 1340 2634 Qualis
1368 2577 1627 2632 terrenus,
1655 2569 1786 2624 tales
1809 2578 1860 2624 et
1887 2579 1995 2624 ter-

412 2654 548 2708 reni.
579 2653 650 2709 Et
679 2656 854 2727 qualis
879 2657 1123 2724 caelestis,
1164 2659 1296 2713 tales
1331 2668 1382 2714 et
1433 2661 1685 2714 cmlestes.
1727 2659 1794 2715 Et
1855 2663 1996 2716 sicut

414 2747 742 2816 portavimus
791 2747 1078 2818 imaginem
1129 2750 1347 2815 terreni,
1405 2751 1482 2804 ita
1525 2760 1792 2820 portemus
1831 2752 1995 2806 etiam

410 2837 698 2908 imaginem
723 2837 969 2894 caelestis.
1007 2837 1142 2893 Cum
1167 2839 1253 2895 his
1283 2855 1415 2911 ergo
1445 2848 1499 2896 et
1528 2841 1802 2898 similibus
1832 2843 1996 2896 ratio-

412 2929 579 2987 nibus
647 2931 1027 2987 conﬁrmasset
1076 2933 1574 2999 resurrectionem,
1629 2942 1686 2990 et
1737 2949 1837 3005 per
1889 2936 1996 2990 alia

413 3023 589 3078 multa
617 3021 908 3080 haereticos
935 3024 1267 3096 syllogismis
1305 3033 1360 3079 et
1397 3025 1645 3080 collectis
1687 3026 1995 3080 rationibus

2087 562 2233 609 τινος
2264 547 2628 617 ὑποκειμένης
2670 545 2804 616 ὕλης
2852 544 2992 617 πρὸς
3045 545 3106 598 τὺ
3153 543 3474 614 φαινόμενον
3529 557 3676 610 μετ-

2084 634 2575 710 ασκευάσθη,ἀλλά
2591 637 2652 691 τὸ
2683 637 2826 692 θεῖον
2870 637 3083 708 θέλημα
3125 636 3225 706 ὕλη
3259 637 3354 688 καὶ
3380 635 3540 688 οὐσία
3571 634 3680 686 τῶν

2083 729 2390 800 δημιουργη
2399 730 2583 800 μάτων
2608 730 2823 798 ἐγένετο
2840 743 2855 760 ⁸
2893 728 3029 782 πολὺ
3060 727 3258 799 μᾶλλον
3291 727 3512 780 δυνατὸν
3539 721 3681 778 εἶναι

2086 820 2516 885 κατασκευάζειν
2556 820 2618 874 τὸ
2651 820 2751 892 ήδη
2797 819 2857 874 δν
2903 821 2984 883 είς
3027 820 3088 872 τὸ
3137 819 3267 872 ἴδιον
3297 819 3480 888 σχῆμα
3516 816 3682 870 πάλιν

2086 912 2478 984 ἐπαναχθῆναι,
2507 912 2541 985 ἦ
2569 912 2630 966 τὸ
2667 911 2728 978 ἐξ
2762 911 2934 984 ἀρχῆς
2965 911 3040 982 μὴ
3068 909 3127 964 δν
3167 913 3247 974 εἰς
3289 909 3590 963 ὑπόστασίν
3622 924 3682 960 τε

2086 1003 2183 1058 καὶ
2209 1005 2397 1058 οὐσίαν
2430 1004 2626 1060 ἐλθεῖν.
2651 1004 2842 1070 Δείξας
2870 1005 3048 1058 τοίνυν
3076 1005 3134 1056 ἐν
3176 1005 3289 1065 τοῖς
3315 1001 3452 1070 πρὸς
3477 999 3683 1062 αὐτοὺς

2086 1093 2268 1162 λόγοις
2288 1136 2302 1154 .
2345 1097 2427 1149 ὅτι
2474 1094 2570 1149 τοῦ
2618 1094 2836 1166 πρώτου
2884 1093 3171 1166 ἀνθρώπου
3218 1095 3296 1156 είς
3326 1094 3429 1163 γῆν
3464 1091 3557 1144 διὰ
3581 1091 3684 1159 τῆς

2088 1187 2358 1257 ἁμαρτίας
2389 1186 2767 1252 ἀναλυθέντος,
2793 1187 2888 1241 καὶ
2915 1187 3004 1241 διὰ
3045 1185 3203 1240 τοῦτο
3238 1185 3423 1256 χοϊκοῦ
3454 1183 3688 1254 κληθέν-

2085 1294 2196 1342 τος,
2222 1279 2513 1333 ἀκόλουθον
2547 1275 2616 1352 ἦν
2665 1279 2788 1333 κατ’
2829 1281 3036 1332 ἐκεῖνον
3080 1279 3326 1340 καὶτοὺς
3365 1277 3425 1343 ἐξ
3467 1276 3686 1328 ἐκείνου

2086 1369 2338 1439 γενέσθαι
2389 1373 2598 1435 πάντας
2640 1371 2854 1444 χοϊκοὺς
2899 1370 2993 1424 καὶ
3040 1369 3266 1440 θνητοὺς
3300 1368 3426 1430 τοὺς
3473 1369 3540 1420 ἐκ
3588 1364 3686 1418 τοῦ

2085 1461 2329 1516 τοιούτου
2359 1461 2580 1532 φύντας,
2609 1462 2921 1532 ἀναγκαίως
2951 1461 3230 1531 ἐπήγαγεν
3253 1460 3348 1513 καὶ
3372 1459 3473 1526 τὴν
3501 1457 3689 1510 δευτέ-

2091 1571 2189 1625 ραν
2216 1555 2554 1615 ἀκολουθίαν.
2581 1555 2648 1609 δι’
2674 1550 2742 1626 ἧς
2775 1553 3240 1624 ἀναστοιχειοῦται
3279 1551 3444 1605 πάλιν
3481 1552 3549 1604 ὲκ
3587 1549 3687 1602 τοῦ

2089 1644 2286 1716 θνητοῦ
2335 1646 2472 1718 πρὸς
2510 1645 2810 1700 ἀθανασίαν
2861 1646 2892 1698 δ
2947 1645 3250 1716 ἄνθρωπος,
3303 1641 3689 1713 ὁμοιοτρόπως

2089 1739 2282 1808 λέγων,
2311 1738 2374 1793 τὸ
2401 1738 2604 1808 ἀγαθὸν
2633 1737 3025 1809 ὲγγεγενῆσθαι
3055 1739 3120 1808 τῇ
3153 1736 3311 1806 φύσει
3350 1735 3409 1800 ἐξ
3454 1733 3578 1796 ἑνὸς
3605 1736 3690 1796 εἰς

2090 1833 2302 1895 πάντας
2338 1830 2616 1902 χεόμενον,
2656 1829 2846 1900 ῶσπερ
2895 1828 2992 1882 καὶ
3029 1828 3091 1882 τὸ
3131 1827 3297 1881 κακὸν
3335 1826 3401 1878 δι’
3443 1825 3566 1887 ἑνὸς
3604 1825 3688 1887 εἰς

2089 1923 2296 1993 πλῆθος
2322 1921 2504 1992 ὲχέθη,
2527 1923 2592 1992 τῇ
2627 1920 2844 1991 διαδοχῇ
2870 1919 2980 1976 τῶν
3017 1918 3427 1989 ἐπιγινομένων.
3457 1916 3687 1979 Τούτοις

2088 2014 2146 2068 δὲ
2176 2014 2436 2084 κέχρηται
2467 2015 2578 2076 τοίς
2603 2013 2833 2083 ῥήμασι,
2855 2011 2918 2064 τὸ
2941 2011 3072 2082 περὶ
3101 2009 3291 2064 τούτου
3311 2010 3488 2080 δόγμα
3513 2026 3690 2062 κατα·-

2091 2105 2388 2170 σκευάζων.
2423 2105 2477 2158 Ὀ
2499 2102 2750 2172 πρῶτος,
2775 2103 2959 2174 φησὶν,
2983 2102 3292 2170 ἄνθρωπος
3318 2102 3387 2156 ἐκ
3414 2099 3531 2170 τῆς
3557 2107 3688 2168 zot-

2090 2201 2218 2264 κὸς,
2235 2200 2268 2252 ὀ
2287 2197 2563 2265 δεύτερος
2579 2195 2651 2261 ἐξ
2673 2193 2955 2263 οὐρανοῦ.
2971 2188 3106 2260 Otog-
3133 2196 3166 2248 ό
3180 2195 3401 2264 χοϊκός.
3425 2192 3683 2246 τοιοῦτοι

2091 2292 2190 2346 καί
2221 2293 2275 2345 ol
2306 2289 2502 2361 χοϊκοί
2518 2289 2654 2343 ’καί
2673 2285 2794 2356 οἶος
2825 2291 2860 2343 ό
2895 2286 3272 2355 ἐπουράνιος,
3294 2285 3555 2339 τοιοῦτοι
3586 2282 3690 2337 καὶ

2091 2387 2147 2438 οἱ
2165 2381 2524 2451 ἐπουράνιοι.
2555 2383 2662 2436 Kal
2689 2381 2878 2446 καθὼς
2917 2377 3288 2449 ἑφορέσαμεν
3321 2377 3437 2442 τὴν
3478 2376 3692 2430 εἰκόνα

2091 2475 2200 2529 τοῦ
2237 2473 2465 2544 χοϊκοῦ,
2498 2474 2651 2527 οὕτω
2679 2473 3026 2542 φορέσωμεν
3058 2470 3157 2524 καὶ
3193 2469 3308 2536 τὴν
3343 2471 3554 2522 εἰκόνα
3582 2467 3691 2521 τοῦ

2092 2566 2472 2634 ἐπουρανίου.
2513 2564 2734 2629 Τούτοις
2786 2563 2966 2617 τοίνυν
3025 2563 3116 2616 καὶ
3155 2563 3268 2624 τοῖς
3303 2559 3568 2623 τοιούτοις
3604 2560 3690 2611 λο-

2094 2659 2311 2727 γισμοῖς
2341 2656 2614 2727 κρατύνας
2645 2656 2737 2709 τὸν
2768 2656 2893 2726 περὶ
2907 2654 3006 2724 τῆς
3020 2654 3365 2714 ἀναστάσεως
3394 2651 3576 2718 λόγον,
3597 2651 3692 2702 καὶ

2092 2749 2179 2802 διὰ
2206 2748 2415 2802 πολλῶν
2436 2749 2636 2820 ἑτέρων
2666 2749 2792 2812 τοὺς
2821 2747 3130 2820 αίρετικοὺς
3155 2748 3268 2810 τοῖς
3307 2745 3691 2813 συλλογισμοῖς

2096 2839 2456 2909 συμποδίσας,
2478 2840 2534 2891 ὲν
2559 2832 2640 2901 οἷς
2661 2837 3010 2892 ἀπεδείκνυεν
3025 2837 3117 2889 τὸν
3137 2835 3472 2891 ἀπιστοῦντα
3492 2836 3564 2902 τῇ
3583 2835 3692 2885 τῶν

2094 2931 2192 2986 ἀνθ
2202 2931 2396 3002 ρώπων
2425 2932 2735 2994 ἀναστάσει,
2757 2930 2892 3002 μηδὲ
2911 2928 3002 2982 τοῦ
3028 2926 3264 3000 Χριστοῦ
3289 2925 3693 2996 προσδέχεσθαι

2093 3026 2195 3094 τὴν
2239 3025 2554 3088 ἀνάστασιν,
2593 3024 2681 3078 διὰ
2730 3024 2827 3095 τῆς
2881 3023 2989 3076 τῶν
3036 3019 3396 3091 συνημμένων
3435 3017 3694 3087 ἀλλήλοις

410 3117 568 3186 quasi
608 3117 980 3189 illaqueasset,
1029 3119 1082 3174 in
1133 3119 1340 3189 quibus
1379 3119 1703 3175 ostendebat
1737 3134 1862 3174 eum
1904 3120 1994 3189 qui

2105 3117 2307 3189 πλοκῆς
2349 3117 2763 3182 κατασκευάσας
2814 3116 2878 3170 τὸ
2938 3116 2998 3169 ὲν
3049 3117 3164 3179 τοῖς
3226 3112 3695 3184 συμπεράσμασιν

417 3225 526 3263 non
556 3210 732 3265 credit
759 3220 1103 3265 mortuorum
1144 3211 1629 3276 resurrectionem,
1679 3225 1750 3264 ne
1791 3209 1994 3265 Christi

417 3302 637 3370 quidem
669 3302 961 3359 admittere
995 3304 1478 3367 resurrectionem,
1500 3319 1598 3374 per
1619 3317 1994 3358 cunnexorum

417 3405 662 3450 mutuam
687 3397 831 3451 inter
849 3413 909 3452 se
929 3395 1162 3452 invicem
1183 3395 1603 3459 connexionem,
1629 3396 1994 3452 inevitabilem

418 3486 645 3542 tnolitur
683 3487 1115 3554 conclusionem,
1163 3487 1246 3543 sic
1293 3487 1522 3543 dicens:
1556 3486 1741 3543 Sinon
1785 3496 1863 3542 est
1907 3503 1996 3542 re-

415 3579 674 3634 surrectio
717 3588 1068 3643 mortuorum,
1123 3595 1216 3634 nec
1269 3577 1516 3635 Christus
1565 3581 1876 3634 resurrexit.
1933 3580 1997 3636 Si

416 3671 663 3730 Christus
724 3679 902 3725 autem
956 3687 1061 3724 non
1106 3671 1426 3735 resurrexit,
1486 3670 1664 3725 inanis
1712 3681 1790 3725 est
1834 3671 1997 3725 etiam

418 3772 602 3817 nostra
642 3762 699 3816 in
740 3763 915 3830 ipsum
953 3761 1105 3831 ﬁdes.
1139 3757 1274 3815 Nam
1316 3760 1366 3815 si
1384 3773 1515 3814 vera
1557 3766 1643 3815 est
1671 3758 1992 3829 propositio,

414 3852 563 3922 quod
607 3849 861 3906 Christus
899 3849 1138 3906 surrexit
1183 3866 1212 3903 ιι
1267 3849 1522 3914 mortuis,
1567 3856 1783 3919 oportet
1830 3850 1993 3904 etiam

416 3945 644 3998 omnino
682 3944 786 3998 hoc
835 3957 1145 3998 connexum
1183 3956 1307 3998 esse
1354 3957 1578 4009 verum,
1617 3957 1811 4010 nempe
1850 3956 1998 3996 mor-

419 4044 639 4091 tuorum
684 4051 807 4091 esse
839 4035 1324 4090 resurrectionem.
1358 4033 1464 4090 Per
1489 4035 1824 4105 singularem
1851 4033 1996 4088 enim

417 4122 946 4179 demonstrationem
985 4123 1038 4178 id
1059 4139 1278 4195 quoque
1297 4125 1445 4195 quod
1484 4131 1570 4180 cst
1595 4126 1876 4188 universe,
1921 4125 1999 4178 si-

418 4215 534 4270 mul
555 4216 985 4271 demonstratur.
1005 4215 1072 4271 Et
1088 4225 1302 4282 contra,
1325 4217 1371 4272 si
1389 4216 1513 4287 quis
1532 4217 1785 4272 universe
1803 4215 1996 4271 falsum

415 4322 542 4362 esse
593 4307 760 4372 dicat,
799 4314 1136 4363 mortuorum
1179 4322 1302 4364 esse
1347 4308 1834 4373 resurrectionem,
1896 4320 1998 4360 nec

421 4398 566 4468 quod
613 4405 698 4454 est
745 4399 798 4453 in
840 4399 1106 4470 singulari
1153 4398 1380 4454 omnino
1427 4413 1612 4453 verum
1669 4399 1996 4455 invenietur.

2095 3209 2336 3281 ἄφυκτον
2383 3209 2576 3280 λέγων,
2623 3210 2706 3263 δτι
2765 3211 2834 3264 El
2885 3205 3224 3272 ἀνάστασις
3287 3203 3523 3273 νεκρῶν
3580 3205 3696 3256 οὐκ

2093 3303 2282 3365 ἐστιν.
2321 3301 2463 3356 οὐδὲ
2494 3300 2749 3371 Χριστὸς
2798 3299 3130 3370 ἐγήγερται.
3158 3299 3231 3352 El
3257 3297 3327 3350 δὲ
3366 3300 3401 3350 ό
3429 3294 3694 3364 Χριστίς

2095 3399 2208 3450 οὐκ
2225 3395 2556 3465 ἐγήγερται,
2581 3392 2806 3464 ματαία
2820 3391 2920 3445 καὶ
2941 3393 2980 3461 ἠ
3003 3393 3090 3456 είς
3106 3388 3293 3444 αὐτὸν
3311 3387 3519 3452 πίστις
3535 3385 3692 3438 ἐστι.

2095 3485 2208 3555 Τῆς
2241 3484 2350 3555 γὰρ
2381 3485 2696 3555 προτάσεως
2747 3479 2984 3552 ἀληθοῦς
3021 3478 3210 3550 οὔσης,
3247 3479 3330 3532 ὅτι
3358 3475 3600 3548 Χριστὸς
3627 3475 3697 3527 ἐκ

2095 3575 2306 3646 νεκρῶν
2333 3577 2646 3648 ἐγήγερται,
2678 3573 2858 3628 καὶτὸ
2891 3572 3233 3644 συνημμένον
3269 3570 3446 3640 τούτῳ
3470 3568 3698 3629 πάντως

2097 3669 2294 3739 ἀληθὲς
2321 3664 2460 3721 εἶναι
2488 3666 2615 3739 χρὴ,
2638 3666 2700 3719 τδ
2725 3664 2935 3739 νεκρῶν
2961 3662 3099 3718 εῖναι
3122 3663 3436 3718 ἀνάστασιν.
3473 3661 3556 3731 Τῇ
3581 3660 3696 3731 γὰρ

2100 3763 2298 3833 μερικῇ
2334 3759 2608 3825 ἀποδείξει
2650 3759 2742 3812 καὶ
2786 3758 2850 3812 τὸ
2889 3757 3119 3811 καθόλου
3176 3753 3694 3809 συναποδείκνυται.

2096 3857 2206 3910 Καὶ
2234 3854 2295 3908 τὸ
2323 3854 2559 3925 ἔμπαλιν
2593 3853 2646 3906 sl
2666 3871 2750 3916 τις
2773 3851 2834 3906 τὸ
2869 3851 3098 3906 καθόλου
3130 3850 3324 3920 ψεῦδος
3351 3843 3492 3902 εἶναι
3517 3847 3695 3914 λέγοι,

2096 3948 2158 3999 τὸ
2184 3945 2395 4016 νεκρῶν
2422 3939 2561 3997 εἶναι
2590 3942 2906 4005 ἀνάστασιν,
2952 3940 3076 3994 οὐδὲ
3102 3940 3164 3993 τὸ
3192 3938 3284 3993 ἐπὶ
3315 3938 3517 4010 μέρους
3555 3937 3695 3989 πάν-

2097 4057 2202 4103 τως
2229 4037 2423 4108 ἀληθὲς
2472 4033 2934 4108 εὑρεθήσεται,τὸ
2976 4032 3069 4086 τὸν
3095 4031 3328 4103 Χριστὸν
3375 4032 3442 4082 ἐκ
3480 4028 3700 4100 νεκρῶν

2097 4130 2415 4202 ὲγηγὲρθαι.
2445 4128 2520 4180 Τὸ
2549 4126 2654 4197 γάρ
2679 4125 2910 4180 καθόλου
2945 4124 3204 4178 ἀδύνατον
3235 4121 3358 4176 οὐδέ
3401 4138 3510 4174 τινι
3534 4120 3698 4172 δυνα-

2098 4222 2190 4276 τὸν
2232 4221 2386 4274 ἔσται
2431 4219 2671 4291 πάντως.
2705 4215 2866 4269 Ἀλλά
2896 4215 3002 4288 μὴν
3037 4215 3196 4268 τοῦτο
3241 4215 3353 4277 τοῖς
3387 4211 3701 4283 παραδεξαο

2103 4314 2284 4384 μένοις
2313 4312 2404 4365 τὸν
2435 4312 2608 4378 Λόγον
2650 4308 2839 4362 πιστόν
2887 4310 3002 4361 ἐστι
3029 4307 3125 4361 καὶ
3163 4305 3581 4376 ἀναντίρρητον,
3616 4304 3697 4355 ὅτι

2101 4404 2335 4476 Χριστὸς
2370 4403 2667 4474 ἐγήγερται
2697 4403 2761 4455 ὲκ
2797 4401 3029 4470 νεκρῶν,
3069 4396 3377 4467 ἀναγκαίως
3413 4399 3472 4449 ἐν
3508 4399 3576 4468 τῇ
3607 4413 3698 4465 με-

419 4506 614 4562 nempe
643 4491 924 4546 Christum
951 4491 1261 4548 surrexisse
1285 4505 1316 4544 a
1353 4490 1607 4545 mortuis.
1631 4489 1766 4545 Nam
1797 4491 1843 4547 si
1876 4491 1994 4544 nni-

2106 4465 2231 4568 ρικῇ
2255 4465 2357 4566 της
2385 4465 2734 4556 ἀναστάσεως
2759 4491 2854 4546 τοῦ
2889 4465 3128 4562 Χριστοῦ
3156 4465 3336 4542 πίστει
3378 4487 3477 4544 καὶ
3503 4465 3697 4558 ήῖκαθο

421 4599 578 4639 verse
602 4583 716 4638 ﬁeri
744 4598 852 4637 non
885 4591 1084 4654 potest,
1108 4599 1207 4640 nec
1227 4583 1389 4637 alicui
1417 4583 1641 4637 omnino
1661 4591 1838 4652 potest
1860 4583 2001 4638 ﬁeri.

418 4674 585 4744 Atqui
609 4673 677 4728 iis
692 4675 784 4744 qui
806 4672 1044 4728 Verbum
1077 4679 1461 4743 susceperunt,
1486 4673 1590 4727 hoc
1611 4681 1694 4728 est
1717 4673 1998 4739 credibile,

417 4764 488 4819 de
517 4779 626 4834 quo
655 4764 804 4818 nulla
835 4772 920 4818 est
946 4765 1164 4832 penitus
1206 4761 1605 4828 controversia,
1653 4762 1798 4831 quod
1842 4761 2004 4817 Chri-

421 4863 543 4913 stus
577 4855 874 4910 resurrexit
914 4869 943 4907 a
979 4855 1247 4909 mortuis:
1277 4854 1594 4909 necessario
1618 4869 1749 4924 ergo
1795 4854 1850 4908 in
1888 4855 2002 4908 sin-

421 4948 598 5018 gulari
630 4947 734 5002 ﬁde
763 4947 1184 5003 resurrectionis
1215 4946 1439 5011 Christi,
1465 4945 1749 5001 credibilis
1783 4961 2004 5016 quoque

419 5041 529 5096 erit
556 5039 691 5094 ﬁdes
725 5055 846 5108 quae
865 5047 950 5094 est
972 5038 1244 5093 universe.
1279 5036 1416 5091 Cum
1449 5052 1583 5108 ergo
1605 5051 1700 5092 eos
1722 5037 1787 5091 ad
1806 5037 2004 5105 dogma

423 5130 835 5201 suscipiendum
867 5130 949 5184 sic
982 5130 1254 5199 coegisset
1284 5127 1638 5199 syllogistice,
1671 5143 1734 5183 ex
1759 5133 1825 5182 eo
1855 5127 2004 5198 quod

421 5224 646 5288 dixerit,
673 5223 730 5278 Si
761 5239 872 5279 non
902 5229 988 5277 est
1017 5220 1188 5293 (nam
1212 5219 1264 5275 id
1297 5218 1444 5290 quod
1473 5219 1726 5275 universe
1761 5233 1872 5274 non
1893 5226 2002 5283 est,

427 5333 499 5373 ne
537 5318 592 5371 in
631 5316 818 5386 aliquo
849 5314 1070 5386 quidem
1117 5327 1240 5369 esse
1290 5318 1504 5382 potest,
1548 5311 1596 5365 si
1647 5324 1774 5365 eum
1819 5318 2002 5365 autem

426 5411 705 5465 credimus
755 5408 1154 5471 resurrexisse.
1191 5406 1313 5475 ejus
1358 5405 1437 5460 rei
1473 5403 1606 5458 ﬁdes
1652 5403 1847 5473 probat
1883 5401 2008 5458 uni-

425 5517 642 5558 versam
666 5502 948 5557 hominum
978 5496 1486 5568 resurrectionem),
1511 5511 1747 5566 cumque
1777 5494 1855 5548 illi
1881 5508 2008 5548 ora-

424 5593 599 5660 tioni,
641 5609 750 5663 qua
800 5593 966 5663 hujus
1029 5592 1300 5663 dogmatis
1353 5590 1609 5644 universa
1660 5586 2006 5642 concluditur

427 5685 793 5748 conﬁrmatio,
843 5685 949 5740 hoc
997 5684 1308 5754 adiecisset,
1356 5682 1500 5751 quod
1549 5681 1694 5737 sicut
1727 5682 1780 5736 in
1831 5681 2005 5735 Adam

431 5790 626 5832 omnes
667 5775 999 5843 moriuntur,
1047 5777 1121 5833 ita
1161 5778 1324 5834 etiam
1361 5775 1415 5830 in
1447 5773 1666 5832 Christo
1703 5788 1892 5830 omnes
1932 5774 2006 5829 vi-

2101 4589 2224 4643 όλου
2249 4589 2309 4642 τὸ
2341 4587 2532 4642 πιστὸν
2559 4586 2692 4651 ἕξει.
2724 4585 2880 4639 Οὕτω
2911 4583 3092 4637 τοίνυν
3137 4581 3334 4644 αὐτοὺς
3361 4580 3699 4648 συλλογιστι-

2103 4680 2216 4744 κῶς
2253 4679 2390 4752 πρδς
2424 4678 2523 4751 τὴν
2561 4674 2871 4749 παραδοχὴν
2907 4673 3001 4727 τοῦ
3045 4672 3313 4743 δόγματος
3357 4671 3698 4739 συναναγκάο

2104 4791 2224 4838 σας,
2262 4774 2326 4826 ὲκ
2355 4770 2450 4825 τοῦ
2481 4772 2673 4834 εἰπεῖν,
2701 4770 2782 4822 ὅτι
2817 4766 2880 4820 Εἰ
2915 4767 2990 4837 μή
3027 4769 3173 4819 ἐστιν
3205 4765 3296 4836 ρτδ
3328 4763 3442 4835 γὰρ
3469 4762 3696 4816 καθόλου

2106 4866 2183 4936 μὴ
2233 4864 2314 4931 ὃν,
2357 4863 2478 4917 οὐδὲ
2534 4861 2590 4915 ἐν
2632 4878 2740 4916 τινι
2777 4858 3004 4913 δυνατὸν
3063 4852 3237 4910 εἶναι·
3292 4857 3341 4908 εἰ
3406 4855 3466 4908 δὲ
3514 4854 3697 4908 τοῦτον

2106 4957 2404 5030 ἐγηγέρθαι
2438 4954 2785 5026 πιστεύομεν,
2832 4953 2930 5023 τῆς
2981 4948 3209 5005 καθόλου
3246 4945 3356 5000 τῶν
3395 4945 3698 5017 ἀνθρώπων

2107 5050 2456 5113 ἀναστάσεως
2473 5050 2508 5120 ἡ
2542 5047 2672 5118 περὶ
2697 5045 2888 5100 τούτου
2921 5042 3108 5105 πίστις
3133 5039 3411 5104 ἀπόδειξις
3445 5039 3694 5108 γίνεται),

2107 5143 2205 5198 καὶ
2235 5141 2491 5215 προσθεὶς
2539 5141 2716 5194 ἐκεῖνο
2759 5136 2838 5209 τῷ
2868 5135 3034 5205 λόγῳ,
3076 5127 3122 5203 ᾧ
3162 5134 3314 5186 πᾶσα
3352 5134 3389 5202 ἡ
3430 5132 3567 5202 περὶ
3613 5127 3695 5182 τοῦ

2105 5236 2378 5306 δόγματος
2392 5231 2582 5287 τούτου
2599 5228 2911 5301 κατασκευὴ
2929 5245 2992 5281 συ
3000 5225 3294 5298 μπεραίνετ
3301 5241 3356 5277 αι
3367 5266 3380 5282 ,
3398 5223 3695 5290 τὸ,Ὠσπερ

2108 5328 2168 5380 ὲν
2194 5325 2274 5396 τῷ
2310 5325 2482 5396 Ἀδὰμ
2507 5323 2704 5383 πάντες
2733 5320 3187 5391 ἀποθνήσκουσιν,
3210 5315 3385 5378 οὕτως
3423 5317 3522 5369 καὶ
3551 5317 3608 5367 ἐν
3628 5312 3696 5381 τῷ

2107 5410 2330 5484 Χριστῷ
2360 5411 2562 5474 πάντες
2599 5407 3116 5479 ζωοποιηθήσονταιο
3147 5404 3336 5474 σαφῶς
3369 5405 3578 5458 ἐκκαλύ
3591 5419 3696 5455 πτει

2111 5505 2172 5559 τὸ
2205 5504 2334 5577 περὶ
2361 5503 2549 5557 τούτου
2583 5501 2899 5574 μυστήριον,
2930 5498 3066 5570 πρὸς
3103 5499 3132 5552 ὅ
3163 5514 3217 5550 τι
3263 5494 3454 5566 βλέπει
3505 5499 3565 5550 ὲν
3595 5497 3695 5554 τοῖς

2113 5597 2334 5666 ἐφεξῆς,
2355 5596 2443 5651 διά
2468 5611 2614 5656 τινος
2636 5591 2941 5662 ἀναγκαίας
2986 5588 3315 5650 ἀκολουθίας
3333 5588 3478 5660 πρὸς
3523 5587 3586 5642 τὺ
3611 5585 3696 5638 πίε

2115 5708 2215 5761 ρας
2239 5689 2348 5744 τῶν
2370 5685 2736 5757 ἐλπιζομένων
2757 5683 3048 5738 διευθύνων
3077 5681 3167 5736 τὸν
3189 5680 3365 5749 λόγον.
