3838 6220
167 289 306 343 ιωὸ

764 285 832 340 IN
874 285 1101 351 ILLUD,
1139 285 1324 342 ΤυΝο
1364 286 1516 341 IPSE
1543 284 1769 342 FlLIUS
1800 286 2272 354 SUBJICIETUR,
2314 288 2492 356 ETC.,
2537 286 2821 346 ORATIO.

3281 285 3423 343 ιδιι

167 403 567 457 villcabuntttr:
600 414 786 473 aperte
831 404 899 459 de
934 419 997 456 ea
1034 420 1094 458 re
1139 405 1342 458 revelat
1391 405 1735 475 mysterium,
1774 418 1883 473 quo
1926 412 2136 473 spectet
2165 405 2218 458 in
2251 404 2321 459 iis
2343 420 2464 473 quae
2491 412 2926 475 consequuntur,
2998 417 3094 474 per
3164 417 3422 457 necessa-

166 498 304 549 riam
350 496 642 567 quamdam
691 498 1140 567 consequentiam
1189 498 1257 553 ad
1310 501 1470 554 liuent
1526 515 1743 562 eormn,
1781 514 1903 568 qua:
1939 506 2249 568 sperantur,
2283 500 2525 570 dirigens
2550 501 2875 556 orationem.

244 587 307 643 '0
337 591 395 643 δὲ
436 590 638 654 σκοπὸς
670 591 781 645 τῶν
821 592 1119 662 γινομένων
1157 588 1309 658 οὗτός
1348 596 1515 649 ἐστιν.
1557 595 1744 664 Ἐκθή-

1928 593 2024 649 Hic
2067 602 2152 651 est
2190 604 2368 651 autem
2402 611 2605 666 scopus
2639 608 2694 653 et
2738 598 3046 653 institutum
3076 611 3262 651 eorum
3304 612 3428 665 qua:

163 702 332 753 σομαι
379 686 437 739 δὲ
485 684 749 756 πρότερον
798 689 865 756 τῇ
915 685 1153 756 ἐμαυτοῦ
1195 685 1337 751 λέξει
1380 687 1482 756 τὴν
1516 686 1751 740 διάνοιαν

162 776 272 828 τῶν
304 776 738 846 γεγραμμένων·
784 770 887 829 εἶθ’
931 775 1075 830 οὕτω
1124 778 1418 849 προσθήσω
1459 778 1551 832 τοῦ
1596 780 1753 833 Ἀπο-

165 868 355 920 στόλου
403 867 493 921 τὸν
538 868 694 936 λόγον
733 869 824 922 τὸν
868 872 934 940 τῆ
983 872 1114 942 παρ’
1164 872 1320 941 ἡμῶν
1362 871 1753 944 προεκτεθείσῃ

162 959 375 1028 διανοίᾳ
418 958 877 1029 ὲφαρμοζόμενον.
935 960 1032 1025 Τίς
1081 956 1174 1014 οῦν
1212 964 1242 1017 6
1285 961 1379 1015 τοῦ
1425 963 1581 1032 λόγου
1636 966 1753 1018 ἐστὶ

166 1051 392 1115 σκοπὸς,
432 1052 491 1105 ὃν
529 1053 845 1124 δογματίζει
887 1056 944 1109 ὲν
987 1054 1181 1125 ἐκείνῳ
1228 1054 1307 1124 τῷ
1342 1056 1497 1126 μέρει
1535 1058 1564 1109 ό
1610 1055 1753 1120 θεῖος

181 1143 531 1210 Ἀπόστολος;
561 1146 680 1198 Ὀτι
709 1147 839 1200 ποτὲ
876 1147 1011 1219 πρὸς
1039 1147 1100 1199 τὸ
1150 1147 1225 1217 μὴ
1274 1146 1333 1200 ὃν
1375 1151 1407 1218 ἡ
1452 1147 1544 1201 τοῦ
1580 1148 1751 1201 κακοῦ

166 1231 331 1299 φύσις
390 1236 797 1306 μεταχωρήσει,
852 1236 1131 1298 παντελῶς
1187 1237 1604 1307 ἐξαφανισθεῖσα
1655 1239 1750 1292 τοῦ

162 1322 338 1385 ὄντος,
364 1324 455 1376 καὶ
484 1326 663 1378 πᾶσαν
702 1326 924 1397 λογικὴν
961 1326 1120 1396 φύσιν
1161 1329 1194 1397 ἡ
1226 1326 1343 1380 θεία
1379 1346 1439 1381 τε
1482 1331 1576 1383 καὶ
1616 1330 1754 1400 ἀκή-

166 1431 333 1483 ρατος
361 1415 629 1486 ἀγαθότης
653 1420 710 1470 ὲν
734 1419 899 1489 ἑαυτῇ
931 1421 1186 1492 περιέξει,
1218 1422 1443 1493 μηδενὸς
1470 1421 1578 1474 τῶν
1602 1422 1752 1493 παρά

163 1504 259 1557 τοῦ
291 1504 425 1558 Θεοῦ
463 1508 762 1574 γεγονότων
796 1511 894 1580 τῆς
936 1509 1213 1579 βασιλείας
1255 1512 1347 1565 τοῦ
1387 1511 1521 1565 θεοῦ
1562 1514 1755 1567 ἀποπί-

164 1614 415 1660 πτοντος,
452 1599 576 1651 ὅταν
615 1600 794 1671 πάσης
831 1602 929 1671 τῆς
974 1602 1331 1674 ὲμμιχθείσης
1362 1605 1474 1666 τοῖς
1503 1599 1621 1658 οὖσι
1648 1622 1752 1658 κα-

164 1689 294 1752 κίας
320 1685 430 1742 οἷόν
459 1708 601 1754 τινος
664 1691 797 1761 ῦλης
840 1693 1115 1765 κιϐδήλου,
1139 1694 1229 1748 διὰ
1277 1696 1376 1765 τῆς
1410 1696 1505 1749 τοῦ
1546 1698 1753 1768 καθαρο

164 1779 286 1831 σίου
321 1780 489 1851 πυρὸς
536 1784 765 1850 χωνείας
806 1784 1193 1856 ἀναλυθείσης,
1240 1787 1479 1841 τοιοῦτον
1527 1787 1750 1859 γένηται

1849 682 2127 740 dicuntur.
2167 686 2448 757 Exponam
2483 698 2661 743 autem
2697 689 2849 759 prius
2875 705 2991 745 mea
3022 687 3261 743 dictione
3291 703 3420 742 sen-

1849 791 1971 831 sum
2002 792 2190 832 eorum
2244 794 2364 848 qua:
2410 782 2614 850 scripta
2654 788 2828 847 sunt,
2872 789 2927 835 et
2975 780 3171 835 deinde
3225 777 3423 832 addam

1851 884 2159 923 sermonem
2210 872 2452 939 Apostoli
2493 873 2902 926 convenientem
2937 871 3220 925 sententia:
3262 886 3291 923 a
3326 885 3426 922 no-

1851 960 1937 1013 bis
1968 961 2119 1030 prius
2149 964 2431 1030 expositae.
2460 962 2721 1035 Quisnam
2752 971 2836 1017 est
2865 978 2994 1032 ergo
3029 976 3226 1030 scopas
3248 960 3421 1021 verbi,

1851 1050 2011 1119 cujus
2042 1052 2097 1105 in
2140 1068 2203 1105 ea
2239 1064 2390 1121 parte
2422 1054 2615 1123 dogma
2649 1055 2815 1109 tradit
2842 1054 3061 1108 divinus
3091 1052 3432 1123 Apostolus?

1852 1142 2007 1208 Quod
2053 1144 2347 1213 aliquando
2378 1146 2442 1199 ad
2480 1146 2710 1200 nihilum
2758 1146 3015 1201 transibit
3049 1147 3175 1199 mali
3207 1153 3423 1209 natura,

1853 1235 2011 1303 plene
2053 1244 2107 1289 et
2150 1238 2391 1306 perfecte
2433 1236 2609 1291 deleta
2642 1254 2708 1293 ex
2742 1253 2920 1291 rerum
2962 1236 3234 1303 essentia;
3287 1236 3422 1289 divi-

1851 1342 2029 1394 naque
2084 1334 2138 1379 et
2192 1327 2261 1381 ab
2314 1328 2461 1381 omni
2522 1328 2742 1381 interitu
2800 1329 2975 1382 aliena
3019 1329 3232 1382 bonitas
3275 1329 3327 1381 in
3364 1342 3425 1381 se

1850 1417 2149 1470 continebit
2184 1433 2398 1471 onmem
2424 1426 2673 1471 naturam
2704 1419 2915 1474 ratione
2941 1421 3241 1488 pra-ditant,
3273 1419 3427 1474 nullo

1851 1525 1914 1561 ex
1958 1508 2024 1562 iis
2058 1509 2149 1577 qui
2183 1524 2210 1560 a
2247 1508 2356 1562 Deo
2392 1510 2518 1562 facti
2554 1519 2681 1565 sunt
2713 1511 3000 1566 excidente
3045 1524 3073 1562 a
3107 1524 3272 1580 regno
3304 1508 3425 1573 Dei,

1851 1598 2072 1666 quando
2121 1598 2267 1651 omni
2316 1598 2447 1652 vitio
2499 1599 2647 1667 quod
2686 1600 2851 1654 rebus
2898 1599 3077 1654 fuerat
3124 1599 3424 1653 inunistum

1852 1697 2109 1757 tanquam
2144 1690 2323 1758 aliqua
2370 1693 2623 1752 materia,
2658 1706 2755 1760 per
2796 1691 2936 1760 ignis
2964 1691 3263 1760 purgatorii
3292 1704 3427 1743 con-

1852 1788 2070 1848 sumpto
2114 1779 2409 1841 fusionem,
2480 1796 2642 1837 omne
2690 1781 2837 1852 quod
2876 1797 2906 1836 a
2955 1780 3066 1837 Deo
3106 1783 3288 1836 brtum
3337 1780 3428 1834 ha-

162 1873 279 1925 πᾶν
302 1871 329 1924 ὃ
358 1874 509 1943 παρά
533 1874 626 1926 τοῦ
650 1874 783 1928 Θεοῦ
813 1876 938 1946 ἔσχε
966 1876 1066 1948 τὴν
1091 1878 1322 1945 γένεσιν,
1348 1872 1458 1932 οἷον
1489 1878 1548 1944 ἐξ
1578 1881 1744 1952 ἀρχῆς

1853 1870 1994 1934 buit,
2048 1871 2155 1925 tale
2219 1869 2419 1924 factum
2486 1871 2665 1937 fuerit,
2728 1871 2889 1941 quale
2941 1879 3061 1925 erat
3112 1871 3181 1925 ab
3245 1870 3424 1933 initio,

158 1959 251 2033 ἦν,
279 1963 367 2016 ὅτε
392 1940 545 2018 οῦπω
566 1966 663 2036 τὴν
696 1940 1158 2032 κακίαντὲδέξατο.
1193 1940 1363 2023 Τοῦτο
1407 1972 1462 2023 δὲ
1504 1940 1744 2039 γίνεσθαι

1852 1962 2071 2032 quando
2096 1962 2333 2017 nondum
2361 1974 2674 2033 susceperat
2704 1940 2917 2018 vitium.
2946 1963 3058 2017 Hoc
3095 1971 3273 2019 autem
3291 1963 3428 2017 dicit

158 2054 313 2123 λέγει
357 2054 561 2120 οὕτως·
599 2058 864 2127 Ἐγένετο,
896 2062 1079 2130 φησὶν,
1126 2063 1184 2114 ἐν
1224 2065 1290 2133 τῇ
1341 2062 1506 2134 θνητῇ
1555 2081 1614 2117 τε
1658 2065 1751 2118 καὶ

158 2146 416 2218 ὲπικήρῳ
445 2148 553 2202 τῶν
576 2149 881 2218 ἀνθρώπων
914 2150 1075 2222 φύσει
1114 2155 1148 2224 ἡ
1173 2154 1392 2225 καθαρά
1415 2157 1508 2207 καὶ
1536 2156 1751 2228 ἀκήρα-

158 2249 254 2295 τος
268 2233 362 2285 τοῦ
380 2235 717 2303 Μονογενοῦς
748 2239 961 2311 θεότης.
996 2241 1093 2295 Ἐκ
1123 2243 1304 2313 πάσης
1333 2243 1389 2296 δὲ
1415 2244 1514 2314 τῆς
1540 2245 1751 2317 ἀνθρω-

158 2321 326 2393 πίνης
355 2323 590 2393 φύσεως,
723 2330 1026 2401 κατεμίχθη
1061 2332 1125 2385 τὸ
1166 2332 1328 2396 θεῖον,
1368 2330 1480 2387 οἷον
1524 2336 1746 2408 ἁπαρχή

156 2429 245 2476 1:;
274 2414 369 2467 τοῦ
402 2417 581 2469 κοινοῦ
616 2420 931 2490 φυράματος
970 2424 998 2476 6
1028 2424 1168 2477 κατὰ
1206 2425 1440 2495 Χριστὸν
1465 2427 1749 2499 ἄνθρωπος

159 2504 394 2576 ὑπέστη,
412 2506 478 2559 δι’
490 2499 552 2559 οὗ
571 2511 847 2583 προσεφύη
866 2516 933 2584 τῇ
957 2512 1166 2587 θεότητι
1183 2518 1292 2570 πᾶν
1309 2517 1369 2571 τὸ
1387 2518 1743 2590 ἀνθρώπινον.

170 2595 394 2665 Ἐπειδὴ
419 2599 595 2652 τοίνυν
632 2604 690 2653 ὲν
714 2602 906 2675 ἐκείνῳ
932 2609 1080 2662 πᾶσα
1116 2609 1309 2672 κακίας
1347 2609 1507 2679 φύσις
1550 2611 1749 2682 ἐξηφα-

157 2685 343 2757 νίσθη,
373 2686 432 2749 ὃς
450 2687 724 2759 ἁμαρτίαν
746 2691 847 2745 οὐκ
865 2694 1139 2766 εποίησεν,
1169 2698 1351 2762 καθώς
1374 2716 1537 2770 φησιν
1560 2703 1589 2753 ό
1620 2716 1749 2771 προ-

158 2777 364 2848 φήτης,
393 2778 541 2831 Οὐδὲ
566 2779 777 2849 εὑρέθη
813 2784 993 2852 δόλος
1028 2788 1099 2840 ἐν
1133 2788 1215 2853 τῷ
1252 2792 1502 2859 στόματι
1537 2793 1743 2857 αὐτοῦ,

158 2869 533 2942 συνηερανίσθη
584 2874 642 2929 δὲ
704 2874 842 2945 μετά
885 2878 984 2947 τῆς
1029 2878 1302 2949 ἁμαρτίας
1351 2882 1408 2934 ὲν
1452 2882 1529 2953 τῷ
1588 2879 1741 2951 αὑτῷ

156 2962 259 3013 καὶ
282 2964 310 3014 6
349 2963 730 3017 ἐπακολουθῶν
751 2967 887 3037 αὐτῇ
918 2966 1184 3037 θάνατος(
1210 2970 1270 3023 οὐ
1294 2971 1402 3044 γάρ
1432 2974 1581 3027 ἐστιν
1608 2974 1741 3045 ἀλλη

156 3051 399 3106 θανάτου
432 3054 645 3121 γένεσις
692 3056 830 3129 πλὴν
868 3058 1109 3130 ἁμαρτία
1126 3059 1171 3130 )·
1199 3061 1373 3133 ἀρχὴν
1418 3063 1609 3116 ἔλασεν
1648 3067 1742 3118 ἀπ’

154 3146 371 3199 ἐκείνου
395 3147 425 3200 ὃ
457 3164 516 3200 τε
544 3148 644 3220 τῆς
675 3151 874 3214 κακίας
903 3153 1231 3224 ἀφανισμός,
1258 3156 1351 3209 καὶ
1384 3158 1418 3227 ἡ
1451 3155 1542 3209 τοῦ
1575 3157 1741 3212 θανά-

153 3252 256 3289 ‘uou
302 3238 619 3303 κατάλυσις,
655 3236 773 3294 εἶτα
822 3241 1012 3314 ὥσπερ
1058 3261 1145 3308 τις
1190 3246 1344 3312 τάξις
1393 3248 1623 3320 ἐπετέθη
1655 3251 1743 3304 διὰ

1851 2056 1931 2112 Sic
1953 2054 2067 2110 ﬁeri
2088 2074 2101 2110 :
2124 2054 2267 2119 Fuit,
2297 2056 2497 2126 inquit,
2524 2057 2578 2110 in
2604 2055 2819 2109 mortali
2850 2064 2905 2111 et
2925 2055 3166 2110 interitui
3190 2056 3424 2110 obnoxia

1853 2148 2133 2202 hominum
2166 2158 2398 2212 natura,
2430 2164 2566 2218 pura
2598 2156 2651 2203 et
2679 2148 2749 2202 ab
2778 2148 2997 2201 interitu
3018 2148 3193 2202 aliena
3226 2147 3427 2215 Unige-

1850 2239 1948 2293 niti
1971 2238 2249 2294 divinitas.
2271 2238 2348 2293 Ex
2370 2241 2515 2302 omni
2535 2248 2713 2294 autem
2736 2239 2971 2294 humana
2990 2248 3204 2303 natura,
3224 2242 3310 2295 cui
3331 2241 3427 2294 ad-

1850 2328 2012 2383 mista
2052 2329 2155 2383 fuit
2186 2329 2466 2393 divinitas,
2494 2331 2659 2385 veluti
2686 2331 2938 2401 primitiae
2968 2330 3274 2387 communis
3293 2346 3427 2386 con-

1849 2418 2150 2488 spersionis
2179 2420 2225 2472 is
2256 2419 2348 2488 qui
2376 2420 2431 2472 in
2454 2419 2677 2473 Christo
2706 2426 2790 2473 est
2827 2418 2990 2472 homo
3024 2419 3294 2483 constitit,
3328 2434 3428 2489 per

1847 2522 2013 2579 quem
2063 2509 2337 2564 divinitati
2374 2509 2628 2563 universa
2665 2508 2865 2563 adnata
2920 2516 2972 2563 et
3010 2508 3266 2577 adjuncta
3320 2509 3426 2563 fuit

1847 2599 2184 2654 humanitas.
2210 2598 2478 2665 Quoniam
2509 2614 2639 2670 ergo
2658 2600 2710 2652 in
2730 2599 2823 2652 illo
2854 2598 3027 2654 deleta
3049 2600 3149 2653 fuit
3171 2601 3426 2657 universa

1846 2700 2043 2744 natura
2058 2690 2307 2758 vitii,qui
2334 2700 2615 2759 peccatum
2653 2705 2759 2743 non
2790 2691 2935 2754 fecit,
2968 2691 3112 2745 sicut
3140 2692 3270 2746 dicit
3300 2708 3427 2762 pro-

1845 2780 2029 2850 pheta,
2053 2781 2162 2832 Nec
2182 2780 2419 2832 inventus
2435 2790 2511 2832 est
2530 2778 2753 2832 dolusin
2773 2795 2862 2832 ore
2889 2780 3002 2848 ejus
3031 2780 3096 2845 ‘°,
3139 2780 3301 2835 simul
3326 2796 3425 2836 au-

1846 2880 1952 2926 tem
1976 2887 2099 2926 cum
2130 2878 2353 2941 peccato
2389 2871 2563 2925 deleta
2591 2886 2809 2941 quoque
2838 2870 2936 2925 fuit
2973 2888 3095 2942 qua:
3122 2888 3190 2927 ex
3218 2888 3285 2928 eo
3301 2883 3424 2928 erat

1843 2969 1897 3017 et
1932 2961 2109 3031 ipsum
2143 2962 2477 3032 sequebatur
2531 2979 2679 3019 mors
2727 2968 2859 3031 (non
2898 2973 2979 3019 est
3030 2966 3176 3019 enim
3227 2968 3428 3022 mortis

1842 3055 1947 3109 alia
1978 3055 2255 3123 generatio
2283 3070 2445 3124 quam
2475 3055 2776 3125 peccatum)
2804 3072 2819 3108 :
2851 3056 2918 3109 ab
2964 3056 3058 3109 illo
3081 3058 3293 3128 accepit
3319 3059 3429 3112 ini-

1841 3146 1976 3200 tium
2016 3155 2069 3202 et
2102 3146 2215 3200 vitii
2237 3146 2455 3205 deletio.
2491 3154 2545 3201 et
2576 3147 2767 3201 mortis
2798 3147 3107 3213 dissolutio,
3138 3147 3334 3202 deinde
3357 3150 3407 3204 ei

1844 3238 1988 3307 quod
2039 3238 2218 3299 ﬂebat,
2262 3253 2358 3308 per
2406 3237 2696 3307 quamdam
2737 3240 3224 3308 consequentiam,
3258 3241 3422 3296 veluti
3505 3272 3511 3281 -

152 3342 308 3391 τινος
340 3329 660 3394 ἀκολουθίας
684 3331 763 3403 τῷ
788 3334 1078 3405 γινομένῳ.
1119 3337 1192 3389 Τὸ
1214 3337 1323 3409 γὰρ
1350 3338 1437 3392 ἀεὶ
1477 3341 1619 3395 κατὰ
1643 3342 1743 3414 τὴν

1845 3330 2063 3399 quidam
2081 3329 2213 3384 ordo
2232 3328 2332 3382 l‘uit
2350 3328 2785 3397 adjectus.Quod
2801 3330 2943 3384 enim
2971 3345 3068 3399 per
3087 3331 3211 3385 boni
3234 3331 3425 3387 decre-

152 3418 254 3473 τοῦ
284 3419 492 3487 ἀγαθοῦ
513 3420 779 3475 ὑπόϐασιν
800 3423 1000 3494 μᾶλλον
1028 3426 1277 3494 ἀφεστὼς
1302 3427 1397 3481 τοῦ
1421 3428 1661 3500 πρώτου,
1697 3432 1731 3503 ἢ

154 3511 591 3583 προσεχέστερον
634 3514 1044 3584 εὑρισκόμενον,
1086 3516 1234 3580 ὅπως
1264 3518 1331 3572 ἂν
1378 3520 1536 3587 ἀξίας
1558 3538 1619 3575 τε
1650 3524 1745 3577 καὶ

153 3601 447 3670 δυνάμεως
466 3603 693 3657 ἕκαστον
714 3602 833 3675 ἔχῃ,
857 3604 1029 3668 οὕτως
1053 3606 1406 3662 ἐπακολουθεῖ
1424 3611 1741 3680 προάγοντι.

157 3692 331 3744 Ὥστε
366 3693 504 3761 μετὰ
528 3692 622 3746 τὸν
655 3694 714 3746 ὲν
743 3693 822 3764 τῷ
858 3695 1080 3767 Χριστῷ
1102 3696 1407 3768 ἄνθρωπον,
1446 3700 1505 3763 ὃς
1527 3702 1745 3769 ἐγένετο

154 3783 387 3855 ἀπαρχὴ
414 3784 514 3855 τῆς
559 3784 773 3854 φύσεως
818 3786 980 3857 ἡμῶν
1019 3787 1312 3858 δεξάμενος
1340 3793 1397 3843 ὲν
1439 3792 1617 3863 ἑαυτῷ
1642 3794 1742 3864 τὴν

155 3873 416 3944 θεότητα,
449 3875 509 3939 ὃς
537 3876 630 3929 καὶ
661 3877 886 3947 ἀπαρχὴ
917 3876 1026 3931 τῶν
1057 3879 1472 3949 κεκοιμημένων
1504 3882 1739 3950 ἐγένετο,

1845 3432 2085 3477 mentum
2120 3438 2337 3491 semper
2360 3421 2575 3490 longius
2599 3421 2831 3476 recessit
2854 3436 2886 3475 a
2920 3421 3118 3493 prium,
3154 3431 3247 3476 aut
3274 3423 3421 3494 quod

1842 3515 2152 3569 invenimus
2199 3513 2606 3583 propinquius,
2642 3520 2805 3582 prout
2852 3520 2938 3567 est
2988 3513 3423 3583 uniuscujusque

1842 3607 2079 3677 dignitas
2110 3617 2165 3662 et
2191 3614 2455 3676 potestas,
2485 3606 2558 3659 ita
2592 3605 2840 3675 sequitur
2878 3604 2929 3658 id
2967 3605 3112 3675 quod
3141 3605 3419 3675 praecedit.

1843 3695 2207 3762 Quamobrem
2235 3705 2358 3765 post
2385 3711 2509 3750 eum
2540 3694 2634 3766 qui
2664 3703 2749 3751 est
2778 3695 2832 3748 in
2862 3692 3084 3749 Christo
3122 3694 3420 3758 hominem,

1842 3786 1936 3855 qui
1965 3784 2071 3840 fuit
2094 3786 2350 3856 primitiae
2384 3795 2585 3840 nostra:
2613 3792 2845 3849 naturae,
2874 3794 3131 3855 suscepta
3158 3785 3213 3839 in
3253 3801 3311 3839 se
3335 3785 3421 3839 di-

1843 3877 2087 3942 vinitate,
2117 3877 2210 3947 qui
2242 3874 2529 3931 fuitetiam
2559 3877 2817 3946 primitiae
2839 3892 3029 3932 eorum
3060 3878 3152 3948 qui
3183 3879 3423 3935 dormie-

154 3965 256 4018 καὶ
296 3966 640 4035 πρωτότοκος
671 3969 736 4021 ἐκ
783 3967 892 4020 τῶν
942 3968 1175 4039 νεκρῶν,
1208 3968 1376 4033 λύσας
1402 3970 1503 4035 τὰς
1544 3972 1743 4038 ὠδῖνας

1845 3977 1994 4033 runt,
2031 3976 2086 4022 et
2137 3967 2539 4038 primogenitus
2584 3983 2653 4021 ex
2703 3967 2959 4029 mortuis.
2991 3968 3188 4024 solutis
3229 3970 3425 4024 mortis

153 4057 255 4111 τοῦ
288 4057 520 4113 θανάτου
539 4075 553 4090 ⁸
592 4060 732 4131 μετά
757 4059 946 4113 τοῦτον
986 4061 1167 4114 τοίνυν
1199 4062 1290 4115 τὸν
1316 4061 1619 4133 ἄνθρωπον,
1647 4065 1744 4119 τὸν

1845 4057 2157 4123 doloribus;
2189 4067 2309 4126 post
2344 4058 2489 4112 hunc
2516 4072 2646 4127 ergo
2678 4057 2951 4112 hominem
2982 4058 3072 4127 qui
3104 4059 3205 4112 fuit
3232 4075 3261 4112 a
3288 4074 3418 4130 pec-

155 4148 395 4201 καθόλου
424 4150 523 4219 τῆς
565 4151 840 4221 ἁμαρτίας
878 4154 1299 4225 κεχωρισμένον,
1336 4154 1430 4208 καὶ
1461 4157 1742 4229 καταργή-

1845 4158 1966 4204 cato
2019 4150 2244 4203 omnino
2298 4157 2607 4219 separatus,
2632 4156 2687 4204 et
2730 4150 2839 4203 vim
2876 4149 3073 4203 mortis
3109 4150 3162 4202 in
3203 4165 3261 4205 se
3295 4151 3420 4221 ipso

157 4258 335 4294 σαντα
367 4244 424 4294 ὲν
456 4242 633 4312 ἑαυτῷ
679 4244 774 4297 τοῦ
812 4244 1045 4301 θανάτου
1070 4245 1131 4298 τὸ
1169 4246 1390 4316 κράτος.
1422 4249 1519 4300 καὶ
1561 4250 1741 4301 πᾶσαν

1845 4240 2133 4303 destruxit,
2176 4249 2233 4296 et
2268 4255 2429 4297 omne
2466 4242 2587 4311 ejus
2634 4242 2925 4311 imperium
2974 4242 3194 4312 vimque
3228 4253 3276 4298 et
3313 4260 3414 4314 po-

153 4331 330 4385 αὑτοῦ
364 4331 538 4403 ἀρχήν
571 4350 630 4386 τε
673 4335 765 4387 καὶ
812 4335 1061 4399 ἐξουσίαν
1091 4335 1186 4388 καὶ
1230 4335 1453 4405 δύναμιν
1501 4336 1739 4389 καταλύ-

1845 4340 2091 4388 testatem
2126 4332 2285 4402 fregit
2306 4340 2362 4386 et
2391 4334 2669 4397 abolevit,
2700 4332 2748 4387 si
2775 4332 2901 4401 quis
2948 4332 3204 4389 inventus
3254 4334 3424 4389 fuerit

154 4440 334 4477 σαντα
356 4464 370 4488 ,
407 4425 459 4477 εἴ
481 4442 564 4489 τις
617 4427 760 4481 κατά
789 4426 884 4479 τὸν
909 4427 1120 4482 Παῦλον
1165 4427 1412 4501 εὑρεθείη
1450 4427 1542 4481 τὸν
1568 4428 1644 4490 ὡς
1670 4424 1740 4499 ἦν

1845 4426 1986 4480 sicut
2034 4424 2235 4480 Paulus
2259 4464 2275 4488 ,
2306 4427 2398 4495 qui
2433 4425 2657 4485 Christi,
2690 4426 2871 4496 quoad
2901 4424 3021 4495 ejus
3062 4426 3177 4481 ﬁeri
3216 4429 3420 4498 potuit,

150 4516 385 4568 δυνατὸν
420 4516 666 4587 μιμητὴν
713 4515 809 4569 τοῦ
848 4518 1087 4588 Χριστοῦ
1139 4519 1430 4589 γενόμενον
1462 4522 1520 4572 ὲν
1547 4522 1616 4589 τῇ
1645 4520 1739 4573 τοῦ

1845 4514 1945 4569 fuit
1979 4516 2241 4580 imitator,
2268 4532 2298 4569 a
2333 4517 2476 4571 malo
2498 4532 2558 4572 se
2587 4516 2967 4580 abalienando,
3013 4516 3060 4571 is
3092 4518 3149 4572 in
3175 4528 3422 4589 tempore

153 4605 333 4659 κακοῦ
382 4607 753 4677 ἀλλοτριώσει,
802 4610 831 4661 6
878 4609 1117 4672 τοιοῦτος
1156 4613 1224 4681 τῇ
1254 4611 1476 4681 ἀπαρχῇ
1509 4612 1739 4665 κατόπιν

1845 4605 2112 4660 adventus
2152 4620 2295 4674 pone
2335 4614 2597 4675 sequetur
2630 4606 2918 4675 primitias.
2965 4605 3030 4658 Et
3071 4622 3289 4671 rursus,
3314 4608 3418 4662 hoc

154 4698 515 4768 ἀκολουθήσει
544 4701 601 4750 ὲν
624 4698 703 4769 τῷ
729 4699 829 4768 τῆς
858 4700 1161 4769 παρουσίας
1188 4700 1383 4772 καιρῷ.
1415 4702 1523 4754 Καὶ
1555 4702 1738 4766 πάλιν,

1845 4697 1967 4751 dico
1999 4698 2233 4767 exempli
2264 4712 2453 4761 causa,
2487 4696 2831 4755 Timotheus.
2859 4698 2974 4766 qui.
2999 4710 3265 4768 quantmn
3318 4715 3412 4768 po-

151 4792 321 4846 τοῦτο
350 4790 494 4859 λέγω
525 4791 583 4843 δὲ
630 4792 751 4845 καθ’
784 4792 1062 4856 ὑπόθεσιν,
1105 4795 1136 4847 6
1163 4794 1425 4865 Τιμόθεος
1445 4836 1462 4860 ,
1493 4795 1563 4848 ἂν
1596 4794 1740 4849 οὓτω

1845 4791 1966 4854 ιιιίι,
1999 4789 2274 4843 doctorem
2303 4805 2462 4844 suum
2489 4798 2575 4843 est
2616 4790 2879 4852 imitatus,
2922 4800 3016 4843 aut
3049 4791 3248 4859 aliquis
3272 4792 3419 4847 alius

148 4882 320 4953 τύχῃ,
353 4884 382 4935 ό
412 4883 595 4945 καθὼς
616 4878 726 4947 οἷός
753 4901 813 4937 τε
844 4880 913 4954 ἦν
946 4885 1326 4956 μιμησάμενος
1356 4888 1414 4940 ὲν
1436 4887 1613 4958 ἐαυτῷ
1648 4887 1740 4941 τὸν

149 4971 501 5035 διδάσκαλον,
528 4973 562 5043 ἡ
584 4990 667 5035 τις
691 4973 929 5037 τοιοῦτος
956 4974 1163 5045 ἕτερος,
1188 4976 1281 5029 καὶ
1306 4974 1449 5029 οὕτω
1476 4976 1738 5047 καθεξῆς,

148 5070 270 5120 ὅσοι
301 5064 388 5118 διὰ
418 5066 516 5134 τῆς
541 5065 660 5118 κατ’
684 5064 861 5133 ὀλίγον
889 5065 983 5119 τοῦ
1012 5065 1220 5134 ἀγαθοῦ
1250 5067 1493 5135 ὑφέσεως
1518 5068 1625 5121 τῶν
1648 5070 1738 5122 ἀεὶ

152 5153 653 5224 προλαμωνόντων
704 5156 936 5208 κατόπιν
986 5156 1351 5227 εὑρίσκονται,
1386 5157 1491 5221 ἕως
1541 5158 1608 5211 ἂν
1658 5159 1738 5221 είς

148 5245 400 5306 ἐκείνους
423 5246 459 5314 ἡ
479 5244 769 5298 ἀκολουθία
793 5244 899 5299 τῶν
926 5247 1205 5316 ἑπομένων
1228 5247 1429 5318 φθάσῃ,
1459 5251 1516 5301 ἐν
1536 5245 1617 5311 οἷς
1639 5248 1734 5302 τοῦ

150 5335 330 5390 κακοῦ
365 5334 751 5399 πλεονάζοντος
785 5336 1019 5389 ἐλάττων
1050 5340 1082 5408 ἡ
1115 5339 1208 5390 τοῦ
1259 5340 1564 5409 κρείττονος
1588 5340 1738 5411 εὑρί-

151 5444 347 5481 σκεται
384 5430 549 5499 μοῖρα
568 5446 581 5460 ’
616 5428 759 5483 κατά
786 5430 883 5502 τὴν
923 5430 1092 5503 αὐτὴν
1124 5431 1414 5499 ἀναλογίαν
1444 5431 1594 5503 παρὰ
1625 5433 1733 5484 τῶν

149 5523 215 5572 ὲν
244 5518 414 5589 κακίᾳ
437 5519 498 5571 τὸ
523 5518 740 5574 ἔλαττον
770 5522 1000 5591 ἐχόντων
1026 5524 1126 5593 τῆς
1146 5521 1464 5587 ἀκολουθίας
1492 5524 1584 5576 ὲπὶ
1605 5525 1732 5585 τοὺς

147 5610 483 5683 προέχοντας
507 5611 565 5663 ὲν
588 5610 667 5681 τῷ
693 5612 849 5684 κακῷ
877 5613 975 5684 τὴν
1000 5612 1152 5680 τάξιν
1176 5613 1283 5668 τῶν
1307 5613 1441 5685 πρὸς
1464 5614 1524 5667 τὸ
1552 5616 1737 5682 κρεῖτ-

230 5726 273 5755 ⁸⁰
315 5724 421 5778 lsa.
463 5738 580 5789 Lm,
621 5724 673 5778 9.

1838 4881 2130 4948 ejusmodi.
2161 4888 2216 4934 et
2245 4879 2328 4935 sic
2353 4881 2609 4949 deinceps
2637 4882 2950 4951 quicunque
2992 4882 3121 4936 dum
3154 4884 3415 4952 paulatim

1837 4972 1964 5026 boni
1994 4970 2246 5026 remissio
2263 4978 2317 5025 et
2340 4970 2631 5024 diminutio
2667 4971 2743 5032 lit,
2769 4972 3121 5026 inveniuntur
3143 4988 3239 5028 eos
3270 4989 3414 5043 pone

1837 5061 2126 5131 sequi,qui
2156 5075 2374 5130 semper
2403 5070 2789 5129 praeoccupant
2809 5070 2863 5115 et
2885 5063 3218 5131 praecedunt,
3239 5064 3413 5117 donec

1838 5150 2287 5219 subsequentinm
2317 5150 2489 5204 series
2521 5150 2587 5203 ad
2624 5150 2745 5205 illos
2769 5156 3098 5220 pervenerit,
3121 5152 3175 5205 in
3207 5153 3409 5223 quibus

1838 5243 1982 5298 malo
2028 5241 2339 5296 abundante
2394 5241 2669 5295 invenitur
2722 5243 2899 5295 minor
2934 5257 3060 5311 pars
3103 5243 3224 5311 ejus
3261 5245 3404 5312 quod

1836 5345 1923 5390 est
1946 5336 2173 5402 melius;
2208 5334 2401 5390 eadem
2448 5334 2802 5406 proportione
2832 5350 2895 5389 ac
2926 5335 3306 5389 convenientia
3339 5336 3408 5390 ab

1837 5428 1904 5482 iis.
1934 5426 2027 5497 qui
2063 5427 2119 5481 in
2144 5427 2283 5481 vitio
2323 5426 2506 5482 minus
2545 5426 2768 5489 habent,
2786 5424 3285 5494 consequentia,ad
3312 5439 3408 5479 eos

1842 5516 1935 5585 qui
1969 5515 2024 5570 in
2040 5515 2183 5569 malo
2215 5515 2534 5585 praecellunt
2558 5514 3054 5573 facionteordinem
3076 5528 3286 5576 eorum,
3310 5514 3404 5584 qni

1839 5609 1894 5663 in
1937 5607 2131 5665 melius
2180 5607 2529 5680 rediguntur,
2557 5608 2730 5665 donec
2781 5608 2847 5663 ad
2897 5596 3198 5664 extremum
3240 5610 3408 5662 linem
