3838 6220
427 295 568 351 1315

1853 291 2077 346 APPEN
2087 290 2220 348 ΟΠ.

3556 293 3696 351 1316

426 409 576 474 mali,
616 407 745 462 boni
769 422 1092 477 progressus
1116 405 1308 460 vitium
1357 407 1625 462 abolendo
1667 407 1994 476 pervenerit.

2109 422 2202 457 τον
2233 403 2573 457 ἀναλυόντιυν
2605 404 2882 476 ποιούσης,
2919 405 3023 469 ἓως
3063 406 3130 460 ἂν
3181 406 3271 458 ὲπί
3299 405 3360 459 τὸ
3391 407 3696 477 ἀκρότατον

426 500 582 567 Quod
606 499 827 570 quidem
859 509 943 553 est
979 500 1096 568 spei
1130 498 1275 563 ﬁnis,
1298 509 1356 552 ut
1386 500 1529 554 bono
1553 499 1684 554 nihil
1717 497 1996 566 relinqua-

427 598 517 645 tur
543 590 906 652 contrarium,
943 589 1038 643 sed
1071 590 1256 643 omnia
1285 605 1570 659 permeans
1599 589 1780 643 divina
1803 587 1998 649 virtus,

426 699 490 737 ex
529 682 693 736 rebus
729 682 954 736 omnino
989 690 1216 736 mortem
1271 681 1472 741 deleat,
1509 687 1637 734 ante
1688 694 1807 733 eam
1848 677 2001 746 prius

427 773 643 827 sublato
675 781 926 842 peccato,
967 786 996 824 a
1031 786 1162 841 quo.
1195 771 1338 826 sicut
1377 771 1584 825 dictum
1631 776 1734 834 est,
1773 782 1999 837 regnum

425 865 618 919 habuit
647 879 795 919 mors
823 862 878 917 in
909 863 1179 918 homines.
1208 862 1366 916 Omni
1395 877 1526 932 ergo
1556 865 1700 914 mala
1731 865 2004 930 potestate

425 965 479 1013 et
501 957 806 1028 principatu
839 957 893 1010 in
925 957 1085 1010 nobis
1119 954 1406 1016 dissoluto,
1439 969 1539 1008 nec
1569 953 1680 1006 ulla
1716 950 2004 1005 aﬂ'ectione

426 1061 632 1104 natura:
666 1057 869 1103 nostra:
895 1049 1128 1118 amplius
1157 1047 1495 1108 dominante,
1519 1043 1744 1098 omnino
1779 1057 2003 1096 necesse

425 1151 528 1202 est,
562 1149 622 1194 ut
650 1142 798 1194 nullo
836 1141 942 1193 alio
974 1141 1309 1193 dominatum
1348 1145 1585 1196 tenente,
1621 1133 1806 1188 omnia
1833 1131 2005 1200 subji-

425 1232 640 1284 riantur
667 1231 715 1284 ei
753 1230 1006 1300 potestati
1035 1244 1156 1298 quae
1182 1227 1439 1282 omnibus
1484 1227 1734 1294 imperat.
1771 1221 1865 1276 Dei
1901 1237 2003 1274 au-

424 1329 532 1375 tem
556 1321 828 1390 subjectio
859 1329 944 1375 est
971 1320 1212 1389 perfecta
1239 1319 1457 1373 etomni
1480 1332 1543 1372 ex
1573 1323 1728 1384 parte
1753 1312 2004 1368 absoluta

425 1427 452 1464 a
487 1411 628 1463 malo
681 1396 1031 1464 abalienatio.
1067 1407 1297 1474 Quando
1349 1421 1482 1476 ergo
1525 1405 1699 1458 instar
1748 1400 2006 1470 primitia-

424 1516 544 1552 rum
581 1515 773 1553 onmes
822 1500 1016 1554 seruoli
1056 1497 1322 1551 fuerimus
1354 1512 1382 1548 a
1415 1496 1576 1557 vitio,
1605 1501 1734 1545 tunc
1767 1497 1879 1543 tota
1910 1504 2007 1541 na-

425 1601 560 1646 Iura:
597 1591 916 1660 conspersio
942 1591 1228 1644 con‘imista
1261 1602 1383 1640 cum
1419 1585 1699 1655 primitiis,
1728 1591 1781 1635 et
1813 1580 2005 1635 effecta

425 1700 594 1738 unum
619 1683 939 1737 continuum
972 1697 1194 1750 corpus.
1228 1680 1350 1733 boni
1378 1688 1587 1732 tantum
1621 1676 1675 1729 in
1725 1689 1785 1728 se
1834 1671 2007 1727 susci-

2102 495 2194 548 τοῦ
2226 495 2396 548 κακοῦ
2429 495 2603 566 πέρας
2639 497 2674 566 ἡ
2711 496 2804 549 τοῦ
2841 496 3047 566 ἀγαθοῦ
3091 496 3315 566 πρόοδος
3351 497 3555 570 φθάσῃ,
3593 500 3694 571 τὴν

2101 587 2300 639 κακίαν
2345 585 2760 656 ἐξαφανίζουσα.
2790 589 2968 660 Ὅπερ
3009 588 3072 659 δὴ
3119 589 3274 651 τέλος
3323 589 3424 659 τῆς
3472 591 3697 654 ἐλπίδος

2102 679 2271 742 ἐστὶν,
2307 677 2382 741 ὡς
2415 678 2579 748 μηδὲν
2600 679 2916 733 ὑπεναντίον
2937 679 3044 734 τῶν
3073 680 3294 748 ἀγαθῶν
3325 681 3688 752 περιλειφθῆ-

2103 786 2212 831 ναι,
2249 769 2384 822 ἀλλὰ
2419 769 2506 824 διὰ
2538 771 2754 825 πάντων
2794 772 2892 843 τὴν
2923 772 3072 825 θείαν
3110 771 3255 843 ζωὴν
3285 773 3692 838 διεξελθοῦσαν,

2103 858 2423 928 ἐξαφανίσαι
2453 861 2679 916 καθόλου
2712 865 2778 916 ἐκ
2810 864 2916 916 τῶν
2950 864 3116 916 ὄντων
3155 863 3246 917 τὸν
3275 863 3522 927 θάνατον,
3555 881 3696 934 προ-

2104 950 2482 1022 αναιρεθείσης
2538 953 2702 1006 αὑτοῦ
2756 955 2853 1023 τῆς
2904 955 3196 1026 ἁμαρτίας,
3237 955 3329 1023 ἀφ’
3377 951 3464 1026 ἧς,
3499 955 3696 1018 καθὼς

2104 1043 2337 1114 εἴρηται,
2364 1045 2462 1114 τὴν
2489 1044 2762 1114 βασιλείαν
2787 1046 2928 1099 κατὰ
2947 1047 3056 1100 τῶν
3072 1045 3372 1116 ἀνθρώπων
3399 1048 3427 1098 ὁ
3457 1046 3694 1109 θάνατος

2105 1133 2280 1204 ἔσχεν.
2317 1136 2503 1206 Πάσης
2540 1139 2718 1190 τοίνυν
2748 1140 2990 1207 πονηρᾶς
3023 1138 3267 1204 ἐξουσίας
3306 1154 3364 1189 τε
3392 1138 3484 1190 καὶ
3509 1137 3696 1207 ἀρχῆς

2107 1225 2165 1276 ὲν
2196 1227 2326 1296 ἡμῖν
2373 1212 2789 1298 καταλυθείσης,
2827 1229 2920 1282 καὶ
2966 1230 3163 1300 μηκέτι
3212 1229 3435 1299 μηδενὸς
3479 1229 3695 1290 πάθους

2103 1317 2204 1387 τῆς
2239 1319 2451 1386 φύσεως
2475 1322 2506 1390 ἡ
2515 1320 2629 1390 μῶν
2652 1322 3016 1392 κυριεύοντος,
3045 1321 3258 1390 ἀνάγκη
3282 1323 3429 1374 πᾶσα
3463 1321 3698 1391 μηδενὸς

2107 1406 2582 1476 κατακρατοῦντος
2620 1410 2829 1478 ἑτέρου,
2875 1411 3055 1463 πάντα
3101 1411 3438 1479 ὑποταγῆναι
3484 1412 3552 1479 τῇ
3591 1412 3694 1462 ἐπὶ

2108 1495 2326 1548 πάντων
2353 1499 2529 1567 ἄρχει.
2563 1500 2695 1552 Θεοῦ
2741 1500 2796 1552 δὲ
2840 1501 3085 1571 ὑποταγή
3126 1505 3272 1554 ἐστιν
3329 1505 3360 1570 ἡ
3417 1502 3698 1569 παντελὴς

2107 1583 2200 1637 τοῦ
2237 1586 2406 1638 κακοῦ
2439 1587 2810 1659 ἀλλοτρίωσις.
2843 1591 3010 1644 Ὅταν
3043 1587 3134 1644 οὖν
3161 1593 3301 1645 κατὰ
3339 1593 3570 1662 μίμησιν
3595 1594 3695 1662 τῆς

2111 1677 2366 1746 άπαρχῆς
2397 1678 2503 1743 ἔξω
2531 1681 2622 1732 τοῦ
2655 1682 2824 1736 κακοῦ
2856 1685 3057 1746 πάντες
3089 1684 3396 1755 γενώμεθα,
3418 1687 3541 1738 τότε
3571 1686 3699 1739 ὅλον

425 1778 535 1846 piet
595 1775 1001 1844 principatum;
1038 1784 1091 1826 et
1119 1773 1199 1825 sic
1238 1771 1491 1825 universo
1533 1782 1764 1836 corpore
1804 1773 2001 1818 nostrae

2110 1767 2170 1819 τὸ
2193 1769 2405 1836 φύσεως
2430 1774 2493 1840 τῇ
2519 1773 2737 1844 ἁπαρχῇ
2765 1775 3088 1844 συμμιχθὲν,
3119 1777 3211 1830 καὶ
3231 1753 3288 1829 ἓν
3315 1777 3456 1829 κατὰ
3475 1776 3535 1828 τὸ
3563 1795 3700 1830 συν-

425 1879 634 1923 nnturaa
695 1875 1102 1936 contemperato
1155 1881 1276 1918 cum
1319 1863 1502 1916 divina
1558 1868 1613 1915 et
1661 1859 1731 1913 ab
1782 1855 2002 1910 interitu

425 1962 600 2014 aliena
654 1969 872 2016 natura.
901 1959 990 2011 illa
1041 1955 1162 2008 Filii
1212 1971 1332 2024 qum
1381 1953 1586 2007 dicitur
1629 1948 1900 2019 subjectio
1945 1945 2005 1998 ﬁt

425 2069 521 2123 per
566 2069 687 2114 nos,
733 2066 857 2106 cum
890 2066 1010 2120 quae
1062 2050 1115 2102 in
1149 2047 1270 2117 ejus
1323 2061 1553 2115 corpore
1591 2051 1738 2097 recte
1779 2055 1838 2095 se
1869 2037 2008 2107 gerit

425 2145 718 2215 subjectio,
755 2143 821 2198 ad
842 2158 966 2198 eum
1002 2140 1292 2205 referatur,
1323 2138 1415 2209 qui
1448 2135 1678 2208 gratiam
1711 2128 2009 2200 subjectio—

425 2238 512 2291 nis
553 2238 605 2290 in
639 2235 797 2290 nobis
825 2243 910 2289 est
935 2242 1214 2304 operatus.

2109 1858 2227 1927 εχὲς
2273 1860 2429 1929 σῶμα
2469 1863 2787 1931 γενόμενον,
2842 1865 2935 1917 τοῦ
2985 1865 3189 1934 ἀγαθοῦ
3228 1866 3387 1936 μόνου
3430 1867 3528 1937 τὴν
3558 1868 3697 1936 ήγεο

2115 1949 2304 2018 μονίαν
2335 1952 2418 2020 ἐφ’
2449 1954 2642 2006 ἑαυτοῦ
2666 1954 2872 2018 δέξεται
2891 1972 2904 1986 ο
2943 1958 3037 2010 καὶ
3065 1955 3208 2010 οὕτω
3238 1957 3438 2019 παντὸς
3463 1956 3560 2010 τοῦ
3595 1956 3700 2026 τῆς

2114 2040 2328 2108 φύσεως
2358 2045 2388 2113 ἡ
2401 2044 2515 2113 μῶν
2551 2046 2800 2116 σώματος
2832 2049 2968 2118 πρὸς
3003 2049 3101 2120 τὴν
3139 2049 3288 2103 θείαν
3321 2065 3380 2100 τε
3425 2049 3520 2100 καὶ
3554 2049 3699 2118 ἀκή-

2120 2147 2280 2200 ρατον
2313 2133 2472 2200 φύσιν
2518 2137 2933 2207 άνακραθέντος,
2971 2139 3153 2210 ἐκείνη
3185 2141 3218 2212 ἡ
3262 2140 3356 2192 τοῦ
3388 2138 3516 2192 Υἱοῦ
3541 2138 3701 2205 λεγο-

2117 2221 2254 2292 μένη
2288 2225 2533 2297 ὑποταγὴ
2583 2227 2651 2280 δι’
2683 2228 2840 2299 ἡμῶν
2883 2229 3114 2298 γίνεται,
3155 2231 3252 2301 τῆς,
3280 2233 3339 2283 ὲν
3370 2231 3448 2301 τῷ
3479 2229 3698 2300 σώματι

426 2327 587 2382 αὑτοῦ
623 2326 1056 2397 κατορθωθείσης
1095 2324 1372 2392 ὑποταγῆς
1415 2321 1492 2382 είς
1527 2316 1688 2372 αὑτὸν
1731 2307 2167 2382 ἀναφερομένης,
2202 2315 2293 2368 τὸν
2317 2317 2376 2370 ἐν
2403 2321 2533 2390 ἡμῖν
2561 2320 2660 2392 τὴν
2726 2322 2884 2393 χάριν
2954 2323 3053 2394 τῆς
3121 2324 3402 2392 ὑποταγῆς
3464 2322 3699 2392 ἐνεργή-

427 2436 614 2473 σαντα.

499 2513 596 2566 llic
643 2520 726 2567 est
778 2527 906 2581 ergo
961 2526 1156 2566 sensus
1205 2505 1478 2578 dogmatis
1507 2522 1534 2557 ιι
1581 2516 1778 2574 magno
1832 2496 2003 2551 Paulo

424 2605 637 2666 traditi,
674 2614 731 2657 ut
782 2620 884 2658 nos
937 2602 1338 2658 existimamus.
1391 2597 1630 2666 Tempus
1683 2602 1768 2646 est
1822 2599 2002 2644 autem

425 2693 686 2749 afferendi
735 2695 850 2764 ipsa
885 2693 1047 2746 verba
1087 2689 1261 2752 Pauli,
1291 2704 1410 2759 qua:
1466 2689 1546 2743 sic
1577 2686 1778 2739 habent
1807 2701 1819 2736 :
1853 2681 2005 2735 Sicut

423 2788 563 2841 enim
587 2787 641 2840 in
665 2784 833 2839 Adam
864 2800 1040 2838 omnes
1065 2783 1383 2844 moriuntur,
1403 2781 1479 2836 ita
1496 2779 1548 2832 in
1577 2777 1788 2832 Christo
1825 2789 2002 2828 omnes

425 2878 846 2946 viviﬁcabuntur.
905 2873 1271 2944 Unusquisque
1317 2880 1492 2924 autem
1542 2871 1596 2922 in
1646 2883 1741 2922 suo
1794 2864 2002 2920 ordine.

431 2969 692 3023 Primitice
737 2965 1004 3022 Christus.
1059 2964 1258 3019 Deinde
1294 2963 1382 3031 qui
1431 2970 1554 3014 sunt
1583 2957 1785 3014 Christi
1819 2958 1873 3010 in
1901 2954 1970 3009 ad
1983 2984 2001 2995 -

424 3071 578 3115 ventu
605 3059 738 3128 ejus.
772 3057 973 3112 Deinde
1005 3057 1148 3126 ﬁnis,
1179 3071 1298 3108 cum
1333 3051 1612 3106 tradiderit
1651 3066 1867 3120 regnum
1893 3048 2002 3101 Deo

425 3162 475 3207 et
529 3152 705 3216 Patri,
732 3151 941 3222 quando
985 3146 1313 3202 evacuaverit
1358 3159 1564 3198 omnem
1599 3149 1910 3211 potestatem
1950 3147 2003 3192 et

426 3245 691 3298 virtutem.
724 3242 939 3311 Oportet
987 3241 1122 3294 enim
1153 3253 1271 3292 eum
1302 3252 1538 3307 regnare,
1562 3233 1725 3288 donec
1764 3231 2000 3302 posuerit

2194 2495 2255 2547 'H
2291 2498 2388 2566 μὲν
2420 2495 2511 2553 οὖν
2555 2500 2760 2555 διάνοια
2786 2502 2892 2554 τῶν
2941 2501 3045 2554 ὑπὸ
3071 2501 3167 2554 τοῦ
3203 2496 3440 2572 μεγάλου
3474 2504 3695 2557 Παύλου

2109 2585 2598 2656 δογματισθέντων,
2631 2592 2706 2656 ὥς
2743 2611 2806 2662 γε
2847 2593 3243 2663 ὑπειλήφαμεν,
3291 2593 3462 2664 αὕτη·
3500 2597 3695 2666 καιρὰς

2109 2675 2155 2728 δ’
2187 2677 2253 2729 ἂν
2298 2679 2384 2750 εἴη
2425 2681 2518 2733 καὶ
2548 2682 2689 2735 αὑτὰ
2739 2683 3080 2755 παραθέσθαι
3123 2683 3216 2736 τοῦ
3254 2685 3582 2738 Ἀποστόλου
3624 2687 3695 2740 τὰ

2113 2769 2332 2836 ῥήματα
2376 2770 2568 2840 ἔχοντα
2619 2772 2810 2836 οὕτως·
2843 2774 3066 2842 Ὥσπερ
3120 2775 3230 2843 γὰρ
3276 2775 3347 2828 ἐν
3395 2774 3478 2841 τῷ
3516 2777 3696 2848 Ἀδὰμ

2110 2857 2335 2926 πάντες
2361 2861 2876 2931 ἀποθνήσκουσιν,
2906 2865 3093 2931 οὕτως
3118 2866 3213 2919 καὶ
3243 2867 3301 2919 ὲν
3349 2865 3430 2932 τῷ
3455 2869 3694 2937 Χριστῷ

2109 2949 2332 3017 πάντες
2350 2950 2911 3022 ζωοποιηθήσονται.
2945 2957 3247 3022 ’Ἕκαστος
3273 2956 3341 3010 δὲ
3367 2959 3440 3012 ἐν
3457 2959 3542 3024 τῷ
3568 2961 3696 3028 ἰδίῳ

2107 3038 2376 3107 τάγματι.
2426 3042 2692 3112 Ἀπαρχὴ
2731 3047 3005 3113 Χριστός.
3028 3047 3271 3100 Ἔπειτα
3303 3050 3359 3101 οὶ
3405 3047 3518 3102 τοῦ
3548 3051 3691 3117 Χρι-

2109 3132 2262 3185 στοῦ
2288 3133 2358 3185 ἐν
2381 3133 2458 3202 τῇ
2488 3137 2793 3203 παρουσίᾳ
2817 3137 3027 3205 αὐτοῦ.
3054 3134 3199 3191 Εἶτα
3227 3139 3293 3192 τὸ
3321 3138 3521 3206 τέλος,
3549 3141 3695 3196 ὅταν·

2109 3224 2413 3292 παραδιδῷ
2440 3226 2555 3295 τὴν
2575 3229 2905 3292 ,βασιλείαν
2924 3229 3006 3296 τῷ
3031 3229 3154 3296 Θεῷ
3182 3232 3278 3285 καὶ
3309 3233 3519 3300 Πατρὶ,
3549 3234 3696 3287 ὅταν

426 3356 604 3394 omnes
626 3339 865 3393 inimicos
897 3335 992 3390 sub
1022 3333 1236 3404 pedibus
1260 3331 1394 3400 ejus.
1414 3327 1721 3382 Postremus
1753 3327 1997 3380 inimicus

2108 3317 2451 3386 καταργήσῃ
2490 3318 2699 3374 πᾶσαν
2714 3321 2916 3390 ἀρχὴν
2937 3322 3037 3375 καὶ
3063 3322 3355 3387 ἐξουσίαν
3379 3324 3479 3377 καὶ
3515 3324 3692 3378 δύνα-

426 3433 730 3485 destruetur
773 3445 936 3483 mors.
988 3426 1182 3482 Omnia
1219 3424 1357 3478 enim
1405 3420 1625 3489 subjecit
1659 3418 1755 3472 sub
1784 3416 2001 3485 pedibus

426 3521 558 3585 eius.
585 3519 718 3573 Cum
758 3527 932 3570 autem
990 3515 1135 3567 dicat
1171 3525 1305 3583 quoa
1351 3511 1528 3563 omnia
1557 3508 1854 3575 subjecerit,
1890 3507 2002 3560 sine

427 3612 586 3663 dubio
615 3619 806 3678 prwter
838 3622 958 3660 eum
981 3606 1071 3674 qui
1094 3603 1313 3672 subjecit
1332 3603 1380 3655 ei
1421 3601 1620 3653 omnia.
1651 3597 1783 3654 Cum
1827 3599 2002 3650 autem

425 3705 474 3757 ei
523 3700 1021 3771 subjeceritomnia,
1069 3706 1191 3749 tunc
1233 3697 1342 3763 ipse
1381 3709 1584 3763 quoque
1621 3691 1928 3759 subjicietur
1953 3689 2001 3741 ei

425 3794 516 3863 qui
537 3795 584 3847 ei
617 3793 838 3863 subjecit
869 3789 1067 3850 omnia,
1090 3799 1146 3841 ut
1181 3787 1250 3839 sit
1280 3785 1416 3838 Deus
1449 3785 1627 3837 omnia
1656 3783 1710 3835 in
1735 3780 1998 3834 omnibus.

427 3889 626 3954 Aperte
659 3885 802 3937 enim
835 3882 886 3935 in
917 3897 982 3935 eo
1010 3877 1156 3950 quod
1193 3886 1468 3946 postremo
1503 3875 1708 3930 dictum
1734 3882 1838 3937 est,
1869 3873 2002 3942 ipsis

426 3976 610 4029 verbis
646 3975 906 4039 ostendit,
942 3975 1179 4027 futurum
1216 3980 1275 4025 ut
1322 3986 1428 4025 non
1471 3967 1704 4037 amplius
1735 3963 2002 4019 consistat

429 4065 640 4130 vitium,
673 4063 907 4119 dicendo
939 4063 1105 4117 Deum
1135 4079 1255 4117 esse
1289 4063 1342 4115 in
1370 4059 1647 4121 omnibus,
1682 4057 1848 4126 utqui
1880 4056 2025 4108 cui-'

429 4159 563 4213 libe't
597 4159 668 4213 sit
711 4158 916 4212 omnia.
947 4156 1042 4212 Est
1069 4156 1214 4210 enim
1246 4154 1615 4226 perspicuum,
1643 4157 1775 4203 tunc
1810 4162 1998 4202 verum

428 4252 672 4305 futurum
697 4249 843 4320 quod
867 4248 1008 4304 Deus
1037 4250 1106 4304 sit
1148 4248 1204 4302 in
1235 4246 1512 4308 omnibus,
1547 4241 1765 4314 quando
1789 4241 2000 4294 nullum

425 4344 630 4397 malum
666 4342 720 4396 in
746 4341 910 4396 rebus
944 4347 1297 4410 conspectum
1333 4336 1513 4391 fuerit.
1551 4335 1668 4389 Non
1718 4340 1802 4388 est
1855 4333 1997 4385 enim

425 4441 856 4488 consentaneum
892 4439 952 4486 ut
994 4431 1136 4485 Deus
1175 4429 1246 4483 sit
1299 4428 1353 4482 in
1408 4427 1572 4482 malo.
1631 4422 1999 4490 Quamobrem

427 4534 524 4579 aut
551 4540 658 4580 non
686 4528 788 4579 erit
814 4524 866 4577 in
901 4522 1182 4583 omnibus,
1219 4518 1440 4590 quando
1490 4517 1546 4572 in
1579 4516 1747 4571 rebus
1780 4511 2000 4582 aliquod

429 4617 632 4670 malum
665 4615 826 4670 fuerit
859 4613 1128 4682 reliquum
1157 4649 1172 4674 ,
1208 4620 1302 4663 aut
1330 4609 1376 4663 si
1403 4622 1530 4662 vere
1559 4621 1683 4659 eum
1734 4604 1790 4658 in
1823 4601 2000 4657 omni-

427 4710 530 4764 bus
567 4722 690 4763 esse
720 4712 935 4774 oportet
954 4703 1202 4761 credere.
1231 4701 1394 4756 simul
1416 4697 1726 4754 ostenditur
1759 4711 1881 4750 cum
1911 4709 1997 4759 ea,

426 4815 589 4870 quam
620 4798 687 4852 de
723 4798 843 4866 ipso
879 4796 1161 4859 habemus,
1205 4793 1309 4847 lide
1347 4793 1557 4846 nullum
1607 4805 1732 4844 esse
1773 4789 1996 4842 malum.

426 4892 544 4946 Non
581 4898 758 4960 potest
790 4888 933 4942 enim
979 4887 1094 4940 ﬁeri
1127 4894 1184 4939 ut
1213 4884 1358 4940 Deus
1409 4885 1478 4939 sit
1524 4883 1578 4936 in
1621 4882 1784 4934 malo.
1832 4880 1998 4934 Deum

428 4996 608 5036 autem
649 4980 829 5034 omnia
863 4993 985 5034 esse
1012 4977 1079 5030 iis
1108 4990 1229 5046 qua:
1271 4982 1420 5037 sunt,
1452 4971 1694 5027 ostendit
1726 4985 1848 5025 eam
1879 4984 2001 5039 qua:

428 5089 457 5127 a
489 5073 648 5128 nobis
697 5079 969 5140 speratur,
1001 5069 1167 5122 vitam
1208 5083 1330 5122 esse
1378 5065 1678 5134 simplicem
1706 5070 1760 5118 et
1790 5061 2002 5117 unifor-

427 5181 589 5219 mem.
612 5163 766 5229 Quod
801 5162 944 5215 enim
988 5175 1096 5213 non
1139 5157 1372 5226 amplius
1407 5171 1503 5224 per
1541 5155 1708 5208 multa
1744 5161 1799 5207 et
1848 5151 1999 5206 varia

427 5255 602 5311 instar
652 5254 775 5307 vitae
833 5250 1148 5321 praesentis,
1199 5247 1491 5318 quaerenda
1539 5253 1594 5300 et
1633 5244 2000 5312 comparanda

429 5351 499 5404 sit
525 5353 713 5402 nostra
741 5345 874 5406 vita,
907 5344 992 5398 his
1022 5342 1206 5397 verbis
1249 5340 1510 5401 ostendit.
1549 5337 1694 5408 quod
1733 5335 1875 5391 Deus
1903 5350 1999 5388 no-

429 5442 513 5496 bis
541 5441 613 5494 sit
639 5440 842 5502 omnia,
875 5452 996 5506 quae
1021 5435 1150 5489 huic
1183 5435 1308 5487 vitae
1361 5431 1620 5486 videntur
1662 5428 1997 5490 necessaria,

426 5547 550 5586 cum
599 5547 694 5600 per
741 5531 1032 5599 quamdam
1087 5525 1391 5595 analogiam
1445 5537 1509 5577 ac
1556 5519 1993 5576 convenientiam

427 5621 856 5688 unumquodque
886 5625 1134 5673 sumatur
1156 5631 1220 5670 ac
1252 5614 1584 5684 percipiatur
1605 5613 1672 5666 ad
1707 5612 1946 5667 divinius
1981 5653 1993 5664 .

428 5711 562 5764 adeo
595 5717 652 5763 ut
683 5719 734 5763 et
769 5709 908 5763 Deus
951 5709 1021 5762 sit
1051 5709 1206 5761 nobis
1244 5708 1422 5767 cibus,
1477 5713 1533 5757 ut
1576 5704 1742 5758 Deum
1786 5712 1868 5758 est
1909 5719 1997 5758 co-

2097 3424 2226 3475 μιν.
2259 3409 2361 3462 Δεῖ
2389 3411 2500 3478 γὰρ
2535 3413 2722 3466 αὐτὸν
2747 3413 3124 3480 βασιλεύειν,
3161 3414 3270 3481 ἕως
3316 3416 3395 3470 ἂν
3425 3415 3506 3485 θῇ
3552 3417 3692 3484 τοὺς

2102 3499 2355 3567 ἐχθροὺς
2381 3503 2497 3556 ὑπὸ
2523 3502 2666 3568 τοὺς
2687 3504 2878 3571 πόδας
2901 3507 3112 3561 αὐτοῦ.
3149 3508 3447 3575 Ἕσχατος
3474 3510 3690 3577 ἐχθρὸς

2102 3592 2477 3660 καταργεῖται
2510 3597 2544 3647 ὁ
2574 3594 2850 3661 θάνατος.
2873 3597 3079 3651 Πάντα
3104 3599 3215 3667 τὰρ
3235 3600 3546 3664 ὑπέταξεν
3575 3601 3693 3653 ὑπὸ

2101 3682 2243 3746 τοὺς
2273 3681 2464 3748 πόδας
2491 3686 2698 3740 αὐτοῦ.
2731 3688 2917 3741 Ὅταν
2940 3688 3009 3741 δὲ
3041 3689 3183 3756 εἴπῃ
3211 3688 3300 3742 ὅτι
3321 3690 3525 3742 πάντα
3551 3692 3695 3744 ὑπέ-

2102 3774 2302 3840 ταξεν,
2331 3776 2615 3844 δηλονότι
2647 3777 2823 3846 ἐκτὸς
2851 3780 2959 3834 τοῦ
2986 3780 3406 3846 ὑποτάξαντος
3431 3782 3600 3848 αὐτῷ
3625 3784 3695 3837 τὰ

2102 3865 2320 3922 πάντα.
2357 3869 2542 3922 Ὅταν
2587 3870 2656 3924 δὲ
2685 3872 2954 3941 ὑποτάξῃ
3005 3872 3165 3938 αὐτῷ
3196 3875 3268 3928 τὰ
3305 3875 3531 3938 πάντα,
3563 3878 3694 3930 τότε

2102 3955 2201 4008 καὶ
2227 3956 2410 4023 αὐτὸς
2437 3959 2880 4028 ὑποταγήσεται
2918 3961 2999 4026 τῷ
3026 3962 3396 4026 ὑποτάξαντι
3427 3966 3598 4030 αὐτῷ
3625 3967 3696 4020 τὰ

2102 4049 2322 4116 πάντα,
2352 4051 2452 4104 ἵνα
2561 4054 2593 4106 ό
2621 4052 2766 4118 Θεὸς
2807 4053 2877 4107 τὰ
2904 4054 3102 4107 πάντα
3141 4054 3210 4106 ἐν
3253 4052 3466 4110 πᾶσιν.
3499 4058 3694 4126 Σαφιξ

2102 4139 2210 4211 γὰρ
2238 4145 2298 4194 ὲν
2341 4141 2419 4212 τῷ
2456 4141 2749 4212 τελευταίῳ
2779 4142 2888 4195 τῶν
2918 4143 3225 4214 εἰρημένων
3266 4145 3327 4196 τὸ
3355 4146 3456 4216 τῆς
3490 4149 3693 4208 κακίας

2103 4232 2450 4305 ἀνύπαρκτον
2479 4233 2556 4304 τῷ
2607 4233 2753 4304 λόγῳ
2797 4235 3149 4305 παρίστησιν,
3177 4236 3236 4287 ὲν
3281 4235 3360 4306 τῷ
3407 4239 3591 4289 εἰπεῖν
3636 4240 3691 4289 ὲν

2103 4325 2238 4376 πᾶσι
2287 4325 2531 4392 γίνεσθαι
2578 4325 2668 4378 τὸν
2717 4325 2870 4390 Θεὸν,
2914 4326 3091 4379 πάντα
3125 4326 3338 4396 ἑκάστῳ
3377 4328 3686 4398 γινόμενον.

2102 4415 2271 4486 Δῆλον
2304 4416 2412 4488 γὰρ
2435 4418 2518 4470 δτι
2541 4417 2662 4470 τότε
2691 4417 2886 4487 ἀληθὲς
2913 4417 3068 4470 ἔσται
3090 4417 3150 4470 τὸ
3183 4419 3240 4471 ἐν
3276 4419 3414 4471 πᾶσι
3441 4419 3538 4472 τὸν
3561 4421 3688 4472 Θεὸν

2105 4503 2266 4570 εἶναι,
2304 4509 2433 4562 ὅταν
2475 4508 2638 4580 μηδὲν
2669 4509 2839 4563 κακὸν
2886 4509 3218 4580 ὲνθεωρῆται
3257 4513 3374 4573 τοῖς
3404 4506 3583 4564 οὖσιν.
3615 4512 3688 4565 Οὐ

2106 4600 2212 4670 γὰρ
2239 4601 2302 4672 δὴ
2335 4601 2428 4653 καὶ
2470 4604 2529 4654 ὲν
2566 4603 2722 4673 κακῷ
2762 4603 2853 4655 τὸν
2890 4602 3024 4655 Θεὸν
3054 4603 3199 4665 εἰκός
3241 4604 3357 4655 ἐστι
3414 4605 3684 4671 γίνεσθαι.

2107 4690 2268 4742 ’Ὥστε
2296 4691 2328 4760 ἢ
2357 4691 2458 4742 οὑκ
2483 4693 2540 4742 ἐν
2562 4692 2726 4744 πᾶσιν
2752 4689 2927 4753 ἔσται,
2951 4691 3078 4744 ὅταν
3107 4687 3408 4759 ὑπολειφθῇ
3441 4706 3497 4742 τι
3524 4690 3689 4742 κακὸν

2102 4783 2297 4846 ἐντοῖς
2343 4779 2590 4852 οὖσιν·ἢ
2635 4784 2685 4836 εἰ
2719 4783 2933 4853 άληθῶς
2982 4783 3040 4835 ὲν
3074 4779 3208 4835 πᾶσι
3253 4781 3359 4852 χρὴ
3409 4783 3688 4834 πιστεύειν

2103 4874 2264 4926 αὑτὸν
2308 4871 2467 4939 εἶναι,
2499 4874 2562 4927 τὸ
2613 4874 2780 4944 μηδὲν
2825 4874 2994 4928 κακὸν
3031 4868 3168 4926 εἶναι
3199 4875 3266 4943 τῇ
3318 4873 3449 4943 περὶ
3495 4873 3686 4927 τούτου

2106 4964 2288 5017 πίστει
2318 4966 2824 5020 συναποδείκνυται.
2848 4966 2922 5019 Οὑ
2941 4965 3047 5036 γάρ
3067 4967 3182 5017 ἐστι
3202 4963 3429 5017 δυνατὸν
3456 4966 3518 5017 ὲν
3533 4964 3687 5034 κακῷ

2101 5055 2192 5108 τὸν
2221 5056 2353 5110 Θεὸν
2397 5056 2668 5124 γενέσθαι..
2707 5057 2782 5109 Τὸ
2817 5056 2874 5109 δὲ
2918 5057 3096 5110 πάντα
3140 5056 3387 5124 γίνεσθαι
3418 5057 3516 5109 τὸν
3557 5057 3685 5110 Θεὸν

2103 5151 2214 5210 τοῖς
2239 5144 2377 5206 οὖσι.
2415 5148 2476 5201 τὸ
2520 5148 2722 5201 ἁπλοῦν
2752 5147 2846 5201 καὶ
2886 5148 3150 5217 μονοειδὲς
3188 5150 3288 5215 τῆς
3320 5148 3682 5217 ἐλπιζομένης

2105 5240 2234 5309 ἡμῖν
2265 5239 2410 5309 ζωῆς
2441 5239 2807 5293 ὑποδείκνυσι.
2853 5239 2929 5292 Τὸ
2955 5239 3061 5310 γὰρ
3100 5240 3297 5308 μηκέτι
3339 5238 3430 5291 διὰ
3475 5239 3684 5290 πολλῶν

2106 5331 2200 5384 καὶ
2229 5331 2488 5385 ποικίλων
2516 5331 2636 5385 καθ’
2665 5333 2958 5402 ὁμοιότητα
2995 5330 3089 5384 τοῦ
3125 5329 3218 5382 νῦν
3258 5330 3376 5399 βίου
3416 5330 3517 5402 τὴν
3544 5331 3680 5400 ζωὴν

2106 5426 2237 5494 ἡμῖν
2273 5422 2731 5494 συνερανίζεσθαι.
2759 5422 2838 5492 τῷ
2863 5423 3004 5491 λόγῳ
3031 5420 3203 5489 τούτῳ
3233 5421 3590 5492 παρίστησιν,
3625 5420 3681 5472 τί)

2108 5517 2284 5569 πάντα
2329 5516 2458 5584 ἡμῖν
2489 5516 2579 5568 τὸν
2634 5515 2766 5583 Θεὸν
2794 5515 3060 5583 γίνεσθαι,
3108 5517 3207 5568 ὅσα
3242 5518 3310 5585 τῇ
3362 5514 3474 5585 ζωῇ
3512 5514 3678 5584 ταύτῃ

2105 5611 2372 5676 ἀναγκαῖα
2401 5609 2547 5662 δοκεῖ
2587 5608 2676 5661 διά
2712 5625 2857 5672 τινος
2903 5607 3194 5676 ἀναλογίας
3241 5608 3474 5660 ἑκάστου
3515 5622 3676 5676 μετα-

2103 5700 2514 5771 λαμϐανομένου
2551 5699 2685 5771 πρὸς
2727 5700 2786 5754 τὸ
2821 5699 3087 5769 οειότερον
3109 5715 3124 5729 ο
3155 5697 3294 5752 ὥστε
3340 5696 3435 5750 καὶ
3481 5695 3673 5766 βρῶσιν
