3838 6220
184 260 322 318 ιδιι

790 257 859 314 ΙΝ
887 257 1116 324 lLLUD,
1138 257 1328 315 Τί]Νο
1359 258 1512 314 IPSE
1551 258 1788 319 FILIUS
1827 254 2294 324 SUBJICIETUR,
2325 256 2506 323 ETC.,
2546 253 2828 312 ORATIO.

3299 256 3437 312 1518

180 369 323 428 εἶναι
347 373 439 428 τὸν
483 372 615 427 Θεὸν
643 374 794 445 ἡμῖν,
839 374 916 438 ὡς
961 373 1108 437 εἰκὸς
1152 373 1435 446 βρωθῆναι
1479 376 1632 441 Θεὸν,
1665 377 1757 430 καὶ

1864 373 2004 427 medi
2031 381 2477 437 consentaneum,
2501 381 2555 428 et
2587 373 2758 442 potio,
2781 369 3035 426 similiter
3064 377 3118 424 et
3149 368 3442 426 indumen-

179 466 358 528 πόσιν,
391 465 650 528 ὡσαῦτως
687 464 890 535 ἕνδυμά
915 483 976 518 τε
998 467 1093 519 καὶ
1125 466 1354 537 σκέπην.
1381 467 1541 540 ἀέρα,
1572 469 1756 534 τόπον,

146 581 148 585 ·
179 559 430 621 πλοῦτον,
461 557 781 620 ἀπόλαυσιν,
818 557 1036 625 κάλλος,
1071 557 1301 626 ὑγίειαν,
1341 558 1514 628 ἰσχὺν,
1558 561 1759 631 φρόνη-

179 668 284 712 σιν,
314 650 493 714 δόξαν,
526 649 926 720 μακαριότητα,
965 650 1060 702 καὶ
1096 651 1204 703 πᾶν
1240 651 1362 703 ὅσον
1401 652 1459 702 ἐν
1488 653 1554 722 τῇ
1583 652 1758 723 ἀγαθῇ

176 739 422 810 κρίνεται
470 740 656 811 μοίρᾳ,
705 734 766 794 οὗ
812 739 1028 811 ἐπιδεὴς
1066 740 1294 812 ἡφύσις
1334 743 1471 804 ἐστὶ,
1519 744 1656 814 πρὸς
1700 745 1760 798 τὸ

167 829 481 900 θεοπρεπὲς
502 829 848 901 ἀναγομένης
868 831 966 900 τῆς
994 831 1269 900 σημασίας
1297 831 1405 884 τῶν
1431 833 1755 904 εἰρημένων.

185 920 277 984 Ὦς
318 921 408 974 διὰ
451 922 608 976 τοῦτο
663 922 875 993 μαθεῖν,
908 922 989 974 ὅτι
1018 924 1046 974 ό
1085 923 1142 974 ἐν
1184 921 1262 992 τῷ
1304 922 1422 992 Θεῷ
1467 924 1760 994 γενόμενος

176 1013 355 1066 πάντα
383 1013 496 1084 ἔχει
519 1015 577 1066 ἐν
605 1013 683 1083 τῷ
709 1014 914 1066 ἐκεῖνον
944 1013 1110 1083 ἔχειν.
1147 1015 1312 1068 Οὐδὲν
1336 1015 1392 1068 δὲ
1424 1015 1610 1086 ἕτερόν
1644 1019 1759 1070 ἐστι

173 1103 236 1155 τὸ
265 1102 410 1172 ἔχειν
430 1105 523 1158 τὸν
565 1103 716 1168 Θεὸν,
747 1104 862 1175 ἢτὸ
891 1104 1154 1175 ἐνωθῆναι
1190 1105 1326 1175 Θεῷ.
1356 1106 1469 1159 Οὐκ
1501 1106 1566 1160 ἂν
1594 1107 1650 1160 δέ
1674 1125 1759 1173 τις

173 1193 351 1257 ἄλλως
381 1194 602 1266 ἐνωθείη
641 1195 716 1265 μὴ
742 1195 1028 1266 σύσσωμος
1058 1196 1208 1266 αὐτῷ
1234 1197 1539 1267 γενόμενος,
1576 1198 1760 1264 καθὼς

162 1287 431 1356 ,ὀνομάζει
463 1288 490 1340 ὁ
516 1287 745 1350 Παῦλος·
772 1289 820 1338 οἱ
841 1288 948 1357 γὰρ
967 1289 1184 1352 πάντες,
1212 1288 1292 1358 τῷ
1318 1290 1398 1342 ἐνὶ
1423 1289 1635 1358 σώματι
1663 1291 1756 1344 τοῦ

173 1379 412 1448 Χριστοῦ
443 1380 835 1450 συναπτόμενοι
883 1380 972 1434 διὰ
1012 1381 1112 1451 τῆς
1162 1381 1469 1451 μετουσίας,
1499 1383 1557 1435 ἓν
1592 1385 1756 1438 αὑτοῦ

173 1469 441 1539 γινόμεθα
486 1470 664 1541 σῶμα.
717 1472 887 1523 ’Ὁταν
948 1467 1040 1526 οὖν
1085 1472 1170 1525 διὰ
1236 1474 1451 1526 πάντων
1499 1475 1627 1547 ἔλθῃ
1696 1476 1758 1528 τὸ

173 1561 398 1629 ἀγαθὸν,
427 1564 547 1615 τότε
598 1564 718 1616 ὅλον
743 1564 908 1617 αὑτοῦ
948 1565 1008 1617 τὸ
1050 1566 1208 1634 σῶμα
1258 1567 1657 1636 ὑποταγήσεται
1689 1569 1753 1637 τῇ

167 1653 424 1724 ζωοποιῷ
470 1656 705 1726 ἐξουσίᾳ,
749 1657 843 1708 καὶ
878 1655 1047 1720 οὕτως
1077 1659 1109 1724 ἡ
1153 1657 1247 1710 τοῦ
1281 1656 1528 1728 σώματος
1566 1658 1754 1712 τούτου

1866 470 2004 527 tum,
2032 472 2428 534 tegumentum,
2463 479 2577 527 aer,
2603 464 2780 527 locus,
2805 461 3024 526 divitiae,
3058 462 3286 526 delicize,
3317 462 3441 532 pul-

1865 557 2137 621 chritudo,
2189 558 2415 622 sanitas,
2452 557 2640 621 robur,
2675 555 2985 624 prudentia,
3020 555 3228 624 gloria,
3263 553 3439 609 beati-

1865 644 2016 710 tudo,
2051 653 2104 699 et
2141 644 2406 715 quidquid
2451 647 2592 699 inter
2632 646 2772 699 bona
2819 653 3097 709 censetur,
3134 645 3290 714 cujus
3319 652 3441 714 eget

1865 744 2083 799 natura,
2121 737 2187 790 ad
2225 738 2275 790 id
2305 736 2448 807 quod
2496 735 2664 791 Deum
2699 735 2872 811 decet,
2901 751 3092 790 eorum
3139 750 3262 805 qua:
3288 734 3439 789 dicta

1866 839 1994 883 sunt
2021 826 2241 882 reducta
2273 829 2694 898 signiﬁcatione.
2725 828 2875 882 Adeo
2908 834 2968 881 ut
2999 843 3094 896 per
3122 827 3225 881 hoc
3255 825 3440 880 disca-

1866 936 2007 983 mus,
2039 919 2296 989 quodqui
2328 928 2412 974 est
2437 919 2492 973 in
2523 919 2654 983 Deo,
2675 918 2859 973 omnia
2891 918 3073 980 habet,
3108 916 3252 987 quod
3285 916 3438 970 illum

1865 1012 2080 1066 habeat.
2107 1011 2250 1066 Nihil
2289 1020 2470 1066 autem
2508 1011 2656 1065 aliud
2684 1019 2770 1066 est
2815 1011 3018 1065 habere
3045 1008 3240 1072 Deum,
3273 1023 3439 1079 quam

1865 1102 1976 1158 Deo
2003 1119 2124 1159 esse
2151 1102 2520 1158 unitum.Non
2554 1104 2689 1157 alias
2712 1108 2892 1157 autem
2911 1103 3054 1155 uniri
3082 1109 3259 1172 potest
3282 1100 3438 1170 quis-

1863 1193 2030 1261 piam,
2047 1209 2206 1262 quam
2222 1193 2266 1247 si
2287 1193 2356 1247 sit
2381 1192 2429 1247 ei
2471 1191 2900 1261 concorporalis,
2930 1199 2990 1244 ut
3013 1191 3258 1245 nominat
3281 1191 3438 1243 divus

1864 1284 2086 1339 Paulus.
2125 1287 2328 1341 Omnes
2354 1286 2498 1340 enim
2531 1285 2622 1338 uni
2649 1285 2851 1340 Christi
2898 1284 3114 1353 corpori
3158 1283 3437 1352 conjuncti

1863 1393 1960 1446 pcr
2002 1378 2472 1446 participationem
2531 1377 2796 1432 eﬁicimur
2846 1392 3012 1430 unum
3049 1375 3170 1444 ejus
3212 1391 3434 1444 corpus.

1864 1469 2096 1536 Quando
2125 1486 2254 1539 ergo
2284 1471 2484 1525 bonum
2519 1485 2613 1539 per
2636 1469 2818 1522 omnia
2854 1469 3172 1538 pervaserit,
3203 1476 3334 1520 tunc
3363 1474 3441 1520 to-

1842 1563 1978 1615 tum
2034 1562 2154 1632 ejus
2207 1578 2407 1632 corpus
2464 1563 2692 1616 viviﬁcze
2720 1561 3044 1630 subjicietur
3079 1561 3356 1630 potestati,
3382 1567 3438 1614 et
3497 1566 3503 1570 '

1864 1655 1944 1707 sic
1971 1655 2135 1723 hujus
2162 1655 2412 1720 corporis
2454 1651 2725 1720 subiectio
2769 1652 2973 1707 dicitur
3001 1667 3125 1705 esse
3170 1649 3438 1720 subjectio

173 1743 426 1815 ὑποταγὴ
459 1746 622 1799 αὑτοῦ
649 1746 865 1815 λέγεται
899 1743 1036 1800 εἶναι
1061 1747 1154 1801 τοῦ
1190 1748 1319 1801 Υἱοῦ
1347 1750 1616 1820 ὑποταγὴ,
1664 1749 1756 1803 τοῦ

1865 1743 2034 1812 ipsius
2083 1742 2206 1796 Filii
2251 1758 2373 1797 cum
2416 1757 2516 1797 suo
2559 1756 2792 1810 corpore
2835 1740 3253 1810 contemperati,
3290 1739 3438 1809 quod

173 1835 623 1905 ἀνακεκραμένου
671 1837 810 1909 πρὸς
852 1838 913 1892 τὺ
961 1839 1090 1893 ἴδιον
1136 1840 1314 1910 σῶμα,
1367 1842 1502 1911 ὅπερ
1549 1845 1696 1895 ἐστὶν
1722 1846 1754 1912 ἡ

182 1927 512 1998 Ἐκκλησία·
573 1929 758 1994 καθὼς
811 1948 945 2001 φησι
995 1932 1133 2003 πρὸς
1179 1933 1307 1996 τοὺς
1350 1933 1675 1997 Κολοσσαεῖς
1730 1935 1758 1986 ό

181 2017 526 2081 Ἀπόστολος,
565 2020 767 2073 οὑτωσὶ
799 2021 974 2090 λέγων
1020 2021 1098 2093 τῷ
1147 2024 1348 2093 ῥήματι
1369 2039 1383 2054 ’
1417 2024 1548 2077 Νῦν
1573 2025 1760 2094 χαιρω

163 2109 242 2161 ὲν
300 2109 424 2174 τοῖς
477 2111 790 2178 παθήμασί
848 2131 988 2180 μου,
1042 2113 1140 2166 καὶ
1203 2115 1640 2182 ἀνταναπληρῶ
1685 2115 1757 2168 τὰ

169 2200 557 2270 ὑστερήματα
602 2202 719 2255 τῶν
764 2204 918 2273 ὑπὲρ
964 2205 1223 2274 Χριστοῦ
1277 2209 1542 2275 θλίψεων
1575 2208 1645 2261 ἐν
1684 2189 1781 2277 τῇ.

165 2291 360 2360 σαρκί
383 2308 525 2360 μου,
557 2291 711 2360 ὑπὲρ
747 2292 856 2347 τοῦ
895 2293 1172 2364 σώματος
1207 2296 1414 2360 αὐτοῦ,
1461 2296 1495 2349 ὅ
1521 2297 1693 2350 ἐστιν
1717 2299 1755 2365 ἡ

177 2383 514 2451 Ἐκκλησία
535 2401 548 2415 ·
573 2380 648 2454 ἧς
671 2384 966 2455 ἐγενόμην
985 2385 1266 2454 διάκονος
1285 2388 1436 2442 κατὰ
1461 2388 1576 2457 τὴν
1603 2391 1760 2443 οἱκο-

162 2475 409 2543 νομίαν.
440 2474 547 2528 Καὶ⁸
578 2476 716 2546 πρὸς
743 2477 844 2547 τὴν
869 2476 1170 2550 Κορινθίων
1211 2479 1536 2550 Ἐκκλησίαν
1557 2481 1722 2551 φησίν
1740 2498 1754 2512 ·

179 2565 383 2634 ’Υμεῖς
408 2567 550 2620 ἐστε
578 2569 749 2638 σῶμα
769 2569 1048 2636 Χριστοῦ,
1081 2569 1181 2624 καί
1221 2570 1380 2639 μέλη
1417 2572 1485 2625 ἐκ
1506 2573 1754 2640 μέλους.

168 2657 516 2729 Σαφέστερον
543 2659 601 2712 δὲ
631 2663 744 2724 τοῖς
793 2660 1062 2730 Ἐφεσίοις
1093 2662 1155 2715 τὸ
1187 2663 1315 2733 περὶ
1342 2662 1531 2717 τούτου
1581 2681 1759 2734 παρα-

165 2748 381 2802 τίθεται
410 2748 606 2820 δόγμα,
639 2749 706 2803 δι’
733 2743 810 2803 ὧν
850 2768 1052 2822 φησιν,
1101 2753 1184 2806 ὅτι
1234 2753 1651 2821 Ἀληθεύοντες
1689 2753 1758 2807 δὲ

159 2841 239 2894 ἐν
286 2839 514 2910 ἀγάπῃ,
557 2841 920 2912 αὐξήσωμεν
947 2845 1036 2910 εὶς
1082 2843 1270 2897 αὐτὸν
1311 2845 1382 2898 τὰ
1427 2845 1645 2912 πάντα,
1690 2846 1758 2912 ὅς

166 2933 348 2987 ἐστιν
395 2935 434 3003 ἡ
467 2934 702 3004 κεφαλὴ
728 2938 767 2989 ὁ
793 2936 1067 3004 Χριστὸς,
1100 2937 1170 3002 ἐξ
1209 2933 1281 2992 οὗ
1323 2937 1448 2993 πᾶν
1479 2937 1546 2991 τὸ
1587 2937 1758 3007 σῶμα

165 3026 821 3094 συναρμολογούμενον
845 3025 943 3078 καί
977 3025 1484 3096 συμϐιϐαζόμενον
1512 3028 1610 3083 διὰ
1646 3028 1760 3082 πά-

1860 1836 2078 1905 qui‘dem
2112 1843 2196 1890 est
2221 1835 2458 1889 Ecclesia
2491 1852 2504 1888 :
2539 1835 2682 1889 sicut
2712 1834 3016 1902 Apostolus
3059 1833 3190 1887 dicit
3219 1832 3285 1886 ad
3332 1831 3440 1885 Co-

1862 1930 2171 1984 losscnses:
2209 1927 2364 1981 Nunc
2392 1927 2593 1998 gaudeo
2628 1928 2682 1980 in
2727 1926 3065 1996 passionibus
3098 1927 3247 1989 meis,
3271 1935 3319 1979 et
3350 1923 3441 1978 ad-

1861 2021 2049 2088 impleo
2101 2037 2162 2074 ea
2198 2037 2314 2091 qua:
2367 2021 2554 2073 desunt
2587 2018 2953 2090 afﬂictionibus
2997 2035 3091 2087 pro
3140 2017 3352 2073 Christo
3383 2019 3440 2071 in

1860 2130 2017 2167 carne
2047 2129 2160 2167 mea
2192 2128 2287 2181 pro
2321 2127 2533 2180 corpore
2563 2112 2677 2180 ejus
2700 2111 2838 2182 quod
2870 2110 3203 2165 estEcclesia
3242 2129 3256 2165 :
3287 2111 3440 2178 cuius

1859 2205 2034 2271 factus
2060 2221 2175 2258 sum
2207 2221 2299 2274 ego
2322 2205 2561 2258 minister
2583 2203 2869 2257 secundum
2900 2203 3348 2272 dispensationem
3371 2202 3437 2257 “.

1863 2297 1926 2350 Et
1955 2296 2020 2350 ad
2067 2296 2370 2352 Ecclesiam
2401 2295 2813 2352 Corinthiorum
2853 2315 2866 2350 ε
2911 2294 3036 2361 Vos,
3077 2296 3278 2366 inquit,
3310 2296 3442 2349 estis

1859 2405 2047 2457 corpus
2080 2387 2301 2454 Christi,
2345 2399 2394 2443 et
2426 2389 2658 2442 membra
2699 2403 2764 2442 ea:
2809 2387 3040 2442 membro
3079 2389 3144 2440 ¹².
3183 2389 3441 2458 Apertius

1859 2487 2039 2532 autem
2066 2479 2133 2533 de
2156 2495 2220 2533 eo
2245 2478 2438 2548 dogma
2487 2478 2741 2548 exposuit
2785 2475 3071 2547 Ephesiis,
3099 2494 3223 2532 cum
3257 2477 3391 2532 dicit
3421 2496 3438 2534 :

1869 2569 2088 2624 Veraces
2131 2572 2185 2624 in
2237 2571 2518 2632 eharitate.
2548 2586 2846 2624 crescamus
2897 2571 2948 2623 in
2983 2569 3076 2624 illo
3100 2578 3192 2640 pe‘r
3230 2571 3437 2637 omnia,

1857 2664 1946 2735 qui
1980 2673 2056 2717 est
2109 2673 2265 2733 caput
2310 2662 2576 2728 Christus,
2627 2677 2691 2715 ea:
2735 2677 2835 2731 quo
2867 2670 3034 2715 totum
3073 2676 3261 2730 corpus
3305 2678 3443 2716 com-

1857 2768 2068 2826 pactum
2106 2767 2154 2810 et
2199 2771 2492 2811 connexum
2537 2771 2631 2824 per
2693 2770 2871 2809 omnes
2923 2754 3441 2808 subministrationes

1858 2849 2145 2902 secundum
2208 2850 2562 2914 operationem
2613 2848 2668 2902 in
2721 2863 2972 2903 mensura
3027 2846 3442 2918 uniuscujusque

1861 2939 2099 3002 membri,
2129 2950 2469 3009 augmentum
2500 2938 2635 3008 facit
2667 2941 2902 3010 corporis
2941 2941 2995 2993 in
3035 2939 3443 3008 aediﬁcationem

1860 3033 1944 3084 sui
1972 3032 2026 3084 in
2076 3031 2399 3085 clmritate“
2435 3041 2660 3101 ;utpote
2709 3033 2854 3102 quod
2903 3047 3000 3102 per
3041 3046 3137 3086 eos
3179 3031 3272 3101 qui
3317 3030 3441 3085 ﬁdei

165 3130 292 3181 σης
343 3113 505 3183 ἁφῆς
549 3114 661 3184 τῆς
711 3116 1098 3186 ἐπιχορηγίας
1146 3118 1274 3170 κατ’
1329 3118 1636 3187 ἐνέργειαν
1681 3121 1753 3174 ἐν

1862 3139 2076 3193 semper
2101 3123 2437 3192 adjiciuntur
2465 3122 2724 3179 Christus
2767 3125 3008 3193 seipsum
3039 3122 3292 3178 aediﬁcet.
3335 3123 3440 3188 Qui

159 3206 363 3275 μέτρῳ
413 3206 552 3272 ἐνὸς
604 3207 866 3262 ἑκάστου
909 3208 1135 3278 μέρους
1181 3210 1298 3279 τὴν
1345 3211 1611 3280 αὔξησιν
1650 3213 1756 3266 τοῦ

165 3295 450 3368 σώματος
471 3298 719 3353 ποιεῖται
751 3302 838 3365 είς
864 3300 1190 3370 οἰκοδομὴν
1209 3303 1426 3357 ἑαυτοῦ
1444 3305 1514 3356 ἐν
1535 3305 1754 3374 ἀγτίπῃ·

165 3387 247 3449 ὡς
275 3387 364 3440 διὰ
387 3387 494 3442 τῶν
529 3388 616 3442 ἀεὶ
649 3389 1088 3461 προστιθεμένων
1119 3395 1186 3464 τῇ
1230 3393 1409 3446 πίστει
1446 3395 1636 3448 ἑαυτὸν
1663 3394 1756 3448 τοῦ

166 3477 413 3549 Χριστοῦ
461 3479 888 3550 οἰκοδομοῦντος.
931 3482 1028 3546 Ὃς
1075 3484 1197 3537 τότε
1246 3486 1512 3540 παύσεται
1569 3486 1758 3540 ἑαυτὸν

167 3569 492 3638 οἰκοδομῶν,
519 3570 644 3623 ὅταν
676 3573 756 3635 είς
785 3572 845 3625 τὸ
877 3573 1004 3626 ίδιον
1036 3575 1234 3646 μέτρον
1265 3575 1445 3647 φθάσῃ
1472 3577 1505 3647 ἡ
1533 3576 1627 3629 τοῦ
1655 3576 1759 3630 σώ-

167 3676 349 3730 ματος
378 3660 542 3714 αὐτοῦ
593 3660 818 3732 αὔξησίς
850 3681 908 3717 τε
961 3665 1054 3718 καὶ
1086 3666 1382 3730 τελείωσις,
1431 3668 1526 3721 καὶ
1561 3668 1758 3739 μηκέτι

167 3751 309 3822 λίπῃ
337 3750 415 3820 τῷ
439 3750 651 3822 σώματι
671 3754 732 3806 τὸ
756 3754 823 3807 δι’
847 3757 1135 3827 οἰκοδομῆς
1162 3758 1606 3829 προστιθέμενον,
1629 3761 1762 3814 πάν-

167 3859 282 3894 των
309 3843 841 3915 ἐποικοδομηθέντων
857 3849 948 3901 ἐπὶ
969 3848 1045 3919 τῷ
1079 3848 1310 3920 θεμελίῳ
1326 3850 1433 3904 τῶν
1464 3851 1758 3922 προφητῶν

166 3951 231 3986 τε
267 3934 362 3987 καὶ
391 3936 836 4003 ἁποστόλων,κα“ι
871 3941 1254 4013 προσθεμένων
1291 3946 1356 4014 τῇ
1379 3945 1580 4008 πίστει,
1605 3945 1754 4012 ὅταν,

168 4025 363 4089 καθώς
402 4043 566 4098 φησιν
587 4029 616 4081 ὁ
657 4029 976 4095 Ἀπόστολος
994 4072 1010 4098 ,
1038 4034 1506 4103 καταντήσωμεν
1531 4038 1583 4088 οἱ
1609 4035 1758 4088 πάν-

167 4135 273 4184 τες
300 4120 388 4184 είς
414 4119 526 4186 τὴν
545 4120 798 4188 ἑνότητα
823 4121 935 4190 τῆς
957 4123 1217 4190 πίστεως
1243 4125 1342 4178 καὶ
1368 4125 1479 4194 τῆς
1512 4125 1760 4196 ἐπιγννώ-

167 4227 332 4276 σεως
362 4210 468 4265 τοῦ
493 4211 628 4266 Υίοῦ
654 4212 761 4266 τοῦ
784 4213 952 4279 Θεοῦ,
969 4217 1056 4278 είς
1071 4214 1260 4284 ἄνδρα
1277 4217 1528 4283 τέλειον,
1548 4221 1636 4285 είς
1655 4219 1760 4288 μέ-

167 4319 322 4371 τρον
349 4302 585 4369 ἡλικίας
632 4303 740 4358 τοῦ
780 4305 1175 4376 πληρώματος
1211 4308 1318 4362 τοῦ
1363 4311 1643 4378 Χριστοῦ.
1695 4314 1758 4366 Εἰ

169 4393 356 4447 τοίνυν
408 4395 618 4466 κεφαλὴ
668 4395 744 4450 ὢν
787 4397 983 4463 αὐτὸς,
1031 4398 1092 4452 τὸ
1137 4398 1334 4472 ἐφεξῆς
1385 4401 1552 4454 αὑτοῦ
1599 4403 1760 4474 σῶμα

168 4485 465 4555 οἰκοδομεῖ,
498 4487 586 4540 διὰ
613 4487 722 4541 τῶν
751 4487 838 4541 ἀεὶ
881 4491 1315 4560 προστιθεμένων
1345 4494 1760 4564 συναρμολογῶν

168 4575 272 4630 καὶ
322 4577 674 4647 συμϐιϐάζων
698 4580 823 4643 τοὺς
854 4581 1061 4646 πάντας
1089 4585 1168 4646 είς
1195 4583 1230 4637 ἃ
1265 4584 1504 4654 πέφυκεν
1530 4587 1760 4652 ἕκαστος

168 4670 319 4724 κατὰ
345 4670 405 4722 τὸ
430 4671 625 4741 μέτρον
651 4671 748 4742 τῆς
774 4673 1054 4742 ἐνεργείας
1070 4715 1086 4739 ,
1108 4675 1246 4727 ὥστε
1270 4674 1300 4745 ἢ
1328 4680 1505 4747 χεῖρα,
1536 4678 1568 4750 ἢ
1602 4679 1757 4746 πόδα,

169 4763 207 4831 ἦ
235 4759 535 4831 ὀφθαλμὸν,
563 4761 595 4831 ἢ
616 4762 854 4832 ἀκοὴν,ἢ
879 4763 1006 4817 ἄλλο
1029 4781 1082 4817 τι
1107 4765 1360 4832 γενέσθαι
1375 4767 1483 4820 τῶν
1505 4769 1758 4840 συμπλη-

175 4851 424 4924 ρούντων
450 4853 512 4905 τὸ
556 4852 738 4923 σῶμα,
770 4854 911 4907 κατὰ
943 4855 1041 4925 τὴν
1074 4857 1364 4926 ἀναλογίαν
1397 4860 1495 4930 τῆς
1527 4860 1757 4914 ἐκάστου

171 4944 454 5008 πίστεως,
494 4943 668 4997 ταῦτα
707 4945 765 4998 δὲ
807 4947 975 5000 ποιῶν
1019 4948 1210 5004 ἑαυτὸν
1253 4951 1545 5022 οἰκοδομεῖ,
1575 4953 1760 5017 καθὼς

168 5039 392 5109 εἴρηται
412 5055 425 5069 ·
458 5037 616 5107 δῆλον
645 5038 712 5092 ἂν
744 5039 830 5109 εἴη
875 5039 962 5094 διὰ
989 5039 1212 5107 τούτων,
1242 5043 1325 5095 ὅτι
1353 5044 1410 5097 ἐν
1442 5046 1575 5098 πᾶσι
1613 5047 1761 5114 γινόο

171 5149 361 5204 μενος,
389 5134 469 5196 είς
517 5133 711 5187 ἑαυτὸν
747 5131 958 5202 δέχεται
1012 5135 1218 5197 πάντας
1267 5135 1394 5198 τοὺς
1442 5137 1762 5208 ἐνουμένους

168 5221 328 5294 αὑτῷ
354 5223 444 5277 διὰ
467 5225 566 5295 τῆς
605 5224 889 5289 κοινωνίας
923 5223 1018 5277 τοῦ
1051 5225 1322 5297 σώματος,
1355 5228 1448 5280 καὶ
1484 5228 1619 5299 μέλη
1668 5228 1760 5282 τοῦ

173 5315 310 5368 ἰδίου
339 5313 590 5385 σώματος
610 5318 838 5368 ποιεῖται
857 5317 985 5378 τοὺς
1009 5317 1234 5383 πάντας,
1267 5317 1406 5371 ὥστε
1429 5315 1568 5372 εἶναι
1592 5321 1760 5375 πολλὰ

173 5408 280 5478 μὲν
314 5406 474 5479 μέλη,
519 5407 577 5460 ἓν
615 5408 670 5461 δὲ
703 5407 880 5478 σῶμα.
927 5409 986 5461 'O
1015 5410 1192 5462 τοίνυν
1232 5409 1368 5480 πρὸς
1399 5411 1589 5464 ἑαυτὸν
1613 5414 1758 5482 ἡμᾶς

169 5499 408 5565 ἐνώσας,
450 5499 547 5554 καὶ
588 5502 720 5571 ἡμῖν
752 5500 991 5566 ἐνωθεὶς,
1034 5501 1128 5555 καὶ
1159 5501 1248 5554 διὰ
1295 5501 1512 5554 πάντων
1539 5502 1596 5556 ἓν
1622 5504 1758 5574 πρὸς

248 5682 289 5716 ι·
327 5679 540 5735 Coloss.
602 5697 639 5745 ι,
698 5681 785 5735 24.
866 5684 907 5712 η
953 5681 966 5732 l
1009 5679 1135 5736 Cor.
1180 5696 1278 5742 xu,
1321 5681 1409 5736 9.7.

1863 3225 1995 3270 tunc
2013 3216 2228 3272 desinet
2250 3216 2490 3286 seipsum
2523 3215 3044 3286 aediﬁcarc,quando
3075 3215 3139 3269 ad
3165 3215 3440 3285 propriam

1860 3323 2171 3364 mensuram
2207 3309 2519 3379 pervenerit
2563 3308 2684 3378 ejus
2727 3309 2978 3378 corporis
3010 3314 3364 3378 augmentum
3388 3313 3444 3361 et

1858 3401 2164 3471 perfectio,
2205 3411 2260 3455 ει
2314 3401 2451 3455 nihil
2506 3401 2742 3471 amplius
2793 3400 3029 3456 defuerit
3077 3399 3293 3470 corpori
3345 3413 3445 3470 per

1859 3493 2148 3547 wdilicium
2203 3493 2348 3563 quod
2381 3493 2659 3563 adjicitur,
2691 3494 2950 3548 omnilms
2996 3491 3445 3562 super-.edilicatis

1860 3600 2026 3654 super
2050 3585 2459 3639 fundamentum
2492 3586 2862 3655 apostolorum
2890 3597 2943 3640 et
2970 3585 3357 3656 prophetarum
3376 3583 3442 3648 “,

1859 3683 1913 3728 et
1943 3674 2066 3730 ﬁdei
2097 3675 2359 3744 adjectis,
2397 3674 2617 3744 quando
2639 3717 2652 3740 ,
2686 3685 2746 3729 ut
2799 3675 2932 3729 dicit
2969 3674 3294 3744 Apostolus,
3343 3688 3446 3726 oc—

1860 3768 2179 3821 cnrrerimus
2229 3784 2406 3822 omnes
2462 3769 2517 3821 in
2572 3771 2835 3823 unitatem
2880 3769 3008 3836 ﬁdei
3058 3777 3108 3822 et
3156 3767 3442 3838 agnitionis

1863 3858 1996 3913 Filii
2019 3859 2134 3924 Dei,
2174 3861 2227 3914 in
2256 3861 2426 3913 virum
2460 3861 2768 3930 perfecmm,
2815 3861 2884 3914 ad
2914 3877 3215 3914 mensuram
3269 3861 3444 3915 (etatis

1859 3952 2201 4020 plenitudinis
2234 3952 2439 4008 Christi
2460 3954 2522 4008 ¹⁸.
2564 3954 2621 4008 Si
2655 3955 2820 4025 igitur
2853 3969 2976 4007 cum
3007 3955 3080 4008 sit
3110 3953 3225 4024 ipse
3247 3960 3444 4022 caput,

1860 4045 2005 4114 quod
2059 4052 2145 4098 est
2194 4045 2452 4114 deinceps
2486 4060 2646 4100 suum
2690 4060 2892 4115 corpus
2925 4045 3177 4109 aediﬁcat,
3213 4059 3308 4115 per
3347 4059 3444 4100 eos

1860 4137 1953 4206 qui
2001 4150 2217 4204 semper
2265 4135 2561 4198 adduntur,
2607 4137 2962 4206 compingens
3009 4145 3064 4191 et
3113 4145 3444 4190 connectens

1862 4243 2052 4284 omnes
2080 4227 2148 4282 ad
2180 4242 2244 4283 ea
2276 4228 2345 4283 ad
2389 4243 2510 4297 quae
2565 4235 2726 4282 natus
2760 4237 2845 4282 est
2897 4228 3275 4297 unusquisque
3301 4267 3317 4292 ,
3358 4243 3448 4285 se.—

1861 4319 2100 4374 cundmn
2133 4335 2450 4374 mensuram
2491 4319 2826 4389 operationis
2849 4361 2864 4385 ,
2897 4327 2954 4373 ut
2993 4319 3063 4373 sit
3110 4320 3192 4373 vel
3227 4334 3443 4385 manus,

1864 4414 1942 4468 vel
1972 4429 2086 4482 pes,
2121 4412 2204 4467 vel
2239 4412 2454 4476 oculus,
2489 4413 2568 4464 w-l
2601 4411 2772 4472 auris,
2809 4412 2890 4465 vel
2937 4410 3145 4480 aliquid
3199 4409 3345 4464 aliud
3377 4426 3447 4465 ex

1792 4482 1835 4536 D
1866 4505 1933 4558 iis
1963 4518 2084 4574 qua:
2122 4504 2394 4572 complent
2423 4518 2647 4570 corpus,
2680 4503 3070 4556 convenienter
3107 4502 3448 4571 proportioni

1867 4594 2302 4664 uniuscujusque
2331 4593 2486 4657 ﬁdei,
2543 4593 2657 4646 haec
2707 4603 2887 4646 autem
2944 4592 3149 4647 faciens
3203 4593 3446 4662 seipsum

1863 4677 2116 4748 aediﬁcat.
2150 4686 2294 4742 sicut
2321 4685 2526 4739 dictum
2559 4695 2682 4740 est:
2718 4684 2951 4754 perinane
2986 4693 3069 4740 est
3097 4686 3446 4754 perspicuum

1863 4779 2007 4849 quod
2041 4794 2166 4833 cum
2204 4777 2368 4832 fuerit
2417 4778 2471 4832 in
2523 4777 2812 4842 omnibus,
2843 4777 2896 4831 in
2933 4777 3172 4845 seipsum
3214 4777 3449 4845 suscipit

1864 4881 2055 4922 omnes
2081 4867 2183 4922 sibi
2217 4867 2399 4921 unitos
2443 4882 2541 4937 per
2566 4865 3120 4920 communicationem
3152 4865 3401 4934 corporis
3425 4903 3444 4929 ,

1860 4969 1914 5014 ct
1944 4973 2134 5012 omnes
2174 4955 2306 5010 facit
2354 4957 2596 5011 membra
2628 4956 2712 5012 sui
2748 4954 3018 5024 corporis,
3050 4954 3185 5010 adeo
3231 4963 3290 5008 ut
3335 4954 3448 5008 sint

1861 5049 2081 5121 quidem
2127 5049 2295 5101 multa
2345 5048 2606 5114 membra,
2659 5064 2826 5102 unum
2879 5063 3011 5102 vero
3068 5062 3289 5116 corpus.
3337 5045 3445 5111 Qui

1861 5155 1991 5212 ergo
2025 5154 2126 5194 nos
2179 5138 2284 5194 sibi
2327 5138 2501 5201 uniit,
2532 5145 2586 5192 et
2635 5138 2797 5192 nobis
2851 5145 2936 5190 est
2987 5137 3196 5214 unitus,
3232 5144 3287 5188 et
3348 5150 3446 5204 per

1862 5231 2048 5287 omnia
2092 5229 2383 5285 nobiscum
2415 5244 2582 5282 unum
2621 5227 2870 5292 ctl‘ectus,
2897 5228 3078 5281 omnia
3111 5235 3296 5280 nostra
3343 5241 3443 5282 sua

1867 5322 2030 5378 efﬁcit
2057 5321 2302 5392 propria.
2332 5319 2654 5376 Nostrorum
2704 5327 2884 5374 autem
2914 5320 3184 5374 bonormn
3231 5331 3445 5374 summa

1865 5425 1950 5472 est
1982 5423 2036 5470 et
2061 5421 2244 5484 caput,
2281 5411 2391 5467 Deo
2417 5428 2542 5468 esse
2577 5411 2907 5482 subjectum,
2939 5409 3160 5480 quando
3191 5409 3445 5463 universa

1864 5515 2113 5562 creatura
2137 5505 2239 5560 sibi
2270 5502 2432 5559 fuerit
2455 5519 2764 5559 consonans
2797 5540 2810 5566 ,
2850 5509 2902 5555 et
2926 5515 3086 5556 omne
3129 5515 3160 5569 g
3198 5515 3266 5553 nu
3301 5498 3349 5553 ci
3386 5513 3445 5552 se

1493 5681 1537 5712 ¹³
1580 5681 1712 5750 Eph.
1761 5698 1832 5745 IV,
1878 5681 2078 5745 125,16.
2159 5682 2202 5714 ιδ
2264 5681 2399 5752 Lph.
2439 5697 2495 5746 ιι,
2529 5681 2619 5735 20.
2701 5682 2742 5711 ’³
2779 5680 2913 5748 Eph.
2957 5694 3026 5741 tv,
3070 5677 3133 5730 i5
