3838 6220
377 261 516 319 1319

1841 261 2209 323 APPENDIX.

3517 267 3664 323 1320

377 379 670 446 iuﬂexerit,
694 377 1004 435 cmlestium
1042 383 1098 433 et
1130 385 1501 443 terrenarum,
1531 385 1588 434 et
1639 377 1967 448 inferorum,

2106 382 2221 453 pii;
2245 378 2558 452 γενόμενος,
2584 379 2653 434 τά
2696 380 2942 452 ἡμέτερα
2978 379 3274 434 οἰκειοῦται
3305 379 3510 437 πάντα.
3550 383 3663 435 Κε-

373 483 429 530 et
451 473 636 529 omnis
667 473 852 543 lingua
882 471 1139 527 confessa
1181 470 1367 533 fuerit,
1401 470 1552 542 quod
1586 470 1852 528 Dominus
1878 481 1964 528 est

375 571 539 622 Iesus
568 565 868 631 Christus;
899 571 1029 618 tunc
1078 578 1205 618 eum
1241 564 1426 619 omnis
1487 573 1742 618 creatura
1793 579 1967 619 unum

375 674 583 729 corpus
607 659 772 714 fuerit
796 656 1011 722 eﬂ‘ecta,
1033 665 1088 712 et
1108 659 1294 712 omnia
1338 671 1435 728 per
1466 656 1830 712 obedientiam
1885 657 1969 710 in-

376 753 462 802 ter
489 761 550 802 se
593 747 825 802 invicem
855 747 904 802 ei
951 745 1248 814 coniuncta
1282 754 1337 800 et
1395 746 1594 800 coalita
1645 745 1869 815 fuerint,
1899 744 1967 798 ad

381 853 439 896 se
468 838 637 894 refert
657 839 744 894 sui
769 838 1019 908 corporis
1042 836 1191 892 Patri
1223 837 1622 893 obedientiam.

2069 472 2297 541 φάλαιον
2323 471 2382 526 δὲ
2423 469 2533 526 τῶν
2581 473 2869 545 ἡμετέρων
2902 472 3123 542 ἀγαθῶν
3169 473 3204 544 ἡ
3240 472 3378 543 πρδς
3404 472 3466 526 ab
3516 473 3665 526 θεῖός

2073 565 2221 616 ἐστιν
2250 563 2518 635 ὑποταγὴ,
2560 566 2690 619 ὅταν
2717 565 2999 636 ὁμόφωνος
3031 567 3182 619 πᾶσα
3209 566 3242 636 ἠ
3287 564 3466 628 κτίσις
3495 567 3636 636 γένη

2073 672 2162 708 ται
2188 654 2326 726 πρὸς
2370 655 2604 727 ἑαυτὴν,
2631 659 2725 712 καὶΙ
2757 659 2865 711 πᾶν
2897 657 3043 728 αὑτῷ
3069 657 3199 726 γόνυ
3235 657 3451 730 κάμψῃ,
3499 659 3664 709 ἐπου-

2077 747 2277 818 ρανίων
2304 746 2399 800 καὶ
2454 748 2733 816 ἐπιγείων,
2773 751 2866 802 καὶ
2919 749 3309 819 καταχθονίων,
3362 751 3455 803 καὶ
3511 752 3667 807 πᾶσα

2075 838 2299 907 γλῶσσα
2323 837 2772 910 ἐξομολογήσεται
2801 841 2884 893 ὅτι
2914 840 3116 912 Κύριος
3149 839 3354 910 Ἰησοῦς
3381 839 3625 910 Χριστός
3646 855 3661 868 ·

378 929 501 984 τότε
527 931 707 1003 πάσης
727 931 826 1003 τῆς
843 931 1070 994 κτίσεως
1098 929 1156 984 ἒν
1183 926 1341 1001 σῶμα
1364 929 1681 1000 γενομένης,
1713 930 1809 984 καὶ
1867 930 2084 984 πάντων
2126 930 2215 986 διὰ
2262 931 2364 1001 τῆς
2423 932 2670 1001 ὑπακοῆς
2719 933 2835 1002 μετ’
2867 931 3112 1004 ἀλλήλων
3177 933 3234 984 ὲν
3286 930 3433 1002 αὐτῷ
3525 948 3682 999 συμο

382 1021 648 1091 φυέντων,
682 1019 783 1093 τὴν
831 1020 924 1074 τοῦ
977 1021 1106 1074 ίδίου
1156 1020 1404 1092 σώματος
1455 1022 1589 1093 πρὸς
1621 1021 1712 1075 τὸν
1745 1023 1965 1094 Πατέρα
2001 1023 2284 1094 ὑποταγὴν
2313 1025 2392 1088 εἰς
2423 1025 2617 1078 ἑαυτὸν
2645 1025 2930 1096 ἀναφέρει.

454 1133 672 1189 Nemini
713 1143 895 1188 autem
929 1133 981 1189 id
1005 1131 1152 1204 quod
1181 1131 1386 1188 dicitur
1416 1134 1668 1188 videatur
1705 1135 1968 1190 alienum.

385 1226 521 1282 Nam
574 1242 677 1280 nos
704 1241 924 1296 quoque
967 1225 1022 1280 id
1055 1225 1199 1295 quod
1237 1227 1295 1279 lit
1336 1241 1433 1296 per
1465 1236 1715 1280 nostrum
1743 1241 1971 1296 corpus.

386 1337 486 1392 per
524 1319 818 1390 quamdam
862 1317 1317 1373 consuetudinem
1379 1318 1578 1372 animae
1619 1317 1972 1373 ascribimus.

387 1414 482 1469 Ille
521 1412 665 1469 enim
713 1410 806 1482 qui
849 1413 920 1465 ob
950 1407 1065 1480 agri
1098 1408 1437 1464 fertilitatem
1485 1423 1642 1465 suam
1676 1408 1978 1479 alloquitur

388 1507 652 1568 animam,
691 1503 885 1557 dicens
921 1517 936 1556 :
987 1499 1234 1564 Camede,
1279 1499 1416 1564 bibe,
1456 1507 1508 1552 et
1557 1499 1742 1552 uetare
1792 1498 1856 1562 ¹⁶,
1885 1511 1976 1552 re-

387 1598 682 1670 pletionem
713 1595 901 1650 carnis
929 1593 1096 1649 refert
1119 1593 1187 1648 ad
1210 1593 1468 1647 animam.
1510 1593 1589 1646 ita
1612 1592 1725 1646 illic
1757 1606 1977 1661 quoque

389 1689 755 1746 ecclesiastici
813 1687 1064 1758 corporis
1113 1683 1387 1753 subiectio
1437 1683 1677 1738 refertur
1728 1683 1798 1738 ad
1849 1698 1976 1739 cum

391 1781 486 1856 qui
527 1782 801 1837 inhabitat
847 1779 900 1834 in
944 1793 1198 1848 corpore.
1236 1775 1299 1830 Et
1330 1775 1778 1848 quandoquidem
1813 1789 1980 1830 omne

2150 1137 2356 1207 Μηδεὶς
2387 1137 2443 1190 δὲ
2471 1136 2764 1201 ξενιζέσθω
2805 1135 2884 1207 τῷ
2925 1135 3218 1207 λεγομένῳ,
3264 1135 3373 1189 Καὶ
3416 1134 3530 1206 γάρ
3572 1135 3683 1188 καὶ

2079 1230 2239 1300 ἡμεῖς
2268 1230 2329 1282 τὸ
2352 1229 2440 1282 διὰ
2468 1228 2563 1282 τοῦ
2591 1227 2845 1300 σώματος
2871 1229 3028 1300 ἡμῶν
3053 1230 3336 1299 γινόμενον
3365 1228 3511 1282 κατά
3541 1242 3684 1280 τινα

2081 1321 2368 1391 συνήθειαν
2424 1324 2491 1391 τῇ
2537 1321 2682 1392 ψυχῇ
2734 1321 3089 1392 λογιζόμεθα·
3143 1319 3219 1384 ὡς
3280 1320 3682 1389 διαλεγόμενος

2079 1415 2284 1476 ἐκεῖνος
2313 1416 2378 1484 τῇ
2415 1412 2520 1483 ἰδίᾳ
2547 1412 2691 1483 ψυχῇ
2732 1414 2824 1466 ἐπὶ
2849 1416 2916 1485 τῇ
2944 1412 3170 1484 εὑφορίᾳ
3208 1413 3307 1482 τῆς
3337 1411 3560 1482 χώρας,
3583 1411 3680 1464 ὃτι

2080 1502 2236 1572 Φὰγε
2263 1502 2364 1556 καὶ
2390 1503 2509 1567 πίε,
2538 1504 2634 1557 καὶ
2666 1504 2994 1572 εὐφραίνου
3015 1542 3031 1568 ,
3065 1503 3163 1573 τὴν
3180 1503 3279 1573 τῆς
3295 1503 3498 1574 σαρκὺς
3523 1502 3678 1572 πλη-

2077 1595 2278 1666 σμονὴν
2324 1598 2401 1658 εἰς
2450 1595 2549 1666 τὴν
2590 1594 2767 1666 ψυχὴν
2805 1595 3086 1665 ἀναφέρει.
3117 1593 3274 1648 Οὕτω
3305 1595 3465 1648 κάκεῖ
3500 1597 3534 1664 ἡ
3569 1593 3678 1646 τοῦ

2075 1687 2527 1759 ἐκκλησιαστικοῦ
2576 1687 2828 1758 σώματος
2885 1685 3134 1757 ὑποταγὴ
3199 1685 3534 1757 ἀναφέρεται
3586 1684 3680 1747 εἰς

2076 1780 2169 1834 τὸν
2197 1780 2509 1834 ἐνοικοῦντα
2547 1779 2624 1850 τῷ
2653 1779 2886 1850 σώματι.
2919 1781 3029 1833 Καὶ
3068 1779 3256 1850 ἐπειδὴ
3286 1781 3398 1832 πᾶν
3425 1781 3486 1832 τὸ
3513 1778 3682 1846 γενό-

391 1874 539 1944 quod
566 1872 774 1928 factum
799 1883 906 1938 est,
932 1871 987 1924 in
1013 1871 1133 1941 ipso
1155 1877 1442 1934 servatur,
1467 1868 1775 1938 explicatur
1797 1875 1978 1922 autem

2106 1889 2242 1926 ιενον
2265 1875 2322 1925 ἐν
2350 1871 2498 1942 αὑτῷ
2529 1871 2796 1935 σώζεται,
2834 1873 2867 1942 ἡ
2902 1870 2960 1924 δὲ
3007 1871 3248 1942 σωτηρία
3275 1870 3364 1923 διὰ
3402 1870 3502 1939 τῆς
3534 1869 3681 1922 ὑπο-

393 1935 547 2023 salus
578 1981 673 2036 per
705 1935 1132 2034 subiectionem,
1175 1961 1323 2016 sicut
1363 1935 1978 2030 nobisintelligendum

2106 1965 2250 2035 ταγῆς
2281 1935 2662 2035 ἑρμηνεύεται,
2705 1935 2884 2027 καθὼξ
2911 1963 2944 2031 ἡ
2978 1935 3283 2033 Ψαλμίρδία
3311 1935 3680 2015 νοεῖν-ὑποτε-

395 2057 593 2114 stutuit
624 2054 912 2126 Scriptura
942 2049 1318 2116 Psalmorum,
1349 2057 1759 2120 consequenter
1790 2049 1846 2104 in
1878 2047 1982 2104 hac

396 2158 555 2222 parte
609 2148 878 2204 discimus
943 2145 1013 2201 ab
1053 2143 1321 2215 Apostolo
1368 2141 1616 2206 credere,
1680 2143 1819 2197 nihil
1859 2158 1985 2198 esse

395 2252 552 2297 extra
594 2257 711 2306 eos,
776 2239 872 2310 qui
920 2245 1236 2294 serventur.
1301 2235 1419 2290 Hoc
1470 2245 1652 2290 autem
1708 2235 1986 2304 significat

397 2336 578 2388 oratio
621 2347 720 2404 per
759 2330 956 2385 mortis
1010 2327 1431 2383 subversionem
1485 2334 1540 2381 et
1579 2327 1984 2396 subiectionem

396 2423 558 2490 Filii,
579 2432 802 2496 pr0pter
819 2421 967 2493 quod
990 2421 1106 2475 hate
1137 2419 1285 2474 inter
1323 2433 1382 2472 se
1398 2427 1764 2484 concurrunt,
1793 2432 1988 2487 nempe

401 2527 461 2572 ut
501 2528 555 2574 et
597 2518 818 2573 tandem
864 2514 1163 2588 aliquando
1213 2528 1362 2570 mors
1413 2529 1524 2568 non
1565 2513 1660 2578 sit,
1695 2519 1751 2567 et
1794 2525 1989 2566 omnes

402 2609 458 2663 in
506 2610 620 2664 vita
670 2617 989 2665 versentur.
1043 2604 1172 2660 Vita
1218 2613 1400 2660 autem
1436 2613 1521 2660 est
1553 2603 1844 2666 Dominus.
1894 2616 1990 2674 per

401 2719 566 2773 quem
615 2702 1009 2758 convenienter
1047 2698 1098 2755 el
1150 2704 1298 2769 quod
1339 2698 1472 2753 dicit
1511 2697 1834 2767 Apostolus,
1867 2696 1992 2750 uni-

403 2809 567 2850 verso
610 2793 732 2864 eius
776 2789 997 2864 corpori
1051 2789 1234 2846 aditus
1265 2790 1324 2844 Iit
1363 2791 1430 2844 ad
1486 2786 1728 2854 Patrem,
1769 2785 1992 2858 quando

407 2882 701 2940 tradiderit
747 2898 978 2955 regnum
1022 2879 1134 2938 Deo
1185 2892 1378 2936 nostro
1437 2889 1494 2936 et
1543 2873 1718 2934 Patri.
1775 2875 1993 2946 Corpus

407 2985 591 3033 autem
641 2977 784 3046 eius,
833 2975 982 3031 sicut
1011 2989 1156 3045 saepe
1182 2973 1388 3027 dictqu
1424 2980 1530 3036 est,
1570 2970 1748 3025 omnis
1776 2980 1860 3024 est
1887 2969 1993 3022 hu-

407 3086 571 3126 mana
591 3078 810 3133 natura,
835 3067 924 3124 cui
948 3076 1033 3125 est
1063 3066 1351 3123 admistus.
1381 3061 1610 3134 Propter
1641 3061 1788 3116 hunc
1813 3063 1994 3132 ipsqu

408 3167 594 3215 autem
643 3173 868 3215 sensum
930 3157 1248 3214 nominatur
1285 3151 1550 3210 Dominus
1595 3168 1626 3207 a
1653 3149 1843 3215 Paulo,
1879 3167 1994 3206 mc-

2083 2060 2255 2125 θεται,
2291 2059 2599 2122 ἀκολούθως
2618 2058 2676 2111 τὸ
2704 2057 2868 2129 μηδὲν
2892 2057 2997 2122 ἔξω
3029 2057 3137 2110 τῶν
3177 2056 3500 2124 σωζομένων
3526 2050 3677 2108 εἶναι

2083 2149 2379 2214 πιστεύειν,
2417 2151 2473 2202 ὲν
2516 2149 2595 2220 τῷ
2628 2148 2788 2220 μέρει
2815 2148 2990 2218 τούτῳ
3028 2146 3123 2200 τοῦ
3175 2147 3500 2200 Ἀποστόλου
3537 2163 3679 2215 μαν-

2084 2238 2338 2310 θάνομεν.
2365 2238 2536 2292 Τοῦτο
2561 2238 2618 2293 δὲ
2641 2241 2707 2310 τῇ
2741 2237 2837 2292 τοῦ
2871 2237 3104 2291 θανάτου
3134 2235 3453 2306 καθαιρέσει
3477 2238 3576 2288 καὶ
3603 2237 3677 2306 τῇ

2083 2331 2179 2404 τοῦ
2211 2330 2343 2385 Υίοῦ
2376 2332 2620 2401 ὑποταγῇ
2645 2330 2992 2400 διασημαίνει
3019 2331 3048 2382 6
3069 2329 3244 2397 λόγος,
3276 2327 3411 2381 διότι
3437 2325 3682 2396 συμϐαί-

2085 2440 2166 2476 νει
2204 2421 2376 2476 ταῦτα
2403 2421 2538 2491 πρὸς
2567 2421 2791 2491 ἄλληλα,
2818 2421 2881 2474 τό
2911 2439 2970 2474 τε
3003 2421 3078 2491 μὴ
3124 2415 3265 2473 εἷναί
3297 2436 3426 2472 ποτε
3452 2418 3547 2471 τὸν
3575 2417 3682 2471 θά-

2087 2533 2266 2580 νατον,
2301 2515 2393 2569 καὶ
2415 2516 2476 2569 τὸ
2509 2515 2718 2580 πάντας
2748 2517 2806 2570 ὲν
2833 2513 2946 2586 ζωῇ
2971 2513 3244 2584 γενέσθαι.
3276 2513 3399 2584 Ζωὴ
3422 2512 3478 2564 δὲ
3503 2515 3534 2565 6
3563 2511 3683 2564 Κὺο

2093 2626 2226 2679 ριος.
2271 2608 2338 2662 δι’
2375 2603 2436 2663 οὗ
2480 2608 2709 2678 γίνεται,
2759 2607 2902 2662 κατά
2943 2608 3036 2660 τὸν
3091 2606 3445 2660 ἀποστολικδν
3494 2605 3682 2673 λόγον,

2091 2698 2254 2751 παντὶ
2284 2697 2361 2768 τῷ
2391 2697 2603 2768 σώματι
2633 2697 2870 2767 αὑτοῦ,ὴ
2899 2696 3232 2768 προσαγωγὴ
3267 2695 3406 2766 πρὸς
3435 2695 3532 2747 τὸν
3563 2696 3688 2746 Πα-

2089 2789 2245 2860 τέρα,
2281 2789 2410 2843 ὅταν
2443 2787 2720 2859 παραδιδῷ
2773 2787 2871 2860 τὴν
2911 2787 3187 2859 βασιλείαν
3234 2787 3393 2858 ἡμῶν
3439 2787 3520 2856 τῷ
3561 2787 3690 2855 Θεῷ

2091 2879 2188 2933 καὶ
2216 2879 2411 2953 Πατρί.
2445 2879 2612 2950 Σῶμα
2647 2879 2704 2930 δὲ
2736 2877 2923 2941 αὑτοῦ,
2943 2877 3124 2941 καθὼς
3155 2877 3368 2948 εἴρηται
3397 2877 3686 2938 πολλάκις,

2093 2971 2244 3023 πᾶσα
2274 2972 2308 3040 ἡ
2338 2969 2654 3040 ἀνθρωπίνη
2693 2967 2875 3038 φύσις,
2908 2962 2942 3042 ᾖ
2983 2967 3313 3039 κατεμίχθη.
3352 2969 3432 3020 Δι’
3465 2967 3606 3020 αὐτὸ
3629 2966 3693 3019 δὲ

2092 3058 2251 3112 τοῦτο
2291 3060 2355 3112 τὸ
2406 3060 2585 3130 νόημα
2639 3060 2733 3112 καὶ
2789 3058 3013 3129 μεσίτης
3060 3058 3195 3112 θεοῦ
3237 3059 3334 3112 καὶ
3379 3058 3692 3128 ἀνθρώπιον

2093 3150 2386 3222 ὠνομάσθη
2419 3151 2571 3224 παρά
2598 3149 2692 3204 τοῦ
2731 3149 2946 3203 Παύλου
2969 3153 2996 3203 ὁ
3024 3149 3241 3222 Κύριος.
3289 3151 3346 3203 '0
3377 3148 3489 3219 γάρ
3519 3150 3580 3202 ὲν
3611 3147 3693 3218 τῷ

409 3249 592 3305 diator
643 3247 737 3304 Dei
775 3255 828 3304 et
861 3247 1145 3304 hominum
1199 3241 1266 3302 ".
1301 3240 1437 3302 Nam
1467 3243 1560 3314 qui
1607 3253 1693 3299 est
1721 3243 1774 3298 in
1807 3241 1993 3308 Patre,

2106 3243 2274 3314 Πατρὶ
2309 3240 2406 3304 ὢν,
2461 3242 2556 3296 καὶ
2605 3242 2662 3294 ὲν
2707 3240 3017 3312 ἀνθρώποις
3055 3240 3368 3312 γενόμενος,
3403 3241 3462 3294 ὲν
3506 3239 3688 3310 τούτῳ

410 3349 467 3396 et
501 3347 753 3396 versatus
795 3347 880 3396 est
909 3340 1050 3394 inter
1075 3338 1347 3403 homines,
1383 3335 1439 3391 in
1474 3336 1579 3390 hoc
1615 3334 1803 3406 implet
1837 3349 1991 3389 suam

413 3429 868 3485 intercessionem
919 3427 1065 3498 quod
1098 3443 1292 3483 omnes
1340 3427 1443 3481 sibi
1502 3427 1761 3488 univerit,
1796 3435 1850 3481 et
1899 3440 1997 3494 per

414 3519 657 3590 scipsum
708 3517 882 3581 Patri,
929 3518 1074 3573 sicut
1132 3515 1267 3572 dicit
1311 3515 1577 3570 Dominus
1607 3518 1664 3570 in
1706 3515 1998 3584 Evangelio

414 3609 484 3662 ad
514 3607 730 3663 Patrem
757 3609 922 3663 verba
951 3605 1181 3668 faciens.
1207 3606 1355 3662 Sicut
1395 3617 1474 3671 tu,
1515 3604 1698 3672 Pater,
1724 3607 1781 3660 in
1816 3623 1914 3668 me,
1949 3615 1998 3659 et

414 3721 508 3776 ego
551 3705 605 3758 in
649 3713 717 3766 te,
754 3711 811 3755 ut
841 3712 890 3757 et
921 3701 1022 3771 ipsi
1057 3715 1222 3754 unum
1258 3701 1363 3754 sint
1391 3700 1447 3753 in
1477 3698 1626 3754 nobis
1669 3699 1733 3752 ¹⁸.
1764 3697 1868 3754 Per
1897 3699 2000 3755 hoc

416 3795 563 3850 enim
610 3802 796 3865 aperte
838 3794 1104 3856 ostendit,
1155 3792 1300 3862 quod
1342 3792 1502 3848 nobis
1543 3793 1647 3848 sibi
1676 3792 1868 3854 unitis,
1905 3793 1998 3861 qui

417 3896 506 3944 est
562 3887 616 3942 in
665 3886 850 3950 Patre,
885 3902 980 3957 per
1024 3901 1084 3941 se
1124 3883 1296 3940 efficit
1342 3892 1590 3940 nostram
1657 3899 1782 3939 cum
1840 3884 2002 3939 Patre

361 4038 364 4041 Α
419 3979 886 4050 coniunctionem.
923 3977 1028 4032 Sed
1060 3986 1115 4034 et
1143 3993 1266 4050 quae
1298 3977 1561 4048 deinceps
1601 3985 1911 4047 sequuntur
1945 3977 1998 4031 in

422 4069 739 4141 Evangelio,
787 4071 1123 4125 conveniunt
1189 4086 1316 4125 cum
1383 4070 1450 4124 iis
1503 4085 1627 4140 quae
1663 4068 1809 4124 dicta
1851 4079 2001 4132 sunt,

423 4177 641 4231 nempe,
705 4159 948 4216 Gloriam
991 4177 1152 4232 quam
1196 4161 1393 4216 dedisti
1448 4158 1769 4230 mihi,_dedi
1812 4161 1887 4214 eis
1937 4162 2001 4215 ¹⁹.

425 4253 594 4307 Suam
643 4253 814 4316 enim,
859 4261 920 4306 ut
977 4260 1134 4323 puto,
1179 4252 1269 4307 hic
1298 4251 1433 4307 dicit
1475 4251 1702 4322 gloriam
1740 4248 2004 4321 Spiritum

425 4356 699 4409 sanctum,
735 4361 896 4415 quem
937 4345 1089 4400 dedit
1116 4344 1402 4416 discipulis
1432 4359 1528 4414 per
1557 4343 2002 4398 insufﬂationem.

425 4438 613 4508 Neque
663 4439 807 4492 enim
860 4445 1096 4508 possunt
1143 4437 1303 4492 aliter
1355 4436 1499 4491 uniri
1537 4435 1631 4506 qui
1683 4443 1813 4491 sunt
1868 4449 1899 4487 a
1949 4449 2008 4490 se

427 4530 661 4584 invicem
712 4527 1002 4597 disiuncti.
1058 4527 1164 4582 nisi
1206 4527 1416 4581 unitate
1471 4523 1714 4596 Spiritus
1742 4524 1906 4580 simul
1952 4525 2006 4580 in

2100 3333 2300 3404 πληροῖ
2331 3334 2429 3405 τὴν
2464 3332 2762 3404 μεσιτείαν,
2790 3334 2848 3386 ὲν
2876 3332 2955 3403 τῷ
2999 3332 3179 3404 ἑαυτῷ
3219 3332 3429 3395 πάντας
3463 3332 3692 3393 ἑνῶσαι,

2099 3427 2193 3479 καὶ
2217 3425 2283 3479 δι’
2315 3424 2512 3478 ἑαυτοῦ
2541 3424 2618 3496 τῷ
2654 3425 2850 3494 Πατρὶ,
2887 3424 3069 3490 καθώς
3097 3443 3261 3497 φησιν
3304 3426 3363 3478 ὲν
3393 3423 3470 3494 τῷ
3507 3425 3694 3492 Εὐαγ-

2099 3519 2264 3589 γελίφ
2294 3522 2323 3573 6
2353 3519 2577 3591 Κύριος,
2619 3520 2755 3591 πρὸς
2783 3519 2877 3574 τὸν
2911 3520 3130 3592 Πατέρα
3169 3519 3261 3573 τὸν
3313 3521 3472 3589 λόγον
3504 3520 3696 3573 ποιού-

2103 3627 2283 3680 μενος·
2301 3609 2505 3674 Καθὼς
2519 3609 2621 3676 σὺ,
2652 3611 2866 3680 Πάτερ,
2886 3612 2956 3665 ἐν
2974 3611 3124 3680 ἐμοὶ,
3157 3611 3316 3680 κάγὼ
3339 3612 3410 3665 ἐν
3437 3612 3561 3676 στι),
3592 3613 3697 3666 ἵνα

2101 3703 2254 3756 οὕτω
2294 3701 2557 3757 κάκεῖνοι
2586 3703 2656 3756 ἐν
2679 3703 2824 3772 ἡμῖν
2849 3703 2919 3757 ἐν
2945 3699 3114 3758 ὦσιν.
3148 3704 3340 3773 Σαφῶς
3359 3703 3522 3757 τοῦτο
3557 3721 3698 3775 παρ-

2107 3793 2336 3862 ίστησιν,
2395 3793 2478 3846 ὅτι.
2517 3792 2696 3863 ἐαυτῷ
2727 3795 2872 3864 ἡμᾶς
2898 3792 3107 3856 ἐνώσας
3154 3790 3184 3846 6
3211 3794 3268 3845 ὲν
3304 3792 3383 3862 τῷ
3412 3794 3591 3865 Πατρὶ
3621 3795 3698 3846 ὣν

2103 3885 2168 3939 δι’
2187 3883 2381 3938 ἑαυτοῦ
2402 3885 2504 3954 τὴν
2527 3884 2664 3954 πρὸς
2684 3884 2775 3938 τὸν
2789 3885 3006 3957 Πατέρα
3031 3885 3324 3953 συνάφειαν
3346 3886 3381 3955 ἡ
3390 3885 3508 3955 μῶν
3529 3887 3700 3956 ἀτερ-

2105 3977 2349 4045 γάζεται.
2399 3975 2556 4028 Ἀλλὰ
2587 3977 2681 4030 καὶ
2715 3975 2784 4030 τὰ
2813 3975 3014 4046 ἐφεξῆς
3043 3975 3137 4030 τοῦ
3190 3973 3533 4044 Εὑαγγελίου
3583 3994 3703 4029 συν-

2105 4068 2221 4140 ᾲδει
2255 4070 2368 4131 τοῖς
2401 4067 2743 4138 είρημένοις’
2779 4066 2901 4134 Τὴν
2933 4067 3123 4129 δόξαν
3166 4065 3248 4135 ἦν
3274 4065 3547 4135 δέδωκάς
3572 4086 3696 4136 μοι,

2062 4219 2065 4221 _
2105 4158 2334 4212 δέδωκα
2359 4158 2582 4226 αὐτοῖς.
2619 4157 2786 4223 Δόξαν
2812 4159 2921 4228 γὰρ
2952 4157 3184 4212 ἐνταῦθα
3216 4158 3396 4228 λέγειν
3430 4159 3600 4213 αὐτὸν
3625 4153 3698 4212 οἷ-

2109 4269 2206 4321 μαι
2239 4251 2299 4304 τὸ
2334 4250 2559 4321 Πνεῦμα
2593 4251 2654 4304 τὸ
2687 4250 2864 4319 ἅγιον,
2896 4251 2926 4303 6
2955 4251 3122 4304 ἔδωκε
3165 4253 3278 4314 τοῖς
3308 4251 3591 4322 μαθηταῖς
3617 4251 3702 4305 διὰ

2106 4344 2200 4398 τοῦ
2231 4345 2710 4415 προσφυσήματος.
2745 4344 2819 4397 Οὑ
2869 4342 2980 4415 γὰρ
3025 4343 3170 4397 ἔστιν
3219 4343 3395 4407 ἄλλως
3430 4345 3700 4415 ένωθῆναι

2107 4438 2232 4501 τοὺς
2273 4437 2367 4490 ἀπ’
2413 4435 2657 4506 ἀλλήλων
2690 4436 3061 4506 διεστηκότας,
3101 4437 3177 4508 μὴ
3227 4439 3292 4506 τῇ
3346 4437 3571 4507 ὲνότητι
3609 4436 3700 4490 τοῦ

2109 4526 2425 4596 Πνεύματος
2467 4525 2900 4596 συμφυομένους.
2938 4529 3010 4580 El
3035 4526 3147 4596 γάρ
3169 4544 3258 4592 τις
3286 4527 3541 4597 Πνεῦμα
3577 4531 3703 4596 Χρι-

427 4637 592 4675 tunam
634 4620 1044 4690 coniungantur
1084 4628 1361 4674 naturam.
1409 4615 1468 4672 Si
1511 4617 1630 4687 quis
1669 4617 1808 4670 enim
1833 4616 1993 4685 Spiri-

2106 4619 2254 4673 στοῦ
2270 4619 2380 4671 οὐκ
2397 4617 2541 4686 ἔχει,
2559 4613 2736 4684 οὗτος
2753 4619 2864 4672 οὐκ
2885 4618 3057 4672 ἐστιν
3079 4617 3285 4672 αὐτοῦ.
3310 4617 3384 4671 Τὸ
3397 4619 3456 4671 δὲ
3475 4620 3699 4690 Πνεῦμα

427 4720 538 4763 tum
574 4708 772 4762 Christi
823 4724 928 4762 non
956 4708 1132 4772 habet,
1171 4708 1218 4761 is
1253 4723 1358 4760 non
1391 4715 1470 4760 est
1504 4704 1618 4774 ejus
1657 4704 1729 4758 ’°.
1767 4704 2004 4773 Spiritus

426 4812 609 4856 autem
645 4807 730 4855 est
761 4801 952 4870 gloria,
996 4809 1055 4853 ut
1097 4800 1226 4853 alibi
1270 4797 1402 4852 dicit
1435 4795 1603 4860 Patri,
1636 4793 1893 4865 Gloriﬁca
1926 4811 2009 4849 me

425 4893 599 4962 glnria
621 4906 781 4960 quam
809 4890 970 4944 habui
1004 4890 1145 4960 apud
1172 4900 1220 4944 te
1251 4889 1316 4944 ab
1342 4889 1515 4954 initio,
1542 4897 1826 4958 antequam
1849 4903 2005 4940 mun-

427 4988 527 5039 dus
561 4997 690 5040 esset
712 4986 778 5039 ".
813 4985 954 5041 Deus
986 4986 1129 5038 enim
1159 4982 1421 5049 Verbum,
1453 4982 1545 5052 qui
1578 4993 1702 5036 ante
1743 4981 2006 5034 mundum

427 5075 654 5146 gloriam
686 5071 866 5128 Patris
899 5072 1152 5139 habebat,
1175 5077 1464 5143 postquam
1498 5072 1551 5126 in
1581 5071 1788 5126 ultimis
1816 5070 2010 5125 diebus

429 5185 560 5220 mro
591 5167 768 5222 factus
793 5176 878 5222 est
904 5185 916 5221 :
949 5167 1240 5237 oportebat
1269 5173 1453 5220 autem
1487 5179 1712 5218 carnem
1768 5179 2010 5234 quoque,

431 5274 528 5323 per
560 5259 1118 5327 contemperationem
1150 5272 1275 5312 cum
1298 5252 1500 5320 Verbo,
1534 5254 1669 5309 illud
1697 5253 1834 5310 edici
1866 5255 2013 5326 quod

430 5358 514 5401 est
548 5348 832 5413 Verbum;
889 5349 1156 5402 titantem
1213 5345 1535 5416 accipiendo
1591 5345 1645 5401 id
1685 5345 1832 5416 quod
1888 5355 2017 5400 ante

433 5440 696 5492 mundum
733 5439 922 5494 habuit
954 5440 1210 5505 Verbum;
1246 5437 1302 5492 id
1359 5449 1538 5493 autent
1597 5446 1718 5492 erat
1778 5437 2018 5508 Spiritus

435 5540 680 5592 sanctus,
718 5529 901 5602 Neque
930 5531 1075 5588 enim
1103 5529 1251 5585 aliud
1280 5538 1367 5586 est
1397 5538 1524 5586 ante
1552 5528 1751 5585 saecula
1775 5570 1791 5596 ,
1823 5537 2019 5600 praeter

2113 4713 2146 4781 ἡ
2175 4709 2300 4774 δόξα
2333 4710 2470 4772 ἐστὶ,
2500 4707 2681 4772 καθώς
2714 4726 2876 4780 φησιν
2908 4709 3135 4780 ἑτέρωθι
3164 4710 3300 4780 πρὸς
3330 4710 3425 4763 τὸν
3456 4713 3697 4784 Πατέρα,

2115 4800 2388 4864 Δόξασόν
2407 4818 2484 4870 με
2515 4798 2590 4869 τῇ
2617 4799 2769 4869 δόξῃ
2792 4799 2872 4868 ἢν
2889 4797 3058 4870 εἶχον
3080 4801 3180 4855 ἀπ’
3204 4801 3402 4871 ἀρχῆς
3423 4805 3589 4870 παρὰ
3609 4804 3703 4857 σοι

2116 4895 2228 4963 πρὸ
2261 4893 2368 4947 τοῦ
2399 4892 2506 4946 τὸν
2552 4894 2784 4963 κόσμον
2816 4889 2990 4948 εἶναι.
3034 4894 3092 4947 Ὀ
3133 4893 3237 4963 γὰρ
3287 4893 3423 4958 Θεὸς
3473 4896 3650 4964 Λόγος
3675 4898 3700 4949 6

2118 4984 2225 5056 πρὸ
2257 4984 2466 5054 κόσμου
2511 4983 2648 5054 ἔχων
2682 4985 2782 5054 τὴν
2808 4983 2903 5037 τοῦ
2936 4984 3151 5055 Πατρδς
3181 4983 3358 5050 δόξαν,
3393 4987 3589 5059 ἐπειδὴ
3617 4989 3699 5039 ἐπ’

2117 5078 2361 5147 ἐσχάτων
2387 5075 2496 5128 τῶν
2533 5075 2756 5146 ἡμερῶν
2788 5074 2923 5146 σὰρξ
2965 5076 3212 5143 ἐγένετο·
3255 5076 3363 5130 ἔδει
3400 5076 3459 5130 δὲ
3489 5078 3588 5131 καὶ
3611 5079 3698 5148 τὴν

2121 5169 2302 5240 σάρκα
2343 5167 2432 5220 διὰ
2467 5167 2565 5236 τῆς
2607 5168 2746 5238 πρὸς
2798 5169 2889 5220 τὸν
2919 5167 3093 5235 Λόγον
3126 5167 3488 5238 ἀνακράσεως
3534 5170 3698 5222 έκεῖνο

2118 5258 2394 5328 γενέσθαι.
2424 5259 2560 5330 ὅπερ
2585 5259 2800 5327 ὸΛόγος
2819 5260 2984 5313 ἐστίν·
3015 5260 3222 5328 γίνεται
3238 5259 3297 5313 δὲ
3316 5262 3381 5312 ὲκ
3407 5260 3503 5313 τοῦ
3531 5263 3695 5314 έκεῖνο

2119 5348 2324 5411 λαϐεῖν,
2354 5348 2383 5401 ὃ
2416 5348 2521 5421 πρὸ
2549 5348 2640 5402 τοῦ
2673 5349 2878 5419 κόσμου
2910 5345 3057 5419 εἶχεν
3079 5351 3107 5402 ὁ
3127 5349 3317 5416 Λόγος.
3353 5347 3532 5403 Τοῦτο
3557 5351 3611 5404 δὲ
3636 5347 3694 5420 ἦν

2121 5440 2182 5494 τὸ
2215 5437 2439 5510 Πνεῦμα
2487 5441 2549 5492 τὸ
2595 5441 2785 5508 ἅγιον·
2813 5440 2969 5493 οὐδὲν
3018 5441 3127 5512 γὰρ
3175 5441 3306 5496 ἄλλο
3354 5443 3688 5515 προαιιῖηιον,

2111 5533 2251 5602 πλὴν
2299 5531 2512 5604 Ila-:96;
2559 5533 2652 5584 καὶ
2694 5531 2824 5585 Υἱοῦ
2877 5532 2972 5585 καὶ
3001 5533 3157 5597 ἁγίου
3208 5532 3562 5604 ιἸνεὺματ-οςέ
3614 5534 3689 5590 διὰ

521 5693 564 5724 ¹⁴
606 5691 737 5748 Luc.
788 5707 848 5747 ιι
949 5692 1034 5748 ιι.
1116 5691 1158 5722 ’⁷
1199 5689 1390 5746 lTim.
1436 5705 1496 5754 Il,
1546 5686 1606 5741 5.
1684 5687 1728 5720 ¹⁸
1765 5687 1921 5744 Joan.
1961 5706 1991 5744 x

2135 5693 2190 5748 2.
2269 5692 2310 5724 ¹⁹
2345 5690 2486 5748 ibid.
2513 5691 2603 5748 22.
2682 5694 2726 5725 ²⁰
2765 5693 3062 5761 Romam",
3085 5696 3140 5752 9.
3219 5693 3437 5755 "Joan.
3466 5713 3603 5765 xm,
3635 5697 3681 5751 5.
