3838 6220
136 315 266 371 1521

754 321 818 375 ΙΝ
852 323 1074 389 ILLUD,
1116 325 1298 380 TUNC
1332 325 1481 379 IPSE
1521 323 1742 380 FILIUS
1772 323 2237 389 SUBJICIETUR,
2270 324 2445 390 ETC.,
2490 323 2770 379 ORATIO.

3237 325 3376 383 132%
3461 293 3464 297 ’

132 431 290 482 τοῦτο
317 430 414 484 καὶ
447 431 682 486 ἐνταῦθά
714 452 902 506 φησιν.
940 437 1022 489 ὅτι
1060 438 1179 504 Τὴν
1215 439 1403 502 δόξαν
1428 438 1507 506 ἢν
1537 439 1716 492 δέδω-

1835 439 2034 492 Patrem
2065 449 2118 492 et
2150 438 2349 492 Filium
2381 445 2435 492 et
2468 435 2732 508 Spiritum
2764 448 3016 494 sanctum
3047 463 3056 494 :
3106 454 3390 511 propterea

134 519 247 586 κάς
275 539 395 590 μοι,
439 523 670 579 δέδωκα
711 529 934 595 αὐτοῖς,
980 530 1064 584 ἵνα
1097 531 1164 583 δι’
1199 533 1367 603 αὐτῆς
1411 533 1533 602 ἐμοὶ
1575 534 1706 586 ἐνωι-

134 611 300 665 θώσιν
333 615 427 667 καὶ
464 614 530 666 δι’
561 616 695 686 ἐμοῦ
732 619 836 672 σοί.

209 705 437 774 Ἰδωμεν
467 708 524 758 δὲ
553 709 646 761 καὶ
683 710 751 761 τὰ
777 711 973 782 ἐφεξῆς
1001 713 1058 766 ὲν
1082 713 1161 783 τῷ
1188 715 1502 787 Εὑαγγελίῳ
1536 733 1710 788 προσ-

137 795 381 863 κείμεναο
415 798 548 853 Ἵνα
567 794 720 853 ὦσιν
751 801 822 854 ἓν
856 802 1048 868 καθὼς
1077 803 1246 872 ἡμεῖς
1275 805 1344 858 ἕν
1374 806 1582 874 ἐσμεν.
1628 805 1710 858 Σὺ

136 887 206 937 ἐν
235 888 388 954 ἐμοὶ,
412 891 575 959 κάγὼ
591 892 662 944 ἐν
691 893 918 959 αὐτοῖς,
941 893 1031 947 ὅτι
1049 895 1162 964 ἐγὼ
1183 897 1376 949 καὶσὺ
1407 898 1476 950 ἓν
1503 899 1712 967 ἐσμεν,

135 979 239 1032 ira
263 975 374 1032 ὦσι
400 985 833 1052 τετελειωμένοι
857 988 940 1051 εὶς
956 985 1020 1038 τὸ
1037 986 1314 1042 ἓν.Ταῦτα
1336 990 1444 1060 γὰρ
1458 991 1712 1060 οὐδεμιᾶς

140 1071 524 1142 ἐπεξηγήσεως
553 1069 706 1144 οἶμαι
746 1075 968 1146 χρῄζειν
1009 1078 1144 1148 πρὸς
1181 1078 1241 1130 τὸ
1277 1082 1713 1150 συναρμοσθῆναι

138 1161 218 1230 τῷ
249 1165 594 1234 προκειμένῳ
622 1167 872 1236 νοήματι,
907 1169 1076 1237 αὐτῆς
1109 1169 1351 1240 φανερῶς
1393 1173 1492 1240 τῆς
1519 1171 1715 1235 λέξεως

139 1254 199 1304 τὸ
255 1255 380 1325 περὶ
417 1254 621 1307 τούτων
661 1257 835 1327 δόγμα
887 1260 1257 1331 ὲκτιθεμένης.
1302 1262 1433 1316 Ἵνα
1453 1257 1605 1316 ὦσιν
1624 1263 1714 1327 ἓν,

139 1346 333 1412 καθὼς
363 1347 532 1415 ἡμεῖς
562 1349 632 1401 ἓν
659 1350 866 1419 ἐσμεν.
899 1354 972 1405 Ού
1021 1355 1129 1424 γάρ
1157 1356 1272 1406 ἐστι
1297 1355 1518 1409 δυνατὸν
1545 1356 1718 1420 ἄλλως

140 1440 270 1502 τοὺς
304 1438 509 1502 πάντας
539 1441 598 1492 ἓν
631 1441 906 1508 γενέσθαι,
936 1442 1118 1507 καθὼς
1159 1447 1319 1515 ἡμεῖς
1363 1449 1531 1517 ἐσμεν
1564 1447 1642 1510 ἓν,
1671 1449 1717 1500 εἰ

145 1532 221 1600 μὴ
251 1531 466 1583 πάντων
511 1532 618 1585 τῶν
645 1533 740 1586 ἀπ’
786 1535 1029 1606 ἀλλήλων
1061 1538 1255 1602 αὐτοὺς
1297 1537 1720 1610 διαμεριζόντων

142 1622 523 1692 χωρισθέντες,
567 1625 816 1678 ἐνωθεῖεν
865 1629 995 1697 ἡμῖν
1045 1629 1238 1690 οἵτινές
1279 1631 1444 1698 ἐσμεν
1492 1631 1584 1683 ’ἐν’
1635 1631 1721 1683 ἴνα

141 1710 280 1768 ὦσιν
312 1715 391 1780 ἓν,
418 1716 599 1779 καθὼς
627 1719 786 1787 ἡμεῖς
831 1721 997 1788 ἐσμεν
1038 1721 1116 1773 ἓν.
1149 1721 1320 1774 Τοῦτο
1357 1722 1414 1775 δὲ
1436 1722 1552 1785 πῶς
1576 1723 1721 1790 γενε-

141 1825 257 1871 ται,
299 1807 379 1861 ὃτι
427 1807 538 1876 ἐγὼ
585 1811 641 1861 ἐν
673 1811 888 1875 αὑτοῖςς
937 1812 1012 1864 Οὐ
1047 1813 1154 1882 γάρ
1205 1815 1321 1866 ἐστι
1353 1814 1576 1867 δυνατὸν
1617 1817 1718 1884 ἐμὲ
1752 1792 1791 1845 Β

143 1898 398 1964 γενέσθαι
423 1901 580 1970 μόνον
602 1902 886 1966 ὲναύτοῖς,
907 1902 1043 1956 ἀλλά
1069 1905 1285 1965 πάντως
1307 1905 1399 1958 καὶ
1430 1907 1510 1970 σὲ,
1533 1906 1718 1977 ἐπειδὴ

142 1990 260 2058 ἐγὼ
303 1991 398 2043 καὶ
451 1993 514 2044 σὺ
546 1992 604 2044 ἓν
657 1994 850 2064 ἐσμεν·
877 1996 972 2048 καὶ
1016 1995 1189 2059 οὕτως
1215 1998 1532 2068 γενήσονται
1573 2014 1721 2050 τετε-

142 2083 433 2151 λειωμένοι
461 2085 541 2146 εἰς
583 2083 644 2136 τὸ
669 2083 746 2150 ἓν,
787 2087 838 2138 οἱ
864 2087 922 2138 ἐν
955 2089 1088 2158 ἡμῖν
1129 2087 1530 2150 τελειωθέντες·
1561 2089 1723 2158 ἡμεῖς

143 2173 256 2243 γάρ
279 2175 339 2226 τὸ
364 2174 442 2227 ἓν.
474 2176 584 2245 Τὴν
622 2176 678 2228 δὲ
706 2177 960 2248 τοιαύτην
997 2179 1156 2249 χάριν
1190 2179 1564 2250 φανερώτερον
1607 2179 1725 2232 δια-

147 2267 407 2335 σημαίνει
433 2266 511 2335 τῷ
541 2267 740 2336 ἐφεξῆς
767 2268 909 2340 λόγῳ
935 2268 1107 2330 οὕτως
1131 2269 1322 2333 εἰπὼν,
1351 2271 1433 2323 ὅτι
1462 2270 1726 2339 Ἦγὰπη-

144 2375 268 2422 σας
297 2358 518 2422 αὐτοὺς
547 2361 742 2424 καθὼς
763 2359 868 2427 ἐμὲ
888 2359 1228 2430 ἠγάπησας-
1257 2362 1319 2414 Εἰ
1347 2361 1454 2432 γὰρ
1482 2363 1511 2414 ὁ
1539 2362 1728 2432 Πατὴρ

146 2449 343 2517 ἀγαπᾷ
383 2447 474 2500 τὸν
508 2448 656 2510 Υἱὸν,
689 2449 746 2500 ὲν
772 2447 829 2500 δὲ
873 2446 951 2517 τῷ
981 2447 1096 2518 Υἱῷ
1137 2447 1337 2510 πάντες
1379 2447 1641 2517 γινόμεθα
1677 2449 1727 2500 οἱ

145 2540 236 2592 διὰ
265 2540 367 2609 τῆς
407 2541 488 2603 εἰς
532 2540 695 2593 αὐτὸν
730 2540 965 2602 πίστεως
1011 2538 1168 2608 σῶμα
1219 2538 1384 2592 αὐτοῦ
1433 2539 1726 2608 γινόμενοι,

148 2628 464 2692 ἀκολούθως
509 2630 537 2681 6
579 2629 672 2681 τὸν
707 2629 834 2680 Υἱὺν
886 2628 1079 2681 ἑαυτοῦ
1129 2628 1357 2696 ἀγαπῶν
1399 2628 1590 2699 ἀγαπᾷ
1635 2630 1730 2681 καὶ

148 2720 246 2784 τρῦ
282 2719 413 2772 Υἱοῦ
459 2718 520 2771 τὸ
549 2719 707 2789 σῶμα
735 2719 811 2781 ὡς
851 2718 1011 2771 αὑτὸν
1049 2718 1141 2771 τὸν
1186 2718 1333 2771 Υἱόν.
1372 2717 1559 2789 Ἡμεῖς
1587 2718 1644 2772 δὲ
1670 2719 1732 2789 τὸ

152 2813 340 2882 σῶμα.
376 2810 583 2864 Οὐκοῦν
610 2813 839 2882 φανερὸν
868 2810 956 2864 διὰ
987 2810 1096 2864 τῶν
1122 2811 1428 2882 εἰρημένων
1453 2811 1642 2880 γέγονε
1670 2812 1732 2864 τὸ

149 2903 512 2956 ἀτοστολικὸν
558 2903 754 2972 νόημα,
786 2904 868 2956 ὅτι
913 2902 1094 2972 πάσης
1142 2903 1488 2974 ἀνθρωπίνης
1521 2904 1735 2973 φύσεως

149 3000 256 3068 τὴν
283 2997 576 3066 γινομένην
603 2996 698 3048 τοῦ
731 2996 883 3059 ὄντος
924 2996 1216 3064 ὲπίγνωσίν
1247 3013 1306 3049 τε
1341 2998 1436 3049 καὶ
1461 2997 1736 3068 σωτηρίαν

152 3092 187 3158 ἡ
219 3088 316 3141 τοῦ
348 3088 480 3140 Υἱοῦ
511 3090 646 3158 πρὸς
691 3089 781 3143 τὸν
814 3089 1033 3160 Πατέρα
1077 3089 1323 3159 ὑποταγὴ
1368 3089 1730 3160 διασημαίνει.

153 3182 502 3252 Σαφέστερος
522 3182 580 3234 δὲ
608 3182 805 3250 γένοιτ’
831 3181 896 3234 ἂν
921 3183 1053 3251 ἡμῖν
1090 3183 1118 3235 6
1143 3181 1298 3249 λόγος
1326 3182 1419 3235 καὶ
1451 3181 1510 3246 ἐξ
1537 3180 1738 3252 ἐτέρων

152 3275 322 3327 τινῶν
355 3274 726 3328 ἀποστολικῶν
752 3274 1058 3345 νοημάτων,
1082 3273 1140 3338 ἐξ
1161 3272 1234 3327 ὧν
1263 3275 1380 3338 ἐνὸς
1405 3273 1740 3345 ἐπιμνησθή-

156 3384 330 3436 σομαι
368 3366 552 3435 μόνου,
582 3366 681 3429 τὰς
711 3366 909 3429 πολλὰς
935 3367 1043 3420 τῶν
1078 3367 1391 3437 μαρτυριῶν
1433 3367 1737 3428 εὐλαϐείας,

154 3455 256 3507 τοῦ
289 3454 366 3524 μὴ
386 3456 466 3517 εἰς
497 3455 698 3525 πλῆθος
730 3455 967 3510 ἐκτεῖναι
1001 3455 1091 3510 τὸν
1114 3455 1292 3524 λόγον,
1327 3456 1676 3528 παραιτησάμ
1689 3473 1743 3508 ε-

156 3565 273 3606 νος.
302 3546 440 3616 Φησὶ
477 3546 584 3616 γάρ
622 3564 726 3600 που
763 3547 872 3600 τῶν
915 3547 1112 3600 ἑαυτοῦ
1140 3548 1314 3617 λόγων
1345 3550 1374 3602 ὁ
1403 3548 1632 3610 Παῦλος,
1659 3548 1742 3600 ὅτι

156 3637 398 3706 Χριστῷ
449 3641 942 3708 συνεσταύρωμαι
965 3656 978 3670 ·
1029 3638 1101 3700 ζῶ
1145 3640 1214 3693 δὲ
1263 3640 1460 3694 οὐκέτι
1505 3641 1640 3710 ἐγὼ,
1674 3639 1743 3708 ζῆ

255 3731 328 3783 ἐν
360 3729 490 3798 ἐμοὶ
521 3733 792 3799 Χριστός.
826 3729 1032 3783 Οὐκοῦν
1065 3733 1113 3782 εἰ
1151 3731 1346 3801 μηκέτι
1370 3733 1399 3785 6
1446 3731 1655 3794 Παῦλος
1675 3731 1740 3803 ζῇ

156 3823 189 3874 ὁ
214 3818 294 3889 τῷ
316 3817 537 3889 Χριστῷ
552 3836 754 3872 συσταυ
764 3818 975 3889 ρωθεὶς,
989 3817 1143 3871 ἁλλ’ὁ
1163 3820 1394 3890 Χριστὸς
1415 3822 1472 3872 ὲν
1487 3820 1635 3890 αὐτῷ
1651 3821 1740 3891 ζῇ,

161 3913 277 3965 πᾶν
301 3911 363 3964 τὸ
390 3910 543 3981 παρά
565 3911 657 3963 τοῦ
686 3911 898 3964 Παύλου
923 3912 1204 3983 γινόμενόν
1250 3929 1310 3964 τε
1334 3913 1428 3964 καὶ
1456 3911 1744 3982 λεγόμενον

160 4005 397 4066 εἰκότως
425 4004 507 4066 εὶς
540 4003 633 4055 τὸν
671 4005 729 4057 ὲν
751 4003 901 4073 αὐτῷ
929 4004 1105 4068 ζῶντα
1131 4003 1362 4074 Χριστὸν
1390 4004 1740 4074 ἀναφέρεται.

161 4094 280 4148 Καὶ
309 4093 420 4162 γὰρ
457 4092 527 4145 τὰ
555 4094 773 4163 ῥήματα
811 4092 905 4145 τοῦ
952 4091 1163 4145 Παύλου
1196 4091 1348 4162 παρά
1385 4091 1478 4144 τοῦ
1508 4089 1742 4161 Χριστοῦ

161 4183 450 4239 λαλεῖσθαί
483 4201 666 4254 φησιν,
700 4185 729 4236 6
761 4183 957 4237 εἰπών’
991 4185 1061 4239 Ἦ
1095 4183 1348 4252 δοκιμὴν
1372 4180 1592 4250 ζητεῖτε
1625 4181 1732 4236 τοῦ

160 4279 242 4332 ἐν
269 4277 399 4345 ἐμοὶ
447 4276 786 4341 λαλοῦντος
824 4275 1122 4344 Χριστοῦ;
1150 4276 1262 4329 Καὶ
1305 4275 1374 4328 τὰ
1416 4271 1748 4342 εὐαγγελικά

163 4367 574 4438 κατορθώματα
607 4369 706 4420 οὐκ
731 4367 895 4420 αὐτοῦ
929 4385 1092 4438 φησιν
1117 4363 1275 4430 εἶναι,
1306 4366 1441 4419 ἀλλὰ
1469 4368 1534 4437 τῇ
1563 4367 1745 4437 χάριτι

1812 530 1900 583 hic
1929 545 2146 599 quoque
2180 530 2336 593 dicit,
2369 529 2610 584 Gloriam
2643 547 2803 599 quam
2834 529 3030 584 dedisti
3080 533 3244 595 mihi,
3273 535 3392 588 dedi

1809 626 1908 682 eis.
1933 632 1991 678 ut
2037 640 2131 693 per
2162 625 2334 692 ipsam
2367 623 2500 676 mihi
2533 632 2718 677 essent
2749 623 2908 687 uniti,
2951 632 3003 677 ct
3039 641 3133 694 per
3165 641 3248 680 me
3275 627 3389 678 tibi.

1886 714 2178 768 Videamus
2207 723 2386 767 autem
2428 729 2491 769 ea
2525 730 2744 784 quoque
2775 731 2895 784 qua:
2951 715 3210 784 deinceps
3265 732 3391 784 pm-

1813 807 1989 876 pOsita
2023 815 2151 862 sunt
2183 807 2234 859 in
2269 805 2600 876 Evangelio:
2649 804 2716 859 Ut
2768 809 2872 859 sint
2905 824 3063 859 unum
3116 809 3252 860 sicut
3301 824 3393 860 uos

1814 914 1977 950 unum
2005 914 2209 951 sumus.
2243 897 2320 950 Tu
2348 899 2403 952 in
2435 915 2538 962 me,
2567 908 2614 951 et
2643 914 2736 967 ego
2763 899 2817 950 in
2845 900 2995 966 ipsis,
3023 900 3271 968 quoniam
3301 916 3394 968 ego

1813 997 1861 1041 et
1893 999 1948 1040 tu
1980 1004 2139 1041 unum
2173 1005 2376 1049 sumus,
2407 997 2464 1040 ut
2504 990 2608 1042 sint
2641 989 2694 1041 in
2738 1005 2899 1041 unum
2932 989 3230 1057 perfecti".
3271 989 3394 1042 “3:1:

1813 1080 1956 1132 enim
1985 1080 2370 1134 existimonon
2404 1096 2561 1147 cgere
2594 1081 2701 1133 ulla
2763 1081 3125 1148 evpositione,
3170 1079 3237 1133 ad
3289 1082 3393 1134 hoc

1815 1178 1875 1224 ut
1907 1172 2090 1225 sensui
2123 1173 2403 1241 proposito
2433 1180 2762 1241 congruant,
2793 1187 2916 1224 cum
2966 1173 3085 1241 ipsa
3117 1173 3287 1227 dictio
3325 1173 3393 1226 de

1817 1261 1902 1314 his
1928 1261 2123 1331 dogma
2150 1270 2336 1331 aperte
2366 1271 2620 1330 exponat.
2667 1261 2734 1314 Ut
2766 1264 2872 1315 sint
2908 1279 3092 1324 unum,
3137 1265 3275 1316 sicut
3301 1281 3393 1317 nos

1817 1369 1980 1405 unum
2029 1369 2230 1406 sumus.
2272 1353 2457 1423 Neque
2514 1355 2656 1409 enim
2699 1356 2857 1408 aliter
2894 1356 3006 1410 ﬁeri
3066 1365 3273 1426 potest,
3337 1365 3396 1412 nt

1818 1461 2009 1500 omnes
2038 1463 2206 1500 unum
2249 1447 2400 1508 ﬁant,
2454 1447 2598 1502 sicut
2660 1463 2761 1503 nos
2796 1465 2963 1503 unum
3018 1465 3231 1514 sumus,
3288 1451 3392 1502 nisi

1819 1539 2056 1608 separati
2080 1539 2149 1592 ab
2178 1540 2434 1593 omnibus
2461 1555 2582 1610 quae
2612 1542 2681 1594 ab
2704 1541 2933 1596 invicem
2963 1542 3086 1596 illos
3122 1541 3392 1609 dividunt,

1823 1632 1980 1685 nobis
2016 1629 2216 1684 fuerint
2249 1631 2405 1693 uniti,
2460 1641 2518 1684 ut
2573 1633 2680 1687 sint
2715 1647 2904 1694 unum,
2939 1632 3394 1701 quemadmodum

1822 1738 1923 1778 nos
1959 1739 2124 1776 unum
2158 1738 2368 1777 sumus.
2406 1724 2520 1776 Hoc
2551 1732 2730 1776 autem
2761 1724 3036 1790 quomodo
3070 1723 3148 1788 lit,
3182 1730 3239 1775 ut
3295 1738 3396 1791 ego

1821 1816 1923 1870 sim
1957 1815 2010 1868 in
2045 1815 2162 1868 eis?
2188 1813 2306 1866 Non
2341 1822 2517 1883 potest
2548 1817 2693 1868 enim
2733 1814 2847 1869 fieri
2885 1823 2945 1867 nt
2982 1828 3081 1884 ego
3111 1815 3263 1868 solus
3291 1814 3393 1868 sim

1822 1906 1875 1959 in
1907 1905 2010 1969 eis,
2043 1905 2137 1959 sed
2172 1905 2394 1958 omnino
2433 1911 2492 1958 tu
2525 1921 2760 1974 quoque,
2814 1903 3256 1975 quandoquidem
3297 1920 3398 1972 ego

1821 2002 1874 2046 et
1901 2001 1956 2046 tu
1989 2008 2154 2046 unum
2193 2009 2422 2059 sumus;
2455 2001 2509 2048 et
2541 1994 2616 2048 ita
2651 1994 2777 2049 fient
2809 1995 2863 2048 in
2911 2009 3077 2047 unum
3143 1993 3393 2064 perfecti,

1824 2083 1916 2151 qui
1944 2083 1997 2136 in
2030 2083 2187 2137 nobis
2213 2082 2438 2152 perfecti
2471 2082 2713 2138 fuerint:
2762 2100 2862 2139 nos
2900 2085 3045 2138 enim
3101 2099 3268 2137 unum
3301 2099 3396 2137 su-

1826 2190 1969 2229 lllllS.
2007 2173 2158 2230 Hanc
2182 2185 2360 2230 autem
2384 2176 2613 2245 gratiam
2644 2178 2886 2246 apertius
2923 2175 3192 2244 signiﬁcat
3228 2189 3321 2244 per
3345 2173 3396 2227 id

1827 2269 1969 2338 quod
2001 2269 2256 2338 deinceps
2280 2271 2496 2336 dicitur,
2513 2281 2731 2337 nempe:
2750 2267 2993 2321 Dilexisti
3015 2283 3124 2330 eos,
3148 2268 3282 2320 sicut
3319 2283 3400 2320 me

1827 2360 2145 2414 dilexisti".
2179 2359 2236 2414 Si
2264 2369 2441 2414 autem
2461 2360 2619 2412 Pater
2643 2358 2814 2428 diligit
2839 2357 3266 2420 Filium,sumus
3297 2374 3396 2412 au-

1829 2463 1935 2508 tem
1967 2469 2158 2508 omnes
2186 2454 2241 2507 in
2269 2453 2428 2512 Filio,
2459 2452 2549 2522 qui
2580 2465 2674 2520 per
2703 2450 2860 2505 fidem
2891 2451 2946 2504 in
2978 2467 3100 2505 eum
3128 2450 3249 2520 ejus
3278 2466 3400 2504 cors

1830 2561 1933 2615 pns
1960 2544 2244 2607 efﬁcimur,
2277 2555 2674 2613 consequenter
2701 2542 2792 2612 qui
2826 2541 3025 2595 Filium
3055 2557 3214 2595 suum
3275 2542 3402 2596 dili-

1831 2639 1927 2707 git,
1959 2638 2119 2690 etiam
2149 2649 2348 2705 corpus
2377 2635 2498 2689 Filii
2527 2633 2706 2702 diligit
2736 2642 2795 2687 ut
2827 2635 3002 2703 ipsum
3035 2632 3252 2687 Filium.
3291 2633 3406 2686 Nos

1835 2738 2012 2783 autem
2045 2727 2178 2782 illud
2227 2743 2417 2782 sumus
2450 2741 2670 2795 corpus.
2727 2723 2831 2780 Per
2859 2740 2921 2779 ea
2949 2740 3080 2795 ergo
3115 2741 3236 2794 qua:
3262 2724 3404 2778 dicta

1836 2828 1963 2874 sunt
1988 2819 2044 2872 fit
2069 2818 2393 2888 perspicuus
2425 2831 2622 2872 sensus
2659 2815 3015 2886 apostolicus,
3044 2830 3238 2884 nempe
3260 2816 3403 2884 quod

1837 2926 1931 2980 per
1959 2925 2101 2971 eam,
2130 2925 2236 2979 qua
2267 2907 2412 2961 Patri
2441 2907 2614 2961 Filius
2639 2907 2952 2974 subjicitur,
3008 2905 3404 2976 subjectionem

1837 3003 2177 3072 signiﬁcetur
2206 2999 2470 3070 cognitio,
2504 3013 2612 3067 qua
2645 3012 2768 3051 eum
2793 2997 2885 3066 qui
2917 3011 3104 3050 revera
3131 3003 3215 3050 est
3239 3010 3409 3064 agno-

1766 3124 1809 3181 c
1844 3103 1960 3152 scet
1989 3093 2170 3149 omnis
2202 3093 2438 3145 humana
2466 3100 2681 3155 natura,
2731 3099 2786 3144 et
2835 3088 2984 3142 salus
3041 3087 3231 3156 ipsius.
3292 3085 3410 3140 Fiet

1843 3195 2022 3242 autem
2051 3186 2104 3240 id
2148 3183 2292 3254 quod
2322 3183 2524 3237 dicitur
2556 3181 2759 3235 clarius
2793 3179 2954 3234 etiam
2986 3195 3050 3233 ex
3076 3177 3404 3248 quibusdam

1842 3280 1966 3334 aliis
2008 3276 2296 3333 sententiis
2327 3273 2664 3343 apostolicis.
2697 3288 2764 3327 ex
2806 3273 3006 3341 quibus
3036 3271 3204 3324 unius
3253 3268 3406 3322 Pauli

1842 3369 2162 3428 meminero,
2193 3363 2446 3417 consulto
2511 3361 2680 3414 multa
2737 3363 2916 3415 vitans
2970 3359 3303 3425 testimonia,
3341 3375 3410 3413 ne

1844 3459 2108 3530 prolixior
2140 3457 2230 3510 iiut
2257 3455 2455 3510 oratio.
2487 3453 2628 3506 Dicit
2659 3453 2803 3508 enim
2833 3452 3032 3507 alicubi
3068 3453 3124 3506 in
3175 3453 3243 3507 iis
3289 3468 3411 3521 quae

1843 3551 2064 3620 scripsit
2099 3548 2322 3613 Paulus,
2355 3547 2488 3602 Cum
2523 3544 2733 3600 Christo
2781 3560 2898 3597 sum
2941 3544 3226 3612 cruciﬁxus
3247 3559 3266 3596 :
3299 3543 3410 3597 vivo

1843 3653 2018 3697 autem
2035 3641 2154 3710 jam
2187 3655 2289 3693 non
2315 3654 2428 3708 ego,
2465 3637 2586 3691 vivit
2619 3652 2737 3690 vero
2765 3635 2820 3688 in
2849 3651 2929 3690 me
2958 3634 3204 3690 Christus
3226 3633 3292 3688 “.
3352 3633 3408 3688 Si

1842 3749 1970 3804 ergo
2001 3748 2108 3787 non
2139 3731 2372 3801 amplius
2398 3729 2530 3783 vivit
2562 3727 2763 3782 Paulus
2798 3727 2888 3796 qui
2922 3741 3044 3780 cum
3083 3725 3304 3780 Christo
3326 3735 3412 3780 est

1842 3825 2158 3885 cruciﬁxus,
2192 3821 2285 3876 sed
2338 3822 2393 3875 in
2448 3834 2514 3874 eo
2545 3819 2678 3872 vivit
2728 3817 3020 3883 Christus;
3059 3816 3322 3886 quidquid
3379 3834 3409 3870 a

1843 3916 2010 3970 Paulo
2036 3914 2092 3968 fit
2124 3921 2177 3968 et
2207 3912 2431 3972 dicitur,
2463 3911 2660 3965 merito
2719 3907 2950 3963 refertur
3005 3907 3074 3961 ad
3129 3907 3407 3962 Christum

1843 4009 1934 4078 qui
1967 4007 2103 4062 vivit
2133 4007 2188 4060 in
2216 4005 2356 4073 ipso.
2385 4001 2564 4057 Verba
2585 4001 2732 4056 enim
2767 3997 2920 4053 Pauli
2951 3998 3084 4052 dicit
3125 4012 3157 4052 a
3187 3997 3410 4052 Christo

1844 4100 1974 4163 dici,
2003 4099 2092 4169 qui
2125 4097 2304 4151 dixit:
2346 4097 2429 4148 Au
2461 4093 2696 4166 queritis
2749 4092 3166 4160 experimentum
3206 4088 3410 4144 Christi

1844 4193 1898 4245 in
1927 4205 2008 4244 me
2039 4187 2296 4256 loquentis
2315 4186 2404 4237 '5?
2435 4184 2610 4238 Bonas
2627 4197 2844 4252 quoque
2860 4181 3103 4234 actiones
3127 4195 3237 4234 non
3271 4179 3406 4233 dicit

1844 4294 1966 4335 esse
2002 4292 2154 4338 suas,
2191 4276 2284 4330 sed
2313 4289 2407 4329 eas
2433 4272 2683 4327 attribuit
2711 4271 2896 4340 gratiae
2921 4268 3122 4323 Christi
3178 4283 3298 4339 qua:
3355 4270 3412 4322 in

1848 4370 1966 4440 ipso
1995 4368 2225 4422 habitat.
2256 4363 2314 4418 Si
2348 4379 2477 4434 ergo
2511 4364 2604 4433 qui
2638 4363 2691 4415 in
2724 4364 2846 4430 ipso
2892 4361 3026 4414 vivit
3056 4360 3329 4423 Christus,
3359 4371 3415 4414 et

163 4461 264 4515 τοῦ
287 4457 524 4530 Χριστοῦ
553 4462 618 4529 τῇ
654 4457 876 4531 οἰκούσῃ
903 4458 961 4510 ἐν
1002 4457 1148 4528 αὐτῷ
1177 4457 1512 4527 ἀνατίθησιν.
1544 4456 1607 4509 Εἰ
1632 4456 1733 4509 τοι·

1847 4461 2062 4532 operari
2090 4467 2144 4513 et
2163 4457 2308 4526 loqui
2340 4471 2461 4526 qua:
2481 4462 2609 4509 sunt
2634 4453 2781 4508 illius
2809 4469 2872 4507 ex
2902 4453 3254 4521 consequenti
3279 4452 3415 4506 dici-

166 4570 268 4606 νυν
296 4551 327 4601 6
353 4553 410 4602 ὲν
443 4549 591 4620 αὐτῷ
617 4549 724 4613 ζῶν
751 4549 982 4618 Χριστὸς
1025 4551 1266 4619 ἐνεργεῖν
1290 4565 1351 4602 τε
1384 4548 1477 4602 καὶ
1516 4547 1751 4618 φθέγγε-

168 4645 301 4698 σθαι
330 4643 400 4696 τὰ
425 4642 632 4696 ἐκείνου
665 4641 807 4694 κατὰ
831 4641 892 4692 τὸ
919 4639 1206 4694 ἀκόλουθον
1240 4640 1453 4708 λέγεται
1474 4679 1490 4703 ,
1532 4641 1749 4696 πάντων

164 4739 228 4791 δὲ
256 4736 502 4798 ἀποστὰς
529 4736 557 4787 6
586 4733 796 4795 Παῦλος
837 4731 946 4785 τῶν
986 4731 1250 4802 πρότερον
1287 4732 1746 4804 ἐπικρατούντων,

165 4829 262 4881 ὅτε
300 4819 370 4895 ἦν
404 4823 718 4893 βλάσφημος
748 4821 843 4874 καὶ
887 4820 1120 4890 διώκτης
1161 4821 1254 4874 καὶ
1301 4821 1580 4892 ὑϐριστὴς,
1611 4823 1750 4892 πρὸς

169 4919 341 4988 μόνον
377 4916 438 4968 τὸ
467 4899 718 4984 ἀληθινὸν
763 4912 965 4981 ἀγαθὸν
999 4912 1203 4982 βλέπει,
1233 4913 1326 4966 καὶ
1357 4912 1530 4983 τούτῳ
1556 4914 1748 4967 ἑαυτὸν

168 5012 324 5064 ποιεῖ
368 5007 592 5077 εὐπειθῆ
645 5006 738 5059 καὶ
795 5005 1066 5075 ὑπήκοον·
1114 5000 1224 5074 ἆρα
1261 5005 1353 5058 καὶ
1403 5006 1438 5075 ἡ
1504 5005 1748 5075 ὑποταγὴ

166 5097 271 5150 τοῦ
301 5096 516 5149 Παύλου
546 5097 579 5165 ἡ
611 5093 747 5164 πρὸς
776 5093 866 5145 τὸν
911 5092 1041 5144 Θεὸν
1086 5093 1348 5164 γενομένη
1372 5134 1388 5158 ,
1441 5095 1520 5156 εἰς
1551 5094 1641 5146 τὸν
1689 5097 1748 5148 ὲν

169 5185 329 5256 αύτῷ
361 5186 539 5250 ζῶντα
569 5185 666 5254 τὴν
707 5181 986 5253 ἀναφοράν
1020 5181 1161 5252 ἔχει,
1191 5183 1249 5245 ὃς
1279 5184 1371 5236 καὶ
1400 5183 1550 5236 λαλεῖ
1580 5185 1637 5237 ἐν
1669 5184 1748 5254 τῷ

169 5276 378 5347 Παύλῳ
405 5276 472 5330 τὰ
491 5274 691 5342 ἀγαθὰ,
726 5275 819 5328 καὶ
847 5273 1132 5344 ἐργάζεται
1151 5289 1164 5302 ·
1198 5273 1416 5341 ἀγαθῶν
1448 5275 1504 5327 δὲ
1534 5275 1751 5328 πάντων

171 5368 472 5438 κεφάλαιον
495 5369 528 5438 ὴ
556 5368 690 5438 πρὸς
712 5365 802 5418 τὸν
829 5365 960 5417 Θεόν
992 5367 1137 5417 ἐστιν
1169 5365 1436 5434 ύποταγή.
1483 5369 1546 5418 ’⁸0
1580 5368 1635 5420 δὲ
1660 5369 1753 5420 ἐπὶ

168 5463 271 5515 τοῦ
303 5460 420 5523 ἑνὸς
458 5451 616 5530 εὗρεν
665 5459 693 5510 6
725 5456 881 5524 λόγος
906 5495 920 5521 ,
973 5453 1129 5508 τοῦτο
1164 5454 1258 5507 καὶ
1296 5456 1445 5526 πάσῃ
1477 5459 1541 5526 τῇ
1578 5462 1752 5512 κτίσει

169 5553 287 5608 τῶν
308 5549 610 5622 ἀνθρώπων
639 5549 875 5616 εὐλόγως
916 5546 1416 5617 ὲφαρμοσθήσεται,
1443 5548 1588 5600 ὅταν
1607 5588 1622 5611 ,
1655 5567 1753 5602 κα-

1850 4563 1936 4607 tnr
1952 4590 1968 4616 ,
1989 4549 2195 4604 relictis
2212 4557 2390 4601 autem
2420 4545 2674 4599 omnibus
2694 4559 2816 4612 qua:
2832 4543 2984 4612 prius
3005 4541 3340 4596 dominatum
3360 4541 3415 4594 in

1849 4645 1969 4714 ipso
1985 4641 2326 4702 obtinebant,
2344 4637 2564 4707 quando
2581 4644 2699 4691 erat
2719 4635 3071 4704 blasphemus
3085 4641 3139 4688 et
3160 4647 3418 4702 persecu-

1849 4741 1956 4796 tor,
1975 4730 2510 4797 contumeliosusque
2526 4735 2583 4781 et
2601 4725 2842 4780 insolens
2860 4724 2926 4789 ²⁶,
2941 4722 3140 4776 Paulus
3155 4723 3219 4775 ad
3242 4723 3418 4776 solum

1849 4826 2053 4880 bonum
2080 4808 2298 4890 aspicit,
2316 4827 2370 4874 et
2394 4820 2441 4873 ei
2469 4833 2528 4873 se
2549 4817 2726 4872 reddit
2750 4816 3088 4870 obedientem
3110 4824 3163 4868 ct
3187 4816 3418 4883 morige-

1853 4932 1973 4970 rum
2007 4933 2020 4968 :
2077 4927 2258 4966 annon
2306 4909 2465 4964 Pauli
2528 4923 2648 4978 qua:
2681 4905 2792 4962 Deo
2826 4906 2965 4960 facta
2990 4913 3075 4960 est
3119 4905 3420 4974 subjectio,

1855 5005 2088 5060 refertur
2110 5003 2174 5057 ad
2192 5017 2314 5057 eum
2333 5001 2423 5070 qui
2449 5001 2500 5054 in
2520 5000 2638 5069 ipso
2654 4998 2808 5060 vivit,
2823 5005 2877 5050 et
2894 4998 2983 5066 qui
3017 4997 3070 5050 in
3097 4995 3264 5050 Paulo
3281 4997 3418 5048 bona

1855 5099 2093 5167 loquitur
2113 5103 2166 5149 et
2193 5093 2484 5164 operatur?
2499 5092 2772 5146 Bonorum
2810 5098 2990 5143 autem
3011 5091 3252 5142 omnium
3276 5093 3430 5142 sum-'

1853 5205 1938 5242 ma
1973 5198 2056 5242 est
2077 5186 2186 5242 Deo
2221 5201 2344 5241 esse
2370 5180 2867 5253 subjectum.Quod
2900 5188 3078 5233 autem
3109 5180 3162 5232 in
3195 5193 3302 5232 uno
3336 5179 3422 5231 in-

1848 5279 1995 5334 venit
2016 5279 2212 5344 oratio,
2234 5278 2338 5330 hoc
2363 5275 2484 5345 jure
2507 5269 3009 5328 accommodabitur
3035 5268 3300 5323 universae
3321 5270 3424 5323 ho-

1851 5372 2058 5423 minmn
2087 5377 2370 5432 creaturae,
2403 5364 2614 5436 quando
2635 5404 2650 5428 ,
2689 5364 2832 5417 sicut
2859 5361 2994 5415 dicit
3041 5359 3335 5424 Dominus,
3367 5365 3422 5415 in

1851 5463 2090 5514 universo
2109 5458 2301 5513 mundo
2317 5457 2662 5533 prtrdicatum
2678 5453 2839 5524 fuerit
2861 5450 3203 5520 Evangelium
3219 5451 3422 5505 ".Nam

1851 5569 1974 5606 cum
1991 5567 2180 5607 omnes
2202 5559 2436 5605 veterem
2463 5547 2716 5603 exuerint
2739 5543 3035 5608 hominem,
3057 5557 3179 5597 cum
3199 5542 3319 5612 ejus
3340 5557 3426 5596 ac-

250 5667 298 5697 u
333 5664 654 5736 ,ιηςιηεξνιμ
683 5662 748 5716 2|
781 5677 900 5731 sqq.
962 5662 1025 5736 θ’]
1059 5660 1193 5716 ibid.
1220 5662 1311 5718 25.
1362 5664 1410 5696 “
1446 5664 1564 5719 Gal.
1600 5682 1658 5732 ιι,
1704 5668 1725 5721 1

1835 5667 1911 5722 ΞΟ.
1990 5669 2034 5700 ³⁸
2075 5669 2118 5722 ll
2159 5669 2287 5723 Cor.
2331 5682 2452 5733 xm,
2491 5667 2544 5720 5.
2623 5667 2668 5697 ²⁶
2701 5664 2717 5716 l
2753 5661 2897 5717 Tim.
2926 5676 2964 5725 I,
3007 5659 3095 5713 15.
3170 5659 3214 5689 ’⁷
3255 5657 3422 5713 Marc.

174 5754 295 5802 xw,
351 5737 446 5802 l5;
494 5734 678 5786 Matth.
716 5749 906 5786 xxvm.
953 5733 1042 5784 19.

459 5831 730 5890 Ριτιιοι.
777 5830 891 5888 (in.
926 5829 975 5887 Χ
990 5829 1117 5887 LlV

2995 5821 3071 5879 42
