3838 6220
430 307 446 356 l
461 303 563 359 '62?)

1891 303 2258 360 APPENDIX.

3545 299 3682 353 152‘

428 413 667 466 tionibus
698 419 751 467 et
771 413 1256 484 concupiscentiis,
1293 424 1348 469 et
1379 416 1432 470 in
1464 433 1522 472 se
1560 418 1845 472 Dominum
1875 437 1997 476 sns-

2108 421 2210 484 θὼς
2237 436 2402 491 φησιν
2426 419 2455 470 ὁ
2482 420 2683 490 Κύριος
2704 459 2721 482 ,
2750 418 2818 471 ἐν
2841 417 3019 472 παντὶ
3053 416 3134 483 τῷ
3162 418 3367 486 κόσμῳ
3395 417 3461 470 τὸ
3493 417 3681 486 Ebur-

425 505 703 573 ceperint,
754 507 1067 560 necessario
1093 507 1182 577 qui
1231 508 1284 561 in
1331 510 1412 565 eis
1436 510 1602 575 vivit,
1637 527 1758 580 qme
1796 512 1864 566 ab
1892 512 2000 567 illis

427 597 564 650 ﬁunt
629 606 888 665 operatur
955 598 1117 653 bona.
1179 598 1432 653 Omnium
1498 610 1677 655 autem
1734 602 1998 656 bonorum

426 702 640 741 summa
677 699 761 740 est
807 689 954 743 salus
996 705 1115 758 qum
1167 689 1222 742 ﬁt
1263 691 1316 742 in
1373 692 1531 746 nobis
1577 708 1674 761 per
1720 695 2002 748 alienatio-

428 797 551 835 nem
594 795 622 831 a
675 781 834 834 malo.
890 781 1054 850 Atqui
1099 797 1204 834 non
1253 783 1359 836 alia
1399 785 1614 840 ratione
1664 785 1776 839 ﬁeri
1826 794 2003 856 potest

430 883 488 924 ut
531 873 732 924 amato
777 888 1113 941 separenmr,
1161 891 1325 942 quam
1373 876 1417 929 si
1457 891 1553 945 per
1601 877 2000 946 subiectionem

429 961 538 1016 Deo
589 963 855 1018 fuerimus
895 967 1286 1033 contemperati
1327 983 1342 1019 :
1379 967 1565 1035 itaque
1610 969 1729 1037 ipsa
1783 984 2002 1040 quoque

427 1054 539 1108 Deo
585 1055 851 1124 subjectio
905 1057 1140 1110 refertur
1186 1058 1250 1111 ad
1280 1074 1403 1112 eum
1434 1061 1527 1129 qui
1559 1061 1693 1114 vivit
1733 1062 1786 1114 in
1817 1062 1996 1116 nobis.

425 1146 558 1200 Nam
594 1147 638 1201 si
667 1148 796 1216 quid
834 1148 1122 1216 pulchrum
1167 1159 1250 1203 est
1279 1159 1332 1205 et
1364 1151 1691 1216 honestum,
1729 1162 1808 1207 est
1843 1153 1998 1222 ejus;

425 1246 480 1290 ιιι
518 1239 562 1292 si
613 1238 743 1306 quid
774 1248 857 1292 est
905 1239 1140 1305 bonum,
1171 1241 1238 1294 ab
1269 1242 1385 1310 ipso
1419 1251 1532 1306 est,
1564 1245 1639 1296 ait
1669 1243 1889 1311 quidam
1934 1260 2004 1299 ex

424 1331 723 1399 prophetis.
756 1330 1022 1395 Quoniam
1049 1346 1179 1401 ergo
1210 1333 1254 1385 si
1287 1333 1487 1386 bonum
1515 1341 1600 1388 est
1625 1341 1680 1387 et
1710 1333 2000 1389 honestum

425 1423 713 1492 subjectio,
733 1439 850 1477 eam
868 1424 1014 1478 illius
1035 1439 1156 1479 esse
1179 1435 1262 1478 est
1286 1435 1565 1482 ostensum
1602 1445 1614 1479 :
1636 1427 1758 1496 ejus
1783 1442 2002 1497 quoque

423 1513 626 1566 bonum
661 1523 743 1568 est
781 1515 1006 1568 omnino
1033 1529 1062 1568 a
1092 1531 1202 1584 quo
1232 1524 1317 1570 est
1347 1517 1586 1572 universi
1623 1518 1748 1572 boni
1781 1527 1998 1584 natura,

424 1613 485 1658 ut
516 1604 650 1658 dicit
683 1605 962 1675 propheta.
1002 1605 1166 1659 Nemo
1205 1617 1387 1661 autem
1425 1610 1702 1678 aspiciens
1744 1609 1810 1663 ad
1843 1626 1999 1664 com-

425 1711 645 1751 munem
714 1697 1073 1766 subjectionis
1125 1699 1364 1754 nominis
1421 1700 1737 1754 abusionem
1800 1715 1997 1754 nomen

2101 513 2305 581 γέλιον
2352 511 2612 581 γένηται.
2659 511 2881 564 Πάντων
2929 509 3038 580 γὰρ
3066 509 3418 578 ἀποθεμένων
3446 507 3539 561 τὸν
3572 523 3682 561 παρ

2101 603 2252 656 λαιὸν
2314 602 2597 674 ἄνθρωπον
2642 603 2738 654 σὺν
2765 603 2886 664 ταῖς
2916 600 3147 672 πράξεσι
3179 601 3273 652 καὶ
3320 601 3439 662 ταῖς
3485 597 3686 650 ἐπιθυ-

2105 695 2252 764 μίαις
2298 692 2462 746 αὐτοῦ
2488 731 2502 754 ,
2535 694 2629 746 καὶ
2655 691 2961 762 δεξαμένων
2991 691 3048 744 ἐν
3081 691 3264 753 αὐτοῖς
3317 689 3407 742 τὸν
3451 687 3685 758 Κύριον,

2101 785 2457 854 ἀναγκαίωςὸ
2483 787 2540 837 ἐν
2565 785 2746 847 αὐτοῖς
2775 783 2881 848 ζῶν
2905 784 3118 852 ἐνεργεῖ
3141 781 3210 835 τὰ
3242 780 3422 849 ἀγαθὰ
3453 781 3523 832 τὰ
3549 780 3688 848 παρ’

2102 875 2323 928 ἐκείνων
2347 877 2626 947 γινόμενα.
2656 875 2729 928 Τὸ
2759 875 2813 926 δὲ
2845 873 3142 944 ἀκρότατον
3165 871 3273 924 τῶν
3295 871 3517 939 ἀγαθῶν
3546 871 3694 923 πάνυ

2101 984 2211 1019 των
2243 969 2275 1038 ἡ
2310 969 2550 1038 σωτηρία
2573 1007 2588 1030 ,
2625 968 2658 1037 ἡ
2686 965 2773 1018 διὰ
2822 965 2922 1034 τῆς
2954 964 3047 1017 τοῦ
3077 963 3246 1017 κακοῦ
3276 960 3688 1032 ἀλλοτριώσεως

2101 1061 2234 1128 ἡμῖν
2262 1059 2545 1130 γινομένη.
2594 1057 2756 1111 Ἀλλά
2809 1057 2915 1128 μὴν
2945 1056 3045 1109 οὐκ
3085 1055 3230 1108 ἔστιν
3253 1053 3426 1116 ἄλλως
3457 1052 3553 1105 τοῦ
3583 1071 3691 1106 xu-

2102 1151 2200 1204 κοῦ
2237 1151 2589 1221 χωρισθῆναι,
2631 1149 2706 1221 μὴ
2737 1147 2814 1220 τῷ
2845 1148 2963 1219 Θεῷ
2989 1147 3075 1200 διὰ
3107 1148 3204 1217 τῆς
3237 1146 3516 1215 ὑποταγῆς
3547 1146 3689 1198 ἀνα-

2101 1242 2404 1312 κραθέντας
2432 1259 2446 1274 ο
2477 1243 2586 1312 ἄρα
2616 1241 2710 1295 καὶ
2743 1241 2878 1312 αὐτὴ
2913 1242 2947 1311 ἡ
2987 1240 3123 1312 πρὸς
3147 1240 3236 1292 τὸν
3268 1239 3400 1292 Θεὸν
3429 1240 3688 1311 ὑποταγὴ

2099 1334 2181 1396 εἰς
2209 1333 2298 1386 τὸν
2322 1335 2378 1386 ἐν
2405 1335 2534 1403 ἡμῖν
2558 1332 2738 1398 ζῶντα
2770 1333 2870 1403 τὴν
2903 1331 3181 1403 ἀναφορὰν
3217 1330 3348 1401 ἔχει.
3376 1331 3448 1383 Εἴ
3490 1347 3546 1383 τι
3572 1331 3692 1401 γάρ

2101 1425 2285 1488 καλὸν,
2321 1424 2484 1478 αὑτοῦ
2506 1441 2520 1454 ·
2545 1426 2639 1478 καὶ
2666 1426 2784 1477 εἴτι
2811 1424 3036 1492 ἀγαθὸν,
3066 1425 3193 1492 παρ’
3223 1421 3412 1486 αὐτοῦ,
3433 1423 3570 1493 φησί
3597 1439 3689 1485 τις

2099 1515 2206 1568 τῶν
2235 1517 2546 1587 προφητῶν.
2588 1516 2742 1569 Ἐπεὶ
2788 1513 2882 1570 οὖν
2929 1516 3092 1570 καλόν
3139 1533 3197 1568 τε
3241 1515 3336 1568 καὶ
3393 1514 3602 1582 ἀγαθὸν
3649 1517 3692 1586 ἡ

2102 1605 2344 1677 ὑποταγὴ
2370 1646 2386 1671 ,
2435 1606 2712 1677 ἀνεδείχθη
2749 1605 2959 1659 ἐκείνου
2986 1647 3001 1670 ,
3029 1605 3124 1658 καὶ
3154 1606 3346 1658 τούτου
3375 1605 3440 1658 τὸ
3477 1603 3689 1671 ἀγαθὸν

2101 1695 2316 1760 πάντως
2371 1697 2500 1766 παρ’
2533 1691 2593 1750 οὗ
2632 1696 2834 1759 παντὸς
2872 1694 3078 1763 ἀγαθοῦ
3143 1694 3341 1766 φύσις,
3388 1695 3466 1758 ὡς
3509 1696 3538 1748 ὁ
3589 1693 3694 1747 τοῦ

424 1797 749 1858 aspernetur
775 1797 830 1842 et
868 1789 1112 1859 abroget.
1150 1787 1299 1844 Solet
1326 1790 1471 1844 enim
1509 1791 1689 1861 magni
1724 1789 1874 1844 Pauli
1909 1806 2001 1848 sa-

2108 1787 2386 1856 προφήτου
2438 1786 2616 1854 λόγος.
2645 1787 2851 1858 Μηδεὶς
2877 1787 2953 1840 ’δὲ
2987 1787 3122 1856 πρὸς
3151 1787 3248 1857 τὴν
3288 1788 3475 1857 κοινὴν
3509 1787 3690 1840 κατά-

428 1879 633 1947 pientia
663 1879 828 1933 libere
868 1880 945 1932 uti
977 1879 1159 1935 verbis
1182 1879 1246 1932 ad
1275 1879 1328 1933 id
1364 1881 1509 1948 quod
1542 1881 1645 1936 sibi
1680 1882 1915 1946 videtur,
1946 1889 2000 1937 et

427 1971 662 2038 proprite
683 1971 1032 2040 cogitationis
1060 1973 1390 2026 connexioni
1417 1971 1675 2043 adaptare
1706 1975 1997 2029 verborum

424 2061 896 2132 signiﬁcationes,
949 2064 1163 2118 etiamsi
1211 2065 1277 2118 ad
1338 2065 1551 2134 aliquas
1611 2066 1748 2120 alias
1801 2066 2000 2122 mentis

425 2153 817 2222 conceptiones
873 2170 1030 2208 usum
1086 2155 1388 2210 dictionum
1441 2156 1579 2210 ferat
1641 2158 1998 2213 consuetudo.

423 2245 558 2299 Nam
607 2247 877 2302 nndenam
923 2258 1174 2319 sumptus
1225 2259 1307 2304 est
1338 2267 1472 2306 usus
1506 2251 1669 2319 hujus
1719 2249 1998 2312 dictionis,

425 2337 666 2405 Seipsum
705 2341 988 2393 exinanirit
1028 2341 1094 2405 ’³,
1135 2351 1208 2406 et,
1243 2342 1626 2396 Glorialionem
1661 2358 1827 2395 meam
1851 2357 2000 2395 nemo

423 2431 688 2484 exinaniet
732 2442 825 2484 aut
869 2433 1140 2486 evacuabit
1172 2435 1241 2498 ",
1271 2444 1324 2487 et
1377 2435 1546 2496 illud,
1592 2434 1892 2487 Exinanita
1919 2441 2000 2488 est

425 2524 556 2592 ﬁdes
580 2525 624 2555 ³ο
656 2564 669 2587 ,
701 2534 773 2588 et,
809 2524 892 2578 Ne
925 2542 1056 2578 crux
1085 2526 1285 2580 Christi
1311 2529 1652 2582 exinaniatur
1683 2527 1766 2582 vel
1791 2544 2003 2582 evacue-

427 2625 514 2666 tur
540 2615 580 2647 ³¹
610 2617 633 2668 ?
665 2616 740 2669 Ex
773 2632 1011 2686 quonam
1064 2634 1166 2673 usu
1208 2619 1324 2673 haec
1355 2618 1661 2688 adsumpsit
1689 2619 1756 2672 ad
1787 2635 1851 2674 ea
1880 2636 2002 2689 qua:

426 2704 687 2772 scripsit?
717 2707 850 2770 Quis
878 2715 1058 2760 auten:
1108 2722 1230 2762 eum
1277 2707 1482 2776 judicat
1540 2708 1844 2775 dicentem,
1899 2710 2000 2764 Vos

425 2798 638 2862 cupiens
663 2797 729 2861 ³³,
777 2813 872 2866 per
921 2799 1067 2866 quod
1107 2799 1310 2852 indicat
1358 2798 1608 2872 affectum
1655 2800 2002 2856 dilectionis?

425 2884 582 2941 Unde
613 2895 792 2942 autem
827 2903 856 2942 a
905 2887 1045 2943 fastu
1081 2897 1135 2944 et
1166 2890 1420 2959 superbia
1461 2891 1693 2945 alienam
1741 2891 2002 2946 indicavit

425 2977 769 3041 charitalent,
804 2989 1092 3050 propterea
1127 2981 1272 3051 quod
1307 2996 1414 3036 non
1445 2992 1569 3052 agat
1609 2998 1892 3053 perperam
1916 2985 2004 3038 “‘2

426 3065 686 3137 Litigiosa
717 3077 899 3122 autem
948 3079 1002 3124 et
1034 3070 1102 3124 ad
1143 3070 1512 3125 ulciscendum
1546 3085 1818 3140 propensa
1864 3085 1998 3124 con-

422 3159 596 3214 tentio
631 3160 700 3213 ab
743 3174 809 3214 eo
843 3160 1180 3230 signiﬁcatur
1225 3161 1391 3216 verbo
1451 3163 1719 3231 ἐριθείας,
1769 3177 1894 3216 cum
1928 3163 2000 3218 sit

425 3247 680 3302 omnibus
710 3249 1057 3303 manifestum
1079 3289 1094 3314 ,
1128 3250 1274 3320 quod
1312 3266 1376 3304 ex
1402 3250 1639 3305 laniﬁcio
1684 3253 2000 3305 nominatur

427 3334 626 3406 ἔριθος,
651 3345 702 3391 ct
733 3338 877 3406 quod
912 3339 965 3392 in
1001 3339 1152 3393 lanas
1187 3339 1467 3394 confertur
1489 3341 1750 3402 studium,
1781 3343 2000 3397 nomine

425 3428 664 3498 ἐριθείας
689 3432 928 3486 solemus
959 3433 1266 3501 signiﬁcare
1297 3453 1310 3487 :
1339 3442 1576 3488 attamen
1611 3436 1997 3505 etymologiam

426 3517 678 3588 frigidam
728 3521 928 3589 jubens
971 3523 1152 3578 valere
1186 3522 1424 3584 Paulus,
1476 3540 1571 3594 per
1608 3540 1746 3595 quas
1773 3526 1888 3580 vult
1919 3527 2002 3580 di-

427 3611 636 3668 ctiones
691 3630 850 3680 quem
905 3615 1020 3669 vult
1071 3631 1292 3672 sensum
1343 3617 1607 3672 ostendit.
1658 3617 1792 3672 Nam
1830 3620 2002 3673 multa

427 3705 590 3758 etiam
627 3706 761 3770 alia,
805 3708 872 3760 ab
903 3709 969 3762 iis
1002 3708 1095 3778 qui
1131 3709 1420 3778 diligenter
1451 3711 1747 3780 exquirunt
1780 3717 1834 3766 et
1873 3725 2002 3765 exa-

429 3796 642 3850 minant
662 3838 677 3861 ,
707 3799 938 3854 inveniri
977 3809 1232 3870 poterunt
1263 3802 1316 3855 in
1345 3802 1524 3857 verbis
1557 3803 1834 3874 Apostoli,
1882 3819 2002 3874 qua:

428 3903 537 3941 non
570 3891 817 3943 serviunt
858 3893 980 3946 usui
1025 3894 1462 3957 consuetudinis,
1493 3895 1589 3950 sed
1617 3896 1850 3965 quadam
1877 3913 2003 3966 pro-

428 3979 545 4047 pria
576 3981 773 4034 mentis
798 3983 1153 4052 conceptione
1183 3985 1353 4040 libere
1385 3987 1454 4039 ab
1483 3987 1600 4056 ipso
1621 3985 1998 4055 proferuntur,

435 4071 659 4126 minime
708 4073 1026 4128 advertente
1083 4076 1557 4131 consuetudinem.
1592 4075 1671 4129 Ita
1701 4078 1864 4132 etiam
1914 4078 2002 4132 hic

427 4178 646 4232 quoque
690 4164 1050 4234 signiﬁcatum
1081 4167 1440 4236 subjectionis
1475 4169 1622 4223 aliud
1661 4184 1692 4223 a
1719 4168 1888 4223 Paulo
1918 4180 2004 4224 est

427 4256 819 4326 excogitatum,
848 4259 1120 4314 diversum
1159 4261 1229 4315 ab
1258 4261 1326 4318 iis
1370 4276 1492 4333 qua:
1529 4262 1890 4318 communiter
1918 4261 2002 4315 in-

428 4347 764 4418 telliguntur.

499 4546 654 4610 Quod
687 4546 921 4602 dicimus
966 4556 1145 4602 autem
1188 4551 1467 4619 probatur,
1501 4550 1646 4620 quod
1679 4565 1854 4618 neque
1883 4567 2006 4621 quas

429 4635 484 4689 in
516 4637 617 4690 hac
646 4644 800 4706 parte
833 4648 914 4693 est
935 4641 1200 4709 subjectio
1247 4641 1593 4697 inimicorum
1623 4658 1855 4714 quorum
1887 4657 2004 4697 me-

432 4728 628 4792 minit,
675 4731 1059 4785 necessitatem
1105 4733 1267 4788 habet
1308 4743 1362 4788 et
1390 4735 1704 4789 violentiam
1751 4735 2005 4788 involun-

428 4821 647 4881 tariam,
708 4823 981 4890 quomodo
1014 4823 1287 4891 dixerint,
1336 4825 1429 4895 qui
1484 4826 1728 4880 serviunt
1773 4840 2005 4880 consue-

430 4913 648 4976 tudini,
679 4914 775 4969 sed
805 4923 990 4984 aperte
1018 4916 1070 4970 in
1103 4931 1188 4983 eo,
1218 4919 1438 4972 nomine
1471 4919 1826 4988 subiectionis
1855 4919 2006 4974 salus

431 5006 724 5074 exponitur
763 5026 776 5060 :
811 5006 975 5076 hujus
1005 5019 1185 5063 autem
1218 5009 1296 5064 rei
1325 5019 1410 5065 est
1435 5018 1838 5079 argumentum,
1863 5011 2008 5080 quod

431 5097 487 5150 in
533 5097 635 5150 hac
678 5104 834 5166 parte
866 5113 896 5151 a
931 5098 1096 5152 Paulo
1125 5101 1195 5154 sit
1227 5101 1544 5155 distinctum
1593 5117 1792 5156 nomen
1826 5103 2011 5156 inimi-

433 5189 685 5242 citiarum
739 5190 794 5243 in
827 5190 964 5246 duas
997 5191 1445 5262 signiﬁcationes.
1478 5191 1614 5246 Nam
1657 5209 1724 5248 ex
1772 5193 2008 5249 inimicis

434 5280 570 5334 alios
595 5279 811 5350 quidem
852 5282 981 5336 dicit
1010 5298 1134 5338 esse
1168 5283 1567 5354 subjiciendos,
1601 5285 1738 5341 alios
1759 5299 1890 5340 vero
1917 5286 2011 5339 de-

437 5370 646 5425 lendos.
695 5372 970 5428 Delabitur
993 5375 1214 5443 quidem
1245 5376 1335 5445 qui
1377 5391 1440 5430 ex
1477 5383 1672 5430 natura
1709 5369 2006 5439 inimicus,

435 5473 632 5515 nempe
664 5476 847 5527 mors,
894 5474 948 5518 et
989 5465 1132 5535 quod
1175 5467 1324 5521 circa
1364 5481 1483 5522 eam
1521 5475 1775 5524 versatur
1799 5466 2008 5522 peccati

511 5632 556 5664 ιι
592 5632 728 5692 Phil.
770 5654 832 5704 ιι,
868 5638 917 5694 7.

446 5716 566 5769 xm,
602 5705 653 5760 τί.

1024 5640 1068 5672 ¹⁹
1099 5638 1119 5693 l
1151 5639 1277 5695 Cor.
1322 5657 1394 5699 Ix,
1439 5640 1523 5694 15.

1610 5641 1675 5712 ε³⁰
1716 5640 1874 5696 llom.
1915 5655 1989 5706 IV,
2028 5639 2115 5695 14.

2101 1895 2298 1948 χρησιν
2325 1877 2419 1931 τοῦ
2444 1879 2540 1948 τῆς
2569 1879 2844 1950 ὑποταγῆς
2870 1879 3133 1950 ὀνόματος
3162 1879 3374 1948 βλέπων
3420 1880 3693 1932 ἀθετείτω

2101 1969 2162 2022 τὸ
2211 1969 2402 2040 ὄνομα.
2435 1966 2556 2023 Οἷδε
2605 1971 2713 2043 γὰρ
2766 1973 2801 2041 ὴ
2859 1971 3019 2040 σοφία
3064 1971 3158 2024 τοῦ
3196 1971 3432 2042 μεγάλου
3467 1971 3693 2024 Παύλου

2101 2062 2239 2133 πρὸς
2289 2063 2350 2116 τὸ
2387 2063 2579 2117 δοκοῦν
2627 2063 2929 2136 κεχρῆσθαι
2965 2064 3086 2117 κατ’
3133 2063 3380 2127 ἐξουσίαν
3433 2067 3552 2126 τοῖς
3589 2064 3692 2133 ῥή-

2105 2175 2280 2227 μασι,
2315 2158 2408 2210 καὶ
2457 2156 2534 2227 τῷ
2564 2157 2677 2227 ίδίῳ
2723 2158 2823 2227 τῆς
2881 2157 3116 2220 διανοίας
3149 2156 3324 2228 εἱρμῷ
3361 2157 3691 2227 προσαρμό-

2103 2247 2214 2312 ζειν
2240 2247 2337 2310 τὰς
2357 2247 2464 2300 τῶν
2495 2247 2754 2318 ῥημάτων
2775 2246 3042 2317 ἐμφάσεις
3061 2285 3076 2308 ,
3109 2245 3210 2299 κᾶν
3242 2245 3377 2314 πρὸς
3411 2245 3585 2308 ἄλλας
3612 2262 3696 2297 τι·

2101 2341 2198 2404 νὰς
2231 2341 2494 2411 ὲννοίαςή
2534 2339 2789 2410 συνήθεια
2822 2339 2923 2411 τὴν
2965 2341 3300 2411 κατάχρησιν
3341 2339 3456 2393 τῶν
3489 2339 3699 2403 λέξεων

2101 2434 2263 2504 φέρῃ.
2310 2434 2460 2487 Ἐπεὶ
2495 2433 2659 2486 πόθεν
2686 2433 2936 2504 εἴληπται
2971 2433 3118 2501 αὐτῷ
3156 2435 3189 2502 ή
3219 2431 3313 2484 τοῦ
3353 2433 3698 2487 Ἐκένωσεν

2102 2524 2319 2575 ἑαυτὸν
2343 2524 2536 2594 χρῆσις
2556 2540 2570 2554 ο
2607 2523 2700 2575 xu‘t
2730 2521 2792 2575 τὸ
2815 2561 2830 2587 ,
2864 2521 3153 2591 Καύχημά
3201 2540 3322 2590 μου
3355 2523 3570 2588 οὐδεὶς
3599 2540 3697 2577 κε-

2102 2613 2282 2666 νώσει
2305 2630 2320 2644 ·
2349 2613 2443 2666 καὶ
2475 2613 2556 2672 τὸ.
2586 2612 2912 2666 Κεκένωται
2941 2614 2979 2680 ἡ
3015 2615 3248 2678 πίστις’
3273 2613 3390 2676 καὶ,
3431 2615 3567 2669 Ἵνα
3609 2615 3700 2683 μὴ

2102 2702 2333 2771 κενωθῇ
2365 2706 2396 2757 ὀ
2423 2704 2684 2770 σταιφὸς
2715 2705 2820 2757 τοῦ
2859 2704 3154 2772 Χριστοῦ;
3189 2705 3284 2757 Ἐκ
3318 2705 3482 2769 ποίας
3519 2705 3698 2759 ταῦτα

2103 2796 2348 2864 χρήσεως
2399 2797 2479 2858 είς
2510 2795 2601 2848 τὸν
2635 2795 2826 2848 ἑαυτοῦ
2863 2795 3198 2867 παρεδέξατο
3244 2795 3444 2864 λόγον;
3499 2799 3605 2859 Τίς
3641 2797 3696 2850 δὲ

2102 2885 2277 2954 κρίνει
2313 2887 2472 2940 αὑτὸν
2501 2887 2744 2950 εἰπόντα,
2781 2888 2863 2940 ὅτι
2899 2887 3282 2956 Ἰμειρόμενος
3302 2887 3500 2957 ὑμῶν,
3532 2889 3603 2942 δι’
3632 2884 3700 2960 ἦς

2101 2977 2299 3042 λέξεως
2342 2977 2439 3048 τὴν
2484 2977 2832 3049 ἀγαπητικὴν
2865 2979 3200 3032 ἐνδείκνυται
3239 2979 3468 3049 σχέσιν;
3523 2980 3702 3032 Πόθεν

2104 3069 2161 3122 δὲ
2209 3070 2270 3123 τὸ
2297 3072 2712 3141 ἀνυπερήφανον
2758 3073 2855 3140 τῆς
2889 3071 3110 3140 ἀγάπης
3136 3109 3149 3131 .
3189 3070 3277 3123 διὰ
3308 3073 3409 3140 τῆς
3449 3069 3530 3141 μὴ
3569 3087 3700 3140 περ-

2105 3160 2429 3232 περεύεσθαι
2459 3161 2658 3228 λέξεως
2704 3160 3039 3227 ἑνεδείξατο;
3082 3161 3144 3214 Ἠ
3197 3161 3253 3214 δὲ
3299 3161 3562 3232 ἐρωτικὴ
3610 3163 3704 3215 καί

2102 3252 2375 3324 ἀμυντικὴ
2407 3252 2704 3321 φιλονεικία
2730 3293 2744 3314 ,
2781 3252 2898 3314 πῶς
2929 3253 3009 3321 τῷ
3038 3251 3136 3320 τῆς
3169 3252 3412 3323 ἐριθείας
3439 3254 3584 3324 παρ’
3611 3255 3702 3306 αύ-

2103 3342 2194 3394 τοῦ
2232 3342 2552 3412 σημαίνεται
2587 3346 2830 3414 ῥήματι,
2873 3342 3107 3412 φανεροῦ
3161 3345 3327 3396 πᾶσιν
3380 3344 3544 3406 ὄντος
3568 3386 3584 3409 ,
3618 3344 3701 3397 ὅτι

2103 3435 2169 3486 ἐκ
2200 3437 2297 3505 τῆς
2325 3435 2633 3506 ὲριουργίας
2663 3437 2695 3504 ὴ
2730 3434 2908 3506 ἔριθος
2937 3438 3001 3488 ὲκ
3029 3435 3129 3505 τῆς
3167 3435 3392 3504 γραφῆς
3423 3436 3701 3506 ὀνομάζε-

2103 3543 2226 3590 ται,
2251 3526 2344 3578 καὶ
2387 3527 2486 3596 τὴν
2520 3527 2645 3596 περὶ
2691 3527 2757 3580 τὰ
2799 3527 2923 3597 ἔρια
2969 3525 3201 3595 σπουδὴν
3228 3526 3307 3595 τῷ
3334 3526 3571 3596 ὀνόματι
3603 3528 3703 3598 τῆς

2104 3615 2344 3686 ὲριθείας
2399 3617 2687 3687 σημαίνειν
2742 3616 3011 3687 εἰώθαμεν
3051 3631 3064 3644 ⁸
3107 3616 3219 3670 ἀλλ’
3274 3617 3430 3686 ὅμως
3481 3618 3704 3688 χαίρειν

2105 3707 2270 3770 ἐάσας
2295 3710 2323 3760 ό
2351 3707 2562 3770 Παῦλος
2590 3707 2690 3771 τὰς
2710 3708 3063 3778 ἐτυμολογίας
3084 3706 3299 3778 ψυχρὰς
3319 3747 3334 3768 .
3366 3707 3437 3761 δι’
3465 3701 3546 3760 ὧν
3572 3707 3702 3778 βού-

2104 3795 2252 3850 λεται
2285 3796 2482 3862 λέξεων
2513 3797 2542 3850 ὃ
2571 3798 2818 3868 βούλεται
2852 3799 3146 3869 παρίστησι
3191 3799 3392 3868 νόημα.
3428 3799 3545 3854 Καὶ
3592 3799 3704 3870 γὰρ

2105 3888 2200 3941 καὶ
2239 3887 2373 3941 ἄλλα
2418 3888 2588 3941 πολλὰ
2641 3891 2753 3953 τοῖς
2784 3889 3028 3960 ἀκριϐῶς
3065 3887 3412 3968 ἐξετάζουσιν
3441 3890 3700 3960 εὑρεθείη

2105 3980 2170 4034 ἂν
2193 3981 2249 4032 ὲν
2277 3983 2386 4042 τοῖς
2419 3980 2596 4050 λόγοις
2620 3980 2715 4034 τοῦ
2758 3981 3104 4043 Ἀποστόλου,
3149 3980 3224 4050 μὴ
3267 3979 3605 4034 δουλεύοντα
3635 3984 3706 4052 τῇ

2103 4073 2296 4142 χρήσει
2337 4071 2438 4141 τῆς
2487 4072 2810 4141 συνηθείας,
2853 4071 2988 4124 ἀλλά
3031 4072 3173 4124 κατά
3218 4088 3340 4124 τινα
3392 4073 3706 4144 ἰδιότροπον

2105 4163 2312 4216 ἔννοιαν
2345 4164 2431 4216 ἐπ’
2468 4162 2712 4228 ἐξουσίας
2747 4165 2874 4234 παρ’
2904 4164 3068 4218 αὑτοῦ
3101 4165 3492 4235 προφερόμενα
3531 4167 3705 4236 μηδὲν

2105 4254 2566 4324 ὲπιστρεφομένου
2594 4256 2728 4325 πρὸς
2752 4256 2848 4324 τὴν
2875 4254 3179 4323 συνήθειαν.
3207 4254 3365 4307 Οὕτω
3388 4255 3582 4308 τοίνυν
3609 4255 3706 4308 καὶ

2105 4344 2336 4397 ἐνταῦθα
2368 4345 2428 4397 τὸ
2454 4349 2552 4416 τῆς
2577 4346 2854 4417 ὑποταγῆς
2879 4346 3277 4415 σημαινόμενον
3302 4345 3435 4398 ἄλλο
3463 4364 3523 4399 τι
3549 4347 3706 4418 παρά

2037 4460 2083 4514 D
2110 4436 2204 4497 τὰς
2229 4436 2412 4498 κοινὰς
2434 4436 2641 4499 ἑννοίας
2673 4436 2780 4489 ὑπὸ
2807 4435 2899 4489 τοῦ
2931 4436 3144 4490 Παύλου
3177 4437 3448 4505 νενόηται.

2191 4546 2488 4611 Ἀπόδειξις
2514 4547 2570 4600 δὲ
2604 4547 2699 4601 τοῦ
2728 4548 2893 4616 λόγου
2914 4588 2929 4612 ,
2967 4549 3049 4601 ὅτι
3080 4548 3202 4601 οὕτε
3237 4550 3270 4617 ἡ
3303 4550 3364 4600 ὲν
3414 4549 3496 4619 τῷ
3546 4550 3706 4622 μέρει

2106 4635 2282 4706 τούτῳ
2309 4636 2419 4689 τῶν
2454 4639 2584 4708 παρ’
2614 4639 2778 4691 αὐτοῦ
2813 4639 3291 4710 μνημονευθέντων
3321 4637 3546 4709 ἐχθρῶν
3573 4641 3706 4692 ὐπο-

2108 4728 2249 4798 ταγὴ
2277 4729 2339 4782 τὸ
2367 4731 2887 4800 κατηναγκασμένον
2919 4748 2978 4784 τε
3008 4730 3102 4784 καὶ
3130 4730 3390 4784 ἀκούσιον
3419 4732 3540 4801 ἔχει
3561 4773 3577 4797 ,
3605 4749 3710 4786 κα·

2109 4817 2218 4882 θὼς
2259 4819 2324 4873 ἂν
2379 4821 2581 4874 εἴποιεν
2625 4824 2672 4874 οἱ
2705 4825 2769 4893 τῇ
2825 4821 3083 4892 συνηθείᾳ
3133 4821 3481 4886 δουλεύοντες
3517 4863 3534 4887 ,
3571 4824 3707 4876 ἀλλά

2114 4912 2299 4981 σαφῶς
2321 4914 2410 4966 ἐπ’
2435 4915 2670 4986 αὐτῶνή
2701 4916 2946 4984 σωτηρίά
2985 4915 3064 4985 τῷ
3096 4915 3316 4985 ὀνόματι
3348 4915 3452 4983 τῆς
3499 4917 3708 4970 ὑποτα-

2113 5007 2216 5075 γῆς
2243 5005 2602 5076 ἑρμηνεύεται
2623 5023 2636 5037 ⁸
2678 5007 2978 5076 τεκμήριον
3010 5006 3099 5069 δὲ,
3124 5005 3186 5059 τὸ
3215 5005 3538 5059 διεστάλθαι
3565 5007 3705 5061 κατᾶ

2111 5095 2172 5148 τὸ
2211 5097 2376 5166 μέρος
2401 5097 2559 5149 τοῦτο
2589 5096 2694 5150 ὑπὸ
2720 5097 2813 5150 τοῦ
2836 5097 3050 5151 Παύλου
3077 5098 3138 5150 τὸ
3163 5097 3263 5168 τῆς
3291 5097 3501 5167 ἔχθρας
3529 5099 3703 5168 ὄνομα

2112 5190 2193 5251 είς
2225 5188 2416 5258 διπλῆν
2450 5187 2743 5258 σημασίαν.
2773 5188 2893 5240 Τῶν
2918 5188 3027 5258 γὰρ
3055 5188 3264 5258 ἐχθρῶν
3289 5189 3418 5250 τοὺς
3444 5188 3550 5258 μὲν
3575 5190 3706 5242 ὑπο-

2113 5277 2444 5350 ταγήσεσθαι
2472 5277 2653 5346 λέγει,
2677 5279 2804 5342 τοὺς
2829 5279 2887 5332 δὲ
2918 5277 3462 5350 καταργηθήσεσθαι.
3489 5281 3707 5350 Καταρ-

2114 5370 2417 5440 γηθήσεται
2451 5369 2549 5437 μὲν
2576 5364 2669 5422 οὖν
2711 5371 2738 5422 ὁ
2779 5372 2846 5440 τῇ
2879 5370 3037 5438 φύσει
3087 5369 3315 5441 ἐχθρὸς,
3347 5373 3639 5426 τουτέστιν
3676 5370 3705 5419 ὁ

2118 5461 2343 5523 θάνατος
2366 5499 2381 5523 ,
2416 5459 2510 5513 καὶ
2543 5462 2576 5530 ὴ
2636 5461 2765 5531 περὶ
2812 5461 2973 5515 αὐτὸν
3000 5462 3100 5532 τῆς
3142 5461 3425 5532 ἁμαρτίας
3455 5463 3603 5534 ἀρχή
3645 5479 3702 5513 τε

2217 5636 2258 5670 ⁸⁸
2298 5637 2315 5689 I
2366 5635 2492 5692 Cor.
2528 5653 2580 5705 ι,
2622 5637 2707 5692 l7.

2820 5638 2868 5671 ³³
2896 5637 2914 5692 l
2940 5637 3138 5696 Thess.
3173 5653 3250 5706 ιι,
3279 5637 3332 5694 8.
3444 5639 3493 5672 ⁸³
3527 5639 3546 5694 ι
3576 5637 3697 5693 Cot-
