3838 6220
460 449 596 506 i327

1933 436 2304 494 APPENDIX.

3561 389 3703 482 ἐδει

2557 585 2564 592 .

478 581 3689 627 __W=——_—_—_:==:======="Q

1141 800 1371 890 ΤΟΥ
1442 797 1822 887 ΑΥΤΟΥ
1898 797 2521 885 ΓΡΗΓΟΡΙΟΥ
2592 797 3019 884 ΝΥΣΣΗΣ

1687 983 1848 1036 ΠΕΡΙ
1883 983 2044 1046 ΤΟΥ,
2079 983 2146 1035 TI
2185 983 2338 1035 ΕΣΤΙ
2367 982 2477 1045 ΤΟ,

1366 1143 1531 1196 KAT'
1567 1141 1840 1195 ΕΙΚΟΝΑ
1875 1141 2055 1193 ΘΕΟΥ
2077 1141 2211 1192 ΚΑΙ
2247 1138 2407 1192 ΚΑΘ’
2439 1137 2807 1192 ΟΜΟΙΩΣΙΝ.

1243 1515 1710 1594 EJUSDEM
1791 1514 1871 1590 S.
1941 1508 2437 1591 GREGOBII
2480 1504 2915 1586 NYSSENI
2989 1505 2992 1516 ’

1755 1688 1842 1744 DE
1886 1685 2013 1752 ΕΟ,
2067 1684 2236 1753 QUID
2294 1681 2422 1749 SIT,

1267 1879 1365 1932 AD
1397 1875 1789 1934 IMAGINEM
1821 1874 1954 1930 DEI
1985 1873 2080 1929 ET
2119 1873 2216 1928 ΑΙ)
2246 1868 2870 1928 SIMILITUDINEM.

1716 2054 1956 2102 Frontone
2000 2053 2174 2102 Duram
2211 2047 2486 2110 interprete.

527 2387 628 2454 Qui
671 2383 946 2441 conditam
988 2397 1018 2436 a
1067 2380 1178 2436 Deo
1229 2379 1416 2435 vultus
1447 2377 1532 2434 sui
1571 2377 2032 2449 pulchritudinem
2068 2427 2072 2437 ,

2212 2377 2277 2430 Οἱ
2311 2376 2411 2447 τὴν
2441 2376 2648 2432 ἑαυτῶν
2676 2375 2929 2437 ἀπλανῶς
2959 2374 3055 2430 τοῦ
3091 2373 3384 2448 προσώπου
3415 2375 3735 2430 θεόκτιστον

458 2481 764 2535 σοιετιὶεείηιθ
789 2477 978 2531 volunt
1007 2487 1371 2545 cognoscere,
1399 2487 1507 2526 non
1540 2471 1666 2528 alia.
1699 2471 1914 2539 opinor,
1941 2483 2033 2522 ra-

460 2574 606 2625 tione
653 2568 931 2638 propriam
982 2563 1274 2633 imaginem
1312 2561 1653 2630 formamque
1699 2559 1857 2614 faciei
1897 2574 2034 2614 con-

465 2658 716 2729 templari
744 2663 1004 2726 possunt,
1036 2667 1198 2724 quam
1224 2651 1570 2706 tnundissimi
1602 2650 1887 2720 cujusdam
1919 2666 2040 2720 spc-

459 2751 566 2806 culi
615 2765 816 2820 opera,
880 2746 972 2802 cui
1033 2746 1269 2817 speciem
1328 2745 1442 2799 oris
1486 2743 1570 2800 sui
1644 2743 2035 2806 admoventes,

462 2845 517 2898 in
551 2859 617 2897 eo
645 2851 700 2896 et
741 2855 838 2910 per
867 2839 1046 2908 ipsum
1081 2837 1231 2892 intus
1263 2837 1494 2890 formam
1535 2835 1852 2906 quamdam,
1891 2837 2038 2890 velut

460 2951 527 2989 ex
557 2930 1389 2999 mmulatione_repra:sentatam
1429 2926 1497 2980 ad
1545 2927 1835 2996 imaginem
1866 2934 1921 2981 et
1963 2928 2042 2981 si-

461 3021 822 3078 militudinem
860 3033 1039 3080 suam,
1093 3019 1240 3073 clare
1291 3019 1596 3073 intuentur.
1635 3016 1702 3072 Et
1729 3033 1831 3072 nos
1871 3017 2042 3088 igitur

462 3123 723 3184 tanquam
759 3113 814 3166 in
844 3109 1068 3180 speculo
1106 3109 1340 3179 quodam
1377 3109 1660 3165 conversis
1691 3109 1758 3165 ad
1791 3110 2040 3165 divinum

465 3205 732 3276 spiritalis
791 3204 923 3259 solis
995 3201 1208 3256 radium
1267 3203 1445 3259 oculis
1479 3242 1494 3267 ,
1555 3203 1681 3259 inde
1753 3202 2043 3259 manifeste

467 3299 848 3352 adumbratam
879 3296 1139 3365 speciem.
1181 3293 1409 3348 formam
1446 3302 1500 3350 et
1531 3295 1821 3365 imaginem
1857 3296 2004 3350 illius
2025 3337 2040 3361 ,

467 3390 612 3460 quod
661 3390 714 3442 in
758 3394 953 3442 natura
995 3397 1181 3441 nostra
1212 3393 1296 3440 est
1323 3385 1389 3439 ad
1416 3386 1708 3456 imaginem
1732 3387 2046 3442 similitudi-

469 3494 703 3547 numque
737 3476 864 3537 Dei,
890 3477 1185 3530 discamus.
1230 3472 1328 3528 Est
1359 3475 1537 3538 enim,
1572 3485 1676 3540 est,
1701 3475 1945 3544 inquam,
1983 3482 2046 3548 _ut

473 3571 605 3624 mihi
641 3569 859 3640 quidem
891 3568 1126 3630 videtur,
1170 3566 1414 3622 hominis
1447 3566 1652 3622 creatio
1680 3577 1734 3622 et
1764 3575 2047 3622 structura

471 3661 835 3717 formidabilis
886 3669 1049 3730 atque
1110 3660 1178 3714 ad
1244 3659 1714 3730 interpretandum
1771 3659 2044 3724 difﬁcilis,

2138 2467 2447 2540 ὡραιότητα
2475 2471 2755 2522 κατανοεῖν
2784 2467 3117 2538 βουλόμενοι,
3149 2468 3249 2521 οὐκ
3269 2468 3446 2531 ἄλλως
3481 2486 3604 2530 πως
3629 2468 3734 2537 τὴν

2139 2561 2346 2615 οἰκείαν
2398 2562 2582 2615 εἰκόνα
2631 2561 2726 2616 καὶ
2771 2560 2864 2614 τοῦ
2917 2561 3209 2630 προσώπου
3249 2560 3343 2613 τὸν
3399 2559 3732 2630 χαρακτῆρα

2141 2655 2552 2727 ὲνοπτρίζεσθαι
2581 2653 2835 2707 δύνανται
2878 2653 2992 2706 ἀλλ’
3024 2653 3056 2723 ἢ
3091 2653 3182 2706 διά
3228 2669 3374 2714 τινος
3408 2651 3736 2722 καθαρωτά-

2140 2764 2236 2800 του
2284 2747 2550 2818 ἐσόπτρου
2575 2785 2589 2808 ,
2623 2746 2680 2798 ὲν
2724 2737 2891 2814 ᾧτὴν
2925 2743 3131 2796 οἰκείαν
3175 2743 3273 2812 τῆς
3321 2741 3502 2810 ὂψεως
3549 2741 3736 2794 εἰκόνα

2143 2836 2594 2908 προσεγγίζοντες
2611 2875 2626 2898 ,
2659 2839 2717 2891 ὲν
2744 2835 2890 2906 αὑτῷ
2917 2835 3012 2888 καὶ
3035 2834 3101 2887 δι’
3133 2832 3302 2888 αὑτοῦ
3328 2832 3499 2903 όρῶσι
3520 2832 3738 2901 τρανῶς

2143 2931 2290 2984 ἔνδον
2315 2930 2604 3002 ἀντίμιμόν
2634 2947 2754 2983 τινα
2778 2928 3103 3000 χαρακτῆρα
3130 2927 3250 2980 κατ’
3281 2925 3469 2978 εἰκόνα
3494 2925 3590 2977 καί
3613 2923 3740 2976 καθ’

2142 3023 2400 3095 ὁμοίωσιν
2430 3023 2660 3077 ἑαυτῶν.
2696 3022 2905 3077 Οὐκοῦν
2953 3020 3047 3074 καὶ
3090 3022 3250 3090 ἡμεῖς
3283 3017 3473 3089 ὥσπερ
3524 3019 3584 3069 ὲν
3615 3017 3737 3068 ἐσᾶ-

2145 3134 2301 3188 πτρῳ
2332 3116 2438 3170 τινί
2469 3115 2607 3188 πρὸς
2633 3115 2733 3185 τὴν
2781 3115 2932 3168 θείαν
2979 3114 3174 3167 ἀκτῖνα
3215 3108 3311 3163 τοῦ
3359 3107 3558 3179 νοεροῦ
3587 3107 3737 3178 ἡλίου

2145 3209 2519 3273 ἀτενίσαντες,
2571 3208 2780 3262 ἐκεῖθεν
2819 3205 3069 3277 ἐναργῶς
3117 3204 3179 3256 τὸ
3222 3202 3594 3272 ἀποσκίασμα
3649 3202 3738 3254 καὶ

2144 3301 2244 3373 τὴν
2275 3301 2490 3372 μορφὴν
2518 3300 2612 3353 καὶ
2635 3298 2734 3370 τὴν
2763 3298 2946 3352 εἰκόνα
2982 3296 3078 3350 τοῦ
3113 3295 3236 3349 κατ’
3270 3294 3457 3348 εἰκόνα
3483 3294 3588 3347 καὶ
3621 3293 3741 3346 καθ’

2146 3395 2405 3464 ὁμοίωσιν
2437 3392 2538 3462 τῆς
2565 3391 2842 3464 ἡμετέρας
2864 3387 3273 3459 καταμάθωμεν
3297 3386 3545 3455 φύσεως.
3586 3386 3746 3439 Ἐστι

2148 3484 2259 3554 γὰρ
2279 3523 2294 3546 ,
2317 3483 2468 3536 ἐστιν
2489 3523 2505 3547 ,
2533 3480 2608 3545 ὼς
2631 3481 2754 3572 ἐμοί
2785 3496 2848 3549 γε
2878 3479 3064 3544 δοκεῖ,
3095 3480 3130 3549 ἡ
3171 3476 3268 3531 τοῦ
3299 3475 3604 3547 ἀνθρώπου
3649 3492 3747 3529 κα-

2147 3577 2388 3649 τασκευὴ
2418 3575 2626 3647 φοϐερά
2655 3566 2739 3637 τις
2771 3572 2865 3627 καὶ
2918 3571 3377 3643 δυσερμήνευτος,
3429 3569 3533 3622 καὶ
3578 3566 3748 3621 πολλὰ

2149 3670 2244 3725 καὶ
2268 3669 2564 3738 ἁπόκρυφα
2592 3669 2649 3720 ὲν
2677 3667 2816 3736 αὐτῇ
2845 3665 3117 3735 μυστήρια
3149 3659 3287 3714 Θεοῦ
3310 3659 3746 3727 ὲξεικονίζουσα.

474 3753 757 3822 multaque
779 3759 832 3806 et
873 3749 1153 3806 recomlita
1191 3750 1279 3805 Dei
1311 3750 1569 3820 exprimit
1601 3750 1657 3804 in
1686 3766 1746 3806 se
1769 3751 2047 3822 mysteria.

2164 3761 2263 3814 Καὶ
2299 3759 2491 3830 ῶσπερ
2535 3760 2569 3828 ἡ
2612 3756 2709 3811 τοῦ
2762 3753 3043 3826 ὀφθαλμοῦ
3095 3751 3258 3822 φύσις
3304 3752 3378 3805 τὰ
3430 3751 3540 3823 μὲν
3594 3751 3751 3813 ἐκτὸς

473 3843 541 3897 Ει
566 3841 1026 3912 quemadmodum
1071 3843 1218 3896 oculi
1255 3850 1452 3895 natura
1501 3840 1660 3897 facile
1695 3842 1916 3912 quidem
1946 3857 2008 3897 ea
2030 3883 2046 3905 ,

475 3949 597 4004 quae
639 3942 768 3990 sunt
817 3945 972 3988 extra
1003 3948 1092 3999 se,
1132 3933 1395 4004 percipit,
1431 3933 1669 4002 seipsam
1701 3948 1830 3988 vero
1865 3949 2052 3988 suam-

475 4042 583 4096 que
633 4025 956 4096 qualitatem
1003 4040 1113 4079 non
1165 4032 1343 4095 potest
1388 4040 1611 4096 capere:
1670 4027 1750 4081 sic
1795 4033 1850 4081 et
1902 4026 2052 4080 omni

479 4117 732 4172 humanae
799 4115 1003 4170 mentis
1050 4117 1212 4171 oculo
1273 4118 1395 4171 visu
1445 4118 1775 4188 cognituque
1819 4116 2053 4172 diflicilis

477 4215 562 4263 est
594 4209 732 4263 ratio
766 4218 969 4262 nostra:
1025 4209 1347 4264 crcationis.
1383 4207 1680 4279 Postquam
1723 4208 1870 4263 enim
1917 4208 2052 4262 sim-

481 4301 676 4370 plicem
705 4299 1047 4367 maximeque
1084 4299 1385 4368 spiritalem
1413 4301 1673 4355 virtutum
1696 4299 2052 4354 invisibilium

481 4388 744 4444 mundum
775 4390 1003 4446 Creator
1019 4390 1270 4454 absolvit,
1307 4397 1361 4444 et
1386 4399 1511 4459 post
1541 4389 1694 4443 illum
1721 4390 1867 4443 hunc
1888 4391 2052 4444 etiam

481 4482 819 4537 materialem
853 4489 906 4534 et
947 4482 1331 4551 aspectabilem
1385 4497 1450 4535 ex
1499 4490 1736 4551 quatuor
1767 4482 2058 4536 elemento-

480 4589 602 4626 rum
634 4572 955 4642 corporibus
992 4571 1310 4633 conflatum,
1339 4580 1468 4625 tunc
1511 4573 1616 4637 ait,
1658 4571 1939 4626 Faciamus
1965 4573 2059 4625 ho-

483 4667 674 4718 minem
713 4665 781 4716 ad
813 4664 1093 4734 imaginem
1137 4673 1186 4716 et
1217 4663 1616 4718 similitudinem
1650 4674 1886 4718 nostram
1911 4664 1974 4726 ³⁷.
2005 4673 2061 4719 et

482 4755 685 4810 animal
731 4754 919 4809 condit
967 4756 1124 4826 quasi
1175 4755 1408 4809 mixtum
1469 4757 1758 4826 quemdam
1794 4757 2056 4812 mundum

461 4842 698 4902 'duobus
753 4847 971 4902 mundis
1024 4855 1346 4918 cognatum,
1403 4863 1470 4903 ex
1514 4852 1837 4920 incorporea
1870 4862 1924 4906 et
1961 4854 2060 4906 im-

483 4941 700 4997 mortali
746 4949 802 4996 et
859 4941 1260 5012 iucorruptibili
1314 4941 1530 5008 anima,
1585 4953 1640 4998 et
1683 4961 1748 4998 ex
1795 4945 2058 4999 materiali

484 5036 769 5104 oculisque
813 5033 1061 5102 subjecto
1109 5050 1368 5104 corpore,
1403 5052 1470 5091 ex
1500 5048 1736 5106 quatuor
1775 5039 2061 5093 elementis

486 5127 792 5198 composito
829 5137 1264 5196 coagmentatum
1311 5135 1366 5183 et
1416 5129 1686 5198 junctum.
1745 5130 1866 5196 Quo
1919 5132 2061 5186 facto
2089 5095 2134 5157 c

489 5235 686 5274 rursus
729 5220 805 5272 ait
845 5218 1167 5288 Scriptura:
1210 5219 1276 5272 Et
1311 5221 1434 5290 fecit
1493 5223 1628 5276 Deus
1673 5224 1956 5288 hominem,
1994 5225 2062 5278 ad

490 5312 770 5380 imaginem
800 5309 895 5364 Dei
942 5312 1064 5380 fecit
1090 5312 1244 5365 illum
1280 5331 1295 5368 :
1331 5311 1498 5367 Deum
1528 5330 1658 5369 vero
1688 5315 1824 5369 dicit
1846 5315 2061 5370 Patrem

489 5409 544 5454 ct
575 5399 768 5456 Filium
806 5408 860 5456 et
907 5403 1170 5473 Spiritum
1213 5414 1487 5460 sanctum.
1527 5407 1604 5460 Ac
1636 5409 1818 5463 multae
1841 5410 2058 5478 quidem

492 5494 828 5562 diversaeque
855 5497 1137 5549 sententia:
1170 5496 1237 5551 de
1263 5497 1367 5553 hoc
1393 5509 1710 5568 argumento
1743 5500 1814 5555 ab
1844 5517 2066 5556 enarra-

494 5582 706 5637 toribus
733 5591 863 5638 sunt
891 5585 1071 5639 dictae.
1104 5585 1339 5654 Quidam
1381 5589 1526 5643 enim
1552 5589 1862 5645 facultatem
1891 5592 2062 5662 impe-

495 5672 651 5726 randi
672 5678 728 5727 et
759 5673 1129 5745 principatum
1168 5678 1406 5738 hominis
1433 5681 1567 5739 illud
1597 5683 1667 5738 ad
1705 5684 1987 5755 imaginem
2013 5695 2066 5741 et

571 5850 613 5882 "
652 5847 787 5903 Gen.
829 5865 868 5915 t,
899 5847 993 5900 26.

2151 3851 2350 3920 ἑαυτῆς
2397 3848 2638 3920 εὐχερῶς
2690 3847 2984 3911 κατανοεῖ,
3040 3843 3242 3915 ἑαυτὴν
3294 3843 3355 3897 δὲ
3404 3843 3751 3913 κατανοῆσαι

2150 3944 2310 3998 ὁποῖά
2339 3944 2486 3996 ἐστιν
2507 3942 2568 3995 οὐ
2591 3940 2848 3994 δύναται*
2871 3936 3014 3992 οὕτω
3037 3937 3200 3990 παντὶ
3230 3935 3512 4006 ὀφθαλμῷ
3535 3935 3751 4007 ἀνθρω-

2153 4035 2312 4106 πίνης
2339 4033 2574 4098 διανοίας
2599 4031 2973 4104 δυσθεώρητος
2997 4029 3091 4083 καὶ
3110 4028 3572 4096 δυσκατάληπτος
3599 4029 3632 4079 ὁ
3657 4026 3753 4094 τῆς

2154 4125 2428 4198 ἡμετέρας
2459 4124 2819 4196 δημιουργίας
2850 4123 3009 4192 λόγος
3051 4120 3376 4189 καθέστηκε.
3410 4119 3753 4179 Συντελὲσας

2153 4219 2262 4289 γὰρ
2295 4219 2325 4271 ὁ
2353 4217 2594 4285 Κτίστης
2623 4216 2714 4270 τὸν
2743 4214 2946 4269 ἁπλοῦν
2965 4215 3060 4266 καὶ
3083 4211 3417 4276 νοερώτατον
3437 4211 3558 4264 τῶν
3584 4208 3752 4280 ἀορά-

2155 4327 2262 4362 των
2291 4308 2572 4378 δυνάμεων
2599 4306 2824 4375 κόσμον,
2864 4303 2982 4375 μεθ’
3005 4303 3064 4356 ὃν
3095 4302 3186 4355 καὶ
3215 4301 3307 4353 τὸν
3338 4300 3536 4353 ὑλικὸν
3568 4298 3758 4352 τοῦτον

2158 4399 2251 4452 καὶ
2272 4397 2567 4469 ὁρώμενον,
2612 4395 2703 4449 τὸν
2729 4396 2794 4447 ὲκ
2836 4393 3112 4462 τεσσάρων
3149 4389 3427 4460 στοιχείων
3453 4389 3758 4458 συγκείμε-

2157 4509 2268 4554 νον,
2309 4491 2431 4543 τότε
2463 4489 2617 4560 φησί,
2654 4488 3003 4555 Ποιήσωμεν
3031 4485 3344 4552 ἄνθρωπον
3378 4484 3518 4536 κατ’
3551 4483 3756 4536 εἰκόνα

2159 4585 2452 4652 ἡμετέραν
2470 4582 2566 4635 καὶ
2591 4581 2718 4634 καθ’
2747 4579 3046 4650 ὁμοίωσιν,
3075 4576 3168 4630 καὶ
3196 4578 3344 4627 ποιεῖ
3368 4574 3542 4638 ζῶον,
3567 4575 3756 4641 ὥσπερ

2159 4674 2281 4728 τινὰ
2327 4674 2517 4745 μικτὸν
2566 4672 2770 4741 κόσμον
2814 4670 3049 4739 συγγενῆ
3097 4667 3205 4720 τῶν
3239 4666 3335 4719 δύο
3373 4667 3612 4738 κόσμων
3639 4707 3656 4733 ,
3703 4663 3758 4727 ἐξ

2161 4765 2454 4834 ἀσωμάτου
2505 4765 2600 4818 καὶ
2631 4763 2903 4816 ἀθανάτου
2932 4761 3026 4814 καὶ
3073 4759 3356 4830 ἀφθάρτου
3402 4758 3633 4830 ψυχῆς,
3670 4756 3760 4810 καὶ

2162 4856 2222 4923 ἐξ
2251 4853 2436 4909 ὑλικοῦ
2467 4855 2560 4908 καὶ
2599 4854 2874 4926 ὁρωμένου
2898 4851 3278 4923 τετραστοίχου
3327 4849 3594 4921 σώματος
3633 4865 3762 4914 συγ·

2163 4947 2434 5018 κείμενον.
2485 4940 2704 5009 Οὖτινος
2734 4943 3028 5014 γενομένου
3065 4941 3226 4997 πάλιν
3257 4943 3426 5011 φησὶν
3463 4944 3499 5012 ἡ
3529 4943 3727 5012 Γραφὴ
3746 4980 3760 5002 .

2163 5041 2245 5094 ὅτι
2270 5039 2383 5094 Καὶ
2406 5039 2694 5106 ἐποίησεν
2733 5041 2766 5092 ὁ
2805 5036 2948 5102 Θεὸς
2975 5037 3084 5089 τὸν
3112 5034 3431 5100 ἄνθρωπον
3455 5073 3473 5095 ,
3506 5036 3644 5089 κατ’
3688 5035 3765 5086 eri-

2165 5134 2313 5186 κύνα
2335 5131 2484 5185 Θεοῦ
2511 5130 2802 5198 ἐποίησεν
2827 5129 3014 5182 αὐτόν
3031 5143 3044 5156 ·
3076 5125 3210 5179 Θεὸν
3235 5126 3328 5177 καὶ
3351 5124 3510 5193 λέγει
3537 5126 3638 5178 τὸν
3657 5125 3763 5177 Πα-

2162 5224 2296 5293 τέρα
2325 5224 2418 5276 καὶ
2446 5222 2536 5276 τὸν
2565 5222 2691 5274 Υἱὸν
2729 5221 2824 5274 καὶ
2858 5219 2920 5272 τὸ
2951 5218 3105 5286 ἅγιον
3128 5216 3377 5287 Πνεῦμα.
3412 5217 3631 5270 Πολλαὶ
3669 5215 3761 5286 μὲν

2165 5312 2257 5368 οὖν
2279 5315 2373 5368 καὶ
2405 5314 2649 5384 διάφοροι
2677 5310 2892 5380 γνῶμαι
2924 5309 3055 5380 περὶ
3084 5307 3273 5361 τούτου
3315 5309 3434 5370 τοῖς
3463 5307 3759 5377 ἐξηγηταῖς

2167 5406 2500 5478 ἐρρήθησαν.
2532 5405 2593 5456 Οί
2631 5403 2728 5472 μὲν
2757 5419 2867 5471 γαρ
2885 5401 2948 5454 τὸ
2975 5399 3200 5471 ἀρχικὸν
3225 5399 3322 5452 καὶ
3348 5395 3762 5463 ἐξουσιαστικὸν

2168 5499 2263 5553 τοῦ
2303 5496 2590 5569 ἀνθρώπου
2627 5495 2689 5548 τὸ
2737 5495 2865 5549 κατ’
2894 5496 3100 5548 εἰκόνα
3146 5491 3295 5546 Θεοῦ
3329 5492 3434 5545 καὶ
3467 5490 3760 5562 ὁμοίωσιν

2171 5587 2353 5654 εἷπον,
2392 5591 2569 5660 ἕτεροι
2607 5587 2663 5640 δὲ
2695 5585 2756 5640 τὺ
2797 5587 2978 5656 νοερὸν
3017 5585 3111 5638 καὶ
3148 5584 3385 5655 ἀόρατον
3413 5582 3522 5653 τῆς
3557 5577 3757 5649 ψυχῆς·

2175 5682 2358 5737 Ἀλλοι
2384 5682 2444 5736 τὸ
2471 5679 2744 5752 ἄφθαρτον
2776 5678 2872 5734 καί
2907 5676 3290 5749 ἀναμάρτητον
3313 5715 3330 5743 ,
3360 5676 3455 5730 ὅτε
3485 5676 3710 5745 γέγονεν
3732 5667 3759 5718 ὁ
