  <div class='ocr_page' id='page_1' title='image "/cluster/home/n/w/nwhite01/storage/ocr_20150623/44/nnc1.0037127462/678.png"; bbox 0 0 3838 6220; ppageno 0'>
   <div class='ocr_carea' id='block_1_1' title="bbox 180 359 320 416">
    <p class='ocr_par' dir='ltr' id='par_1_1' title="bbox 180 359 320 416">
     <span class='ocr_line' id='line_1_1' title="bbox 180 359 320 416; baseline -0.021 0"><span class='ocrx_word' id='word_1_1' title='bbox 180 361 204 416; x_wconf 82' lang='lat' dir='ltr'><strong>I</strong></span> <span class='ocrx_word' id='word_1_2' title='bbox 215 359 320 414; x_wconf 74' lang='lat'><strong>3‘29</strong></span> 
     </span>
    </p>
   </div>
   <div class='ocr_carea' id='block_1_2' title="bbox 1199 358 2410 425">
    <p class='ocr_par' dir='ltr' id='par_1_2' title="bbox 1199 358 2410 425">
     <span class='ocr_line' id='line_1_2' title="bbox 1199 358 2410 425; baseline -0.002 -9"><span class='ocrx_word' id='word_1_3' title='bbox 1199 358 1366 425; x_wconf 84' lang='lat' dir='ltr'><strong>QUID</strong></span> <span class='ocrx_word' id='word_1_4' title='bbox 1406 359 1535 424; x_wconf 90' lang='lat' dir='ltr'><strong>SIT,</strong></span> <span class='ocrx_word' id='word_1_5' title='bbox 1573 361 1664 415; x_wconf 82' lang='lat' dir='ltr'><strong>AD</strong></span> <span class='ocrx_word' id='word_1_6' title='bbox 1703 359 2042 416; x_wconf 76' lang='lat' dir='ltr'><strong>IMAGINEM</strong></span> <span class='ocrx_word' id='word_1_7' title='bbox 2085 360 2216 425; x_wconf 83' lang='lat' dir='ltr'><strong>DEI,</strong></span> <span class='ocrx_word' id='word_1_8' title='bbox 2256 358 2410 414; x_wconf 88' lang='lat' dir='ltr'><strong>ETC.</strong></span> 
     </span>
    </p>
   </div>
   <div class='ocr_carea' id='block_1_3' title="bbox 3292 352 3432 409">
    <p class='ocr_par' dir='ltr' id='par_1_3' title="bbox 3292 352 3432 409">
     <span class='ocr_line' id='line_1_3' title="bbox 3292 352 3432 409; baseline 0.007 -1"><span class='ocrx_word' id='word_1_9' title='bbox 3292 352 3432 409; x_wconf 71' lang='lat' dir='ltr'><strong>I530</strong></span> 
     </span>
    </p>
   </div>
   <div class='ocr_carea' id='block_1_4' title="bbox 191 444 1765 550">
    <p class='ocr_par' dir='ltr' id='par_1_4' title="bbox 191 458 1754 550">
     <span class='ocr_line' id='line_1_4' title="bbox 191 458 1754 550; baseline 0.002 -22"><span class='ocrx_word' id='word_1_10' title='bbox 191 458 362 544; x_wconf 65' lang='grc' dir='ltr'>Ἀδάμ</span> <span class='ocrx_word' id='word_1_11' title='bbox 388 490 402 503; x_wconf 76' lang='grc' dir='ltr'><strong>ο</strong></span> <span class='ocrx_word' id='word_1_12' title='bbox 435 472 610 544; x_wconf 78' lang='grc' dir='ltr'>ἕτεροι</span> <span class='ocrx_word' id='word_1_13' title='bbox 642 475 979 547; x_wconf 80' lang='grc' dir='ltr'><strong>προφητείαν</strong></span> <span class='ocrx_word' id='word_1_14' title='bbox 1020 475 1153 530; x_wconf 81' lang='grc' dir='ltr'>αὐτὸ</span> <span class='ocrx_word' id='word_1_15' title='bbox 1198 478 1454 549; x_wconf 84' lang='grc' dir='ltr'><strong>εἰρήκασι</strong></span> <span class='ocrx_word' id='word_1_16' title='bbox 1492 479 1621 550; x_wconf 72' lang='grc' dir='ltr'>περὶ</span> <span class='ocrx_word' id='word_1_17' title='bbox 1659 476 1754 532; x_wconf 90' lang='grc' dir='ltr'><strong>τοῦ</strong></span> 
     </span>
    </p>
   </div>
   <div class='ocr_carea' id='block_1_5' title="bbox 1868 444 3433 550">
    <p class='ocr_par' dir='ltr' id='par_1_5' title="bbox 1868 469 3433 540">
     <span class='ocr_line' id='line_1_5' title="bbox 1868 469 3433 540; baseline -0.005 -8"><span class='ocrx_word' id='word_1_18' title='bbox 1868 477 2257 533; x_wconf 73' lang='lat' dir='ltr'><strong>similitudinem</strong></span> <span class='ocrx_word' id='word_1_19' title='bbox 2301 491 2425 532; x_wconf 89' lang='lat' dir='ltr'><strong>esse</strong></span> <span class='ocrx_word' id='word_1_20' title='bbox 2468 474 2756 540; x_wconf 83' lang='lat' dir='ltr'><strong>dixerunt;</strong></span> <span class='ocrx_word' id='word_1_21' title='bbox 2802 470 2893 526; x_wconf 86' lang='lat' dir='ltr'><strong><em>alii</em></strong></span> <span class='ocrx_word' id='word_1_22' title='bbox 2929 485 3056 525; x_wconf 87' lang='lat' dir='ltr'><strong>vero</strong></span> <span class='ocrx_word' id='word_1_23' title='bbox 3100 484 3217 523; x_wconf 88' lang='lat' dir='ltr'><strong>eam</strong></span> <span class='ocrx_word' id='word_1_24' title='bbox 3246 469 3433 526; x_wconf 79' lang='lat' dir='ltr'><strong>condi-</strong></span> 
     </span>
    </p>
   </div>
   <div class='ocr_carea' id='block_1_6' title="bbox 151 553 579 634">
    <p class='ocr_par' dir='ltr' id='par_1_6' title="bbox 151 553 579 634">
     <span class='ocr_line' id='line_1_6' title="bbox 151 553 579 634; baseline 0.002 -17"><span class='ocrx_word' id='word_1_25' title='bbox 151 553 160 568; x_wconf 68' lang='grc'><em>“</em></span> <span class='ocrx_word' id='word_1_26' title='bbox 180 565 579 634; x_wconf 75' lang='grc' dir='ltr'><strong>βαπτίσματος.</strong></span> 
     </span>
    </p>
   </div>
   <div class='ocr_carea' id='block_1_7' title="bbox 1868 561 3428 636">
    <p class='ocr_par' dir='ltr' id='par_1_7' title="bbox 1868 561 3428 636">
     <span class='ocr_line' id='line_1_7' title="bbox 1868 561 3428 636; baseline -0.008 -12"><span class='ocrx_word' id='word_1_27' title='bbox 1868 571 2070 624; x_wconf 97' lang='lat' dir='ltr'><strong>tionem</strong></span> <span class='ocrx_word' id='word_1_28' title='bbox 2101 569 2330 632; x_wconf 66' lang='lat' dir='ltr'><strong>animm,</strong></span> <span class='ocrx_word' id='word_1_29' title='bbox 2362 576 2421 622; x_wconf 88' lang='lat' dir='ltr'><strong>ut</strong></span> <span class='ocrx_word' id='word_1_30' title='bbox 2465 567 2537 621; x_wconf 89' lang='lat' dir='ltr'><strong>sit</strong></span> <span class='ocrx_word' id='word_1_31' title='bbox 2579 564 2844 636; x_wconf 76' lang='lat' dir='ltr'><strong>spiritalis</strong></span> <span class='ocrx_word' id='word_1_32' title='bbox 2885 572 2939 618; x_wconf 89' lang='lat' dir='ltr'><strong>et</strong></span> <span class='ocrx_word' id='word_1_33' title='bbox 2976 561 3300 625; x_wconf 82' lang='lat' dir='ltr'><strong>invisibilis;</strong></span> <span class='ocrx_word' id='word_1_34' title='bbox 3339 563 3428 627; x_wconf 67' lang='lat' dir='ltr'><strong>alii</strong></span> 
     </span>
    </p>
   </div>
   <div class='ocr_carea' id='block_1_8' title="bbox 179 653 3431 728">
    <p class='ocr_par' dir='ltr' id='par_1_8' title="bbox 179 653 3431 728">
     <span class='ocr_line' id='line_1_8' title="bbox 179 653 3431 728; baseline -0.001 -19"><span class='ocrx_word' id='word_1_35' title='bbox 179 657 326 726; x_wconf 72' lang='lat' dir='ltr'><strong>quod</strong></span> <span class='ocrx_word' id='word_1_36' title='bbox 365 654 780 724; x_wconf 87' lang='lat' dir='ltr'><strong>incorruptiblis</strong></span> <span class='ocrx_word' id='word_1_37' title='bbox 832 663 888 712; x_wconf 90' lang='lat' dir='ltr'><strong>et</strong></span> <span class='ocrx_word' id='word_1_38' title='bbox 932 671 961 710; x_wconf 92' lang='lat' dir='ltr'><strong>a</strong></span> <span class='ocrx_word' id='word_1_39' title='bbox 998 667 1225 728; x_wconf 90' lang='lat' dir='ltr'><strong>peccato</strong></span> <span class='ocrx_word' id='word_1_40' title='bbox 1273 660 1536 716; x_wconf 91' lang='lat' dir='ltr'><strong>immunis</strong></span> <span class='ocrx_word' id='word_1_41' title='bbox 1581 668 1764 725; x_wconf 90' lang='lat' dir='ltr'><strong>esset,</strong></span> <span class='ocrx_word' id='word_1_42' title='bbox 1805 675 1929 716; x_wconf 89' lang='lat' dir='ltr'><strong>cum</strong></span> <span class='ocrx_word' id='word_1_43' title='bbox 1969 662 2152 716; x_wconf 88' lang='lat' dir='ltr'><strong>editus</strong></span> <span class='ocrx_word' id='word_1_44' title='bbox 2194 660 2296 714; x_wconf 79' lang='lat' dir='ltr'><strong>fuit</strong></span> <span class='ocrx_word' id='word_1_45' title='bbox 2334 659 2388 712; x_wconf 89' lang='lat' dir='ltr'><strong>in</strong></span> <span class='ocrx_word' id='word_1_46' title='bbox 2449 658 2626 713; x_wconf 81' lang='lat' dir='ltr'><strong>lucem</strong></span> <span class='ocrx_word' id='word_1_47' title='bbox 2668 656 2874 720; x_wconf 80' lang='lat' dir='ltr'><strong>Adam;</strong></span> <span class='ocrx_word' id='word_1_48' title='bbox 2924 655 3017 709; x_wconf 85' lang='lat' dir='ltr'><strong><em>alii</em></strong></span> <span class='ocrx_word' id='word_1_49' title='bbox 3093 653 3431 725; x_wconf 70' lang='lat' dir='ltr'><strong>prophetiam</strong></span> 
     </span>
    </p>
   </div>
   <div class='ocr_carea' id='block_1_9' title="bbox 179 747 1167 817">
    <p class='ocr_par' dir='ltr' id='par_1_9' title="bbox 179 747 1167 817">
     <span class='ocr_line' id='line_1_9' title="bbox 179 747 1167 817; baseline 0.002 -15"><span class='ocrx_word' id='word_1_50' title='bbox 179 748 327 803; x_wconf 88' lang='lat' dir='ltr'><strong>istud</strong></span> <span class='ocrx_word' id='word_1_51' title='bbox 359 762 484 803; x_wconf 90' lang='lat' dir='ltr'><strong>esse</strong></span> <span class='ocrx_word' id='word_1_52' title='bbox 507 747 764 802; x_wconf 82' lang='lat' dir='ltr'><strong>dixerunt</strong></span> <span class='ocrx_word' id='word_1_53' title='bbox 785 749 853 802; x_wconf 87' lang='lat' dir='ltr'><strong>de</strong></span> <span class='ocrx_word' id='word_1_54' title='bbox 874 748 1167 817; x_wconf 89' lang='lat' dir='ltr'><strong>baptismo.</strong></span> 
     </span>
    </p>
   </div>
   <div class='ocr_carea' id='block_1_10' title="bbox 253 839 1760 915">
    <p class='ocr_par' dir='ltr' id='par_1_10' title="bbox 253 839 1760 915">
     <span class='ocr_line' id='line_1_10' title="bbox 253 839 1760 915; baseline 0.003 -22"><span class='ocrx_word' id='word_1_55' title='bbox 253 841 520 910; x_wconf 89' lang='grc' dir='ltr'>Ἐσχατον</span> <span class='ocrx_word' id='word_1_56' title='bbox 549 839 608 892; x_wconf 80' lang='grc' dir='ltr'><strong>δὲ</strong></span> <span class='ocrx_word' id='word_1_57' title='bbox 638 839 853 893; x_wconf 88' lang='grc' dir='ltr'>πάντων</span> <span class='ocrx_word' id='word_1_58' title='bbox 879 840 1120 912; x_wconf 75' lang='grc' dir='ltr'>ὡσπερεὶ</span> <span class='ocrx_word' id='word_1_59' title='bbox 1155 840 1233 912; x_wconf 80' lang='grc' dir='ltr'>τῷ</span> <span class='ocrx_word' id='word_1_60' title='bbox 1261 842 1575 914; x_wconf 78' lang='grc' dir='ltr'><strong>ἐκτρώματι</strong></span> <span class='ocrx_word' id='word_1_61' title='bbox 1603 843 1760 915; x_wconf 79' lang='grc' dir='ltr'>ὤφθη</span> 
     </span>
    </p>
   </div>
   <div class='ocr_carea' id='block_1_11' title="bbox 175 927 1763 1005">
    <p class='ocr_par' dir='ltr' id='par_1_11' title="bbox 175 927 1763 1005">
     <span class='ocr_line' id='line_1_11' title="bbox 175 927 1763 1005; baseline 0.003 -21"><span class='ocrx_word' id='word_1_62' title='bbox 175 930 347 1000; x_wconf 77' lang='grc' dir='ltr'>κάμοὶ</span> <span class='ocrx_word' id='word_1_63' title='bbox 377 928 495 981; x_wconf 82' lang='grc' dir='ltr'>ἔνια</span> <span class='ocrx_word' id='word_1_64' title='bbox 545 929 672 999; x_wconf 80' lang='grc' dir='ltr'>περὶ</span> <span class='ocrx_word' id='word_1_65' title='bbox 698 927 890 982; x_wconf 87' lang='grc' dir='ltr'>τούτου</span> <span class='ocrx_word' id='word_1_66' title='bbox 942 931 1140 984; x_wconf 82' lang='grc' dir='ltr'>εἰπεῖν·</span> <span class='ocrx_word' id='word_1_67' title='bbox 1170 933 1263 984; x_wconf 75' lang='grc' dir='ltr'><strong>καὶ</strong></span> <span class='ocrx_word' id='word_1_68' title='bbox 1295 933 1510 1005; x_wconf 89' lang='grc' dir='ltr'>πρῶτόν</span> <span class='ocrx_word' id='word_1_69' title='bbox 1535 952 1598 1004; x_wconf 90' lang='grc' dir='ltr'><strong>γε</strong></span> <span class='ocrx_word' id='word_1_70' title='bbox 1629 936 1763 989; x_wconf 88' lang='grc' dir='ltr'>πάν-</span> 
     </span>
    </p>
   </div>
   <div class='ocr_carea' id='block_1_12' title="bbox 174 1018 1764 1096">
    <p class='ocr_par' dir='ltr' id='par_1_12' title="bbox 174 1018 1764 1096">
     <span class='ocr_line' id='line_1_12' title="bbox 174 1018 1764 1096; baseline 0.004 -22"><span class='ocrx_word' id='word_1_71' title='bbox 174 1038 288 1074; x_wconf 86' lang='grc' dir='ltr'><strong>των</strong></span> <span class='ocrx_word' id='word_1_72' title='bbox 323 1022 500 1073; x_wconf 76' lang='grc' dir='ltr'>ἐκεῖνο</span> <span class='ocrx_word' id='word_1_73' title='bbox 537 1018 773 1091; x_wconf 80' lang='grc' dir='ltr'>ζητῆσαι</span> <span class='ocrx_word' id='word_1_74' title='bbox 813 1019 992 1086; x_wconf 82' lang='grc' dir='ltr'>ἄξιον,</span> <span class='ocrx_word' id='word_1_75' title='bbox 1019 1021 1081 1076; x_wconf 90' lang='grc' dir='ltr'><strong>τὸ</strong></span> <span class='ocrx_word' id='word_1_76' title='bbox 1101 1061 1117 1086; x_wconf 86' lang='grc'><strong><em>,</em></strong></span> <span class='ocrx_word' id='word_1_77' title='bbox 1150 1023 1202 1076; x_wconf 90' lang='grc' dir='ltr'><strong>τί</strong></span> <span class='ocrx_word' id='word_1_78' title='bbox 1227 1023 1427 1095; x_wconf 86' lang='grc' dir='ltr'>δήποτε</span> <span class='ocrx_word' id='word_1_79' title='bbox 1459 1025 1533 1096; x_wconf 85' lang='grc' dir='ltr'><strong>μὴ</strong></span> <span class='ocrx_word' id='word_1_80' title='bbox 1565 1025 1764 1096; x_wconf 80' lang='grc' dir='ltr'>μᾶλλον</span> 
     </span>
    </p>
   </div>
   <div class='ocr_carea' id='block_1_13' title="bbox 173 1112 1762 1188">
    <p class='ocr_par' dir='ltr' id='par_1_13' title="bbox 173 1112 1762 1188">
     <span class='ocr_line' id='line_1_13' title="bbox 173 1112 1762 1188; baseline 0.003 -22"><span class='ocrx_word' id='word_1_81' title='bbox 173 1115 306 1176; x_wconf 77' lang='grc' dir='ltr'>τοὺς</span> <span class='ocrx_word' id='word_1_82' title='bbox 344 1113 564 1183; x_wconf 84' lang='grc' dir='ltr'>νοεροὺς</span> <span class='ocrx_word' id='word_1_83' title='bbox 597 1113 692 1164; x_wconf 77' lang='grc' dir='ltr'><strong>καὶ</strong></span> <span class='ocrx_word' id='word_1_84' title='bbox 733 1112 968 1177; x_wconf 76' lang='grc' dir='ltr'>ἀύλους,</span> <span class='ocrx_word' id='word_1_85' title='bbox 1001 1115 1094 1167; x_wconf 77' lang='grc' dir='ltr'>καὶ</span> <span class='ocrx_word' id='word_1_86' title='bbox 1141 1115 1454 1185; x_wconf 77' lang='grc' dir='ltr'><strong>οὐρανίους,</strong></span> <span class='ocrx_word' id='word_1_87' title='bbox 1489 1118 1583 1170; x_wconf 65' lang='grc' dir='ltr'><strong>καί⁸</strong></span> <span class='ocrx_word' id='word_1_88' title='bbox 1626 1117 1762 1188; x_wconf 88' lang='grc' dir='ltr'>πλη-</span> 
     </span>
    </p>
   </div>
   <div class='ocr_carea' id='block_1_14' title="bbox 174 1203 1762 1275">
    <p class='ocr_par' dir='ltr' id='par_1_14' title="bbox 174 1203 1762 1275">
     <span class='ocr_line' id='line_1_14' title="bbox 174 1203 1762 1275; baseline 0.002 -17"><span class='ocrx_word' id='word_1_89' title='bbox 174 1204 422 1268; x_wconf 86' lang='grc' dir='ltr'>σιοθέους</span> <span class='ocrx_word' id='word_1_90' title='bbox 459 1203 723 1272; x_wconf 81' lang='grc' dir='ltr'><strong>ἀγγέλους</strong></span> <span class='ocrx_word' id='word_1_91' title='bbox 771 1205 1050 1275; x_wconf 85' lang='grc' dir='ltr'><strong>ὠνόμασεν</strong></span> <span class='ocrx_word' id='word_1_92' title='bbox 1089 1207 1118 1259; x_wconf 91' lang='lat'><strong>6</strong></span> <span class='ocrx_word' id='word_1_93' title='bbox 1143 1206 1275 1270; x_wconf 83' lang='grc' dir='ltr'><strong>Θεὸς</strong></span> <span class='ocrx_word' id='word_1_94' title='bbox 1308 1208 1428 1259; x_wconf 85' lang='grc' dir='ltr'>κατ’</span> <span class='ocrx_word' id='word_1_95' title='bbox 1459 1209 1643 1261; x_wconf 90' lang='grc' dir='ltr'>εἰκόνα</span> <span class='ocrx_word' id='word_1_96' title='bbox 1667 1208 1762 1261; x_wconf 81' lang='grc' dir='ltr'><strong>καὶ</strong></span> 
     </span>
    </p>
   </div>
   <div class='ocr_carea' id='block_1_15' title="bbox 174 1295 1762 1369">
    <p class='ocr_par' dir='ltr' id='par_1_15' title="bbox 174 1295 1762 1369">
     <span class='ocr_line' id='line_1_15' title="bbox 174 1295 1762 1369; baseline 0.001 -21"><span class='ocrx_word' id='word_1_97' title='bbox 174 1295 302 1348; x_wconf 80' lang='grc' dir='ltr'>καθ’</span> <span class='ocrx_word' id='word_1_98' title='bbox 333 1295 593 1364; x_wconf 78' lang='grc' dir='ltr'>ὁμοίωσιν</span> <span class='ocrx_word' id='word_1_99' title='bbox 641 1295 842 1362; x_wconf 73' lang='grc' dir='ltr'>αὐτοῦς</span> <span class='ocrx_word' id='word_1_100' title='bbox 878 1295 987 1349; x_wconf 64' lang='lat' dir='ltr'><strong>Kal.</strong></span> <span class='ocrx_word' id='word_1_101' title='bbox 1020 1297 1129 1367; x_wconf 80' lang='grc' dir='ltr'><strong>γὰρ</strong></span> <span class='ocrx_word' id='word_1_102' title='bbox 1182 1297 1276 1350; x_wconf 82' lang='grc' dir='ltr'><strong>καὶ</strong></span> <span class='ocrx_word' id='word_1_103' title='bbox 1311 1297 1374 1350; x_wconf 90' lang='grc' dir='ltr'><strong>τὸ</strong></span> <span class='ocrx_word' id='word_1_104' title='bbox 1410 1298 1632 1369; x_wconf 83' lang='grc' dir='ltr'>ἀρχικὸν</span> <span class='ocrx_word' id='word_1_105' title='bbox 1666 1299 1762 1351; x_wconf 82' lang='grc' dir='ltr'><strong>καὶ</strong></span> 
     </span>
    </p>
   </div>
   <div class='ocr_carea' id='block_1_16' title="bbox 81 1386 1763 1460">
    <p class='ocr_par' dir='ltr' id='par_1_16' title="bbox 81 1386 1763 1460">
     <span class='ocr_line' id='line_1_16' title="bbox 81 1386 1763 1460; baseline 0.004 -22"><span class='ocrx_word' id='word_1_106' title='bbox 81 1441 86 1444; x_wconf 64' lang='grc'><em>,</em></span> <span class='ocrx_word' id='word_1_107' title='bbox 172 1386 584 1451; x_wconf 76' lang='grc' dir='ltr'>ἑξουσιαστικὸν</span> <span class='ocrx_word' id='word_1_108' title='bbox 612 1386 792 1456; x_wconf 81' lang='grc' dir='ltr'><strong>πάσης</strong></span> <span class='ocrx_word' id='word_1_109' title='bbox 821 1387 923 1456; x_wconf 81' lang='grc' dir='ltr'>τῆς</span> <span class='ocrx_word' id='word_1_110' title='bbox 953 1388 1056 1458; x_wconf 80' lang='grc' dir='ltr'><strong>γῆς</strong></span> <span class='ocrx_word' id='word_1_111' title='bbox 1078 1429 1092 1454; x_wconf 86' lang='grc'>,</span> <span class='ocrx_word' id='word_1_112' title='bbox 1119 1388 1214 1442; x_wconf 76' lang='grc' dir='ltr'><strong>καὶ</strong></span> <span class='ocrx_word' id='word_1_113' title='bbox 1239 1387 1402 1442; x_wconf 85' lang='grc' dir='ltr'>αὑτοῦ</span> <span class='ocrx_word' id='word_1_114' title='bbox 1430 1389 1522 1442; x_wconf 91' lang='grc' dir='ltr'><strong>τοῦ</strong></span> <span class='ocrx_word' id='word_1_115' title='bbox 1555 1390 1763 1460; x_wconf 83' lang='grc' dir='ltr'>ἀνθρώ-</span> 
     </span>
    </p>
   </div>
   <div class='ocr_carea' id='block_1_17' title="bbox 173 1478 1758 1553">
    <p class='ocr_par' dir='ltr' id='par_1_17' title="bbox 173 1478 1758 1553">
     <span class='ocr_line' id='line_1_17' title="bbox 173 1478 1758 1553; baseline 0.004 -21"><span class='ocrx_word' id='word_1_116' title='bbox 173 1497 280 1532; x_wconf 86' lang='grc' dir='ltr'><strong>που</strong></span> <span class='ocrx_word' id='word_1_117' title='bbox 333 1479 486 1532; x_wconf 79' lang='grc' dir='ltr'>αὐτοὶ</span> <span class='ocrx_word' id='word_1_118' title='bbox 516 1478 695 1548; x_wconf 78' lang='grc' dir='ltr'>ἔχουσι</span> <span class='ocrx_word' id='word_1_119' title='bbox 721 1519 736 1542; x_wconf 92' lang='grc'><em>,</em></span> <span class='ocrx_word' id='word_1_120' title='bbox 774 1480 974 1548; x_wconf 81' lang='grc' dir='ltr'>μᾶλλον</span> <span class='ocrx_word' id='word_1_121' title='bbox 1013 1480 1071 1532; x_wconf 84' lang='grc' dir='ltr'><strong>δὲ</strong></span> <span class='ocrx_word' id='word_1_122' title='bbox 1127 1482 1268 1552; x_wconf 85' lang='grc' dir='ltr'>ὑπὲρ</span> <span class='ocrx_word' id='word_1_123' title='bbox 1317 1481 1408 1534; x_wconf 88' lang='grc' dir='ltr'><strong>τὸν</strong></span> <span class='ocrx_word' id='word_1_124' title='bbox 1452 1483 1758 1553; x_wconf 82' lang='grc' dir='ltr'>ἄνθρωπον.</span> 
     </span>
    </p>
   </div>
   <div class='ocr_carea' id='block_1_18' title="bbox 187 1570 1763 1646">
    <p class='ocr_par' dir='ltr' id='par_1_18' title="bbox 187 1570 1763 1646">
     <span class='ocr_line' id='line_1_18' title="bbox 187 1570 1763 1646; baseline 0.003 -23"><span class='ocrx_word' id='word_1_125' title='bbox 187 1570 421 1640; x_wconf 82' lang='grc' dir='ltr'><strong>Ὁμοίως</strong></span> <span class='ocrx_word' id='word_1_126' title='bbox 448 1571 540 1623; x_wconf 75' lang='grc' dir='ltr'><strong>καὶ</strong></span> <span class='ocrx_word' id='word_1_127' title='bbox 563 1571 624 1624; x_wconf 87' lang='grc' dir='ltr'><strong>τὸ</strong></span> <span class='ocrx_word' id='word_1_128' title='bbox 650 1571 949 1642; x_wconf 79' lang='grc' dir='ltr'>ἄφθαρτον,</span> <span class='ocrx_word' id='word_1_129' title='bbox 971 1573 1066 1626; x_wconf 79' lang='grc' dir='ltr'><strong>καὶ</strong></span> <span class='ocrx_word' id='word_1_130' title='bbox 1098 1572 1157 1625; x_wconf 88' lang='grc' dir='ltr'><strong>τὸ</strong></span> <span class='ocrx_word' id='word_1_131' title='bbox 1178 1573 1359 1639; x_wconf 85' lang='grc' dir='ltr'>ἁῦλον,</span> <span class='ocrx_word' id='word_1_132' title='bbox 1395 1575 1488 1627; x_wconf 80' lang='grc' dir='ltr'><strong>καὶ</strong></span> <span class='ocrx_word' id='word_1_133' title='bbox 1512 1574 1572 1626; x_wconf 92' lang='grc' dir='ltr'><strong>τὸ</strong></span> <span class='ocrx_word' id='word_1_134' title='bbox 1596 1574 1763 1646; x_wconf 83' lang='grc' dir='ltr'>ἀόρα-</span> 
     </span>
    </p>
   </div>
   <div class='ocr_carea' id='block_1_19' title="bbox 170 1661 1761 1735">
    <p class='ocr_par' dir='ltr' id='par_1_19' title="bbox 170 1661 1761 1735">
     <span class='ocr_line' id='line_1_19' title="bbox 170 1661 1761 1735; baseline 0.003 -22"><span class='ocrx_word' id='word_1_135' title='bbox 170 1679 286 1725; x_wconf 80' lang='grc' dir='ltr'>τον,</span> <span class='ocrx_word' id='word_1_136' title='bbox 323 1663 420 1715; x_wconf 69' lang='grc' dir='ltr'><strong>καὶ</strong></span> <span class='ocrx_word' id='word_1_137' title='bbox 449 1662 512 1715; x_wconf 89' lang='grc' dir='ltr'><strong>τὸ</strong></span> <span class='ocrx_word' id='word_1_138' title='bbox 544 1661 782 1732; x_wconf 88' lang='grc' dir='ltr'>καθαρὸν</span> <span class='ocrx_word' id='word_1_139' title='bbox 806 1702 822 1727; x_wconf 89' lang='grc'><strong><em>,</em></strong></span> <span class='ocrx_word' id='word_1_140' title='bbox 855 1663 950 1716; x_wconf 78' lang='grc' dir='ltr'><strong>καὶ</strong></span> <span class='ocrx_word' id='word_1_141' title='bbox 995 1665 1172 1717; x_wconf 88' lang='grc' dir='ltr'>πάντα</span> <span class='ocrx_word' id='word_1_142' title='bbox 1209 1665 1309 1717; x_wconf 84' lang='grc' dir='ltr'>ὃσα</span> <span class='ocrx_word' id='word_1_143' title='bbox 1340 1664 1474 1719; x_wconf 84' lang='grc' dir='ltr'>ἄλλα</span> <span class='ocrx_word' id='word_1_144' title='bbox 1513 1664 1761 1735; x_wconf 77' lang='grc' dir='ltr'>ἐγκώμια</span> 
     </span>
    </p>
   </div>
   <div class='ocr_carea' id='block_1_20' title="bbox 171 1753 1759 1826">
    <p class='ocr_par' dir='ltr' id='par_1_20' title="bbox 171 1753 1759 1826">
     <span class='ocr_line' id='line_1_20' title="bbox 171 1753 1759 1826; baseline 0.004 -21"><span class='ocrx_word' id='word_1_145' title='bbox 171 1753 306 1823; x_wconf 80' lang='grc' dir='ltr'>περὶ</span> <span class='ocrx_word' id='word_1_146' title='bbox 326 1753 422 1806; x_wconf 84' lang='grc' dir='ltr'><strong>τοῦ</strong></span> <span class='ocrx_word' id='word_1_147' title='bbox 475 1755 645 1824; x_wconf 81' lang='grc' dir='ltr'>’Λδὰμ</span> <span class='ocrx_word' id='word_1_148' title='bbox 675 1754 850 1817; x_wconf 79' lang='grc' dir='ltr'>εἴποις</span> <span class='ocrx_word' id='word_1_149' title='bbox 873 1795 888 1818; x_wconf 83' lang='grc'><em>,</em></span> <span class='ocrx_word' id='word_1_150' title='bbox 917 1755 1359 1826; x_wconf 80' lang='grc' dir='ltr'>ὑπερϐαλλόντως</span> <span class='ocrx_word' id='word_1_151' title='bbox 1385 1757 1522 1810; x_wconf 75' lang='grc' dir='ltr'>εἰσὶν</span> <span class='ocrx_word' id='word_1_152' title='bbox 1559 1760 1616 1810; x_wconf 84' lang='grc' dir='ltr'>ὲν</span> <span class='ocrx_word' id='word_1_153' title='bbox 1648 1760 1759 1820; x_wconf 85' lang='grc' dir='ltr'>τοῖς</span> 
     </span>
    </p>
   </div>
   <div class='ocr_carea' id='block_1_21' title="bbox 171 1845 1760 1919">
    <p class='ocr_par' dir='ltr' id='par_1_21' title="bbox 171 1845 1760 1919">
     <span class='ocr_line' id='line_1_21' title="bbox 171 1845 1760 1919; baseline 0.002 -19"><span class='ocrx_word' id='word_1_154' title='bbox 171 1849 386 1917; x_wconf 84' lang='grc' dir='ltr'>νοεροῖς</span> <span class='ocrx_word' id='word_1_155' title='bbox 409 1847 504 1900; x_wconf 67' lang='grc' dir='ltr'><strong>καί¹</strong></span> <span class='ocrx_word' id='word_1_156' title='bbox 535 1847 809 1917; x_wconf 79' lang='grc' dir='ltr'>οὐρανίοις</span> <span class='ocrx_word' id='word_1_157' title='bbox 838 1845 946 1899; x_wconf 89' lang='grc' dir='ltr'><strong>τῶν</strong></span> <span class='ocrx_word' id='word_1_158' title='bbox 970 1848 1279 1918; x_wconf 77' lang='grc' dir='ltr'>ἀσωμάτων</span> <span class='ocrx_word' id='word_1_159' title='bbox 1319 1851 1520 1919; x_wconf 82' lang='grc' dir='ltr'>χοροῖς.</span> <span class='ocrx_word' id='word_1_160' title='bbox 1554 1848 1760 1903; x_wconf 84' lang='grc' dir='ltr'>Οὐκοῦν</span> 
     </span>
    </p>
   </div>
   <div class='ocr_carea' id='block_1_22' title="bbox 176 1936 1764 2008">
    <p class='ocr_par' dir='ltr' id='par_1_22' title="bbox 176 1936 1764 2008">
     <span class='ocr_line' id='line_1_22' title="bbox 176 1936 1764 2008; baseline 0.002 -19"><span class='ocrx_word' id='word_1_161' title='bbox 176 1953 232 1989; x_wconf 83' lang='grc' dir='ltr'><strong>τι</strong></span> <span class='ocrx_word' id='word_1_162' title='bbox 266 1936 566 2007; x_wconf 80' lang='grc' dir='ltr'>βαθύτερον</span> <span class='ocrx_word' id='word_1_163' title='bbox 597 1938 728 2007; x_wconf 81' lang='grc' dir='ltr'>ἡμῖν</span> <span class='ocrx_word' id='word_1_164' title='bbox 772 1936 882 1990; x_wconf 87' lang='grc' dir='ltr'><strong>τῶν</strong></span> <span class='ocrx_word' id='word_1_165' title='bbox 925 1939 1302 2008; x_wconf 85' lang='grc' dir='ltr'>προκειμένων</span> <span class='ocrx_word' id='word_1_166' title='bbox 1329 1939 1391 1992; x_wconf 91' lang='grc' dir='ltr'><strong>τὸ</strong></span> <span class='ocrx_word' id='word_1_167' title='bbox 1417 1940 1544 1992; x_wconf 80' lang='grc' dir='ltr'>κατ’</span> <span class='ocrx_word' id='word_1_168' title='bbox 1558 1937 1764 1992; x_wconf 71' lang='grc' dir='ltr'>εἰκόνα</span> 
     </span>
    </p>
   </div>
   <div class='ocr_carea' id='block_1_23' title="bbox 169 2025 1765 2098">
    <p class='ocr_par' dir='ltr' id='par_1_23' title="bbox 169 2025 1765 2098">
     <span class='ocr_line' id='line_1_23' title="bbox 169 2025 1765 2098; baseline 0 -20"><span class='ocrx_word' id='word_1_169' title='bbox 169 2026 268 2079; x_wconf 88' lang='grc' dir='ltr'><strong>τοῦ</strong></span> <span class='ocrx_word' id='word_1_170' title='bbox 305 2025 595 2098; x_wconf 80' lang='grc' dir='ltr'>ἀνθρώπου</span> <span class='ocrx_word' id='word_1_171' title='bbox 629 2025 938 2080; x_wconf 81' lang='grc' dir='ltr'>αἰνίττεται.</span> <span class='ocrx_word' id='word_1_172' title='bbox 982 2027 1058 2080; x_wconf 85' lang='grc' dir='ltr'>Οὑ</span> <span class='ocrx_word' id='word_1_173' title='bbox 1089 2026 1199 2098; x_wconf 78' lang='grc' dir='ltr'>γὰρ</span> <span class='ocrx_word' id='word_1_174' title='bbox 1251 2027 1380 2098; x_wconf 87' lang='grc' dir='ltr'>μίαν</span> <span class='ocrx_word' id='word_1_175' title='bbox 1417 2026 1540 2080; x_wconf 82' lang='grc' dir='ltr'>τινὰ</span> <span class='ocrx_word' id='word_1_176' title='bbox 1581 2026 1765 2080; x_wconf 82' lang='grc' dir='ltr'>εἰκόνα</span> 
     </span>
    </p>
   </div>
   <div class='ocr_carea' id='block_1_24' title="bbox 169 2117 1763 2190">
    <p class='ocr_par' dir='ltr' id='par_1_24' title="bbox 169 2117 1763 2190">
     <span class='ocr_line' id='line_1_24' title="bbox 169 2117 1763 2190; baseline 0 -20"><span class='ocrx_word' id='word_1_177' title='bbox 169 2118 270 2171; x_wconf 82' lang='grc' dir='ltr'><strong>καὶ</strong></span> <span class='ocrx_word' id='word_1_178' title='bbox 298 2118 560 2189; x_wconf 85' lang='grc' dir='ltr'>ὁμοίωσιν</span> <span class='ocrx_word' id='word_1_179' title='bbox 601 2118 735 2172; x_wconf 89' lang='grc' dir='ltr'>Θεοῦ</span> <span class='ocrx_word' id='word_1_180' title='bbox 779 2120 808 2172; x_wconf 89' lang='grc' dir='ltr'>ὁ</span> <span class='ocrx_word' id='word_1_181' title='bbox 851 2117 1136 2190; x_wconf 83' lang='grc' dir='ltr'>ἄνθρωπος</span> <span class='ocrx_word' id='word_1_182' title='bbox 1161 2117 1425 2188; x_wconf 83' lang='grc' dir='ltr'>κέκτηται</span> <span class='ocrx_word' id='word_1_183' title='bbox 1447 2157 1464 2183; x_wconf 86' lang='lat'><strong>,</strong></span> <span class='ocrx_word' id='word_1_184' title='bbox 1502 2117 1638 2172; x_wconf 86' lang='grc' dir='ltr'>ἀλλὰ</span> <span class='ocrx_word' id='word_1_185' title='bbox 1669 2117 1763 2171; x_wconf 78' lang='grc' dir='ltr'><strong>καὶ</strong></span> 
     </span>
    </p>
   </div>
   <div class='ocr_carea' id='block_1_25' title="bbox 165 2207 1765 2281">
    <p class='ocr_par' dir='ltr' id='par_1_25' title="bbox 165 2207 1765 2281">
     <span class='ocr_line' id='line_1_25' title="bbox 165 2207 1765 2281; baseline 0.001 -21"><span class='ocrx_word' id='word_1_186' title='bbox 165 2207 435 2278; x_wconf 76' lang='grc' dir='ltr'>δευτέραν</span> <span class='ocrx_word' id='word_1_187' title='bbox 459 2249 474 2271; x_wconf 80' lang='grc'><strong>.</strong></span> <span class='ocrx_word' id='word_1_188' title='bbox 498 2210 594 2263; x_wconf 78' lang='grc' dir='ltr'><strong>καὶ</strong></span> <span class='ocrx_word' id='word_1_189' title='bbox 623 2208 813 2279; x_wconf 88' lang='grc' dir='ltr'>τρίτην</span> <span class='ocrx_word' id='word_1_190' title='bbox 840 2209 1180 2275; x_wconf 78' lang='grc' dir='ltr'>ὲξεικονίζων</span> <span class='ocrx_word' id='word_1_191' title='bbox 1206 2207 1394 2281; x_wconf 83' lang='grc' dir='ltr'>ὥσπερ</span> <span class='ocrx_word' id='word_1_192' title='bbox 1435 2210 1492 2262; x_wconf 84' lang='grc' dir='ltr'><strong>ὲν</strong></span> <span class='ocrx_word' id='word_1_193' title='bbox 1517 2209 1765 2281; x_wconf 76' lang='grc' dir='ltr'>ἐσόπτρῳ</span> 
     </span>
    </p>
   </div>
   <div class='ocr_carea' id='block_1_26' title="bbox 169 2299 1764 2371">
    <p class='ocr_par' dir='ltr' id='par_1_26' title="bbox 169 2299 1764 2371">
     <span class='ocr_line' id='line_1_26' title="bbox 169 2299 1764 2371; baseline -0.001 -19"><span class='ocrx_word' id='word_1_194' title='bbox 169 2299 283 2352; x_wconf 80' lang='grc' dir='ltr'>τινὶ</span> <span class='ocrx_word' id='word_1_195' title='bbox 304 2301 400 2352; x_wconf 80' lang='grc' dir='ltr'>καὶ</span> <span class='ocrx_word' id='word_1_196' title='bbox 429 2299 770 2370; x_wconf 76' lang='grc' dir='ltr'>σκιαγραφίᾳ</span> <span class='ocrx_word' id='word_1_197' title='bbox 785 2301 1014 2369; x_wconf 81' lang='grc' dir='ltr'>τυπικῇ,</span> <span class='ocrx_word' id='word_1_198' title='bbox 1040 2299 1101 2352; x_wconf 88' lang='grc' dir='ltr'><strong>οὑ</strong></span> <span class='ocrx_word' id='word_1_199' title='bbox 1131 2299 1474 2371; x_wconf 83' lang='grc' dir='ltr'>φυσικῇ,τῆς</span> <span class='ocrx_word' id='word_1_200' title='bbox 1503 2315 1764 2369; x_wconf 85' lang='grc' dir='ltr'>τρισυπο-</span> 
     </span>
    </p>
   </div>
   <div class='ocr_carea' id='block_1_27' title="bbox 170 2389 1764 2462">
    <p class='ocr_par' dir='ltr' id='par_1_27' title="bbox 170 2389 1764 2462">
     <span class='ocr_line' id='line_1_27' title="bbox 170 2389 1764 2462; baseline 0 -20"><span class='ocrx_word' id='word_1_201' title='bbox 170 2391 376 2444; x_wconf 84' lang='grc' dir='ltr'>στάτου</span> <span class='ocrx_word' id='word_1_202' title='bbox 409 2389 677 2459; x_wconf 86' lang='grc' dir='ltr'>Θεότητος</span> <span class='ocrx_word' id='word_1_203' title='bbox 703 2390 764 2443; x_wconf 83' lang='grc' dir='ltr'><strong>τὸ</strong></span> <span class='ocrx_word' id='word_1_204' title='bbox 789 2391 1110 2462; x_wconf 67' lang='grc' dir='ltr'>μυστήριοψ</span> <span class='ocrx_word' id='word_1_205' title='bbox 1141 2390 1201 2442; x_wconf 89' lang='grc' dir='ltr'><strong>οὑ</strong></span> <span class='ocrx_word' id='word_1_206' title='bbox 1227 2390 1384 2460; x_wconf 88' lang='grc' dir='ltr'>μόνον</span> <span class='ocrx_word' id='word_1_207' title='bbox 1407 2389 1484 2454; x_wconf 86' lang='grc' dir='ltr'><strong>δὲ,</strong></span> <span class='ocrx_word' id='word_1_208' title='bbox 1510 2389 1649 2444; x_wconf 81' lang='grc' dir='ltr'>ἀλλὰ</span> <span class='ocrx_word' id='word_1_209' title='bbox 1671 2390 1764 2443; x_wconf 73' lang='grc' dir='ltr'><strong>καὶ</strong></span> 
     </span>
    </p>
   </div>
   <div class='ocr_carea' id='block_1_28' title="bbox 167 2481 1762 2553">
    <p class='ocr_par' dir='ltr' id='par_1_28' title="bbox 167 2481 1762 2553">
     <span class='ocr_line' id='line_1_28' title="bbox 167 2481 1762 2553; baseline 0.001 -19"><span class='ocrx_word' id='word_1_210' title='bbox 167 2482 272 2552; x_wconf 80' lang='grc' dir='ltr'>τὴν</span> <span class='ocrx_word' id='word_1_211' title='bbox 303 2481 719 2553; x_wconf 83' lang='grc' dir='ltr'>ὲνανθρὼπησιν</span> <span class='ocrx_word' id='word_1_212' title='bbox 751 2483 844 2536; x_wconf 90' lang='grc' dir='ltr'><strong>τοῦ</strong></span> <span class='ocrx_word' id='word_1_213' title='bbox 875 2483 993 2545; x_wconf 77' lang='grc' dir='ltr'>ἐνὸς</span> <span class='ocrx_word' id='word_1_214' title='bbox 1039 2485 1141 2553; x_wconf 84' lang='grc' dir='ltr'><strong>τῆς</strong></span> <span class='ocrx_word' id='word_1_215' title='bbox 1173 2483 1336 2551; x_wconf 84' lang='grc' dir='ltr'>ἁγίας</span> <span class='ocrx_word' id='word_1_216' title='bbox 1361 2482 1586 2553; x_wconf 87' lang='grc' dir='ltr'>Τριάδος</span> <span class='ocrx_word' id='word_1_217' title='bbox 1627 2481 1762 2535; x_wconf 82' lang='grc' dir='ltr'>Θεοῦ</span> 
     </span>
    </p>
   </div>
   <div class='ocr_carea' id='block_1_29' title="bbox 175 2574 1764 2646">
    <p class='ocr_par' dir='ltr' id='par_1_29' title="bbox 175 2574 1764 2646">
     <span class='ocr_line' id='line_1_29' title="bbox 175 2574 1764 2646; baseline 0.001 -18"><span class='ocrx_word' id='word_1_218' title='bbox 175 2575 359 2644; x_wconf 84' lang='grc' dir='ltr'>Λόγου</span> <span class='ocrx_word' id='word_1_219' title='bbox 392 2574 581 2643; x_wconf 76' lang='grc' dir='ltr'>σαφῶς</span> <span class='ocrx_word' id='word_1_220' title='bbox 609 2576 963 2646; x_wconf 81' lang='grc' dir='ltr'>προγράφων.</span> <span class='ocrx_word' id='word_1_221' title='bbox 992 2575 1103 2628; x_wconf 74' lang='grc' dir='ltr'>Καὶ</span> <span class='ocrx_word' id='word_1_222' title='bbox 1123 2576 1265 2646; x_wconf 86' lang='grc' dir='ltr'>τάχα</span> <span class='ocrx_word' id='word_1_223' title='bbox 1291 2576 1412 2628; x_wconf 81' lang='grc' dir='ltr'>κατ’</span> <span class='ocrx_word' id='word_1_224' title='bbox 1440 2575 1626 2628; x_wconf 88' lang='grc' dir='ltr'>εἰκόνα</span> <span class='ocrx_word' id='word_1_225' title='bbox 1665 2575 1764 2646; x_wconf 83' lang='grc' dir='ltr'>μέν</span> 
     </span>
    </p>
   </div>
   <div class='ocr_carea' id='block_1_30' title="bbox 168 2665 1763 2738">
    <p class='ocr_par' dir='ltr' id='par_1_30' title="bbox 168 2665 1763 2738">
     <span class='ocr_line' id='line_1_30' title="bbox 168 2665 1763 2738; baseline -0.001 -17"><span class='ocrx_word' id='word_1_226' title='bbox 168 2669 292 2722; x_wconf 80' lang='grc' dir='ltr'>ἐστι</span> <span class='ocrx_word' id='word_1_227' title='bbox 318 2667 501 2737; x_wconf 82' lang='grc' dir='ltr'>γυμνὴ</span> <span class='ocrx_word' id='word_1_228' title='bbox 530 2669 564 2738; x_wconf 85' lang='grc' dir='ltr'>ἡ</span> <span class='ocrx_word' id='word_1_229' title='bbox 613 2667 759 2738; x_wconf 78' lang='grc' dir='ltr'>ψυχὴ</span> <span class='ocrx_word' id='word_1_230' title='bbox 788 2668 890 2736; x_wconf 78' lang='grc' dir='ltr'>τῆς</span> <span class='ocrx_word' id='word_1_231' title='bbox 915 2665 1182 2736; x_wconf 87' lang='grc' dir='ltr'>Θεότητος</span> <span class='ocrx_word' id='word_1_232' title='bbox 1200 2704 1216 2730; x_wconf 87' lang='grc'><em>,</em></span> <span class='ocrx_word' id='word_1_233' title='bbox 1264 2665 1384 2719; x_wconf 86' lang='grc' dir='ltr'>καθ’</span> <span class='ocrx_word' id='word_1_234' title='bbox 1409 2665 1672 2737; x_wconf 82' lang='grc' dir='ltr'>ὁμοίωσιν</span> <span class='ocrx_word' id='word_1_235' title='bbox 1705 2666 1763 2719; x_wconf 78' lang='grc' dir='ltr'><strong>δὲ</strong></span> 
     </span>
    </p>
   </div>
   <div class='ocr_carea' id='block_1_31' title="bbox 168 2756 1763 2831">
    <p class='ocr_par' dir='ltr' id='par_1_31' title="bbox 168 2756 1763 2831">
     <span class='ocr_line' id='line_1_31' title="bbox 168 2756 1763 2831; baseline 0.002 -21"><span class='ocrx_word' id='word_1_236' title='bbox 168 2759 274 2827; x_wconf 82' lang='grc' dir='ltr'><strong>τῆς</strong></span> <span class='ocrx_word' id='word_1_237' title='bbox 321 2756 418 2810; x_wconf 87' lang='grc' dir='ltr'><strong>τοῦ</strong></span> <span class='ocrx_word' id='word_1_238' title='bbox 453 2757 630 2826; x_wconf 86' lang='grc' dir='ltr'>Λόγου</span> <span class='ocrx_word' id='word_1_239' title='bbox 689 2756 1020 2830; x_wconf 87' lang='grc' dir='ltr'>σαρκώσεως</span> <span class='ocrx_word' id='word_1_240' title='bbox 1057 2757 1120 2810; x_wconf 90' lang='grc' dir='ltr'><strong>τὸ</strong></span> <span class='ocrx_word' id='word_1_241' title='bbox 1157 2757 1409 2812; x_wconf 89' lang='grc' dir='ltr'>σύνθετον</span> <span class='ocrx_word' id='word_1_242' title='bbox 1461 2759 1560 2828; x_wconf 79' lang='grc' dir='ltr'>τῆς</span> <span class='ocrx_word' id='word_1_243' title='bbox 1606 2759 1763 2831; x_wconf 81' lang='grc' dir='ltr'>ἡμῶν</span> 
     </span>
    </p>
   </div>
   <div class='ocr_carea' id='block_1_32' title="bbox 166 2847 1763 2924">
    <p class='ocr_par' dir='ltr' id='par_1_32' title="bbox 166 2847 1763 2924">
     <span class='ocr_line' id='line_1_32' title="bbox 166 2847 1763 2924; baseline 0.004 -24"><span class='ocrx_word' id='word_1_244' title='bbox 166 2849 354 2919; x_wconf 77' lang='grc' dir='ltr'>ψυχῆς</span> <span class='ocrx_word' id='word_1_245' title='bbox 387 2849 480 2901; x_wconf 84' lang='grc' dir='ltr'>καὶ</span> <span class='ocrx_word' id='word_1_246' title='bbox 518 2847 615 2902; x_wconf 89' lang='grc' dir='ltr'><strong>τοῦ</strong></span> <span class='ocrx_word' id='word_1_247' title='bbox 663 2847 935 2918; x_wconf 89' lang='grc' dir='ltr'>σώματος.</span> <span class='ocrx_word' id='word_1_248' title='bbox 963 2849 1179 2904; x_wconf 80' lang='grc' dir='ltr'>Μᾶλλον</span> <span class='ocrx_word' id='word_1_249' title='bbox 1226 2849 1283 2902; x_wconf 83' lang='grc' dir='ltr'><strong>δὲ</strong></span> <span class='ocrx_word' id='word_1_250' title='bbox 1335 2853 1423 2904; x_wconf 82' lang='grc' dir='ltr'><strong>ἐπ’</strong></span> <span class='ocrx_word' id='word_1_251' title='bbox 1452 2851 1621 2923; x_wconf 80' lang='grc' dir='ltr'>αὐτὴν</span> <span class='ocrx_word' id='word_1_252' title='bbox 1665 2851 1763 2924; x_wconf 81' lang='grc' dir='ltr'>τὴν</span> 
     </span>
    </p>
   </div>
   <div class='ocr_carea' id='block_1_33' title="bbox 168 2938 1765 3013">
    <p class='ocr_par' dir='ltr' id='par_1_33' title="bbox 168 2938 1765 3013">
     <span class='ocr_line' id='line_1_33' title="bbox 168 2938 1765 3013; baseline 0 -19"><span class='ocrx_word' id='word_1_253' title='bbox 168 2941 355 3012; x_wconf 81' lang='grc' dir='ltr'>ἀρχὴν</span> <span class='ocrx_word' id='word_1_254' title='bbox 384 2938 478 2993; x_wconf 87' lang='grc' dir='ltr'><strong>τοῦ</strong></span> <span class='ocrx_word' id='word_1_255' title='bbox 507 2939 668 3009; x_wconf 83' lang='grc' dir='ltr'>λόγου</span> <span class='ocrx_word' id='word_1_256' title='bbox 693 2940 1095 3010; x_wconf 85' lang='grc' dir='ltr'>ἁναδράμωμεν</span> <span class='ocrx_word' id='word_1_257' title='bbox 1116 2979 1132 3002; x_wconf 88' lang='grc'><em>,</em></span> <span class='ocrx_word' id='word_1_258' title='bbox 1162 2940 1368 2994; x_wconf 76' lang='grc' dir='ltr'>ἐκεῖθεν</span> <span class='ocrx_word' id='word_1_259' title='bbox 1389 2939 1577 3013; x_wconf 85' lang='grc' dir='ltr'>ὥσπερ</span> <span class='ocrx_word' id='word_1_260' title='bbox 1606 2940 1670 2994; x_wconf 77' lang='grc' dir='ltr'>ἐκ</span> <span class='ocrx_word' id='word_1_261' title='bbox 1692 2959 1765 2994; x_wconf 83' lang='grc' dir='ltr'>τι·</span> 
     </span>
    </p>
   </div>
   <div class='ocr_carea' id='block_1_34' title="bbox 167 3030 1765 3104">
    <p class='ocr_par' dir='ltr' id='par_1_34' title="bbox 167 3030 1765 3104">
     <span class='ocr_line' id='line_1_34' title="bbox 167 3030 1765 3104; baseline 0 -18"><span class='ocrx_word' id='word_1_262' title='bbox 167 3049 264 3095; x_wconf 85' lang='grc' dir='ltr'><strong>νος</strong></span> <span class='ocrx_word' id='word_1_263' title='bbox 287 3030 596 3102; x_wconf 81' lang='grc' dir='ltr'>βαθυτάτης</span> <span class='ocrx_word' id='word_1_264' title='bbox 638 3033 821 3100; x_wconf 81' lang='grc' dir='ltr'>πηγῆς</span> <span class='ocrx_word' id='word_1_265' title='bbox 853 3030 1070 3102; x_wconf 91' lang='grc' dir='ltr'>πρῶτον</span> <span class='ocrx_word' id='word_1_266' title='bbox 1111 3031 1400 3102; x_wconf 79' lang='grc' dir='ltr'>ζητοῦντες</span> <span class='ocrx_word' id='word_1_267' title='bbox 1441 3033 1532 3096; x_wconf 83' lang='grc' dir='ltr'>τὸ,</span> <span class='ocrx_word' id='word_1_268' title='bbox 1582 3033 1636 3086; x_wconf 90' lang='grc' dir='ltr'><strong>τί</strong></span> <span class='ocrx_word' id='word_1_269' title='bbox 1670 3032 1765 3104; x_wconf 87' lang='grc' dir='ltr'><strong>δή-</strong></span> 
     </span>
    </p>
   </div>
   <div class='ocr_carea' id='block_1_35' title="bbox 171 3121 1760 3193">
    <p class='ocr_par' dir='ltr' id='par_1_35' title="bbox 171 3121 1760 3193">
     <span class='ocr_line' id='line_1_35' title="bbox 171 3121 1760 3193; baseline -0.001 -17"><span class='ocrx_word' id='word_1_270' title='bbox 171 3139 310 3176; x_wconf 87' lang='grc' dir='ltr'>ποτε</span> <span class='ocrx_word' id='word_1_271' title='bbox 353 3123 428 3193; x_wconf 84' lang='grc' dir='ltr'>μὴ</span> <span class='ocrx_word' id='word_1_272' title='bbox 460 3122 584 3176; x_wconf 89' lang='grc' dir='ltr'>καθ’</span> <span class='ocrx_word' id='word_1_273' title='bbox 608 3122 902 3193; x_wconf 84' lang='grc' dir='ltr'>ὁμοιότητα</span> <span class='ocrx_word' id='word_1_274' title='bbox 930 3121 1039 3175; x_wconf 88' lang='grc' dir='ltr'><strong>τῶν</strong></span> <span class='ocrx_word' id='word_1_275' title='bbox 1063 3122 1265 3176; x_wconf 85' lang='grc' dir='ltr'>λοιπῶν</span> <span class='ocrx_word' id='word_1_276' title='bbox 1296 3121 1528 3190; x_wconf 85' lang='grc' dir='ltr'>λογικῶν</span> <span class='ocrx_word' id='word_1_277' title='bbox 1549 3163 1564 3188; x_wconf 89' lang='grc'><strong><em>,</em></strong></span> <span class='ocrx_word' id='word_1_278' title='bbox 1593 3123 1760 3193; x_wconf 72' lang='grc' dir='ltr'>ἧγουν</span> 
     </span>
    </p>
   </div>
   <div class='ocr_carea' id='block_1_36' title="bbox 169 3215 1765 3287">
    <p class='ocr_par' dir='ltr' id='par_1_36' title="bbox 169 3215 1765 3287">
     <span class='ocr_line' id='line_1_36' title="bbox 169 3215 1765 3287; baseline 0.001 -19"><span class='ocrx_word' id='word_1_279' title='bbox 169 3215 286 3268; x_wconf 86' lang='grc' dir='ltr'><strong>τῶν</strong></span> <span class='ocrx_word' id='word_1_280' title='bbox 321 3215 604 3284; x_wconf 79' lang='grc' dir='ltr'>ἀγγέλων,</span> <span class='ocrx_word' id='word_1_281' title='bbox 633 3215 666 3286; x_wconf 78' lang='grc' dir='ltr'><strong>ἢ</strong></span> <span class='ocrx_word' id='word_1_282' title='bbox 718 3215 881 3268; x_wconf 89' lang='grc' dir='ltr'>πάλιν</span> <span class='ocrx_word' id='word_1_283' title='bbox 933 3216 1054 3269; x_wconf 73' lang='grc' dir='ltr'>κατ’</span> <span class='ocrx_word' id='word_1_284' title='bbox 1092 3215 1312 3287; x_wconf 87' lang='grc' dir='ltr'>ἰσότητα</span> <span class='ocrx_word' id='word_1_285' title='bbox 1349 3215 1458 3268; x_wconf 89' lang='grc' dir='ltr'><strong>τῶν</strong></span> <span class='ocrx_word' id='word_1_286' title='bbox 1508 3215 1765 3286; x_wconf 77' lang='grc' dir='ltr'>ἐμψύχων</span> 
     </span>
    </p>
   </div>
   <div class='ocr_carea' id='block_1_37' title="bbox 170 3303 1767 3376">
    <p class='ocr_par' dir='ltr' id='par_1_37' title="bbox 170 3303 1767 3376">
     <span class='ocr_line' id='line_1_37' title="bbox 170 3303 1767 3376; baseline -0.001 -17"><span class='ocrx_word' id='word_1_287' title='bbox 170 3305 337 3370; x_wconf 83' lang='grc' dir='ltr'>ζώων</span> <span class='ocrx_word' id='word_1_288' title='bbox 359 3305 745 3376; x_wconf 85' lang='grc' dir='ltr'>ὁμοιοτρόπους</span> <span class='ocrx_word' id='word_1_289' title='bbox 772 3304 870 3367; x_wconf 83' lang='grc' dir='ltr'>τὰς</span> <span class='ocrx_word' id='word_1_290' title='bbox 892 3303 1302 3375; x_wconf 86' lang='grc' dir='ltr'>προπατορικὰς</span> <span class='ocrx_word' id='word_1_291' title='bbox 1322 3304 1416 3358; x_wconf 77' lang='grc' dir='ltr'>καὶ</span> <span class='ocrx_word' id='word_1_292' title='bbox 1436 3305 1767 3375; x_wconf 77' lang='grc' dir='ltr'>κορυφαίους</span> 
     </span>
    </p>
   </div>
   <div class='ocr_carea' id='block_1_38' title="bbox 170 3394 1768 3467">
    <p class='ocr_par' dir='ltr' id='par_1_38' title="bbox 170 3394 1768 3467">
     <span class='ocr_line' id='line_1_38' title="bbox 170 3394 1768 3467; baseline -0.026 -13"><span class='ocrx_word' id='word_1_293' title='bbox 170 3396 340 3467; x_wconf 84' lang='grc' dir='ltr'>ἡμῶν</span> <span class='ocrx_word' id='word_1_294' title='bbox 369 3399 398 3451; x_wconf 98' lang='lat'><strong>6</strong></span> <span class='ocrx_word' id='word_1_295' title='bbox 424 3397 558 3460; x_wconf 83' lang='grc' dir='ltr'>Θεὸς</span> <span class='ocrx_word' id='word_1_296' title='bbox 604 3396 929 3458; x_wconf 84' lang='grc' dir='ltr'>ὑποστάσεις</span> <span class='ocrx_word' id='word_1_297' title='bbox 952 3435 968 3461; x_wconf 89' lang='grc'><em>,</em></span> <span class='ocrx_word' id='word_1_298' title='bbox 995 3394 1090 3449; x_wconf 79' lang='grc' dir='ltr'>τοῦ</span> <span class='ocrx_word' id='word_1_299' title='bbox 1130 3395 1301 3467; x_wconf 65' lang='grc' dir='ltr'><strong>Ἀδὰμ</strong></span> <span class='ocrx_word' id='word_1_300' title='bbox 1349 3395 1492 3465; x_wconf 72' lang='grc' dir='ltr'><strong>λέγω</strong></span> <span class='ocrx_word' id='word_1_301' title='bbox 1544 3397 1636 3450; x_wconf 53' lang='grc' dir='ltr'><strong>καὶ</strong></span> <span class='ocrx_word' id='word_1_302' title='bbox 1665 3395 1768 3465; x_wconf 69' lang='grc' dir='ltr'><strong>τῆς</strong></span> 
     </span>
    </p>
   </div>
   <div class='ocr_carea' id='block_1_39' title="bbox 173 3485 1764 3560">
    <p class='ocr_par' dir='ltr' id='par_1_39' title="bbox 173 3485 1764 3560">
     <span class='ocr_line' id='line_1_39' title="bbox 173 3485 1764 3560; baseline 0 -18"><span class='ocrx_word' id='word_1_303' title='bbox 173 3487 358 3552; x_wconf 77' lang='grc' dir='ltr'>Εὔας,</span> <span class='ocrx_word' id='word_1_304' title='bbox 384 3489 480 3541; x_wconf 73' lang='grc' dir='ltr'>καὶ</span> <span class='ocrx_word' id='word_1_305' title='bbox 502 3486 598 3541; x_wconf 90' lang='grc' dir='ltr'><strong>τοῦ</strong></span> <span class='ocrx_word' id='word_1_306' title='bbox 625 3485 981 3560; x_wconf 87' lang='grc' dir='ltr'>προελθόντος</span> <span class='ocrx_word' id='word_1_307' title='bbox 1005 3487 1064 3552; x_wconf 76' lang='grc' dir='ltr'><strong>ἐξ</strong></span> <span class='ocrx_word' id='word_1_308' title='bbox 1085 3487 1265 3542; x_wconf 87' lang='grc' dir='ltr'>αὑτῶν</span> <span class='ocrx_word' id='word_1_309' title='bbox 1295 3487 1413 3540; x_wconf 82' lang='grc' dir='ltr'>υἱοῦ</span> <span class='ocrx_word' id='word_1_310' title='bbox 1445 3488 1764 3560; x_wconf 89' lang='grc' dir='ltr'>πεποίηκεν;</span> 
     </span>
    </p>
   </div>
   <div class='ocr_carea' id='block_1_40' title="bbox 186 3577 1768 3650">
    <p class='ocr_par' dir='ltr' id='par_1_40' title="bbox 186 3577 1768 3650">
     <span class='ocr_line' id='line_1_40' title="bbox 186 3577 1768 3650; baseline 0 -18"><span class='ocrx_word' id='word_1_311' title='bbox 186 3578 357 3632; x_wconf 81' lang='grc' dir='ltr'>Ἀλλὰ</span> <span class='ocrx_word' id='word_1_312' title='bbox 392 3581 484 3632; x_wconf 88' lang='grc' dir='ltr'><strong>τὸν</strong></span> <span class='ocrx_word' id='word_1_313' title='bbox 541 3577 644 3648; x_wconf 76' lang='grc' dir='ltr'>μὲν</span> <span class='ocrx_word' id='word_1_314' title='bbox 689 3578 861 3649; x_wconf 75' lang='grc' dir='ltr'><strong>Ἀδὰμ</strong></span> <span class='ocrx_word' id='word_1_315' title='bbox 896 3579 1152 3641; x_wconf 86' lang='grc' dir='ltr'>ἀναιτίως</span> <span class='ocrx_word' id='word_1_316' title='bbox 1187 3579 1282 3632; x_wconf 73' lang='grc' dir='ltr'><strong>καὶ</strong></span> <span class='ocrx_word' id='word_1_317' title='bbox 1309 3579 1621 3650; x_wconf 85' lang='grc' dir='ltr'>ἁγεννήτως</span> <span class='ocrx_word' id='word_1_318' title='bbox 1665 3579 1768 3632; x_wconf 87' lang='grc' dir='ltr'>ὑπ-</span> 
     </span>
    </p>
   </div>
   <div class='ocr_carea' id='block_1_41' title="bbox 167 3670 1770 3742">
    <p class='ocr_par' dir='ltr' id='par_1_41' title="bbox 167 3670 1770 3742">
     <span class='ocr_line' id='line_1_41' title="bbox 167 3670 1770 3742; baseline -0.001 -17"><span class='ocrx_word' id='word_1_319' title='bbox 167 3671 401 3741; x_wconf 80' lang='grc' dir='ltr'>έστησε,</span> <span class='ocrx_word' id='word_1_320' title='bbox 427 3671 517 3725; x_wconf 90' lang='grc' dir='ltr'><strong>τὸν</strong></span> <span class='ocrx_word' id='word_1_321' title='bbox 532 3671 590 3724; x_wconf 84' lang='grc' dir='ltr'><strong>δὲ</strong></span> <span class='ocrx_word' id='word_1_322' title='bbox 613 3670 863 3742; x_wconf 90' lang='grc' dir='ltr'>δεύτερον</span> <span class='ocrx_word' id='word_1_323' title='bbox 886 3671 1057 3725; x_wconf 86' lang='grc' dir='ltr'>αὑτοῦ</span> <span class='ocrx_word' id='word_1_324' title='bbox 1074 3671 1357 3741; x_wconf 76' lang='grc' dir='ltr'>ἄνθρωπον</span> <span class='ocrx_word' id='word_1_325' title='bbox 1380 3671 1471 3724; x_wconf 90' lang='grc' dir='ltr'><strong>τὸν</strong></span> <span class='ocrx_word' id='word_1_326' title='bbox 1505 3670 1620 3725; x_wconf 86' lang='grc' dir='ltr'>υἱὸν</span> <span class='ocrx_word' id='word_1_327' title='bbox 1645 3688 1770 3740; x_wconf 91' lang='grc' dir='ltr'>γεν-</span> 
     </span>
    </p>
   </div>
   <div class='ocr_carea' id='block_1_42' title="bbox 172 3763 1769 3835">
    <p class='ocr_par' dir='ltr' id='par_1_42' title="bbox 172 3763 1769 3835">
     <span class='ocr_line' id='line_1_42' title="bbox 172 3763 1769 3835; baseline 0 -18"><span class='ocrx_word' id='word_1_328' title='bbox 172 3766 343 3834; x_wconf 86' lang='grc' dir='ltr'>νητόν</span> <span class='ocrx_word' id='word_1_329' title='bbox 368 3781 384 3795; x_wconf 72' lang='grc'><strong><em>⁸</em></strong></span> <span class='ocrx_word' id='word_1_330' title='bbox 419 3764 516 3834; x_wconf 82' lang='grc' dir='ltr'>τὴν</span> <span class='ocrx_word' id='word_1_331' title='bbox 546 3764 604 3817; x_wconf 86' lang='grc' dir='ltr'><strong>δὲ</strong></span> <span class='ocrx_word' id='word_1_332' title='bbox 636 3763 780 3818; x_wconf 80' lang='grc' dir='ltr'>Εὕαν</span> <span class='ocrx_word' id='word_1_333' title='bbox 811 3765 872 3817; x_wconf 87' lang='grc' dir='ltr'><strong>οὐ</strong></span> <span class='ocrx_word' id='word_1_334' title='bbox 916 3764 1220 3835; x_wconf 61' lang='grc' dir='ltr'>γεψητῶς,</span> <span class='ocrx_word' id='word_1_335' title='bbox 1255 3765 1376 3818; x_wconf 84' lang='grc' dir='ltr'>οὑδὲ</span> <span class='ocrx_word' id='word_1_336' title='bbox 1417 3764 1578 3818; x_wconf 87' lang='grc' dir='ltr'>πάλιν</span> <span class='ocrx_word' id='word_1_337' title='bbox 1613 3765 1769 3818; x_wconf 86' lang='grc' dir='ltr'>ἀναι-</span> 
     </span>
    </p>
   </div>
   <div class='ocr_carea' id='block_1_43' title="bbox 171 3854 1769 3928">
    <p class='ocr_par' dir='ltr' id='par_1_43' title="bbox 171 3854 1769 3928">
     <span class='ocr_line' id='line_1_43' title="bbox 171 3854 1769 3928; baseline 0.001 -19"><span class='ocrx_word' id='word_1_338' title='bbox 171 3857 312 3920; x_wconf 82' lang='grc' dir='ltr'>τίως</span> <span class='ocrx_word' id='word_1_339' title='bbox 331 3897 346 3922; x_wconf 88' lang='grc'><em>,</em></span> <span class='ocrx_word' id='word_1_340' title='bbox 379 3855 516 3908; x_wconf 83' lang='grc' dir='ltr'>ἀλλὰ</span> <span class='ocrx_word' id='word_1_341' title='bbox 539 3854 760 3927; x_wconf 89' lang='grc' dir='ltr'>ληπτῶς</span> <span class='ocrx_word' id='word_1_342' title='bbox 782 3893 798 3920; x_wconf 84' lang='grc'><em>,</em></span> <span class='ocrx_word' id='word_1_343' title='bbox 828 3856 946 3927; x_wconf 76' lang='grc' dir='ltr'>ἦτοι</span> <span class='ocrx_word' id='word_1_344' title='bbox 971 3856 1320 3928; x_wconf 81' lang='grc' dir='ltr'>ὲκπορευτῶς</span> <span class='ocrx_word' id='word_1_345' title='bbox 1367 3859 1432 3909; x_wconf 83' lang='grc' dir='ltr'><strong>ἐκ</strong></span> <span class='ocrx_word' id='word_1_346' title='bbox 1461 3857 1563 3928; x_wconf 82' lang='grc' dir='ltr'><strong>τῆς</strong></span> <span class='ocrx_word' id='word_1_347' title='bbox 1585 3857 1769 3921; x_wconf 84' lang='grc' dir='ltr'>οὐσίας</span> 
     </span>
    </p>
   </div>
   <div class='ocr_carea' id='block_1_44' title="bbox 171 3945 1765 4019">
    <p class='ocr_par' dir='ltr' id='par_1_44' title="bbox 171 3945 1765 4019">
     <span class='ocr_line' id='line_1_44' title="bbox 171 3945 1765 4019; baseline 0.001 -20"><span class='ocrx_word' id='word_1_348' title='bbox 171 3945 276 4000; x_wconf 83' lang='grc' dir='ltr'><strong>τοῦ</strong></span> <span class='ocrx_word' id='word_1_349' title='bbox 328 3946 572 3999; x_wconf 88' lang='grc' dir='ltr'>ἁναιτίου</span> <span class='ocrx_word' id='word_1_350' title='bbox 607 3945 780 4016; x_wconf 84' lang='grc' dir='ltr'><strong>Ἀδὰμ</strong></span> <span class='ocrx_word' id='word_1_351' title='bbox 824 3945 1113 4012; x_wconf 76' lang='grc' dir='ltr'>ἐξελθοῦσα</span> <span class='ocrx_word' id='word_1_352' title='bbox 1153 3947 1406 4019; x_wconf 74' lang='grc' dir='ltr'>ἀρρήτως</span> <span class='ocrx_word' id='word_1_353' title='bbox 1433 3946 1701 4018; x_wconf 85' lang='grc' dir='ltr'>οὑσιὼσης</span> <span class='ocrx_word' id='word_1_354' title='bbox 1726 3949 1765 4001; x_wconf 58' lang='grc' dir='ltr'><strong>θ.</strong></span> 
     </span>
    </p>
   </div>
   <div class='ocr_carea' id='block_1_45' title="bbox 173 4032 1770 4112">
    <p class='ocr_par' dir='ltr' id='par_1_45' title="bbox 173 4032 1770 4112">
     <span class='ocr_line' id='line_1_45' title="bbox 173 4032 1770 4112; baseline 0.003 -22"><span class='ocrx_word' id='word_1_355' title='bbox 173 4038 294 4091; x_wconf 81' lang='grc' dir='ltr'><strong>Καὶ</strong></span> <span class='ocrx_word' id='word_1_356' title='bbox 333 4039 528 4108; x_wconf 78' lang='grc' dir='ltr'>μήπως</span> <span class='ocrx_word' id='word_1_357' title='bbox 564 4039 675 4110; x_wconf 78' lang='grc' dir='ltr'>ἄρα</span> <span class='ocrx_word' id='word_1_358' title='bbox 702 4039 853 4109; x_wconf 83' lang='grc' dir='ltr'>τρεῖς</span> <span class='ocrx_word' id='word_1_359' title='bbox 884 4032 1044 4093; x_wconf 75' lang='grc' dir='ltr'>αὗται</span> <span class='ocrx_word' id='word_1_360' title='bbox 1064 4039 1174 4092; x_wconf 86' lang='grc' dir='ltr'><strong>τῶν</strong></span> <span class='ocrx_word' id='word_1_361' title='bbox 1209 4039 1567 4112; x_wconf 85' lang='grc' dir='ltr'>πρωτογόνων</span> <span class='ocrx_word' id='word_1_362' title='bbox 1600 4057 1770 4109; x_wconf 86' lang='grc' dir='ltr'>κεφα-</span> 
     </span>
    </p>
   </div>
   <div class='ocr_carea' id='block_1_46' title="bbox 173 4129 1770 4203">
    <p class='ocr_par' dir='ltr' id='par_1_46' title="bbox 173 4129 1770 4203">
     <span class='ocr_line' id='line_1_46' title="bbox 173 4129 1770 4203; baseline 0 -19"><span class='ocrx_word' id='word_1_363' title='bbox 173 4130 272 4184; x_wconf 77' lang='grc' dir='ltr'><strong>λαὶ</strong></span> <span class='ocrx_word' id='word_1_364' title='bbox 307 4129 488 4200; x_wconf 84' lang='grc' dir='ltr'>πάσης</span> <span class='ocrx_word' id='word_1_365' title='bbox 519 4132 620 4201; x_wconf 84' lang='grc' dir='ltr'>τῆς</span> <span class='ocrx_word' id='word_1_366' title='bbox 671 4130 1091 4203; x_wconf 87' lang='grc' dir='ltr'>ἁνθρωπότητος</span> <span class='ocrx_word' id='word_1_367' title='bbox 1138 4131 1412 4201; x_wconf 87' lang='grc' dir='ltr'>ὁμοούσιοι</span> <span class='ocrx_word' id='word_1_368' title='bbox 1444 4131 1770 4195; x_wconf 82' lang='grc' dir='ltr'>ὑποστάσεις</span> 
     </span>
    </p>
   </div>
   <div class='ocr_carea' id='block_1_47' title="bbox 174 4223 1771 4295">
    <p class='ocr_par' dir='ltr' id='par_1_47' title="bbox 174 4223 1771 4295">
     <span class='ocr_line' id='line_1_47' title="bbox 174 4223 1771 4295; baseline 0 -19"><span class='ocrx_word' id='word_1_369' title='bbox 174 4223 304 4277; x_wconf 84' lang='grc' dir='ltr'>κατ’</span> <span class='ocrx_word' id='word_1_370' title='bbox 334 4223 518 4277; x_wconf 82' lang='grc' dir='ltr'>εἰκόνα</span> <span class='ocrx_word' id='word_1_371' title='bbox 550 4223 674 4278; x_wconf 86' lang='grc' dir='ltr'>τινὰ</span> <span class='ocrx_word' id='word_1_372' title='bbox 699 4265 714 4290; x_wconf 92' lang='grc'><strong><em>,</em></strong></span> <span class='ocrx_word' id='word_1_373' title='bbox 744 4223 820 4288; x_wconf 86' lang='grc' dir='ltr'>ὡς</span> <span class='ocrx_word' id='word_1_374' title='bbox 851 4224 1098 4295; x_wconf 84' lang='grc' dir='ltr'>Μεθοδίῳ</span> <span class='ocrx_word' id='word_1_375' title='bbox 1123 4224 1300 4289; x_wconf 88' lang='grc' dir='ltr'>δοκεῖ,</span> <span class='ocrx_word' id='word_1_376' title='bbox 1337 4223 1582 4287; x_wconf 85' lang='grc' dir='ltr'>τυπικῶς</span> <span class='ocrx_word' id='word_1_377' title='bbox 1613 4224 1771 4292; x_wconf 86' lang='grc' dir='ltr'>γεγό-</span> 
     </span>
    </p>
   </div>
   <div class='ocr_carea' id='block_1_48' title="bbox 173 4314 1770 4386">
    <p class='ocr_par' dir='ltr' id='par_1_48' title="bbox 173 4314 1770 4386">
     <span class='ocr_line' id='line_1_48' title="bbox 173 4314 1770 4386; baseline 0.001 -20"><span class='ocrx_word' id='word_1_378' title='bbox 173 4331 312 4368; x_wconf 82' lang='grc' dir='ltr'>νασι</span> <span class='ocrx_word' id='word_1_379' title='bbox 368 4314 469 4386; x_wconf 84' lang='grc' dir='ltr'>τῆς</span> <span class='ocrx_word' id='word_1_380' title='bbox 527 4315 690 4383; x_wconf 88' lang='grc' dir='ltr'>ἁγίας</span> <span class='ocrx_word' id='word_1_381' title='bbox 735 4315 832 4368; x_wconf 73' lang='grc' dir='ltr'><strong>καὶ</strong></span> <span class='ocrx_word' id='word_1_382' title='bbox 881 4315 1162 4386; x_wconf 86' lang='grc' dir='ltr'>ὁμοουσίου</span> <span class='ocrx_word' id='word_1_383' title='bbox 1208 4315 1468 4386; x_wconf 86' lang='grc' dir='ltr'>Τριάδος;</span> <span class='ocrx_word' id='word_1_384' title='bbox 1521 4315 1616 4368; x_wconf 90' lang='grc' dir='ltr'><strong>τοῦ</strong></span> <span class='ocrx_word' id='word_1_385' title='bbox 1671 4315 1770 4385; x_wconf 80' lang='grc' dir='ltr'><strong>μὲν</strong></span> 
     </span>
    </p>
   </div>
   <div class='ocr_carea' id='block_1_49' title="bbox 173 4407 1771 4478">
    <p class='ocr_par' dir='ltr' id='par_1_49' title="bbox 173 4407 1771 4478">
     <span class='ocr_line' id='line_1_49' title="bbox 173 4407 1771 4478; baseline -0.001 -17"><span class='ocrx_word' id='word_1_386' title='bbox 173 4407 430 4461; x_wconf 84' lang='grc' dir='ltr'>ἀναιτίου</span> <span class='ocrx_word' id='word_1_387' title='bbox 486 4407 580 4464; x_wconf 79' lang='grc' dir='ltr'><strong>καὶ</strong></span> <span class='ocrx_word' id='word_1_388' title='bbox 644 4407 941 4478; x_wconf 83' lang='grc' dir='ltr'>ἁγεννήτου</span> <span class='ocrx_word' id='word_1_389' title='bbox 1001 4407 1172 4478; x_wconf 83' lang='grc' dir='ltr'><strong>Ἀδὰμ</strong></span> <span class='ocrx_word' id='word_1_390' title='bbox 1225 4407 1393 4461; x_wconf 88' lang='grc' dir='ltr'>τύπον</span> <span class='ocrx_word' id='word_1_391' title='bbox 1443 4407 1537 4460; x_wconf 73' lang='grc' dir='ltr'><strong>καὶ</strong></span> <span class='ocrx_word' id='word_1_392' title='bbox 1588 4407 1771 4461; x_wconf 82' lang='grc' dir='ltr'>εἰκόνα</span> 
     </span>
    </p>
   </div>
   <div class='ocr_carea' id='block_1_50' title="bbox 1893 832 3432 906">
    <p class='ocr_par' dir='ltr' id='par_1_50' title="bbox 1893 832 3432 906">
     <span class='ocr_line' id='line_1_50' title="bbox 1893 832 3432 906; baseline -0.009 -8"><span class='ocrx_word' id='word_1_393' title='bbox 1893 843 2060 898; x_wconf 67' lang='lat' dir='ltr'><strong>«Post</strong></span> <span class='ocrx_word' id='word_1_394' title='bbox 2086 855 2280 897; x_wconf 91' lang='lat' dir='ltr'><strong>omnes</strong></span> <span class='ocrx_word' id='word_1_395' title='bbox 2323 844 2505 893; x_wconf 90' lang='lat' dir='ltr'><strong>autem</strong></span> <span class='ocrx_word' id='word_1_396' title='bbox 2555 844 2812 906; x_wconf 76' lang='lat' dir='ltr'><strong>tanquam</strong></span> <span class='ocrx_word' id='word_1_397' title='bbox 2852 834 3101 890; x_wconf 75' lang='lat' dir='ltr'><strong>abortivo</strong></span> <span class='ocrx_word' id='word_1_398' title='bbox 3136 832 3314 888; x_wconf 89' lang='lat' dir='ltr'><strong>visum</strong></span> <span class='ocrx_word' id='word_1_399' title='bbox 3346 841 3432 888; x_wconf 85' lang='lat' dir='ltr'><strong>est</strong></span> 
     </span>
    </p>
   </div>
   <div class='ocr_carea' id='block_1_51' title="bbox 1857 924 3432 994">
    <p class='ocr_par' dir='ltr' id='par_1_51' title="bbox 1857 924 3432 994">
     <span class='ocr_line' id='line_1_51' title="bbox 1857 924 3432 994; baseline -0.01 -2"><span class='ocrx_word' id='word_1_400' title='bbox 1857 943 1914 993; x_wconf 89' lang='lat' dir='ltr'><strong>et</strong></span> <span class='ocrx_word' id='word_1_401' title='bbox 1940 935 2070 990; x_wconf 87' lang='lat' dir='ltr'><strong>mihi</strong></span> <span class='ocrx_word' id='word_1_402' title='bbox 2099 926 2168 988; x_wconf 84' lang='lat' dir='ltr'><strong>de</strong></span> <span class='ocrx_word' id='word_1_403' title='bbox 2198 933 2301 987; x_wconf 87' lang='lat' dir='ltr'><strong>hac</strong></span> <span class='ocrx_word' id='word_1_404' title='bbox 2333 946 2394 986; x_wconf 89' lang='lat' dir='ltr'><strong>re</strong></span> <span class='ocrx_word' id='word_1_405' title='bbox 2421 929 2688 984; x_wconf 89' lang='lat' dir='ltr'><strong>nonnulla</strong></span> <span class='ocrx_word' id='word_1_406' title='bbox 2715 927 2880 983; x_wconf 91' lang='lat' dir='ltr'><strong>verba</strong></span> <span class='ocrx_word' id='word_1_407' title='bbox 2910 925 3114 989; x_wconf 81' lang='lat' dir='ltr'><strong>facere,</strong></span> <span class='ocrx_word' id='word_1_408' title='bbox 3137 934 3301 994; x_wconf 91' lang='lat' dir='ltr'><strong>atque</strong></span> <span class='ocrx_word' id='word_1_409' title='bbox 3325 924 3432 978; x_wconf 85' lang='lat' dir='ltr'><strong>im-</strong></span> 
     </span>
    </p>
   </div>
   <div class='ocr_carea' id='block_1_52' title="bbox 1858 1017 3430 1101">
    <p class='ocr_par' dir='ltr' id='par_1_52' title="bbox 1858 1017 3430 1101">
     <span class='ocr_line' id='line_1_52' title="bbox 1858 1017 3430 1101; baseline -0.01 -18"><span class='ocrx_word' id='word_1_410' title='bbox 1858 1027 2053 1101; x_wconf 83' lang='lat' dir='ltr'><strong>primis</strong></span> <span class='ocrx_word' id='word_1_411' title='bbox 2081 1025 2212 1080; x_wconf 92' lang='lat' dir='ltr'><strong>illud</strong></span> <span class='ocrx_word' id='word_1_412' title='bbox 2239 1037 2484 1094; x_wconf 66' lang='lat' dir='ltr'><strong>quaerere</strong></span> <span class='ocrx_word' id='word_1_413' title='bbox 2521 1034 2699 1091; x_wconf 69' lang='lat' dir='ltr'><strong>operae</strong></span> <span class='ocrx_word' id='word_1_414' title='bbox 2739 1017 2973 1089; x_wconf 89' lang='lat' dir='ltr'><strong>pretium</strong></span> <span class='ocrx_word' id='word_1_415' title='bbox 3004 1031 3127 1073; x_wconf 90' lang='lat' dir='ltr'><strong>esse</strong></span> <span class='ocrx_word' id='word_1_416' title='bbox 3151 1055 3166 1080; x_wconf 91' lang='lat'><strong>,</strong></span> <span class='ocrx_word' id='word_1_417' title='bbox 3195 1030 3430 1086; x_wconf 88' lang='lat' dir='ltr'><strong>quanam</strong></span> 
     </span>
    </p>
   </div>
   <div class='ocr_carea' id='block_1_53' title="bbox 1852 1108 3429 1182">
    <p class='ocr_par' dir='ltr' id='par_1_53' title="bbox 1852 1108 3429 1182">
     <span class='ocr_line' id='line_1_53' title="bbox 1852 1108 3429 1182; baseline -0.009 -9"><span class='ocrx_word' id='word_1_418' title='bbox 1852 1118 2080 1173; x_wconf 80' lang='lat' dir='ltr'><strong>tandem</strong></span> <span class='ocrx_word' id='word_1_419' title='bbox 2113 1129 2279 1171; x_wconf 92' lang='lat' dir='ltr'><strong>causa</strong></span> <span class='ocrx_word' id='word_1_420' title='bbox 2312 1129 2423 1168; x_wconf 91' lang='lat' dir='ltr'><strong>non</strong></span> <span class='ocrx_word' id='word_1_421' title='bbox 2451 1111 2728 1182; x_wconf 81' lang='lat' dir='ltr'><strong>spiritales</strong></span> <span class='ocrx_word' id='word_1_422' title='bbox 2757 1111 2939 1180; x_wconf 85' lang='lat' dir='ltr'><strong>potius</strong></span> <span class='ocrx_word' id='word_1_423' title='bbox 2960 1117 3015 1164; x_wconf 88' lang='lat' dir='ltr'><strong>et</strong></span> <span class='ocrx_word' id='word_1_424' title='bbox 3039 1109 3106 1165; x_wconf 91' lang='lat' dir='ltr'><strong>ab</strong></span> <span class='ocrx_word' id='word_1_425' title='bbox 3133 1108 3282 1164; x_wconf 90' lang='lat' dir='ltr'><strong>omni</strong></span> <span class='ocrx_word' id='word_1_426' title='bbox 3313 1121 3429 1160; x_wconf 87' lang='lat' dir='ltr'><strong>ma-</strong></span> 
     </span>
    </p>
   </div>
   <div class='ocr_carea' id='block_1_54' title="bbox 1863 1196 3436 1273">
    <p class='ocr_par' dir='ltr' id='par_1_54' title="bbox 1863 1196 3436 1273">
     <span class='ocr_line' id='line_1_54' title="bbox 1863 1196 3436 1273; baseline -0.008 -8"><span class='ocrx_word' id='word_1_427' title='bbox 1863 1211 2011 1265; x_wconf 66' lang='lat' dir='ltr'><strong>teriae</strong></span> <span class='ocrx_word' id='word_1_428' title='bbox 2058 1207 2407 1263; x_wconf 86' lang='lat' dir='ltr'><strong>concretione</strong></span> <span class='ocrx_word' id='word_1_429' title='bbox 2460 1203 2736 1273; x_wconf 88' lang='lat' dir='ltr'><strong>sejunctos</strong></span> <span class='ocrx_word' id='word_1_430' title='bbox 2774 1216 2839 1256; x_wconf 92' lang='lat' dir='ltr'><strong>ac</strong></span> <span class='ocrx_word' id='word_1_431' title='bbox 2884 1200 3176 1262; x_wconf 75' lang='lat' dir='ltr'><strong>cmlestes,</strong></span> <span class='ocrx_word' id='word_1_432' title='bbox 3217 1196 3436 1268; x_wconf 86' lang='lat' dir='ltr'><strong>Deoque</strong></span> 
     </span>
    </p>
   </div>
   <div class='ocr_carea' id='block_1_55' title="bbox 1867 1288 3435 1371">
    <p class='ocr_par' dir='ltr' id='par_1_55' title="bbox 1867 1288 3435 1371">
     <span class='ocr_line' id='line_1_55' title="bbox 1867 1288 3435 1371; baseline -0.01 -16"><span class='ocrx_word' id='word_1_433' title='bbox 1867 1301 2142 1371; x_wconf 80' lang='lat' dir='ltr'><strong>proximos</strong></span> <span class='ocrx_word' id='word_1_434' title='bbox 2192 1298 2414 1368; x_wconf 77' lang='lat' dir='ltr'><strong>angelos</strong></span> <span class='ocrx_word' id='word_1_435' title='bbox 2447 1291 2734 1365; x_wconf 88' lang='lat' dir='ltr'><strong>appellarit</strong></span> <span class='ocrx_word' id='word_1_436' title='bbox 2768 1291 2913 1346; x_wconf 85' lang='lat' dir='ltr'><strong>Deus</strong></span> <span class='ocrx_word' id='word_1_437' title='bbox 2941 1289 3010 1344; x_wconf 89' lang='lat' dir='ltr'><strong>ad</strong></span> <span class='ocrx_word' id='word_1_438' title='bbox 3059 1288 3350 1358; x_wconf 76' lang='lat' dir='ltr'><strong>imaginem</strong></span> <span class='ocrx_word' id='word_1_439' title='bbox 3381 1298 3435 1340; x_wconf 87' lang='lat' dir='ltr'><strong>ct</strong></span> 
     </span>
    </p>
   </div>
   <div class='ocr_carea' id='block_1_56' title="bbox 1864 1379 3429 1450">
    <p class='ocr_par' dir='ltr' id='par_1_56' title="bbox 1864 1379 3429 1450">
     <span class='ocr_line' id='line_1_56' title="bbox 1864 1379 3429 1450; baseline -0.012 -2"><span class='ocrx_word' id='word_1_440' title='bbox 1864 1391 2279 1449; x_wconf 88' lang='lat' dir='ltr'><strong>similitudinem</strong></span> <span class='ocrx_word' id='word_1_441' title='bbox 2329 1402 2484 1444; x_wconf 88' lang='lat' dir='ltr'><strong>suam</strong></span> <span class='ocrx_word' id='word_1_442' title='bbox 2514 1394 2752 1441; x_wconf 87' lang='lat' dir='ltr'><strong>creatos.</strong></span> <span class='ocrx_word' id='word_1_443' title='bbox 2807 1382 3012 1438; x_wconf 87' lang='lat' dir='ltr'><strong>Etenim</strong></span> <span class='ocrx_word' id='word_1_444' title='bbox 3063 1379 3429 1450; x_wconf 87' lang='lat' dir='ltr'><strong>principatum</strong></span> 
     </span>
    </p>
   </div>
   <div class='ocr_carea' id='block_1_57' title="bbox 1863 1471 3424 1554">
    <p class='ocr_par' dir='ltr' id='par_1_57' title="bbox 1863 1471 3424 1554">
     <span class='ocr_line' id='line_1_57' title="bbox 1863 1471 3424 1554; baseline -0.01 -15"><span class='ocrx_word' id='word_1_445' title='bbox 1863 1493 2027 1554; x_wconf 91' lang='lat' dir='ltr'><strong>atque</strong></span> <span class='ocrx_word' id='word_1_446' title='bbox 2054 1482 2340 1552; x_wconf 91' lang='lat' dir='ltr'><strong>imperium</strong></span> <span class='ocrx_word' id='word_1_447' title='bbox 2376 1481 2432 1534; x_wconf 90' lang='lat' dir='ltr'><strong>in</strong></span> <span class='ocrx_word' id='word_1_448' title='bbox 2467 1487 2670 1533; x_wconf 89' lang='lat' dir='ltr'><strong>terram</strong></span> <span class='ocrx_word' id='word_1_449' title='bbox 2703 1475 3011 1532; x_wconf 83' lang='lat' dir='ltr'><strong>universam</strong></span> <span class='ocrx_word' id='word_1_450' title='bbox 3049 1481 3214 1544; x_wconf 90' lang='lat' dir='ltr'><strong>atque</strong></span> <span class='ocrx_word' id='word_1_451' title='bbox 3245 1471 3301 1524; x_wconf 91' lang='lat' dir='ltr'><strong>in</strong></span> <span class='ocrx_word' id='word_1_452' title='bbox 3332 1471 3424 1524; x_wconf 90' lang='lat' dir='ltr'><strong>ho-</strong></span> 
     </span>
    </p>
   </div>
   <div class='ocr_carea' id='block_1_58' title="bbox 1865 1564 3433 1645">
    <p class='ocr_par' dir='ltr' id='par_1_58' title="bbox 1865 1564 3433 1645">
     <span class='ocr_line' id='line_1_58' title="bbox 1865 1564 3433 1645; baseline -0.012 -14"><span class='ocrx_word' id='word_1_453' title='bbox 1865 1578 2065 1631; x_wconf 87' lang='lat' dir='ltr'><strong>minem</strong></span> <span class='ocrx_word' id='word_1_454' title='bbox 2091 1575 2268 1645; x_wconf 92' lang='lat' dir='ltr'><strong>ipsum</strong></span> <span class='ocrx_word' id='word_1_455' title='bbox 2297 1571 2546 1626; x_wconf 90' lang='lat' dir='ltr'><strong>obtinent</strong></span> <span class='ocrx_word' id='word_1_456' title='bbox 2569 1569 2668 1632; x_wconf 91' lang='lat' dir='ltr'><strong>illi,</strong></span> <span class='ocrx_word' id='word_1_457' title='bbox 2695 1567 2805 1622; x_wconf 92' lang='lat' dir='ltr'><strong>imo</strong></span> <span class='ocrx_word' id='word_1_458' title='bbox 2829 1567 2988 1622; x_wconf 89' lang='lat' dir='ltr'><strong>etiam</strong></span> <span class='ocrx_word' id='word_1_459' title='bbox 3011 1564 3243 1634; x_wconf 89' lang='lat' dir='ltr'><strong>amplius</strong></span> <span class='ocrx_word' id='word_1_460' title='bbox 3269 1575 3433 1632; x_wconf 87' lang='lat' dir='ltr'><strong>quam</strong></span> 
     </span>
    </p>
   </div>
   <div class='ocr_carea' id='block_1_59' title="bbox 1865 1653 3433 1722">
    <p class='ocr_par' dir='ltr' id='par_1_59' title="bbox 1865 1653 3433 1722">
     <span class='ocr_line' id='line_1_59' title="bbox 1865 1653 3433 1722; baseline -0.011 0"><span class='ocrx_word' id='word_1_461' title='bbox 1865 1669 2049 1722; x_wconf 83' lang='lat' dir='ltr'><strong>homo.</strong></span> <span class='ocrx_word' id='word_1_462' title='bbox 2098 1665 2224 1720; x_wconf 89' lang='lat' dir='ltr'><strong>Pari</strong></span> <span class='ocrx_word' id='word_1_463' title='bbox 2271 1663 2488 1718; x_wconf 86' lang='lat' dir='ltr'><strong>ratione</strong></span> <span class='ocrx_word' id='word_1_464' title='bbox 2524 1657 2890 1715; x_wconf 86' lang='lat' dir='ltr'><strong>immortalem</strong></span> <span class='ocrx_word' id='word_1_465' title='bbox 2928 1670 3090 1720; x_wconf 87' lang='lat' dir='ltr'><strong>esse,</strong></span> <span class='ocrx_word' id='word_1_466' title='bbox 3134 1669 3165 1708; x_wconf 93' lang='lat' dir='ltr'><strong>a</strong></span> <span class='ocrx_word' id='word_1_467' title='bbox 3209 1653 3433 1707; x_wconf 87' lang='lat' dir='ltr'><strong>materia</strong></span> 
     </span>
    </p>
   </div>
   <div class='ocr_carea' id='block_1_60' title="bbox 1867 1743 3432 1828">
    <p class='ocr_par' dir='ltr' id='par_1_60' title="bbox 1867 1743 3432 1828">
     <span class='ocr_line' id='line_1_60' title="bbox 1867 1743 3432 1828; baseline -0.012 -15"><span class='ocrx_word' id='word_1_468' title='bbox 1867 1767 2230 1828; x_wconf 80' lang='lat' dir='ltr'><strong>segregatum,</strong></span> <span class='ocrx_word' id='word_1_469' title='bbox 2289 1749 2619 1809; x_wconf 89' lang='lat' dir='ltr'><strong>invisibilem</strong></span> <span class='ocrx_word' id='word_1_470' title='bbox 2659 1758 2716 1806; x_wconf 90' lang='lat' dir='ltr'><strong>et</strong></span> <span class='ocrx_word' id='word_1_471' title='bbox 2754 1763 2952 1820; x_wconf 91' lang='lat' dir='ltr'><strong>purum</strong></span> <span class='ocrx_word' id='word_1_472' title='bbox 2977 1788 2992 1814; x_wconf 87' lang='lat'><strong>,</strong></span> <span class='ocrx_word' id='word_1_473' title='bbox 3031 1756 3194 1815; x_wconf 87' lang='lat' dir='ltr'><strong>atque</strong></span> <span class='ocrx_word' id='word_1_474' title='bbox 3226 1743 3432 1808; x_wconf 88' lang='lat' dir='ltr'><strong>omnia,</strong></span> 
     </span>
    </p>
   </div>
   <div class='ocr_carea' id='block_1_61' title="bbox 1863 1838 3435 1920">
    <p class='ocr_par' dir='ltr' id='par_1_61' title="bbox 1863 1838 3435 1920">
     <span class='ocr_line' id='line_1_61' title="bbox 1863 1838 3435 1920; baseline -0.01 -15"><span class='ocrx_word' id='word_1_475' title='bbox 1863 1865 1984 1920; x_wconf 67' lang='lat' dir='ltr'><strong>quae</strong></span> <span class='ocrx_word' id='word_1_476' title='bbox 2012 1850 2080 1904; x_wconf 91' lang='lat' dir='ltr'><strong>de</strong></span> <span class='ocrx_word' id='word_1_477' title='bbox 2123 1849 2332 1902; x_wconf 87' lang='lat' dir='ltr'><strong>Adamo</strong></span> <span class='ocrx_word' id='word_1_478' title='bbox 2369 1845 2575 1901; x_wconf 82' lang='lat' dir='ltr'><strong>dixeris</strong></span> <span class='ocrx_word' id='word_1_479' title='bbox 2601 1885 2616 1909; x_wconf 92' lang='lat'><strong>,</strong></span> <span class='ocrx_word' id='word_1_480' title='bbox 2661 1841 3014 1897; x_wconf 79' lang='lat' dir='ltr'><strong>excellentius</strong></span> <span class='ocrx_word' id='word_1_481' title='bbox 3058 1839 3245 1894; x_wconf 88' lang='lat' dir='ltr'><strong>insunt</strong></span> <span class='ocrx_word' id='word_1_482' title='bbox 3274 1838 3435 1907; x_wconf 90' lang='lat' dir='ltr'><strong>spiri-</strong></span> 
     </span>
    </p>
   </div>
   <div class='ocr_carea' id='block_1_62' title="bbox 1862 1926 3436 2000">
    <p class='ocr_par' dir='ltr' id='par_1_62' title="bbox 1862 1926 3436 2000">
     <span class='ocr_line' id='line_1_62' title="bbox 1862 1926 3436 2000; baseline -0.008 -8"><span class='ocrx_word' id='word_1_483' title='bbox 1862 1937 2105 1993; x_wconf 82' lang='lat' dir='ltr'><strong>tualibus</strong></span> <span class='ocrx_word' id='word_1_484' title='bbox 2127 1943 2181 1992; x_wconf 91' lang='lat' dir='ltr'><strong>et</strong></span> <span class='ocrx_word' id='word_1_485' title='bbox 2202 1935 2521 1991; x_wconf 76' lang='lat' dir='ltr'><strong>ccelestibus</strong></span> <span class='ocrx_word' id='word_1_486' title='bbox 2549 1933 2994 2000; x_wconf 90' lang='lat' dir='ltr'><strong>incorporearum</strong></span> <span class='ocrx_word' id='word_1_487' title='bbox 3019 1929 3278 1983; x_wconf 88' lang='lat' dir='ltr'><strong>mentium</strong></span> <span class='ocrx_word' id='word_1_488' title='bbox 3305 1926 3436 1981; x_wconf 90' lang='lat' dir='ltr'><strong>cho-</strong></span> 
     </span>
    </p>
   </div>
   <div class='ocr_carea' id='block_1_63' title="bbox 1863 2017 3434 2098">
    <p class='ocr_par' dir='ltr' id='par_1_63' title="bbox 1863 2017 3434 2098">
     <span class='ocr_line' id='line_1_63' title="bbox 1863 2017 3434 2098; baseline -0.01 -15"><span class='ocrx_word' id='word_1_489' title='bbox 1863 2030 1959 2084; x_wconf 86' lang='lat' dir='ltr'><strong>ris.</strong></span> <span class='ocrx_word' id='word_1_490' title='bbox 1991 2026 2282 2098; x_wconf 84' lang='lat' dir='ltr'><strong>Quidpiam</strong></span> <span class='ocrx_word' id='word_1_491' title='bbox 2314 2026 2480 2096; x_wconf 88' lang='lat' dir='ltr'><strong>igitur</strong></span> <span class='ocrx_word' id='word_1_492' title='bbox 2503 2020 2830 2094; x_wconf 78' lang='lat' dir='ltr'><strong>profundius</strong></span> <span class='ocrx_word' id='word_1_493' title='bbox 2857 2019 3035 2079; x_wconf 87' lang='lat' dir='ltr'><strong>nobis.</strong></span> <span class='ocrx_word' id='word_1_494' title='bbox 3068 2032 3229 2088; x_wconf 86' lang='lat' dir='ltr'><strong>quam</strong></span> <span class='ocrx_word' id='word_1_495' title='bbox 3263 2017 3434 2086; x_wconf 87' lang='lat' dir='ltr'><strong>prima</strong></span> 
     </span>
    </p>
   </div>
   <div class='ocr_carea' id='block_1_64' title="bbox 1864 2109 3433 2190">
    <p class='ocr_par' dir='ltr' id='par_1_64' title="bbox 1864 2109 3433 2190">
     <span class='ocr_line' id='line_1_64' title="bbox 1864 2109 3433 2190; baseline -0.01 -14"><span class='ocrx_word' id='word_1_496' title='bbox 1864 2122 2043 2176; x_wconf 81' lang='lat' dir='ltr'><strong>fronte</strong></span> <span class='ocrx_word' id='word_1_497' title='bbox 2069 2125 2293 2190; x_wconf 90' lang='lat' dir='ltr'><strong>pateat,</strong></span> <span class='ocrx_word' id='word_1_498' title='bbox 2331 2117 2464 2172; x_wconf 90' lang='lat' dir='ltr'><strong>illud</strong></span> <span class='ocrx_word' id='word_1_499' title='bbox 2497 2116 2566 2170; x_wconf 85' lang='lat' dir='ltr'><strong>ad</strong></span> <span class='ocrx_word' id='word_1_500' title='bbox 2608 2113 2928 2183; x_wconf 80' lang='lat' dir='ltr'><strong>imaginem,</strong></span> <span class='ocrx_word' id='word_1_501' title='bbox 2961 2110 3106 2181; x_wconf 88' lang='lat' dir='ltr'><strong>quod</strong></span> <span class='ocrx_word' id='word_1_502' title='bbox 3138 2119 3221 2166; x_wconf 89' lang='lat' dir='ltr'><strong>est</strong></span> <span class='ocrx_word' id='word_1_503' title='bbox 3252 2110 3306 2163; x_wconf 91' lang='lat' dir='ltr'><strong>in</strong></span> <span class='ocrx_word' id='word_1_504' title='bbox 3334 2109 3433 2162; x_wconf 87' lang='lat' dir='ltr'><strong>ho-</strong></span> 
     </span>
    </p>
   </div>
   <div class='ocr_carea' id='block_1_65' title="bbox 1865 2199 3434 2275">
    <p class='ocr_par' dir='ltr' id='par_1_65' title="bbox 1865 2199 3434 2275">
     <span class='ocr_line' id='line_1_65' title="bbox 1865 2199 3434 2275; baseline -0.01 -9"><span class='ocrx_word' id='word_1_505' title='bbox 1865 2213 2042 2275; x_wconf 89' lang='lat' dir='ltr'><strong>mine,</strong></span> <span class='ocrx_word' id='word_1_506' title='bbox 2077 2209 2312 2265; x_wconf 88' lang='lat' dir='ltr'><strong>obscure</strong></span> <span class='ocrx_word' id='word_1_507' title='bbox 2341 2206 2570 2262; x_wconf 90' lang='lat' dir='ltr'><strong>indicat.</strong></span> <span class='ocrx_word' id='word_1_508' title='bbox 2600 2204 2718 2259; x_wconf 87' lang='lat' dir='ltr'><strong>Non</strong></span> <span class='ocrx_word' id='word_1_509' title='bbox 2773 2204 2916 2258; x_wconf 90' lang='lat' dir='ltr'><strong>enim</strong></span> <span class='ocrx_word' id='word_1_510' title='bbox 2952 2216 3115 2256; x_wconf 90' lang='lat' dir='ltr'><strong>unam</strong></span> <span class='ocrx_word' id='word_1_511' title='bbox 3143 2199 3434 2270; x_wconf 80' lang='lat' dir='ltr'><strong>quamdam</strong></span> 
     </span>
    </p>
   </div>
   <div class='ocr_carea' id='block_1_66' title="bbox 1865 2292 3434 2374">
    <p class='ocr_par' dir='ltr' id='par_1_66' title="bbox 1865 2292 3434 2374">
     <span class='ocr_line' id='line_1_66' title="bbox 1865 2292 3434 2374; baseline -0.009 -17"><span class='ocrx_word' id='word_1_512' title='bbox 1865 2303 2155 2374; x_wconf 91' lang='lat' dir='ltr'><strong>imaginem</strong></span> <span class='ocrx_word' id='word_1_513' title='bbox 2181 2315 2245 2355; x_wconf 86' lang='lat' dir='ltr'><strong>ac</strong></span> <span class='ocrx_word' id='word_1_514' title='bbox 2263 2298 2678 2355; x_wconf 86' lang='lat' dir='ltr'><strong>similitudinem</strong></span> <span class='ocrx_word' id='word_1_515' title='bbox 2703 2295 2797 2351; x_wconf 90' lang='lat' dir='ltr'><strong>Dei</strong></span> <span class='ocrx_word' id='word_1_516' title='bbox 2820 2295 3066 2365; x_wconf 89' lang='lat' dir='ltr'><strong>possidet</strong></span> <span class='ocrx_word' id='word_1_517' title='bbox 3086 2293 3139 2347; x_wconf 92' lang='lat' dir='ltr'><strong>in</strong></span> <span class='ocrx_word' id='word_1_518' title='bbox 3171 2307 3228 2347; x_wconf 89' lang='lat' dir='ltr'><strong>se</strong></span> <span class='ocrx_word' id='word_1_519' title='bbox 3250 2292 3434 2352; x_wconf 87' lang='lat' dir='ltr'><strong>homo,</strong></span> 
     </span>
    </p>
   </div>
   <div class='ocr_carea' id='block_1_67' title="bbox 1863 2383 3439 2454">
    <p class='ocr_par' dir='ltr' id='par_1_67' title="bbox 1863 2383 3439 2454">
     <span class='ocr_line' id='line_1_67' title="bbox 1863 2383 3439 2454; baseline -0.008 -6"><span class='ocrx_word' id='word_1_520' title='bbox 1863 2393 1959 2448; x_wconf 85' lang='lat' dir='ltr'><strong>sed</strong></span> <span class='ocrx_word' id='word_1_521' title='bbox 1987 2402 2044 2447; x_wconf 91' lang='lat' dir='ltr'><strong>et</strong></span> <span class='ocrx_word' id='word_1_522' title='bbox 2071 2391 2367 2447; x_wconf 90' lang='lat' dir='ltr'><strong>secundam</strong></span> <span class='ocrx_word' id='word_1_523' title='bbox 2396 2429 2411 2453; x_wconf 92' lang='lat'><strong>,</strong></span> <span class='ocrx_word' id='word_1_524' title='bbox 2443 2397 2499 2444; x_wconf 91' lang='lat' dir='ltr'><strong>et</strong></span> <span class='ocrx_word' id='word_1_525' title='bbox 2528 2388 2743 2443; x_wconf 88' lang='lat' dir='ltr'><strong>tertiam</strong></span> <span class='ocrx_word' id='word_1_526' title='bbox 2767 2426 2782 2450; x_wconf 89' lang='lat'><strong>,</strong></span> <span class='ocrx_word' id='word_1_527' title='bbox 2825 2395 3085 2454; x_wconf 85' lang='lat' dir='ltr'><strong>tanquam</strong></span> <span class='ocrx_word' id='word_1_528' title='bbox 3129 2383 3183 2437; x_wconf 88' lang='lat' dir='ltr'><strong>in</strong></span> <span class='ocrx_word' id='word_1_529' title='bbox 3219 2383 3439 2452; x_wconf 79' lang='lat' dir='ltr'><strong>speculo</strong></span> 
     </span>
    </p>
   </div>
   <div class='ocr_carea' id='block_1_68' title="bbox 1864 2479 3433 2553">
    <p class='ocr_par' dir='ltr' id='par_1_68' title="bbox 1864 2479 3433 2553">
     <span class='ocr_line' id='line_1_68' title="bbox 1864 2479 3433 2553; baseline -0.008 -14"><span class='ocrx_word' id='word_1_530' title='bbox 1864 2485 2100 2553; x_wconf 90' lang='lat' dir='ltr'><strong>quodam</strong></span> <span class='ocrx_word' id='word_1_531' title='bbox 2129 2492 2184 2536; x_wconf 91' lang='lat' dir='ltr'><strong>et</strong></span> <span class='ocrx_word' id='word_1_532' title='bbox 2209 2482 2529 2536; x_wconf 81' lang='lat' dir='ltr'><strong>adumbrata</strong></span> <span class='ocrx_word' id='word_1_533' title='bbox 2561 2479 2733 2550; x_wconf 82' lang='lat' dir='ltr'><strong>etligie</strong></span> <span class='ocrx_word' id='word_1_534' title='bbox 2763 2479 2947 2534; x_wconf 81' lang='lat' dir='ltr'><strong>ﬁctilia</strong></span> <span class='ocrx_word' id='word_1_535' title='bbox 2982 2485 3035 2532; x_wconf 91' lang='lat' dir='ltr'><strong>et</strong></span> <span class='ocrx_word' id='word_1_536' title='bbox 3069 2479 3246 2546; x_wconf 80' lang='lat' dir='ltr'><strong>typica</strong></span> <span class='ocrx_word' id='word_1_537' title='bbox 3270 2513 3285 2540; x_wconf 93' lang='lat'><strong>,</strong></span> <span class='ocrx_word' id='word_1_538' title='bbox 3327 2490 3433 2528; x_wconf 91' lang='lat' dir='ltr'><strong>non</strong></span> 
     </span>
    </p>
   </div>
   <div class='ocr_carea' id='block_1_69' title="bbox 1862 2572 3436 2647">
    <p class='ocr_par' dir='ltr' id='par_1_69' title="bbox 1862 2572 3436 2647">
     <span class='ocr_line' id='line_1_69' title="bbox 1862 2572 3436 2647; baseline -0.008 -16"><span class='ocrx_word' id='word_1_539' title='bbox 1862 2577 2108 2647; x_wconf 88' lang='lat' dir='ltr'><strong>physica,</strong></span> <span class='ocrx_word' id='word_1_540' title='bbox 2140 2574 2469 2636; x_wconf 88' lang='lat' dir='ltr'><strong>Divinitatis,</strong></span> <span class='ocrx_word' id='word_1_541' title='bbox 2496 2572 2549 2626; x_wconf 91' lang='lat' dir='ltr'><strong>iu</strong></span> <span class='ocrx_word' id='word_1_542' title='bbox 2573 2586 2682 2642; x_wconf 89' lang='lat' dir='ltr'><strong>qua</strong></span> <span class='ocrx_word' id='word_1_543' title='bbox 2711 2579 2839 2625; x_wconf 91' lang='lat' dir='ltr'><strong>sunt</strong></span> <span class='ocrx_word' id='word_1_544' title='bbox 2863 2578 2976 2624; x_wconf 90' lang='lat' dir='ltr'><strong>tres</strong></span> <span class='ocrx_word' id='word_1_545' title='bbox 3007 2582 3283 2639; x_wconf 78' lang='lat' dir='ltr'><strong>personae,</strong></span> <span class='ocrx_word' id='word_1_546' title='bbox 3316 2581 3436 2637; x_wconf 92' lang='lat' dir='ltr'><strong>my-</strong></span> 
     </span>
    </p>
   </div>
   <div class='ocr_carea' id='block_1_70' title="bbox 1863 2660 3437 2738">
    <p class='ocr_par' dir='ltr' id='par_1_70' title="bbox 1863 2660 3437 2738">
     <span class='ocr_line' id='line_1_70' title="bbox 1863 2660 3437 2738; baseline -0.008 -14"><span class='ocrx_word' id='word_1_547' title='bbox 1863 2670 2088 2724; x_wconf 89' lang='lat' dir='ltr'><strong>sterium</strong></span> <span class='ocrx_word' id='word_1_548' title='bbox 2108 2667 2442 2738; x_wconf 79' lang='lat' dir='ltr'><strong>exprimens;</strong></span> <span class='ocrx_word' id='word_1_549' title='bbox 2465 2681 2639 2734; x_wconf 87' lang='lat' dir='ltr'><strong>neque</strong></span> <span class='ocrx_word' id='word_1_550' title='bbox 2659 2679 2786 2718; x_wconf 87' lang='lat' dir='ltr'><strong>vero</strong></span> <span class='ocrx_word' id='word_1_551' title='bbox 2807 2663 2858 2717; x_wconf 90' lang='lat' dir='ltr'><strong>id</strong></span> <span class='ocrx_word' id='word_1_552' title='bbox 2877 2663 3074 2724; x_wconf 90' lang='lat' dir='ltr'><strong>solum,</strong></span> <span class='ocrx_word' id='word_1_553' title='bbox 3089 2660 3182 2715; x_wconf 87' lang='lat' dir='ltr'><strong>sed</strong></span> <span class='ocrx_word' id='word_1_554' title='bbox 3205 2667 3259 2715; x_wconf 90' lang='lat' dir='ltr'><strong>et</strong></span> <span class='ocrx_word' id='word_1_555' title='bbox 3274 2660 3437 2713; x_wconf 89' lang='lat' dir='ltr'><strong>unius</strong></span> 
     </span>
    </p>
   </div>
   <div class='ocr_carea' id='block_1_71' title="bbox 1863 2751 3438 2818">
    <p class='ocr_par' dir='ltr' id='par_1_71' title="bbox 1863 2751 3438 2818">
     <span class='ocr_line' id='line_1_71' title="bbox 1863 2751 3438 2818; baseline -0.008 -4"><span class='ocrx_word' id='word_1_556' title='bbox 1863 2775 1930 2814; x_wconf 84' lang='lat' dir='ltr'><strong>ex</strong></span> <span class='ocrx_word' id='word_1_557' title='bbox 1969 2765 2158 2813; x_wconf 88' lang='lat' dir='ltr'><strong>sancta</strong></span> <span class='ocrx_word' id='word_1_558' title='bbox 2197 2755 2467 2810; x_wconf 88' lang='lat' dir='ltr'><strong>Trinitate</strong></span> <span class='ocrx_word' id='word_1_559' title='bbox 2497 2753 2588 2809; x_wconf 88' lang='lat' dir='ltr'><strong>Dei</strong></span> <span class='ocrx_word' id='word_1_560' title='bbox 2623 2752 2788 2808; x_wconf 82' lang='lat' dir='ltr'><strong>Verbi</strong></span> <span class='ocrx_word' id='word_1_561' title='bbox 2821 2751 3254 2806; x_wconf 83' lang='lat' dir='ltr'><strong>incarnationem</strong></span> <span class='ocrx_word' id='word_1_562' title='bbox 3298 2762 3438 2818; x_wconf 72' lang='lat' dir='ltr'><strong>prte-</strong></span> 
     </span>
    </p>
   </div>
   <div class='ocr_carea' id='block_1_72' title="bbox 1863 2841 3441 2918">
    <p class='ocr_par' dir='ltr' id='par_1_72' title="bbox 1863 2841 3441 2918">
     <span class='ocr_line' id='line_1_72' title="bbox 1863 2841 3441 2918; baseline -0.007 -12"><span class='ocrx_word' id='word_1_563' title='bbox 1863 2851 2100 2906; x_wconf 88' lang='lat' dir='ltr'><strong>nuntiat.</strong></span> <span class='ocrx_word' id='word_1_564' title='bbox 2128 2850 2207 2903; x_wconf 88' lang='lat' dir='ltr'><strong>Ac</strong></span> <span class='ocrx_word' id='word_1_565' title='bbox 2235 2850 2471 2904; x_wconf 79' lang='lat' dir='ltr'><strong>fortasse</strong></span> <span class='ocrx_word' id='word_1_566' title='bbox 2501 2847 2567 2902; x_wconf 83' lang='lat' dir='ltr'><strong>ad</strong></span> <span class='ocrx_word' id='word_1_567' title='bbox 2604 2848 2894 2918; x_wconf 89' lang='lat' dir='ltr'><strong>imaginem</strong></span> <span class='ocrx_word' id='word_1_568' title='bbox 2928 2844 3148 2915; x_wconf 90' lang='lat' dir='ltr'><strong>quidem</strong></span> <span class='ocrx_word' id='word_1_569' title='bbox 3188 2851 3274 2898; x_wconf 80' lang='lat' dir='ltr'><strong>est</strong></span> <span class='ocrx_word' id='word_1_570' title='bbox 3301 2841 3441 2897; x_wconf 82' lang='lat' dir='ltr'><strong>Divi-</strong></span> 
     </span>
    </p>
   </div>
   <div class='ocr_carea' id='block_1_73' title="bbox 1862 2936 3443 3004">
    <p class='ocr_par' dir='ltr' id='par_1_73' title="bbox 1862 2936 3443 3004">
     <span class='ocr_line' id='line_1_73' title="bbox 1862 2936 3443 3004; baseline -0.005 -8"><span class='ocrx_word' id='word_1_571' title='bbox 1862 2941 2055 2997; x_wconf 90' lang='lat' dir='ltr'><strong>nitatis</strong></span> <span class='ocrx_word' id='word_1_572' title='bbox 2081 2939 2227 2997; x_wconf 85' lang='lat' dir='ltr'><strong>nuda</strong></span> <span class='ocrx_word' id='word_1_573' title='bbox 2264 2941 2469 3004; x_wconf 88' lang='lat' dir='ltr'><strong>anima,</strong></span> <span class='ocrx_word' id='word_1_574' title='bbox 2501 2940 2567 2994; x_wconf 91' lang='lat' dir='ltr'><strong>ad</strong></span> <span class='ocrx_word' id='word_1_575' title='bbox 2593 2938 3008 2993; x_wconf 86' lang='lat' dir='ltr'><strong>similitudinem</strong></span> <span class='ocrx_word' id='word_1_576' title='bbox 3040 2944 3223 2991; x_wconf 88' lang='lat' dir='ltr'><strong>autem</strong></span> <span class='ocrx_word' id='word_1_577' title='bbox 3261 2936 3443 2989; x_wconf 84' lang='lat' dir='ltr'><strong>incar-</strong></span> 
     </span>
    </p>
   </div>
   <div class='ocr_carea' id='block_1_74' title="bbox 1863 3027 3444 3097">
    <p class='ocr_par' dir='ltr' id='par_1_74' title="bbox 1863 3027 3444 3097">
     <span class='ocr_line' id='line_1_74' title="bbox 1863 3027 3444 3097; baseline -0.003 -11"><span class='ocrx_word' id='word_1_578' title='bbox 1863 3033 2104 3088; x_wconf 89' lang='lat' dir='ltr'><strong>nationis</strong></span> <span class='ocrx_word' id='word_1_579' title='bbox 2155 3031 2321 3086; x_wconf 85' lang='lat' dir='ltr'><strong>Verbi</strong></span> <span class='ocrx_word' id='word_1_580' title='bbox 2371 3031 2518 3087; x_wconf 90' lang='lat' dir='ltr'><strong>istud</strong></span> <span class='ocrx_word' id='word_1_581' title='bbox 2578 3031 2773 3084; x_wconf 73' lang='lat' dir='ltr'><strong>animae</strong></span> <span class='ocrx_word' id='word_1_582' title='bbox 2830 3038 3033 3085; x_wconf 65' lang='lat' dir='ltr'><strong>nostra:</strong></span> <span class='ocrx_word' id='word_1_583' title='bbox 3090 3027 3444 3097; x_wconf 88' lang='lat' dir='ltr'><strong>corporisque</strong></span> 
     </span>
    </p>
   </div>
   <div class='ocr_carea' id='block_1_75' title="bbox 1868 3117 3440 3194">
    <p class='ocr_par' dir='ltr' id='par_1_75' title="bbox 1868 3117 3440 3194">
     <span class='ocr_line' id='line_1_75' title="bbox 1868 3117 3440 3194; baseline -0.008 -17"><span class='ocrx_word' id='word_1_584' title='bbox 1868 3123 2255 3194; x_wconf 90' lang='lat' dir='ltr'><strong>compositum.</strong></span> <span class='ocrx_word' id='word_1_585' title='bbox 2281 3122 2481 3177; x_wconf 92' lang='lat' dir='ltr'><strong>Verum</strong></span> <span class='ocrx_word' id='word_1_586' title='bbox 2515 3120 2580 3175; x_wconf 90' lang='lat' dir='ltr'><strong>ad</strong></span> <span class='ocrx_word' id='word_1_587' title='bbox 2611 3121 2789 3190; x_wconf 91' lang='lat' dir='ltr'><strong>ipsum</strong></span> <span class='ocrx_word' id='word_1_588' title='bbox 2825 3119 3088 3174; x_wconf 86' lang='lat' dir='ltr'><strong>orationis</strong></span> <span class='ocrx_word' id='word_1_589' title='bbox 3119 3117 3440 3187; x_wconf 88' lang='lat' dir='ltr'><strong>principium</strong></span> 
     </span>
    </p>
   </div>
   <div class='ocr_carea' id='block_1_76' title="bbox 1867 3208 3444 3284">
    <p class='ocr_par' dir='ltr' id='par_1_76' title="bbox 1867 3208 3444 3284">
     <span class='ocr_line' id='line_1_76' title="bbox 1867 3208 3444 3284; baseline -0.006 -16"><span class='ocrx_word' id='word_1_590' title='bbox 1867 3229 2256 3278; x_wconf 90' lang='lat' dir='ltr'><strong>recurramus,</strong></span> <span class='ocrx_word' id='word_1_591' title='bbox 2320 3221 2485 3284; x_wconf 91' lang='lat' dir='ltr'><strong>atque</strong></span> <span class='ocrx_word' id='word_1_592' title='bbox 2558 3212 2684 3268; x_wconf 90' lang='lat' dir='ltr'><strong>inde</strong></span> <span class='ocrx_word' id='word_1_593' title='bbox 2745 3219 3006 3281; x_wconf 89' lang='lat' dir='ltr'><strong>tanquam</strong></span> <span class='ocrx_word' id='word_1_594' title='bbox 3057 3225 3124 3264; x_wconf 82' lang='lat' dir='ltr'><strong>cx</strong></span> <span class='ocrx_word' id='word_1_595' title='bbox 3176 3208 3444 3264; x_wconf 87' lang='lat' dir='ltr'><strong>altissimo</strong></span> 
     </span>
    </p>
   </div>
   <div class='ocr_carea' id='block_1_77' title="bbox 1865 3302 3444 3377">
    <p class='ocr_par' dir='ltr' id='par_1_77' title="bbox 1865 3302 3444 3377">
     <span class='ocr_line' id='line_1_77' title="bbox 1865 3302 3444 3377; baseline -0.005 -17"><span class='ocrx_word' id='word_1_596' title='bbox 1865 3306 2104 3377; x_wconf 87' lang='lat' dir='ltr'><strong>quodam</strong></span> <span class='ocrx_word' id='word_1_597' title='bbox 2155 3306 2337 3370; x_wconf 80' lang='lat' dir='ltr'><strong>fonte,</strong></span> <span class='ocrx_word' id='word_1_598' title='bbox 2403 3306 2636 3375; x_wconf 89' lang='lat' dir='ltr'><strong>primum</strong></span> <span class='ocrx_word' id='word_1_599' title='bbox 2681 3304 3036 3369; x_wconf 88' lang='lat' dir='ltr'><strong>deducamus,</strong></span> <span class='ocrx_word' id='word_1_600' title='bbox 3088 3302 3221 3372; x_wconf 91' lang='lat' dir='ltr'><strong>quid</strong></span> <span class='ocrx_word' id='word_1_601' title='bbox 3265 3317 3444 3357; x_wconf 68' lang='lat' dir='ltr'><strong>causa:</strong></span> 
     </span>
    </p>
   </div>
   <div class='ocr_carea' id='block_1_78' title="bbox 1867 3394 3444 3465">
    <p class='ocr_par' dir='ltr' id='par_1_78' title="bbox 1867 3394 3444 3465">
     <span class='ocr_line' id='line_1_78' title="bbox 1867 3394 3444 3465; baseline -0.007 -10"><span class='ocrx_word' id='word_1_602' title='bbox 1867 3399 1978 3465; x_wconf 83' lang='lat' dir='ltr'><strong>sit,</strong></span> <span class='ocrx_word' id='word_1_603' title='bbox 2010 3413 2110 3453; x_wconf 89' lang='lat' dir='ltr'><strong>cur</strong></span> <span class='ocrx_word' id='word_1_604' title='bbox 2141 3414 2249 3453; x_wconf 90' lang='lat' dir='ltr'><strong>non</strong></span> <span class='ocrx_word' id='word_1_605' title='bbox 2282 3398 2351 3451; x_wconf 90' lang='lat' dir='ltr'><strong>ad</strong></span> <span class='ocrx_word' id='word_1_606' title='bbox 2389 3397 2802 3453; x_wconf 88' lang='lat' dir='ltr'><strong>similitudinem</strong></span> <span class='ocrx_word' id='word_1_607' title='bbox 2845 3403 3167 3450; x_wconf 67' lang='lat' dir='ltr'><strong>cmterorum</strong></span> <span class='ocrx_word' id='word_1_608' title='bbox 3205 3394 3444 3448; x_wconf 87' lang='lat' dir='ltr'><strong>rationa-</strong></span> 
     </span>
    </p>
   </div>
   <div class='ocr_carea' id='block_1_79' title="bbox 1855 3485 3441 3566">
    <p class='ocr_par' dir='ltr' id='par_1_79' title="bbox 1855 3485 3441 3566">
     <span class='ocr_line' id='line_1_79' title="bbox 1855 3485 3441 3566; baseline -0.006 -20"><span class='ocrx_word' id='word_1_609' title='bbox 1855 3491 2025 3566; x_wconf 11' lang='lat' dir='ltr'><strong>Vlium,</strong></span> <span class='ocrx_word' id='word_1_610' title='bbox 2059 3492 2319 3546; x_wconf 89' lang='lat' dir='ltr'><strong>nimirum</strong></span> <span class='ocrx_word' id='word_1_611' title='bbox 2351 3489 2687 3560; x_wconf 82' lang='lat' dir='ltr'><strong>angelorum,</strong></span> <span class='ocrx_word' id='word_1_612' title='bbox 2720 3496 2815 3541; x_wconf 91' lang='lat' dir='ltr'><strong>aut</strong></span> <span class='ocrx_word' id='word_1_613' title='bbox 2836 3503 3030 3543; x_wconf 82' lang='lat' dir='ltr'><strong>rursus</strong></span> <span class='ocrx_word' id='word_1_614' title='bbox 3060 3485 3174 3556; x_wconf 89' lang='lat' dir='ltr'><strong>pari</strong></span> <span class='ocrx_word' id='word_1_615' title='bbox 3201 3485 3441 3548; x_wconf 80' lang='lat' dir='ltr'><strong>ratione,</strong></span> 
     </span>
    </p>
   </div>
   <div class='ocr_carea' id='block_1_80' title="bbox 1871 3577 3446 3652">
    <p class='ocr_par' dir='ltr' id='par_1_80' title="bbox 1871 3577 3446 3652">
     <span class='ocr_line' id='line_1_80' title="bbox 1871 3577 3446 3652; baseline -0.006 -17"><span class='ocrx_word' id='word_1_616' title='bbox 1871 3599 1980 3652; x_wconf 77' lang='lat' dir='ltr'><strong>quo</strong></span> <span class='ocrx_word' id='word_1_617' title='bbox 2028 3583 2287 3652; x_wconf 67' lang='lat' dir='ltr'><strong>praeditas</strong></span> <span class='ocrx_word' id='word_1_618' title='bbox 2338 3596 2504 3636; x_wconf 90' lang='lat' dir='ltr'><strong>sensu</strong></span> <span class='ocrx_word' id='word_1_619' title='bbox 2559 3580 2908 3642; x_wconf 89' lang='lat' dir='ltr'><strong>animantes,</strong></span> <span class='ocrx_word' id='word_1_620' title='bbox 2947 3577 3247 3646; x_wconf 90' lang='lat' dir='ltr'><strong>eodemque</strong></span> <span class='ocrx_word' id='word_1_621' title='bbox 3285 3577 3446 3629; x_wconf 76' lang='lat' dir='ltr'><strong>modo</strong></span> 
     </span>
    </p>
   </div>
   <div class='ocr_carea' id='block_1_81' title="bbox 1871 3667 3448 3741">
    <p class='ocr_par' dir='ltr' id='par_1_81' title="bbox 1871 3667 3448 3741">
     <span class='ocr_line' id='line_1_81' title="bbox 1871 3667 3448 3741; baseline -0.005 -15"><span class='ocrx_word' id='word_1_622' title='bbox 1871 3673 2114 3738; x_wconf 75' lang='lat' dir='ltr'><strong>aﬂ‘eCtas,</strong></span> <span class='ocrx_word' id='word_1_623' title='bbox 2146 3673 2424 3741; x_wconf 85' lang='lat' dir='ltr'><strong>principes</strong></span> <span class='ocrx_word' id='word_1_624' title='bbox 2457 3671 2673 3740; x_wconf 88' lang='lat' dir='ltr'><strong>generis</strong></span> <span class='ocrx_word' id='word_1_625' title='bbox 2707 3669 2880 3723; x_wconf 90' lang='lat' dir='ltr'><strong>nostri</strong></span> <span class='ocrx_word' id='word_1_626' title='bbox 2915 3682 2979 3721; x_wconf 90' lang='lat' dir='ltr'><strong>ae</strong></span> <span class='ocrx_word' id='word_1_627' title='bbox 3011 3667 3302 3736; x_wconf 90' lang='lat' dir='ltr'><strong>primarias</strong></span> <span class='ocrx_word' id='word_1_628' title='bbox 3331 3681 3448 3735; x_wconf 86' lang='lat' dir='ltr'><strong>per-</strong></span> 
     </span>
    </p>
   </div>
   <div class='ocr_carea' id='block_1_82' title="bbox 1869 3759 3449 3832">
    <p class='ocr_par' dir='ltr' id='par_1_82' title="bbox 1869 3759 3449 3832">
     <span class='ocr_line' id='line_1_82' title="bbox 1869 3759 3449 3832; baseline -0.01 -11"><span class='ocrx_word' id='word_1_629' title='bbox 1869 3780 2056 3827; x_wconf 88' lang='lat' dir='ltr'><strong>sonas,</strong></span> <span class='ocrx_word' id='word_1_630' title='bbox 2090 3763 2282 3818; x_wconf 80' lang='lat' dir='ltr'><strong>Adami</strong></span> <span class='ocrx_word' id='word_1_631' title='bbox 2315 3764 2536 3832; x_wconf 87' lang='lat' dir='ltr'><strong>inquam</strong></span> <span class='ocrx_word' id='word_1_632' title='bbox 2573 3771 2626 3816; x_wconf 91' lang='lat' dir='ltr'><strong>et</strong></span> <span class='ocrx_word' id='word_1_633' title='bbox 2656 3759 2800 3824; x_wconf 73' lang='lat' dir='ltr'><strong>Evze,</strong></span> <span class='ocrx_word' id='word_1_634' title='bbox 2834 3761 3038 3831; x_wconf 87' lang='lat' dir='ltr'><strong>ﬁliique</strong></span> <span class='ocrx_word' id='word_1_635' title='bbox 3062 3775 3127 3814; x_wconf 84' lang='lat' dir='ltr'><strong>ex</strong></span> <span class='ocrx_word' id='word_1_636' title='bbox 3157 3759 3292 3829; x_wconf 90' lang='lat' dir='ltr'><strong>ipsis</strong></span> <span class='ocrx_word' id='word_1_637' title='bbox 3329 3775 3449 3828; x_wconf 80' lang='lat' dir='ltr'><strong>prn-</strong></span> 
     </span>
    </p>
   </div>
   <div class='ocr_carea' id='block_1_83' title="bbox 1868 3847 3447 3919">
    <p class='ocr_par' dir='ltr' id='par_1_83' title="bbox 1868 3847 3447 3919">
     <span class='ocr_line' id='line_1_83' title="bbox 1868 3847 3447 3919; baseline -0.007 -8"><span class='ocrx_word' id='word_1_638' title='bbox 1868 3855 2041 3912; x_wconf 87' lang='lat' dir='ltr'><strong>creati</strong></span> <span class='ocrx_word' id='word_1_639' title='bbox 2072 3855 2129 3909; x_wconf 88' lang='lat' dir='ltr'><strong>in</strong></span> <span class='ocrx_word' id='word_1_640' title='bbox 2161 3855 2336 3908; x_wconf 90' lang='lat' dir='ltr'><strong>lucem</strong></span> <span class='ocrx_word' id='word_1_641' title='bbox 2361 3853 2636 3908; x_wconf 86' lang='lat' dir='ltr'><strong>ediderit?</strong></span> <span class='ocrx_word' id='word_1_642' title='bbox 2667 3851 2762 3907; x_wconf 89' lang='lat' dir='ltr'><strong>sed</strong></span> <span class='ocrx_word' id='word_1_643' title='bbox 2790 3851 3056 3905; x_wconf 88' lang='lat' dir='ltr'><strong>Adamum</strong></span> <span class='ocrx_word' id='word_1_644' title='bbox 3077 3849 3296 3919; x_wconf 83' lang='lat' dir='ltr'><strong>quidem</strong></span> <span class='ocrx_word' id='word_1_645' title='bbox 3328 3847 3447 3904; x_wconf 88' lang='lat' dir='ltr'><strong>sine</strong></span> 
     </span>
    </p>
   </div>
   <div class='ocr_carea' id='block_1_84' title="bbox 1872 3941 3449 4017">
    <p class='ocr_par' dir='ltr' id='par_1_84' title="bbox 1872 3941 3449 4017">
     <span class='ocr_line' id='line_1_84' title="bbox 1872 3941 3449 4017; baseline -0.006 -13"><span class='ocrx_word' id='word_1_646' title='bbox 1872 3963 2040 4004; x_wconf 76' lang='lat' dir='ltr'><strong>causa</strong></span> <span class='ocrx_word' id='word_1_647' title='bbox 2094 3956 2149 4003; x_wconf 93' lang='lat' dir='ltr'><strong>et</strong></span> <span class='ocrx_word' id='word_1_648' title='bbox 2179 3946 2540 4017; x_wconf 84' lang='lat' dir='ltr'><strong>generatione</strong></span> <span class='ocrx_word' id='word_1_649' title='bbox 2584 3943 2936 4007; x_wconf 89' lang='lat' dir='ltr'><strong>condiderit,</strong></span> <span class='ocrx_word' id='word_1_650' title='bbox 2983 3941 3284 3997; x_wconf 90' lang='lat' dir='ltr'><strong>secundum</strong></span> <span class='ocrx_word' id='word_1_651' title='bbox 3318 3957 3449 3995; x_wconf 77' lang='lat' dir='ltr'><strong>veto</strong></span> 
     </span>
    </p>
   </div>
   <div class='ocr_carea' id='block_1_85' title="bbox 1871 4032 3448 4109">
    <p class='ocr_par' dir='ltr' id='par_1_85' title="bbox 1871 4032 3448 4109">
     <span class='ocr_line' id='line_1_85' title="bbox 1871 4032 3448 4109; baseline -0.005 -15"><span class='ocrx_word' id='word_1_652' title='bbox 1871 4041 1940 4096; x_wconf 92' lang='lat' dir='ltr'><strong>ab</strong></span> <span class='ocrx_word' id='word_1_653' title='bbox 1981 4039 2102 4109; x_wconf 89' lang='lat' dir='ltr'><strong>ipso</strong></span> <span class='ocrx_word' id='word_1_654' title='bbox 2150 4037 2428 4092; x_wconf 88' lang='lat' dir='ltr'><strong>hominem</strong></span> <span class='ocrx_word' id='word_1_655' title='bbox 2478 4037 2649 4090; x_wconf 92' lang='lat' dir='ltr'><strong>ﬁlium</strong></span> <span class='ocrx_word' id='word_1_656' title='bbox 2686 4051 2782 4105; x_wconf 91' lang='lat' dir='ltr'><strong>per</strong></span> <span class='ocrx_word' id='word_1_657' title='bbox 2827 4035 3286 4107; x_wconf 88' lang='lat' dir='ltr'><strong>generationem;</strong></span> <span class='ocrx_word' id='word_1_658' title='bbox 3335 4032 3448 4087; x_wconf 92' lang='lat' dir='ltr'><strong>Eva</strong></span> 
     </span>
    </p>
   </div>
   <div class='ocr_carea' id='block_1_86' title="bbox 1871 4128 3448 4200">
    <p class='ocr_par' dir='ltr' id='par_1_86' title="bbox 1871 4128 3448 4200">
     <span class='ocr_line' id='line_1_86' title="bbox 1871 4128 3448 4200; baseline -0.002 -15"><span class='ocrx_word' id='word_1_659' title='bbox 1871 4139 2053 4186; x_wconf 91' lang='lat' dir='ltr'><strong>autem</strong></span> <span class='ocrx_word' id='word_1_660' title='bbox 2104 4143 2214 4184; x_wconf 89' lang='lat' dir='ltr'><strong>non</strong></span> <span class='ocrx_word' id='word_1_661' title='bbox 2252 4144 2350 4200; x_wconf 90' lang='lat' dir='ltr'><strong>per</strong></span> <span class='ocrx_word' id='word_1_662' title='bbox 2389 4129 2834 4199; x_wconf 85' lang='lat' dir='ltr'><strong>generationem,</strong></span> <span class='ocrx_word' id='word_1_663' title='bbox 2883 4143 3057 4197; x_wconf 84' lang='lat' dir='ltr'><strong>neque</strong></span> <span class='ocrx_word' id='word_1_664' title='bbox 3097 4143 3290 4183; x_wconf 87' lang='lat' dir='ltr'><strong>rursus</strong></span> <span class='ocrx_word' id='word_1_665' title='bbox 3328 4128 3448 4182; x_wconf 91' lang='lat' dir='ltr'><strong>sine</strong></span> 
     </span>
    </p>
   </div>
   <div class='ocr_carea' id='block_1_87' title="bbox 1872 4217 3449 4290">
    <p class='ocr_par' dir='ltr' id='par_1_87' title="bbox 1872 4217 3449 4290">
     <span class='ocr_line' id='line_1_87' title="bbox 1872 4217 3449 4290; baseline -0.007 -14"><span class='ocrx_word' id='word_1_666' title='bbox 1872 4235 2042 4276; x_wconf 89' lang='lat' dir='ltr'><strong>causa</strong></span> <span class='ocrx_word' id='word_1_667' title='bbox 2066 4219 2151 4274; x_wconf 87' lang='lat' dir='ltr'><strong>vel</strong></span> <span class='ocrx_word' id='word_1_668' title='bbox 2178 4219 2451 4290; x_wconf 87' lang='lat' dir='ltr'><strong>principio</strong></span> <span class='ocrx_word' id='word_1_669' title='bbox 2476 4259 2492 4284; x_wconf 93' lang='lat'><strong>,</strong></span> <span class='ocrx_word' id='word_1_670' title='bbox 2520 4220 2614 4274; x_wconf 85' lang='lat' dir='ltr'><strong>sed</strong></span> <span class='ocrx_word' id='word_1_671' title='bbox 2649 4233 2744 4287; x_wconf 89' lang='lat' dir='ltr'><strong>per</strong></span> <span class='ocrx_word' id='word_1_672' title='bbox 2791 4217 3156 4286; x_wconf 90' lang='lat' dir='ltr'><strong>sumptionem</strong></span> <span class='ocrx_word' id='word_1_673' title='bbox 3182 4217 3298 4272; x_wconf 86' lang='lat' dir='ltr'><strong>sive</strong></span> <span class='ocrx_word' id='word_1_674' title='bbox 3323 4232 3449 4286; x_wconf 81' lang='lat' dir='ltr'><strong>prn-</strong></span> 
     </span>
    </p>
   </div>
   <div class='ocr_carea' id='block_1_88' title="bbox 1872 4309 3448 4368">
    <p class='ocr_par' dir='ltr' id='par_1_88' title="bbox 1872 4309 3448 4368">
     <span class='ocr_line' id='line_1_88' title="bbox 1872 4309 3448 4368; baseline -0.005 0"><span class='ocrx_word' id='word_1_675' title='bbox 1872 4314 2176 4368; x_wconf 90' lang='lat' dir='ltr'><strong>cessionem</strong></span> <span class='ocrx_word' id='word_1_676' title='bbox 2206 4328 2273 4368; x_wconf 78' lang='lat' dir='ltr'><strong>ex</strong></span> <span class='ocrx_word' id='word_1_677' title='bbox 2297 4311 2600 4367; x_wconf 86' lang='lat' dir='ltr'><strong>substantia</strong></span> <span class='ocrx_word' id='word_1_678' title='bbox 2627 4311 2819 4365; x_wconf 91' lang='lat' dir='ltr'><strong>Adami</strong></span> <span class='ocrx_word' id='word_1_679' title='bbox 2844 4324 3011 4365; x_wconf 91' lang='lat' dir='ltr'><strong>causa</strong></span> <span class='ocrx_word' id='word_1_680' title='bbox 3041 4309 3284 4364; x_wconf 90' lang='lat' dir='ltr'><strong>carentis</strong></span> <span class='ocrx_word' id='word_1_681' title='bbox 3305 4309 3448 4364; x_wconf 74' lang='lat' dir='ltr'><strong>Inet-</strong></span> 
     </span>
    </p>
   </div>
   <div class='ocr_carea' id='block_1_89' title="bbox 1873 4399 3448 4474">
    <p class='ocr_par' dir='ltr' id='par_1_89' title="bbox 1873 4399 3448 4474">
     <span class='ocr_line' id='line_1_89' title="bbox 1873 4399 3448 4474; baseline -0.006 -14"><span class='ocrx_word' id='word_1_682' title='bbox 1873 4405 2022 4460; x_wconf 85' lang='lat' dir='ltr'><strong>fabili</strong></span> <span class='ocrx_word' id='word_1_683' title='bbox 2044 4406 2258 4460; x_wconf 85' lang='lat' dir='ltr'><strong>ratione</strong></span> <span class='ocrx_word' id='word_1_684' title='bbox 2287 4419 2574 4474; x_wconf 81' lang='lat' dir='ltr'><strong>progressa</strong></span> <span class='ocrx_word' id='word_1_685' title='bbox 2597 4411 2845 4456; x_wconf 83' lang='lat' dir='ltr'><strong>naturam</strong></span> <span class='ocrx_word' id='word_1_686' title='bbox 2873 4400 3182 4472; x_wconf 87' lang='lat' dir='ltr'><strong>acceperit?</strong></span> <span class='ocrx_word' id='word_1_687' title='bbox 3213 4399 3293 4454; x_wconf 77' lang='lat' dir='ltr'><strong>An</strong></span> <span class='ocrx_word' id='word_1_688' title='bbox 3318 4415 3448 4453; x_wconf 87' lang='lat' dir='ltr'><strong>vero</strong></span> 
     </span>
    </p>
   </div>
   <div class='ocr_carea' id='block_1_90' title="bbox 176 4491 1765 4569">
    <p class='ocr_par' dir='ltr' id='par_1_90' title="bbox 176 4493 1765 4569">
     <span class='ocr_line' id='line_1_90' title="bbox 176 4493 1765 4569; baseline 0.004 -23"><span class='ocrx_word' id='word_1_689' title='bbox 176 4493 404 4564; x_wconf 77' lang='grc' dir='ltr'>ἔχοντος</span> <span class='ocrx_word' id='word_1_690' title='bbox 432 4494 526 4547; x_wconf 88' lang='grc' dir='ltr'><strong>τοῦ</strong></span> <span class='ocrx_word' id='word_1_691' title='bbox 580 4494 824 4548; x_wconf 86' lang='grc' dir='ltr'>ἀναιτίου</span> <span class='ocrx_word' id='word_1_692' title='bbox 872 4496 966 4548; x_wconf 78' lang='grc' dir='ltr'>καὶ</span> <span class='ocrx_word' id='word_1_693' title='bbox 1007 4496 1226 4550; x_wconf 89' lang='grc' dir='ltr'>πάντων</span> <span class='ocrx_word' id='word_1_694' title='bbox 1263 4497 1436 4551; x_wconf 86' lang='grc' dir='ltr'>αἰτίου</span> <span class='ocrx_word' id='word_1_695' title='bbox 1465 4499 1765 4569; x_wconf 86' lang='grc' dir='ltr'>παντοκρά-</span> 
     </span>
    </p>
   </div>
   <div class='ocr_carea' id='block_1_91' title="bbox 1868 4491 3448 4569">
    <p class='ocr_par' dir='ltr' id='par_1_91' title="bbox 1875 4491 3448 4562">
     <span class='ocr_line' id='line_1_91' title="bbox 1875 4491 3448 4562; baseline -0.005 -12"><span class='ocrx_word' id='word_1_696' title='bbox 1875 4497 2035 4550; x_wconf 90' lang='lat' dir='ltr'><strong>etiam</strong></span> <span class='ocrx_word' id='word_1_697' title='bbox 2070 4495 2185 4549; x_wconf 67' lang='lat' dir='ltr'><strong>haec</strong></span> <span class='ocrx_word' id='word_1_698' title='bbox 2230 4494 2334 4546; x_wconf 89' lang='lat' dir='ltr'><strong>tria</strong></span> <span class='ocrx_word' id='word_1_699' title='bbox 2377 4492 2678 4562; x_wconf 90' lang='lat' dir='ltr'><strong>primorum</strong></span> <span class='ocrx_word' id='word_1_700' title='bbox 2729 4498 3018 4560; x_wconf 89' lang='lat' dir='ltr'><strong>parentum</strong></span> <span class='ocrx_word' id='word_1_701' title='bbox 3061 4491 3239 4561; x_wconf 90' lang='lat' dir='ltr'><strong>capita</strong></span> <span class='ocrx_word' id='word_1_702' title='bbox 3279 4491 3448 4543; x_wconf 91' lang='lat' dir='ltr'><strong>totius</strong></span> 
     </span>
    </p>
   </div>
   <div class='ocr_carea' id='block_1_92' title="bbox 172 4565 1765 4659">
    <p class='ocr_par' dir='ltr' id='par_1_92' title="bbox 172 4565 1765 4659">
     <span class='ocr_line' id='line_1_92' title="bbox 172 4565 1765 4659; baseline 0.003 -20"><span class='ocrx_word' id='word_1_703' title='bbox 172 4603 344 4656; x_wconf 79' lang='grc' dir='ltr'>τορος</span> <span class='ocrx_word' id='word_1_704' title='bbox 375 4585 512 4640; x_wconf 89' lang='grc' dir='ltr'>Θεοῦ</span> <span class='ocrx_word' id='word_1_705' title='bbox 545 4586 641 4639; x_wconf 78' lang='grc' dir='ltr'>καὶ</span> <span class='ocrx_word' id='word_1_706' title='bbox 667 4587 880 4658; x_wconf 85' lang='grc' dir='ltr'>Πατρός</span> <span class='ocrx_word' id='word_1_707' title='bbox 905 4601 920 4616; x_wconf 73' lang='grc'><strong>⁸</strong></span> <span class='ocrx_word' id='word_1_708' title='bbox 945 4588 1038 4641; x_wconf 90' lang='grc' dir='ltr'><strong>τοῦ</strong></span> <span class='ocrx_word' id='word_1_709' title='bbox 1068 4588 1124 4640; x_wconf 82' lang='grc' dir='ltr'>δὲ</span> <span class='ocrx_word' id='word_1_710' title='bbox 1158 4587 1417 4659; x_wconf 81' lang='grc' dir='ltr'>γεννητοῦ</span> <span class='ocrx_word' id='word_1_711' title='bbox 1466 4589 1584 4643; x_wconf 85' lang='grc' dir='ltr'>υἰοῦ</span> <span class='ocrx_word' id='word_1_712' title='bbox 1607 4565 1765 4643; x_wconf 77' lang='grc' dir='ltr'>αὑτοῦ</span> 
     </span>
    </p>
   </div>
   <div class='ocr_carea' id='block_1_93' title="bbox 1868 4565 3448 4659">
    <p class='ocr_par' dir='ltr' id='par_1_93' title="bbox 1876 4581 3448 4655">
     <span class='ocr_line' id='line_1_93' title="bbox 1876 4581 3448 4655; baseline -0.006 -13"><span class='ocrx_word' id='word_1_713' title='bbox 1876 4589 2130 4642; x_wconf 67' lang='lat' dir='ltr'><strong>humanae</strong></span> <span class='ocrx_word' id='word_1_714' title='bbox 2160 4594 2391 4650; x_wconf 80' lang='lat' dir='ltr'><strong>naturae,</strong></span> <span class='ocrx_word' id='word_1_715' title='bbox 2419 4599 2664 4655; x_wconf 59' lang='lat' dir='ltr'><strong>personae</strong></span> <span class='ocrx_word' id='word_1_716' title='bbox 2690 4582 3182 4638; x_wconf 85' lang='lat' dir='ltr'><strong>cousubstantiales</strong></span> <span class='ocrx_word' id='word_1_717' title='bbox 3215 4581 3281 4636; x_wconf 89' lang='lat' dir='ltr'><strong>ad</strong></span> <span class='ocrx_word' id='word_1_718' title='bbox 3309 4581 3448 4634; x_wconf 85' lang='lat' dir='ltr'><strong>ima-</strong></span> 
     </span>
    </p>
   </div>
   <div class='ocr_carea' id='block_1_94' title="bbox 176 4677 1767 4752">
    <p class='ocr_par' dir='ltr' id='par_1_94' title="bbox 176 4677 1767 4752">
     <span class='ocr_line' id='line_1_94' title="bbox 176 4677 1767 4752; baseline 0.003 -20"><span class='ocrx_word' id='word_1_719' title='bbox 176 4677 375 4732; x_wconf 84' lang='grc' dir='ltr'>εἰκόνα</span> <span class='ocrx_word' id='word_1_720' title='bbox 422 4679 926 4750; x_wconf 85' lang='grc' dir='ltr'>προδιαγράφοντος</span> <span class='ocrx_word' id='word_1_721' title='bbox 955 4680 1048 4733; x_wconf 88' lang='grc' dir='ltr'><strong>τοῦ</strong></span> <span class='ocrx_word' id='word_1_722' title='bbox 1082 4680 1342 4752; x_wconf 89' lang='grc' dir='ltr'>γεννητοῦ</span> <span class='ocrx_word' id='word_1_723' title='bbox 1378 4681 1508 4735; x_wconf 88' lang='grc' dir='ltr'>Υἱοῦ</span> <span class='ocrx_word' id='word_1_724' title='bbox 1544 4683 1639 4736; x_wconf 78' lang='grc' dir='ltr'><strong>καὶ</strong></span> <span class='ocrx_word' id='word_1_725' title='bbox 1669 4683 1767 4736; x_wconf 84' lang='lat' dir='ltr'><strong>A6-</strong></span> 
     </span>
    </p>
   </div>
   <div class='ocr_carea' id='block_1_95' title="bbox 191 4768 1774 4847">
    <p class='ocr_par' dir='ltr' id='par_1_95' title="bbox 191 4768 1774 4847">
     <span class='ocr_line' id='line_1_95' title="bbox 191 4768 1774 4847; baseline 0.004 -26"><span class='ocrx_word' id='word_1_726' title='bbox 191 4785 285 4837; x_wconf 71' lang='grc' dir='ltr'>ίου</span> <span class='ocrx_word' id='word_1_727' title='bbox 335 4768 428 4822; x_wconf 88' lang='grc' dir='ltr'><strong>τοῦ</strong></span> <span class='ocrx_word' id='word_1_728' title='bbox 462 4769 598 4823; x_wconf 86' lang='grc' dir='ltr'>Θεοῦ</span> <span class='ocrx_word' id='word_1_729' title='bbox 619 4784 636 4800; x_wconf 88' lang='grc'>⁶</span> <span class='ocrx_word' id='word_1_730' title='bbox 669 4773 768 4842; x_wconf 83' lang='grc' dir='ltr'><strong>τῆς</strong></span> <span class='ocrx_word' id='word_1_731' title='bbox 794 4771 1208 4843; x_wconf 82' lang='grc' dir='ltr'>δὲ-ὲκπορευτῆς</span> <span class='ocrx_word' id='word_1_732' title='bbox 1236 4772 1379 4837; x_wconf 78' lang='grc' dir='ltr'>Εὔας</span> <span class='ocrx_word' id='word_1_733' title='bbox 1406 4775 1774 4847; x_wconf 86' lang='grc' dir='ltr'>σημαινούσης</span> 
     </span>
    </p>
   </div>
   <div class='ocr_carea' id='block_1_96' title="bbox 177 4859 1769 4935">
    <p class='ocr_par' dir='ltr' id='par_1_96' title="bbox 177 4859 1769 4935">
     <span class='ocr_line' id='line_1_96' title="bbox 177 4859 1769 4935; baseline 0.005 -23"><span class='ocrx_word' id='word_1_734' title='bbox 177 4859 288 4930; x_wconf 79' lang='grc' dir='ltr'><strong>τὴν</strong></span> <span class='ocrx_word' id='word_1_735' title='bbox 342 4859 437 4913; x_wconf 91' lang='grc' dir='ltr'><strong>τοῦ</strong></span> <span class='ocrx_word' id='word_1_736' title='bbox 497 4859 652 4929; x_wconf 88' lang='grc' dir='ltr'>ἁγίου</span> <span class='ocrx_word' id='word_1_737' title='bbox 703 4860 1020 4932; x_wconf 87' lang='grc' dir='ltr'>Πνεύματος</span> <span class='ocrx_word' id='word_1_738' title='bbox 1064 4863 1398 4935; x_wconf 83' lang='grc' dir='ltr'>ὲκπορευτὴν</span> <span class='ocrx_word' id='word_1_739' title='bbox 1433 4866 1769 4931; x_wconf 73' lang='grc' dir='ltr'>ὑπόστασινς</span> 
     </span>
    </p>
   </div>
   <div class='ocr_carea' id='block_1_97' title="bbox 176 4950 1773 5027">
    <p class='ocr_par' dir='ltr' id='par_1_97' title="bbox 176 4950 1773 5027">
     <span class='ocr_line' id='line_1_97' title="bbox 176 4950 1773 5027; baseline 0.004 -23"><span class='ocrx_word' id='word_1_740' title='bbox 176 4950 281 5004; x_wconf 88' lang='grc' dir='ltr'>Διὸ</span> <span class='ocrx_word' id='word_1_741' title='bbox 309 4950 430 5005; x_wconf 80' lang='grc' dir='ltr'>οὐδὲ</span> <span class='ocrx_word' id='word_1_742' title='bbox 461 4950 795 5022; x_wconf 70' lang='grc' dir='ltr'>ἐνεφύσησεν</span> <span class='ocrx_word' id='word_1_743' title='bbox 824 4953 962 5023; x_wconf 79' lang='grc' dir='ltr'>αὐτῇ</span> <span class='ocrx_word' id='word_1_744' title='bbox 993 4956 1021 5006; x_wconf 88' lang='grc' dir='ltr'><strong>ὁ</strong></span> <span class='ocrx_word' id='word_1_745' title='bbox 1049 4954 1181 5018; x_wconf 84' lang='grc' dir='ltr'>Θεὸς</span> <span class='ocrx_word' id='word_1_746' title='bbox 1200 4955 1368 5025; x_wconf 78' lang='grc' dir='ltr'>πνοὴν</span> <span class='ocrx_word' id='word_1_747' title='bbox 1393 4955 1570 5027; x_wconf 80' lang='grc' dir='ltr'>ζωῆς,</span> <span class='ocrx_word' id='word_1_748' title='bbox 1591 4957 1680 5012; x_wconf 88' lang='grc' dir='ltr'><strong>διὰ</strong></span> <span class='ocrx_word' id='word_1_749' title='bbox 1711 4957 1773 5011; x_wconf 86' lang='grc' dir='ltr'><strong>τὸ</strong></span> 
     </span>
    </p>
   </div>
   <div class='ocr_carea' id='block_1_98' title="bbox 177 5039 1774 5120">
    <p class='ocr_par' dir='ltr' id='par_1_98' title="bbox 177 5039 1774 5120">
     <span class='ocr_line' id='line_1_98' title="bbox 177 5039 1774 5120; baseline 0.006 -25"><span class='ocrx_word' id='word_1_750' title='bbox 177 5041 359 5096; x_wconf 81' lang='grc' dir='ltr'>τύπον</span> <span class='ocrx_word' id='word_1_751' title='bbox 405 5042 576 5113; x_wconf 82' lang='grc' dir='ltr'>αὐτὴν</span> <span class='ocrx_word' id='word_1_752' title='bbox 613 5039 756 5098; x_wconf 77' lang='grc' dir='ltr'>εἶναι</span> <span class='ocrx_word' id='word_1_753' title='bbox 784 5044 884 5114; x_wconf 83' lang='grc' dir='ltr'>τῆς</span> <span class='ocrx_word' id='word_1_754' title='bbox 914 5045 1010 5098; x_wconf 85' lang='grc' dir='ltr'><strong>τοῦ</strong></span> <span class='ocrx_word' id='word_1_755' title='bbox 1058 5046 1216 5115; x_wconf 85' lang='grc' dir='ltr'>ἁγίου</span> <span class='ocrx_word' id='word_1_756' title='bbox 1254 5049 1569 5119; x_wconf 88' lang='grc' dir='ltr'>Πνεύματος</span> <span class='ocrx_word' id='word_1_757' title='bbox 1605 5051 1774 5120; x_wconf 84' lang='grc' dir='ltr'>πνοῆς</span> 
     </span>
    </p>
   </div>
   <div class='ocr_carea' id='block_1_99' title="bbox 114 5130 1776 5205">
    <p class='ocr_par' dir='ltr' id='par_1_99' title="bbox 114 5130 1776 5205">
     <span class='ocr_line' id='line_1_99' title="bbox 114 5130 1776 5205; baseline 0.002 -20"><span class='ocrx_word' id='word_1_758' title='bbox 114 5162 122 5177; x_wconf 78' lang='grc' dir='ltr'>ι</span> <span class='ocrx_word' id='word_1_759' title='bbox 180 5131 284 5186; x_wconf 81' lang='grc' dir='ltr'><strong>καὶ</strong></span> <span class='ocrx_word' id='word_1_760' title='bbox 313 5130 488 5201; x_wconf 82' lang='grc' dir='ltr'>ζωῆς,</span> <span class='ocrx_word' id='word_1_761' title='bbox 519 5131 615 5184; x_wconf 72' lang='grc' dir='ltr'><strong>καὶ</strong></span> <span class='ocrx_word' id='word_1_762' title='bbox 640 5130 727 5185; x_wconf 85' lang='grc' dir='ltr'><strong>διὰ</strong></span> <span class='ocrx_word' id='word_1_763' title='bbox 767 5132 827 5185; x_wconf 90' lang='grc' dir='ltr'><strong>τὸ</strong></span> <span class='ocrx_word' id='word_1_764' title='bbox 859 5132 1073 5204; x_wconf 77' lang='grc' dir='ltr'>μέλλειν</span> <span class='ocrx_word' id='word_1_765' title='bbox 1120 5133 1290 5205; x_wconf 85' lang='grc' dir='ltr'>αὑτὴν</span> <span class='ocrx_word' id='word_1_766' title='bbox 1334 5135 1400 5189; x_wconf 87' lang='grc' dir='ltr'><strong>δι’</strong></span> <span class='ocrx_word' id='word_1_767' title='bbox 1425 5135 1579 5204; x_wconf 88' lang='grc' dir='ltr'>ἁγίου</span> <span class='ocrx_word' id='word_1_768' title='bbox 1605 5137 1776 5189; x_wconf 91' lang='grc' dir='ltr'>Πνεύ-</span> 
     </span>
    </p>
   </div>
   <div class='ocr_carea' id='block_1_100' title="bbox 187 5220 1775 5297">
    <p class='ocr_par' dir='ltr' id='par_1_100' title="bbox 187 5220 1775 5297">
     <span class='ocr_line' id='line_1_100' title="bbox 187 5220 1775 5297; baseline 0.003 -23"><span class='ocrx_word' id='word_1_769' title='bbox 187 5237 364 5292; x_wconf 84' lang='grc' dir='ltr'>ματος</span> <span class='ocrx_word' id='word_1_770' title='bbox 413 5220 662 5286; x_wconf 77' lang='grc' dir='ltr'>δέξεσθαι</span> <span class='ocrx_word' id='word_1_771' title='bbox 693 5221 825 5277; x_wconf 82' lang='grc' dir='ltr'>Θεὸν</span> <span class='ocrx_word' id='word_1_772' title='bbox 859 5223 952 5276; x_wconf 89' lang='grc' dir='ltr'><strong>τὸν</strong></span> <span class='ocrx_word' id='word_1_773' title='bbox 983 5223 1151 5287; x_wconf 77' lang='grc' dir='ltr'>ὅντως</span> <span class='ocrx_word' id='word_1_774' title='bbox 1183 5225 1313 5279; x_wconf 76' lang='grc' dir='ltr'>ὄντα</span> <span class='ocrx_word' id='word_1_775' title='bbox 1351 5226 1567 5281; x_wconf 86' lang='grc' dir='ltr'>πάντων</span> <span class='ocrx_word' id='word_1_776' title='bbox 1607 5226 1775 5297; x_wconf 81' lang='grc' dir='ltr'>πνοὴν</span> 
     </span>
    </p>
   </div>
   <div class='ocr_carea' id='block_1_101' title="bbox 183 5310 1776 5385">
    <p class='ocr_par' dir='ltr' id='par_1_101' title="bbox 183 5310 1776 5385">
     <span class='ocr_line' id='line_1_101' title="bbox 183 5310 1776 5385; baseline 0.001 -19"><span class='ocrx_word' id='word_1_777' title='bbox 183 5313 288 5366; x_wconf 81' lang='grc' dir='ltr'>καὶ</span> <span class='ocrx_word' id='word_1_778' title='bbox 307 5312 476 5383; x_wconf 80' lang='grc' dir='ltr'>ζωήν.</span> <span class='ocrx_word' id='word_1_779' title='bbox 523 5313 686 5366; x_wconf 88' lang='grc' dir='ltr'>Ὅθεν</span> <span class='ocrx_word' id='word_1_780' title='bbox 717 5310 863 5367; x_wconf 72' lang='grc' dir='ltr'>ἐστιν</span> <span class='ocrx_word' id='word_1_781' title='bbox 900 5312 1103 5367; x_wconf 80' lang='grc' dir='ltr'>ἰδέσθαι</span> <span class='ocrx_word' id='word_1_782' title='bbox 1149 5314 1243 5368; x_wconf 79' lang='grc' dir='ltr'>καὶ</span> <span class='ocrx_word' id='word_1_783' title='bbox 1293 5315 1570 5385; x_wconf 87' lang='grc' dir='ltr'>θαυμάσαι</span> <span class='ocrx_word' id='word_1_784' title='bbox 1612 5316 1694 5369; x_wconf 84' lang='grc' dir='ltr'>ὅτι</span> <span class='ocrx_word' id='word_1_785' title='bbox 1747 5316 1776 5368; x_wconf 84' lang='grc' dir='ltr'><strong><em>ὁ</em></strong></span> 
     </span>
    </p>
   </div>
   <div class='ocr_carea' id='block_1_102' title="bbox 188 5403 1776 5477">
    <p class='ocr_par' dir='ltr' id='par_1_102' title="bbox 188 5403 1776 5477">
     <span class='ocr_line' id='line_1_102' title="bbox 188 5403 1776 5477; baseline 0.004 -22"><span class='ocrx_word' id='word_1_786' title='bbox 188 5406 296 5476; x_wconf 79' lang='grc' dir='ltr'>μὲν</span> <span class='ocrx_word' id='word_1_787' title='bbox 317 5403 614 5474; x_wconf 81' lang='grc' dir='ltr'>ἁγέννητος</span> <span class='ocrx_word' id='word_1_788' title='bbox 657 5405 850 5476; x_wconf 84' lang='grc' dir='ltr'><strong>Ἀδὰμ.</strong></span> <span class='ocrx_word' id='word_1_789' title='bbox 885 5405 1042 5460; x_wconf 79' lang='grc' dir='ltr'>ἄλλον</span> <span class='ocrx_word' id='word_1_790' title='bbox 1077 5407 1426 5477; x_wconf 82' lang='grc' dir='ltr'>ἀγέννητονῆ</span> <span class='ocrx_word' id='word_1_791' title='bbox 1461 5408 1696 5462; x_wconf 81' lang='grc' dir='ltr'>ἀναίτιον</span> <span class='ocrx_word' id='word_1_792' title='bbox 1719 5409 1776 5461; x_wconf 82' lang='grc' dir='ltr'>ὲν</span> 
     </span>
    </p>
   </div>
   <div class='ocr_carea' id='block_1_103' title="bbox 181 5492 1776 5569">
    <p class='ocr_par' dir='ltr' id='par_1_103' title="bbox 181 5492 1776 5569">
     <span class='ocr_line' id='line_1_103' title="bbox 181 5492 1776 5569; baseline 0.001 -19"><span class='ocrx_word' id='word_1_793' title='bbox 181 5492 502 5565; x_wconf 82' lang='grc' dir='ltr'>ἀνθρώποις</span> <span class='ocrx_word' id='word_1_794' title='bbox 521 5495 622 5548; x_wconf 86' lang='grc' dir='ltr'><strong>οὑκ</strong></span> <span class='ocrx_word' id='word_1_795' title='bbox 655 5495 815 5566; x_wconf 73' lang='grc' dir='ltr'>ἔσχεν</span> <span class='ocrx_word' id='word_1_796' title='bbox 839 5495 1041 5566; x_wconf 80' lang='grc' dir='ltr'>ὅμοιον,</span> <span class='ocrx_word' id='word_1_797' title='bbox 1061 5496 1248 5568; x_wconf 83' lang='grc' dir='ltr'>ὥσπερ</span> <span class='ocrx_word' id='word_1_798' title='bbox 1270 5497 1388 5550; x_wconf 80' lang='grc' dir='ltr'>οὐδὲ</span> <span class='ocrx_word' id='word_1_799' title='bbox 1410 5500 1444 5568; x_wconf 83' lang='grc' dir='ltr'><strong>ἡ</strong></span> <span class='ocrx_word' id='word_1_800' title='bbox 1473 5498 1776 5569; x_wconf 76' lang='grc' dir='ltr'>ὲκπορευτη</span> 
     </span>
    </p>
   </div>
   <div class='ocr_carea' id='block_1_104' title="bbox 183 5587 1776 5660">
    <p class='ocr_par' dir='ltr' id='par_1_104' title="bbox 183 5587 1776 5660">
     <span class='ocr_line' id='line_1_104' title="bbox 183 5587 1776 5660; baseline 0 -17"><span class='ocrx_word' id='word_1_801' title='bbox 183 5587 309 5643; x_wconf 77' lang='grc' dir='ltr'><strong>Εὕα</strong></span> <span class='ocrx_word' id='word_1_802' title='bbox 333 5625 350 5651; x_wconf 91' lang='grc'><em>,</em></span> <span class='ocrx_word' id='word_1_803' title='bbox 388 5587 465 5651; x_wconf 85' lang='grc' dir='ltr'>ὼς</span> <span class='ocrx_word' id='word_1_804' title='bbox 503 5587 666 5642; x_wconf 91' lang='grc' dir='ltr'>τύποι</span> <span class='ocrx_word' id='word_1_805' title='bbox 711 5589 931 5660; x_wconf 83' lang='grc' dir='ltr'>ἀληθεῖς</span> <span class='ocrx_word' id='word_1_806' title='bbox 969 5590 1304 5660; x_wconf 85' lang='grc' dir='ltr'>ὑπάρχοντες</span> <span class='ocrx_word' id='word_1_807' title='bbox 1343 5589 1435 5642; x_wconf 88' lang='grc' dir='ltr'><strong>τοῦ</strong></span> <span class='ocrx_word' id='word_1_808' title='bbox 1482 5591 1776 5659; x_wconf 82' lang='grc' dir='ltr'>ἀγεννήτου</span> 
     </span>
    </p>
   </div>
   <div class='ocr_carea' id='block_1_105' title="bbox 187 5677 1778 5751">
    <p class='ocr_par' dir='ltr' id='par_1_105' title="bbox 187 5677 1778 5751">
     <span class='ocr_line' id='line_1_105' title="bbox 187 5677 1778 5751; baseline 0.001 -19"><span class='ocrx_word' id='word_1_809' title='bbox 187 5678 411 5749; x_wconf 85' lang='grc' dir='ltr'>Πατρὸς</span> <span class='ocrx_word' id='word_1_810' title='bbox 437 5679 532 5731; x_wconf 77' lang='grc' dir='ltr'><strong>καὶ</strong></span> <span class='ocrx_word' id='word_1_811' title='bbox 568 5677 663 5731; x_wconf 88' lang='grc' dir='ltr'><strong>τοῦ</strong></span> <span class='ocrx_word' id='word_1_812' title='bbox 691 5680 848 5746; x_wconf 87' lang='grc' dir='ltr'>ἁγίου</span> <span class='ocrx_word' id='word_1_813' title='bbox 877 5679 1208 5751; x_wconf 84' lang='grc' dir='ltr'>Πνεύματος·</span> <span class='ocrx_word' id='word_1_814' title='bbox 1237 5682 1265 5733; x_wconf 87' lang='grc' dir='ltr'>ὁ</span> <span class='ocrx_word' id='word_1_815' title='bbox 1304 5681 1359 5733; x_wconf 85' lang='grc' dir='ltr'><strong>δὲ</strong></span> <span class='ocrx_word' id='word_1_816' title='bbox 1393 5680 1646 5750; x_wconf 87' lang='grc' dir='ltr'>γεννητὸς</span> <span class='ocrx_word' id='word_1_817' title='bbox 1665 5681 1778 5744; x_wconf 87' lang='grc' dir='ltr'>υἱὸς</span> 
     </span>
    </p>
   </div>
   <div class='ocr_carea' id='block_1_106' title="bbox 188 5769 1778 5844">
    <p class='ocr_par' dir='ltr' id='par_1_106' title="bbox 188 5769 1778 5844">
     <span class='ocr_line' id='line_1_106' title="bbox 188 5769 1778 5844; baseline 0.002 -19"><span class='ocrx_word' id='word_1_818' title='bbox 188 5771 408 5836; x_wconf 81' lang='grc' dir='ltr'>πάντας</span> <span class='ocrx_word' id='word_1_819' title='bbox 433 5769 783 5842; x_wconf 81' lang='grc' dir='ltr'>ἀνθρώπους,</span> <span class='ocrx_word' id='word_1_820' title='bbox 811 5775 1100 5844; x_wconf 78' lang='grc' dir='ltr'>γεννητοὺς</span> <span class='ocrx_word' id='word_1_821' title='bbox 1131 5774 1275 5837; x_wconf 75' lang='grc' dir='ltr'>υἱοὺς</span> <span class='ocrx_word' id='word_1_822' title='bbox 1301 5773 1486 5839; x_wconf 80' lang='grc' dir='ltr'>ὄντας,</span> <span class='ocrx_word' id='word_1_823' title='bbox 1519 5773 1778 5844; x_wconf 76' lang='grc' dir='ltr'>ἀδελφοὺς</span> 
     </span>
    </p>
   </div>
   <div class='ocr_carea' id='block_1_107' title="bbox 1873 4674 3449 4749">
    <p class='ocr_par' dir='ltr' id='par_1_107' title="bbox 1873 4674 3449 4749">
     <span class='ocr_line' id='line_1_107' title="bbox 1873 4674 3449 4749; baseline -0.004 -15"><span class='ocrx_word' id='word_1_824' title='bbox 1873 4681 2052 4749; x_wconf 87' lang='lat' dir='ltr'><strong>ginem</strong></span> <span class='ocrx_word' id='word_1_825' title='bbox 2081 4677 2398 4748; x_wconf 86' lang='lat' dir='ltr'><strong>quamdam,</strong></span> <span class='ocrx_word' id='word_1_826' title='bbox 2428 4688 2487 4730; x_wconf 92' lang='lat' dir='ltr'><strong>ut</strong></span> <span class='ocrx_word' id='word_1_827' title='bbox 2510 4675 2785 4731; x_wconf 86' lang='lat' dir='ltr'><strong>Methodio</strong></span> <span class='ocrx_word' id='word_1_828' title='bbox 2818 4674 2993 4729; x_wconf 87' lang='lat' dir='ltr'><strong>visum</strong></span> <span class='ocrx_word' id='word_1_829' title='bbox 3020 4682 3106 4729; x_wconf 91' lang='lat' dir='ltr'><strong>est</strong></span> <span class='ocrx_word' id='word_1_830' title='bbox 3130 4712 3145 4736; x_wconf 93' lang='lat'><strong>,</strong></span> <span class='ocrx_word' id='word_1_831' title='bbox 3172 4680 3376 4728; x_wconf 73' lang='lat' dir='ltr'><strong>sancta:</strong></span> <span class='ocrx_word' id='word_1_832' title='bbox 3397 4685 3449 4727; x_wconf 90' lang='lat' dir='ltr'><strong>et</strong></span> 
     </span>
    </p>
   </div>
   <div class='ocr_carea' id='block_1_108' title="bbox 1873 4765 3448 4837">
    <p class='ocr_par' dir='ltr' id='par_1_108' title="bbox 1873 4765 3448 4837">
     <span class='ocr_line' id='line_1_108' title="bbox 1873 4765 3448 4837; baseline -0.005 -11"><span class='ocrx_word' id='word_1_833' title='bbox 1873 4771 2362 4826; x_wconf 87' lang='lat' dir='ltr'><strong>consubstantialis</strong></span> <span class='ocrx_word' id='word_1_834' title='bbox 2406 4767 2694 4823; x_wconf 88' lang='lat' dir='ltr'><strong>Trinitatis</strong></span> <span class='ocrx_word' id='word_1_835' title='bbox 2724 4768 2948 4837; x_wconf 89' lang='lat' dir='ltr'><strong>ﬁgurate</strong></span> <span class='ocrx_word' id='word_1_836' title='bbox 2977 4775 3106 4819; x_wconf 91' lang='lat' dir='ltr'><strong>sunt</strong></span> <span class='ocrx_word' id='word_1_837' title='bbox 3141 4766 3330 4820; x_wconf 65' lang='lat' dir='ltr'><strong>factae?</strong></span> <span class='ocrx_word' id='word_1_838' title='bbox 3367 4765 3448 4819; x_wconf 88' lang='lat' dir='ltr'><strong>sic</strong></span> 
     </span>
    </p>
   </div>
   <div class='ocr_carea' id='block_1_109' title="bbox 1875 4855 3445 4930">
    <p class='ocr_par' dir='ltr' id='par_1_109' title="bbox 1875 4855 3445 4930">
     <span class='ocr_line' id='line_1_109' title="bbox 1875 4855 3445 4930; baseline -0.006 -16"><span class='ocrx_word' id='word_1_839' title='bbox 1875 4868 1936 4914; x_wconf 91' lang='lat' dir='ltr'><strong>ut</strong></span> <span class='ocrx_word' id='word_1_840' title='bbox 1957 4859 2201 4914; x_wconf 81' lang='lat' dir='ltr'><strong>Adamus</strong></span> <span class='ocrx_word' id='word_1_841' title='bbox 2230 4858 2473 4930; x_wconf 87' lang='lat' dir='ltr'><strong>quidem,</strong></span> <span class='ocrx_word' id='word_1_842' title='bbox 2508 4856 2599 4926; x_wconf 90' lang='lat' dir='ltr'><strong>qui</strong></span> <span class='ocrx_word' id='word_1_843' title='bbox 2629 4857 2747 4911; x_wconf 86' lang='lat' dir='ltr'><strong>sine</strong></span> <span class='ocrx_word' id='word_1_844' title='bbox 2778 4869 2946 4910; x_wconf 87' lang='lat' dir='ltr'><strong>causa</strong></span> <span class='ocrx_word' id='word_1_845' title='bbox 2974 4862 3027 4908; x_wconf 91' lang='lat' dir='ltr'><strong>et</strong></span> <span class='ocrx_word' id='word_1_846' title='bbox 3056 4855 3328 4924; x_wconf 88' lang='lat' dir='ltr'><strong>ingenitus</strong></span> <span class='ocrx_word' id='word_1_847' title='bbox 3342 4862 3445 4915; x_wconf 82' lang='lat' dir='ltr'><strong>est,</strong></span> 
     </span>
    </p>
   </div>
   <div class='ocr_carea' id='block_1_110' title="bbox 1874 4946 3450 5022">
    <p class='ocr_par' dir='ltr' id='par_1_110' title="bbox 1874 4946 3450 5022">
     <span class='ocr_line' id='line_1_110' title="bbox 1874 4946 3450 5022; baseline -0.006 -16"><span class='ocrx_word' id='word_1_848' title='bbox 1874 4952 2101 5022; x_wconf 87' lang='lat' dir='ltr'><strong>ﬁguram</strong></span> <span class='ocrx_word' id='word_1_849' title='bbox 2147 4958 2202 5005; x_wconf 91' lang='lat' dir='ltr'><strong>et</strong></span> <span class='ocrx_word' id='word_1_850' title='bbox 2255 4949 2546 5019; x_wconf 90' lang='lat' dir='ltr'><strong>imaginem</strong></span> <span class='ocrx_word' id='word_1_851' title='bbox 2594 4954 2747 5017; x_wconf 87' lang='lat' dir='ltr'><strong>gerat</strong></span> <span class='ocrx_word' id='word_1_852' title='bbox 2780 4946 2943 5016; x_wconf 84' lang='lat' dir='ltr'><strong>ejus,</strong></span> <span class='ocrx_word' id='word_1_853' title='bbox 2998 4946 3091 5016; x_wconf 91' lang='lat' dir='ltr'><strong>qui</strong></span> <span class='ocrx_word' id='word_1_854' title='bbox 3139 4961 3360 5013; x_wconf 88' lang='lat' dir='ltr'><strong>causam</strong></span> <span class='ocrx_word' id='word_1_855' title='bbox 3395 4953 3450 4997; x_wconf 77' lang='grc' dir='ltr'>(ι</span> 
     </span>
    </p>
   </div>
   <div class='ocr_carea' id='block_1_111' title="bbox 1873 5036 3448 5116">
    <p class='ocr_par' dir='ltr' id='par_1_111' title="bbox 1873 5036 3448 5116">
     <span class='ocr_line' id='line_1_111' title="bbox 1873 5036 3448 5116; baseline -0.008 -16"><span class='ocrx_word' id='word_1_856' title='bbox 1873 5045 2200 5116; x_wconf 90' lang='lat' dir='ltr'><strong>principium</strong></span> <span class='ocrx_word' id='word_1_857' title='bbox 2227 5059 2335 5097; x_wconf 91' lang='lat' dir='ltr'><strong>non</strong></span> <span class='ocrx_word' id='word_1_858' title='bbox 2369 5043 2757 5110; x_wconf 83' lang='lat' dir='ltr'><strong>babet,estque</strong></span> <span class='ocrx_word' id='word_1_859' title='bbox 2778 5040 3020 5094; x_wconf 91' lang='lat' dir='ltr'><strong>omnium</strong></span> <span class='ocrx_word' id='word_1_860' title='bbox 3051 5053 3238 5102; x_wconf 91' lang='lat' dir='ltr'><strong>causa,</strong></span> <span class='ocrx_word' id='word_1_861' title='bbox 3268 5036 3448 5091; x_wconf 91' lang='lat' dir='ltr'><strong>omni-</strong></span> 
     </span>
    </p>
   </div>
   <div class='ocr_carea' id='block_1_112' title="bbox 1873 5129 3448 5207">
    <p class='ocr_par' dir='ltr' id='par_1_112' title="bbox 1873 5129 3448 5207">
     <span class='ocr_line' id='line_1_112' title="bbox 1873 5129 3448 5207; baseline -0.005 -19"><span class='ocrx_word' id='word_1_862' title='bbox 1873 5137 2114 5207; x_wconf 84' lang='lat' dir='ltr'><strong>potentis</strong></span> <span class='ocrx_word' id='word_1_863' title='bbox 2143 5134 2351 5190; x_wconf 88' lang='lat' dir='ltr'><strong>scilicet</strong></span> <span class='ocrx_word' id='word_1_864' title='bbox 2385 5133 2475 5187; x_wconf 88' lang='lat' dir='ltr'><strong>Dei</strong></span> <span class='ocrx_word' id='word_1_865' title='bbox 2501 5141 2554 5186; x_wconf 89' lang='lat' dir='ltr'><strong>et</strong></span> <span class='ocrx_word' id='word_1_866' title='bbox 2579 5131 2757 5186; x_wconf 89' lang='lat' dir='ltr'><strong>Patris</strong></span> <span class='ocrx_word' id='word_1_867' title='bbox 2781 5148 2795 5196; x_wconf 91' lang='lat'><strong>;</strong></span> <span class='ocrx_word' id='word_1_868' title='bbox 2834 5130 2977 5185; x_wconf 91' lang='lat' dir='ltr'><strong>ﬁlius</strong></span> <span class='ocrx_word' id='word_1_869' title='bbox 3009 5138 3209 5194; x_wconf 88' lang='lat' dir='ltr'><strong>autem,</strong></span> <span class='ocrx_word' id='word_1_870' title='bbox 3236 5129 3327 5199; x_wconf 90' lang='lat' dir='ltr'><strong>qui</strong></span> <span class='ocrx_word' id='word_1_871' title='bbox 3356 5144 3448 5197; x_wconf 86' lang='lat' dir='ltr'><strong>ge-</strong></span> 
     </span>
    </p>
   </div>
   <div class='ocr_carea' id='block_1_113' title="bbox 1874 5219 3450 5295">
    <p class='ocr_par' dir='ltr' id='par_1_113' title="bbox 1874 5219 3450 5295">
     <span class='ocr_line' id='line_1_113' title="bbox 1874 5219 3450 5295; baseline -0.007 -14"><span class='ocrx_word' id='word_1_872' title='bbox 1874 5229 2025 5283; x_wconf 90' lang='lat' dir='ltr'><strong>nitus</strong></span> <span class='ocrx_word' id='word_1_873' title='bbox 2054 5235 2159 5288; x_wconf 87' lang='lat' dir='ltr'><strong>est,</strong></span> <span class='ocrx_word' id='word_1_874' title='bbox 2192 5226 2358 5295; x_wconf 89' lang='lat' dir='ltr'><strong>geniti</strong></span> <span class='ocrx_word' id='word_1_875' title='bbox 2386 5223 2505 5278; x_wconf 89' lang='lat' dir='ltr'><strong>Filii</strong></span> <span class='ocrx_word' id='word_1_876' title='bbox 2545 5239 2609 5276; x_wconf 92' lang='lat' dir='ltr'><strong>ac</strong></span> <span class='ocrx_word' id='word_1_877' title='bbox 2638 5221 2728 5276; x_wconf 88' lang='lat' dir='ltr'><strong>Dei</strong></span> <span class='ocrx_word' id='word_1_878' title='bbox 2757 5219 2922 5276; x_wconf 82' lang='lat' dir='ltr'><strong>Verbi</strong></span> <span class='ocrx_word' id='word_1_879' title='bbox 2944 5221 3235 5275; x_wconf 89' lang='lat' dir='ltr'><strong>deliuearit</strong></span> <span class='ocrx_word' id='word_1_880' title='bbox 3259 5219 3450 5289; x_wconf 87' lang='lat' dir='ltr'><strong>imagi-</strong></span> 
     </span>
    </p>
   </div>
   <div class='ocr_carea' id='block_1_114' title="bbox 1876 5311 3448 5381">
    <p class='ocr_par' dir='ltr' id='par_1_114' title="bbox 1876 5311 3448 5381">
     <span class='ocr_line' id='line_1_114' title="bbox 1876 5311 3448 5381; baseline -0.006 -10"><span class='ocrx_word' id='word_1_881' title='bbox 1876 5333 1998 5372; x_wconf 90' lang='lat' dir='ltr'><strong>nem</strong></span> <span class='ocrx_word' id='word_1_882' title='bbox 2028 5324 2083 5370; x_wconf 90' lang='lat' dir='ltr'><strong>et</strong></span> <span class='ocrx_word' id='word_1_883' title='bbox 2107 5315 2475 5378; x_wconf 89' lang='lat' dir='ltr'><strong>adumbrarit;</strong></span> <span class='ocrx_word' id='word_1_884' title='bbox 2503 5313 2612 5368; x_wconf 86' lang='lat' dir='ltr'><strong>Eva</strong></span> <span class='ocrx_word' id='word_1_885' title='bbox 2635 5312 2874 5375; x_wconf 91' lang='lat' dir='ltr'><strong>demum,</strong></span> <span class='ocrx_word' id='word_1_886' title='bbox 2898 5327 3020 5381; x_wconf 68' lang='lat' dir='ltr'><strong>quae</strong></span> <span class='ocrx_word' id='word_1_887' title='bbox 3046 5311 3100 5365; x_wconf 91' lang='lat' dir='ltr'><strong>in</strong></span> <span class='ocrx_word' id='word_1_888' title='bbox 3132 5311 3305 5366; x_wconf 93' lang='lat' dir='ltr'><strong>lucem</strong></span> <span class='ocrx_word' id='word_1_889' title='bbox 3330 5326 3448 5380; x_wconf 86' lang='lat' dir='ltr'><strong>pro-</strong></span> 
     </span>
    </p>
   </div>
   <div class='ocr_carea' id='block_1_115' title="bbox 1875 5403 3448 5474">
    <p class='ocr_par' dir='ltr' id='par_1_115' title="bbox 1875 5403 3448 5474">
     <span class='ocr_line' id='line_1_115' title="bbox 1875 5403 3448 5474; baseline -0.006 -13"><span class='ocrx_word' id='word_1_890' title='bbox 1875 5405 2118 5462; x_wconf 86' lang='lat' dir='ltr'><strong>cedendo</strong></span> <span class='ocrx_word' id='word_1_891' title='bbox 2146 5407 2217 5462; x_wconf 92' lang='lat' dir='ltr'><strong>sit</strong></span> <span class='ocrx_word' id='word_1_892' title='bbox 2243 5405 2408 5468; x_wconf 89' lang='lat' dir='ltr'><strong>edita,</strong></span> <span class='ocrx_word' id='word_1_893' title='bbox 2445 5403 2680 5474; x_wconf 89' lang='lat' dir='ltr'><strong>Spiritus</strong></span> <span class='ocrx_word' id='word_1_894' title='bbox 2711 5403 2883 5456; x_wconf 89' lang='lat' dir='ltr'><strong>sancti</strong></span> <span class='ocrx_word' id='word_1_895' title='bbox 2913 5415 3201 5470; x_wconf 87' lang='lat' dir='ltr'><strong>personam</strong></span> <span class='ocrx_word' id='word_1_896' title='bbox 3231 5415 3296 5454; x_wconf 81' lang='lat' dir='ltr'><strong>ex</strong></span> <span class='ocrx_word' id='word_1_897' title='bbox 3323 5414 3448 5468; x_wconf 58' lang='lat' dir='ltr'><strong>pro-</strong></span> 
     </span>
    </p>
   </div>
   <div class='ocr_carea' id='block_1_116' title="bbox 1877 5493 3448 5568">
    <p class='ocr_par' dir='ltr' id='par_1_116' title="bbox 1877 5493 3448 5568">
     <span class='ocr_line' id='line_1_116' title="bbox 1877 5493 3448 5568; baseline -0.005 -15"><span class='ocrx_word' id='word_1_898' title='bbox 1877 5501 2128 5554; x_wconf 90' lang='lat' dir='ltr'><strong>cessione</strong></span> <span class='ocrx_word' id='word_1_899' title='bbox 2155 5508 2332 5554; x_wconf 90' lang='lat' dir='ltr'><strong>ortam</strong></span> <span class='ocrx_word' id='word_1_900' title='bbox 2361 5496 2702 5568; x_wconf 83' lang='lat' dir='ltr'><strong>designarit?</strong></span> <span class='ocrx_word' id='word_1_901' title='bbox 2725 5493 3086 5559; x_wconf 87' lang='lat' dir='ltr'><strong>Quamobrem</strong></span> <span class='ocrx_word' id='word_1_902' title='bbox 3120 5506 3296 5561; x_wconf 91' lang='lat' dir='ltr'><strong>neque</strong></span> <span class='ocrx_word' id='word_1_903' title='bbox 3326 5493 3448 5545; x_wconf 74' lang='lat' dir='ltr'><strong>vita:</strong></span> 
     </span>
    </p>
   </div>
   <div class='ocr_carea' id='block_1_117' title="bbox 1877 5583 3447 5656">
    <p class='ocr_par' dir='ltr' id='par_1_117' title="bbox 1877 5583 3447 5656">
     <span class='ocr_line' id='line_1_117' title="bbox 1877 5583 3447 5656; baseline -0.004 -12"><span class='ocrx_word' id='word_1_904' title='bbox 1877 5591 2065 5644; x_wconf 85' lang='lat' dir='ltr'><strong>llalum</strong></span> <span class='ocrx_word' id='word_1_905' title='bbox 2094 5591 2147 5644; x_wconf 92' lang='lat' dir='ltr'><strong>in</strong></span> <span class='ocrx_word' id='word_1_906' title='bbox 2180 5607 2299 5645; x_wconf 89' lang='lat' dir='ltr'><strong>eam</strong></span> <span class='ocrx_word' id='word_1_907' title='bbox 2330 5589 2470 5646; x_wconf 90' lang='lat' dir='ltr'><strong>Deus</strong></span> <span class='ocrx_word' id='word_1_908' title='bbox 2496 5587 2805 5649; x_wconf 81' lang='lat' dir='ltr'><strong>insuﬂlavit,</strong></span> <span class='ocrx_word' id='word_1_909' title='bbox 2830 5584 2972 5656; x_wconf 90' lang='lat' dir='ltr'><strong>quod</strong></span> <span class='ocrx_word' id='word_1_910' title='bbox 3004 5585 3178 5638; x_wconf 88' lang='lat' dir='ltr'><strong>sancti</strong></span> <span class='ocrx_word' id='word_1_911' title='bbox 3211 5583 3447 5654; x_wconf 88' lang='lat' dir='ltr'><strong>Spiritus</strong></span> 
     </span>
    </p>
   </div>
   <div class='ocr_carea' id='block_1_118' title="bbox 1878 5670 3448 5749">
    <p class='ocr_par' dir='ltr' id='par_1_118' title="bbox 1878 5670 3448 5749">
     <span class='ocr_line' id='line_1_118' title="bbox 1878 5670 3448 5749; baseline -0.007 -15"><span class='ocrx_word' id='word_1_912' title='bbox 1878 5680 2039 5735; x_wconf 85' lang='lat' dir='ltr'><strong>ﬂatus</strong></span> <span class='ocrx_word' id='word_1_913' title='bbox 2073 5680 2303 5749; x_wconf 67' lang='lat' dir='ltr'><strong>vitaeque</strong></span> <span class='ocrx_word' id='word_1_914' title='bbox 2341 5679 2508 5748; x_wconf 88' lang='lat' dir='ltr'><strong>ﬁgura</strong></span> <span class='ocrx_word' id='word_1_915' title='bbox 2538 5685 2685 5734; x_wconf 89' lang='lat' dir='ltr'><strong>esset</strong></span> <span class='ocrx_word' id='word_1_916' title='bbox 2725 5675 2842 5746; x_wconf 90' lang='lat' dir='ltr'><strong>ipsa</strong></span> <span class='ocrx_word' id='word_1_917' title='bbox 2867 5717 2882 5737; x_wconf 88' lang='lat'><strong>,</strong></span> <span class='ocrx_word' id='word_1_918' title='bbox 2915 5672 3171 5744; x_wconf 87' lang='lat' dir='ltr'><strong>quodque</strong></span> <span class='ocrx_word' id='word_1_919' title='bbox 3196 5688 3292 5742; x_wconf 89' lang='lat' dir='ltr'><strong>per</strong></span> <span class='ocrx_word' id='word_1_920' title='bbox 3327 5670 3448 5742; x_wconf 84' lang='lat' dir='ltr'><strong>Spi-</strong></span> 
     </span>
    </p>
   </div>
   <div class='ocr_carea' id='block_1_119' title="bbox 1881 5764 3447 5839">
    <p class='ocr_par' dir='ltr' id='par_1_119' title="bbox 1881 5764 3447 5839">
     <span class='ocr_line' id='line_1_119' title="bbox 1881 5764 3447 5839; baseline -0.006 -13"><span class='ocrx_word' id='word_1_921' title='bbox 1881 5773 2046 5826; x_wconf 91' lang='lat' dir='ltr'><strong>ritum</strong></span> <span class='ocrx_word' id='word_1_922' title='bbox 2071 5779 2320 5827; x_wconf 84' lang='lat' dir='ltr'><strong>sanctum</strong></span> <span class='ocrx_word' id='word_1_923' title='bbox 2345 5771 2536 5835; x_wconf 89' lang='lat' dir='ltr'><strong>Deum,</strong></span> <span class='ocrx_word' id='word_1_924' title='bbox 2568 5768 2662 5839; x_wconf 87' lang='lat' dir='ltr'><strong>qui</strong></span> <span class='ocrx_word' id='word_1_925' title='bbox 2693 5768 2935 5823; x_wconf 89' lang='lat' dir='ltr'><strong>omnium</strong></span> <span class='ocrx_word' id='word_1_926' title='bbox 2963 5781 3088 5821; x_wconf 86' lang='lat' dir='ltr'><strong>vere</strong></span> <span class='ocrx_word' id='word_1_927' title='bbox 3119 5764 3343 5835; x_wconf 87' lang='lat' dir='ltr'><strong>spiritus</strong></span> <span class='ocrx_word' id='word_1_928' title='bbox 3366 5771 3447 5818; x_wconf 88' lang='lat' dir='ltr'><strong>cst</strong></span> 
     </span>
    </p>
   </div>
  </div>
