3838 6220
415 309 592 396 ⁷155(

1890 343 2258 402 APPENDIX.

3551 345 3685 398 1332

424 459 482 507 et
514 457 625 508 vita
645 493 660 516 ,
685 469 832 510 esset
865 464 1181 525 exceptura.
1210 454 1365 510 Unde
1410 457 1612 512 intueri
1640 456 1768 511 licet
1803 472 1867 512 ac
1895 460 1996 512 mi-

2103 463 2322 531 ὁμοίους
2351 457 2507 534 ἔσχεν
2526 480 2540 495 ·
2569 463 2643 526 ὡς
2673 463 2791 516 κατ’
2827 463 3010 516 εἰκόνα
3032 463 3126 516 καὶ
3155 463 3410 533 ὁμοίωσιν
3439 461 3685 530 τυπικὴν

427 545 539 597 rari
585 545 730 613 quod
773 544 945 598 Adam
988 547 1246 615 quidem,
1283 547 1377 618 qui
1432 550 1649 618 genitus
1694 564 1802 602 non
1847 558 2001 614 eral,

435 637 606 690 alium
638 638 778 690 inter
809 638 1060 692 homines
1090 639 1322 694 similem
1353 655 1463 692 non
1489 639 1763 704 habuerit,
1793 641 1885 709 qui
1919 640 2003 694 in-

427 729 644 798 genitus
677 737 858 790 esset,
900 739 994 784 aut
1038 731 1155 785 sine
1197 731 1472 802 principio
1515 748 1528 784 :
1574 739 1633 784 ut
1673 747 1849 801 neque
1893 731 2002 785 Eva

427 836 548 888 quae
572 836 636 872 ex
660 820 1007 888 processione
1033 831 1152 873 orla
1190 829 1307 876 erat
1326 862 1340 885 ,
1375 828 1560 890 utpote
1585 820 1677 890 qui
1705 837 1844 875 vera:
1871 822 2004 891 ligu-

428 926 502 963 ηιξ
539 908 714 962 Patris
744 911 965 979 ingeniti
1002 919 1056 964 et
1093 910 1330 980 Spiritus
1383 913 1556 966 sancti
1591 921 1776 967 essent
1809 932 1823 967 :
1856 914 2003 968 filius

436 1007 620 1054 autem
646 1002 740 1068 qui
768 1002 985 1071 genitus
1013 1011 1152 1067 erat,
1177 1018 1369 1058 omnes
1400 1003 1648 1058 homines
1671 1043 1686 1068 ,
1713 1005 1804 1074 qui
1834 1007 1999 1074 geniti

431 1092 527 1144 {liii
579 1101 756 1158 erant,
784 1093 990 1147 similes
1022 1093 1216 1148 fratres
1241 1094 1510 1160 habuerit;
1549 1104 1607 1148 ut
1635 1096 1727 1165 qui
1763 1097 1828 1150 ad
1863 1099 2002 1150 ima-

426 1184 605 1252 ginem
633 1195 687 1238 et
707 1185 1118 1239 similitudinem
1159 1186 1396 1254 typicam
1423 1196 1568 1240 esset
1594 1186 1798 1240 Christi
1830 1190 2000 1258 geniti

427 1275 572 1340 Filii,
601 1276 692 1344 qui
721 1275 898 1331 factus
927 1285 1012 1330 est
1048 1277 1209 1330 homo
1233 1277 1622 1346 primogenitus
1650 1278 1768 1332 sine
1795 1281 2002 1334 semine

425 1366 480 1418 in
512 1367 699 1420 multis
749 1367 1016 1421 lratribus
1059 1370 1126 1419 ³⁸.
1164 1365 1319 1432 Quod
1347 1367 1391 1421 si
1427 1367 1499 1420 ita
1528 1381 1640 1420 non
1681 1370 1787 1428 sit,
1823 1385 2001 1440 neque

428 1455 529 1509 hac
552 1456 760 1510 ratione
778 1457 978 1526 exponi
1001 1464 1249 1526 oporteat
1276 1457 1407 1511 illud
1435 1457 1502 1510 ad
1541 1459 1843 1528 imaginem,
1877 1477 1997 1522 cur.

426 1562 638 1616 quaeso,
662 1563 770 1600 non
803 1555 1058 1617 quatuor,
1089 1557 1184 1600 aut
1223 1547 1343 1602 dua:
1367 1557 1461 1602 aut
1492 1550 1674 1617 plures
1705 1561 1841 1605 orta:
1871 1563 2001 1607 sunt

341 1667 346 1674 -
425 1639 728 1708 primorum
759 1647 1044 1707 parentum
1076 1653 1323 1707 personae
1347 1679 1363 1703 ,
1397 1656 1518 1709 qua:
1558 1641 1799 1696 variatas
1834 1643 2001 1698 habe-

424 1736 546 1784 rent
584 1745 714 1784 suas
749 1729 1118 1799 hypostaticas
1162 1731 1546 1801 proprietates,
1580 1733 1879 1801 ingenitum
1912 1737 1999 1790 in-

2107 553 2366 623 ὑπάρχων
2405 553 2639 624 Χριστοῦ
2672 553 2763 606 τοῦ
2795 554 3048 624 γεννητοῦ
3079 553 3232 616 Υἰοῦ,
3262 554 3320 616 ὃς
3348 554 3571 621 ἐγένετο
3595 554 3687 606 άν-

2105 640 2320 712 θρωπος
2345 643 2684 710 πρωτότοκος
2707 641 2836 695 ἄνευ
2868 643 3073 712 σπορᾶς
3093 643 3149 695 ὲν
3175 642 3385 705 πολλοῖς
3412 640 3684 708 ἀδελφοῖς.

2105 733 2242 786 Εἰδὲ
2279 733 2352 804 μὴ
2379 733 2538 797 οὑτω,
2575 737 2710 806 μηδὲ
2734 734 2873 788 κατὰ
2914 734 3074 787 τοῦτο
3100 735 3160 787 τὸ
3193 737 3325 787 κατ’
3360 733 3595 797 εἰκόνα,
3635 731 3689 784 τί

2102 827 2302 896 δήποτε
2339 826 2412 898 μὴ
2443 827 2708 898 τέσσαρες
2731 870 2745 893 ,
2777 830 2808 898 ἢ
2865 828 2959 882 δύο
2997 827 3030 897 ἢ
3070 827 3312 890 πλείονες
3354 825 3689 887 ὑποστάσεις

2102 917 2210 969 τῶν
2244 919 2604 989 προπατόρων
2659 919 2912 986 γεγόνασι
2965 917 3423 989 παρηλλαγμένας
3459 916 3687 986 ἔχουσαι

2102 1008 2200 1071 τὰς
2229 1008 2594 1071 ὑποστατικὰς
2622 1009 2798 1062 αὑτῶν
2821 1008 3088 1078 ἰδιότητας
3111 1026 3129 1075 ;
3179 1007 3320 1074 λέγω
3347 1006 3411 1076 δὴ
3442 1005 3508 1058 τὸ
3534 1005 3692 1071 ἀγέν-

2102 1117 2262 1169 νητον
2295 1101 2388 1154 καὶ
2433 1100 2494 1152 τὸ
2538 1101 2794 1170 γεννητὸν
2821 1139 2836 1161 ,
2882 1101 2976 1153 καὶ
3025 1099 3086 1152 τὸ
3130 1098 3458 1168 ὲκπορευτὺν
3484 1137 3500 1160 ,
3552 1096 3689 1148 ἀλὶὰ

2101 1193 2248 1260 τρεῖς
2276 1189 2368 1242 καὶ
2397 1189 2598 1258 μόνας;
2640 1187 2847 1242 Οὑκοῦν
2874 1188 3016 1258 ἔχεις
3049 1189 3170 1240 κατ’
3203 1188 3386 1239 εἰκόνα
3431 1186 3532 1239 καὶ
3564 1185 3688 1238 καθ’

2100 1279 2356 1347 ὁμοίωσιν
2385 1277 2620 1349 τυπικὴν
2663 1277 2856 1348 τριάδα
2893 1280 2950 1329 ὲν
3005 1277 3188 1347 μονάδι
3242 1279 3301 1329 ὲν
3347 1276 3532 1347 τρισὶν
3564 1278 3691 1330 ὑπο-

2103 1372 2355 1424 στάσεσιν
2383 1386 2396 1399 ⁸
2433 1368 2723 1422 ἀκόλουθόν
2771 1386 2828 1421 σε
2876 1369 3060 1422 λοιπὸν
3101 1367 3290 1438 μαθεῖν
3335 1369 3432 1421 καί.
3480 1368 3688 1439 μονάδα

2099 1463 2158 1514 ἐν
2219 1461 2414 1532 τριάδι.
2451 1461 2573 1524 Πῶς
2611 1462 2666 1514 δὲ
2711 1461 2868 1514 τοῦτο
2900 1461 3082 1524 καλῶς
3134 1460 3426 1528 διαγνῶναι
3455 1461 3687 1532 δυνήσῃ,

2101 1552 2328 1605 ἄκουσόν
2353 1570 2497 1616 τινος
2526 1553 2633 1604 τῶν
2666 1552 2845 1620 σοφῶν
2882 1569 2965 1605 σοι
2992 1552 3385 1624 παραινοῦντος
3408 1594 3424 1617 ,
3471 1553 3574 1605 καὶ
3602 1552 3690 1604 λέ·-

2099 1659 2319 1710 γοντος·
2355 1644 2417 1696 Εἰ
2469 1643 2647 1714 βούλει
2707 1642 2910 1711 γνῶναι
2941 1641 3114 1702 Θεὸν,
3168 1641 3457 1712 προλαϐὼν
3514 1641 3688 1708 γνῶθι

2101 1735 2356 1788 σεαυτόν
2389 1736 2452 1787 ἐκ
2489 1735 2585 1804 τῆς
2624 1732 2819 1786 σαυτοῦ
2859 1732 3191 1795 συνθέσεως,
3237 1733 3304 1785 ὲκ
3346 1732 3444 1802 τῆς
3481 1732 3685 1784 σαυτοῦ

424 1836 587 1890 quam
618 1836 776 1883 esse,
811 1822 1050 1890 genitum
1098 1837 1220 1876 esse
1242 1865 1256 1884 ,
1299 1831 1354 1877 et
1387 1839 1451 1878 ex
1494 1826 1844 1892 processione
1874 1844 1996 1897 pro-

2101 1824 2444 1895 κατασκευῆς
2471 1864 2484 1886 ,
2521 1825 2683 1895 φησὶν
2714 1866 2727 1887 ,
2783 1824 2847 1875 ὲκ
2890 1823 2999 1875 τῶν
3048 1822 3196 1885 me;
3226 1820 3475 1875 σεαυτοῦ.
3505 1822 3687 1874 Εῐσιθι

423 1911 613 1973 diisse,
654 1911 746 1965 sed
779 1918 890 1965 tres
923 1918 976 1964 et
1022 1911 1102 1964 ba:
1141 1913 1314 1965 solae?
1338 1910 1516 1967 Habes
1552 1914 1720 1984 igitur
1751 1915 1818 1968 ad
1861 1916 1997 1970 ima-

421 2004 602 2075 ginem
628 2013 683 2057 et
710 2002 1120 2056 similitudinem
1149 2006 1383 2073 typicam
1437 2005 1747 2060 trinitatem
1785 2007 1839 2060 in
1874 2010 1996 2064 uni-

421 2103 535 2149 tate
561 2095 615 2148 in
649 2096 828 2149 tribus
851 2095 1138 2164 personis;
1175 2097 1426 2165 sequitur
1451 2097 1713 2168 deinceps
1746 2110 1804 2155 ut
1840 2104 1999 2158 intel-

422 2189 563 2257 ligas
612 2188 778 2242 etiam
812 2188 864 2240 in
915 2187 1163 2242 trinitate
1193 2189 1477 2242 unitatem.
1523 2189 1642 2256 Quo
1678 2210 1806 2248 vero
1837 2205 1998 2264 pacto

427 2279 485 2332 id
530 2279 736 2348 optime
771 2279 1142 2333 internoscere
1170 2280 1350 2348 possis
1375 2319 1388 2342 ,
1428 2283 1554 2334 audi
1591 2299 1656 2336 ex
1703 2287 1938 2353 quodam
1967 2304 1998 2343 e

426 2366 774 2434 sapientibus
799 2406 814 2429 ,
841 2367 935 2434 qui
966 2375 1018 2420 te
1051 2366 1396 2430 adhortatur,
1443 2371 1625 2439 itaque
1655 2372 1952 2440 alloquitur
1981 2391 1996 2427 :

423 2457 480 2509 Si
520 2455 688 2510 Deum
731 2457 812 2512 vis
847 2473 1043 2520 nosse,
1079 2459 1232 2527 prius
1280 2459 1515 2528 teipsqu
1559 2478 1762 2528 nosce;
1794 2479 1858 2517 ex
1905 2472 1998 2518 tua

420 2548 833 2610 constitutione,
866 2562 931 2601 ex
969 2556 1060 2601 tua
1087 2558 1388 2613 structura,
1424 2551 1598 2620 inquit
1625 2592 1639 2615 ,
1672 2567 1737 2607 ex
1781 2555 1848 2608 iis
1878 2570 2000 2623 qua:

422 2635 566 2688 intra
598 2638 832 2703 teipsum
869 2644 1029 2700 sunt,
1059 2653 1183 2691 eum
1217 2653 1502 2706 agnosces.
1544 2641 1830 2709 Ingredere
1861 2645 2000 2698 inte—

421 2725 538 2778 rius
575 2724 629 2776 in
675 2726 942 2793 teipsum,
978 2727 1190 2795 respice
1221 2736 1479 2797 tanquam
1515 2731 1566 2782 in
1601 2733 1826 2800 speculo
1861 2749 1998 2802 quo-

419 2814 546 2868 dam
593 2816 648 2869 in
684 2817 863 2868 anima
893 2825 984 2870 tua
1009 2857 1024 2881 ,
1062 2817 1316 2873 discerne
1344 2820 1464 2888 ejus
1501 2822 1868 2878 conditionem
1896 2867 1910 2889 ,
1945 2833 1998 2879 et

421 2907 659 2976 teipsum
690 2907 757 2960 ad
803 2909 1094 2979 imaginem
1129 2918 1184 2964 et
1211 2912 1624 2966 similitudinem
1654 2913 1748 2969 Dei
1795 2915 1996 2969 factum

418 2999 650 3054 videbis.
677 2999 906 3055 Nomine
925 3017 1118 3056 carens
1140 3012 1194 3056 et
1211 3005 1394 3072 ignota
1417 3006 1680 3073 spiritalis
1699 3015 1752 3060 et
1771 3005 1996 3060 immor-

423 3091 550 3145 talis
578 3092 774 3145 animaa
803 3100 910 3146 tua:
931 3093 1235 3148 substantia
1272 3097 1335 3148 ad
1356 3097 1642 3166 imaginem
1672 3107 1725 3149 et
1749 3097 1998 3150 similitu-

418 3181 599 3235 dinem
627 3183 863 3252 typicam
895 3187 1116 3239 nomine
1145 3188 1383 3240 carentis
1426 3195 1480 3241 et
1517 3188 1779 3257 incogniti
1829 3196 1991 3258 atque

420 3271 747 3328 immortalis
780 3272 870 3327 Dei
895 3283 979 3330 est
1014 3275 1257 3328 condita.
1289 3275 1421 3330 Nam
1454 3293 1629 3346 neque
1656 3277 1782 3342 Dei,
1815 3295 1992 3348 neque

2100 1915 2298 1977 ὑποδὺς
2324 1917 2381 1968 ὲν
2411 1915 2592 1984 σαυτῷ
2614 1954 2630 1978 ,
2660 1913 2945 1982 διάϐλεψον
2971 1913 3046 1976 ὡς
3091 1915 3150 1966 ὲν
3189 1913 3440 1984 ἐσόπτρῳ
3469 1912 3582 1965 τινὶ
3628 1915 3686 1964 ὲν

2096 2009 2162 2077 τῇ
2200 2007 2343 2076 ψυχῇ
2373 2004 2567 2057 ἑαυτοῦ
2585 2045 2598 2067 ,
2625 2003 2899 2071 διάκρινον
2928 2001 3024 2072 τὴν
3063 2001 3267 2072 ταύτης
3307 2000 3682 2070 κατασκευὴν,

2098 2099 2190 2152 καὶ
2223 2097 2342 2167 ὄψει
2371 2096 2590 2149 σεαυτὸν
2615 2095 2732 2147 κατ’
2766 2093 2950 2147 εἰκόνα
2975 2093 3069 2146 καὶ
3092 2093 3349 2163 ὁμοίωσιν
3376 2091 3518 2146 Θεοῦ
3549 2108 3684 2159 τυγ-

2097 2189 2346 2259 χάνοντα.
2386 2187 2692 2257 Ἀνὼνυμός
2741 2203 2832 2240 σου
2866 2185 2960 2239 καὶ
3008 2185 3281 2253 ἄγνωστος
3312 2187 3345 2254 ἡ
3383 2184 3553 2255 νοερὰ
3592 2184 3684 2236 καὶ

2099 2275 2364 2338 ἀθάνατος
2391 2275 2490 2344 τῆς
2532 2275 2708 2344 ψυχῆς
2737 2273 2893 2326 οὑσία
2923 2275 3043 2328 κατ’
3090 2273 3272 2326 εἰκόνα
3298 2273 3543 2344 τυπικὴν
3589 2271 3683 2324 τοὲῖ

2098 2366 2381 2436 ἀνωνύμου
2421 2367 2514 2420 καὶ
2563 2365 2902 2436 ἁγνωρίστου
2952 2364 3048 2417 καὶ
3085 2363 3350 2417 ἀθανάτου
3382 2364 3524 2417 Θεοῦ
3558 2363 3684 2416 καθα

2099 2457 2346 2528 έστηκεν.
2389 2456 2526 2510 Οῠτε
2564 2459 2673 2526 γὰρ
2700 2458 2858 2520 Θεοῦ,
2881 2457 3003 2511 οὔτε
3035 2457 3213 2526 ψυχῆς
3237 2455 3467 2523 λογικῆς
3494 2456 3684 2508 οὐσίαν

2099 2549 2240 2616 ἔγνω
2290 2548 2397 2600 τῶν
2445 2547 2504 2612 ἐξ
2555 2548 2748 2611 αἰῶνός
2799 2565 2882 2611 τις
2919 2549 3302 2617 γεγενημένων
3346 2545 3678 2615 ἀνθρώπων.

2098 2637 2368 2701 Ζωοποιὸς
2423 2638 2516 2690 καὶ
2566 2638 2858 2708 συστατικὴ
2917 2639 3010 2689 καὶ
3061 2637 3391 2708 προνοητικὴ
3446 2637 3483 2706 ἡ
3539 2634 3682 2704 ψυχὴ

2099 2730 2334 2798 ὑπάρχει
2363 2729 2460 2798 τῆς
2486 2729 2868 2798 τετραστοίχου
2893 2728 2984 2780 τοῦ
3020 2727 3270 2797 σώματος
3293 2726 3537 2794 φύσεως,
3565 2726 3682 2779 κατ’

2098 2822 2280 2875 εἰκόνα
2309 2820 2443 2873 Θεοῦ
2469 2820 2560 2872 τοῦ
2597 2819 2894 2892 προνοητοῦ
2942 2820 3121 2889 πάσης
3144 2819 3560 2889 τετραπεράτου
3591 2818 3684 2870 καὶ

2097 2914 2195 2983 τῆς
2223 2914 2337 2966 ἄνω
2363 2912 2610 2973 κτίσεως.
2648 2911 2846 2980 Διόπερ
2891 2909 3014 2962 οὔτε
3069 2910 3159 2962 τὸν
3192 2910 3287 2962 τοῦ
3321 2909 3461 2962 Θεοῦ
3521 2909 3686 2960 τόπον

2098 3004 2341 3073 ἔγνωμεν
2367 3003 2495 3056 ἔνθα
2526 3005 2804 3065 κατοικεῖ,
2844 3001 2978 3055 ἀλλὰ
3011 3003 3168 3070 μόνον
3195 2999 3530 3069 πιστεύομεν
3558 3038 3572 3060 ,
3603 2999 3685 3050 δτι

2101 3096 2275 3163 πάντη
2307 3095 2451 3146 ἐστὶν
2477 3133 2491 3157 ,
2532 3091 2655 3146 οὔτε
2709 3091 2815 3164 μὴν
2855 3093 2946 3145 τὸν
2991 3092 3156 3145 τόπον
3196 3091 3292 3160 τῆς
3326 3089 3514 3158 ψυχῆς
3555 3087 3683 3140 ἔνθα

2100 3188 2241 3238 οἰκεῖ
2288 3187 2344 3237 ὲν
2381 3184 2634 3255 σώματι,
2669 3183 3036 3253 ἐπιστάμεθα·
3071 3181 3206 3235 ἀλλὰ
3250 3182 3412 3251 μόνον
3458 3179 3682 3250 οἴδαμεν

2098 3279 2180 3332 ὅτι
2212 3279 2270 3330 ὲν
2308 3279 2389 3350 τῷ
2418 3278 2579 3330 παντὶ
2615 3275 2824 3346 σώματι
2850 3276 2964 3327 ἐστι
2999 3277 3092 3328 καὶ
3121 3275 3352 3344 ἐνεργεῖ.

420 3365 616 3418 anima:
641 3365 925 3422 rationalis
963 3370 1328 3426 substantiam
1369 3371 1513 3426 ullus
1549 3373 1867 3439 hominum,
1896 3375 1987 3443 qui
2028 3389 2058 3428 a
2090 3375 2289 3428 saeculo
2317 3373 2552 3437 fuerunt,
2587 3387 2827 3442 unquam
2862 3371 3030 3426 novit.
3065 3370 3236 3424 llabet
3291 3369 3438 3424 enim
3505 3365 3680 3421 vivifi-

419 3461 578 3514 caudi
609 3477 672 3516 ac
711 3464 1078 3518 constituendi
1111 3464 1562 3534 providentiaque
1597 3468 1816 3537 regendi
1854 3472 2102 3538 corporis
2140 3471 2244 3522 vim
2277 3469 2483 3530 anima,
2517 3468 2678 3536 cujus
2744 3474 2939 3520 natura
3014 3482 3082 3519 ex
3152 3472 3392 3535 quatuor
3460 3473 3680 3518 constat

418 3554 726 3616 elementis,
754 3554 821 3608 ad
851 3555 1144 3623 imaginem
1177 3553 1266 3608 Dei
1301 3557 1636 3624 providentis
1661 3573 1725 3613 ac
1747 3561 1998 3628 praesidis
2035 3560 2204 3614 totius
2235 3576 2304 3614 ex
2339 3567 2573 3628 quatuor
2615 3558 2899 3612 elementis
2938 3556 3182 3610 conﬂata:
3209 3597 3226 3618 ,
3310 3565 3367 3611 et
3434 3556 3680 3610 cmlestis

421 3645 568 3698 illius
597 3655 881 3700 creaturae.
915 3645 1182 3710 Quocirca
1213 3662 1388 3716 neque
1419 3648 1596 3703 locum
1627 3652 1881 3706 novimus
1918 3652 1970 3704 in
2017 3667 2127 3722 quo
2188 3652 2396 3705 habitat
2447 3651 2591 3704 Deus
2615 3690 2629 3711 ,
2668 3648 2763 3704 sed
2795 3650 3018 3702 omnino
3092 3663 3215 3702 esse
3263 3662 3388 3702 eum
3466 3657 3681 3701 tantum

421 3736 733 3801 credimus;
765 3753 939 3807 neque
966 3738 1100 3794 adeo
1124 3739 1302 3794 locum
1332 3741 1550 3806 animm,
1591 3744 1644 3797 in
1680 3758 1789 3812 quo
1830 3743 2040 3797 habitat
2079 3745 2134 3798 in
2177 3758 2407 3814 corpore
2433 3781 2448 3807 ,
2516 3743 2724 3798 scimus
2752 3781 2768 3806 ,
2831 3741 2928 3795 sed
2988 3740 3092 3794 hoc
3143 3747 3356 3793 tantum
3420 3738 3682 3794 novimus

420 3843 542 3883 eam
574 3827 628 3880 in
661 3835 773 3881 toto
794 3843 1021 3898 corpore
1039 3845 1161 3884 esse
1190 3837 1242 3884 et
1271 3834 1506 3899 operari.

497 3917 668 3974 liabet
695 3928 749 3973 et
779 3919 925 3974 aliud
953 3921 1232 3991 quidpiam
1270 3924 1451 3976 anima
1487 3933 1600 3990 tua,
1627 3925 1772 3994 quod
1805 3933 1890 3982 est
1922 3925 1990 3980 ad

423 4011 715 4082 imaginem
745 4009 835 4067 Dei
864 4050 881 4076 ,
915 4013 1057 4082 quod
1107 4015 1363 4068 nimirum
1405 4016 1676 4072 diversam
1728 4019 1926 4074 habeat
1960 4034 1991 4072 a

425 4102 651 4172 reliquis
701 4103 956 4159 omnibus
990 4106 1158 4160 rebus
1205 4108 1407 4163 creatis
1451 4109 1814 4163 substantiam
1848 4128 1860 4162 :
1894 4117 1948 4163 et
1975 4149 1990 4172 ,

423 4197 570 4265 quod
613 4196 868 4250 omnibus
893 4236 907 4260 ,
940 4197 994 4250 in
1028 4198 1226 4266 quibus
1273 4201 1524 4254 consistit
1568 4201 1680 4256 hac
1723 4203 1903 4272 imago
1939 4208 1994 4256 et

426 4287 762 4352 similitudo,
811 4288 1118 4344 mirabilius
1152 4299 1278 4354 est,
1331 4291 1478 4361 quod
1524 4307 1700 4362 neque
1752 4293 1994 4348 rationes

2173 3923 2324 3992 Ἔχει
2355 3937 2446 3973 σου
2481 3921 2575 3973 καί
2611 3918 2796 3990 ἕτερόν
2827 3935 2881 3970 τι
2914 3918 3030 3970 κατ’
3061 3916 3242 3970 sixéva
3273 3915 3410 3969 Θεοῦ
3443 3918 3477 3987 ἡ
3512 3918 3684 3998 ψυχὴ⁹

2097 4012 2239 4078 λέγω
2270 4010 2333 4082 δὴ
2375 4010 2436 4062 τὸ
2467 4008 2800 4080 ὲτεροοὺσιον
2837 4007 3006 4078 αὐτὴν
3033 4004 3172 4061 εἶναι
3205 4009 3388 4078 πάσης
3422 4011 3529 4080 τῆς
3562 4031 3683 4066 κτι-

2101 4104 2230 4172 στῆς
2263 4101 2496 4171 φύσεως.
2545 4101 2619 4153 Τὸ
2649 4101 2705 4153 δὲ
2747 4100 2961 4154 πάντων
3002 4100 3433 4172 παραδοξότερον
3489 4103 3586 4156 τοῦ
3627 4107 3683 4157 ὲν

2099 4193 2228 4262 ἡμῖν
2254 4193 2370 4245 κατ’
2400 4191 2582 4244 εἰκόνα
2612 4191 2785 4243 ἐκεῖνό
2817 4192 2983 4251 ἐστιν,
3017 4189 3098 4241 ὅτι
3132 4189 3254 4242 οὔτε
3287 4193 3386 4261 τῆς
3415 4192 3514 4245 τοῦ
3546 4193 3682 4247 Θεοῦ

2099 4281 2380 4353 ὑπάρξεως
2401 4281 2526 4343 τοὺς
2553 4280 2763 4348 λόγους,
2790 4279 2912 4332 οὑτε
2939 4279 3046 4349 μὴν
3073 4279 3170 4348 τὴν
3197 4281 3295 4351 τῆς
3318 4280 3502 4352 ψυχῆς
3526 4285 3682 4354 ἡμῶν

423 4376 758 4432 exsistentiae
800 4376 930 4437 Dei.
981 4395 1156 4448 neque
1221 4381 1501 4449 quomodo
1560 4383 1754 4436 anima:
1801 4393 1996 4436 nostrae

2100 4375 2295 4438 οὐσίαν,
2334 4375 2451 4436 πῶς
2481 4375 2561 4436 εἰς
2594 4372 2828 4444 ὓπαρξιν
2863 4373 3072 4442 πέφυκέ
3103 4390 3162 4425 τε
3192 4375 3286 4426 καὶ
3313 4379 3684 4446 παραγξνεται

424 4469 730 4523 substantia
760 4469 828 4524 ad
867 4471 1242 4527 exsistentiam
1275 4473 1539 4543 producta
1567 4475 1638 4528 sit
1658 4483 1711 4529 et
1741 4474 1984 4543 prodeat,

2100 4463 2430 4534 ἀνθρώπινος
2457 4465 2579 4528 νοῦς
2608 4463 3002 4517 καταλαϐέσθαι
3027 4463 3267 4518 δύναται.
3291 4465 3457 4518 Ὅθεν
3479 4470 3527 4520 oi
3552 4468 3682 4520 ταὺο

421 4560 884 4630 comprehendere
903 4578 1058 4619 mens
1091 4565 1329 4619 humana
1358 4567 1550 4634 possit.
1589 4565 1742 4621 Unde
1768 4568 1988 4632 accidit,

423 4657 484 4704 ut
511 4650 604 4719 qui
637 4665 923 4720 perperam
953 4661 1236 4709 assecutos
1265 4669 1324 4710 se
1353 4670 1472 4709 eam
1499 4671 1624 4709 esse
1651 4655 1992 4721 docuerunt,

423 4738 559 4794 adeo
601 4738 737 4808 lapsi
783 4747 913 4794 sunt
951 4758 964 4793 :
1013 4742 1107 4811 qui
1141 4743 1400 4797 nimirum
1429 4759 1460 4798 e
1500 4745 1656 4799 ctelis
1697 4747 1910 4802 animas
1940 4747 1993 4800 iu

421 4842 655 4898 corpora
682 4829 896 4884 demitti
925 4831 1137 4896 dicunt,
1159 4833 1250 4886 alii
1279 4849 1407 4888 vero
1439 4851 1562 4888 cum
1593 4851 1822 4906 corpore
1848 4838 1996 4906 ipsas

422 4917 686 4988 incipere,
709 4921 974 4976 exsistere
997 4937 1028 4976 a
1057 4921 1166 4978 Deo
1194 4933 1408 4979 creatas
1437 4925 1627 4992 aiunt;
1658 4928 1748 4980 alii
1775 4930 1990 4981 demum

423 5007 698 5064 hominem
727 5019 1014 5067 autumant
1035 5053 1050 5074 ,
1077 5014 1222 5084 quod
1251 5015 1319 5070 ad
1354 5016 1644 5085 imaginem
1677 5017 1992 5074 Conditoris

423 5099 498 5152 sit
525 5097 728 5164 factus,
763 5098 1073 5156 facultatem
1097 5103 1333 5157 animam
1362 5107 1658 5175 generandi
1690 5122 1813 5160 cum
1843 5108 1990 5161 coitu

423 5188 665 5257 habere;
700 5189 791 5244 alii
823 5207 889 5246 ex
921 5200 1152 5262 utraque
1184 5202 1337 5262 parte
1361 5197 1529 5251 maris
1555 5205 1609 5252 et
1640 5199 1853 5253 femina:
1878 5199 1993 5252 aui-

423 5291 568 5332 mam
627 5281 985 5348 proseniinari
1036 5283 1294 5351 tradunt,
1357 5287 1809 5356 quemadmodum
1867 5305 1991 5343 cum

424 5366 565 5436 lapis
588 5369 788 5438 aliquis
813 5379 867 5425 et
892 5371 1094 5427 ferrum
1123 5375 1311 5430 collisa
1342 5376 1572 5444 fuerint,
1603 5388 1660 5433 et
1692 5379 1992 5433 inﬂamma-

426 5457 575 5513 tione
607 5459 749 5529 ignis
775 5463 1041 5533 gignitur.
1071 5465 1248 5536 Atque
1281 5467 1333 5521 hi
1363 5469 1578 5538 quidem
1627 5472 1814 5525 volunt
1849 5473 1990 5524 intra

425 5548 680 5621 exiguum
704 5556 1082 5627 ronceptionis
1116 5561 1366 5630 corporis
1398 5571 1731 5619 momentum
1765 5564 1989 5636 produci

495 5726 543 5766 ⁸³
576 5725 713 5786 Rom
765 5746 887 5797 vui,
919 5732 1011 5790 29.

2095 4574 2195 4627 την
2231 4555 2554 4609 καταλαϐεῖν
2587 4555 2770 4618 κακῶς
2790 4556 3209 4625 δογματίσαντες
3237 4555 3380 4608 οῦτω
3409 4558 3681 4627 προσέκΟο

2090 4649 2218 4717 ψαν·
2249 4647 2441 4710 οἵτινες
2471 4643 2531 4710 ἐξ
2560 4645 2789 4718 οὐρανοῦ
2818 4647 3086 4715 φάσκουσι
3115 4647 3214 4709 τὰς
3264 4646 3446 4716 ψυχὰς
3479 4650 3540 4700 ἐν
3568 4651 3679 4710 τοῖς

2094 4739 2307 4810 σώμασι
2338 4738 2794 4808 καταπέμπεσθαι
2817 4754 2831 4768 °
2866 4740 2913 4791 οἰ
2943 4739 2997 4790 δὲ
3030 4739 3126 4791 σὺν
3158 4738 3236 4808 τῷ
3266 4737 3481 4809 σώματί
3514 4757 3677 4808 φασιν

2092 4827 2260 4890 αὑτὰς
2290 4829 2368 4890 εἰς
2404 4825 2636 4897 ὓπαρξιν
2667 4825 2918 4896 ἔρχεσθαι
2951 4826 3055 4878 ὑπὸ
3084 4827 3218 4879 Θεοῦ
3238 4828 3676 4899 δημιουργουμέ-

2092 4936 2205 4981 ναςο
2241 4919 2417 4988 ἕτεροι
2445 4917 2501 4970 δὲ
2533 4917 2622 4970 τὸν
2655 4917 2938 4986 ἄνθρωπον
2971 4916 3216 4984 λέγουσιν
3247 4917 3323 4979 ὡς
3347 4917 3467 4970 κατ’
3495 4919 3677 4971 εἰκόνα

2097 5012 2225 5064 ὄντα
2244 5010 2338 5063 τοῦ
2361 5007 2723 5080 Δημιουργοῦ,
2751 5007 3065 5078 γεννητικὸν
3092 5003 3230 5061 εἶναι
3267 5007 3363 5059 σὺν
3399 5010 3467 5077 τῇ
3505 5010 3678 5078 σπορᾷ

2097 5109 2192 5162 καὶ
2223 5108 2321 5177 τῆς
2349 5106 2546 5177 ψυχῆς·
2589 5106 2736 5159 ἄλλοι
2780 5105 2839 5168 ἐξ
2868 5104 3190 5175 ἀμφοτέρων
3229 5103 3337 5156 τῶν
3371 5104 3557 5173 μερῶν
3587 5103 3676 5157 τοῦ

2098 5196 2323 5266 ἄρρενος
2347 5197 2441 5248 xui.
2463 5196 2558 5266 τῆς
2586 5194 2773 5264 θήλεός
2797 5212 2928 5263 φασι
2953 5193 3050 5264 τὴν
3067 5193 3244 5264 ψυχὴν
3265 5193 3674 5250 ἀποτίκτεσθαι.

2099 5284 2287 5356 ὥσπερ
2319 5284 2465 5336 λίθου
2491 5284 2634 5346 τινὸς
2659 5285 2750 5336 καὶ
2780 5284 3000 5353 σιδήρου
3034 5282 3549 5353 προσκρουομένων,
3587 5284 3676 5333 καὶ
3723 5317 3727 5324 -

2099 5379 2164 5447 τῇ
2199 5375 2438 5446 πυρώσει
2464 5375 2524 5427 τὸ
2552 5376 2661 5445 πῦρ
2694 5372 3132 5442 ἁπογεννὼντων.
3163 5374 3271 5426 Καὶ
3306 5375 3355 5424 οἱ
3389 5374 3489 5443 μὲν
3522 5373 3675 5440 φασὶν

2101 5469 2238 5538 αὑτῇ
2271 5470 2336 5538 τῇ
2363 5467 2625 5536 ἀκαριαίᾳ
2656 5469 2795 5536 ῥοπῇ
2821 5465 2922 5533 τῆς
2955 5464 3267 5534 συλλήψεως
3298 5457 3395 5516 τοῦ
3432 5463 3675 5532 amputa;

2103 5561 2198 5617 καὶ
2241 5560 2336 5631 τὴν
2373 5558 2549 5630 ψυχὴν
2583 5557 2929 5628 ὑφίστασθαι·
2977 5558 3027 5611 οἱ
3065 5557 3120 5611 δὲ
3154 5559 3219 5629 τῇ
3266 5559 3673 5629 τεσσαρακοστῇ
