3838 6220
140 419 282 476 ιε;ει

1161 415 1329 483 QUID
1370 415 1500 480 SIT,
1539 414 1629 469 AD
1670 413 2002 471 IMAGINEM
2034 413 2165 481 DEI,
2217 414 2369 472 ETC.

3255 421 3387 476 1534

137 531 318 605 ἡμέρᾳ.
353 535 487 604 μετά
527 533 624 602 τὴν
656 530 916 602 σύλληψιν
945 529 1200 602 φέροντές
1220 544 1363 600 τινα,
1391 531 1466 594 ὼς
1488 530 1708 592 οἴονται,

1828 531 2049 585 miinam
2079 551 2092 586 :
2126 520 2202 586 illi
2229 547 2356 587 vero
2384 531 2804 602 quadragesimo
2831 540 2953 602 post
2979 537 3385 604 conceptionem

117 618 367 698 ένομικὴν
400 624 526 694 περὶ
554 623 744 676 τούτου
773 622 1050 676 σύστασιν·
1084 623 1178 676 καὶ
1203 623 1252 674 οἰ
1303 622 1402 692 μὲν
1433 619 1714 690 ὁμοούσιον

139 717 307 787 αὐτὴν
333 717 441 769 τῶν
468 716 711 785 ἀγγέλων
739 714 1172 785 ἐφαντάσθησαν,
1210 715 1258 766 οἰ
1287 712 1344 765 δὲ
1378 712 1547 777 κάτω,
1575 713 1625 763 οἰ
1657 709 1714 762 δὲ

112 802 198 866 ’ἂν
227 811 305 882 τῷ
343 812 490 881 ἀέρι,
523 813 573 863 οἰ
599 810 654 863 δὲ
688 811 745 862 έν
775 809 852 880 τῷ
873 810 1035 861 παντί
1063 808 1140 871 ὼς
1179 806 1328 860 θείαν
1358 806 1478 859 τινὰ
1513 806 1716 875 περιεῖ-

139 919 228 956 ναι
255 902 459 954 οὐσίαν.
498 900 589 953 Διὸ
631 901 725 952 καὶ
770 898 982 969 σώματι
1027 898 1292 968 ἐνουμένη
1339 897 1433 950 καὶ
1471 895 1545 958 ὡς
1594 895 1714 950 κατ’

139 993 324 1046 εἰκόνα
351 993 484 1046 Θεοῦ
511 988 664 1056 οῦσα,
692 993 789 1045 καὶ
811 991 969 1044 τοῦτο
992 990 1346 1054 ζωοποιοῦσα,
1377 987 1594 1058 ἀπαθὴς
1623 987 1718 1057 μέ-

139 1101 221 1137 νει
251 1084 359 1138 τῶν
391 1083 715 1156 σωματικῶν
760 1082 947 1137 παθῶν
977 1082 1071 1135 καί
1098 1081 1312 1152 φθορῶν
1341 1079 1448 1133 τῶν
1484 1077 1579 1132 τοῦ
1609 1078 1716 1130 σώ-

141 1193 332 1248 ματος,
361 1179 494 1248 μήτε
520 1177 794 1248 ὁρωμένη,
822 1177 958 1248 μήτε
986 1175 1420 1247 ἐρμηνευομένη,
1460 1175 1594 1244 μήτε
1618 1189 1718 1226 κα-

137 1267 589 1340 ταλαμὸανομένη
615 1270 680 1339 τῇ
707 1267 883 1337 φύσει,
925 1265 1048 1319 οὔτε
1079 1265 1157 1336 τῷ
1189 1264 1336 1329 εῖδει,
1369 1264 1427 1317 οὐ
1455 1265 1716 1333 σχήματι,

136 1363 199 1413 οὐ
245 1363 448 1431 μορφῇ,
479 1361 539 1412 ού
589 1360 854 1428 ποιότητι,
892 1358 953 1410 οὐ
987 1357 1278 1426 ποσότητι,
1319 1356 1417 1425 οὐχ
1445 1355 1713 1424 ὑπάρξει,

141 1453 205 1506 ού
237 1455 510 1516 συστάσει,
539 1453 600 1504 ού
630 1451 834 1504 κάλλει.
863 1449 1026 1503 Ὅθεν
1053 1449 1144 1501 καί
1175 1465 1305 1520 φησι
1332 1448 1430 1517 τὴν
1449 1446 1627 1517 ψυχὴν
1660 1446 1718 1497 ὲν

143 1545 222 1615 τῷ
255 1546 547 1616 Συμποσίῳ
602 1546 630 1597 6
675 1543 935 1606 Μεθόδιος
968 1543 1249 1612 ἀμήχανον
1296 1541 1390 1594 καὶ
1427 1539 1718 1608 ἀδιήγητον

141 1637 338 1701 κάλλος
372 1637 535 1709 ἔχειν,
566 1637 659 1690 καί
680 1636 870 1689 τούτου
903 1636 1060 1706 χάριν
1089 1634 1276 1705 ὥσπερ
1303 1630 1715 1702 ζηὶιοτυπείσθαι

140 1730 237 1782 καὶ
269 1729 499 1798 ἐρᾶσθαι
527 1727 694 1798 αὐτὴν
726 1726 834 1780 ὑπὸ
857 1726 965 1780 τῶν
987 1725 1243 1778 ἐναντίων
1269 1723 1612 1794 πνευμάτων,
1643 1720 1719 1783 ὼς

138 1819 426 1891 κρείττονα
453 1818 632 1870 αὐτῶν
677 1815 786 1870 τῶν
818 1816 1018 1886 νοερῶν
1047 1813 1433 1885 περικειμένην
1485 1811 1714 1882 μορφήν.

1821 622 1946 687 die,
1990 623 2167 694 deque
2204 639 2268 679 ea
2312 639 2370 678 re
2410 632 2666 693 tanquam
2705 625 2943 694 aliquam
2975 626 3110 696 legis
3151 629 3390 682 sanctio-

1822 727 1980 776 nem,
2009 721 2067 768 ut
2105 721 2328 785 putant,
2381 714 2582 768 ferunt.
2617 712 2872 770 Nonnulli
2912 731 3104 771 rursus
3145 717 3387 786 ejusdem

1821 816 1945 856 cum
1977 805 2183 874 angelis
2219 820 2336 860 eam
2379 819 2501 860 esse
2553 807 2870 861 subsrantiae
2896 808 3264 874 somniarunt,
3298 810 3389 864 alii

1822 895 1983 948 etiam
2015 896 2266 961 inferius,
2297 896 2389 951 alii
2417 897 2474 951 in
2497 899 2832 965 aere,alii‘in
2857 900 3110 955 universo
3131 907 3388 970 tanquam

1823 985 2062 1043 divinam
2096 988 2385 1058 quamdam
2420 1000 2670 1045 naturam
2706 991 3016 1046 circumire.
3053 991 3393 1062 Quapropter

1822 1086 1876 1130 et
1915 1079 2133 1148 corpori
2172 1080 2322 1133 unita
2346 1119 2360 1142 ,
2395 1093 2520 1134 cum
2566 1081 2634 1134 ad
2675 1081 2966 1152 imaginem
2999 1081 3093 1137 Dei
3115 1084 3222 1149 sit,
3263 1083 3394 1138 licet

1825 1169 1957 1224 illud
1991 1172 2223 1226 viviﬁcet
2243 1213 2258 1238 ,
2291 1188 2320 1226 a
2349 1174 2628 1244 corporeis
2649 1175 2902 1230 omnibus
2924 1176 3128 1230 morbis
3153 1189 3217 1229 ac
3245 1175 3393 1230 vitiis

1824 1273 1877 1318 et
1914 1266 2358 1334 corruptionibus
2395 1267 2641 1336 corporis
2671 1276 2854 1320 manet
2887 1268 3178 1330 immunis,
3215 1283 3393 1338 neque

1825 1356 2017 1420 videri,
2055 1373 2229 1426 neque
2264 1359 2546 1427 explicari,
2576 1374 2752 1428 neque
2782 1359 3172 1428 comprehendi
3199 1367 3392 1415 natura

1825 1455 2024 1518 potest,
2058 1465 2234 1518 neque
2265 1450 2472 1518 specie,
2523 1465 2632 1504 non
2667 1453 2836 1504 l'orma
2859 1489 2874 1514 ,
2935 1466 3044 1504 non
3094 1453 3354 1521 qualitate
3377 1491 3392 1516 ,

1825 1552 1932 1591 non
1956 1539 2274 1606 quantitate,
2301 1554 2409 1594 non
2451 1541 2788 1603 exsistentia,
2816 1557 2923 1593 non
2950 1550 3244 1604 structura,
3286 1559 3390 1596 non

1824 1629 2248 1697 pulchritudine.
2300 1628 2509 1686 ldcirco
2561 1638 2615 1685 et
2672 1633 2908 1685 animam
2966 1633 3142 1701 inquit
3195 1631 3395 1686 Metho-

1825 1718 1948 1772 dius
1968 1720 2023 1772 in
2054 1707 2342 1790 Symposio
2401 1721 2665 1776 immensa
2693 1722 2925 1791 quadam
2949 1731 3004 1775 ct
3037 1722 3389 1777 inenarrabil-

1827 1812 2230 1880 pulchritudine
2286 1813 2518 1882 pollere,
2560 1829 2722 1883 quam
2774 1814 2845 1869 ob
2901 1829 3124 1869 causam
3158 1814 3392 1885 quadam

137 1914 298 1966 Πᾶσα
328 1911 386 1964 δὲ
422 1913 456 1982 ἡ
492 1909 617 1980 περί
647 1907 819 1981 αὐτὴν
851 1905 1198 1978 ἀκαταληψία
1230 1905 1326 1958 καὶ
1355 1903 1591 1972 ἀσάφεια
1625 1901 1720 1954 καὶ

1828 1902 2090 1971 zelotypia
2135 1911 2189 1956 et
2219 1919 2403 1958 amore
2438 1904 2493 1956 in
2520 1919 2638 1958 eam
2669 1903 2901 1974 ﬂagrare
2939 1905 3165 1974 spiritus
3204 1905 3393 1960 adven

137 2002 354 2072 ἀδηλία,
383 2001 533 2054 οὐδὲν
560 2001 645 2052 ἓτε
657 2017 746 2070 ρον
788 1998 1082 2052 αἰνίττεται
1113 1999 1162 2050 εἰ
1199 1997 1273 2067 μὴ
1302 1995 1363 2048 τὸ
1395 1995 1598 2065 κυρίως
1626 1994 1721 2046 καὶ

136 2093 358 2164 ἀληθῶς
390 2092 575 2145 εἰκόνα
626 2091 796 2161 αὐτὴν
823 2087 961 2143 εἶναι
1007 2089 1100 2142 τοῦ
1144 2087 1526 2156 ἀκαταλήπτου
1562 2084 1720 2136 Θεοῦ.

136 2184 305 2237 Ὅθεν
339 2183 516 2237 πάντα
544 2183 612 2234 τὰ
644 2181 764 2234 κατ’
810 2181 979 2251 αὐτὴν
1031 2178 1350 2248 ἀγνοοῦντες
1374 2218 1388 2242 ,
1428 2179 1493 2229 ἐκ
1548 2175 1724 2245 μόνων

134 2274 252 2328 τῶν
305 2276 365 2328 ὲν
410 2274 488 2344 τῷ
537 2273 750 2344 σώματι
788 2271 992 2342 ταύτης
1037 2269 1326 2340 ἐνεργειῶν
1363 2267 1462 2340 τὴν
1491 2266 1725 2338 ὓπαρξιν

136 2364 314 2435 αὐτῆς
358 2362 717 2432 πιστούμεθα·
748 2361 892 2415 καθὰ
924 2362 1017 2414 καί
1047 2360 1138 2412 τὸν
1175 2359 1307 2412 Θεὸν
1341 2360 1406 2411 ὲκ
1429 2357 1538 2411 τῶν
1569 2359 1625 2409 έν
1655 2359 1726 2427 τῇ

131 2455 393 2529 ὁρωμένη
436 2455 610 2508 κτίσει
643 2452 807 2506 αὑτοῦ
847 2451 1238 2523 ἐνεργημάτων
1284 2449 1382 2520 τὴν
1426 2447 1590 2502 αὑτοῦ
1641 2447 1730 2517 βε-

138 2548 443 2620 ϐαιούμεθα
463 2545 719 2618 ὓπαρξιν.
759 2545 917 2599 Ἀλλά
942 2561 1005 2614 γε
1038 2546 1103 2614 δὴ
1135 2545 1222 2596 ἐπ’
1257 2542 1388 2596 αὐτὸ
1416 2542 1476 2594 τὸ
1504 2539 1731 2612 καιριώ-

136 2658 300 2696 τατον
334 2640 429 2693 τοῦ
478 2640 598 2692 κατ’
633 2637 815 2692 εἰκόνα
864 2638 958 2692 καὶ
997 2637 1118 2690 καθ’
1158 2635 1415 2707 ὁμοίωσιν
1463 2632 1729 2703 ἔλθωμεν,

132 2738 291 2798 ὅπως
313 2733 456 2788 κατά
480 2733 576 2796 τὰς
601 2731 922 2802 ὑποσχέσεις
945 2728 1205 2798 δείξωμεν
1232 2727 1290 2780 τὸ
1324 2725 1605 2798 μοναδικὸν
1632 2724 1731 2792 τῆς

137 2829 196 2880 ὲν
230 2825 422 2897 Τριάδι
447 2825 730 2894 Θεότητος.
758 2824 915 2877 Ποῖον
937 2822 994 2874 δέ
1025 2823 1140 2874 ἐστι
1173 2819 1366 2884 τοῦτο;
1401 2817 1626 2886 εὔδηλον
1649 2816 1732 2868 ὃτι

134 2920 172 2991 ἡ
206 2916 456 2988 ἡμετέρα
489 2913 649 2967 πάλιν
675 2913 824 2985 ψυχὴ
844 2952 859 2977 ,
896 2912 990 2965 καὶ
1027 2913 1055 2964 6
1090 2909 1294 2981 ταύτης
1339 2909 1521 2979 νοερὸς
1550 2907 1729 2975 λόγος,

137 3010 235 3063 καί¹
267 3011 298 3062 6
353 3007 498 3072 νοῦς,
535 3008 718 3060 ὅντινα
753 3007 781 3057 6
843 3003 1164 3066 Ἀπόστολος
1193 3001 1412 3070 πνεῦμα
1458 2999 1732 3070 προσηγό-

135 3118 360 3174 ρευσεν,
387 3101 476 3153 ὅτε
518 3097 888 3152 διακελεύεται
934 3095 1123 3164 ἁγίους
1152 3095 1298 3165 ἡμᾶς
1327 3089 1463 3146 εἶναι
1493 3095 1557 3164 τῇ
1585 3091 1729 3162 ψυχῇ

135 3195 236 3247 καὶ
263 3191 345 3264 τῷ
367 3191 579 3262 σώματι
599 3191 693 3243 καὶ
719 3188 797 3258 τῷ
824 3188 1115 3258 πνεύματι.
1153 3186 1470 3256 Ἀγέννητος
1504 3185 1601 3255 μὲν
1625 3184 1732 3254 γὰρ

135 3285 307 3340 πάλιν
333 3285 535 3354 ὲστίνη
568 3281 715 3352 ψυχὴ
745 3281 839 3334 καὶ
867 3279 1126 3343 ἀναίτιος,
1155 3279 1234 3341 εἰς
1265 3277 1434 3332 τύπον
1461 3275 1554 3330 τοῦ
1575 3277 1733 3344 ἀγεν-

136 3380 308 3448 νήτου
340 3377 436 3430 καὶ
467 3374 562 3427 τοῦ
593 3371 836 3428 ἀναιτίου
867 3370 1002 3424 Θεοῦ
1035 3372 1130 3423 καὶ
1169 3370 1398 3439 Πατρός
1437 3368 1537 3421 οὐκ
1567 3366 1729 3435 ἀγέν-

136 3487 306 3540 νητος
333 3469 389 3522 δὲ
416 3471 445 3522 6
471 3467 656 3541 νοερὸς
685 3463 857 3534 αὐτῆς
897 3461 1078 3531 λόγος,
1103 3460 1218 3514 ἀλλ’
1250 3460 1309 3525 ἐξ
1335 3459 1501 3531 αὐτῆς
1533 3457 1704 3528 γεννώ

137 3579 308 3632 μενος
347 3561 602 3633 ἀρρήτως
635 3559 729 3612 καὶ
765 3555 1012 3626 ἀοράτως
1043 3555 1139 3607 καὶ
1174 3551 1596 3623 ἀνερμηνεύτως
1635 3550 1726 3604 κα¹ἰ

135 3652 390 3716 ἀπαθῶς.
436 3653 492 3704 Ὁ
524 3650 581 3702 δὲ
629 3648 754 3711 νοῦς
806 3647 926 3700 οὐδὲ
957 3644 1195 3706 ἁναίτιός
1226 3645 1393 3709 ἐστιν,
1423 3641 1543 3695 οὐδὲ
1571 3642 1703 3710 ἀγέν

137 3760 324 3815 νητος,
347 3741 460 3796 ἀλλ’
484 3739 814 3810 ἐκπορευτὸς
839 3739 1002 3790 παντὶ
1023 3735 1318 3807 διατρέχων
1347 3735 1442 3788 καί
1463 3735 1532 3789 τὰ
1551 3734 1723 3787 πάντα

134 3832 477 3896 διασκοπῶν,
534 3831 629 3886 καὶ
670 3830 917 3901 ἀοράτως
965 3826 1231 3897 ψηλαφῶν
1273 3827 1394 3880 κατ’
1423 3825 1606 3878 εἰκόνα
1635 3825 1728 3878 καὶ

134 3925 406 3995 ὁμοίωσιν
433 3919 527 3974 τοῦ
575 3920 845 3988 παναγίου
877 3917 973 3971 καὶ
1011 3915 1344 3987 ὲκπορευτοῦ
1377 3915 1724 3986 Πνεύματος,

138 4016 273 4087 περὶ
298 4007 358 4068 οὗ
391 4013 624 4084 εἴρηται,
655 4013 736 4065 ὅτι
769 4012 840 4065 Τὸ
877 4005 1118 4078 Πνεῦμα
1142 4007 1338 4061 πάντα
1359 4005 1593 4075 ἐρευνᾷ,
1627 4008 1726 4061 καί

135 4105 217 4160 τὰ
235 4103 400 4171 ,βάθη
425 4101 530 4156 τοῦ
562 4101 729 4156 Θεοῦ.
754 4101 868 4155 Οὐκ
896 4099 1040 4152 ἐστιν
1066 4097 1368 4169 ὲκπορευτὴ
1398 4099 1425 4169 η
1449 4097 1594 4169 ψυχὴ
1623 4099 1726 4167 ἕως

135 4191 205 4252 οὗ
246 4195 394 4247 ἐστιν
425 4195 483 4246 ἐν
532 4191 610 4264 τῷ
649 4191 880 4262 σώματι,
930 4190 1052 4243 ἐπεὶ
1077 4191 1124 4242 εἰ
1158 4189 1463 4260 ἐκπορευτὴ
1491 4185 1578 4261 ἦν,
1615 4189 1723 4260 ἄρα

139 4290 212 4343 ἂν
243 4286 365 4340 καθ’
406 4285 556 4356 ὥραν
584 4285 1017 4354 ἀπεθνήσκομεν.
1057 4281 1170 4335 Ούκ
1196 4281 1342 4334 ἐστιν
1371 4281 1664 4350 ἀγέννητος
1697 4282 1726 4333 6

136 4377 305 4446 λόγος
349 4375 526 4447 ἡμῶν,
557 4374 677 4426 ἐπεὶ
716 4373 898 4442 ἄλογοι
931 4387 1073 4435 τινες
1107 4372 1199 4424 καὶ
1229 4369 1521 4444 κτηνώδεις
1551 4372 1727 4442 ὑπήρ-

138 4487 336 4543 χομεν.
371 4468 443 4521 Τὸ
472 4467 529 4520 δὲ
568 4464 994 4537 παραδοξότερον
1022 4464 1130 4516 τῶν
1163 4463 1480 4534 παραδόξων
1520 4462 1724 4516 τούτων

1826 1995 2037 2059 sarios,
2080 2003 2266 2063 utpote
2309 2011 2428 2065 qua?
2467 1996 2832 2065 praestantiori
2867 2011 3031 2067 quam
3083 1997 3225 2067 ipsi,
3272 1999 3390 2054 licc‘

1826 2083 2100 2152 spiritales
2135 2092 2189 2138 et
2250 2085 2612 2155 intelligentes
2651 2087 2794 2153 sint,
2831 2085 3005 2140 forma
3038 2088 3110 2143 sit
3147 2089 3393 2158 przedita.

1825 2173 1982 2238 Quod
2019 2190 2146 2228 vero
2183 2179 2384 2246 percipi
2416 2180 2785 2249 cognoscique
2815 2195 2923 2234 non
2958 2189 3161 2250 potest,
3193 2181 3394 2235 nullius

1828 2266 2052 2320 alterius
2091 2267 2168 2320 rei
2204 2277 2290 2323 est
2334 2277 2719 2338 argumentum
2744 2311 2758 2335 ,
2797 2287 2957 2340 quam
2997 2273 3143 2325 illam
3177 2287 3301 2327 vere
3333 2289 3399 2328 ac

1829 2357 2050 2426 proprie
2116 2358 2684 2430 incomprehensibilis
2743 2361 2836 2416 Dei
2899 2379 3022 2418 esse
3079 2365 3396 2435 imaginem.

1834 2447 1986 2503 Unde
2030 2464 2152 2503 cum
2183 2454 2385 2518 omnia,
2421 2469 2540 2523 quae
2571 2455 2796 2519 insunt,
2838 2456 3168 2526 ignoremus,
3202 2471 3269 2512 ex
3303 2471 3399 2511 so-

1830 2540 1898 2595 lis
1931 2540 2052 2608 ejus
2080 2541 2136 2594 in
2171 2556 2401 2610 corpore
2434 2545 2842 2613 operationibus
2859 2545 2980 2614 ejus
3017 2546 3394 2602 exsistentiam

1831 2631 2276 2699 comprohamus,
2312 2634 2771 2702 quemadmodum
2811 2643 2864 2689 et
2895 2633 3063 2689 Deum
3097 2650 3166 2690 ex
3194 2636 3313 2706 ejus
3342 2637 3399 2690 in

1832 2723 1934 2777 hac
1955 2723 2056 2778 sub
2082 2727 2271 2778 oculos
2293 2725 2522 2780 cadente
2547 2734 2794 2781 creatura
2815 2727 3229 2798 operationibus
3252 2729 3401 2798 ejus-

1832 2829 1938 2885 que
2009 2816 2384 2870 exsistentiam
2459 2817 2868 2873 conﬁrmamus.
2923 2817 3401 2874 Verumenimvero

1833 2906 1901 2959 ad
1933 2907 2053 2977 ipsa
2080 2909 2242 2976 hujus
2275 2911 2518 2978 mysterii
2538 2949 2553 2976 ,
2581 2911 2648 2963 ad
2679 2911 2966 2982 imaginem
2995 2922 3050 2967 et
3087 2913 3400 2968 siinilitudi-
3445 2945 3451 2950 -

1832 3014 2001 3064 nem,
2037 3001 2331 3071 penetralia
2365 3004 2795 3071 progrediamur,
2849 3011 2946 3070 ut,
2986 3005 3133 3060 sicut
3169 3007 3398 3076 polliciti

1834 3105 2047 3153 sumus,
2076 3092 2333 3145 unitatem
2353 3091 2666 3148 Divinitalis
2697 3094 2750 3147 in
2775 3093 3041 3150 Trinitate
3065 3096 3404 3152 demonstre-

1837 3196 1980 3237 mus.
2003 3183 2133 3246 Quae
2159 3184 2376 3237 tandem
2404 3184 2490 3236 illa
2521 3183 2687 3237 sunt?
2709 3183 2828 3238 Non
2853 3187 3147 3242 obscurum
3195 3197 3279 3244 est
3308 3204 3404 3242 no-

1835 3280 2003 3326 stram
2028 3273 2216 3341 utique
2245 3273 2418 3342 ipsam
2440 3287 2631 3328 rursus
2658 3274 2896 3328 animam
2923 3290 3046 3331 esse
3075 3284 3130 3331 et
3162 3272 3400 3333 intellei-

1833 3365 1976 3419 tuale
2005 3365 2228 3419 verbum
2271 3364 2390 3433 ejus
2416 3405 2432 3430 ,
2466 3380 2530 3419 ac
2577 3375 2854 3431 mentem,
2894 3382 3058 3436 quam
3107 3371 3254 3440 Apes
3281 3373 3402 3425 olus

1832 3458 2084 3528 Spiritum
2108 3457 2398 3528 appellawt
2415 3458 2481 3522 ³⁸,
2507 3474 2628 3512 cum
2657 3475 2757 3513 nos
2778 3471 2998 3515 sanctos
3018 3477 3140 3518 esse
3152 3463 3332 3516 anima
3347 3474 3402 3518 et

1831 3566 2060 3620 corpore
2110 3560 2164 3606 et
2189 3553 2382 3622 spiritu
2405 3553 2581 3622 jubet.
2631 3553 2844 3608 Etenim
2880 3569 3074 3610 rursus
3105 3555 3286 3617 anima
3318 3566 3398 3610 est

1831 3642 2072 3712 ingenita
2106 3650 2161 3697 et
2192 3658 2360 3697 causa
2403 3656 2600 3697 carens
2646 3643 2714 3696 ad
2741 3644 3053 3713 exemplum
3091 3644 3317 3714 ingeniti
3349 3658 3402 3700 et

1831 3748 1998 3789 causa
2040 3735 2278 3789 carentis
2316 3733 2409 3789 Dei
2435 3733 2652 3800 Patris;
2685 3743 2738 3786 at
2767 3735 3132 3790 intellectuale
3174 3737 3397 3790 verbum

1830 3824 1952 3894 ejus
1980 3838 2088 3878 non
2119 3833 2203 3880 est
2245 3828 2544 3894 ingenitum
2571 3823 2718 3889 ,‘sed
2750 3840 2814 3878 ex
2839 3825 2955 3893 ipsa
2993 3824 3277 3888 ineffabili,
3316 3828 3399 3878 in-

1830 3919 2074 3984 visibili,
2101 3919 2469 3989 inexplicabili
2515 3920 2728 3973 ratione
2757 3932 2821 3971 ac
2860 3918 2978 3972 sine
3012 3918 3267 3988 passione
3307 3935 3398 3987 ge—

1829 4013 2005 4065 nitum
2033 4029 2049 4078 ;
2085 4027 2239 4066 mens
2266 4019 2447 4064 autem
2493 4025 2669 4079 neque
2697 4023 2867 4063 causa
2899 4017 3085 4072 caret,
3117 4024 3292 4078 neque
3317 4021 3400 4062 est

1828 4101 2088 4173 ingenita,
2117 4101 2212 4156 sed
2233 4116 2298 4156 ex
2313 4100 2660 4170 processione
2685 4106 2801 4153 orta
2827 4098 3172 4169 undiquaque
3197 4099 3403 4153 discur-

1828 4209 1956 4249 rens
1977 4201 2030 4248 et
2058 4201 2256 4247 cuncta
2279 4191 2588 4261 despiciens
2616 4199 2669 4244 et
2693 4189 3040 4243 invisibiliter
3059 4195 3401 4257 pertractans

1829 4285 1894 4339 ad
1933 4285 2223 4355 imaginem
2262 4291 2317 4338 et
2362 4281 2775 4337 similitudinem
2824 4280 3158 4335 sanctissimi
3206 4289 3261 4335 et
3303 4296 3400 4350 per

1828 4379 2233 4447 processionem
2249 4375 2354 4429 orti
2381 4373 2642 4444 Spiritus,
2659 4373 2726 4427 de
2752 4388 2860 4442 quo
2881 4372 3084 4426 dictum
3107 4379 3210 4439 est,
3230 4372 3402 4442 Spiri-

1829 4481 1912 4524 tus
1933 4470 2110 4524 omnia
2122 4477 2410 4532 scrutatur,
2427 4468 2586 4520 etiam
2595 4465 2858 4536 profunda
2872 4464 2971 4520 Dei
2985 4465 3172 4520 "°.Non
3186 4483 3252 4521 ex
3273 4482 3400 4536 pro—

137 4559 324 4616 ὲκεῖνό
349 4561 516 4623 ἐστιν,
541 4557 812 4626 ὅτιψυχὴν
833 4556 930 4626 μὲν
945 4554 1121 4625 ἁπλῆν
1135 4571 1258 4608 τινα
1284 4553 1500 4625 ἔχομεν,
1525 4553 1720 4623 ὁμοίως

1828 4566 2076 4617 cessione
2091 4567 2211 4615 orta
2231 4569 2314 4614 est
2338 4561 2518 4612 anima
2542 4559 2783 4627 quandiu
2807 4566 2891 4613 est
2917 4558 2971 4611 in
2995 4573 3243 4628 corpore.
3264 4558 3400 4612 Nam

139 4653 242 4707 καὶ
269 4651 393 4705 νοῦν
420 4649 722 4721 μοναδικόν,
755 4647 850 4700 καὶ
873 4645 1162 4700 ἀσύνθετον
1186 4663 1198 4674 ·
1239 4645 1395 4713 λόγον
1421 4645 1478 4698 δὲ
1504 4645 1725 4699 διπλοῦν

139 4746 362 4816 ἔχοντες
390 4741 482 4794 τὸν
511 4740 671 4794 αὐτὸν
694 4738 794 4809 τὴν
812 4737 1061 4808 γέννησιν
1085 4739 1176 4789 καὶ
1196 4736 1290 4790 ἕνα
1312 4738 1406 4788 καὶ
1431 4737 1724 4808 ἀμέριστον

143 4835 569 4907 φυλαττόμενον.
616 4831 875 4883 Γεννᾶται
920 4828 1029 4899 γὰρ
1060 4827 1264 4895 ὁλόγος
1308 4829 1365 4880 ἐν
1409 4829 1476 4899 τῇ
1529 4827 1726 4900 καρδίᾳ

140 4924 404 4997 γέννησίν
433 4939 554 4974 τινα
602 4919 985 4989 ἀκατάληπτον
1039 4918 1133 4971 καὶ
1167 4916 1474 4988 ἀσώματον,
1509 4919 1602 4970 καὶ
1636 4918 1726 4988 μέ-

141 5034 231 5075 νει
269 5014 417 5068 ένδον
461 5011 832 5083 ἀγνώριστος,
881 5010 978 5062 καὶ
1013 5010 1268 5078 γεννᾶται
1310 5009 1566 5081 δευτέραν
1599 5011 1723 5079 γέν-

138 5123 308 5181 νησιν
352 5104 669 5176 σωματικὴν
719 5103 807 5157 διὰ
858 5102 1103 5173 χειλέων,
1143 5103 1239 5156 καὶ
1277 5103 1400 5156 τότε
1447 5107 1561 5169 τοῖς
1591 5107 1726 5159 πᾶσι

142 5199 498 5272 γνωρίζεταιο
539 5198 640 5268 τῆς
671 5196 730 5250 δὲ
781 5194 1185 5266 γεννησαμένης
1228 5195 1390 5249 αὐτὸν
1441 5197 1616 5268 ψυχῆς
1666 5200 1726 5253 οὐ

142 5293 464 5368 χωρίζεται,
488 5292 576 5345 ἵνα
599 5289 687 5343 διὰ
710 5286 803 5342 τοῦ
828 5287 986 5356 λόγου
1013 5287 1121 5338 τῶν
1141 5286 1232 5340 δύο
1249 5289 1282 5356 ἡ
1291 5287 1406 5358 μῶν
1427 5290 1729 5360 γεννήσεων

143 5387 342 5456 σαφῶς
365 5385 463 5448 τὰς
487 5384 580 5438 δύο
607 5383 702 5436 τοῦ
728 5380 862 5435 Θεοῦ
885 5381 1061 5451 Λόγου
1085 5381 1370 5452 γεννήσεις
1399 5381 1520 5435 κατ’
1545 5383 1728 5436 εἰκόνα

143 5478 249 5532 καὶ
278 5477 537 5548 ὁμοίωσιν
568 5474 850 5546 μάθωμεν.

1831 4655 1880 4711 si
1914 4670 1982 4709 ex
2019 4653 2371 4723 processione
2394 4659 2560 4716 esset,
2596 4651 2650 4703 in
2681 4650 2934 4720 singulas
2968 4649 3132 4704 horas
3160 4664 3400 4704 morere-

1831 4761 1972 4799 mur.
2007 4744 2124 4799 Non
2150 4751 2234 4798 est
2264 4743 2565 4813 ingenitum
2590 4741 2818 4796 verbum
2853 4747 3124 4804 nostrum,
3158 4740 3398 4809 alioquin

1831 4851 1993 4898 mutae
2037 4839 2282 4910 quaedam
2326 4845 2379 4892 et
2417 4837 2592 4891 brutae
2644 4836 2878 4907 pecudes
2932 4847 3200 4888 essemus.
3245 4833 3400 4897 Quod

1831 4942 2012 4988 autem
2044 4929 2286 4986 omnium
2318 4926 2646 4981 mirabilium
2679 4925 2914 4978 maxime
2942 4931 3027 4980 est
3057 4924 3398 4989 admirabile,

1830 5026 1964 5082 illud
1998 5033 2105 5086 est,
2139 5020 2285 5092 quod
2315 5020 2550 5072 animam
2577 5017 2794 5086 quidem
2826 5030 2988 5070 unam
3021 5024 3076 5070 et
3097 5016 3400 5087 simplirem

1831 5116 2133 5177 habemus,
2183 5110 2434 5167 similiter
2472 5123 2524 5164 et
2561 5117 2797 5164 mentem
2849 5123 3012 5161 unam
3070 5109 3401 5180 minimeque

1832 5205 2208 5274 compositam,
2237 5203 2460 5256 verbum
2485 5206 2665 5253 autem
2687 5197 2885 5268 duplex
2909 5237 2924 5262 ,
2952 5207 3005 5253 et
3025 5214 3194 5252 unum
3221 5210 3399 5253 tamen

1834 5310 1898 5348 ac
1945 5293 2298 5364 generatione
2350 5290 2493 5345 idem
2542 5298 2594 5344 et
2649 5289 2943 5344 indivisum
2993 5299 3397 5345 conservatum.

1833 5385 2137 5440 Generatur
2188 5383 2244 5436 in
2295 5381 2461 5437 corde
2503 5382 2728 5436 verbum
2771 5382 3123 5451 generatione
3167 5383 3402 5452 quadam

1834 5475 2378 5549 incomprehensibili
2412 5484 2574 5544 atque
2601 5475 2958 5542 incorporea,
2992 5484 3290 5544 manetque
3323 5477 3402 5531 in-

142 5581 243 5628 tus
276 5571 651 5640 incognitum,
699 5584 763 5622 ac
803 5565 1043 5623 secunda
1070 5567 1422 5636 generatione
1465 5584 1726 5643 corporea
1766 5593 1860 5648 per
1892 5575 2042 5629 labra
2071 5576 2384 5641 generatur,
2427 5577 2666 5640 tuncque
2736 5568 2991 5624 omnibus
3064 5570 3398 5636 innotescit;

145 5669 250 5725 sed
279 5669 349 5721 ab
371 5667 551 5720 anima
572 5673 756 5720 tamen
783 5677 904 5734 quae
929 5662 1106 5733 ipsum
1143 5663 1348 5732 genuit,
1384 5679 1493 5719 non
1523 5670 1794 5737 avellitur,
1828 5678 1886 5726 ut
1916 5686 2008 5741 per
2031 5667 2308 5737 duplicem
2367 5666 2513 5720 verbi
2577 5667 2752 5720 nostri
2807 5668 3216 5737 generationem
3281 5681 3396 5721 nio-

146 5763 354 5822 nifeste
381 5762 520 5817 duas
549 5759 644 5815 Dei
672 5758 834 5814 Verbi
864 5758 1240 5830 generationes
1272 5760 1574 5818 secundum
1601 5765 1890 5837 imaginem
1913 5776 1964 5822 et
1988 5760 2400 5821 similitudinem
2438 5759 2768 5816 ediscamus.

233 5855 276 5889 ⁸⁸
309 5856 329 5912 1
363 5855 489 5912 Cor.
546 5871 639 5919 vn,
674 5853 762 5908 54.
797 5852 840 5885 ⁶⁰
883 5851 901 5906 l
934 5855 1055 5908 (ἴον.
1097 5868 1151 5906 ἰ.
1190 5853 1275 5909 10.
