3838 6220
253 304 275 357 1
285 303 391 358 3'5"

1316 312 1478 379 QUID
1511 313 1643 379 SIT,
1680 314 1771 368 AD
1796 313 2126 371 IMAGINEH
2161 317 2286 382 DEI,
2317 321 2470 377 ETC.

3383 325 3522 382 1558

250 418 654 515 piam-commas
689 420 878 492 σαφῶς
921 424 950 477 ό
978 425 1168 491 εἰπὼν,
1200 429 1382 483 Ψαλῶ
1409 430 1488 496 τῷ
1517 434 1827 501 πνεύματι,

1947 436 2154 503 ςῐιιιιιίιιι
2193 438 2506 510 minuteque
2534 449 2932 510 perscrutetur,
2957 457 3019 498 ac
3044 451 3227 514 partes
3255 445 3517 515 partium,

249 506 428 576 ψαλῶ
440 509 537 562 καί
556 513 634 576 τῷ
658 514 772 566 νοΐ·
794 517 1199 587 προσεύξομαι
1229 520 1306 585 τῷ
1331 523 1640 591 πνεύματι,
1655 541 1832 590 προσ-

245 599 501 668 εύξομαι
541 601 642 655 καὶ
682 601 762 668 τῷ
798 607 912 659 νοΐ.
950 608 1164 662 Μᾶλλον
1208 610 1266 663 δέ
1319 612 1650 685 σαφέστερον
1686 617 1831 684 ἡμᾶς

244 691 563 745 διδάσκουσι
604 693 808 766 ταύτην
836 695 934 766 τὴν
963 700 1020 751 ὲν
1059 701 1188 770 ἡμῖν
1228 703 1348 755 κατ’
1384 704 1567 758 εἰκόνα
1601 705 1834 775 τυπικὴν

245 780 388 834 Θεοῦ
431 783 624 851 τριάδα
656 785 802 849 τινὲς
823 787 933 840 τῶν
959 790 1281 860 ἀνθρώπων,
1315 791 1380 846 ἐκ
1408 811 1549 856 τινος
1576 794 1834 858 πολλάκις

245 874 435 938 αἰτίας
463 875 640 947 ψυχὴν
681 877 780 947 μὲν
810 877 921 932 ἐσθ’
948 881 1036 934 ὅτε
1075 883 1316 953 ἔχοντες,
1348 884 1471 940 νοῦν
1501 886 1559 938 δὲ
1605 886 1638 957 ἢ
1679 886 1834 955 λόγον

247 966 329 1038 μὴ
360 967 579 1038 ἔχοντες
598 986 612 998 ο
656 970 833 1041 ἕτεροι
867 974 924 1027 δὲ
964 975 1125 1028 πάλιν
1156 976 1334 1047 ψυχῆς
1365 978 1460 1030 καὶ
1485 978 1640 1048 λόγου
1669 979 1832 1032 εὐπο-

248 1058 507 1128 ροῦντες,
552 1059 646 1114 νοῦ
689 1062 744 1116 δέ
788 1063 910 1118 καθ’
937 1065 1060 1118 ὅλου
1100 1067 1462 1138 ἀποροῦντεςο
1491 1067 1640 1121 ἄλλοι
1673 1067 1836 1122 πάλιν

247 1151 378 1204 νοῦν
422 1153 515 1205 καὶ
547 1152 722 1224 ψυχὴν
752 1153 992 1225 ἔχοντες,
1037 1156 1132 1210 τοῦ
1175 1157 1231 1210 δὲ
1265 1158 1421 1226 λόγου
1463 1159 1834 1230 ἐστερημένοι.

249 1242 420 1297 Ὅθεν
452 1245 546 1298 καὶ
584 1246 618 1315 ἡ
652 1246 758 1299 τῶν
806 1247 1015 1318 νηπίων
1055 1248 1238 1317 φύσις,
1275 1250 1350 1313 ὡς
1386 1252 1451 1304 ἐκ
1503 1249 1729 1314 σκότους
1758 1252 1836 1313 εἰς

247 1334 371 1402 φῶς
410 1337 701 1408 τικτομένη
744 1339 835 1391 καὶ
873 1342 1281 1413 προσερχομένη
1304 1382 1319 1406 ,
1365 1343 1565 1406 εὐθέως
1599 1342 1698 1414 τὴν
1739 1343 1837 1412 μὲν

244 1425 428 1497 ψυχὴν
451 1431 676 1499 φανεροῖ
700 1428 842 1499 ἔχειν
868 1432 946 1494 εἰς
970 1431 1140 1485 τύπον
1177 1432 1271 1485 τοῦ
1305 1433 1440 1486 Θεοῦ
1480 1434 1572 1487 καὶ
1601 1431 1834 1504 Πατρός,

244 1518 481 1590 δυνάμει
530 1521 630 1590 μὲν
652 1519 843 1592 γοερὰν
877 1520 1064 1588 οὖσαν,
1099 1526 1191 1578 καὶ
1233 1526 1290 1578 ἐν
1317 1526 1452 1596 αὐτῇ
1495 1524 1722 1596 ἔχουσαν
1747 1526 1838 1579 τὸν

245 1609 430 1678 λόγον,
460 1613 554 1666 καὶ
582 1612 672 1665 τὸν
703 1613 846 1667 νοῦν·
872 1615 1009 1668 κατὰ
1052 1615 1320 1686 πρόϐασιν
1350 1616 1408 1670 δὲ
1439 1617 1838 1688 προκόπτοντος

245 1703 349 1755 καὶ
393 1702 650 1770 αὔξοντος
691 1705 785 1759 τοῦ
834 1706 1082 1777 σώματος
1135 1708 1385 1778 δεύτερον
1424 1709 1710 1778 ἐμφανίζει
1748 1709 1838 1762 τὸν

1934 525 2195 590 rationes,
2249 528 2440 584 modos
2485 538 2539 584 et
2584 548 2930 602 progressus,
2989 536 3429 605 conjunctiones,
3465 545 3520 588 et

1932 615 2340 685 distinctiones,
2395 630 2596 676 statum
2627 624 2748 693 ejus
2801 623 3152 690 uniformem,
3185 640 3250 680 ac
3281 626 3522 696 triparti-

1935 715 2043 761 tam
2074 708 2422 778 divisionem,
2455 713 2786 785 singularem
2811 716 3203 784 conditionem,
3223 718 3516 786 duplicem,

1935 799 2346 872 triplicemque;
2375 806 2652 873 quomodo
2681 815 2735 861 et
2776 824 2878 862 una
2910 809 2979 863 sit
3008 817 3064 863 et
3103 808 3156 862 in
3195 809 3370 863 tribus
3401 824 3520 864 cer-

1935 899 2120 954 natur,
2151 891 2216 944 ad
2253 891 2544 962 imaginem
2574 901 2628 949 et
2666 895 3075 951 similitudinem
3103 893 3196 950 Dei
3226 895 3409 950 unitas
3462 895 3517 948 in

1936 981 2176 1036 trinitate
2197 991 2252 1038 et
2279 984 2497 1040 trinitas
2525 986 2579 1039 in
2611 987 2840 1051 unitate,
2871 994 3128 1058 tanquam
3167 987 3338 1057 ﬁgura
3365 986 3517 1041 desi-

1936 1081 2096 1143 gnata
2122 1082 2175 1128 et
2198 1083 2442 1131 ostensa.
2477 1074 2652 1130 Unam
2684 1077 2830 1131 enim
2877 1078 3022 1132 illam
3062 1093 3186 1134 esse
3215 1079 3516 1134 secundum

1936 1165 2248 1229 essentiam,
2282 1174 2337 1222 et
2371 1182 2479 1221 non
2518 1169 2768 1234 unam,si
2798 1178 2982 1239 partes
3010 1169 3130 1237 ejus
3169 1172 3519 1228 consideren-

1938 1261 2050 1319 tur,
2081 1257 2369 1313 manifeste
2427 1258 2615 1312 docuit
2667 1260 2760 1329 qui
2807 1261 2964 1326 dixit,
3016 1259 3260 1315 Psallam
3301 1263 3515 1330 spiritu,

1934 1347 2162 1415 psallam
2203 1359 2253 1403 et
2274 1360 2482 1416 mente;
2517 1351 2681 1406 orabo
2726 1353 2938 1420 spiritu,
2979 1351 3142 1405 orabo
3174 1362 3223 1406 et
3252 1363 3422 1407 mente
3444 1355 3514 1409 “.

1939 1437 2049 1491 Imo
2093 1439 2257 1492 etiam
2307 1441 2478 1495 multo
2530 1440 2877 1496 manifestius
2922 1442 3064 1496 hanc
3110 1442 3407 1497 trinitatem
3449 1444 3516 1496 ad

1939 1529 2228 1599 imaginem
2263 1530 2353 1586 Dci
2387 1532 2442 1586 in
2471 1532 2630 1588 nobis
2663 1532 2946 1602 figuratam
2980 1550 3045 1588 ex
3079 1535 3358 1604 corporeis
3392 1535 3518 1604 qui-

1940 1619 2169 1675 busdam
2211 1623 2394 1678 causis
2433 1639 2808 1692 smpenumero
2833 1623 2992 1680 nobis
3021 1625 3270 1680 homines
3298 1624 3518 1694 quidam

1939 1710 2343 1774 demonstrant,
2365 1712 2456 1781 qui
2479 1727 2869 1782 nonnunquam
2913 1711 3148 1765 animam
3178 1711 3394 1780 quidem
3420 1711 3519 1763 lia-

245 1794 432 1862 λόγον,
471 1797 562 1848 καὶ
592 1795 780 1850 τοῦτον
825 1799 924 1851 οὐκ
970 1798 1182 1870 ἁθρόως
1221 1799 1342 1852 οὐδὲ
1383 1798 1662 1868 ἐξαίφνης,
1706 1799 1842 1854 ἀλλὰ

1947 1801 2091 1864 bent,
2129 1811 2364 1857 mentem
2416 1811 2595 1857 autem
2627 1804 2712 1858 vel
2771 1818 3077 1858 sermonem
3125 1817 3235 1856 non
3273 1802 3518 1869 habent;

249 1886 707 1957 προψελλίζουσα,
741 1891 835 1942 καὶ
861 1891 1022 1944 οἱονεὶ
1063 1890 1474 1962 σκιαγραφοῦσα
1511 1892 1604 1944 καὶ
1625 1909 1840 1962 προμη-

246 1975 455 2030 νύουσα
496 1979 596 2049 τὴν
635 1979 728 2033 τοῦ
761 1981 936 2050 Λόγου
973 1980 1059 2034 διὰ
1102 1982 1304 2052 σαρκὸς
1330 1981 1600 2052 γέννησιν·
1624 1981 1717 2035 καὶ
1742 1981 1836 2035 τοῦ

245 2069 346 2122 νοῦ
386 2069 640 2138 δηλοῦται
675 2074 708 2141 ἡ
739 2073 1031 2144 παρουσία,
1056 2073 1145 2127 ὅτε
1182 2074 1266 2137 εἰς
1288 2073 1456 2144 ἄνδρα
1481 2073 1684 2127 τέλειον
1708 2091 1841 2145 προ-

247 2161 395 2232 κόψῃ
429 2161 490 2214 τὸ
517 2164 729 2233 νήπιον.

1945 1892 2036 1946 alii
2059 1906 2188 1946 vero
2219 1907 2412 1948 rursus
2441 1901 2497 1946 et
2525 1893 2706 1946 anima
2727 1902 2780 1948 et
2797 1907 3052 1948 sermone
3081 1891 3314 1963 praediti,
3343 1898 3523 1945 mente

1944 1991 2124 2036 autem
2159 1982 2374 2051 penitus
2399 1982 2678 2049 destituti;
2713 1984 2803 2038 alii
2834 1997 3029 2038 rursus
3061 1990 3296 2038 mentem
3319 1987 3374 2036 et
3403 1979 3523 2034 ani-

1943 2088 2086 2126 mam
2156 2071 2378 2137 habent,
2432 2089 2684 2128 sermone
2706 2089 2835 2128 vero
2871 2073 3066 2144 privati
3101 2082 3249 2128 sunt.
3281 2070 3435 2128 Unde
3468 2081 3523 2124 et

1943 2165 2232 2220 infantium
2256 2174 2473 2230 natura,
2493 2173 2751 2234 tanquam
2782 2180 2812 2219 e
2831 2165 3074 2220 tenebris
3095 2164 3148 2218 in
3168 2165 3341 2218 lucem
3362 2169 3519 2233 partu

245 2255 420 2321 edita,
449 2273 480 2311 e
508 2259 735 2326 vestigio
759 2259 975 2328 quidem
1003 2261 1238 2314 animam
1263 2275 1322 2315 se
1344 2260 1542 2315 habere
1558 2259 1821 2323 ostendit,
1862 2275 1984 2329 qua:
2035 2261 2090 2314 in
2143 2263 2371 2332 figuram
2421 2260 2512 2315 Dei
2571 2270 2624 2315 et
2651 2259 2832 2315 Patris
2863 2266 3126 2329 potestate
3153 2258 3369 2329 quidem
3435 2259 3520 2310 in-

252 2351 474 2407 tellectu
510 2351 732 2420 praedita
762 2360 867 2416 est,
921 2361 977 2408 et
1017 2352 1070 2407 in
1120 2353 1302 2423 seipsa
1337 2369 1642 2409 sermonem
1673 2354 1835 2408 habet
1872 2368 1937 2407 ac
1967 2363 2226 2416 mentem,
2283 2369 2404 2408 cum
2451 2367 2740 2422 progressu
2787 2360 2967 2406 autem
3012 2362 3066 2406 et
3135 2352 3337 2406 sensim
3404 2367 3528 2406 cre-

250 2455 442 2499 scente
465 2461 529 2499 ac
562 2455 818 2516 provecto
843 2462 1072 2517 corpore
1102 2463 1408 2503 sermonem
1436 2449 1633 2503 deinde
1699 2448 2030 2513 manifestat,
2080 2461 2134 2504 et
2199 2449 2344 2503 hunc
2391 2463 2498 2501 non
2543 2446 2828 2502 confestim
2893 2455 2949 2501 et
3018 2457 3239 2516 repente
3306 2447 3519 2512 fusum,

250 2536 350 2591 sed
383 2536 534 2606 prius
571 2538 944 2601 balbutiendo,
977 2549 1032 2592 et
1073 2553 1230 2608 quasr
1288 2539 1620 2613 adumbratis
1671 2554 1735 2594 ac
1799 2542 2172 2609 praenuntians
2211 2540 2612 2609 generationem
2659 2537 2822 2594 Verbi
2870 2554 2965 2608 per
2999 2553 3216 2593 carnem
3250 2557 3264 2593 :
3325 2540 3522 2596 mentis

252 2642 388 2681 vero
434 2627 723 2697 praesentia
755 2627 1068 2682 declaratur
1100 2643 1223 2682 cum
1257 2629 1310 2682 in
1341 2629 1515 2681 virum
1541 2627 1840 2699 perfectum
1880 2628 2060 2685 infans
2087 2632 2338 2685 evaserit.

337 2719 499 2773 Ἀλλὰ
521 2721 595 2785 τί,
624 2720 776 2790 φησὶ,
803 2720 974 2782 ταῦτα
1015 2721 1276 2775 συντείνει
1314 2724 1392 2785 εἰς
1419 2723 1517 2793 τὴν
1541 2722 1838 2793 προκειμέ-

252 2829 355 2882 νην
379 2813 472 2865 τοῦ
485 2811 771 2882 ἀνθρώπου
788 2813 1044 2866 ὑπόθεσιν
1060 2814 1191 2878 ςΚαὶ
1211 2813 1350 2867 πάνυ
1376 2814 1493 2884 μὲν,
1508 2811 1838 2884 ὦᾶνθρωπε,

251 2905 346 2958 διὰ
390 2905 598 2957 τούτων
655 2904 996 2976 μανθάνομεν
1047 2906 1139 2959 τὸν
1185 2907 1384 2976 τρόπον
1421 2907 1520 2976 τῆς
1555 2904 1650 2959 τοῦ
1681 2905 1837 2968 Θεοῦ,

252 2994 447 3065 ὥσπερ
475 2995 533 3048 ἐν
567 3013 673 3048 τινι
699 2994 937 3066 σώματι,
973 2997 1031 3050 ἐν
1067 2996 1147 3066 τῷ
1173 2997 1364 3066 κόσμῳ
1391 2995 1747 3068 φανερώσεώς
1777 3013 1838 3049 τε

254 3088 354 3140 καὶ
391 3087 736 3152 ἀναδείξεως,
776 3088 870 3140 καὶ
914 3087 1031 3150 πῶς
1067 3088 1208 3141 κατὰ
1239 3087 1504 3158 πρόϐασιν
1533 3089 1564 3158 ἡ
1590 3087 1833 3159 ἡμετέρα

254 3177 422 3245 φύσις
446 3178 510 3230 τὸ
537 3143 638 3250 της
664 3143 892 3248 Ἰξριόιδος
912 3143 1126 3246 ἐπέγνω
1161 3143 1334 3249 μυστή
1346 3196 1477 3249 ριον.
1519 3143 1832 3249 Σιυνελήφθη
1859 3143 1901 3200 C

253 3269 368 3341 γὰρ
421 3270 528 3323 ὑπὸ
579 3270 674 3323 τοῦ
711 3272 914 3342 σπόρου
956 3271 1048 3324 τοῦ
1083 3271 1321 3346 πονηροῦ
1349 3271 1537 3343 ὥσπερ
1567 3273 1626 3325 ἐν
1647 3273 1842 3344 γαστρί

254 3379 364 3415 τινι
423 3361 524 3430 τῆς
571 3362 778 3432 πλάνης
822 3365 851 3415 ό
889 3363 1193 3436 ἄνθρωπος,
1223 3366 1279 3416 ἐν
1313 3368 1603 3428 σκοτεινοῖς
1653 3366 1748 3419 καὶ
1784 3367 1841 3418 ἐν

259 3454 392 3523 σκιᾷ
445 3452 674 3506 θανάτου
715 3452 1020 3526 καθήμενος
1044 3469 1057 3483 °
1086 3452 1203 3508 εἷτα
1249 3457 1329 3520 είς
1367 3458 1482 3524 φῶς
1517 3455 1844 3525 θεογνωσίας

256 3543 452 3615 ὥσπερ
496 3544 688 3616 νήπιος
737 3547 795 3597 ἐν
829 3548 970 3617 ἀρχῇ
1024 3547 1444 3617 προερχόμενος,
1473 3549 1563 3602 διὰ
1613 3550 1714 3620 τῆς
1745 3548 1841 3602 τοῦ

257 3635 430 3706 νόμου
483 3638 850 3707 χειραγωγίας
899 3638 1112 3709 ἐδείχθη
1160 3638 1420 3709 ἔμψυχος,
1458 3642 1712 3708 ἐπιγνοὺς
1753 3641 1846 3694 τὸν

259 3728 489 3799 Πατέρα
517 3730 610 3782 καὶ
647 3731 779 3783 Θεὸν
811 3732 870 3783 ἐν
903 3731 1081 3800 ἑαυτῷ
1115 3731 1211 3800 μὲν
1244 3731 1453 3801 ἔχοντα,
1476 3733 1724 3804 καθάπερ
1752 3734 1846 3786 καὶ

259 3822 295 3891 ὴ
319 3819 487 3892 ψυχὴ,
520 3820 761 3874 ἐνούσιον
809 3821 902 3875 τὸν
936 3821 1107 3890 Λόγον
1139 3824 1232 3876 καὶ
1252 3823 1313 3876 τὸ
1346 3822 1591 3894 Πνεῦμα.
1619 3824 1712 3894 Μὴ
1740 3843 1846 3895 χω·-

263 3911 467 3982 ροῦντα
493 3911 550 3964 δέ
591 3911 684 3964 τὸν
734 3911 1020 3984 ἄνθρωπον
1065 3912 1154 3966 διὰ
1200 3913 1399 3986 πολλὴν
1431 3913 1657 3986 γνώμης
1683 3916 1846 3969 ἀσθέ-

261 4005 416 4058 νειάν
439 4021 500 4056 τε
559 4005 653 4057 καὶ
707 4004 1010 4075 νηπιότητα
1036 4004 1134 4075 τὴν
1177 4005 1271 4058 τοῦ
1303 4005 1462 4074 λόγου
1494 4007 1588 4060 καὶ
1623 4005 1716 4059 τοῦ
1754 4006 1846 4060 νοῦ

264 4094 594 4164 φανέρωσιν,
626 4096 712 4148 ἵνα
743 4095 816 4167 μὴ
860 4098 940 4160 είς
963 4098 1254 4151 πολυθεΐαν
1300 4099 1390 4152 διὰ
1426 4098 1736 4162 θεοσεϐείας
1763 4097 1849 4163 ἐξ·

263 4186 558 4257 ολισθήσῃ,
591 4181 711 4238 εἶτα
739 4187 834 4240 τοῦ
889 4188 1080 4260 χρόνου
1130 4190 1528 4260 προκόπτοντος
1570 4189 1848 4258 ἐσοφίζετο

265 4279 474 4342 λοιπὸν,
504 4278 692 4350 ὥσπερ
730 4281 920 4351 νήπιον
971 4280 1333 4351 αὐξανόμενον
1382 4284 1415 4352 ἡ
1467 4283 1708 4353 ἡμετέρα
1752 4281 1847 4336 τοῦ

267 4371 477 4440 κόσμου
511 4369 696 4439 φύσις,
737 4369 987 4441 καθάπερ
1037 4371 1144 4423 ἀπὸ
1189 4371 1369 4442 ψυχῆς
1419 4389 1561 4435 τινος
1598 4373 1846 4426 διδασκο-

2022 2725 2127 2780 Sed
2156 2724 2302 2779 dicet
2323 2724 2522 2794 aliquis
2551 2739 2566 2778 :
2594 2723 2733 2790 Quid
2762 2724 2877 2778 haec
2909 2724 2973 2778 ad
3009 2725 3313 2779 institutam
3336 2725 3401 2780 de
3425 2725 3524 2781 ho-

1948 2817 2095 2870 mine
2131 2815 2551 2885 disputationem
2601 2814 2868 2868 attinent?
2901 2813 3069 2870 Valde
3124 2831 3287 2877 vero,
3339 2817 3525 2881 homo,

1947 2921 2012 2962 ex
2048 2907 2132 2961 his
2160 2905 2534 2977 intelligimus,
2563 2922 2674 2976 quo
2701 2906 2918 2961 tandem
2947 2914 3106 2977 pacto
3127 2923 3184 2962 se
3215 2906 3376 2970 Dens,
3405 2916 3526 2962 tau-

1947 3014 2109 3070 quam
2165 2998 2220 3052 in
2273 3010 2502 3068 corpore
2527 2997 2786 3068 quodam,
2841 2997 2896 3052 in
2933 2997 3137 3052 mundo
3169 2997 3522 3053 manifestum

1947 3090 2242 3145 reddiderit
2303 3098 2466 3162 atque
2513 3089 2837 3161 prodiderit,
2871 3104 3089 3160 quaque
3121 3091 3332 3145 ratione
3361 3091 3526 3160 pede-

1945 3182 2134 3237 tentim
2180 3189 2375 3236 natura
2423 3194 2607 3237 nostra
2654 3181 2971 3252 mysterium
3019 3179 3301 3236 Trinitatis
3359 3197 3528 3253 agno-

1944 3271 2102 3328 verit.
2136 3272 2232 3328 Est
2263 3272 2406 3328 enim
2422 3280 2720 3342 conceptus
2756 3272 2806 3326 vi
2835 3271 3060 3328 seminis
3082 3271 3366 3342 cujusdam
3396 3273 3523 3326 mali

1945 3372 2204 3434 tanquam
2256 3363 2312 3418 in
2368 3371 2524 3418 utero
2552 3364 2787 3432 quodam
2839 3364 3304 3432 praevaricationis
3338 3364 3522 3423 homo.

1947 3457 2001 3510 in
2031 3455 2337 3510 tenebrosis
2385 3461 2439 3509 et
2473 3455 2528 3507 in
2570 3454 2760 3508 umbra
2813 3453 3006 3508 mortis
3057 3453 3298 3508 sedens:
3331 3453 3530 3508 deinde

1946 3561 2071 3600 cum
2109 3546 2162 3598 in
2219 3544 2547 3615 cognitionis
2575 3540 2670 3597 Dei
2717 3543 2894 3598 lucem
2940 3553 3196 3612 tanquam
3247 3543 3429 3598 infans
3460 3545 3529 3597 ab

1947 3636 2104 3690 initio
2124 3650 2450 3706 progressus
2477 3645 2640 3697 esset,
2657 3649 2754 3704 per
2783 3634 2917 3704 legis
2939 3635 3290 3688 directionem
3314 3635 3528 3688 anima—

1947 3737 2037 3783 tus
2065 3729 2290 3783 effectus
2320 3734 2424 3791 est,
2473 3743 2596 3782 cum
2642 3725 2859 3782 Patrem
2893 3741 2956 3780 ac
2984 3725 3151 3780 Deum
3183 3735 3524 3795 agnosceret.

1949 3819 2002 3873 in
2031 3835 2090 3874 se
2119 3819 2336 3888 quidem
2365 3817 2675 3882 habentem,
2708 3817 2852 3870 sicut
2885 3823 2938 3870 et
2972 3814 3174 3878 anima,
3212 3817 3520 3870 substantia

1947 3911 2303 3979 conjunctum
2353 3908 2589 3964 Verbum
2642 3915 2696 3962 et
2745 3905 3030 3976 Spiritum.
3061 3904 3344 3961 Hominem
3377 3922 3524 3969 vero,

1948 4017 2072 4056 cum
2101 4010 2322 4071 prepter
2370 4000 2592 4053 nimiam
2629 3997 2823 4068 judicii
2857 3997 3283 4053 imbecillitatem
3308 4013 3414 4051 non
3437 4014 3529 4052 ca.

1948 4099 2102 4162 peret
2159 4089 2656 4144 manifestationem
2709 4087 2859 4142 verbi
2905 4094 2961 4142 et
3001 4089 3222 4152 mentis,
3254 4104 3322 4142 ne
3349 4089 3534 4158 specie

1948 4183 2120 4239 divini
2153 4183 2333 4236 cultus
2353 4180 2729 4250 prolaberetur
2755 4179 2808 4232 in
2834 4178 3128 4233 multorum
3167 4179 3394 4234 deorum
3414 4183 3530 4234 cul-

1949 4283 2086 4339 tum,
2117 4282 2362 4343 tempore
2391 4271 2718 4342 procedente
2751 4269 3033 4324 erudiebat
3066 4277 3324 4340 tanquam
3353 4271 3533 4325 infan~

1949 4368 2121 4422 tulum
2164 4374 2500 4422 crescentem
2543 4363 2657 4418 hate
2697 4370 2884 4419 nostra
2915 4363 3102 4418 mundi
3136 4375 3350 4431 natura,
3385 4366 3532 4421 velut

269 4460 406 4531 μένη
443 4460 548 4513 ὑπὸ
577 4460 713 4513 Θεοῦ
759 4462 852 4514 καὶ
901 4461 1113 4533 Πατρὸς
1155 4462 1537 4531 ἐπιγινώσκειν
1569 4464 1842 4534 ἀμυδρῶς,

1955 4457 2022 4512 ab
2049 4457 2229 4510 anima
2255 4453 2490 4524 quadam
2521 4452 2712 4507 edocta
2741 4465 2771 4504 a
2799 4449 2908 4516 Deo
2926 4457 2980 4505 et
3002 4449 3182 4516 Patre,
3210 4462 3268 4505 ut
3295 4452 3538 4507 obscure

266 4552 458 4622 ὥσπερ
485 4554 572 4606 διά
600 4571 761 4606 τινων
798 4553 1022 4622 ἀσαφῶν
1053 4554 1454 4626 ψελλισμάτων,
1486 4557 1592 4609 τῶν
1636 4574 1848 4627 προφη-

268 4645 438 4700 τικῶν
489 4645 835 4716 διδαγμάτων
895 4647 994 4717 τὴν
1049 4649 1267 4718 πεῖραν,
1293 4649 1387 4700 καὶ
1422 4646 1722 4719 προφορὰν,
1757 4649 1849 4701 καὶ

271 4739 594 4806 ἐπιφάνειαν
645 4738 738 4791 τοῦ
785 4737 1023 4791 ἐνουσίου
1046 4739 1141 4791 καὶ
1166 4739 1483 4808 ἀποκρύφου
1511 4739 1604 4792 τοῦ
1640 4739 1850 4809 [ἰατρὸς

271 4829 465 4898 Λόγου.
508 4828 644 4882 Μεθ’
673 4829 709 4882 δι
739 4828 1097 4900 ψελλίσματα,
1141 4829 1284 4898 λέγω
1335 4829 1399 4901 δὴ
1449 4829 1717 4884 Μωσαῖκὰ
1755 4828 1848 4882 καὶ

272 4918 590 4990 προφητικὰ
631 4919 725 4972 τοῦ
762 4919 918 4987 λόγου
961 4920 1281 4990 αἰνίγματα,
1322 4919 1676 4993 προελθόντος
1715 4936 1850 4990 τρα-

269 5009 378 5071 νῶς
443 5009 538 5061 xa‘t
589 5007 889 5078 ἐνάρθρως,
937 5007 1123 5076 ὥσπερ
1174 5007 1238 5062 ἐκ
1266 5026 1427 5062 τινων
1487 5008 1714 5079 χειλέων
1752 5010 1852 5079 τῆς

273 5096 608 5168 παρθενικῆς
626 5097 818 5167 νηδύος
841 5097 934 5150 τοῦ
963 5096 1166 5150 τελείου
1194 5098 1292 5151 τοῦ
1323 5098 1457 5152 Θεοῦ
1479 5099 1677 5168 Λόγου,
1711 5117 1852 5167 γνωο

274 5188 412 5259 piget
442 5189 628 5241 λοιπὸν
685 5189 822 5257 μετὰ
851 5187 1055 5241 τούτων
1093 5190 1184 5242 καὶ
1212 5189 1301 5243 διὰ
1323 5189 1514 5244 τούτου
1541 5190 1603 5243 τὸ
1640 5189 1850 5253 ἐντελὲς

272 5280 550 5350 πλήρωμα
600 5280 773 5351 αὐτῆς
817 5279 877 5331 τὸ
913 5279 1188 5348 τριαδικὸν
1231 5281 1264 5349 ἡ
1299 5280 1612 5352 ἀνθρωπίνη
1637 5280 1730 5333 τοῦ
1765 5280 1857 5332 κό-

275 5389 416 5441 σμου
448 5371 627 5439 φύσις,
657 5371 846 5441 ὥσπερ
876 5369 1000 5423 νοῦν
1021 5387 1140 5422 τινα
1168 5370 1432 5442 δεξαμένη
1459 5370 1522 5423 τὸ
1547 5370 1771 5441 Πνεῦμα
1796 5370 1856 5423 τὸ

275 5467 453 5529 ἅγιον,
480 5461 580 5514 οὐκ
611 5463 676 5514 ἐκ
704 5460 811 5513 τῶν
847 5461 1001 5523 ἐκτὸς
1037 5459 1413 5529 μεταϐατικῶς
1447 5461 1504 5513 ἐν
1538 5462 1675 5530 αὐτῇ
1703 5459 1855 5530 ἐνδη-

278 5555 479 5626 μῆσαν,
514 5553 629 5607 ἀλλ’
663 5554 727 5606 ἐκ
753 5551 859 5605 τῶν
886 5551 1035 5616 ἐντὸς
1063 5551 1282 5622 ἑαυτῆς,
1317 5552 1584 5618 τουτέστι,
1617 5552 1717 5622 τῆς
1751 5551 1852 5622 ψυ-

350 5734 391 5768 “
428 5731 448 5787 ἰ
503 5734 624 5787 Cur.
665 5749 776 5793 xw,
817 5732 904 5788 15.

1956 4553 2335 4618 cognosceret,
2377 4553 2431 4601 et
2484 4545 2631 4598 velut
2669 4557 2736 4598 ex
2787 4541 3112 4612 quibusdam
3143 4543 3325 4597 minus
3363 4543 3538 4600 claris

1956 4638 2308 4693 halhutientis
2331 4636 2529 4706 lingua
2548 4633 2773 4688 vocibus
2799 4647 2862 4687 ex
2883 4631 3215 4701 pr0pheticis
3235 4633 3531 4687 documen-

1953 4731 2026 4784 tis
2063 4729 2265 4785 exitum
2291 4735 2345 4782 et
2371 4736 2550 4781 ortum
2579 4735 2739 4790 atque
2772 4723 3162 4794 apparitionem
3197 4721 3531 4776 substantia-

1956 4821 2026 4876 lis
2059 4829 2114 4877 et
2142 4819 2344 4875 occulti
2379 4815 2558 4872 Patris
2603 4811 2791 4870 Verbi.
2841 4811 2972 4867 Post
3004 4827 3140 4882 quas
3177 4811 3538 4866 balbutientis

1955 4925 2140 4976 voces,
2202 4907 2461 4969 Mosaica,
2493 4906 2734 4975 inquam,
2781 4910 2834 4955 et
2867 4899 3183 4970 prophetica
3211 4899 3359 4953 verbi
3396 4899 3532 4953 amis

1957 5011 2159 5074 gmata,
2210 5015 2334 5054 cum
2372 4996 2666 5068 prodiisset
2703 4994 2850 5048 clare
2875 4999 2930 5046 et
2947 4991 3251 5053 articulate,
3271 4999 3529 5059 tanquam

1957 5105 2021 5146 ex
2069 5089 2229 5145 labiis
2273 5085 2602 5158 quibusdam
2648 5099 2713 5138 ex
2750 5091 2904 5136 utero
2944 5080 3188 5150 virgineo
3231 5077 3532 5147 perfectum

1957 5179 2196 5235 Verbum
2231 5177 2348 5244 Dei,
2374 5170 2501 5232 tum
2523 5173 2817 5246 perfectam
2847 5171 3109 5240 triplicem
3139 5169 3526 5240 plenitudinem

1962 5285 2119 5326 suam
2157 5284 2282 5324 cum
2315 5270 2460 5334 istis,
2491 5277 2546 5322 et
2575 5281 2671 5337 per
2697 5261 2841 5318 istud
2867 5271 3050 5323 notam
3079 5261 3337 5330 deinceps
3371 5259 3531 5318 efﬁcit

1960 5364 2196 5417 humana
2220 5362 2406 5417 mundi
2429 5371 2644 5425 natura,
2661 5357 2789 5412 dum
2809 5366 3064 5425 tanquam
3087 5360 3322 5408 mentem
3344 5367 3531 5422 quam-

1959 5455 2083 5509 dam
2115 5453 2378 5523 Spiritum
2415 5458 2662 5508 sanctum
2715 5446 2950 5516 excepit,
2992 5458 3100 5498 non
3129 5441 3286 5513 quasi
3309 5457 3340 5495 a
3363 5441 3529 5496 rebus

1958 5547 2198 5604 externis
2250 5545 2480 5600 transitu
2522 5543 2665 5600 facto
2697 5541 2751 5597 in
2799 5555 2860 5595 ea
2905 5538 3280 5596 divcrtcutem,
3329 5532 3424 5588 sed
3459 5547 3526 5589 cx
