3838 6220
394 322 415 377 Ι
427 324 533 380 559

1844 354 2209 418 APPENDIX.

3497 380 3644 436 1540

387 439 741 501 interioribus
782 447 899 505 suis
929 453 1202 523 partibus,
1240 456 1344 516 hoc
1367 472 1450 518 est
1472 465 1667 523 anima:
1689 476 1745 524 et
1774 474 1913 529 verbi

387 536 498 562 sicut
527 533 702 562 Βία-ξ..
739 545 785 562 ,ι
809 540 929 562 D2!!!
961 559 1037 562 ,με
1093 547 1137 562 ιιι
1198 558 1209 562 -
1256 561 1263 562 ,
1398 554 1410 562 .
1486 557 1498 562 -

2021 518 2027 536 λ
2058 478 2156 548 χῆς
2187 478 2282 533 καὶ
2327 480 2424 534 τοῦ
2476 482 2656 552 λόγου,
2681 485 2848 557 ῆγουν
2879 486 2973 541 τοῦ
3004 490 3218 562 Πατρὸς
3247 492 3343 546 καὶ
3370 494 3466 549 τοῦ
3502 490 3639 549 Ῡίοῦ

383 536 499 588 sive
526 533 705 591 Patris
734 545 789 595 et
809 540 932 596 Filii
960 547 1364 607 manifestatum
1396 554 1523 625 ipsi,
1550 573 1660 615 non
1673 563 1749 617 rei
1769 577 1913 621 creat

2021 533 2152 548 ,ην
2404 533 2412 534 κ
2478 533 2841 554 ,.-,--,-,--.
2890 533 2970 541 η-
3004 533 3118 544 ...η
3160 533 3343 556 ηπ...
3382 533 3466 549 ,νυ
3514 533 3638 549 ..υ

2063 569 2202 641 αὐτῇ
2235 573 2568 644 φανερωθὲν,
2624 533 2966 645 ούικτιστῶς,
2998 582 3107 636 οὐδ’
3125 533 3500 651 Ιὲιιι-εισάκτως,
3529 588 3642 642 οὐδ’

383 637 556 689 more,
586 642 763 699 neque
792 632 1093 692 adventitio
1123 641 1301 707 modo,
1331 651 1494 716 atque
1529 659 1589 705 ut
1615 667 1729 707 rem
1756 655 1961 714 diversi

2061 658 2381 729 ἀλλογενῶς,
2413 664 2525 717 ἀλλ’
2548 666 2821 732 οὐσιωδῶς
2859 671 2922 724 ἐκ
2960 671 3061 742 τῆς
3084 674 3323 744 ἐμφύτου
3350 676 3523 746 αὑτῆς
3544 680 3643 733 καὶ

380 716 621 783 mineris.
648 720 741 773 sed
788 726 1178 793 essentialiter,
1221 747 1289 787 ex
1322 736 1508 791 innata
1543 740 1718 810 ipsius
1745 753 1800 800 et
1827 762 1913 801 cor

381 809 612 838 holus-nl:
649 810 987 838 I.......-.-.:_-
1059 834 1107 838 ην
1132 823 1183 838 ,o,
1204 832 1216 838 -
1299 827 1332 838 _.
1541 832 1553 838 -

2063 716 2756 830 συμιρυοῦςυὺποστατνικὲις
2795 716 3080 832 ύπάρξειῑς
3115 716 3335 838 Ἑγψυχὴ
3365 767 3459 821 τὸν
3476 716 3639 823 ῗνούο

379 809 615 863 naturali
649 810 992 882 hypostatica
1049 823 1392 890 exsistentia,
1431 809 1785 902 coniunctum
1826 840 1958 895 sub-

378 899 591 955 stantia:
641 916 754 958 suae
781 907 1008 964 verbum
1038 914 1221 969 anima
1250 899 1582 986 producens,
1612 933 1666 980 et
1702 928 1956 998 spiritum

374 990 713 1059 profundens
747 996 994 1067 ejusdem
1043 1012 1410 1065 naturaacum
1446 1028 1546 1068 sua
1588 990 1769 1074 mente
1798 1019 1954 1093 .[non

373 1080 518 1150 quod
549 1091 839 1156 antequam
869 1089 984 1146 haec
1018 1096 1308 1163 exsistant,
1347 1102 1402 1156 in
1429 1118 1660 1174 corpore
1684 1080 1951 1179 versetur,

372 1172 470 1227 sed
502 1175 646 1244 quod
681 1178 870 1235 eodem
909 1188 1153 1255 tempore
1183 1203 1306 1243 cum
1337 1192 1445 1248 illis
1466 1172 1713 1262 exsistat,
1740 1209 1793 1255 et
1824 1172 1954 1258 sub;

371 1265 591 1320 stantia:
619 1267 690 1322 sit
719 1283 843 1324 eum
877 1272 988 1328 illis
1025 1275 1298 1351 ejusdem]
1335 1299 1350 1348 ;
1383 1297 1447 1338 ac
1483 1286 1648 1340 veluti
1676 1291 1948 1358 quoddam

369 1370 570 1427 corpus
597 1375 682 1422 ea,
717 1379 838 1432 quae
882 1367 1205 1437 incorporea
1232 1381 1338 1438 est,
1379 1385 1562 1445 partes
1606 1395 1737 1437 suas
1764 1384 1946 1440 incor-

2062 859 2175 897 σιον
2206 845 2375 917 αὐτῆς
2402 847 2559 916 λόγον
2602 851 2986 918 ἀποτίκτουσα,
3013 856 3107 909 καὶ
3132 856 3193 909 τὸ
3225 858 3465 927 ὀμοφυὲς
3494 858 3637 931 αὐτῇ

2056 933 2152 987 τοῦ
2172 934 2265 990 νοῦ
2294 938 2510 1010 πνεῦμα
2544 942 2918 1013 προϐάλλουσα
2942 985 2957 1008 ,
2991 948 3086 1000 καὶ
3110 947 3298 1020 ὥσπερ
3332 967 3386 1004 τι
3416 951 3578 1022 σῶμα
3600 953 3636 1023 ἠ

2054 1025 2347 1113 ἀσῴματος
2366 1030 2435 1084 τά
2458 1034 2820 1105 συνασώματα
2838 1037 2975 1109 αὐτῇ
3008 1039 3145 1110 μέλη
3174 1045 3395 1113 συμφυῆ
3414 1042 3633 1113 ἔχουσα,

2053 1117 2121 1170 δι’
2150 1112 2225 1173 ὧν
2254 1119 2443 1195 ὥσπερ
2494 1124 2685 1180 τύπων
2710 1130 3170 1201 χαρακτηρίζεται
3196 1133 3290 1186 καὶ¹
3325 1112 3634 1205 μορφοῦται

2054 1210 2149 1262 καὶ
2171 1212 2478 1268 συνίσταται
2506 1219 2538 1285 ἡ
2572 1218 2712 1290 ὑπὲρ
2731 1221 2941 1293 μορφὴν
2970 1225 3063 1277 καὶ
3078 1224 3261 1296 σχῆμα
3286 1227 3631 1298 ὑπάρχουσα,

2051 1302 2240 1374 ὥσπερ
2270 1308 2437 1377 πνοὴν
2463 1314 2779 1383 σωματικήν
2806 1331 2927 1369 τινα
2958 1314 3156 1386 ἔχουσα
3195 1319 3258 1372 τὸ
3289 1319 3513 1391 πνεῦμα
3536 1322 3632 1375 τοῦ

2051 1390 2164 1454 νοῦ,
2193 1394 2287 1447 καὶ
2307 1395 2381 1458 ὡς
2401 1396 2543 1469 ζωὴν
2575 1400 2665 1453 τὸν
2691 1401 2896 1466 σύςωον
2920 1405 3056 1477 αὐτῇ
3076 1407 3233 1476 λόγον
3253 1390 3531 1479 φέρουσαο
3554 1404 3631 1463 ὧν

2049 1484 2191 1537 κατὰ
2250 1486 2505 1558 στέρησιν
2542 1489 2665 1545 οὔτε
2702 1489 2841 1548 εἶναι
2895 1495 3019 1550 οὔτε
3057 1499 3421 1570 γνωρίζεσθαι
3445 1503 3481 1572 ἠ
3506 1502 3629 1555 κατ’

2046 1575 2230 1632 είκόνα
2253 1578 2347 1631 καὶ
2383 1581 2644 1650 ὁμοίωσιν
2670 1583 2806 1637 Θεοῦ
2831 1585 2977 1658 ψυχὴ
3007 1589 3197 1660 λογικὴ
3223 1591 3319 1643 καὶ
3348 1591 3519 1662 νοερά
3543 1592 3628 1645 δύ-

2046 1680 2237 1718 ναται’
2288 1667 2437 1733 ὅπως
2475 1670 2564 1725 διὰ
2609 1673 2815 1727 τούτων
2839 1676 2945 1730 τῶν
2980 1679 3040 1731 ὲν
3063 1679 3195 1749 αὐτῇ
3236 1680 3503 1751 μάθωμεν
3529 1682 3625 1735 ml.

360 1727 417 1776 et
447 1723 683 1791 speciem
707 1727 943 1792 excedit,
964 1744 1086 1800 quae
1109 1741 1367 1803 tanquam
1401 1739 1627 1796 halitum
1653 1748 1913 1813 quemdam

360 1823 684 1843 onum-Auum
715 1814 871 1843 ΙυιΙ-υιο
902 1819 1150 1843 -..:_:a--_--
1182 1825 1375 1843 _---A.2A
1439 1835 1475 1843 ,.
1502 1835 1515 1843 .
1812 1832 1844 1843 ,Α

2048 1723 2444 1830 παιδευθιῖῳεν,
2480 1723 2561 1826 ὡς
2574 1723 2697 1817 οῦτε
2971 1766 3086 1822 οὗθ’
3114 1723 3625 1843 ΥίὸςΓ-προῦέιέρχον

360 1823 684 1879 corporeum
714 1814 875 1870 habet
901 1819 1152 1888 spiritmn
1181 1825 1398 1889 mentis,
1427 1835 1480 1882 et
1501 1835 1758 1899 tanquam
1774 1832 1943 1888 vitam
1977 1818 2019 1873 Β

362 1903 584 1956 verbum
612 1918 738 1959 cum
771 1907 889 1977 ipsa
908 1911 1116 1975 vivens,
1137 1914 1341 1983 quibus
1357 1918 1569 1987 privata
1589 1937 1767 1992 neque
1795 1941 1939 1994 esse,

357 2007 532 2063 neque
557 1997 777 2066 agnosci
811 2013 932 2069 quas
960 2001 1028 2056 ad
1084 2004 1376 2075 imaginem
1430 2017 1485 2065 et
1519 2013 1939 2072 similitudinem

356 2081 449 2141 Dei
480 2085 622 2142 facta
641 2099 727 2145 est
756 2091 937 2146 anima
969 2095 1258 2154 rationalis
1285 2107 1451 2170 atque
1484 2102 1764 2160 intellectu
1802 2123 1941 2178 pra:-

352 2176 466 2231 dita
499 2185 704 2248 potest;
741 2190 802 2235 ut
830 2183 1089 2239 nimirum
1112 2203 1208 2257 per
1235 2189 1368 2254 haec,
1407 2208 1529 2263 qua:
1556 2195 1611 2249 in
1642 2197 1757 2265 ipsa
1784 2176 1933 2265 sunt,

350 2263 630 2324 discamus
661 2279 718 2325 et
750 2272 1087 2340 erudiamur,
1118 2294 1229 2348 quo
1256 2289 1418 2350 pacto
1446 2300 1622 2356 neque
1647 2263 1806 2343 l’ater
1835 2263 1934 2346 ne?

349 2370 457 2425 que
481 2355 652 2414 Filius
683 2371 809 2417 ante
840 2365 1246 2422 sanctissimum
1283 2370 1547 2441 Spiritum
1583 2380 1928 2450 exstiterint;

348 2447 443 2502 sed
474 2451 997 2517 quemadadmodum
1032 2457 1086 2510 in
1127 2459 1328 2525 anima,
1351 2462 1515 2517 simul
1551 2472 1716 2535 atque
1748 2447 1928 2525 anima

347 2538 652 2603 rationalis,
685 2541 846 2597 simul
871 2560 1090 2616 quoque
1123 2563 1247 2603 cum
1282 2552 1420 2621 ipsa,
1452 2570 1573 2625 qua:
1597 2557 1649 2611 in
1680 2559 1797 2628 ipsa
1822 2571 1925 2627 est,

342 3104 464 3143 nem
487 3090 556 3145 ab
577 3092 779 3157 anima,
809 3093 1146 3152 irrationalis
1174 3098 1438 3171 deinceps
1460 3116 1703 3162 remanet
1735 3111 1913 3165 anima

338 3188 452 3246 tua,
478 3188 537 3234 ut
560 3182 771 3238 scilicet
807 3200 873 3239 ex
927 3185 1030 3241 hoc
1067 3189 1212 3256 quod
1246 3191 1312 3245 ad
1359 3194 1652 3264 imaginem
1687 3199 1777 3255 Dei
1809 3212 1912 3269 est,

332 3270 609 3342 intelligas
648 3282 720 3333 te.
745 3275 790 3330 si
828 3275 997 3330 Deum
1047 3277 1289 3335 Verbum
1326 3286 1565 3355 negaris,
1601 3288 1915 3362 dixerisque

334 3380 458 3418 eum
508 3364 618 3421 Deo
661 3376 717 3422 et
754 3366 915 3424 Patre
950 3387 1057 3426 non
1092 3388 1237 3437 esse,
1266 3376 1499 3433 rationis
1536 3392 1814 3448 expertem
1850 3400 1913 3440 ac

334 3454 628 3511 belluinum
672 3459 1089 3527 praedicaturum
1123 3463 1310 3518 Deum.
1343 3464 1397 3519 Si
1425 3484 1552 3522 vero
1588 3469 1847 3540 Spiritum
1879 3491 1907 3529 a

2045 1846 2139 1899 τοῦ
2172 1849 2435 1917 παναγίου
2468 1852 2606 1905 Πνεύ
2617 1872 2784 1923 ματος
2810 1874 2823 1888 ο
2845 1858 2962 1911 ἀλλ’
2990 1858 3176 1930 ὥσπερ
3199 1862 3293 1914 ἐπὶ
3316 1861 3417 1931 τῆς
3439 1861 3627 1933 ψυχῆς

2043 1938 2158 2007 ἅμα
2185 1938 2330 2012 ψυχὴ
2359 1941 2570 2014 λογικὴ,
2594 1945 2707 2016 ἅμα
2737 1949 2833 2003 σὺν
2857 1950 2995 2022 αὐτῇ
3013 1953 3041 2005 ὁ
3062 1952 3218 2022 λόγος
3244 1955 3304 2007 ἐν
3330 1954 3496 2026 αὐτῇ,
3523 1958 3622 2009 καὶ

2040 2028 2178 2100 ἅμα,
2220 2034 2314 2085 καὶ
2345 2035 2561 2106 συνάμα
2592 2040 2650 2091 έν
2681 2040 2816 2111 αὐτῇ
2843 2041 2904 2095 τὸ
2932 2042 3149 2112 πνεῦμα
3176 2044 3237 2097 τὸ
3264 2045 3498 2109 ζωτικὸν
3524 2050 3621 2102 καὶ

2039 2122 2361 2177 συστατικὸν
2394 2127 2489 2179 καὶ
2527 2132 2979 2200 συμπληρωτικόν
2997 2149 3010 2162 ’
3037 2133 3211 2198 οὕτως
3237 2136 3354 2206 ἅμα
3384 2137 3580 2209 Πατὴρ
3598 2178 3615 2201 .

2034 2211 2149 2281 ἅμα
2175 2212 2309 2279 Θεὸς
2335 2215 2506 2285 Λόγος
2552 2219 2650 2272 σὺν
2705 2221 2900 2292 Πατρὶ,
2947 2225 3064 2294 ἅμα
3103 2225 3230 2289 Υἱὸς
3272 2228 3369 2281 σὺν
3414 2229 3614 2301 Πατρὶ,

2036 2304 2250 2374 συνάμα
2278 2305 2339 2359 τὸ
2376 2308 2604 2379 Πνεῦμα
2636 2311 2734 2364 σὺν
2768 2311 2882 2382 Υίῷ
2923 2314 3018 2367 καὶ
3049 2316 3243 2388 Πατρί.
3270 2317 3333 2370 Et
3361 2318 3421 2371 δὲ
3448 2320 3618 2390 χωρῖ-

2032 2394 2145 2459 ζεις
2166 2397 2261 2449 καὶ
2290 2398 2612 2472 ἀποστερεῖς
2644 2403 2736 2456 τὸν
2761 2403 2917 2474 λόγον
2948 2406 3037 2460 ὲκ
3062 2408 3159 2479 τῆς
3188 2408 3387 2480 ψυχῆς,
3418 2411 3618 2481 ἄλογός

2032 2503 2126 2540 σου
2185 2488 2368 2543 λοιπὸν
2396 2493 2428 2562 ή
2462 2491 2644 2564 ψυχή·
2676 2495 2763 2549 ἵνα
2805 2496 2894 2549 διὰ
2919 2497 3109 2552 τούτου
3134 2499 3229 2553 τοῦ
3259 2502 3383 2556 κατ’
3423 2504 3616 2557 εἰκόνα

2026 2576 2163 2631 Θεοῦ
2185 2579 2391 2651 μάθῃς,
2421 2583 2504 2635 ὅτι
2557 2583 2653 2637 ἐὰν
2680 2587 2893 2659 ἀρνήσῃ
2929 2588 3022 2641 τὸν
3044 2589 3176 2644 Θεὸν
3198 2591 3393 2659 Λόγον,
3434 2592 3614 2661 λέγων

2017 3031 2273 3099 ὁμοίωσιν
2297 3032 2430 3086 Θεοῦ
2466 3035 2664 3106 βούλει,
2695 3040 2837 3093 οὕτω
2863 3041 3244 3114 φιλοσόφησον,
3276 3048 3379 3101 οὐκ
3399 3049 3464 3101 ἐκ
3494 3050 3605 3103 τῶν

2018 3121 2194 3186 ἐκτὸς,
2242 3123 2355 3177 ἀλλ’
2397 3127 2462 3179 ὲκ
2483 3127 2591 3182 τῶν
2622 3130 2773 3194 ἐντός
2807 3149 2902 3186 σου
2924 3133 3016 3187 τὸν
3043 3138 3283 3207 κρυπτὸν
3307 3138 3444 3193 Θεὸν
3470 3142 3609 3209 γνὼ-

2021 3228 2167 3280 ρισον
2193 3216 2257 3267 ἐκ
2314 3216 2414 3286 τῆς
2460 3220 2519 3271 ὲν
2558 3220 2639 3273 σοὶ
2679 3223 2927 3294 τριάδος,
2961 3224 3059 3297 τὴν
3088 3227 3294 3298 Τριάδα
3331 3231 3603 3299 ὲπίγνωθι

2014 3300 2079 3354 δι’
2106 3304 2485 3361 ὲνυποστάτων
2510 3313 2846 3382 πραγμάτων
2862 3330 2878 3346 ·
2913 3316 3054 3389 ὑπὲρ
3079 3319 3188 3391 γὰρ
3212 3322 3395 3375 πᾶσαν
3430 3323 3602 3394 ἀλλην

2013 3395 2240 3466 νομικὴν
2274 3398 2369 3450 καί¹
2430 3403 2704 3477 γραφικὴν
2749 3409 3053 3480 μαρτυρίαν
3100 3409 3422 3482 βεϐαιοτέρα
3455 3415 3599 3485 αῦτη

2012 3483 2107 3534 καὶ
2140 3486 2451 3558 πιστοτέρα.

340 3543 449 3599 Deo
470 3545 796 3615 sejunxeris,
826 3554 939 3601 tum
970 3548 1082 3603 ﬁeri
1111 3558 1169 3603 ut
1192 3560 1465 3607 mortuum
1496 3559 1808 3626 quemdam,
1840 3580 1946 3617 non
1986 3569 2250 3624 viventem
2284 3543 2499 3632 asseras
2525 3576 2722 3646 Deum;
2746 3580 2791 3636 si
2819 3581 3188 3655 philosophari
3209 3587 3277 3642 de
3297 3604 3384 3650 eo.
3448 3594 3594 3662 quod

340 3646 413 3662 --ι
447 3639 509 3662 ,Δ
542 3640 826 3662 :..--_:_.-...
864 3651 905 3662 ,ι
942 3643 1121 3662 Αεκμειι.
1187 3645 1218 3662 Iv
1394 3649 1431 3662 λ
1473 3651 1484 3662 ι
1614 3654 1624 3662 .
1736 3655 1747 3662 .
1839 3657 1849 3662 -
1994 3661 2001 3662 ,

2708 3639 2719 3646 .
2819 3639 2838 3651 .
3034 3639 3051 3655 .
3150 3639 3187 3640 η
3216 3639 3274 3642 --
3302 3639 3384 3650 ν.
3450 3639 3592 3662 1—".-

331 3646 417 3694 est
445 3639 512 3693 ad
542 3640 831 3711 imaginem
858 3651 909 3697 et
935 3643 1508 3715 similitudinem-Dei,
1539 3654 1802 3720 volueris,
1838 3657 1910 3712 ita
1954 3661 2358 3735 philosophare,
2386 3686 2497 3725 non
2523 3686 2588 3726 ex
2613 3674 2777 3728 rebus
2809 3677 3194 3743 exterioribus,
3226 3681 3323 3736 sed
3393 3698 3462 3737 ex
3527 3686 3594 3739 iis

330 3744 455 3799 quae
502 3732 642 3786 intra
701 3740 752 3788 te
791 3743 942 3799 sunt,
996 3737 1163 3792 Deum
1187 3739 1432 3794 abditum
1473 3743 1569 3797 tibi
1632 3750 1909 3818 cognitum
1952 3753 2118 3809 redde
2151 3732 2215 3810 ex
2237 3773 2299 3811 ea
2324 3762 2520 3829 quaein
2553 3771 2604 3817 te
2622 3764 2741 3833 ipso
2794 3774 2880 3822 est
2939 3769 3203 3835 trinitate,
3267 3769 3592 3828 Trinitatem

328 3838 561 3894 agnosce
603 3840 668 3879 ex
705 3827 867 3884 rebus
908 3831 960 3883 in
991 3837 1045 3884 te
1076 3834 1467 3891 exsistentibus
1503 3856 1517 3892 :
1552 3838 1655 3894 hoc
1689 3844 1888 3915 quippe
1925 3849 2120 3917 quovis
2157 3851 2264 3906 alio
2298 3827 2363 3908 eat

329 3913 434 3968 ﬁde
461 3912 679 3984 dignius
718 3921 1111 3976 testimonium.

403 4004 609 4060 Etenim
636 4008 775 4063 hanc
811 4026 974 4064 unam
1015 4016 1085 4068 ob
1121 4030 1345 4073 causam
1377 4022 1482 4076 tale
1521 4025 1720 4079 animal
1769 4042 1901 4083 eon-

325 4092 465 4164 didit
515 4093 704 4150 Deus:
751 4100 1193 4171 quandoquidem
1252 4105 1304 4159 in
1353 4111 1556 4165 mundo
1599 4115 1899 4182 praedicau-

324 4185 454 4240 dum
481 4195 599 4242 erat
629 4191 947 4260 mysterium
980 4191 1269 4251 Trinitatis
1302 4199 1437 4254 adeo
1476 4203 1747 4271 explicata
1790 4206 1898 4259 dil‘s

326 4280 488 4342 llcile,
540 4283 795 4351 quodque
851 4286 1236 4354 comprehendi
1289 4305 1396 4347 non
1457 4303 1674 4362 potest,
1726 4304 1785 4350 ut
1840 4299 1892 4352 in

2405 3854 2520 3925 lege
2540 3866 2634 3911 aut
2661 3859 2942 3931 Scriptura
2977 3864 3144 3934 petito
3169 3865 3381 3922 ﬁrmius
3410 3880 3498 3923 εει
3526 3882 3590 3923 ac

2079 4026 2179 4080 Διὰ
2240 4018 2349 4100 γὰρ
2407 4031 2614 4102 ταύτην
2660 4036 2754 4089 καὶ
2801 4037 2970 4109 μόνην
2998 4040 3096 4112 τὴν
3135 4043 3311 4097 αἰτίαν
3343 4047 3590 4102 τοιοῦτον

2004 4115 2141 4180 ζῶον
2172 4120 2201 4172 ὁ
2229 4120 2361 4185 Θεὸς
2388 4125 2808 4194 κατεσκεύασεν,
2843 4131 3029 4202 ἐπειδὴ
3058 4131 3281 4203 ἔμελλεν
3309 4138 3369 4188 ὲν
3394 4140 3588 4211 κόσμῳ

2002 4211 2339 4281 κηρυχθῆναι
2372 4214 2435 4268 τὸ
2459 4217 2559 4287 τῆς
2578 4219 2737 4285 ἁγίας
2767 4222 2995 4293 Τριάδος
3029 4228 3347 4299 μυστήριον,
3368 4230 3444 4294 ὡς
3467 4232 3589 4286 δυσ-

1999 4304 2326 4372 ερμήνευτόν
2367 4323 2428 4359 τε
2444 4309 2537 4360 καὶ
2572 4310 2957 4383 ἀκατάληπτον
2977 4332 2992 4345 ·
3038 4317 3125 4370 ἵνα
3162 4319 3294 4391 ἔχῃς
3322 4323 3383 4374 ὲν
3402 4324 3585 4394 ἐαυτῷ

324 4370 748 4440 teipsobabeas,
779 4374 868 4443 qui
914 4375 980 4428 ad
1028 4377 1316 4447 imaginem
1374 4383 1894 4455 similitudinemque

2021 4370 2174 4445 »κατ’
2202 4394 2385 4450 είκόνα
2440 4400 2534 4452 καὶ
2589 4370 2847 4471 ὁμοίωσίν
2892 4403 3050 4472 Θεοῦ,
3109 4370 3470 4480 τὴνκῖίκύνα*

324 4458 418 4516 Dei
451 4469 668 4518 creatus
687 4479 766 4525 es.
796 4464 1084 4537 imaginem
1123 4476 1178 4523 et
1221 4472 1632 4529 similitudinem
1666 4484 1717 4529 et
1758 4477 1889 4547 ligu—

324 4565 411 4578 ,Μ
446 4561 492 4578 ,.
524 4554 763 4578 nam“-
809 4565 1006 4578 ____.__
1276 4563 1307 4578 ..
1468 4572 1479 4578 -
1814 4568 1824 4578 .

2024 4483 2246 4551 μοίωσιν
2273 4488 2366 4540 καὶ
2403 4491 2529 4552 τοὺς
2560 4458 2764 4557 τύπους
2795 4496 2888 4548 καὶ
2914 4458 2986 4550 τά
3032 4458 3456 4572 παραδείγματα

322 4565 413 4607 ras
443 4561 498 4606 et
520 4554 767 4623 exempla
807 4565 1011 4611 sanctae
1056 4557 1379 4616 Trinitatis:
1426 4572 1487 4617 ut
1536 4581 1659 4619 cum
1703 4568 1892 4624 oculos

321 4642 388 4695 ad
420 4643 616 4698 animae
655 4645 1022 4701 conditionem
1060 4655 1416 4719 converteris,
1470 4672 1575 4710 non
1621 4659 1733 4726 jam
1781 4676 1892 4714 am-

321 4733 464 4802 plius
517 4735 570 4788 in
625 4738 881 4809 mysterio
917 4738 1202 4797 Trinitatis
1255 4745 1500 4816 ambigas
1540 4749 1887 4819 disputesve,

320 4840 496 4895 neque
529 4827 681 4883 dicas
711 4830 965 4898 amplius,
1004 4839 1058 4886 et
1090 4836 1307 4891 curiose
1362 4840 1623 4917 scruteris
1667 4842 1720 4896 in
1775 4844 1889 4899 lucc

319 4917 517 4972 verba:
546 4918 601 4972 Si
642 4917 880 4976 Trinitas
918 4931 1002 4977 est
1050 4923 1211 4991 Deus,
1247 4929 1521 4996 quomodo
1554 4938 1639 4986 est
1669 4934 1888 4990 unitas?

317 5006 365 5059 si
395 5021 524 5061 vero
552 5023 693 5061 unus
718 5018 822 5075 est,
856 5018 912 5063 ut
942 5010 1166 5075 dicitur,
1197 5018 1473 5084 quomodo
1494 5027 1579 5074 est
1613 5021 1888 5079 Trinitas?

315 5106 370 5151 et
393 5096 441 5153 si
476 5096 646 5154 Filius
672 5111 757 5156 est
800 5101 1060 5167 Verbum,
1117 5108 1389 5174 quomodo
1433 5109 1545 5163 ﬁeri
1595 5120 1771 5181 potest
1828 5124 1889 5169 ut

316 5202 424 5242 non
452 5190 634 5246 minus
668 5207 830 5260 quam
866 5195 1080 5263 genitor
1109 5199 1289 5266 proles
1346 5199 1616 5270 principio
1662 5206 1886 5259 careat?

315 5283 363 5335 si
387 5297 454 5337 ex
484 5283 645 5339 Patre
675 5293 760 5339 est
800 5283 1351 5357 Spiritus,quomodo
1381 5306 1488 5345 non
1525 5302 1609 5347 est
1639 5297 1880 5365 genitus,

313 5373 410 5427 sed
452 5375 792 5443 procedens?
844 5385 939 5430 aut
985 5388 1166 5434 utrum
1222 5382 1375 5450 prius
1412 5383 1669 5451 produxit
1700 5385 1881 5456 Pater,

313 5460 511 5516 Filium
537 5480 606 5520 an
640 5466 949 5536 Spiritum?
982 5469 1028 5523 si
1056 5485 1187 5525 vero
1229 5479 1524 5544 utrumque
1571 5477 1756 5541 simul,
1811 5494 1881 5533 an

313 5551 625 5610 fraternitas
675 5554 900 5613 Deitatis
950 5565 1006 5613 et
1054 5561 1395 5630 geminorum
1455 5576 1643 5633 partus
1691 5577 1776 5623 est
1824 5568 1881 5623 in

311 5639 750 5715 Trinitate?quo
779 5662 908 5702 vero
936 5658 1094 5717 pacto
1121 5653 1176 5705 in
1224 5652 1585 5724 incorporeis,
1615 5666 1669 5711 et
1694 5658 1880 5714 immo-

315 5732 536 5801 bilibus,
560 5743 614 5792 et
643 5736 1071 5798 immutabilibus
1105 5745 1474 5815 generationis
1503 5756 1555 5804 et
1578 5752 1878 5819 processio-

1996 4571 2157 4638 ἁγίας
2183 4577 2410 4646 Τριάδος
2429 4596 2443 4609 ·
2476 4581 2562 4635 ἵνα
2591 4584 2670 4647 είς
2688 4583 2786 4655 τὴν
2811 4586 2993 4641 είκόνα
3027 4590 3124 4660 τῆς
3142 4571 3383 4663 ψυχικῆς
3404 4571 3581 4650 mea:

1995 4666 2191 4737 σκευῆς
2224 4668 2437 4738 βλέπων
2472 4673 2669 4744 μηκέτι
2705 4675 2962 4751 διστάσῃς
2990 4680 3048 4731 ἐν
3079 4680 3157 4749 τῷ
3186 4684 3449 4755 τριαδικῷ
3475 4706 3580 4759 μυ-

1993 4757 2235 4828 στηρίῳ·
2299 4763 2494 4832 μηκέτι
2531 4767 2691 4837 εἴπῃς
2735 4770 2830 4821 καὶ
2887 4773 3225 4846 περιεργάζει
3273 4757 3488 4844 λέγων·⁷
3515 4782 3579 4833 Εἰ

1991 4847 2159 4919 Τριάς
2189 4854 2334 4906 ἐστιν
2356 4857 2384 4907 ὁ
2414 4856 2564 4921 Θεὸς,
2598 4861 2714 4923 πῶς
2744 4861 2859 4915 ἐστι
2901 4865 3102 4933 navie;
3139 4868 3187 4918 εἰ
3216 4867 3272 4920 δὲ
3299 4863 3381 4932 εἷς
3403 4872 3576 4937 ἐστιν,

1989 4936 2065 5003 ὡς
2096 4941 2334 5010 λέγεται,
2367 4939 2498 5010 ’πῶς
2529 4949 2717 5020 Τριάς;
2753 4954 2847 5006 καὶ
2899 4956 2947 5007 εί
2982 4955 3109 5018 Υἱός
3133 4956 3282 5011 ἐστιν
3312 4962 3343 5012 ὁ
3374 4960 3575 5029 Λόγος,

1990 5028 2107 5094 πῶς
2123 5031 2368 5104 γέννημα
2399 5036 2620 5092 δυνατὸν
2639 5036 2778 5094 εἶναι
2808 5044 3141 5115 συνάναρχον
3161 5048 3238 5117 τῷ
3253 5028 3573 5123 γεννήτορι;

1988 5122 2082 5174 καὶ
2120 5125 2169 5175 εἰ
2196 5125 2260 5178 ὲκ
2282 5127 2492 5199 Πατρός
2522 5131 2637 5184 ἐστι
2667 5132 2727 5186 τὸ
2760 5133 3003 5205 Πνεῦμα,
3039 5137 3157 5203 πῶς
3182 5139 3281 5192 οὐκ
3300 5140 3416 5195 ἐστι
3445 5122 3575 5213 γεν-

1987 5214 2164 5284 νητὸν,
2197 5216 2312 5270 ἀλλ’
2335 5221 2747 5295 ὲκπορευτόνςῆ
2783 5230 2931 5279 ποῖον
2963 5231 3274 5300 προήγαγεν
3309 5233 3340 5284 ὀ
3374 5235 3571 5307 Πατὴρ
3597 5251 3616 5270 '

1986 5305 2269 5397 πρότερον,
2300 5309 2392 5363 τὸν
2414 5311 2594 5383 mw}
2625 5315 2687 5369 τὸ
2715 5316 2973 5388 Πνεῦμα;
3004 5320 3066 5372 Et
3094 5320 3152 5375 δὲ
3177 5320 3247 5375 τὰ
3276 5305 3568 5397 ἀμφότερα

1986 5392 2120 5463 ἅμα,
2147 5389 2253 5467 ἆρα
2292 5397 2359 5451 ἂν
2391 5398 2704 5468 ἀδελφοθεῒα
2732 5403 2824 5456 καὶ
2856 5404 3197 5476 διδυμοτοκία
3237 5389 3387 5463 ἐστὶν
3416 5414 3476 5465 ἐν

1985 5483 2209 5553 Τριάδι;
2236 5485 2351 5549 πῶς
2370 5486 2426 5540 δὲ
2454 5489 2547 5541 καὶ
2566 5489 2973 5563 διαγνωσόμεθα
3000 5496 3094 5549 ἐπὶ
3122 5497 3231 5552 τῶν
3252 5499 3565 5571 ἀσωμάτων

1982 5575 2073 5628 καὶ
2108 5575 2378 5647 ἀκινήτων
2424 5581 2521 5633 καὶ
2569 5581 2958 5651 ἀμεταστάτων
2996 5587 3058 5640 τὸ
3087 5588 3343 5661 διάφορον
3370 5596 3563 5663 γεννή-

1983 5681 2121 5728 σεως
2150 5668 2244 5719 καὶ
2270 5667 2645 5739 ἐκπορεύσεως
2673 5688 2688 5737 ;
2720 5673 2834 5736 πῶς
2864 5673 2921 5730 δὲ
2948 5676 3041 5728 καὶ
3063 5676 3283 5731 δυνατὸν
3305 5679 3561 5750 ὁμόδοξον

1980 5751 2118 5817 εἶναι
2147 5757 2208 5812 τὸ
2244 5760 2487 5831 γέννημα
2524 5762 2602 5833 τῷ
2626 5766 2904 5837 γεννήτορι
2931 5783 2944 5833 ;
2980 5768 3148 5823 θέλων
3177 5769 3233 5823 δὲ
3266 5772 3373 5843 ἄρα
3403 5773 3558 5827 τέτο-
