3838 6220
378 327 516 383 MSS
618 335 623 342 ’

1854 327 2222 386 APPENDIX.

3493 327 3632 383 15M

371 442 539 496 Deum
585 441 848 498 indicavit
869 428 904 497 ε’
936 442 1168 512 Spiritus
1211 446 1352 499 enim
1377 453 1456 500 est
1489 444 1627 500 Deus
1658 445 1726 512 δ’,
1775 453 1834 499 ut
1865 447 1943 498 in-

2053 447 2176 518 ρίας
2208 447 2378 517 αὐτῆς
2411 446 2778 518 φεραλλήλους
2822 446 2917 500 καὶ
2945 444 3225 517 ήνωμένας
3257 444 3630 516 ὑπαρχούσας.

368 533 486 601 quit
509 532 811 604 Scriptura.
842 534 1466 605 Progrederedeindeab
1489 537 1588 591 hac
1608 547 1795 592 sancta
1825 535 1950 590 Tri-

371 623 538 678 nitate
552 624 617 677 ad
638 624 1088 694 ejusimaginem,
1122 627 1446 689 trinitatem,
1472 628 1715 698 inquam,
1747 644 1869 698 quae
1893 629 1947 682 in

371 715 527 771 nobis
539 725 624 770 est
641 716 788 770 intus
802 719 1094 780 exsistens.
1113 726 1278 788 atque
1295 719 1367 772 ita
1387 728 1498 774 trcs
1523 736 1742 789 quoque
1778 721 1950 790 ipsius

369 811 760 880 appellationes
795 813 937 867 inter
967 829 1026 868 se
1053 815 1256 870 relatas
1272 824 1326 869 et
1355 815 1944 886 unitasdeprehendes.

369 902 508 956 Cum
557 905 705 956 enim
758 904 966 960 dixeris
1001 907 1237 958 animam
1289 908 1610 961 rationalem
1659 923 1723 961 ac
1768 918 1949 963 mente

371 995 675 1062 praeditam,
719 996 974 1052 videlicet
1004 1007 1058 1053 et
1081 999 1348 1054 rationem
1405 1008 1460 1054 et
1499 1009 1737 1055 mentem
1773 1002 1948 1070 signi-

372 1087 567 1152 lli-asti,
603 1103 837 1160 cumque
865 1091 1132 1145 rationem
1177 1092 1496 1158 nominaris,
1531 1095 1756 1147 omnino
1783 1095 1946 1148 etiam

372 1179 610 1232 animam
639 1181 982 1245 rationalem,
1027 1198 1147 1251 qua)
1176 1183 1342 1252 hujus
1385 1192 1470 1238 est
1511 1183 1772 1253 genitrix,
1813 1185 1949 1238 indi-

371 1271 546 1337 casti;
574 1272 826 1329 similiter
859 1281 913 1328 et
947 1275 1034 1329 ubi
1065 1282 1300 1328 mentem
1337 1275 1566 1337 dixeris,
1601 1276 1759 1346 plane
1781 1278 1944 1330 etiam

371 1364 608 1416 animam
639 1372 694 1418 et
736 1364 1005 1419 rationem
1047 1365 1389 1433 significasti.
1431 1366 1604 1435 Cujus
1640 1367 1947 1422 enimalio-

372 1453 505 1522 quin
539 1455 645 1508 erit
672 1470 846 1518 mens,
876 1457 980 1511 nisi
1008 1457 1202 1511 anima:
1229 1465 1284 1510 et
1327 1458 1602 1512 rationis?
1657 1459 1835 1530 Atque
1869 1460 1945 1514 id-

369 1547 522 1599 circo
538 1547 680 1600 sicut
711 1547 936 1601 relatam
960 1555 1014 1602 et
1041 1563 1069 1600 a
1087 1563 1147 1603 se
1169 1557 1360 1604 mutuo
1389 1549 1714 1617 pendentem
1742 1552 1948 1607 habent

372 1637 814 1706 appellationem,
869 1638 945 1692 ita
977 1654 1324 1694 communem
1375 1649 1431 1694 et
1474 1640 1809 1696 individuam
1844 1643 1944 1696 ba-

374 1728 501 1781 hent
532 1727 881 1782 ess‘entialem
913 1727 1309 1785 eﬂicacitatem.
1336 1729 1450 1785 Una
1479 1732 1623 1787 enim
1657 1741 1712 1786 et
1739 1733 1936 1787 similis

373 1817 552 1874 Patris
585 1826 640 1872 et
669 1818 792 1872 Filii
838 1827 892 1874 et
932 1818 1172 1889 Spiritus
1226 1823 1405 1876 sancti
1455 1823 1772 1888 elficacitas,
1833 1840 1942 1879 una

370 1906 567 1968 virtus,
592 1923 697 1961 una
730 1909 992 1979 potentia,
1029 1925 1135 1963 una
1168 1911 1448 1977 voluntas,
1492 1927 1598 1965 una
1647 1913 1942 1968 sententia.

370 2001 720 2070 Quaecunque
745 2002 1016 2071 siquidem
1047 2003 1239 2058 fecerit
1270 2003 1453 2070 Pater,
1505 2004 1812 2060 indivulsus
1845 2021 1942 2060 eo-

369 2099 626 2159 operator
661 2103 746 2146 est
787 2101 842 2147 et
890 2093 1101 2160 Filius;
1163 2101 1220 2148 et
1263 2111 1608 2165 quaecunque
1655 2096 1945 2166 perfecerit

372 2179 541 2235 Filius
591 2193 685 2233 aut
739 2180 978 2252 Spiritus
1037 2193 1286 2248 sanctus,
1337 2185 1563 2238 omnino
1617 2195 1945 2254 cooperatur

372 2270 605 2328 indivise
644 2272 844 2342 Pater;
895 2290 1071 2343 neque
1129 2275 1276 2330 enim
1332 2274 1506 2331 Filius
1547 2276 1666 2331 sine
1717 2275 1877 2332 Patre
1915 2291 1944 2330 a

371 2378 428 2416 se
454 2363 577 2433 ipso
602 2379 698 2433 per
737 2380 796 2419 se
826 2365 977 2420 solus
1029 2367 1157 2435 quid
1193 2365 1343 2432 facit,
1407 2383 1583 2437 neque
1631 2367 1742 2421 ullo
1783 2369 1946 2421 modo

371 2452 531 2510 Pater
555 2457 674 2510 sine
698 2454 836 2510 Filio
867 2467 922 2511 et
952 2456 1159 2527 Spiritu
1189 2471 1410 2522 sancto,
1458 2475 1558 2513 nec
1590 2473 1782 2514 rursus
1823 2457 1943 2529 Spi-

371 2545 512 2598 ritus
534 2547 653 2600 sine
692 2544 828 2599 Filio
855 2557 910 2601 et
951 2545 1113 2602 Patre
1161 2547 1440 2617 quidpiam
1495 2553 1804 2616 operatum
1833 2548 1946 2618 Age

370 2653 518 2691 nunc
547 2637 802 2708 deinceps
826 2639 897 2694 ab
947 2639 1350 2707 exemplaribus
1399 2639 1466 2693 ad
1511 2639 1762 2709 elligiem,
1817 2654 1942 2707 quae

368 2737 453 2784 est
501 2729 567 2783 ad
619 2731 911 2800 imaginem
944 2741 998 2786 et
1057 2731 1472 2787 similitudinem
1521 2730 1617 2787 Dei
1660 2732 1716 2786 in
1763 2731 1942 2786 anima

371 2831 590 2886 nostra,
626 2831 679 2875 te
710 2831 987 2886 converte,
1037 2831 1260 2892 tumque
1301 2838 1466 2877 unam
1513 2839 1577 2878 ac
1609 2824 1844 2879 similem
1888 2825 1943 2878 in

371 2913 532 2968 nobis
571 2914 942 2982 operationem
983 2913 1211 2970 videbis.
1255 2914 1390 2968 Nam
1450 2930 1550 2970 nec
1588 2915 1767 2968 anima
1825 2916 1945 2968 sine

371 3004 581 3057 ratione
603 3001 732 3072 quid
757 3010 998 3073 praestat,
1018 3019 1196 3073 neque
1222 3005 1340 3060 sine
1370 3005 1552 3059 anima
1580 3005 1740 3066 ratio,
1768 3021 1942 3075 neque

369 3096 504 3150 adeo
537 3110 692 3150 mens
725 3111 917 3152 rursus
943 3097 1061 3152 sine
1099 3098 1281 3151 anima
1318 3106 1373 3152 et
1403 3099 1613 3152 ratione
1654 3097 1768 3153 sola
1811 3099 1940 3168 quid
1972 3128 2013 3187 ς

362 3187 692 3256 exsequitur
728 3205 742 3240 :
773 3188 917 3256 quod
949 3188 1196 3255 ejusdem
1222 3196 1432 3244 natura:
1453 3188 1726 3258 simulque
1758 3196 1940 3241 natam

369 3292 433 3330 ac
463 3259 770 3332 devinctam
796 3278 1032 3333 habeant
1057 3281 1201 3334 inter
1225 3295 1283 3334 se
1307 3295 1654 3334 communem
1681 3279 1941 3333 virtutem

364 3379 421 3423 ct
450 3369 844 3432 eﬂlcacitatem,
878 3387 998 3440 qua:
1031 3379 1115 3426 est
1146 3371 1214 3424 ad
1261 3373 1552 3442 imaginem
1581 3379 1635 3425 et
1683 3371 1945 3425 similitu-

369 3460 551 3512 dinem
590 3458 701 3511 Dei.
733 3458 889 3524 Quod
917 3461 962 3514 si
992 3461 1124 3514 mihi
1165 3461 1416 3529 objicias,
1438 3461 1575 3514 nihil
1611 3476 1707 3529 per
1741 3475 1800 3514 se
1824 3460 1945 3512 ani-

377 3562 516 3600 mam
549 3548 757 3616 absque
779 3564 1006 3618 corpore
1030 3550 1266 3620 operari,
1300 3550 1414 3619 jam
1466 3550 1518 3604 id
1576 3566 1677 3606 nos
1723 3566 1942 3620 quoque

371 3647 499 3691 ante
541 3639 784 3694 diximus
824 3641 926 3695 :in
975 3642 1078 3694 hoc
1124 3642 1380 3696 nimirum
1446 3643 1592 3696 illam
1647 3643 1814 3697 etiam
1862 3643 1942 3695 fa—

366 3739 516 3780 ctam
539 3727 606 3782 ad
641 3728 934 3798 imaginem
961 3737 1017 3784 et
1048 3729 1466 3786 similitudinem
1513 3747 1610 3802 per
1657 3733 1941 3787 materiam

363 3818 671 3887 eubjeclam
701 3822 875 3875 oculis
908 3820 1194 3876 facultates
1221 3837 1350 3876 suas
1375 3820 1756 3878 demonstrare
1776 3861 1794 3889 ,
1822 3839 1946 3892 quae

364 3909 477 3963 sub
505 3919 785 3979 aspectum
819 3927 926 3964 non
961 3911 1203 3978 cadunt;
1242 3913 1457 3968 tametsi
1487 3929 1612 3974 cum
1644 3930 1673 3968 a
1707 3930 1942 3984 corpore

365 4009 623 4070 separata
650 4012 735 4057 est
760 4011 954 4057 natura
989 4019 1086 4058 sua
1122 4020 1257 4073 pura
1287 4009 1470 4060 anima
1503 4015 1558 4062 et
1591 4008 1897 4062 substantia
1923 4049 1939 4073 ,

367 4101 486 4145 tum
535 4094 768 4147 maxime
808 4096 876 4148 ad
923 4095 1362 4164 perspiciendum
1399 4097 1593 4152 idonea
1626 4108 1680 4153 et
1711 4099 1941 4168 simplex

363 4195 425 4236 et
451 4183 637 4239 sedata
673 4186 1014 4256 lucidiorque
1041 4188 1294 4254 iuventa,
1331 4190 1512 4245 verius
1542 4190 1611 4245 ad
1647 4191 1940 4261 imaginem

364 4285 424 4330 ct
457 4277 869 4333 similitudinem
902 4277 996 4333 Dei
1030 4278 1175 4334 facta
1205 4281 1466 4350 appellari
1503 4291 1680 4352 potest
1709 4290 1764 4338 et
1793 4299 1936 4338 esse.

367 4368 528 4433 Quod
564 4368 610 4423 si
643 4384 742 4434 ea,
779 4385 901 4440 qua:
945 4371 1091 4426 dicta
1145 4379 1307 4434 sunt,
1359 4380 1418 4426 ut
1455 4373 1730 4442 conjicere
1778 4374 1938 4438 licet,

2066 540 2233 594 Ἐπὰν
2263 541 2370 612 γὰρ
2403 542 2562 614 εἴπῃς
2587 541 2763 612 ψυχὴν
2792 540 3016 610 λογικὴν
3050 543 3143 592 καὶ
3176 539 3388 610 νοεραν.
3411 539 3635 607 εὔδηλον

2048 630 2130 683 ὅτι
2159 631 2253 684 καὶ
2287 631 2442 699 λόγον
2462 633 2555 686 καὶ
2573 633 2698 686 νοῦν
2716 632 2812 701 ἐσή
2823 648 2994 702 μανας
3019 647 3033 662 ’
3069 631 3164 684 καῖ⁹
3198 631 3336 684 ἐπὰν
3355 631 3634 702 ὀνομάσῃς

2049 720 2224 789 λόγον,
2256 722 2472 787 πάντως
2500 724 2581 776 ὅτι
2612 725 2705 776 καὶ
2726 723 2823 794 τὴν
2847 721 3070 794 λογικὴν
3099 723 3274 794 ψυχὴν
3313 723 3413 794 τὴν
3442 723 3635 776 τούτου

2047 814 2371 885 γεννητικὴν
2397 814 2690 884 ἐδήλωσας.
2723 813 2993 878 Ὡσαύτως
3024 815 3117 868 καὶ
3133 813 3270 867 ἐπὰν
3299 814 3463 885 εἴπῃς
3485 813 3633 879 νοῦν,

2048 906 2113 958 ἐκ
2148 905 2347 969 παντὸς
2392 905 2592 977 τρόπου
2631 906 2713 959 ὅτι
2767 907 2862 960 καὶ
2889 905 2985 978 τὴν
3010 905 3187 977 ψυχὴν
3241 906 3336 959 καὶ
3362 906 3454 958 τὸν
3475 906 3634 973 λόγον

2048 998 2342 1068 ἐδήλωσας.
2370 997 2526 1063 Τίνος
2555 998 2662 1070 γὰρ
2702 1001 2797 1052 καὶ
2825 999 2976 1052 ἔσται
3011 999 3135 1063 νοῦς
3163 1001 3210 1053 εί
3239 1000 3314 1069 μὴ
3329 999 3513 1068 ψυχῆς
3540 1000 3634 1052 καὶ

2047 1088 2240 1156 λόγου;
2271 1089 2370 1143 Διὰ
2387 1090 2450 1162 δὴ
2475 1090 2633 1144 τοῦτο
2655 1091 2844 1160 ὥσπερ
2875 1091 3206 1162 φεράλληλον
3254 1091 3348 1144 καὶ
3372 1090 3634 1160 ἀλληλέν-

2046 1178 2197 1232 δετον
2231 1179 2526 1253 ἔχουσιτὴν
2548 1182 2934 1252 προσηγορίαν,
2959 1181 3102 1235 οὕτω
3129 1182 3311 1253 κοινὴν
3342 1182 3435 1234 καὶ
3460 1181 3636 1234 ἀδιαί-

2050 1284 2203 1336 ρετον
2240 1267 2421 1338 ἔχουσι
2457 1269 2550 1322 καὶ
2601 1272 2700 1341 τὴν
2751 1271 2979 1342 οὐσιώδη
3021 1272 3320 1342 ἐνέργειαν.
3365 1273 3483 1325 Μία
3520 1272 3633 1341 γὰρ

2049 1359 2143 1411 καὶ
2189 1360 2352 1429 ὁμοία
2397 1361 2431 1432 ἠ
2468 1361 2720 1433 ἐνέργεια
2763 1364 2995 1434 Πατρὸς,
3031 1365 3128 1416 καὶ
3167 1363 3317 1427 Υίοῦ,
3350 1365 3446 1416 καὶ
3470 1364 3630 1432 ἁγίου

2049 1448 2386 1520 Πνεύματος,
2419 1451 2517 1520 μία
2545 1454 2720 1524 ἰσχὺς,
2748 1453 2840 1506 καὶ
2864 1453 2962 1524 μία
2976 1453 3222 1525 δύναμις,
3250 1454 3348 1524 μία
3383 1454 3631 1525 θέλησις,

2051 1537 2152 1608 μία
2178 1539 2392 1611 γνώμη.
2433 1541 2573 1594 Ὅσα
2602 1547 2712 1614 γάρ
2749 1544 2816 1597 ἂν
2848 1546 3076 1616 πράττοι
3115 1548 3142 1599 6
3171 1546 3382 1617 Πατὴρ,
3422 1545 3633 1617 ἀχώρι-

2051 1630 2175 1694 στός
2221 1632 2338 1684 ἐστι
2377 1633 2472 1685 καὶ
2510 1635 2884 1706 συμπράκτωρ
2912 1638 3006 1690 καὶ
3030 1639 3059 1691 6
3088 1637 3213 1701 Υίός
3233 1656 3247 1670 ·
3292 1639 3387 1690 καὶ
3416 1639 3520 1691 ὅσα
3563 1638 3633 1690 ἂν

2049 1721 2268 1792 ἐπιτελῇ
2325 1725 2354 1775 6
2397 1722 2544 1787 Υἱὸς,
2597 1724 2630 1796 ἢ
2682 1726 2742 1778 τὸ
2788 1727 3051 1794 πανάγιον
3091 1727 3333 1798 Πνεῦμα,
3379 1731 3636 1799 συνεργεῖ

2051 1811 2268 1874 πάντως
2302 1812 2623 1882 ἁδιαιρέτως
2675 1815 2705 1867 6
2759 1816 2980 1886 Πατήρ·
3010 1817 3132 1871 οὐδὲ
3168 1818 3275 1889 γὰρ
3298 1821 3326 1872 6
3355 1819 3482 1881 Υἱὸς
3506 1820 3636 1890 δίχα

2053 1903 2269 1974 Πατρὸς
2301 1905 2395 1974 ἀφ’
2425 1905 2619 1960 ἐαυτοῦ
2644 1906 2766 1960 καθ’
2797 1909 2990 1962 ἑαυτὸν
3020 1912 3165 1962 ποιεῖ
3194 1928 3267 1977 τι,
3297 1910 3420 1966 οὐδὲ
3455 1913 3487 1965 6
3521 1913 3636 1964 Πα-

2049 1992 2152 2066 τὴρ
2207 1995 2422 2059 πάντως
2477 1997 2647 2067 χωρὶς
2687 1997 2781 2051 τοῦ
2806 1999 2953 2052 ’Υἱοῦ
3019 2001 3113 2054 καὶ
3156 2000 3248 2054 τοῦ
3288 2002 3633 2073 Πνεύματος,

2049 2085 2173 2138 οὔτε
2197 2085 2358 2140 πάλιν
2386 2086 2451 2140 τὸ
2471 2087 2694 2158 Πνεῦμα
2724 2089 2850 2142 ἄνευ
2882 2089 2976 2144 τοῦ
3003 2090 3134 2144 Υἱοῦ
3161 2093 3253 2144 καὶ
3284 2093 3503 2164 Πατρὸς
3539 2095 3634 2164 ἐρ-

2049 2175 2274 2244 γάζεταί
2295 2193 2368 2231 τι.
2401 2177 2570 2248 Δεῦρο
2593 2178 2776 2232 λοιπὸν
2802 2180 2962 2232 πάλιν
2989 2181 3097 2234 ἀπὸ
3128 2181 3235 2234 τῶν
3255 2183 3634 2253 πρωτοτύπων

2050 2268 2142 2320 ἐπὶ
2166 2267 2258 2320 τὸν
2303 2268 2471 2321 τύπον
2505 2270 2596 2322 τὸν
2625 2272 2745 2323 κατ’
2767 2272 2952 2325 εἰκόνα
2980 2272 3113 2325 Θεοῦ
3153 2274 3246 2326 καὶ
3280 2274 3404 2327 καθ’
3427 2275 3636 2340 ὁμοίω-

2052 2377 2136 2412 σιν
2162 2361 2253 2413 τὸν
2276 2361 2371 2430 τῆς
2394 2363 2665 2432 ἡμετέρας
2689 2363 2884 2433 ψυχῆς,
2914 2366 3005 2417 καὶ
3027 2364 3147 2432 ὄψει
3171 2366 3298 2435 μίαν
3324 2365 3419 2418 καὶ
3440 2367 3636 2436 ὁμοίαν

2047 2449 2148 2519 τὴν
2177 2449 2456 2520 ἐνέργειαν
2483 2452 2540 2502 ἐν
2573 2453 2722 2521 ἡμῖν.
2771 2452 2908 2505 Οὔτε
2951 2453 3114 2524 γὰρὴ
3143 2453 3289 2525 ψυχὴ
3314 2453 3438 2524 δίχα
3470 2455 3633 2524 λόγου

2047 2542 2286 2594 ἐπιτελεῖ
2309 2559 2386 2604 τι,
2416 2541 2539 2595 οὔτε
2570 2545 2598 2596 6
2616 2544 2771 2610 λόγος
2792 2543 2913 2614 δίχα
2935 2545 3132 2615 ψυχῆς,
3152 2544 3276 2598 οὔτε
3306 2546 3417 2616 μὴν
3444 2548 3475 2598 ὁ
3510 2547 3635 2607 νοῦς

2049 2634 2210 2688 πάλιν
2263 2635 2386 2688 καθ’
2436 2636 2627 2688 ἑαυτὸν
2654 2638 2824 2707 χωρὶς
2852 2637 2952 2707 τῆς
2993 2637 3170 2708 ψυχῆς
3198 2638 3291 2691 καὶ
3337 2637 3436 2690 τοῦ
3469 2639 3631 2706 λόγου

2047 2723 2548 2800 κατεργάζεταίτι,
2597 2726 2686 2781 διὰ
2734 2728 2833 2797 τὴν
2865 2729 3077 2798 ὁμοφυῆ
3112 2728 3209 2780 καὶ
3250 2728 3480 2798 συμφυῆ
3541 2728 3636 2780 καὶ

2046 2817 2421 2888 ἀλληλένδετον
2438 2819 2618 2872 αὐτῶν
2643 2820 2827 2890 κοινὴν
2853 2819 3082 2890 δύναμίν
3112 2837 3170 2873 τε
3201 2821 3297 2874 καὶ
3320 2820 3634 2892 ἐνέργε.αν,

2045 2909 2144 2978 τὴν
2173 2911 2292 2962 κατ’
2321 2911 2505 2963 εἰκόνα
2541 2910 2636 2962 καί⁸
2657 2911 2914 2980 ὁμοίωσιν
2947 2910 3102 2964 Θεοῦ.
3134 2911 3195 2964 Εἰ
3223 2911 3280 2962 δὲ
3301 2911 3486 2979 λέγεις
3519 2928 3634 2980 μοι,

2045 3001 2126 3054 ὅτι
2155 3001 2304 3054 οὐδὲν
2331 3002 2454 3055 καθ’
2489 3003 2686 3070 ἑαυτὴν
2705 3005 2919 3073 ἐνεργεῖ
2950 3005 2983 3074 ἡ
3020 3002 3165 3073 ψυχὴ
3208 3003 3380 3073 χωρὶς
3408 3002 3506 3056 τοῦ
3532 3001 3638 3054 σώ-

2048 3107 2236 3160 ματος,
2281 3092 2381 3163 ἤδη
2433 3093 2592 3145 τοῦτο
2619 3095 2713 3145 καὶ
2758 3095 2918 3164 ἡμεῖς
2946 3095 3382 3165 προειρήκαμν,
3419 3094 3503 3146 ὅτι
3541 3095 3638 3147 καὶ

2047 3181 2104 3232 ἐν
2136 3180 2307 3250 τούτῳ
2328 3183 2446 3234 κατ’
2475 3182 2659 3235 εἰκόνα
2689 3183 2781 3236 καὶ
2817 3181 2938 3239 καθ’
2958 3181 3214 3251 ὁμοίωσιν
3253 3176 3390 3234 οὖσα
3416 3180 3506 3233 διὰ
3535 3179 3638 3243 τῆς

2047 3272 2177 3342 ῦλης
2199 3273 2481 3343 ὁρωμένης
2496 3275 2592 3335 τὰς
2614 3274 2875 3343 ἀοράτους
2894 3272 3061 3335 αὐτῆς
3085 3272 3322 3324 δείκνυσι
3338 3273 3601 3341 δυνάμεις
3617 3289 3632 3300 ·

2047 3365 2184 3433 πλὴν
2211 3367 2290 3418 ὅτι
2325 3366 2417 3418 καί
2452 3365 2789 3436 χωριζομένη
2830 3363 2921 3418 τοῦ
2956 3363 3262 3434 σώματοςὴ
3298 3364 3446 3417 κατὰ
3471 3364 3634 3432 φύσιν

2047 3455 2262 3526 καθαρὰ
2281 3456 2426 3526 ψυχὴ
2458 3456 2550 3508 καὶ
2584 3455 2762 3518 οὐσία,
2794 3455 2916 3506 τότε
2935 3454 3166 3524 μάλιστα
3191 3453 3632 3523 διορατικωτέρα

2046 3548 2140 3602 καὶ
2166 3548 2331 3617 ἁπλῆ,
2360 3548 2450 3600 καὶ
2475 3547 2943 3618 άπαρενόχ),ητος,ο
2961 3549 3053 3600 καὶ
3087 3546 3456 3616 φωτεινοτέρα
3479 3547 3631 3614 εὑρι-

2047 3640 2305 3711 σκομένη,
2338 3641 2456 3693 κατ’
2495 3641 2682 3693 εἰκόνα
2719 3641 2812 3694 καὶ
2833 3640 2954 3692 καθ’
2986 3640 3242 3708 ὁμοίωσιν
3267 3637 3404 3690 Θεοῦ
3436 3637 3633 3708 άληθέ-

2047 3748 2235 3802 στερον
2261 3729 2482 3784 δύναται
2509 3729 3012 3802 προσαγορεύεσθαι
3057 3731 3150 3783 καὶ
3177 3724 3334 3782 εἶναι.
3357 3728 3421 3780 Εἰ
3452 3727 3532 3792 δὲ,
3556 3726 3634 3789 ὡς

2045 3820 2210 3884 εἰκὸς,
2236 3821 2508 3885 διαπαίζει
2539 3821 2608 3873 τὰ
2645 3821 2909 3894 εἰρημένα
2943 3823 2972 3874 6
3005 3821 3069 3873 δι’
3099 3820 3370 3882 ἐναντίας,
3426 3819 3506 3879 ὡς
3556 3820 3632 3887 μη

2042 3911 2323 3978 δείξαντας
2350 3915 2497 3983 ἡμᾶς
2533 3914 2680 3984 τρεῖς
2721 3912 2925 3980 κυρίως
2964 3910 3382 3982 ἀπηρτισμένας
3416 3910 3633 3978 ἐπίτῆς

2043 4004 2221 4074 ψυχῆς
2271 4005 2595 4066 ὑποστάσεις
2636 4004 2754 4057 κατ’
2785 4003 3007 4071 ἰσότητα
3044 4003 3144 4072 τῆς
3166 4001 3445 4068 παναγίας
3472 3999 3633 4070 Τριά-

2043 4095 2152 4158 δος,
2181 4095 2493 4165 μανθανέτω
2507 4095 2534 4146 6
2555 4094 2762 4165 ἄφρων,
2781 4095 2862 4146 ὅτι
2885 4092 3005 4145 κατ’
3026 4092 3210 4144 εἰκόνα
3239 4091 3389 4144 ἐστὶν
3413 4092 3447 4160 ἡ
3482 4089 3631 4160 ψυχὴ

2043 4189 2281 4259 τοπικήν
2299 4205 2441 4255 τινα,
2465 4189 2558 4242 καὶ
2576 4188 2636 4241 οὐ
2655 4190 2775 4240 κατ’
2805 4187 3024 4257 ἰσότητα
3049 4186 3148 4256 τῆς
3171 4185 3335 4252 ἁγίας
3366 4183 3600 4254 Τριάδος
3615 4200 3630 4212 ο

2045 4279 2184 4350 πλὴν
2214 4280 2308 4334 καὶ
2363 4281 2456 4333 ἐπὶ
2513 4281 2617 4350 τῆς
2651 4279 2939 4350 Θεότητος,
2980 4279 3029 4330 εἱ
3064 4278 3137 4348 μὴ
3163 4275 3394 4346 φοϐερόν
3425 4277 3544 4327 ἐστι
3577 4274 3637 4326 τδ

2045 4372 2235 4435 εἰπεῖν,
2286 4369 2514 4441 τοπικὴν
2545 4370 2807 4441 διαίρεσιν
2853 4369 2948 4422 καὶ
2988 4366 3480 4438 ἐπιγεγραμμένην
3522 4366 3638 4418 διά-

373 4460 600 4514 irrideat
639 4461 1024 4528 adversarius,
1073 4464 1218 4535 quod
1261 4473 1373 4520 tres
1422 4466 1810 4522 subsistentias
1856 4467 1936 4522 vel

2047 4477 2235 4513 στασιν
2262 4461 2321 4527 ἐξ
2363 4461 2606 4532 ἀλλήλων
2633 4460 2778 4530 ἔχειν
2817 4459 2908 4512 τὸν
2951 4457 3173 4528 Πατέρα
3199 4456 3310 4510 ἀπὸ
3348 4455 3443 4509 τοῦ
3475 4455 3632 4514 Υἱοῦ,

372 4565 637 4620 personas
667 4553 886 4622 proprie
919 4554 1204 4610 absolutas
1235 4564 1290 4610 et
1336 4556 1606 4625 periectas
1657 4558 1711 4610 in
1759 4558 1942 4611 anima

369 4642 436 4700 ad
471 4643 834 4712 wqualitatem
864 4646 1225 4700 sanctissime
1254 4646 1540 4701 Trinitatis
1575 4663 1681 4702 non
1715 4648 1942 4702 demon-

2042 4550 2138 4603 καὶ
2164 4549 2226 4602 τὸ
2263 4551 2418 4618 ἅγιον
2441 4548 2665 4618 Πνεῦμα
2693 4547 2752 4612 ἐξ
2778 4545 2943 4600 αὑτοῦ
2973 4562 2987 4576 ο
3033 4546 3109 4616 μὴ
3141 4544 3519 4614 παραδράμῃς
3554 4545 3636 4605 εἰς

2035 4645 2136 4712 τὴν
2169 4643 2290 4696 κατ’
2317 4643 2503 4696 εἰκόνα
2526 4659 2620 4694 σου
2647 4641 2784 4711 πρὸς
2808 4638 2942 4691 Θεὸν
2977 4637 3236 4707 ὁμοίωσιν
3265 4635 3405 4706 μηδὲ
3445 4633 3628 4696 τοῦτο,

374 4735 774 4799 straverimus,
808 4735 986 4790 discat
1020 4737 1252 4792 stolidus
1288 4737 1376 4792 ille
1418 4748 1663 4793 nostram
1699 4739 1937 4792 animam

2047 4739 2180 4804 λέγω
2197 4736 2260 4805 δὴ
2281 4735 2360 4787 ὅτι
2392 4735 2482 4788 διὰ
2504 4734 2602 4802 τῆς
2622 4731 2717 4786 τοῦ
2744 4732 2905 4799 λόγου
2945 4727 3264 4798 σωματικῆς
3309 4727 3378 4778 ὲκ
3403 4726 3632 4796 χειλέων

369 4826 436 4881 ad
474 4825 764 4896 imaginem
811 4829 1103 4897 quamdam
1146 4830 1380 4900 typicam
1404 4845 1528 4886 esse
1571 4830 1792 4894 factam,
1829 4846 1938 4886 non

2047 4828 2340 4898 γεννήσεως
2387 4827 2420 4896 ή
2469 4824 2638 4895 ἁρετὴ
2689 4821 2786 4876 καὶ
2818 4823 2852 4892 ὴ
2889 4820 3069 4888 σοφία,
3119 4819 3213 4871 καὶ
3253 4818 3288 4888 ἡ
3339 4817 3631 4887 φρόνησις,

368 4916 438 4970 ad
462 4919 830 4987 mqualitatem
860 4929 1064 4976 sanctae
1090 4921 1378 4976 Trinitatis
1397 4962 1413 4989 ,
1441 4922 1574 4992 quin
1601 4925 1764 4977 etiam
1797 4931 1852 4977 et
1881 4923 1937 4977 in

375 5009 703 5074 Divinitate,
741 5010 847 5066 nisi
895 5011 1036 5068 forte
1084 5014 1248 5069 nimis
1298 5013 1542 5069 insolens
1590 5015 1662 5068 sit
1715 5013 1937 5080 dicere,

368 5098 778 5155 distinctionem
811 5101 1101 5171 quamdam
1138 5103 1361 5158 localem
1392 5111 1446 5158 et
1481 5103 1815 5174 assignatam
1857 5105 1942 5158 di-

373 5191 631 5244 stantiam
660 5207 691 5246 a
723 5207 784 5248 se
822 5193 1056 5249 invicem
1104 5195 1305 5249 habere
1345 5193 1559 5249 Patrem
1607 5209 1636 5247 a
1678 5192 1819 5249 Filio
1842 5235 1858 5261 ,
1888 5202 1944 5250 et

375 5281 636 5350 Spiritum
668 5292 917 5338 sanctum
944 5298 1011 5338 ex
1045 5283 1197 5354 ipso:
1233 5300 1301 5340 ne
1327 5292 1618 5354 praatereas
1646 5284 1750 5339 hoc
1777 5285 1943 5340 etiam

373 5370 439 5426 ad
471 5372 884 5429 similitudinem
922 5381 1071 5430 tuam
1100 5389 1224 5430 cum
1259 5375 1355 5431 Dei
1391 5376 1627 5447 imagine
1660 5376 1942 5446 explican-

374 5463 522 5527 dam,
548 5464 717 5532 quod,
740 5465 1054 5534 inquam,ex
1084 5466 1186 5522 hac
1210 5467 1484 5537 corporali
1508 5467 1656 5522 verbi
1685 5483 1753 5522 ex
1781 5467 1938 5522 labiis

2043 4922 2139 4976 καὶ
2167 4921 2200 4990 ἡ
2223 4919 2474 4988 δύναμις,
2504 4917 2599 4969 καὶ
2627 4914 2688 4967 τὸ
2723 4912 2905 4984 βάθος,
2924 4912 3020 4966 καὶ
3040 4911 3073 4980 ἡ
3095 4907 3298 4977 γνῶσις
3327 4910 3426 4977 τῆς
3453 4907 3635 4976 ψυχῆς

2043 5030 2156 5075 σου,
2214 5010 2308 5062 καὶ
2369 5008 2462 5061 τοῦ
2509 5008 2628 5070 νοὸς
2666 5007 2779 5068 τοῖς
2810 5004 2945 5056 πᾶσι
2975 4998 3303 5070 γνωρίζεται
3331 5003 3428 5050 καὶ
3460 5007 3635 5068 οημο-

2047 5101 2286 5155 σιεύεται
2305 5117 2317 5130 ο
2341 5096 2627 5164 δηλοῦντός
2646 5113 2727 5150 σοι
2756 5095 2852 5148 καὶ
2883 5093 3073 5147 τούτου
3103 5091 3196 5144 τοῦ
3225 5091 3635 5161 ὑπώείγματος
3667 5131 3690 5140 ..

2045 5193 2164 5246 κατ’
2185 5191 2370 5244 εἰκόνα
2391 5191 2486 5243 καί⁸
2505 5187 2763 5260 ὁμοίωσιν
2785 5187 3051 5257 ὑπάρχειν
3079 5182 3236 5236 Θεοῦ.
3266 5184 3369 5237 Διὰ
3391 5186 3506 5254 γὰρ
3537 5186 3634 5253 τῆς

2045 5281 2186 5336 κατὰ
2217 5279 2396 5348 σάρκα
2426 5278 2729 5347 γεννήσεως
2751 5274 2846 5328 τοῦ
2875 5273 3010 5327 Θεοῦ
3025 5273 3198 5341 Λόγου
3221 5272 3550 5343 ἐφανερώθη
3576 5275 3633 5324 ἐν

2049 5373 2239 5441 κόσμῳ
2278 5371 2310 5440 ἡ
2342 5368 2512 5438 ἀρετὴ
2555 5368 2648 5420 καὶ
2675 5368 2709 5437 ἡ
2749 5366 2998 5435 δύναμις,
3028 5363 3123 5417 καὶ
3153 5364 3186 5432 ή
3221 5363 3448 5431 γνῶσις,
3480 5363 3573 5416 καὶ
3598 5364 3630 5430 ἡ

2047 5464 2228 5534 σοφία,
2259 5463 2353 5516 καὶ
2375 5461 2552 5515 πάντα
2575 5460 2642 5515 τὰ
2668 5457 2828 5513 λοιπὰ
2848 5456 3026 5528 ἀγαθὰ
3056 5455 3149 5510 τοῦ
3175 5456 3389 5528 Πατρὸς
3410 5456 3506 5509 καὶ
3531 5454 3629 5508 τοῦ

375 5564 720 5619 generatmne
799 5557 973 5612 virtus
1017 5569 1070 5614 et
1115 5559 1381 5630 sapientia
1419 5570 1475 5615 et
1516 5559 1837 5630 prudentia,
1880 5567 1934 5614 ct

2047 5555 2196 5624 ἁγίου
2222 5552 2554 5625 Πνεῦματος.

453 5735 494 5764 ⁵³
526 5737 679 5788 Joan.
718 5751 787 5800 Iv,
827 5740 912 5791 Ἡ.
