3838 6220
277 378 424 435 1345
1601 383 1841 437 νΑΒΙΟΙ·

1966 431 1968 435 ,
1999 381 2229 437 ΝΟΤᾹῘ.
3392 371 3533 425 ἱξῖιίτο

278 495 522 562 potentia
587 501 640 546 et
682 492 1024 564 profunditas
1092 495 1286 548 animae
1355 505 1459 549 tua:
1504 511 1567 550 ac
1616 498 1813 551 mentis
1879 496 2135 551 omnibus
2182 493 2474 547 inualescit
2515 506 2578 544 ac
2623 491 2955 561 divulgatur.
3004 502 3126 543 cum
3173 487 3276 539 hoc
3317 500 3534 553 quoque

279 589 377 640 tioi
437 588 692 659 exemplo
755 588 1066 644 declaretur
1127 605 1247 644 eam
1301 591 1366 644 ad
1431 593 1721 662 imaginem
1773 600 1827 647 et
1873 591 2286 647 similitudinem
2339 587 2428 641 Dei
2487 596 2726 640 creatam
2787 599 2950 640 esse.
3011 581 3222 636 Etenim
3280 593 3376 650 per
3436 577 3530 630 Dei

283 675 444 732 Verbi
484 680 893 748 generationem
935 683 1237 737 secundum
1278 698 1498 738 carnem
1543 686 1716 740 virtus
1755 693 1809 740 et
1849 685 2134 755 potentia,
2173 691 2225 738 et
2261 682 2488 736 scientia
2513 720 2527 743 ,
2568 689 2622 734 et
2663 678 2967 748 sapientia,
3031 685 3346 742 caeteraque
3413 685 3532 724 om-

279 768 373 820 nia
399 765 580 823 Patris
608 777 663 822 et
698 769 938 840 Spiritus
966 775 1140 827 sancti
1178 774 1318 828 bona
1357 776 1409 829 iu
1451 777 1654 830 mumlo
1689 777 1980 832 manifesta
2015 783 2146 831 sunt
2182 774 2420 828 reddita.

355 863 499 932 Ὅρα
511 865 620 936 γὰρ
635 865 773 919 πόσα
785 868 877 920 καὶ
892 861 980 920 οἷα
1007 868 1100 921 τοῦ
1122 868 1302 938 λόγου,
1331 871 1410 935 είς
1436 871 1603 925 τύπον
1621 872 1713 925 τοῦ
1731 872 1845 925 Θεοξ

2042 868 2178 925 Vide
2208 869 2352 925 enim
2386 872 2587 938 quanta
2618 865 2909 935 qualiaque
2939 862 3050 916 sint
3088 858 3274 922 verbi,
3309 857 3363 911 in
3401 855 3536 925 figu-

280 952 546 1020 Λόγου,ὲν
565 955 750 1026 κόσμῳ
762 955 827 1008 τὰ
854 957 1271 1029 κατορθώματα,
1286 961 1378 1014 καὶ
1397 961 1511 1025 πῶς
1531 961 1616 1016 διὰ
1631 962 1787 1029 λόγου
1800 961 1845 1014 τε

1969 979 2086 1018 ram
2117 961 2213 1018 Dei
2249 960 2452 1024 Verbi,
2485 959 2540 1012 in
2568 958 2770 1012 mundo
2804 956 3065 1028 praeclara
3099 952 3339 1007 facinora
3359 990 3373 1014 ,
3400 962 3536 1018 qua-

280 1046 464 1096 πάντα
478 1043 936 1115 δημιουργοῦνται
959 1045 1054 1098 καὶ
1074 1047 1450 1100 συνίστανται·
1471 1048 1613 1119 λόγῳ
1633 1049 1845 1118 ὑπέστη⁴

1969 1071 2075 1126 que
2090 1055 2314 1108 .ratione
2346 1066 2443 1122 per
2471 1050 2698 1106 verbum
2728 1047 2910 1102 omnia
2940 1043 3254 1101 condantur
3301 1048 3355 1094 et
3405 1054 3538 1092 con—

281 1153 385 1188 σαν
400 1136 643 1204 ἄγγελοι·
661 1136 804 1208 λόγῳ
820 1138 912 1190 τὸν
933 1141 1004 1209 Δη
1013 1139 1272 1213 μιουργὺν
1289 1141 1626 1211 γεραίρουσι·
1646 1141 1787 1211 λόγῳ
1799 1141 1845 1194 τὲ

1968 1146 2304 1200 stituantur:
2339 1141 2506 1196 verbo
2535 1138 2786 1210 producti
2817 1148 2943 1191 sunt
2968 1132 3140 1204 angeli
3168 1149 3182 1198 ;
3210 1129 3379 1185 verbo
3407 1141 3541 1181 con-

278 1225 538 1296 ὁρώμενα
559 1225 812 1294 γεγόνασι
834 1244 845 1256 ·
873 1227 1016 1298 λόγῳ
1036 1231 1068 1297 ἠ
1093 1229 1268 1292 κτίσις
1286 1229 1606 1297 φωτίζεται·
1631 1228 1775 1298 λόγῳ
1799 1229 1866 1281 τὰ

279 1317 413 1370 ὖντα
446 1316 815 1389 ἐγνώσθησαν·
839 1318 981 1389 λόγῳ
1003 1320 1147 1390 μόνῳ
1167 1321 1558 1392 ὲξεφὰνθησαν·
1579 1320 1720 1391 λόγῳ
1736 1320 1815 1373 ὲδε
1825 1321 1868 1372 ί-

278 1411 496 1482 χθησαν
546 1411 614 1466 τά
662 1412 876 1484 πέρατα
901 1429 914 1444 ·
945 1413 1089 1483 λόγῳ
1131 1413 1222 1468 τὸν
1243 1412 1481 1484 κτίστην
1498 1414 1861 1486 γεραίρομεν·

281 1501 430 1572 λόγῳ
465 1502 767 1572 Θεογνωσία
785 1505 1123 1575 κεκήρυκται
1148 1519 1162 1535 ·
1189 1505 1278 1558 διὰ
1306 1503 1466 1572 λόγου
1499 1504 1589 1557 τὸν
1608 1504 1740 1557 Θεὸν
1770 1507 1868 1556 ἐπ-

278 1593 640 1666 εγνώκαμεν·
699 1595 787 1650 διὰ
838 1595 997 1664 λόγου
1035 1596 1104 1650 τὰ
1138 1597 1312 1651 πάντα
1350 1596 1730 1650 συνίστανται·
1774 1597 1867 1650 καὶ

278 1685 475 1758 ὥσπερ
532 1687 594 1741 τὸ
636 1687 834 1742 ἄλαλον
878 1689 1070 1760 νήπιον
1107 1689 1333 1760 ἀνόητόν
1374 1690 1523 1742 ἐστιν
1555 1687 1867 1760 ἀνθρώποις

279 1778 412 1847 ἄχρι
437 1779 536 1848 τῆς
560 1778 648 1832 διὰ
679 1778 901 1849 χειλέων
935 1779 1029 1832 τοῦ
1051 1779 1208 1848 λόγου
1241 1781 1548 1852 γεννήσεως
1566 1819 1581 1844 ,
1611 1779 1752 1833 οὕτω
1781 1779 1868 1833 διὰ

278 1867 385 1935 τῆς
406 1867 501 1921 τοῦ
547 1869 682 1922 Θεοῦ
731 1870 905 1938 Λόγου
937 1870 1082 1924 κατὰ
1103 1871 1283 1943 σάρκα
1320 1873 1626 1943 γεννήσεως
1652 1873 1802 1924 πᾶσα
1832 1873 1866 1942 ἡ

280 1959 480 2027 ἀλογία
513 1959 757 2031 παρῆλθε
782 1962 883 2032 τῆς
912 1962 1189 2033 ἡμετέρας
1217 1962 1451 2031 φύσεως,
1475 1962 1571 2016 τοῦ
1601 1963 1736 2016 Θεοῦ
1764 1963 1867 2016 Λό-

278 2065 383 2117 γου
422 2049 768 2120 δηλώσαντος
827 2053 1038 2124 τρανῶς
1071 2057 1137 2125 τῇ
1183 2055 1359 2108 κτίσει
1389 2055 1480 2108 τὸν
1509 2054 1732 2125 Πατέρα
1771 2054 1867 2106 καὶ

281 2139 346 2192 τὸ
370 2135 524 2210 ἆγιον
554 2140 802 2212 Πνεῦμα.
833 2143 998 2198 Ὅθεν
1038 2144 1114 2209 ὡς
1154 2145 1448 2218 θεότμητος
1469 2146 1625 2217 ήμῶν
1653 2149 1686 2216 ἡ
1721 2145 1866 2216 ψυχὴ

1968 1237 2249 1293 celebrant
2278 1231 2667 1296 Conditorem;
2720 1228 2888 1282 verbo
2936 1240 3057 1295 quae
3111 1224 3213 1277 sub
3256 1226 3538 1290 aspectum

1966 1329 2168 1383 cadunt
2191 1340 2314 1380 esse
2340 1329 2659 1393 coeperunt;
2687 1319 2854 1373 verbo
2878 1317 3220 1370 illuminatur
3247 1317 3498 1365 creatura
3521 1325 3538 1375 ;

1968 1417 2135 1473 verbo
2163 1429 2501 1485 qmecunque
2533 1419 2662 1466 sunt
2693 1409 3096 1471 innotuerunt;
3131 1403 3251 1459 solo
3283 1402 3452 1456 verbo
3485 1399 3538 1452 in

1969 1511 2141 1564 lucem
2177 1507 2320 1560 edita
2354 1513 2521 1568 sunt;
2552 1501 2720 1555 verbo
2752 1497 3017 1570 producta
3047 1505 3177 1550 sunt
3221 1494 3490 1547 elementa
3521 1507 3538 1556 ;

1968 1599 2135 1654 verbo
2177 1590 2489 1648 Creatorem
2514 1590 2935 1656 collaudamus;
2972 1587 3137 1642 verbo
3170 1583 3266 1639 Dei
3299 1580 3540 1652 cognitio

1970 1691 2310 1763 promulgata
2358 1695 2482 1752 est;
2539 1701 2636 1756 per
2684 1684 2910 1739 verbum
2960 1680 3128 1736 Deum
3178 1679 3538 1750 agnovimus;

1969 1798 2065 1854 per
2093 1783 2319 1836 verbum
2348 1777 2650 1834 censtiluta
2679 1784 2810 1831 sunt
2831 1774 3014 1828 omnia
3040 1789 3056 1838 ;
3087 1767 3539 1842 quemadmodum

1968 1880 2150 1926 mutus
2185 1871 2368 1925 infans
2414 1869 2614 1924 brutus
2670 1877 2752 1922 est
2784 1882 2849 1920 ac
2878 1867 2996 1920 sine
3027 1871 3208 1918 mente
3253 1860 3394 1930 apud
3442 1859 3541 1910 Ιιο-

1968 1965 2176 2025 mines,
2225 1976 2510 2033 quousque
2550 1958 2774 2013 verbum
2813 1957 2982 2010 labris
3015 1954 3302 2025 genuerit,
3339 1951 3412 2004 ita
3444 1966 3540 2018 per

1969 2054 2057 2106 Dei
2093 2051 2251 2106 Verbi
2302 2049 2708 2121 generationem
2758 2049 2812 2100 in
2846 2061 3012 2100 carne
3043 2045 3221 2097 omnis
3249 2041 3542 2095 brutalilas

1969 2153 2176 2198 natura:
2203 2151 2403 2197 nostra:
2437 2141 2615 2194 deleta
2647 2146 2733 2194 est
2753 2177 2768 2200 ,
2799 2153 2924 2190 cum
2974 2135 3117 2190 Deus
3145 2132 3384 2187 Verbum
3433 2130 3542 2184 Pa-

278 2231 408 2284 οὑδὲ
433 2231 818 2287 ἀποστέλλεται
850 2235 929 2298 είς
961 2233 1236 2289 διακονίαν
1261 2236 1398 2307 μετά
1425 2237 1522 2308 τὴν
1551 2237 1845 2308 ἀπαλλαγὴ·

1972 2245 2108 2288 trem
2153 2249 2310 2288 smnn
2343 2241 2606 2287 creatura:
2650 2230 2830 2300 palam
2876 2235 2930 2282 et
2971 2227 3237 2296 Spiritum
3287 2231 3539 2278 sanctum

278 2322 378 2376 τοῦ
393 2323 662 2395 σώματος,
681 2324 865 2390 καθὼς
884 2328 932 2379 οἱ
948 2327 1168 2395 ἄγγελοι
1189 2328 1632 2384 ἀποστέλλονται.
1649 2329 1845 2382 Ἐπειδὶ

1966 2328 2278 2381 revelasset.
2313 2323 2606 2390 Quocirca.
2634 2329 2818 2390 utpote
2831 2335 2897 2374 ex
2917 2317 3024 2372 Deo
3055 2318 3330 2386 decerpta,
3353 2321 3540 2368 nostra

279 2415 470 2466 ἐκεῖνα
519 2415 618 2484 μέν
665 2418 774 2468 είσι
823 2415 1175 2489 λειτουργικὰ
1224 2418 1509 2490 πνεύματα
1533 2436 1546 2448 ·
1579 2421 1634 2472 αἱ
1667 2420 1725 2474 δὲ
1756 2421 1845 2475 τῶι

1966 2419 2144 2470 anima
2181 2433 2250 2470 ne
2273 2424 2396 2486 post
2426 2429 2713 2470 excessum
2752 2411 2972 2482 quidem
3001 2425 3033 2465 e
3064 2424 3294 2478 corpore
3341 2408 3394 2461 in
3440 2406 3544 2459 ml-~

278 2505 455 2572 ἁγίων
481 2505 716 2575 μάλιστα
769 2506 942 2577 ψυχαὶ
991 2508 1111 2561 κατ’
1161 2508 1348 2563 είκόνα
1392 2509 1527 2563 Θεοῦ
1571 2511 1845 2566 δεσποτικέ

1966 2510 2250 2562 nisteriurn
2298 2508 2558 2571 mittitur,
2595 2506 2740 2560 sicut
2770 2501 2948 2572 angeli
2986 2501 3090 2571 ipsi
3125 2501 3416 2554 mittuntur
3447 2497 3493 2528 ⁸³
3525 2516 3540 2550 :

279 2597 593 2668 πνεύματα.
636 2600 699 2653 Ei
726 2599 836 2672 γὰρ
879 2599 974 2653 καὶ
1014 2600 1320 2669 ἠλάττωται
1347 2603 1376 2655 ὁ
1411 2601 1696 2673 ἄνθρωπος
1727 2604 1845 2677 μετέ

1966 2608 2180 2670 quando
2226 2600 2445 2669 quidem
2491 2597 2720 2667 spiritus
2749 2593 3206 2650 administratorii
3250 2602 3378 2648 sunt
3421 2592 3542 2656 illi,

278 2689 382 2758 τὴν
412 2689 694 2762 παρακοὴν
723 2690 896 2762 βραχύ
921 2710 976 2745 τι
1005 2692 1136 2763 παρ’
1161 2692 1445 2760 ἀγγέλους,
1484 2693 1572 2746 διὰ
1599 2693 1730 2762 γοῦν
1761 2694 1859 2764 τῆς

278 2777 420 2832 Θεοῦ
445 2779 619 2848 Λόγου
643 2781 766 2834 καθ’
789 2781 1085 2848 ὑπόστασιν
1121 2781 1366 2846 ἑνώσεως
1409 2783 1466 2835 ἐν
1495 2782 1643 2852 αὑτῷ
1679 2783 1862 2853 μεῖζόν

279 2887 335 2921 τι
357 2869 648 2942 γεγένηται
670 2887 687 2905 ο
727 2871 756 2924 ὁ
803 2872 911 2943 γάρ
940 2889 1071 2926 ποτε
1113 2875 1232 2926 κατ’
1255 2872 1439 2926 είκόνα
1469 2871 1602 2924 Θεοῦ
1643 2872 1737 2926 νῦν
1768 2871 1862 2941 γέ-

279 2963 480 3028 γονετὸ
508 2961 624 3033 ἅμα
652 2962 771 3034 Θεῷ
796 2979 812 2994 ·
842 2965 934 3018 καὶ
965 2965 994 3016 ὁ
1020 2962 1148 3033 πρὶν
1173 2964 1570 3035 μεταληπτικὸς
1595 2963 1694 3034 τῆς
1718 2963 1863 3018 εἰκό-

279 3067 374 3112 νος
422 3050 557 3104 Θεοῦ
601 3051 789 3120 γέγονε
843 3053 1188 3122 μεταδοτικὸς
1231 3055 1331 3123 τῆς
1385 3051 1579 3105 ἑαυτοῦ
1617 3052 1862 3116 εἰκόνος·

279 3140 431 3212 αὐτῷ
461 3144 494 3213 ὴ
516 3143 641 3207 δόξα
667 3145 745 3207 είς
780 3145 904 3207 τοὺς
945 3143 1148 3208 αἰῶνας
1167 3143 1274 3198 τῶν
1295 3143 1522 3197 αίὼνων.
1560 3145 1754 3216 Ἀμήν.

1967 2692 2162 2745 animat
2208 2705 2372 2752 vero,
2408 2697 2724 2744 sanctorum
2777 2687 3081 2756 praecipue,
3127 2684 3195 2738 ad
3250 2684 3538 2753 imaginem

1971 2780 2061 2834 Dei
2096 2779 2446 2832 dominatorii
2483 2785 2610 2848 stitit
2654 2777 2902 2846 spiritus.
2951 2775 3066 2829 Etsi
3105 2775 3250 2828 enim
3296 2774 3545 2826 minutus

1967 2871 2131 2924 etiam
2166 2871 2324 2924 fuerit
2349 2869 2518 2923 homo
2549 2876 2672 2938 post
2703 2868 3206 2938 przevaricationem
3241 2865 3404 2933 paulo
3439 2866 3541 2916 mi-

1970 2978 2074 3017 nus
2103 2963 2169 3014 ab
2199 2962 2441 3032 angelis,
2477 2971 2658 3016 tamen
2695 2976 2793 3030 per
2821 2958 3089 3028 unigeniti
3135 2959 3224 3011 Dei
3257 2955 3417 3011 Verbi
3453 2971 3545 3009 sc-

1969 3054 2206 3107 cundum
2251 3055 2586 3124 bypostasim
2631 3054 2885 3107 unionem
2935 3052 2989 3104 in
3025 3051 3143 3118 ipso
3176 3049 3349 3117 majus
3385 3049 3541 3117 quip-

1973 3145 2112 3213 piam
2145 3151 2230 3197 est
2268 3145 2465 3199 factus.
2511 3143 2601 3196 Ille
2649 3142 2950 3212 siquidem,
2985 3143 3076 3208 qui
3129 3139 3195 3192 ad
3246 3139 3542 3208 imaginem

291 3233 382 3287 Dei
429 3237 706 3306 quondam
750 3248 870 3293 erat
915 3238 1136 3302 factus,
1182 3239 1445 3309 quiddam
1523 3239 1638 3309 jam
1684 3238 2044 3308 conjunctum
2113 3254 2235 3292 cum
2304 3237 2417 3292 Deo
2449 3237 2628 3292 factus
2671 3245 2789 3302 est,
2841 3246 2895 3291 et
2937 3236 3027 3304 qui
3083 3233 3236 3304 prius
3287 3231 3542 3304 imaginis

284 3328 380 3382 Dei
413 3330 690 3401 particeps
718 3331 982 3394 redditus
1029 3333 1167 3398 fuit,
1201 3333 1456 3404 imaginis
1489 3348 1602 3388 sua:
1629 3335 2065 3389 communicatur
2092 3343 2174 3388 est
2207 3333 2405 3389 factus.
2445 3332 2554 3402 Ipsi
2585 3331 2761 3402 gloria
2793 3331 2847 3384 in
2875 3331 3094 3384 sarcula.
3126 3330 3326 3383 Amen.

354 3441 404 3472 “
435 3441 600 3498 Hebr.
633 3461 730 3510 vu,
753 3445 841 3498 III.

289 3563 1447 3600 ————————————_—.-III.
1454 3564 2232 3600 Μ..
1560 3564 1790 3584 Ι-Ι-ΙΙΙ
1795 3564 1840 3583 ..Ι
1844 3563 3538 3604 ﬂ“

1209 3739 1969 3855 VARlO-RUM
2112 3739 2598 3852 NOT/E.

852 4047 978 4136 IN
1052 4045 1513 4134 LIBRUM
1590 4045 1735 4132 DE
1808 4043 2341 4136 HOMINIS
2412 4043 2969 4137 OPIFICIO

1469 4237 1687 4294 JOANN
1694 4237 1776 4292 ES
1806 4236 2336 4295 LEWENKLAIUS.

357 4467 491 4521 Cum
533 4473 658 4518 ante
694 4477 821 4518 cccc
863 4477 1036 4536 annos
1074 4462 1149 4532 (α)
1173 4477 1340 4533 pr0pe
1365 4463 1434 4517 sit
1473 4462 1561 4518 hic
1591 4465 1832 4536 Gregorii

285 4537 711 4591 conmientarius
761 4537 814 4589 in
871 4534 1121 4586 Latinum
1171 4549 1473 4589 sermonem
1515 4534 1836 4600 conversus,

286 4608 522 4661 fortasse
555 4621 661 4659 non
695 4619 854 4657 nemo
874 4619 1068 4658 causas
1090 4613 1211 4657 avet
1233 4604 1497 4658 instituta:
1527 4622 1680 4660 novae
1709 4623 1840 4661 cou-

284 4677 560 4730 versionis
601 4675 940 4746 intelligere;
974 4674 1244 4743 taciteque
1279 4675 1440 4746 liasa
1473 4691 1560 4729 me
1587 4679 1833 4746 requirit.

286 4747 400 4816 Ego
435 4759 564 4800 vero
592 4744 832 4799 breviter
862 4746 934 4796 ita
960 4758 1074 4816 rem
1104 4759 1328 4816 omnem
1341 4745 1458 4805 tibi,
1480 4744 1680 4816 plector;
1710 4763 1839 4815 ape-

284 4813 422 4871 riam
445 4861 461 4883 ,
505 4824 565 4868 ut
602 4829 779 4882 neque
814 4830 899 4868 me
933 4813 1226 4883 adductum
1259 4813 1368 4866 ullo
1403 4815 1567 4868 animi
1610 4813 1833 4880 morbo,

281 4885 526 4956 explosis
547 4886 777 4938 aliorum
810 4882 1108 4956 laboribus,
1144 4898 1258 4937 mea
1280 4885 1519 4956 voluisse
1551 4902 1832 4955 reponere,

283 4953 369 5011 sis
399 4957 858 5020 existimaturus;
889 4961 941 5007 et
975 4953 1224 5023 libenter,
1260 4955 1335 5006 uti
1375 4970 1570 5023 spero,
1603 4953 1838 5010 nonnul-

283 5029 397 5081 Iuni
423 5041 509 5080 me
547 5028 777 5094 pretium
812 5039 992 5093 operae
1021 5021 1216 5078 fecisse
1253 5023 1356 5094 hac
1389 5021 1444 5078 in
1477 5028 1836 5094 conversione

283 5092 558 5151 fassurus.
578 5094 713 5148 Cum
736 5092 912 5148 essem
941 5109 1111 5163 nuper
1127 5092 1268 5163 apud
1291 5092 1551 5148 Joannem
1575 5093 1834 5150 Iacobum

282 5165 609 5236 Grynasum,
657 5179 816 5236 quem
855 5165 1080 5236 honoris
1113 5178 1281 5236 causa
1317 5166 1570 5236 nomino,
1605 5165 1752 5236 _forte
1781 5168 1834 5221 in

281 5233 642 5305 ornatissima
660 5233 832 5304 ipsius
857 5233 1401 5305 bibliotlieca‘librum
1422 5235 1571 5305 lianc
1590 5234 1833 5305 Gregorii

283 5307 483 5374 reperi,
503 5306 594 5375 qui
620 5302 811 5359 fuisset
829 5303 1120 5375 aliquando
1150 5302 1387 5358 Simonis
1409 5303 1646 5375 Grynzei,
1675 5302 1834 5373 cujus

280 5373 446 5430 etiam
494 5373 550 5429 in
598 5391 662 5430 eo
710 5389 870 5427 manu
917 5373 1163 5443 quaedam
1207 5383 1394 5426 notata
1443 5373 1828 5430 cernebantur.

281 5447 472 5514 Itaque
507 5445 638 5498 milii
674 5444 870 5516 cupide
894 5444 1045 5516 _hunc
1074 5443 1398 5516 perlegenti.
1432 5446 1833 5516 maximamque

282 5532 313 5566 ν
357 5513 619 5585 Ιιιμιειιθιη
663 5531 729 5569 ex
746 5515 870 5585 ipsa
893 5513 1432 5585 lectione_c:ipiei_iti,_
1449 5515 1614 5583 rmpit
1642 5513 1834 5570 aucior

277 5579 437 5646 esse,
481 5593 540 5638 ut
564 5600 687 5638 eum
727 5579 793 5637 de
826 5597 1078 5637 sermone
1105 5579 1292 5636 ϐηθὸο
1323 5583 1376 5636 in
1417 5579 1668 5638 Latinum
1699 5602 1832 5640 con-

280 5665 573 5709 verterem.
616 5653 783 5707 Parui
811 5668 920 5707 non
956 5653 1142 5714 invite,
1177 5655 1475 5722 praesertim
1506 5657 1650 5725 quod
1681 5657 1830 5712 iniri-

356 5769 431 5838 (α)
465 5769 578 5822 lmo
617 5766 764 5821 mille
793 5779 856 5820 ac
883 5766 1044 5836 paulo
1073 5766 1281 5836 plures.

1969 4467 2068 4522 ﬁce
2095 4467 2223 4520 milii
2260 4481 2383 4519 cum
2415 4480 2596 4519 rerum
2627 4465 2916 4534 explicatio
2939 4465 3487 4536 praeclarissimarum
3511 4512 3532 4535 ,

1963 4548 2078 4590 tum
2109 4536 2321 4590 dicendi
2359 4538 2644 4588 character
2690 4536 2926 4590 eximius
2962 4541 3276 4605 placerent;
3331 4543 3532 4596 moles-

1963 4617 2122 4676 teque
2151 4609 2286 4661 adeo
2319 4605 2590 4667 ferebam,
2626 4606 2824 4659 librum
2868 4607 3032 4660 talem
3062 4609 3226 4676 vulgo
3259 4610 3530 4665 notiorem

1963 4693 2072 4731 non
2106 4693 2228 4731 esse
2251 4716 2265 4737 ,
2313 4677 2404 4744 qui
2446 4676 2610 4729 semel
2651 4683 2861 4729 tantum
2897 4677 2964 4730 de
2997 4676 3116 4730 Aldi
3150 4678 3366 4732 ofﬁcina
3392 4689 3521 4736 ante

1964 4762 2139 4801 annos
2205 4746 2424 4816 triginta
2482 4745 2818 4814 prodiisset:
2866 4761 2990 4798 cum
3029 4750 3320 4801 maximam
3355 4765 3420 4804 ex
3453 4765 3523 4805 eo

1967 4826 2021 4889 et
2051 4814 2329 4889 sacrarum
2358 4814 2710 4877 Litterarum,
2744 4816 2952 4889 etartis
2989 4817 3292 4889 medicinae,
3327 4829 3380 4872 et
3405 4821 3522 4889 plri-

1971 4887 2231 4956 losopbia:
2261 4885 2330 4939 tle
2359 4892 2554 4956 natura
2596 4901 2777 4938 rerum
2810 4885 3040 4956 studiosi
3078 4901 3272 4955 capere
3313 4885 3520 4942 utilita-

1967 4953 2351 5026 tetn'possint.
2388 4953 2549 5026 _Nihil
2590 4963 2704 5008 tum
2747 4955 2904 5008 nobis
2937 4953 3255 5020 constabat,
3311 4969 3533 5014 essetne

1966 5023 2267 5080 conversus
2295 5028 2348 5079 in
2387 5023 2642 5096 Litinmn
2669 5040 2972 5096 sermonem
2996 5065 3011 5086 ,
3049 5041 3218 5081 necne
3245 5044 3259 5089 ;
3293 5029 3436 5096 quod
3477 5028 3524 5083 si

1965 5098 2128 5150 etiam
2164 5111 2347 5149 verum
2394 5095 2549 5148 fateri
2579 5096 2791 5158 debeo,
2830 5095 3096 5148 neminem
3146 5095 3328 5150 adhuc
3370 5099 3423 5151 in
3456 5114 3525 5152 eo

1966 5165 2370 5235 interpretando
2405 5165 2684 5236 laborasse
2725 5165 3080 5218 credebainus
3125 5183 3138 5218 :
3189 5167 3352 5236 idque
3399 5184 3524 5236 pro-

1968 5247 2169 5304 pterea,
2203 5235 2362 5305 quod,
2379 5236 2594 5305 publice
2617 5235 2705 5288 vix
2737 5245 2897 5287 notus
2923 5245 3090 5305 esset,
3118 5236 3220 5290 nisi
3247 5235 3524 5305 quatenus

1963 5308 2105 5376 inter
2133 5304 2298 5376 Opera
2335 5304 2579 5372 Gregorii
2616 5313 2957 5376 recensetur.
2981 5304 3178 5376 Verum
3202 5304 3345 5360 enim
3393 5322 3528 5360 vero

1961 5374 2227 5430 Basileain
2253 5390 2377 5430 cum
2409 5376 2690 5429 rediissem
2721 5412 2734 5434 ,
2770 5374 3008 5428 intellexi
3040 5375 3115 5445 de
3135 5374 3344 5428 Joanne
3378 5376 3521 5445 Opo-

1961 5449 2084 5499 rino
2120 5445 2474 5516 typograplio,
2497 5445 2565 5498 de
2611 5445 2878 5516 litteraria
2932 5443 3209 5516 republica
3260 5443 3520 5515 przeclare

1960 5513 2155 5569 multis
2171 5513 2281 5585 jam
2315 5513 2472 5571 annis
2503 5514 2754 5573 merenti.
2785 5528 2908 5567 esse
2937 5513 2990 5566 in
3015 5513 3370 5585 Episcopi‘ana
3403 5516 3522 5568 01ῐί-

1959 5587 2082 5639 cina
2129 5585 2378 5656 Gregorii
2429 5585 2602 5640 nostri
2633 5599 2797 5652 opera
2817 5598 2991 5656 ,__quae
3034 5586 3258 5656 quidem
3296 5598 3516 5639 exstare

1958 5652 2302 5725 putarentur,
2333 5657 2479 5712 edita
2521 5656 2800 5712 universa.
2833 5652 3066 5710 IIorum‘
3092 5655 3286 5712 deinde
3312 5658 3515 5710 catalo-
