3838 6220
195 317 338 373 1349

186 432 486 507 δεξαμένοι)
513 433 615 504 τὴν
642 433 853 507 αἵρεσιν
873 432 1213 507 ’ᾼετίουᾲτοῦ
1239 434 1432 507 Σύρου,
1472 436 1567 488 καὶ
1599 451 1765 507 προσ-

186 503 389 576 θήκαις
423 503 769 574 plasmata;
811 504 1015 575 ταύτην
1048 503 1380 576 αὐξήσαντος
1402 546 1416 566 ,
1452 507 1547 558 καὶ
1569 503 1767 576 ἐν’Κο-

188 574 849 645 ζὶκῳᾼξπισκοπήσαντος.
902 574 1183 645 Ἀρειανὺςή
1211 576 1268 628 δὲ
1288 577 1315 628 ὁ
1358 575 1558 645 Ἀίέτιος
1584 590 1598 603 °
1639 574 1765 627 τού-

186 643 318 707 τους
338 643 395 695 δὲ
418 644 545 706 τοὺς
576 644 941 715 Εὐνομιανοὺς
967 643 1060 698 καὶ
1084 646 1394 715 Ἀνομοξοος
1412 644 1649 713 λέγουσι,
1672 646 1767 698 καὶ

189 663 318 707 τους
338 663 395 695 οε
418 663 545 706 τους
577 663 941 715 ιιυνομιανους
967 663 1060 698 και
1089 663 1394 766 Ἀνοιῆοιους
1414 663 1649 713 Αεγουσι,
1672 663 1765 698 και

189 715 628 784 Ἐξουκοντίουςί·
659 714 792 767 διότι
817 715 1067 784 ἀνόμοιον
1105 712 1184 784 τῷ
1238 713 1379 784 arpi
1436 716 1528 768 καὶ
1568 715 1627 778 ἐξ
1651 715 1765 784 οὐκ

190 785 364 836 ὅντων
386 783 681 854 διαρρήδην
705 782 1051 854 ὲδογμάίὲιζον
1069 782 1165 835 τὸν
1180 783 1329 845 Υίόν,
1360 785 1472 839 hac
1495 785 1605 839 ille.
1635 782 1768 850 Qui—

191 856 298 908 bus
350 852 680 925 signiﬁcare
711 854 900 925 v_oluit,
949 852 1267 924 Gregorium
1315 858 1601 925 scripsisse
1640 870 1766 907 ora-

193 926 400 977 tionem
435 924 573 976 hanc
617 923 683 977 ad
725 923 1112 990 Eunomianos,
1165 923 1467 979 sectatores
1516 925 1767 978 videlicet

192 993 471 1047 Eunomii.
519 990 712 1047 Fuisse
737 1003 916 1048 autem
941 993 1269 1048 Eunomium
1318 995 1456 1049 Aetii
1488 994 1609 1064 Syri
1641 1010 1766 1047 suc-

193 1077 476 1118 cessorem
521 1064 574 1116 in
620 1065 1008 1133 propagatione
1052 1066 1314 1118 doctrina:
1368 1066 1543 1133 impiae
1580 1072 1633 1118 et
1665 1065 1765 1117 ab-

193 1134 416 1195 surdae,
467 1147 630 1201 quam
680 1135 841 1187 etiam
885 1135 1232 1189 exsecrandis
1277 1135 1624 1202 opinionibus
1671 1134 1767 1187 ad-

196 1203 434 1267 auxerit,
465 1202 713 1257 eumdem
739 1204 1018 1273 Cyzicena:
1045 1205 1196 1259 urbis
1228 1207 1527 1259 antistitem
1554 1202 1724 1257 fuisse
1749 1219 1765 1269 ;

194 1273 626 1344 Aetiumautem
660 1271 988 1344 Arii'fnisse
1030 1273 1397 1344 discipulum.-
1462 1274 1766 1344 ataue_hos

199 1342 571 1398 Eunomianos
617 1342 783 1397 etiam
798 1345 1093 1414 appellatos
1104 1340 1223 1401 esse
1235 1342 1549 1411 Ano'mteos,
1561 1349 1616 1397 et
1628 1340 1767 1397 Exu-

180 1418 415 1479 contios,
434 1428 714 1484 propterea
730 1416 872 1484 quod
890 1414 1084 1469 Filium
1098 1418 1239 1469 Patri
1268 1415 1588 1469 dissimilem
1621 1429 1763 1477 esse,

195 1484 376 1553 deque
393 1484 562 1537 nihilo
580 1491 782 1546 ortum,
800 1488 1094 1540 manifesto
1117 1484 1411 1538 traderent.
1431 1484 1563 1551 Qua:
1584 1484 1767 1538 omnia

195 1552 481 1627 veraesse
515 1561 661 1623 patet
692 1554 760 1627 de
790 1554 960 1627 ipsius
984 1553 1231 1627 Gregorii
1268 1555 1470 1627 verbis,
1508 1570 1630 1627 nam
1658 1552 1767 1627 Eu-

195 1624 489 1696 nomianos
528 1623 966 1696 _reprehendens,
999 1623 1633 1696 qui'controversiasde
1665 1623 1765 1676 do-

196 1693 689 1765 ctrinarEcclesia:
709 1708 893 1765 coram
929 1693 1113 1765 impiis
1136 1695 1199 1765 in
1239 1693 1770 1765 jndiciumdedure-

196 1772 350 1824 rent.
394 1764 608 1833 inquit:
647 1761 712 1815 Τί
733 1764 982 1833 γέννησιν
1009 1761 1199 1817 ἆκούει
1231 1762 1364 1815 Θεοῦ
1384 1803 1399 1827 ,
1442 1763 1537 1815 καὶ
1564 1763 1766 1833 κτίσιν,

194 1834 296 1886 καὶ
327 1832 479 1891 Θεὸν
529 1832 591 1897 ἐξ
612 1835 710 1884 οὐκ
739 1832 927 1903 ὄντων,
962 1835 1057 1888 καὶ
1080 1835 1239 1903 ἕτερα
1271 1835 1299 1886 ὁ
1319 1833 1515 1903 πικρὸς
1540 1832 1649 1885 τῶν
1683 1832 1771 1884 λε-

195 1902 447 1973 γομένων
471 1903 773 1973 ἀκροατής;
804 1901 1187 1969 Quamobrem,
1226 1904 1321 1967 ait,
1346 1901 1433 1957 vel
1461 1903 1769 1971 generatio-

196 1988 326 2027 nem
354 1973 482 2037 Dei,
512 1973 596 2026 vel
647 1973 810 2025 etiam
855 1974 1190 2029 creationem
1214 2013 1229 2036 ,
1258 1974 1342 2025 vel
1384 1983 1561 2026 ortum
1596 1973 1769 2042 ipsius

196 2042 269 2096 de
316 2042 510 2105 nihilo,
559 2049 614 2097 et
655 2050 873 2106 caetera,
928 2044 1080 2097 audit
1130 2044 1362 2097 acerbus
1401 2042 1499 2112 his
1543 2044 1675 2112 ipsis
1715 2045 1768 2096 in

195 2112 636 2183 rebusarbiter?
668 2113 870 2182 quibus
892 2115 1073 2183 verbis
1097 2112 1369 2183 signiﬁcat
1397 2111 1768 2183 Eunomianos

196 2198 333 2237 usos
361 2181 549 2243 fuisse,
581 2183 794 2251 quoties
831 2183 896 2237 de
929 2182 1064 2237 Filio
1083 2181 1176 2237 Dei
1211 2181 1558 2236 dissererent.
1594 2182 1771 2237 Habes

197 2253 370 2321 igitur
394 2250 631 2306 breviter
660 2250 956 2306 indicatam
988 2269 1016 2305 a
1050 2253 1206 2306 nobis
1242 2251 1531 2313 rationem,
1578 2253 1767 2312 lector,

196 2323 558 2390 quamobrem
587 2333 643 2376 et
671 2322 725 2374 in
750 2322 958 2377 Grecis
990 2323 1143 2376 libris
1175 2323 1446 2386 Anomoei,
1472 2330 1526 2375 et
1557 2321 1609 2374 in
1641 2338 1771 2375 con-

200 2392 457 2445 versione
500 2390 764 2461 Dionysii,
802 2392 1123 2446 Eunomiani
1156 2403 1298 2446 recte
1333 2391 1561 2461 legatur.
1598 2392 1768 2445 Eliam

198 2460 649 2532 quidemtipsum
669 2479 790 2515 cum
817 2461 1078 2532 Gregorio
1112 2478 1232 2524 nos.
1260 2461 1304 2515 si
1342 2460 1772 2532 vitam_l‘aculta-

201 2543 395 2596 tesque
422 2529 570 2601 Deus
601 2532 727 2601 Upt.
761 2532 902 2586 Max.
930 2529 1296 2592 concesserit,
1333 2529 1642 2600 propediem
1678 2547 1772 2585 ex-

203 2600 431 2672 liibiluri
462 2600 672 2663 sumus,
698 2609 992 2672 utrumque
1026 2601 1217 2655 Latine
1237 2603 1563 2672 loquentem
1593 2603 1772 2656 studio

198 2682 255 2724 et
310 2670 583 2724 industria
642 2681 873 2736 nostra,
904 2670 1059 2741 'quin
1113 2681 1167 2726 et
1219 2670 1466 2741 Gregorii
1524 2672 1770 2739 quaedam

203 2743 469 2811 hactenus
524 2755 636 2794 non
682 2741 839 2811 visa,
895 2740 957 2796 in
1004 2744 1179 2797 lucem
1209 2741 1336 2794 boni
1370 2740 1568 2811 publici
1605 2756 1773 2797 causa

200 2810 569 2882 preferemye

275 2879 517 2935 001.145
538 2879 602 2932 D.
639 2880 712 2934 De
727 2879 806 2933 his
828 2881 964 2933 enim
994 2881 1182 2935 verbis.
1217 2879 1320 2935 Pro
1337 2881 1600 2935 vocabulo
1619 2879 1775 2943 ζωτι-

200 2952 329 3022 κήν,
354 2964 466 3022 quo
493 2951 706 3022 vivendi
732 2952 814 3004 vis
849 2951 1209 3020 signiﬁcatur,
1235 2951 1591 3005 animadverti
1612 2967 1772 3022 i_u_auu

200 3019 446 3091 enarratis
493 3019 557 3091 in
600 3021 755 3076 libris
806 3019 1038 3088 positum
1090 3037 1211 3076 esse
1255 3021 1573 3091 σωματικὴν
1617 3020 1775 3073 δύνα-

251 3106 321 3143 ιν.
357 3089 414 3143 ld
452 3090 802 3145 indicandum
833 3105 955 3145 esse
995 3092 1246 3158 putabam
1270 3131 1284 3154 ,
1320 3089 1631 3160 quanquam
1662 3091 1777 3159 ipse

223 3165 494 3214 ectionem
525 3160 760 3229 priorem
783 3161 1088 3229 probarem.
1114 3159 1408 3228 Gregorius
1423 3160 1638 3229 quidem
1664 3161 1777 3228 ipse

203 3245 317 3284 non
349 3228 681 3300 multo’post
708 3228 865 3283 voeat
889 3228 1097 3282 τελείαν
1127 3231 1184 3281 ὲν
1209 3229 1420 3298 σώματι
1442 3228 1607 3300 ζωήν,
1629 3232 1775 3300 quod

204 3300 331 3368 libri
364 3299 555 3368 scripti
593 3299 881 3354 lectionem
915 3302 1238 3353 conﬁrmare
1273 3300 1506 3368 videtur.

277 3366 531 3440 σοικιλιδ
571 3370 638 3423 A.
670 3367 755 3440 Et;
780 3384 878 3436 quo
904 3369 1013 3423 illae
1045 3385 1265 3437 semper.
1300 3366 1405 3422 Pro
1426 3373 1502 3434 εἰς
1539 3369 1777 3440 “paces-

205 3455 313 3520 xqv
350 3437 461 3491 τῶν
510 3438 881 3520 τρεφομέναιν,
947 3440 1083 3493 liber
1112 3437 1779 3520 _manuscri_ptns_habehat

203 3509 287 3579 τῷ
317 3509 656 3579 τρεφομένῳ,
685 3521 793 3579 non
820 3509 1439 3579 incominodezgquando
1463 3509 1654 3564 referri
1677 3509 1780 3564 hoc

204 3576 269 3633 et
293 3576 367 3650 ad
396 3579 460 3650 fro
473 3576 840 3650 smmum,
869 3578 1014 3650 et_ad
1043 3576 1393 3650 προσάγουσα
1419 3586 1618 3650 potest.

283 3647 426 3719 Ibid.
461 3646 656 3719 Sens_us
686 3659 878 3719 tamen.
924 3646 1030 3701 Pro
1061 3646 1155 3701 καὶ
1191 3648 1253 3719 τὸ
1280 3649 1400 3719 κατέ
1422 3646 1675 3719 οιῖσθησιν
1699 3650 1779 3701 οξ-

204 3718 534 3839 κονοιΐῆθσαι.
585 3716 746 3772 Liber
778 3718 919 3771 idem
950 3717 1352 3786 manuscriptus
1382 3716 1614 3773 habebat
1639 3721 1782 3772 οἰκο-

206 3804 339 3839 νοιιε
369 3805 401 3839 σ
436 3804 513 3839 αι.

206 3791 513 3841 νοιιείσθαι.

274 3805 518 3911 ῧῖέῗιῗαὲί
574 3855 716 3910 Licet
755 3858 865 3911 haec
889 3855 953 3910 de
989 3855 1170 3923 Apost.
1224 3857 1378 3925 Quod
1407 3867 1621 3912 exstare
1649 3857 1781 3912 dicit

208 3926 330 3981 haec
368 3926 520 3999 Pauli
557 3927 721 3979 verba
756 3929 806 3999 in
828 3926 1067 3999 Epistola
1108 3928 1172 3981 ad
1212 3928 1495 3999 Ephesios,
1523 3928 1576 3999 si
1603 3927 1782 3996 profe-

209 3998 462 4068 ctuin_ab
491 3998 616 4068 ipso?
642 4006 724 4052 est
762 3996 1046 4068 Gregorio,
1080 3996 1408 4068 μνημονικὴν
1431 3997 1777 4068 σφάλμαριι-

208 4069 316 4120 tari
338 4066 510 4137 debet
533 4084 549 4132 ;
567 4067 661 4137 sin
688 4081 716 4118 a
748 4066 986 4137 librariis
1008 4066 1296 4137 γραφικόν.
1332 4066 1779 4136 Νδιιιι-ορθνίυιι-

212 4084 316 4120 ιιιιί
348 4084 549 4132 cenet;
577 4084 661 4120 sm
688 4084 716 4118 a
749 4084 986 4121 nurarns
1008 4084 1114 4137 γρα
1164 4084 1296 4122 ικον.
1332 4084 1467 4120 nam
1495 4084 1779 4136 reperiun-

212 4147 305 4190 tur
331 4136 446 4189 haec
474 4136 527 4189 in
563 4135 802 4205 Episwla
830 4136 896 4188 ad
918 4084 1434 4192 ThessaTcmic-enses
1466 4140 1657 4196 altera,
1685 4151 1779 4189 ca-

210 4207 328 4277 pite
372 4206 582 4277 quinto.
619 4205 908 4277 Dionysius
963 4207 1154 4277 vertit:
1205 4205 1348 4259 Nam
1391 4212 1441 4259 et
1471 4205 1780 4277 Apostolam

211 4274 321 4345 iale
358 4274 562 4342 aliquid
594 4274 952 4344 cognoscimus
978 4276 1226 4329 intimare
1253 4277 1341 4329 ubi
1374 4291 1469 4345 pro
1504 4274 1782 4329 Thessalo-

208 4347 508 4400 nicensibus
538 4362 696 4397 oram
721 4346 818 4399 ait.

284 4414 402 4469 Col.
425 4414 525 4468 150
542 4414 604 4469 C.
632 4414 904 4484 Tanquam
925 4414 1201 4482 plectrum.
1229 4414 1308 4469 Ad
1327 4415 1487 4469 verba
1505 4414 1780 4485 πλήκτρου

206 4485 390 4556 δίκην,
422 4485 633 4553 adjecta
655 4500 758 4538 vox
788 4494 906 4539 erat
945 4485 1166 4556 in_|ibro
1206 4486 1577 4554 manuscripto
1600 4484 1783 4556 ὀργα-

208 4554 387 4616 νικοῦ,
420 4552 655 4614 reetene,
692 4570 759 4607 an
794 4569 952 4608 secus
984 4552 1238 4622 dispiciat
1270 4556 1363 4624 qui
1417 4552 1597 4619 voiet;
1650 4552 1779 4607 nam

208 4639 317 4679 nos
359 4632 518 4678 notas
562 4625 903 4679 solummodo
948 4625 1211 4692 quasdam
1266 4625 1503 4692 adjicere
1543 4625 1783 4677 decrevi-

209 4709 363 4756 mus,
399 4709 505 4747 non
546 4693 786 4762 integras
814 4694 1057 4747 omnium
1088 4694 1500 4764 explicationes,
1534 4708 1655 4764 quae
1682 4708 1778 4747 oc-

209 4776 462 4819 currunt.

290 4832 430 4885 Ibid.
462 4833 670 4902 Ὥσπερ
693 4834 751 4885 ὲν
789 4830 1020 4901 συνῳδξᾳ
1048 4831 1174 4884 τινι.
1230 4831 1355 4887 Haec
1388 4834 1523 4889 verti
1545 4873 1559 4894 .
1596 4841 1782 4887 mutuo

210 4918 474 4957 consensu
505 4918 526 4957 :
552 4902 824 4957 diversam
850 4903 917 4955 ab
935 4902 1150 4964 Aldina,
1173 4902 1398 4972 ipsaque
1420 4906 1584 4957 etiam
1616 4918 1780 4957 manu

209 4981 439 5028 exarata
467 4972 707 5027 editione
740 4974 1064 5039 scripturam
1094 4983 1348 5027 secutus:
1378 4975 1490 5026 bene
1519 4975 1664 5028 enim
1695 4973 1783 5027 Ita’-

210 5043 377 5096 bebat
398 5041 586 5114 dicitep
613 5044 669 5094 ὲν
695 5041 929 5114 συνόδῳ;
961 5042 1153 5114 Aldina
1188 5057 1314 5114 vero
1340 5044 1395 5095 ὲν
1418 5040 1649 5111 συνοδίᾳ,
1681 5057 1780 5112 pro

210 5126 327 5184 quo
369 5112 890 5184 GEVLPMQHI'eSﬁlul,
925 5113 1161 5184 quando
1209 5113 1288 5165 sic
1331 5114 1627 5184 legendum
1658 5126 1780 5166 esse

210 5179 381 5236 verba
404 5179 651 5250 Gregorii
675 5190 868 5236 caetera
905 5180 1203 5245 declarant,
1237 5183 1282 5235 si
1319 5179 1441 5251 quis
1465 5197 1526 5235 ea
1558 5182 1783 5251 diligen-

210 5252 324 5306 tius
349 5253 676 5306 consideret.

287 5319 431 5375 Ibid.
449 5321 507 5375 ι).
534 5320 698 5376 Tibiae
728 5319 971 5376 similem.
1016 5319 1246 5375 Meatum
1274 5320 1421 5375 tibia:
1441 5319 1778 5374 consimilem

211 5391 349 5455 dixi,
384 5393 477 5461 qui
506 5390 709 5446 Graecis
727 5398 812 5446 est
832 5389 1129 5460 αὐλοειδής,
1153 5390 1297 5461 quod
1322 5391 1644 5461 vocabulum
1677 5392 1780 5461 hoc

148 5492 151 5495 -
213 5463 338 5531 loco
366 5459 413 5515 τε
428 5463 607 5531 posui,
649 5476 773 5515 cum
816 5461 872 5514 in
909 5459 1145 5515 editiOne
1174 5459 1368 5531 Aldina
1394 5460 1661 5531 legeretur
1686 5459 1778 5511 τὸν

213 5530 380 5585 αὐλὸν
398 5530 486 5602 δή,
514 5533 646 5585 liber
658 5538 835 5602 autem
856 5531 1256 5602 manuscriptus
1276 5530 1585 5598 opinionem
1603 5543 1776 5602 meam

210 5599 615 5670 comprobaret.
673 5599 1015 5670 Vocabulum,
1040 5599 1282 5669 proxime
1311 5602 1413 5670 hoc
1451 5599 1777 5670 antecedens

213 5668 560 5741 κυκλοτέρως
584 5670 972 5741 retinui,_cum
1004 5668 1059 5722 in
1091 5668 1466 5741 manuscripto
1510 5669 1779 5740 legeretur

212 5737 580 5813 κυκλοτερεῖς,
609 5738 875 5798 sententia
903 5753 1128 5812 prorsus
1155 5737 1365 5797 eadem.

1499 313 1863 372 VARIORUM
1887 313 2118 371 NOTAE.

3296 313 3441 369 1550

1938 432 2055 488 σοι.
2087 434 2178 488 151
2213 437 2275 490 Α.
2307 433 2457 500 Quod
2484 433 2656 488 colum
2692 443 2896 488 vocant.
2936 431 3043 486 Pro
3068 430 3264 501 ἠθμόν,
3291 432 3436 501 quod

1867 504 2038 557 catum
2063 505 2221 567 verti,
2238 507 2501 573 scriptum
2518 513 2638 559 erat
2654 504 2708 557 iu
2730 505 2869 558 libro
2891 519 3051 558 manu
3066 510 3309 573 exarata,
3325 504 3439 564 τοῖς

1865 576 1993 644 περὶ
2014 574 2106 627 τὸν
2140 574 2327 642 ἰσθμὸν
2353 572 2620 645 χόνδροις,
2646 574 2748 627 hoc
2772 581 2857 629 est
2882 572 3293 645 cartilaginibus
3314 587 3436 645 qua:

1866 640 1996 698 sunt
2032 645 2177 698 circa
2206 640 2505 699 isthmum':
2553 645 2633 699 sic
2659 652 2837 699 autem
2867 640 3141 712 appellant
3174 640 3433 695 interiora

1864 729 2058 769 versus
2085 722 2269 784 guttur
2300 715 2414 770 oris
2444 715 2563 769 loca
2592 713 2786 778 Graeci,
2823 721 3041 781 sumpta
3070 727 3207 766 voce
3238 712 3338 765 hac
3357 712 3439 784 ab

1866 784 1935 854 iis
1971 781 2237 838 terrarum
2287 785 2619 853 regionibus,
2679 800 2798 854 qua:
2838 783 3102 854 quasdam
3155 781 3437 854 angustias

1865 853 2101 919 habent,
2145 855 2502 924 protendente
2545 870 2604 909 se
2648 852 2791 909 inter
2832 852 3004 907 maria
3043 852 3160 924 duo
3203 852 3433 924 quodam

1865 925 2023 991 quasi
2046 922 2205 979 terra:
2226 926 2368 978 collo
2392 945 2404 979 :
2432 925 2593 980 sicuti
2619 925 2679 979 ﬁt
2708 925 2761 977 in
2785 924 2987 977 isthmo
3026 922 3433 978 Corinthiensi:

1866 1003 2059 1063 estque
2106 996 2243 1049 adeo
2276 995 2418 1049 inter
2461 996 2569 1049 duo
2606 994 2776 1049 maria
2810 993 3019 1063 ἰσθμός,
3071 992 3217 1061 quod
3262 1001 3438 1045 terras

1867 1065 2011 1118 inter
2063 1064 2282 1127 fretum,
2327 1074 2387 1119 ut
2429 1064 2696 1126 Siculum,
2738 1073 2797 1117 ut
2840 1063 3319 1132 Hellesponticum,
3378 1070 3439 1113 ut

1867 1132 2304 1203 anphoranum,
2341 1146 2556 1190 caetera.
2610 1134 2802 1187 Utrum
2836 1145 2963 1188 'vero
2984 1132 3308 1203 vocabulum
3344 1146 3436 1184 re-

1867 1202 2012 1258 ctius
2041 1204 2144 1259 hoc
2176 1206 2296 1259 loco
2326 1206 2645 1267 retineatur,
2669 1205 2978 1273 dispiciam,
3011 1203 3104 1272 qui
3142 1202 3343 1265 volent,
3368 1215 3436 1255 ex

1868 1276 2190 1329 anatomicis
2222 1291 2235 1327 :
2279 1277 2410 1329 mihi
2449 1275 2584 1330 satis
2623 1285 2727 1338 est,
2760 1272 3052 1328 indicasse
3103 1272 3434 1340 scripturam

1867 1353 2124 1397 veterem.
2157 1345 2310 1410 Quod
2340 1354 2517 1399 autem
2541 1345 2729 1400 eodem
2751 1343 2854 1399 hoc
2884 1346 3003 1398 loco
3037 1343 3234 1412 legitur
3254 1357 3435 1412 γεγω-

1867 1414 2091 1497 νοτέραν
2120 1415 2218 1497 τὴν
2250 1415 2390 1486 ἠχὴν
2420 1415 2809 1497 damage-Itan,
2844 1415 2897 1497 in
2934 1428 2999 1497 eo
3033 1411 3129 1482 pro
3170 1411 3270 1497 reip;
3298 1411 3438 1497 ᾐχήις

1867 1433 2091 1537 νοτεραν
2120 1433 2218 1497 την
2250 1433 2390 1486 ηχην
2420 1433 2809 1496 απιιργαςςται,
2844 1433 2897 1467 ιιι
2934 1433 2999 1467 eo
3033 1433 3129 1482 pro
3170 1433 3270 1482 την
3298 1433 3436 1490 ηχηις

1867 1483 1982 1552 lege
2024 1493 2146 1537 atur
2175 1501 2229 1538 in
2260 1495 2635 1554 manuscrnpto
2668 1487 2806 1538 libro
2834 1485 3023 1553 αὐτήν,
3054 1483 3209 1554 quod
3243 1480 3436 1554 referri

1867 1549 2083 1608 videtur
2120 1554 2187 1608 ad
2226 1556 2442 1627 φωνήν,
2479 1549 2622 1611 idem
2662 1565 2891 1626 utraque
2940 1549 3174 1608 lectione
3226 1549 3436 1621 signiﬁ-

1869 1633 2048 1678 cante.
3126 1654 3129 1655 '

1941 1692 2058 1765 Gal.
2094 1693 2189 1748 151
2226 1694 2288 1749 Β.
2329 1694 2389 1749 Si
2415 1711 2571 1765 grave
2608 1692 3005 1765 molestumque.
3040 1691 3346 1765 Legebatur
3381 1708 3438 1765 In

1868 1762 2062 1835 Aldina
2082 1766 2340 1835 editione,
2364 1761 2457 1827 Εἷς
2472 1765 2531 1818 τὸ
2553 1763 2688 1835 βαρύ
2710 1781 2768 1835 τε
2792 1765 2884 1816 καὶ
2900 1761 3164 1835 ἐπίπονον
3183 1761 3441 1835 τῆςλκααςὰ

1868 1833 1969 1903 τὴν
1999 1833 2200 1904 βρῶσιν
2218 1834 2480 1906 λατρείας
2506 1830 2848 1903 τοίς’χείλεσι
2871 1833 2970 1903 τὴν
2998 1834 3194 1904 χρείαν
3213 1830 3307 1906 3'96
3335 1830 3441 1883 σώ-

1873 1902 2043 1973 ματος
2071 1902 2418 1975 ἐπορίζομζεν,
2450 1920 2571 1974 quae
2596 1902 2718 1960 cum
2746 1919 2870 1958 esse
2894 1902 3152 1975 corrupta
3176 1902 3436 1975 viderem,

1871 1971 1971 2042 pro
1999 1976 2080 2035 εἰς
2108 1971 2366 2028 substitui
2414 1971 2601 2028 nostra
2639 1976 2692 2028 in
2724 1975 2961 2027 editione
3004 1974 3072 2035 εἰ,
3100 1979 3154 2026 et
3172 1979 3308 2026 ante
3336 1971 3438 2039 τὴν

1870 2042 2395 2115 χρείανλθόόὶιιίιιὶιιδ
2426 2045 2562 2115 πρός
2593 2061 2606 2074 ·
2638 2043 2828 2115 utjam
2862 2043 3021 2111 plana
3051 2043 3121 2098 sit
3146 2042 3438 2105 sententia,

1871 2112 2032 2183 quam
2056 2112 2122 2183 in
2149 2112 2507 2169 conversione
2538 2113 2953 2183 expressimus.
3122 2133 3128 2140 ·

1943 2181 2084 2236 Ibid.
2108 2184 2170 2238 C.
2227 2184 2421 2239 Mentis
2452 2181 2721 2252 oppidum.
2767 2183 2902 2237 Cum
2947 2182 3216 2250 legeretur
3255 2181 3313 2252 in_
3348 2201 3443 2234 ιι.-

1872 2251 1996 2306 dina
2017 2252 2292 2324 editione,
2320 2255 2460 2308 κατὰ
2485 2250 2586 2324 ἓιὴν
2605 2253 2700 2306 τοῦ
2727 2252 2818 2306 νοῦ
2848 2252 3019 2317 πόλιν,
3052 2266 3153 2324 pro
3181 2250 3328 2324 κᾳτόι
3355 2266 3443 2324 re-

1873 2322 2029 2402 posui
2067 2324 2180 2402 καις,
2227 2325 2371 2393 quod
2390 2321 2895 2402 animadvertentem
2946 2321 3159 2402 mendis
3192 2321 3442 2402 plurimis

1873 2390 2016 2460 apud
2051 2390 2345 2463 scriptores
2383 2393 2602 2448 Graecos
2630 2393 2975 2448 occasionem
3001 2390 3298 2461 praebuisse
3335 2390 3440 2443 du-

1872 2470 1995 2516 ctus
2024 2462 2300 2531 elegantes
2334 2467 2661 2527 litterarum,
2712 2462 2912 2532 quibus
2942 2477 3053 2516 non
3086 2475 3285 2532 magno
3314 2474 3443 2532 spa-

1875 2532 1952 2584 tio
1978 2529 2173 2586 litterae
2191 2535 2451 2602 plusculae
2477 2529 2749 2588 interdum
2775 2529 3330 2602 comprehenduntur.
3365 2529 3442 2584 De

1875 2602 1981 2655 hoc
2014 2602 2096 2655 vir
2122 2600 2358 2658 ttiaxima
2393 2605 2640 2658 doctrina
2671 2612 2726 2658 et
2757 2600 3094 2656 humanitate
3120 2600 3443 2655 Guillelmus

1873 2671 2177 2743 Ganterus,
2240 2690 2399 2743 quem
2448 2682 2505 2726 ut
2552 2675 2785 2726 amicum
2824 2673 3157 2743 praecipuum
3203 2671 3443 2743 benevo-

1876 2741 2055 2795 lentia:
2102 2740 2273 2799 causa
2304 2744 2546 2808 nomino,
2592 2744 2763 2797 multa
2809 2740 3057 2797 extremo
3110 2742 3166 2794 in
3199 2740 3444 2794 Aristidis

1876 2825 1977 2864 suo
2007 2814 2235 2866 notavit.

1926 2880 2071 2934 'Col.
2100 2882 2201 2935 154
2228 2883 2292 2941 Β.¹
2323 2881 2489 2937 Menti
2530 2883 2822 2936 insinuata.
2881 2875 3015 2936 Cum
3061 2880 3117 2933 in
3145 2879 3443 2948 exemplari

1876 2951 2076 3005 Aldino
2104 2960 2272 3017 esset,
2301 2952 2759 3021 Εἰσοικιζόμενον,
2790 2953 2823 3021 ἡ
2852 2950 3055 3018 γεῦσις,
3084 2952 3115 3020 ἡ
3152 2949 3442 3021 ὄσφρησις,

1874 3023 1909 3093 ᾖ
1928 3021 2085 3092 ἀκοὴ,
2109 3022 2364 3085 πολλάκις
2391 3023 2501 3093 δὲὴ
2537 3020 2669 3092 ἁφὴ,
2688 3022 2783 3093 καὶ
2874 3021 3013 3089 ὄψις,
3052 3035 3159 3074 ηοιι
3198 3020 3443 3093 dubitavi

1880 3088 2063 3144 locum'
2081 3093 2431 3160 depravatum
2451 3088 2531 3147 sic
2547 3088 2860 3153 emendare,
2886 3088 2944 3143 ut
2966 3093 3233 3160 legerem:
3266 3088 3298 3154 ἢ
3323 3088 3446 3160 rsti-

1880 3160 2037 3232 σει,μῆ
2062 3159 2344 3232 ὀσφρήσει,
2368 3163 2402 3232 ἢ
2431 3164 2589 3232 ἀκοῇ,
2612 3161 2868 3224 πολλάκις
2892 3161 2947 3213 δὲ
2970 3161 3067 3232 και
3085 3161 3166 3232 ,τῇ
3193 3159 3444 3232 ἁφῇικαὶ

1876 3231 1942 3300 τῇ
1962 3228 2091 3300 bibat
2119 3228 2296 3300 {quod
2322 3228 2647 3300 probaturos
2670 3233 2917 3285 homines
2940 3228 3187 3284 eruditos
3207 3229 3442 3284 conﬁdo.

1951 3298 2092 3352 Ibid.
2119 3298 2184 3352 DZ
2227 3298 2338 3354 Per
2364 3317 2572 3355 sensum
2611 3302 2804 3355 diuers.
2858 3300 3164 3370 Legehatur
3190 3300 3443 3370 antehac.

1878 3370 2005 3440 ὅταν
2039 3370 2383 3440 αἰσθητικαῖς
2424 3370 2719 3440 δυνάμεσι,
2770 3386 2867 3440 pro
2897 3368 3007 3438 quo
3038 3368 3252 3423 restitui
3282 3387 3296 3423 :
3331 3370 3361 3421 ὁ
3385 3368 3444 3420 ὲν

1880 3438 2223 3510 αἰσθητικαῖς
2251 3440 2529 3511 δυνάμεσι.
2563 3438 2677 3511 [loc
2696 3438 2841 3496 enim
2873 3442 2999 3511 ipsa
3011 3441 3299 3511 verborum
3318 3452 3446 3494 sen-

1880 3507 2048 3581 tentia
2086 3510 2349 3581 postulat;
2376 3507 2537 3563 etiam
2566 3507 2967 3581 Dionysiusﬂita
2991 3507 3140 3578 legit.

1951 3576 2066 3632 Col.
2086 3576 2197 3634 "158
2223 3579 2282 3634 C.
2319 3580 2485 3646 Quem
2518 3580 2583 3633 ab
2613 3576 2813 3634 isth'mi.
2846 3578 3001 3634 Hunc
3025 3576 3222 3643 locum,
3248 3577 3446 3634 ductus

1880 3658 1934 3702 et
1962 3648 2294 3716 conjecturis
2326 3659 2378 3703 et
2420 3650 2744 3713 rationibus,
2781 3651 2864 3704 sic
2910 3649 3148 3713 restitui,
3179 3662 3303 3701 cum
3341 3663 3444 3702 an-

1881 3725 1969 3772 tea
1997 3719 2286 3790 legeretur,
2312 3719 2405 3771 ὲπὶ
2425 3719 2517 3772 τὸν
2544 3719 2806 3790 ἠθμοειδῆ
2829 3735 2841 3748 ·
2866 3734 2965 3788 pro
2996 3733 3124 3790 quo,
3167 3716 3446 3790 ισθμοειδῆ

1881 3788 2120 3858 reposui.
2176 3789 2270 3843 Est
2299 3800 2478 3843 autent
2520 3788 2684 3857 paulo
2720 3791 2883 3843 etiam
2914 3797 3044 3858 ante
3076 3788 3441 3858 signiﬁcatum

1882 3856 1938 3928 in
1967 3858 2318 3913 annotatione
2352 3858 2471 3912 Col.
2503 3856 2598 3913 {51
2641 3861 2706 3924 A,
2740 3873 2835 3928 pro
2859 3857 3058 3928 ἡθμόν,
3096 3856 3357 3928 scriptum
3383 3857 3439 3910 in

1882 3925 2022 3981 libro
2044 3942 2206 3980 manu
2235 3936 2458 3983 exarato
2489 3928 2678 3991 fuisse,
2711 3925 2920 3997 ἰσθμόν,
2941 3925 3077 3997 ‘cap.
3116 3926 3169 3980 9.
3202 3925 3446 3997 Quapro-

1882 4004 2004 4066 pter
2054 3997 2195 4051 idem
2247 3997 2483 4052 arbitror
2531 3994 2813 4053 accidisse
2856 3997 2911 4049 in
2966 3994 3070 4051 huc
3124 3998 3264 4051 loco.
3325 3994 3443 4051 ‘Est

1882 4065 2028 4137 enim
2072 4081 2135 4120 ea
2182 4068 2471 4121 verborum
2522 4067 2768 4137 Gregorii
2823 4067 3112 4131 sententia,
3164 4073 3439 4137 gustatum

1883 4136 1997 4189 ﬁeri
2034 4145 2129 4205 per
2149 4152 2437 4208 nervorum
2467 4133 2738 4200 surculos,
2773 4137 2866 4208 qui
2889 4153 2918 4189 a
2940 4133 3197 4208 meniuge
3215 4133 3443 4204 profecti

1954 4220 1979 4258 r
2028 4207 2260 4261 cervicis
2312 4208 2589 4261 vertebras
2646 4205 2863 4261 tandem
2899 4205 2966 4259 ad
3012 4221 3075 4260 os
3108 4205 3440 4260 deferantur.

1933 4291 2016 4328 am
2044 4280 2136 4346 qui
2181 4276 2291 4346 ﬁeri
2323 4287 2520 4344 potest,
2548 4284 2604 4329 ut
2633 4278 2688 4331 in
2720 4275 2881 4346 ἠθμῷ
2910 4276 3025 4329 sive
3054 4276 3176 4346 colo
3212 4276 3303 4327 ﬁat
3338 4290 3440 4346 guf

1884 4343 2082 4418 status,
2114 4345 2208 4418 qui
2252 4343 2379 4418 sunt
2410 4347 2640 4418 musculi
2669 4343 2816 4400 circa
2842 4343 3064 4399 colum?
3117 4343 3294 4410 Quod,
3332 4343 3439 4398 nisi

1882 4414 2231 4470 vehementer
2274 4414 2454 4479 fallor,
2505 4416 2684 4484 lingua
2725 4423 2976 4485 gustatus
3009 4423 3097 4485 est
3129 4429 3391 4482 organum
3422 4432 3438 4467 :

1884 4493 2013 4539 sunt
2061 4496 2239 4539 autem
2287 4486 2481 4555 lingua:
2516 4482 2822 4540 radices'in
2866 4482 3061 4553 ἰσθμῷ,
3110 4492 3442 4554 quapropter

1883 4560 2035 4608 ortos
2056 4570 2084 4607 a
2101 4556 2309 4609 cerebri
2346 4555 2658 4609 membrana
2684 4555 2933 4610 surculos
2963 4569 3193 4609 nerveos
3216 4568 3439 4607 muscu-

1884 4624 1952 4694 lis
1982 4624 2036 4676 in
2068 4624 2243 4694 ισθμῷ
2272 4626 2435 4679 inseri
2469 4625 2763 4692 putandum
2806 4632 2922 4688 est,
2956 4624 3136 4693 itaque
3167 4630 3442 4694 gustatum

1886 4693 2024 4765 ﬁeri.
2072 4693 2174 4747 Sed
2200 4700 2315 4765 haec
2350 4695 2595 4758 medicis,
2625 4695 3033 4765 praesertimque
3061 4694 3256 4765 peritis
3274 4693 3443 4747 disci-

1882 4763 2045 4832 plina:
2068 4780 2229 4835 quam
2252 4764 2587 4835 ἀνατομικήν
2619 4761 2831 4827 vocant,
2864 4761 3134 4835 relianO.
3169 4761 3318 4835 Infra
3344 4777 3444 4815 au-

1882 4839 1991 4905 tem
2020 4833 2233 4905 reposui
2254 4870 2271 4894 ,
2325 4832 2552 4905 νοτὲρὸν
2572 4835 2763 4904 ἀτμόν,
2794 4849 2859 4888 ex
2884 4833 3022 4905 libro
3053 4832 3442 4905 titanuscripto,

1885 4902 2051 4956 udum
2086 4904 2334 4964 halitmn,
2364 4901 2464 4973 pro
2493 4901 2733 4974 νοσερόν,
2764 4904 2906 4970 quod
2934 4910 3020 4957 est
3054 4901 3314 4974 in_editis.
3374 4901 3440 4974 Et

1881 4988 1991 5026 non
2017 4975 2188 5026 multo
2214 4971 2495 5042 post,’pro
2524 4971 2711 5043 βάσίν,
2751 4973 3025 5042 legebatur
3058 4971 3252 5042 μύσιν;
3298 4971 3443 5040 quod

1883 5044 2201 5112 mutandum
2230 5050 2410 5096 tamen
2444 5058 2552 5097 non
2580 5044 2784 5112 putavi.

1954 5110 2209 5181 601.7166
2236 5112 2297 5166 C.
2340 5112 2536 5167 Somno
2570 5108 2830 5166 laxatum.
2877 5110 2983 5164 Pro
3029 5108 3182 5181 λύσιν
3228 5111 3448 5181 ἐμποιεῖ

1880 5179 1970 5234 διὰ
2013 5180 2103 5233 τοῦ
2144 5179 2343 5246 ὕπνου,
2397 5182 2535 5236 liber
2578 5182 2987 5250 manuscriptus
3027 5179 3280 5244 habebat,
3321 5183 3444 5233 ὲπι-

1893 5253 2010 5314 δοεί,
2041 5267 2162 5321 quae
2189 5251 2349 5321 lectio
2384 5251 2516 5305 mihi
2558 5254 2776 5320 quidem
2809 5266 2922 5306 non
2959 5252 3302 5305 incommoda
3327 5251 3444 5305 visa

1881 5331 1984 5376 est.
2022 5320 2217 5375 retinui
2247 5328 2426 5374 tamen
2456 5321 2727 5375 Aldinam.

1956 5360 2794 5445 ’ἑῖι”ν’ἆᾶ’ἱόἶξ””ιῖτο
2817 5390 2944 5443 ὅταν
2968 5387 3269 5460 ἐπιλάμψῃ,
3302 5386 3447 5459 lege-

1882 5460 2044 5515 batur
2074 5461 2127 5514 in
2166 5461 2303 5515 libro
2330 5460 3031 5531 tuanuscriptoimﬂa’kbn,
3057 5461 3188 5531 mihi
3226 5461 3444 5531 quidem

1881 5531 2095 5584 videtur
2139 5529 2473 5599 ellicacitas,
2507 5543 2565 5585 ut
2608 5528 2680 5584 ita
2706 5529 2935 5583 dixerim
2958 5528 3008 5593 ,”
3025 5528 3199 5599 major
3246 5531 3300 5582 in
3342 5528 3446 5582 hoc

1881 5614 2024 5665 esse,
2068 5614 2230 5669 quam
2266 5600 2336 5673 Διιι
2370 5598 2672 5673 ἐπιλάμψῃ.
2706 5598 3121 5673 _EtGregori_ns
3158 5606 3351 5673 noster
3389 5599 3445 5651 in

1880 5679 2126 5739 extremo
2159 5669 2358 5739 capite.
2390 5684 2499 5723 non
2534 5669 2721 5739 procul
2757 5685 2786 5722 a
2822 5669 3111 5739 principio,
3137 5670 3298 5723 verbo
3328 5669 3447 5739 δια,-

1880 5737 2107 5794 θάλπειν
2137 5737 2269 5796 usus
2314 5740 2418 5808 est,
2449 5737 2574 5796 eum
2606 5740 2701 5808 ait,
2737 5737 2849 5797 tres
2900 5740 2954 5794 in
2984 5739 3176 5810 primis
3202 5752 3325 5795 esse
3361 5738 3446 5791 Ia-
