4002 6180
528 226 630 282 ’03
1957 213 2108 272 PRE

2225 215 2340 272 uo.
2701 197 2706 202 ’
3686 215 3805 275 ωδ

601 337 901 398 Virorum
930 336 1059 393 tam
1089 328 1457 402 illustrium,
1489 333 1750 406 tamque
1779 343 1844 388 in
1871 328 2156 389 Ecclesia
2186 333 2248 388 et
2274 326 2600 407 pietatect
2627 325 2932 406 dignitate
2965 332 3406 407 praestantium
3431 333 3798 398 auctoritas

520 431 744 477 eorum
771 429 1054 474 errorem
1084 428 1230 470 cum
1255 405 1691 484 sibimetipsis,
1722 413 1856 468 tum
1883 407 2026 467 aliis
2053 407 2256 485 magis
2285 405 2726 485 periculosum,
2744 405 3044 470 reddebat
3068 428 3082 466 :
3107 408 3318 472 debita
3349 410 3520 472 enim
3545 412 3800 474 eisdem

523 494 848 556 veneratio
879 494 942 550 et
976 489 1178 550 rudes‘
1202 488 1269 548 in
1299 487 1721 547 imitationem
1749 484 2185 565 pertrahebat,
2219 489 2281 544 et
2313 485 2503 565 simul
2548 484 2925 562 peritiorum
2968 486 3222 565 linguas
3265 488 3479 549 inutili
3523 490 3802 553 silentio

517 573 890 640 cohibebat;
925 569 1011 628 ita
1043 572 1115 626 ut
1147 567 1256 626 vix
1285 565 1677 642 reperiretur
1703 563 1903 634 ullus,
1934 563 2047 642 qui
2077 563 2177 624 vel
2208 565 2384 642 ipsos
2419 563 2812 631 admoneret,
2852 565 2950 625 vel
2981 563 3184 624 errori
3217 583 3412 642 quem
3445 566 3798 642 docebant,

515 654 903 720 occurreret,
937 654 1165 722 printer
1193 641 1432 722 paucos
1459 643 1750 720 perfecta)
1777 641 1998 719 gratiae
2023 641 2372 718 intrepidos
2395 647 2712 703 amatores
2738 643 3314 782 (Epist.225,n.72.
3333 645 3578 706 Horum
3611 668 3645 708 e
3678 641 3801 708 nu-

517 746 694 782 mero
725 726 902 782 fuere
934 727 1209 782 Prosner
1235 729 1296 782 et
1333 722 1617 782 Hilarius
1647 721 1907 782 quidam
1928 763 1944 782 .
1978 720 2144 780 alius
2173 723 2253 780 ab
2281 721 2582 782 eniscono
2615 721 2996 782 Arelatensi.
3036 740 3182 782 cum
3209 724 3253 782 il
3282 743 3315 782 e
3342 724 3584 782 ordinis
3613 732 3800 782 esset

516 746 694 790 mero
725 726 902 787 fuere
934 720 1209 800 Prosper
1235 729 1296 783 et
1333 722 1617 782 Hilarius
1647 721 1907 797 quidam
1928 763 1944 791 ,
1978 720 2144 800 alius
2173 723 2253 780 ab
2281 721 2582 798 episcOpo
2615 720 2996 800 Arelatensi,
3036 740 3182 782 cum
3209 720 3315 784 ille
3342 724 3584 784 ordinis
3613 732 3800 787 esset

514 809 828 869 laicorum
851 799 1252 884 (Ερίξεξ226,
1276 801 1444 884 (uti),
1463 801 1582 860 Hic
1598 806 1765 884 certe
1777 799 2268 884 consuetudinis
2292 799 2630 884 Augustini
2651 799 2892 860 deliciis
2918 801 3152 877 politus
3176 801 3526 884 aliquando
3548 804 3796 878 fuerat,

510 877 956 961 doctrinaeque
979 881 1116 960 ejus
1149 877 1588 940 salubrilacte
1621 877 1900 961 n_utritus
1931 897 1946 936 :
1976 894 2052 938 ac
2084 877 2352 961 proinde
2382 879 2524 939 licet
2554 878 2617 938 id
2651 885 3069 956 temporis,ut
3103 877 3404 941 credibile
3433 887 3550 952 est,
3570 877 3798 960 patria

510 971 572 1024 et
605 955 1236 1040 consanguineorum
1269 963 1613 1040 conspectu
1644 955 1965 1040 frueretur
1988 973 2112 1040 ;__se
2153 960 2366 1040 tamen
2402 963 2706 1040 tanquam
2738 955 3061 1040 extorrem
3103 961 3464 1040 reputabat.
3514 955 3798 1024 Videtur

511 1047 728 1104 autem
758 1043 840 1102 ab
857 1033 1216 1118 'Augustini
1243 1033 1548 1120 _c_onvictu
1576 1052 1658 1120 eu
1687 1033 2380 1120 consitiodiscessisse,
2419 1041 2493 1120 ut_
2520 1035 2732 1120 fratris
2765 1037 2864 1095 sui
2894 1033 3214 1120 conjpgaii
3250 1038 3504 1101 vinculo
3533 1042 3794 1120 alligati

512 1121 785 1182 salutem
817 1112 1212 1197 procuraret2
1243 1115 1382 1197 Hoc
1407 1118 1572 1197 nutu
1600 1113 1818 1197 divino
1861 1113 2096 1197 factum
2127 1112 2652 1197 fu_isse_probavit
2688 1120 2978 1175 eventus.
3016 1112 3274 1197 Etenim
3317 1123 3548 1194 praeter
3576 1112 3682 1180 ab'
3702 1138 3794 1182 eo

511 1191 1139 1276 susceptamgratia:
1181 1193 1616 1255 defensionem
1662 1193 1730 1276 iu
1774 1191 2032 1276 Galliis,
2076 1191 2281 1268 ipsius
2327 1191 2642 1276 frater_de
2681 1210 3004 1276 consensu
3046 1195 3271 1256 uxoris
3314 1191 3790 1260 continentiam

511 1271 859 1356 amplexus
878 1271 996 1347 est,
1029 1277 1528 1356 quamuterque
1555 1289 1626 1332 se
1654 1271 1734 1332 ad
1759 1274 2124 1356 extremum
2153 1288 2361 1356 usque
2391 1271 2704 1356 spiritum.
2714 1271 2994 1356 perfecte
3023 1277 3394 1356 servaturos
3421 1276 3554 1356 Deo
3583 1295 3791 1339 vove-

513 1293 849 1356 amplexus
878 1293 996 1347 CSI,
1029 1293 1225 1412 gnam
1255 1293 1528 1349 Uterque
1555 1293 1626 1332 se
1654 1293 1734 1332 au
1763 1293 2124 1332 exu'emum
2155 1293 2361 1348 usque
2391 1293 2688 1348 Spll'llllm
2722 1293 2994 1347 perteue
3023 1293 3394 1335 servaturos
3423 1293 3554 1337 ΠΕΟ
3583 1295 3788 1339 γονε-

513 1354 910 1433 runt(1bid.,
939 1372 1006 1414 η.
1083 1354 1126 1432 ).
1153 1351 1328 1433 _Nibil
1355 1355 1609 1433 autem,_
1627 1354 1850 1433 nostra
1879 1349 2137 1426 quidem
2164 1351 2490 1433 Opinione,
2522 1349 2840 1433 prohibet,
2871 1353 3221 1433 quominus
3256 1352 3573 1415 Hilarium
3604 1357 3788 1420 hunc

511 1427 952 1496 existimemus
982 1427 1275 1493 eumdem
1304 1447 1468 1510 esse,
1500 1429 1613 1510 qui
1645 1428 1895 1510 circiter
1922 1427 2898 1510 aunumquadringentesimum
2931 1429 3246 1492 decimum
3275 1442 3577 1510 quartum
3606 1454 3640 1495 e
3669 1435 3788 1495 Si-

509 1513 657 1576 cilia
703 1511 1038 1590 epistolam
1079 1508 1440 1590 Augustino
1479 1509 1556 1568 de
1600 1508 1929 1590 erroribus
1974 1507 2470 1590 Pelagianorum
2525 1507 2802 1585 scripsit.
2850 1507 3510 1590 Prmterquamﬁquod
3550 1515 3783 1574 animo

509 1586 936 1670 torquebatur
961 1590 1069 1649 ille
1099 1586 1516 1670 ob:amis_sam
1546 1587 1750 1670 sancti
1778 1586 2070 1670 Doctoris
2102 1587 2530 1670 praesentiam,
2564 1602 2815 1670 spmmo
2846 1603 3107 1670 quoque
3135 1586 3370 1649 dolore
3386 1590 3593 1666 ipsum
3623 1591 3782 1653 afﬁ—

509 1663 736 1739 ciebat,
765 1668 936 1747 quod
964 1685 1094 1728 non
1121 1667 1334 1747 solum
1355 1665 1654 1747 dogmata
1680 1669 1809 1726 tam
1837 1663 2198 1734 manifesta,
2227 1683 2372 1747 qua;
2399 1665 2561 1747 idem
2585 1663 3253 1747 Sanctus’tradiderat,
3280 1663 3779 1744 respuerentur,

507 1749 616 1810 sed
652 1742 846 1810 etiam
886 1749 968 1808 ab
1003 1747 1080 1806 iis
1119 1745 1232 1822 qui
1272 1745 1383 1806 illa
1421 1742 1682 1823 minime
1717 1749 2048 1823 caperent,
2084 1742 2729 1823 reprehenderentur.
2763 1743 3078 1823 Quocirca
3107 1746 3222 1805 etsi
3261 1742 3776 1823 venerationem,

505 1844 702 1905 quam
730 1845 814 1888 ex
846 1820 1278 1906 ecclesiastica
1310 1822 1772 1906 consuetudine
1803 1821 1966 1906 viris
1995 1820 2306 1906 ejusmodi
2345 1823 2698 1906 superioris
2727 1821 2970 1906 ordinis
3002 1823 3146 1906 laici
3177 1824 3432 1906 debent,
3468 1820 3780 1906 religiose

505 1900 878 1976 exhiberet;
917 1909 1126 1964 tamen
1160 1902 1377 1963 oblata
1412 1901 1750 1962 occasione
1787 1917 1918 1960 non
1952 1900 2223 1973 taeebat,
2265 1900 2375 1961 sed
2413 1901 2792 1963 catholicam
2827 1900 3184 1964 doctrinam
3217 1920 3334 1981 pro
3369 1905 3532 1966 datis
3563 1900 3685 1967 sibi
3731 1925 3778 1970 a

503 1985 637 2045 Deo
679 1984 917 2044 viribus
956 1983 1280 2042 tuebatur.

582 2059 860 2140 Prosper
879 2065 1119 2129 autem,
1144 2059 1262 2140 qui
1286 2058 1658 2140 Augustino
1675 2057 1737 2118 in
1768 2056 2184 2140 defendendae
2205 2058 2426 2135 gratiae
2451 2075 2687 2140 munus
2712 2073 2790 2140 ac
2816 2058 3106 2120 laborem
3134 2061 3465 2133 successit,
3499 2063 3777 2140 Aquita-

505 2161 626 2203 nus
658 2135 818 2214 erat,
851 2135 1600 2218 sermone'schola'sticus
1640 2135 1742 2218 (ea:
1766 2135 2291 2218 Genuadio).hoc
2315 2141 2434 2218 est,
2459 2137 2722 2218 egregie
2745 2137 3088 2218 litteratus,
3116 2141 3179 2218 et
3207 2141 3468 2200 omnino
3502 2135 3600 2202 vir
3627 2149 3776 2204 tum

504 2222 820 2293 moribus,
851 2224 986 2278 tum
1013 2216 1272 2292 eloquio
1301 2222 1363 2276 et
1394 2216 1604 2276 studio
1631 2215 1842 2296 Clarus
1874 2215 2115 2296 (Epist.
2141 2215 2378 2296 2‘26,_n,.
2410 2215 2536 2296 10),
2566 2215 2685 2296 nec
2723 2217 3270 2296 sanctiAntistitis
3316 2220 3538 2280 notitia
3583 2221 3776 2280 indi-

503 2317 667 2378 gnus
690 2297 1022 2374 :quamvis
1049 2314 1117 2356 se
1139 2297 1276 2373 ipse
1298 2299 1544 2378 tantum
1577 2313 1658 2354 ex
1683 2293 1904 2354 ordine
1933 2293 2242 2378 laicorum
2269 2294 2468 2378 fuisse
2489 2293 2776 2378 quodam
2803 2295 2991 2356 modo
3017 2295 3272 2378 indicet,
3289 2298 3400 2378 ubi
3429 2299 3778 2376 profitetur

504 2373 766 2437 minime
800 2394 869 2437 se
908 2392 1131 2452 parem
1169 2373 1533 2434 auctoritati
1580 2378 2080 2433 memoratorum
2122 2373 2821 2452 Semipelagianorum,
2863 2390 2902 2435 a
2942 2377 3179 2452 quibus
3223 2373 3493 2436 multum
3523 2383 3584 2438 et
3617 2379 3774 2441 vita:

504 2455 774 2527 meritis,
807 2460 870 2514 et
899 2469 1148 2514 summo
1180 2452 1515 2512 sacerdotii
1551 2452 1794 2512 honore
1821 2457 2187 2530 superatur.
2221 2453 2654 2530 Augustinum
2682 2469 3020 2530 nunquam
3049 2453 3318 2526 viderat,
3348 2455 3456 2516 sed
3482 2460 3776 2517 tantum-

503 2535 694 2596 modo
721 2532 1022 2614 ofticiosis
1065 2532 1460 2592 salutaverat
1495 2531 1760 2614 litteris,
1788 2549 1951 2607 quas
2006 2549 2122 2614 per
2164 2531 2504 2592 Leontium
2539 2530 2884 2614 diaconum
2920 2533 3286 2614 direxerat,
3314 2552 3429 2610 per
3460 2554 3652 2614 quem
3699 2544 3772 2598 et

501 2615 704 2676 sancti
736 2611 1052 2674 Antistitis
1092 2614 1428 2686 acceperat
1470 2611 1980 2687 responsionem.
2014 2611 2469 2671 Verumtamen
2504 2614 2568 2670 et
2591 2609 2934 2688 Augustini
2964 2612 3236 2674 lectione
3264 2609 3333 2674 et
3353 2614 3467 2674 Dei
3482 2609 3773 2676 revela-

501 2693 677 2754 tione
723 2693 946 2752 doctus
999 2688 1554 2770 perversissimpm
1604 2706 1746 2770 esse
1773 2732 1790 2760 ,
1841 2695 2070 2768 negata
2118 2689 2680 2770 praedestinatione
2708 2705 2784 2751 ac
2819 2691 3252 2768 praeveniente
3282 2693 3520 2770 gratia,
3548 2694 3788 2756 dicere'

499 2771 673 2849 quod
699 2771 950 2831 initium
980 2769 1204 2830 salutis
1228 2787 1310 2827 ex
1336 2784 1412 2828 eo
1435 2768 1544 2844 qui
1571 2768 1882 2836 salvatur,
1909 2785 2037 2849 non
2065 2787 2148 2849 ex
2175 2785 2252 2830 eo
2277 2773 2400 2830 stet
2421 2768 2534 2846 qui
2565 2768 2794 2849 salvat,
2820 2769 3124 2847 quodque
3157 2768 3451 2849 voluntas
3480 2771 3765 2834 hominis

499 2846 730 2912 divinae
765 2849 986 2929 gratia;
1016 2849 1224 2925 pariat
1254 2865 1479 2929 opem,
1517 2865 1647 2906 non
1679 2849 1883 2929 gratia
1915 2848 2034 2908 sibi
2067 2848 2417 2929 humanam
2438 2846 2750 2929 subjiciat
2778 2846 3172 2929 voluntatem
3207 2848 3358 2929 (Id.,
3385 2849 3525 2920 225,
3553 2870 3659 2911 nn.
3693 2854 3764 2921 6,

499 2929 569 3008 7)
601 2926 870 3007 :spretis
903 2928 1177 2988 aliorum
1203 2926 1486 3008 adversis
1517 2927 2039 3008 conatibus,_uon
2067 2927 2254 3008 modo
2280 2927 2400 2988 hac
2432 2926 2501 3008 in
2529 2926 2648 2988 fide
2675 2927 2972 3008 perstitit,
2997 2927 3102 3008 sed
3134 2934 3197 3008 et
3219 2926 3506 3008 eamdem
3533 2936 3764 2994 contra

502 3005 950 3086 impugnantes
997 3005 1460 3082 propugnavit,
1517 3010 1652 3086 tum
1697 3005 1900 3064 sancti
1939 3005 2226 3086 Doctoris
2271 3005 2817 3086 operibusratque
2857 3006 2989 3086 illic
3021 3006 3235 3086 allatis
3279 3007 3764 3084 Scripturarum

500 3084 880 3146 testimoniis
913 3102 1095 3155 usus,
1130 3089 1268 3162 tum
1293 3084 1688 3160 argumentis
1728 3100 1872 3160 quae
1904 3101 2016 3161 per
2044 3101 2112 3143 se
2151 3085 2287 3161 ipse
2337 3101 2376 3144 a
2419 3084 2643 3160 positis
2691 3101 2806 3162 per
2847 3085 3280 3162 Augustinum
3327 3087 3764 3147 fundamentis

501 3167 806 3234 ducebat;
847 3161 1462 3242 pugnansvideliret
1491 3162 1716 3222 validis
1752 3162 2104 3224 ratiociniis
2126 3168 2239 3242 ,κει
2279 3163 2570 3224 nervosis
2612 3161 2736 3224 illis
2781 3161 3245 3225 assertionibus
3269 3208 3286 3242 ,
3315 3165 3554 3242 quibus
3591 3167 3768 3227 idem

505 3243 666 3322 ipse,
693 3240 880 3322 juxta
907 3240 1216 3322 Gennadii
1247 3242 2029 3322 quoque.mattestationem,
2052 3241 2362 3322 pollebat.
2514 3319 2553 3322 μ
2775 3320 2783 3322 ᾗ
3079 3321 3093 3322 7
3271 3240 3276 3247 ’

582 3319 754 3384 Inter
779 3322 985 3400 prima
1017 3320 1206 3400 hujus
1234 3319 1682 3400 disputationis
1714 3320 1979 3380 exordia
2007 3319 2944 3400 Massiliensesaiiquantisper
2973 3321 3342 3382 maluerunt
3369 3323 3590 3383 vitium
3623 3324 3770 3383 im—

504 3409 730 3479 putare
761 3399 893 3462 Sua:
919 3399 1236 3470 tarditati,
1269 3416 1466 3476 quam
1495 3399 1725 3479 dogma
1754 3416 1792 3459 a
1816 3418 1884 3459 se
1914 3415 2042 3458 non
2073 3401 2466 3460 intellectum
2489 3399 2797 3479 damnare
2823 3421 2838 3460 :
2871 3399 2998 3460 imo
3033 3400 3213 3462 fuere
3243 3401 3410 3461 inter
3437 3420 3546 3464 eos
3577 3421 3769 3462 non-

505 3478 687 3551 nulli,
715 3481 822 3558 qui
850 3479 1279 3559 Augustinum
1303 3478 1668 3538 consultum
1693 3479 1946 3559 vellent,
1972 3486 2397 3559 rogatumque
2424 3483 2496 3559 ut
2517 3478 2892 3559 lucidiorem
2923 3485 3118 3556 atque
3147 3481 3532 3558 apertiorem
3561 3499 3771 3559 super

398 3577 402 3580 ·
505 3561 624 3652 hoc
654 3556 1116 3652 expositionem
1143 3556 1374 3652 ederet.
1409 3559 1485 3648 At
1519 3557 1964 3652 vero‘eontigit
1995 3556 2102 3618 Dei
2133 3557 2493 3652 moi-serentis
2524 3562 2710 3652 nutu,
2734 3562 2812 3652 ut
2832 3556 3332 3652 Massitiam‘per
3365 3560 3422 3620 id
3453 3556 3767 3652 temporis

501 3639 856 3698 deferretur
886 3635 1150 3716 liberde
1179 3634 1596 3716 correptione
1627 3639 1693 3699 et
1719 3635 1968 3705 Gratia,
2007 3653 2137 3713 quo
2168 3637 2332 3716 libro
2360 3636 3157 3716 monachisiAdrumetinis
3182 3683 3198 3709 ,
3220 3634 3318 3700 iad
3359 3634 3598 3700 eadem
3619 3641 3769 3716 ipsa

501 3736 648 3794 quae
681 3715 1190 3777 Massiliensibus
1223 3713 1622 3794 facesschant
1653 3715 1978 3794 negotium
2002 3759 2016 3783 ,
2047 3723 2175 3775 tam
2213 3715 2399 3792 plene
2435 3714 2968 3792 respondebatur,
3015 3721 3278 3794 tamque
3319 3717 3610 3778 absolute
3635 3713 3662 3788 ξ
3691 3725 3769 3780 ut

503 3797 670 3854 idem
707 3797 868 3855 liber
897 3795 973 3854 ad
1001 3793 1500 3870 componendas,
1525 3811 1670 3873 quae
1703 3793 1767 3852 in
1800 3794 2020 3873 Galliis
2051 3795 2342 3854 excitatae
2367 3801 2574 3866 erant,
2598 3795 3080 3854 contentionum
3112 3793 3334 3856 turbas
3357 3797 3767 3873 conscriptus

507 3875 847 3934 videretur.
892 3874 1506 3952 Verumrconspecto
1538 3872 1737 3952 libro,
1772 3871 1880 3948 qui
1918 3873 2704 3952 apostolicamAugustini
2737 3873 3093 3933 doctrinam
3128 3871 3767 3952 sequebantur,iipsi

503 3953 759 4028 quidem
793 3970 1028 4012 novum
1063 3951 1210 4010 inde
1240 3951 1454 4009 lumen
1487 3955 1550 4010 et
1578 3949 1820 4027 majora
1857 3950 1934 4008 ad
1969 3967 2109 4010 eam
2136 3949 2591 4012 defendendam
2620 3952 2914 4029 praesidia
2943 3949 3282 4013 traxerunt
3311 3973 3325 4012 :
3363 3955 3472 4015 alii
3507 3949 3726 4015 autem
3749 4001 3766 4024 ,

503 4051 778 4109 quorum
827 4035 1068 4090 mentes
1120 4045 1303 4089 error
1333 4035 1500 4109 ante
1551 4037 1998 4109 occupaverat,
2036 4030 2310 4109 caligine
2355 4031 2615 4106 propria
2665 4031 2970 4108 impediti,
3009 4031 3170 4109 nihil
3218 4032 3390 4093 aliud
3445 4033 3598 4104 illic,
3633 4034 3766 4094 nisi

503 4107 874 4170 offensionis
907 4109 1114 4170 adhuc
1144 4115 1206 4168 et
1235 4107 1616 4190 ardentioris
1651 4109 1715 4167 in
1750 4109 2088 4190 veritatem
2103 4107 2226 4166 odii
2257 4109 2592 4190 materiam
2627 4107 3013 4190 invenerunt
3045 4108 3259 4189 (Ibid.,
3295 4129 3360 4170 η.
3388 4111 3489 4190 2).

583 4191 964 4266 Opinionem
997 4205 1182 4247 suam
1215 4187 1542 4267 vetustatis
1565 4190 1839 4267 nomine
1869 4187 2275 4267 defendentes
2299 4232 2314 4260 ,
2361 4187 2934 4266 praedestinationis
2981 4187 3212 4267 degma
3256 4195 3410 4252 nota
3445 4187 3769 4252 novitatis

504 4270 870 4328 inurebant.
898 4269 969 4328 In
995 4265 1332 4344 Augustini
1357 4266 1609 4343 scriptis
1637 4265 1944 4326 adversus
1972 4265 2346 4344 Pelagianos
2371 4265 3473 4338 Conditis,contrarium—asserebant
3503 4271 3772 4330 Patrum

503 4347 791 4424 Opinioni
825 4351 882 4405 et
913 4345 1346 4405 ecclesiastico
1377 4345 1617 4424 sensui,
1650 4344 1958 4422 quidquid
1997 4345 2063 4403 in
2094 4347 2185 4405 eis
2216 4345 2292 4405 de
2323 4346 2656 4407 vocatione
2686 4347 3036 4407 electorum
3071 4348 3422 4408 secundum
3456 4348 3569 4408 Dei
3597 4365 3773 4424 pro-

507 4423 786 4502 pesitum
843 4429 1104 4484 sanctus
1155 4424 1391 4483 Doctor
1435 4423 1896 4499 disputaverat.
1948 4423 2150 4485 Locos
2204 4425 2383 4484 Pauli
2437 4425 2563 4484 huc
2615 4427 3008 4502 pertinentes
3066 4425 3363 4489 dicebant
3409 4445 3447 4488 a
3505 4423 3772 4490 nemine

505 4521 794 4580 unquam
823 4503 915 4564 sic
943 4502 1294 4582 intellectos
1321 4521 1338 4560 :
1361 4519 1635 4582 cumque
1672 4508 2410 4582 rogarentur,quonam
2439 4503 2560 4581 ipsi
2590 4504 2778 4564 modo
2800 4505 3038 4582 eXponi
3067 4523 3176 4566 eos
3213 4506 3480 4578 vellent;
3510 4506 3770 4567 nullum

503 4599 752 4675 revera,
785 4581 893 4660 qui
933 4581 1685 4675 pla‘cerethsensumnsibi‘
1715 4599 2056 4675 oucurrere
2087 4581 2485 4674 fatebantur;
2519 4582 2627 4675 sed
2657 4583 2734 4643 de
2764 4583 2863 4675 his
2893 4584 3086 4675 taceri
3117 4583 3450 4675 jubebapt,
3482 4601 3771 4675 quorum

505 4663 905 4724 altitudinem
937 4660 1161 4740 nullus
1181 4659 1514 4738 attigisset.
1543 4659 1900 4720 Sententias
1931 4661 2270 4739 Augustini
2303 4680 2381 4722 ex
2413 4662 2895 4738 Operibusante
2921 4659 3332 4740 Pelagianam
3365 4659 3653 4724 haaresim
3682 4667 3777 4724 ab

503 4759 581 4804 eo
612 4741 980 4820 compositis
1012 4739 1485 4820 producebant,
1515 4742 1824 4820 tanquam
1853 4741 2303 4820 suasipsorum
2335 4741 2624 4820 opinioni
2666 4741 2855 4818 plane
2886 4739 3338 4820 congruentes.
3371 4742 3537 4816 Quin
3569 4741 3773 4802 etiam

503 4839 651 4899 quae
678 4817 843 4882 idem
874 4838 957 4880 ex
991 4819 1262 4879 adversa
1289 4822 1470 4899 parte
1500 4817 1629 4899 sibi
1646 4818 1955 4899 popposuit
1983 4819 2048 4877 in
2081 4821 2243 4879 libro
2269 4819 2345 4880 de
2381 4817 2798 4897 Correptione
2827 4824 2889 4899 et
2919 4817 3140 4880 Gratia
3163 4865 3179 4893 ,
3214 4821 3348 4882 hinc
3389 4821 3607 4880 omnia
3649 4839 3778 4896 pro

503 4897 573 4961 se
618 4901 720 4960 isti
767 4915 1002 4978 magna
1045 4897 1455 4978 contentione
1497 4897 1916 4978 replicabam.
1968 4899 2048 4978 A_t
2096 4899 2444 4976 plurimum
2492 4899 2648 4977 ipsis
2701 4898 3078 4976 displicebat
3123 4900 3484 4960 institutum
3533 4899 3776 4978 ibidem

505 4979 850 5040 discrimen
884 4975 1052 5038 inter
1078 4977 1348 5055 gratiam
1381 4993 1525 5056 quae
1551 4975 1799 5056 Adamo
1821 4977 1967 5037 data
1999 4975 2228 5047 fuerat,
2267 4984 2328 5038 et
2356 4995 2500 5056 quae
2518 4975 2712 5040 nobis
2739 4975 2913 5038 nunc
2938 4978 3148 5040 datur.
3185 4979 3476 5054 Denique
3512 4977 3779 5054 praede—

506 5059 871 5118 stinationis
899 5057 1267 5134 exemplum
1297 5055 1606 5136 nolebant
1625 5055 1805 5136 sumi
1828 5074 1922 5136 rex
1948 5057 2262 5133 parvulis,
2294 5055 2632 5136 deiquibus
2671 5075 2900 5136 nempe
2928 5058 3056 5119 alia
3082 5057 3262 5136 prius
3294 5057 3518 5118 fuisset
3547 5057 3776 5134 Opinio

503 5137 706 5226 ipsius
733 5154 994 5226 quoque
1012 5135 1362 5226 Augustini
1392 5135 1458 5226 in
1492 5135 1678 5226 libris
1704 5134 1780 5226 de
1809 5135 2038 5226 Libero
2065 5136 2346 5226 Arbitrio
2379 5135 2592 5226 (μξίᾴε,
2624 5153 2690 5226 η..
2719 5135 2806 5226 3).τ

583 5216 742 5274 Cum
769 5213 980 5276 autem
1009 5213 1289 5288 illorum,
1317 5216 1553 5292 quibus
1585 5214 1848 5294 spiritus
1874 5215 2231 5294 Pelagianae
2258 5213 2598 5294 impietatis
2629 5215 2722 5276 sic
2750 5213 3080 5288 illudebat,
3109 5216 3490 5277 auctoritate
3519 5231 3775 5292 preme-

506 5303 732 5358 rentur
762 5295 1046 5355 veritatis
1076 5294 1479 5366 defensores,
1517 5293 1830 5370 compulsi
1859 5297 2008 5372 sunt
2038 5296 2120 5354 ab
2146 5300 2370 5356 sancto
2406 5295 2702 5355 Antistite
2732 5312 3020 5372 poscere,
3047 5299 3120 5355 ut
3149 5313 3332 5356 suam
3365 5296 3500 5372 ipse
3531 5299 3775 5354 aucto-

505 5375 758 5436 ritatem
793 5373 918 5452 illis
947 5373 1271 5452 objiccret.
1322 5373 1458 5435 Hac
1484 5373 1562 5434 de
1590 5391 1661 5434 re
1689 5372 1848 5452 duas
1883 5370 1973 5452 ad
1992 5372 2203 5450 ipsum
2230 5374 2533 5452 epistolas
2573 5370 2829 5452 scrip—sit
2861 5375 3146 5436 Hilarius
3177 5394 3193 5433 :
3220 5370 3500 5452 quarum
3526 5373 3774 5450 priore,

503 5471 650 5532 quas
679 5451 933 5523 excidit,
966 5451 1237 5532 fortasse
1261 5453 1662 5514 referebatur
1689 5451 1911 5532 odiosa
1935 5451 2050 5532 illa
2078 5451 2494 5532 praedicanda:
2523 5451 3099 5531 praedestinationis
3131 5451 3432 5524 formula,
3459 5469 3654 5530 quam
3690 5471 3774 5514 ex

505 5531 897 5595 adversariis
928 5531 1270 5610 objectavit
1298 5533 1418 5612 sibi
1447 5533 1848 5610 Augustinus
1878 5531 2106 5611 (Infra,
2140 5531 2212 5592 de
2243 5535 2424 5593 Dono
2453 5534 2953 5601 Pcrsrvcrantiw,
2977 5551 3040 5592 η.
3067 5533 3194 5612 58).
3227 5535 3586 5594 Posteriore
3619 5549 3776 5592 vero

505 5614 790 5693 Hilarius
823 5617 1162 5693 postquam
1192 5612 1274 5693 de
1303 5611 1822 5672 adversariorum
1855 5612 2136 5688 querelis
2167 5613 2331 5690 egit:
2365 5613 2709 5692 Quidquid,
2742 5613 2853 5682 ait,
2883 5631 3000 5691 pro
3033 5632 3102 5674 ea
3133 5611 3365 5693 gratia,
3399 5631 3580 5692 quam
3611 5613 3776 5693 infe

502 5691 725 5771 pusilli
755 5687 890 5752 cum
919 5691 1159 5767 magnis
1191 5690 1510 5753 miramur.
1546 5693 1818 5754 volueris
1851 5687 1961 5751 aut
1992 5687 2293 5761 mineris,
2331 5687 2682 5770 gratissime
2731 5687 3098 5774 accipiemus
3115 5687 3458 5765 [tanquam
3501 5711 3541 5752 α
3589 5687 3772 5750 nobis
