4002 6180
461 553 589 608 tiam
638 546 940 622 exemplum
989 549 1316 612 im’ttantibus
1347 549 1598 622 prxbuit,
1639 547 1731 604 dat
1769 548 1926 604 etiam
1967 547 2046 604 sui

460 642 678 712 spiritus
699 640 1110 700 occultissimam
1144 639 1387 702 fidelibus
1405 642 1628 712 gratiam
1643 683 1660 710 ,
1685 656 1845 710 quam
1877 641 2050 695 laten-

462 743 544 789 ter
569 729 796 790 tnl'undit
821 741 874 787 et
899 731 1133 802 parvulis
1165 750 1180 788 :
1207 733 1286 788 sic
1310 742 1364 788 et
1393 732 1483 788 ille
1507 733 1560 786 in
1587 746 1696 804 quo
1715 747 1900 786 onmes
1930 747 2048 786 IIIO-

462 823 670 881 riuntur
691 864 706 890 ,
743 833 937 900 pra-ter
973 827 1114 897 quod
1140 827 1219 882 eis
1244 827 1331 896 qui
1365 813 1687 902 praeceptum
1718 826 1924 881 Domini
1952 841 2047 881 vo-

461 909 662 978 luntate
705 917 1164 988 transgrediuntur
1187 959 1202 984 ,
1250 917 1559 978 imitationis
1597 918 1897 989 exemplum
1925 929 2046 987 est,

461 1009 666 1067 occulta
701 1007 862 1069 etiam
890 1009 1010 1064 tabe
1036 1010 1266 1066 carnalis
1293 1009 1737 1080 concupiscentiae
1757 1025 1870 1066 suae
1910 1010 2040 1070 tabi-

461 1101 636 1155 tieavit
657 1101 708 1161 in
731 1116 788 1156 se
810 1115 998 1160 omnes
1015 1101 1084 1156 de
1103 1118 1197 1157 sua
1217 1102 1383 1172 stirpe
1409 1103 1680 1158 venientes
1709 1103 1748 1156 ⁸.
1779 1104 1913 1160 llinc
1931 1119 2046 1158 om-

459 1195 586 1245 nino
609 1233 624 1258 ,
655 1206 754 1247 nec
777 1190 994 1252 aliunde
1016 1235 1032 1259 ,
1055 1193 1341 1262 Apostolus
1368 1193 1530 1262 dicit,
1564 1193 1666 1250 Per
1693 1211 1852 1250 unum
1875 1195 2042 1256 Itonti-
2097 1258 2102 1266 η

457 1299 569 1335 nent
615 1292 874 1352 peccatum
901 1284 1103 1347 intravit
1147 1286 1200 1340 in
1237 1287 1481 1348 mundum
1503 1327 1519 1352 ,
1567 1293 1614 1339 et
1655 1303 1746 1356 per
1789 1295 2045 1357 peccatum

458 1389 594 1426 mors
612 1389 629 1439 ;
652 1385 700 1428 et
717 1375 789 1428 ita
809 1375 860 1429 in
877 1391 1048 1430 omnes
1067 1377 1292 1434 homines
1313 1377 1653 1446 pertransiuit,
1679 1378 1734 1431 in
1750 1393 1849 1447 quo
1867 1393 2042 1432 omnes

457 1474 805 1531 peccaverunt.
835 1463 948 1528 iloc
971 1467 1013 1528 si
1041 1481 1140 1543 ego
1165 1466 1418 1535 dicerem,
1451 1467 1761 1526 resisterent
1789 1467 2044 1536 isti,.nie-

435 1569 561 1623 .qne
607 1571 710 1609 non
755 1564 899 1610 recte
926 1555 1104 1613 dicere
1125 1597 1140 1624 ,
1183 1571 1290 1617 non
1321 1567 1466 1614 recte
1495 1559 1694 1614 sentire
1722 1559 2038 1622 clamarent.

457 1632 664 1705 Nullam
703 1643 897 1720 quippe
940 1646 993 1702 in
1021 1646 1104 1703 his
1138 1647 1314 1706 verbis
1341 1647 1698 1726 intelligerent
1722 1649 2040 1714 setitentiam

453 1735 739 1804 cujuslibet
759 1737 992 1804 hominis
1016 1741 1060 1807 ¹,
1093 1739 1194 1804 nisi
1225 1740 1380 1802 istam
1400 1727 1558 1816 quam
1589 1742 1644 1804 in
1674 1741 1932 1816 Apostolo
1958 1741 2042 1797 in-.

457 1824 694 1898 telligere
736 1828 942 1895 nolunt,
969 1829 1074 1886 Sed
1107 1831 1230 1902 quia
1256 1831 1372 1903 ejus
1397 1831 1555 1891 verba
1583 1841 1744 1899 sunt,
1771 1831 1922 1902 cujus
1949 1848 2044 1888 au-

453 1919 688 1974 ctoritati
732 1917 1094 1994 doctrinisque
1140 1924 1530 1994 succumbunt,
1581 1923 1736 1982 nobis
1785 1923 2043 1998 objiciunt

455 2005 788 2080 intelligendi
831 2010 1163 2082 tarditatem,
1197 2029 1318 2071 cum
1359 2030 1423 2080 ea
1464 2031 1583 2087 quae
1628 2026 1734 2074 tam
1765 2012 2042 2086 perspicue

453 2096 593 2157 dicta
619 2110 774 2168 sunt,
807 2101 861 2156 in
884 2103 1066 2160 nescio
1092 2103 1218 2175 quid
1247 2104 1389 2160 aliud
1417 2107 1734 2182 detorquere
1759 2113 2038 2182 conantur.

427 2185 562 2243 Ῥει-
585 2207 765 2260 unum,
794 2182 998 2268 inquit,
1027 2195 1278 2256 hominem
1303 2177 1560 2266 peccatum
1583 2196 1786 2272 intravit
1814 2197 1865 2252 in
1891 2177 2041 2272 utun-

454 2284 596 2353 dum,
619 2292 666 2338 et
693 2301 782 2353 per
798 2295 1054 2360 peccatum
1070 2303 1224 2342 mors.
1251 2287 1364 2343 lloc
1388 2287 1783 2358 propagationis
1809 2298 1912 2364 est,
1932 2303 2038 2368 non

455 2373 765 2442 imitationis
793 2392 807 2429 :
837 2391 962 2432 nam
985 2378 1030 2432 si
1058 2377 1368 2446 imitationis
1391 2419 1408 2446 ,
1451 2379 1552 2434 Per
1593 2378 1862 2435 diabolum
1895 2379 2042 2436 dice-

454 2473 538 2519 ret
561 2463 602 2518 ⁸.
630 2465 781 2534 Quod
806 2477 984 2523 autem
1014 2484 1173 2526 nemo
1195 2469 1415 2541 ambigit
1433 2511 1448 2533 ,
1495 2469 1652 2526 istum
1680 2471 1910 2540 primum
1945 2472 2040 2527 ho-

453 2555 650 2612 minem
671 2557 834 2626 dicit,
863 2561 952 2632 qui
977 2571 1058 2616 εει
1079 2561 1374 2633 appellatus
1397 2561 1588 2618 Adam.
1618 2559 1686 2618 Et
1713 2561 1810 2634 ita,
1836 2563 2034 2639 inquit,

453 2646 507 2730 in
529 2665 700 2712 omnes
721 2651 945 2707 homines
965 2655 1274 2724 pertransiit.
1813 2652 1817 2656 ”

523 2739 751 2807 CAPUT
777 2741 1010 2808 X.-—H.
1036 2746 1264 2804 Actualis
1281 2755 1330 2804 et
1352 2749 1614 2824 originalis
1639 2750 1828 2820 peccati
1854 2750 2039 2806 distin-

453 2833 572 2900 διὲο.
606 2831 809 2898 Deinde
846 2835 988 2907 quod
1028 2838 1288 2914 sequitur,
1328 2837 1395 2896 In
1439 2857 1540 2911 quo
1584 2858 1760 2898 omnes
1795 2857 2037 2914 peccave-

455 2933 601 2990 runt,
630 2940 789 2994 quam
819 2911 1226 3000 circumspecte,
1261 2946 1419 3002 quam
1461 2933 1691 3002 proprie,
1731 2911 1889 3004 quam
1921 2933 2039 2989 sine

453 3016 796 3091 atnhiguitate
829 3015 1029 3074 dictum
1056 3028 1157 3074 est.
1183 3020 1243 3076 Si
1268 3022 1410 3078 enim
1435 3033 1714 3094 peccatum
1754 3023 2038 3081 intellexe-

457 3105 552 3171 ris,
575 3107 714 3176 quod
747 3122 842 3178 per
863 3125 1024 3166 unum
1047 3109 1317 3174 hominem
1341 3113 1556 3170 intravit
1577 3116 1632 3170 in
1675 3116 1952 3183 mundum,
1982 3117 2036 3174 in

451 3212 562 3265 quo
594 3198 671 3270 (α)
697 3213 884 3254 omnes
928 3213 1282 3272 peccaverunt
1316 3221 1331 3259 :
1371 3213 1520 3262 certe
1561 3207 1903 3266 manifestum
1955 3215 2035 3266 est

455 3289 558 3350 alia
585 3303 704 3346 esse
730 3292 942 3362 propria
969 3293 1160 3365 cuique
1187 3307 1424 3365 peccata,
1448 3295 1502 3354 in
1527 3297 1720 3367 quibus
1748 3297 1803 3352 bi
1831 3307 2035 3354 tantum

453 3390 698 3452 peccant,
727 3397 951 3452 quorum
991 3395 1208 3454 peccata
1243 3396 1403 3453 sunt;
1437 3385 1581 3458 aliud
1620 3387 1724 3444 hoc
1753 3403 1948 3460 unum,
1983 3390 2036 3446 in

455 3483 582 3541 quo'
605 3485 792 3527 omnes
839 3486 1227 3544 peccaverunt;
1272 3477 1487 3548 quando
1530 3493 1717 3538 omnes
1758 3479 1850 3538 ille
1902 3497 2038 3538 unus

455 3564 618 3626 homo
646 3563 878 3628 inerunt.
902 3565 958 3623 Si
983 3576 1164 3624 autem
1196 3585 1300 3624 non
1340 3581 1640 3644 peccatum,
1663 3571 1759 3631 sed
1783 3572 1878 3628 ille
1899 3589 2036 3630 unus

453 3657 618 3714 homo
641 3657 970 3730 intelligitur,
998 3659 1050 3715 in
1072 3677 1178 3732 quo
1205 3677 1310 3718 uno
1335 3661 1551 3719 homine
1573 3679 1762 3722 omnes
1781 3679 2037 3740 peccave-

451 3759 597 3814 runt,
627 3750 752 3826 quid
777 3751 939 3810 etiam
970 3751 1070 3808 ista
1100 3762 1188 3809 est
1213 3746 1642 3811 manifestatione
1665 3754 2036 3817 manifestius?

451 3837 656 3912 Nempe
696 3841 921 3912 legimus
951 3841 1231 3914 justiticari
1271 3845 1326 3901 in
1353 3843 1568 3901 Christo
1602 3845 1692 3916 qui
1728 3846 1954 3905 credunt
1981 3847 2036 3904 in

453 3947 597 3995 eutn,
626 3941 846 4002 propter
872 3933 1133 3989 occultam
1161 3934 1701 3992 communicationem
1724 3945 1780 3990 et
1804 3937 2036 4006 inspira-

453 4023 652 4080 tionem
679 4027 863 4097 gratim
883 4026 1196 4097 spiritualis,
1224 4042 1327 4100 qua
1349 4027 1504 4100 quisq
1514 4028 1594 4086 uis
1615 4028 1785 4112 bairet
1810 4029 2038 4112 Domino

456 4134 591 4172 ututs
630 4119 849 4188 spiritus
885 4129 990 4188 est,
1031 4123 1272 4190 quamvis
1307 4135 1430 4176 cum
1465 4129 1520 4178 et
1558 4107 1830 4178 imitentur
1865 4107 2037 4178 salicti

449 4212 567 4280 ejus
592 4227 608 4266 :
630 4211 836 4282 legatur
854 4208 988 4267 mihi
1013 4195 1118 4269 tale
1141 4212 1340 4284 aliquid
1363 4213 1432 4270 de
1455 4212 1542 4283 iis,
1563 4213 1654 4285 qui
1679 4223 1892 4271 sanctos
1916 4215 2038 4285 ejus

453 4302 642 4361 imitati
669 4313 820 4370 sunt,
843 4313 1020 4366 utrum
1041 4304 1322 4381 quisquam
1350 4304 1523 4362 dictus
1550 4306 1620 4361 sit
1638 4303 1960 4376 justiilcatus
1983 4307 2036 4361 in

451 4395 618 4452 Paulo
643 4403 737 4456 aut
765 4395 818 4450 in
847 4395 1026 4462 Petro,
1057 4405 1152 4454 aut
1191 4396 1246 4452 in
1283 4397 1522 4468 quolibet
1557 4395 1772 4464 borum,
1808 4412 2034 4467 quorum

453 4491 506 4547 'tu
535 4487 734 4565 populo
757 4487 850 4548 Dei
878 4503 1067 4559 magna
1093 4489 1310 4544 excellit
1337 4490 1656 4555 auctoritas;
1681 4489 1785 4548 nisi
1813 4490 1957 4562 quod
1983 4490 2035 4545 in

450 4577 721 4638 Abraham
745 4577 974 4636 dicimur
993 4577 1256 4647 benedici,
1281 4579 1420 4636 sicut
1442 4579 1491 4638 ei
1515 4579 1717 4636 dictum
1738 4588 1822 4636 est
1845 4579 2040 4638 :Beno-

449 4673 682 4731 dicentur
709 4671 762 4729 in
790 4682 838 4725 te
864 4687 1034 4726 omnes
1061 4680 1231 4744 gentes
1259 4667 1413 4744 (Cen.
1439 4687 1538 4738 xu,
1567 4673 1621 4739 3;
1645 4671 1816 4728 Colat.
1843 4689 1922 4740 ιιι,
1944 4674 2033 4745 8):

451 4773 667 4836 propter
690 4760 958 4820 Christum
985 4765 1076 4836 qui
1101 4778 1284 4820 semen
1315 4763 1432 4836 ejus
1465 4773 1548 4822 est
1581 4765 1877 4827 secundum
1911 4781 2036 4823 car-

451 4874 596 4916 nem.
619 4855 774 4927 Quod
793 4855 1128 4916 manifestius
1141 4855 1360 4924 dicitur,
1381 4871 1503 4912 cum
1525 4856 1628 4914 hoc
1647 4857 1790 4913 idem
1809 4857 1882 4913 ita
1903 4857 2036 4914 dici-

450 4963 536 5009 tur
561 4970 574 5006 :
597 4949 965 5008 Bcnedicentur
1008 4949 1064 5004 in
1110 4949 1299 5004 semine
1339 4959 1425 5008 tuo
1467 4965 1640 5006 omnes
1676 4959 1850 5021 gentes
1877 4948 2034 5020 (Gen.

454 5060 593 5109 χχιι,
619 5044 687 5100 i8
709 5043 750 5114 ).
775 5041 984 5099 Dictum
1013 5050 1194 5098 autem
1219 5056 1538 5114 quemquam
1563 5041 1756 5101 divinis
1784 5040 2034 5112 eloquiis,

448 5149 701 5207 peccasse
731 5135 815 5194 vel
855 5147 1079 5206 pennae
1119 5133 1176 5196 in
1211 5132 1447 5202 diabolo,
1473 5148 1594 5191 cum
1624 5148 1750 5196 eum
1789 5133 1954 5204 iniqui
1983 5144 2038 5196 et

513 5310 884 5384 Ξξιιιιιθεέξςιιιθ
1059 5315 1295 5384 mute.
1379 5371 1393 5384 .
1530 5371 1564 5384 ..
1628 5380 1662 5384 ί.

512 5373 536 5437 ξ
567 5371 653 5437 me
671 5371 886 5437 additum
905 5373 954 5423 in
976 5371 1199 5437 pluribus
1217 5379 1348 5434 Mss,
1372 5371 1478 5423 tunc
1510 5371 1710 5434 dicere;
1731 5373 2006 5437 inexcuSIs
2020 5408 2036 5434 ,

445 5433 541 5500 qui
577 5432 760 5500 diceret
801 5432 926 5486 hac.
969 5432 1242 5498 (item,
1285 5432 1386 5500 quo
1423 5441 1597 5486 carent
1616 5432 1833 5485 nonnulli
1865 5432 2034 5486 manu;

447 5497 670 5631 ﬁ'i‘di.
695 5567 752 5610 et
779 5563 844 5631 ιῑιζ
858 5569 1011 5631 ,_nm
1029 5570 1118 5631 per
1399 5556 1614 5631 diceret;
1639 5559 1854 5631 omisso,
1869 5556 1914 5631 si
1933 5556 2041 5631 insi-

447 5621 678 5694 “tionis.
715 5618 994 5694 tmod'uov:
1021 5618 1075 5671 et
1107 5618 1326 5672 nonnulli
1363 5618 1673 5685 musa-ipti
1714 5619 1925 5683 addunt,
1963 5629 2038 5673 ta-

451 5691 596 5736 ιιιεω
621 5695 716 5734 ωε
740 5691 1087 5730 necessarium.
1163 5695 1171 5704 °

515 5743 590 5816 (α)
619 5740 976 5816 Graeciegitur
997 5740 1164 5816 eph’o,
1179 5742 1309 5805 quod
1331 5755 1521 5816 genere
1538 5755 1639 5794 non
1660 5743 1914 5796 concordat
1929 5757 2038 5794 cum

515 5817 648 5855 mine
671 5809 1074 5866 «munumento
1093 5803 1234 5866 Ilqu
1259 5802 1622 5866 signiﬁcandum
1645 5811 2038 5866 peccatum.con-

452 5817 648 5880 nomine
671 5816 1074 5914 amna,wa
1093 5816 1234 5874 unae
1259 5816 1622 5878 etgnulcanuum
1645 5816 1910 5882 peccatum.

455 5867 529 5904 τον
552 5867 634 5920 ιιι».
662 5867 691 5916 4
712 5875 876 5917 contra
933 5879 1018 5915 uas
1034 5863 1262 5929 epistolas
1285 5864 1660 5928 Pelagianorum,
1689 5880 1736 5915 n.
1771 5887 1810 5916 ι.

1093 434 1183 490 οε
1222 432 1680 516 PECCATQRUM
1721 433 1996 491 MERITIS
2035 433 2123 491 ET
2162 432 2594 500 REMISSIONE,
2635 434 2694 490 S.
2737 432 3102 492 ηυσυετικι

3632 440 3734 496 116

2159 547 2304 616 impii
2333 561 2519 602 ontnes
2549 545 2837 614 imitentur,
2868 549 3048 604 nescio
3074 556 3248 603 utrum
3273 547 3552 622 quisquam
3580 560 3736 621 repe-

2155 635 2256 692 riat
2280 657 2294 691 :
2317 637 2459 708 quod
2503 648 2680 692 tamen
2719 653 2840 692 cum
2875 637 3164 709 Apostolus
3197 638 3268 695 do
3304 640 3476 710 primo
3521 640 3735 697 homine

2153 729 2370 792 dixerit,
2404 727 2471 784 In
2509 746 2608 800 quo
2646 747 2818 785 omnes
2849 716 3205 802 peccaverunt,
3233 732 3409 788 adhuc
3435 732 3506 790 de
3533 738 3736 805 peccati

2153 821 2444 892 propagine
2469 821 2812 892 disceptatur,
2838 832 2895 878 et
2923 823 3106 879 nescio
3123 838 3243 896 qua:
3263 823 3458 882 nebula
3483 825 3736 884 imitatio-

2110 935 2122 958 ι
2152 913 2235 970 nis
2261 915 2547 984 opponitur
2579 919 2618 970 ¹.

2223 1005 2310 1060 12.
2367 1007 2598 1062 Attende
2655 1007 2812 1085 etiam
2864 1024 2984 1079 qua:
3036 1019 3352 1080 sequuntur.
3405 1009 3537 1066 Cum
3587 1011 3735 1065 ettitn

2151 1097 2394 1166 dixisset,
2425 1097 2490 1153 In
2513 1116 2612 1169 quo
2641 1116 2812 1154 omnes
2841 1111 3206 1170 peccaverunt;
3232 1111 3444 1158 secutus
3469 1103 3735 1172 adjunxit,

2154 1187 2325 1258 Usque
2364 1189 2433 1243 ad
2479 1190 2640 1264 legem
2679 1191 2812 1244 enim
2853 1202 3113 1264 peccatum
3156 1193 3208 1246 in
3247 1193 3438 1247 mundo
3461 1193 3560 1266 fuit
3588 1210 3606 1248 :
3633 1193 3740 1252 hoc

2149 1288 2249 1344 est,
2279 1279 2404 1350 quia
2434 1295 2534 1335 nec
2564 1281 2650 1336 lex
2680 1281 2848 1352 potuit
2883 1281 3096 1338 auferre
3130 1295 3426 1354 peccatum,
3453 1301 3573 1355 quae
3601 1287 3736 1342 sub-

2149 1369 2366 1425 intravit
2391 1379 2450 1426 ut
2473 1371 2643 1441 magis
2665 1372 2961 1428 abundaret
2995 1383 3309 1444 peccatum;
3339 1374 3451 1429 sive
3480 1378 3738 1431 naturalis

2149 1461 2254 1528 lex,
2283 1461 2338 1517 in
2365 1478 2466 1534 qua
2492 1463 2716 1535 quisque
2729 1463 2842 1534 jam
2873 1463 3078 1520 ratione
3107 1475 3280 1534 utens,
3307 1465 3490 1536 incipit
3514 1479 3738 1538 peccatu

2147 1555 2390 1628 originali
2417 1555 2614 1618 addere
2639 1565 2694 1612 et
2713 1551 2962 1631 propria;
2989 1557 3104 1614 sive
3130 1559 3241 1628 ipsa
3265 1575 3385 1630 qua:
3415 1561 3610 1631 scripta
3635 1578 3737 1636 per

2093 1669 2101 1676 -
2147 1644 2364 1718 Moysen
2395 1646 2592 1718 populo
2619 1645 2742 1704 data
2768 1657 2871 1704 est.
2901 1643 2964 1704 Si
2999 1650 3131 1704 enim
3168 1650 3289 1704 data
3325 1661 3450 1706 esset
3487 1653 3589 1716 lex.
3617 1671 3737 1725 qua:

2147 1749 2313 1808 posset
2341 1739 2615 1808 vioiﬁcare,
2639 1740 2844 1794 omnino
2865 1755 2932 1794 ex
2957 1739 3067 1810 lege
3091 1749 3216 1812 esset
3227 1741 3453 1812 justitia.
3481 1735 3588 1798 Sed
3607 1760 3736 1815 con-

2147 1827 2296 1882 clusit
2316 1826 2588 1898 Scriptura
2614 1830 2785 1884 omnia
2809 1827 2899 1886 σιώ
2926 1840 3148 1900 peccato,
3174 1839 3226 1887 ut
3253 1831 3520 1902 promissio
3543 1847 3606 1886 ea:
3627 1833 3735 1901 [ide

2144 1915 2271 1974 Jesu
2291 1918 2476 1974 Christi
2504 1919 2710 1974 daretur
2733 1920 3044 1974 credentibus
3081 1919 3101 1992 (
3127 1918 3298 1976 Galat.
3324 1937 3401 1989 ιιι,
3427 1921 3492 1978 21
3519 1931 3565 1976 et
3590 1923 3660 1988 2.2
3685 1926 3731 1989 ).

2148 2006 2418 2074 Peccatum
2455 2022 2625 2067 autem
2662 2029 2762 2068 non
2793 2013 3146 2084 deputabatur,
3172 2030 3286 2073 cum
3323 2014 3408 2072 lex
3443 2032 3545 2073 non
3578 2026 3726 2072 esset.

2145 2101 2281 2170 Quid
2309 2113 2411 2171 est,
2441 2121 2542 2160 non
2569 2105 2932 2177 deputabatur;
2956 2107 3080 2174 nisi,
3110 2105 3478 2177 lgnorabatur,
3513 2116 3568 2164 et
3601 2123 3732 2178 pee-

2145 2204 2321 2250 catum
2355 2210 2474 2251 esse
2507 2211 2612 2250 non
2655 2195 2968 2265 putabatur?
2992 2195 3174 2268 Neque
3200 2195 3342 2252 enim
3372 2197 3441 2252 ab
3475 2195 3592 2266 ipso
3620 2197 3732 2253 Do-

2145 2285 2291 2340 mino
2322 2285 2430 2340 Deo
2461 2289 2711 2360 tanquam
2755 2305 2862 2342 non
2903 2298 3048 2344 esset
3085 2288 3396 2354 habebatur,
3427 2305 3548 2346 cum
3586 2291 3731 2350 scri-

2144 2386 2290 2446 ptum
2319 2367 2406 2441 sit,
2441 2375 2752 2450 Quicumque
2797 2379 2904 2434 sine
2948 2380 3057 2452 lege
3097 2377 3442 2451 peccaverunt,
3473 2381 3580 2436 sine
3617 2379 3734 2456 lege

2143 2469 2372 2540 peribunt
2400 2467 2573 2542 (Rom.
2597 2487 2651 2536 tl,
2685 2471 2794 2544 l2).
3333 2463 3337 2466 ’

2212 2559 2438 2627 CAPUT
2476 2560 2566 2628 XI.
2597 2593 2666 2604 —
2692 2565 2779 2620 l5.
2823 2563 3053 2638 Regnum
3079 2565 3254 2620 mortis
3279 2567 3402 2638 quid
3425 2567 3566 2638 apud
3585 2569 3732 2638 Apo-

2141 2653 2347 2709 stolum.
2364 2653 2554 2711 ——Sed
2581 2655 2822 2728 regnavit,
2843 2655 3034 2726 inquit,
3055 2673 3189 2710 mors
3219 2658 3282 2710 ab
3297 2657 3460 2712 Adam
3488 2675 3642 2730 usque
3656 2661 3732 2716 ad

2143 2744 2356 2817 Moysen
2371 2760 2392 2800 :
2409 2745 2460 2800 id
2483 2755 2585 2814 est,
2609 2761 2640 2800 a
2664 2748 2834 2816 primo
2853 2745 3071 2806 homine
3095 2763 3262 2822 usque
3285 2749 3351 2803 ad
3375 2750 3540 2819 ipsam
3561 2751 3732 2806 etiam

2143 2835 2314 2915 legem
2349 2853 2468 2916 quze
2497 2838 2747 2894 divinitus
2780 2840 3110 2910 promulgata
3159 2849 3262 2906 est,
3307 2841 3429 2912 quia
3469 2855 3568 2896 nec
3609 2843 3731 2912 ipsa

2143 2930 2316 3000 potuit
2351 2945 2572 3000 regnum
2609 2931 2796 2988 mortis
2823 2929 3058 2991 auferre.
3095 2931 3336 3004 Regnum
3367 2934 3508 2990 enim
3536 2936 3732 3014 mortis

2143 3019 2256 3075 vult
2298 3019 2552 3091 intelligi,
2597 3020 2810 3092 quando
2851 3021 2924 3076 ita
2965 3021 3270 3078 dominatur
3315 3023 3368 3080 in
3421 3023 3731 3094 hominibus

2144 3123 2322 3168 reatus
2353 3114 2576 3182 peccati,
2607 3124 2664 3168 ut
2705 3128 2798 3170 eos
2836 3113 2904 3170 ad
2942 3115 3100 3170 vitam
3140 3124 3426 3182 internata,
3453 3133 3572 3188 qua:
3597 3133 3731 3189 vera

2129 3197 2250 3258 'vita
2289 3214 2388 3270 est,
2430 3205 2610 3260 venire
2652 3220 2760 3263 non
2802 3205 2962 3272 sinat,
2989 3205 3083 3261 sed
3121 3205 3188 3263 ad
3225 3206 3512 3270 secundam
3539 3209 3732 3274 etiam,

2143 3308 2262 3364 qua:
2303 3293 2584 3362 poenaliter
2619 3302 2816 3350 teterna
2854 3305 2956 3360 est,
2997 3305 3222 3352 mortem
3265 3295 3460 3356 trahat.
3492 3297 3602 3353 lloe
3638 3315 3732 3354 re.

2141 3400 2303 3458 gnam
2331 3387 2516 3441 mortis
2541 3386 2652 3441 sola
2687 3387 2738 3442 in
2776 3386 3016 3458 quolibet
3042 3387 3260 3445 homine
3295 3389 3464 3456 gratia
3501 3389 3734 3453 destruit

2143 3479 2453 3542 Salvatoris,
2477 3491 2596 3548 qua:
2621 3489 2838 3549 Operata
2865 3489 2946 3532 est
2970 3477 3131 3533 etiam
3163 3477 3215 3532 in
3244 3479 3478 3550 antiquis
3501 3483 3730 3547 sanctis,

2143 3569 2468 3640 quicumque
2505 3577 2790 3638 antequam
2833 3567 2888 3622 in
2930 3583 3093 3624 carne
3129 3565 3373 3624 Christus
3401 3570 3627 3638 veniret,
3657 3573 3732 3626 ad

2143 3659 2262 3731 ejus
2277 3667 2452 3715 tamen
2471 3657 2809 3730 adjuvautem
2825 3661 3070 3730 gratiam,
3090 3674 3196 3714 non
3219 3660 3285 3714 ad
3313 3661 3444 3731 legis
3465 3659 3730 3729 litteram,
3769 3721 3785 3732 .

2143 3766 2262 3832 qua:
2295 3749 2504 3823 jubere.
2533 3758 2758 3818 tantum,
2785 3765 2891 3806 non
2933 3749 3184 3822 adjuvare
3224 3760 3454 3822 poterat,
3491 3753 3734 3822 pertine-

2143 3841 2292 3898 bant.
2321 3842 2430 3900 lloc
2457 3855 2688 3913 namque
2717 3840 3080 3898 occultabatur
3103 3841 3158 3897 in
3180 3853 3359 3898 vetere
3383 3841 3735 3910 Testamento

2146 3947 2244 4008 pro
2287 3944 2588 4002 temporum
2624 3933 3023 4006 dispensatione
3055 3933 3367 4004 justissima
3403 3934 3544 4004 quod
3584 3951 3733 3993 nunc

2145 4025 2414 4083 revelatur
2441 4025 2495 4080 in
2535 4041 2696 4090 novo.
2725 4025 2866 4097 Ergo
2893 4027 2948 4081 in
2981 4025 3230 4081 omnibus
3253 4028 3476 4099 regnavit
3503 4043 3638 4081 mors
3664 4032 3732 4083 ab

2103 4138 2124 4161 ο
2142 4115 2308 4170 Adam
2335 4133 2490 4188 usque
2513 4117 2582 4170 ad
2609 4115 2841 4188 Moysen,
2871 4117 2960 4193 qui
2985 4116 3186 4173 Christi
3220 4120 3386 4189 gratia
3415 4135 3521 4174 non
3559 4119 3732 4190 adjuti

2145 4221 2288 4275 sunt,
2314 4217 2372 4264 ut
2397 4209 2448 4264 in
2474 4209 2554 4264 eis
2581 4225 2801 4284 regnum
2831 4211 3019 4275 mortis
3041 4209 3412 4268 destrueretur
3437 4229 3454 4266 :
3483 4213 3636 4266 etiam
3677 4215 3733 4268 irs

2143 4305 2215 4360 eis
2239 4305 2261 4336 ³
2283 4305 2503 4376 quinon
2538 4314 2862 4373 peccaverunt
2895 4303 2948 4358 in
2974 4302 3358 4366 similitudinem
3381 4302 3402 4334 ³
3421 4305 3740 4374 pratum-iam

2145 4393 2297 4448 tionis
2315 4392 2442 4446 Adae
2456 4409 2477 4459 ;
2503 4391 2555 4447 id
2580 4401 2683 4460 est,
2705 4392 2797 4462 qui
2831 4391 3066 4447 nondum
3095 4407 3192 4448 sua
3219 4401 3274 4448 ct
3299 4393 3511 4464 propria
3540 4393 3736 4449 volun-

2147 4493 2254 4540 tate
2277 4483 2416 4539 sicut
2439 4483 2531 4539 ille
2551 4493 2922 4553 peccaverunt,
2943 4483 3036 4540 sed
3057 4484 3125 4540 ab
3149 4483 3242 4539 illo
3267 4496 3538 4555 peccatum
3566 4489 3746 4560 origi—

2144 4573 2265 4628 nale
2287 4581 2562 4632 traxerunt
2587 4591 2601 4628 :
2628 4573 2716 4647 qui
2737 4581 2809 4638 est
2833 4573 2998 4645 [arma
3027 4575 3225 4646 futuri;
3249 4575 3372 4645 quia
3399 4575 3450 4630 in
3481 4576 3572 4631 illo
3592 4592 3736 4633 con-

2143 4665 2326 4720 stituta
2352 4673 2435 4726 est
2461 4665 2630 4722 l'orma
2655 4663 3115 4720 condemnationis
3141 4659 3333 4720 futuris
3363 4660 3612 4738 posteris,
3639 4673 3737 4741 qui

2143 4757 2261 4828 ejus
2293 4759 2582 4830 propagine
2609 4769 2939 4822 crearentur,
2969 4765 3028 4812 ut
3054 4773 3120 4813 ex
3151 4773 3257 4814 uno
3283 4774 3470 4814 omnes
3505 4761 3560 4816 in
3593 4776 3745 4816 con-

2143 4851 2540 4909 demnationem
2586 4860 2954 4916 nascerentur,
2995 4867 3060 4906 ex
3097 4866 3202 4922 qua
3245 4869 3352 4908 non
3397 4851 3588 4910 liberat
3627 4858 3743 4913 nisi

2141 4943 2312 5018 gratia
2341 4942 2648 4998 Salvatoris.
2669 4942 2793 4998 Scio
2813 4942 3025 5013 quidem
3054 4943 3338 5014 plerosque
3367 4944 3556 5000 latinos
3581 4949 3749 5012 codi—

2142 5049 2234 5090 ces
2258 5035 2336 5090 sic
2363 5033 2560 5092 habere
2589 5033 2666 5106 (α)
2692 5051 2706 5088 :
2731 5032 2980 5105 Regnavit
3013 5051 3149 5090 mors
3181 5036 3244 5088 ab
3277 5036 3442 5090 Adam
3476 5054 3634 5110 usque
3663 5045 3749 5096 ad

2145 5125 2358 5206 Moysen
2387 5126 2439 5184 in
2467 5142 2549 5182 eos
2573 5125 2658 5198 qui
2687 5135 3016 5196 peccaverunt
3042 5127 3503 5186 in‘similitudinem
3525 5145 3748 5203 praea-

2143 5219 2400 5276 ricationis
2433 5217 2578 5286 Adae,
2601 5219 2742 5290 quod
2770 5217 2932 5275 etiam
2967 5217 3164 5291 ipsum,
3186 5223 3278 5293 qui
3321 5221 3395 5277 ita
3429 5222 3633 5294 legunt,
3655 5230 3749 5283 ad

2143 5309 2390 5367 cumdem
2439 5311 2677 5374 referunt
2719 5311 3083 5380 intellectum;
3129 5322 3187 5368 ut
3228 5313 3281 5368 in
3325 5313 3749 5390 similitudinem

2065 5428 2073 5436 -
2145 5400 2595 5481 praevaricationis
2629 5399 2760 5456 Adae
2795 5394 3048 5480 peccasse
3078 5401 3360 5474 accipiant,
3403 5404 3493 5476 qui
3538 5403 3592 5460 in
3638 5407 3750 5463 illu

2207 5562 2227 5594 ⁸
2261 5561 2428 5631 probae
2449 5565 2577 5631 nota;
2599 5563 2730 5617 Mss,
2751 5559 2913 5631 adhuc
3069 5559 3131 5631 de
3147 5557 3332 5630 peccati
3351 5559 3618 5631 propagine
3651 5563 3748 5614 ui-

2142 5628 2404 5686 sceptuur,
2436 5618 2596 5672 nescio
2615 5633 2726 5694 qua:
2745 5619 2916 5693 nebula
2938 5618 3216 5692 imitationis
3236 5618 3530 5685 apponitur:

2145 5752 2172 5754 ᾉ
2190 5687 2327 5754 fita
2349 5683 2912 5754 eodeantrannensm.
2955 5683 3044 5734 Alii
3087 5695 3204 5735 vero
3245 5689 3356 5744 uss.
3375 5717 3394 5748 ,
3427 5695 3546 5752 ergo
3563 5683 3618 5738 in
3639 5682 3757 5740 eis-

2143 5745 2666 5818 ωξιίρ,ετροεε
2869 5803 2881 5815 .
2976 5805 2986 5815 .

2206 5809 2228 5840 ³
2261 5803 2816 5868 Sianhscripunommlli.
2862 5803 2919 5868 in
2943 5803 3274 5858 similitudine.

2207 5869 2279 5932 (α)
2310 5869 2480 5918 Confer
2493 5866 2646 5930 epist.
2677 5867 2780 5927 157,
2806 5881 2850 5914 ιι.
2884 5867 2954 5914 l9.
