4002 6180
1616 165 1643 199 \

331 268 432 323 H7

330 472 602 536 homines,
647 474 719 526 ita
763 486 835 527 ex
874 479 1155 541 peccatore
1199 480 1525 540 peccatores,
1566 485 1631 524 ex
1672 469 1930 525 morituro

330 563 604 631 morituri,
632 563 996 633 damnatoque
1036 561 1335 617 damnati‘.
1358 560 1527 616 Graeci
1566 570 1742 617 autem
1777 560 1926 617 codi-

258 676 281 681 -
332 670 453 722 ces,
477 654 619 710 unde
646 653 699 710 in
725 643 944 709 latinam
987 653 1223 723 linguam
1255 653 1622 723 interpretatio
1656 651 1794 708 facta
1822 660 1927 722 est,

336 757 429 801 aut
455 761 645 801 omnes
673 756 764 799 aut
794 760 930 816 pene
955 759 1166 811 oumes,
1198 742 1250 799 id
1290 743 1434 816 quod
1461 758 1492 800 a
1520 760 1607 800 me
1635 742 1810 815 primo
1837 761 1931 817 po—

336 839 499 893 situm
520 845 624 897 est.
646 835 866 893 hahan

413 927 502 982 14.
542 924 653 983 Sed
674 943 797 991 non,
818 925 1008 997 inquit,
1030 925 1162 980 sicut
1182 925 1441 991 delictum,
1463 925 1534 979 ita
1553 934 1601 981 et
1621 925 1847 981 donatio.
1872 926 1935 983 Si

340 1019 476 1089 enim
504 1018 568 1071 ob
594 1018 744 1072 unius
774 1018 1010 1071 delictum
1039 1016 1182 1071 multa
1212 1016 1396 1070 mortui
1427 1026 1562 1081 sunt,
1590 1016 1747 1071 multo
1773 1019 1934 1089 magis

338 1112 509 1184 gratia
538 1109 633 1165 Dei
652 1119 697 1166 et
724 1110 914 1163 donum
938 1109 989 1162 in
1010 1109 1176 1180 gratia
1196 1107 1345 1161 unius
1364 1107 1579 1161 hominis
1599 1105 1631 1161 .1
1638 1123 1726 1162 esu
1747 1105 1934 1165 Christi

342 1206 395 1258 in
422 1206 607 1258 multos
635 1202 910 1257 abundavit
935 1216 953 1256 :
977 1217 1102 1265 non,
1133 1200 1294 1273 magis
1321 1200 1526 1267 multos,
1555 1201 1607 1255 id
1637 1211 1739 1269 est,
1769 1202 1935 1257 multo

342 1295 525 1366 plures
549 1294 818 1361 homines,
844 1309 1015 1364 neque
1041 1293 1180 1349 enim
1205 1292 1383 1362 plures
1398 1291 1755 1363 justiticantur
1775 1308 1934 1364 quam

345 1386 811 1451 condemnamur;
856 1386 974 1453 sed,
1016 1385 1175 1441 multo
1222 1386 1383 1457 magis
1433 1386 1723 1458 abundavit.
1765 1386 1935 1442 Adam

345 1480 544 1550 quippe
574 1483 638 1534 ex
672 1494 779 1536 uno
802 1479 1002 1534 delicto
1040 1493 1138 1533 suo
1173 1492 1294 1534 reos
1330 1480 1549 1549 genuit:
1573 1480 1814 1538 Christus
1840 1496 1938 1535 au-

349 1584 456 1626 tem
502 1572 666 1626 etiam
709 1587 829 1642 qua:
875 1570 1120 1627 homines
1157 1570 1349 1641 delicta
1388 1572 1614 1645 priiprizn
1649 1572 1938 1629 voluntatis

346 1662 416 1718 ad
443 1662 703 1734 originale
738 1663 791 1717 in
820 1679 925 1734 quo
955 1661 1066 1718 nati
1105 1672 1233 1717 sunt
1267 1662 1607 1730 addiderunt,
1633 1664 1802 1735 gratia
1840 1681 1936 1723 sua

345 1754 511 1809 solvit
538 1764 701 1824 atque
725 1753 962 1822 donavit,
984 1752 1127 1824 quod
1150 1753 1448 1810 evidentius
1478 1754 1534 1811 in
1556 1757 1937 1827 consequenti-

344 1846 449 1903 bus
476 1844 629 1900 dicit.

419 1936 652 1993 CAPUT
692 1936 808 1993 XII.
833 1967 905 1978 —-
932 1936 1020 1993 15.
1057 1935 1226 1992 Unum
1257 1949 1514 2008 peccatum
1539 1940 1769 1995 onmibas
1796 1956 1939 1995 com-

344 2045 519 2083 nunc.
546 2027 744 2083 Verum
788 2027 917 2083 illud
956 2028 1261 2100 diligentius
1301 2028 1526 2094 intuere,
1568 2030 1708 2101 quod
1747 2032 1841 2099 ait,
1869 2031 1942 2088 oh

348 2120 513 2177 unius
551 2119 807 2176 delictum
847 2121 1051 2174 multos
1088 2130 1347 2176 mortuos.
1377 2120 1483 2175 Cur
1510 2122 1653 2176 enim
1685 2122 1761 2178 ob.
1785 2124 1940 2179 unius

350 2213 517 2276 illius,
541 2221 600 2268 et
623 2227 730 2267 nou
755 2213 927 2282 potius
951 2213 1021 2266 oh
1041 2210 1233 2267 delicta
1256 2226 1351 2267 sua
1374 2212 1608 2282 propria,
1633 2213 1677 2268 si
1701 2212 1800 2269 hoc
1822 2213 1941 2270 loco

348 2303 700 2373 intelligenda
727 2314 809 2359 eSt
833 2303 1076 2369 imitatio,
1102 2319 1206 2358 non
1228 2304 1572 2379 propagatio?
1589 2304 1695 2362 Sed
1726 2308 1941 2365 attende

347 2395 495 2466 quod
534 2395 776 2464 sequitur
802 2412 816 2448 :
843 2392 918 2447 Et
939 2411 1040 2447 non
1066 2395 1196 2449 sicut
1225 2411 1315 2464 per
1347 2411 1503 2448 unum
1533 2406 1840 2465 peccantem,
1869 2397 1941 2453 ita

350 2496 424 2541 at
452 2500 501 2540 et
529 2486 740 2540 donum.
764 2482 904 2538 Nam
920 2484 1174 2556 judicium
1198 2485 1399 2555 quidem
1423 2501 1486 2540 ea:
1504 2502 1604 2540 uno
1624 2485 1677 2541 in
1699 2489 1942 2543 condent-

351 2578 635 2643 uationem,
655 2577 819 2648 gratia
846 2586 1013 2631 autem
1040 2593 1104 2630 ea:
1129 2576 1300 2631 multis
1329 2576 1524 2631 delictis
1546 2578 1598 2631 in
1612 2579 1943 2649 justi/icatio-

353 2686 489 2725 um.
521 2669 674 2725 Nunc
702 2670 901 2736 dicant,
932 2669 1018 2725 ubi
1046 2668 1218 2724 locum
1249 2668 1440 2724 haheat
1468 2670 1522 2726 in
1544 2670 1626 2725 his
1648 2672 1822 2728 verbis
1852 2672 1942 2729 illa

352 2760 603 2815 imitatio.
628 2757 715 2814 Ea:
732 2776 850 2825 uno,
878 2761 1065 2830 inquit,
1089 2760 1142 2815 in
1163 2760 1625 2817 condemnationem
1647 2779 1784 2833 :quo
1811 2780 1940 2833 uno,
1976 2781 1981 2786 '

352 2851 456 2906 nisi
487 2849 720 2906 delicto?
743 2850 854 2906 lloe
879 2851 1019 2906 enim
1047 2850 1315 2922 explanat,
1340 2867 1459 2907 cum
1481 2852 1565 2923 adj
1575 2854 1737 2924 ungit,
1762 2853 1943 2910 Gratia

350 2952 526 2997 autem
564 2956 629 2996 ea:
668 2940 840 2997 multis
881 2941 1073 2997 delictis
1108 2942 1163 2997 in
1193 2943 1630 3014 justificationem.
1667 2944 1777 3000 Cur
1814 2962 1944 3019 ergo

350 3030 613 3101 judicium
652 3045 718 3087 ex
763 3044 880 3086 uno.
908 3029 1103 3087 delicto
1137 3031 1190 3087 in
1228 3032 1747 3103 condemnationem,
1775 3038 1959 3108 gratia

352 3137 486 3178 vero
516 3137 584 3177 ex
619 3121 801 3177 multis
836 3120 1049 3177 delictis
1090 3122 1144 3178 in
1183 3122 1616 3193 justiticationem
1629 3126 1657 3179 ’ἐν
1679 3126 1869 3184 Nonne
1896 3130 1943 3186 si

352 3214 559 3269 nullum
583 3224 671 3270 est
689 3212 949 3284 originale
968 3212 1244 3281 delictum,
1267 3229 1374 3281 tlQﬂ
1401 3215 1575 3272 solum
1595 3217 1660 3273 ad
1683 3217 1943 3287 justilica-

352 3308 553 3362 tionem
573 3306 765 3377 gratia,
788 3305 881 3362 sed
903 3306 1061 3361 etiam
1077 3306 1336 3377 judicium
1354 3309 1420 3363 ad
1439 3309 1961 3370 condemnationem.

348 3415 419 3456 es
448 3398 631 3453 multis
664 3397 878 3453 delictis
903 3397 1151 3454 homines
1188 3398 1368 3455 ducit?
1393 3398 1574 3472 Neque
1602 3403 1744 3458 enim
1771 3407 1959 3476 gratia.

352 3489 517 3544 multa
546 3488 739 3544 delicta
768 3487 953 3556 donat,
976 3498 1160 3544 etnon
1190 3490 1350 3545 etiam
1371 3490 1629 3561 judicium
1655 3496 1820 3550 multa
1844 3497 1941 3553 de-

348 3582 476 3638 licta
505 3579 848 3639 condemnat.
881 3582 990 3636 Aut
1026 3580 1071 3635 si
1113 3592 1394 3652 propterea
1423 3599 1487 3639 es
1519 3600 1625 3640 uno
1653 3586 1851 3643 delicto
1890 3590 1941 3644 in

350 3672 853 3730 condemnationem
891 3671 1178 3739 ducuntur,
1209 3673 1331 3744 quia
1373 3675 1550 3732 omnia
1596 3677 1784 3733 delicta
1824 3694 1943 3751 quin

342 3762 799 3827 con-demnantur,
836 3777 910 3818 ex
947 3762 1088 3819 illius
1130 3763 1284 3818 unius
1323 3763 1618 3823 imitatiOne
1655 3770 1940 3824 commissa

351 3864 512 3919 sunt;
541 3852 730 3909 eadem
758 3868 925 3909 causa
955 3862 1039 3910 est
1078 3870 1174 3910 cur
1210 3870 1275 3910 es
1317 3871 1422 3910 uno
1452 3856 1648 3912 delicto
1685 3861 1844 3915 etiam
1875 3859 1961 3916 ad.

351 3947 791 4019 justiﬁcationem
829 3946 953 4003 duci
992 3946 1373 4024 intelligantur,
1393 3949 1516 4019 quia
1542 3951 1721 4006 omnia
1749 3952 1943 4010 delicta

349 4054 473 4111 qua:
487 4037 1178 4109 justitimtisremittuntur,
1200 4056 1264 4095 ex
1296 4041 1437 4097 illius
1462 4042 1634 4100 unius
1650 4044 1943 4101 imitatione

350 4133 641 4188 commissa
686 4141 833 4188 sunt.
872 4130 980 4187 Sed
1025 4130 1128 4187 hoc
1171 4132 1417 4189 videlicet
1463 4150 1568 4190 non
1618 4135 1945 4208 intelligehat

351 4222 647 4294 Apostolus
669 4238 792 4279 eum
817 4216 1050 4289 dicebat,
1067 4221 1333 4279 Iudicium
1359 4226 1567 4298 quidem
1590 4242 1660 4282 ea:
1678 4244 1784 4282 uno
1809 4228 1941 4283 deli-

348 4324 431 4372 cto
457 4316 512 4369 in
541 4316 1030 4384 condemnationem,
1057 4316 1222 4388 gratia
1244 4334 1360 4373 vero
1387 4335 1449 4380 ea:
1472 4321 1646 4375 multis
1666 4321 1862 4377 delictis
1889 4327 1943 4378 in

345 4407 804 4482 iusti/icotionem!
822 4406 935 4463 imo
953 4423 1081 4464 vero
1101 4423 1202 4464 nos
1225 4408 1584 4481 intelligamus
1603 4413 1959 4482 Apostolum,.

350 4498 706 4554 etvideamus
732 4498 854 4555 ideo
877 4498 1079 4555 dictum
1118 4499 1381 4570 judicium
1405 4517 1468 4556 ex
1502 4517 1608 4556 uno
1645 4502 1841 4559 delicto
1884 4503 1938 4559 in

350 4588 875 4655 condemnationem,
907 4589 1029 4661 quia
1058 4590 1326 4646 sufﬁceret
1351 4591 1418 4647 ad
1441 4584 1940 4650 condemnationem

350 4682 562 4740 etiamsi
589 4696 699 4738 non
725 4691 871 4747 esset
904 4683 967 4739 in
988 4682 1294 4740 hominibus
1324 4684 1426 4741 nisi
1453 4686 1713 4757 originale
1748 4702 1943 4758 pecea-

353 4784 486 4831 tum.
504 4774 762 4844 Quamvis
798 4775 939 4830 enim
967 4775 1341 4833 condemnatio
1367 4777 1584 4849 gravior
1625 4779 1693 4834 sit
1731 4794 1939 4850 eorum,

350 4871 443 4941 qui
471 4869 717 4941 originali
754 4868 951 4925 delicto
988 4869 1148 4925 etiam
1192 4870 1401 4941 propria
1445 4872 1855 4940 conjunxerunt,
1888 4883 1944 4929 et

349 4970 502 5018 tanto
523 4962 745 5034 singulis
764 4962 996 5033 gravior,
1018 4971 1221 5033 quanto
1246 4963 1462 5034 gravius
1484 4963 1604 5035 quis
1633 4967 1874 5034 peccavit
1897 4969 1938 5020 ἐ

348 5064 530 5111 tamen
574 5054 736 5110 etiam
782 5052 911 5109 illud
953 5055 1124 5110 solum
1165 5055 1307 5126 quod
1346 5056 1677 5128 originaliter
1712 5068 1940 5114 tractum

350 5155 469 5209 est,
510 5161 619 5201 non
663 5154 869 5201 tantum
897 5161 925 5200 a
955 5162 1122 5217 regno
1153 5148 1244 5202 Dei
1272 5158 1523 5219 separat,
1547 5166 1655 5220 quo
1695 5153 1943 5222 parvulos

351 5237 469 5291 sine
487 5246 703 5307 accepta
723 5235 919 5293 Christi
939 5239 1111 5308 gratia
1129 5239 1406 5296 defunctos
1432 5243 1629 5297 intrare
1653 5259 1758 5298 non
1783 5260 1941 5315 posse

352 5327 453 5397 ipsi
498 5328 661 5383 etiam
707 5329 1070 5395 conﬁtentur;
1113 5346 1297 5386 verum
1342 5341 1396 5387 et
1439 5348 1470 5387 a
1517 5334 1686 5391 salute
1727 5351 1792 5391 ac
1836 5339 1937 5392 vita

350 5428 550 5473 interna
581 5417 706 5474 facit
734 5412 957 5485 alienos,
989 5436 1109 5490 qua:
1141 5422 1285 5478 nulla
1314 5439 1433 5480 esse
1460 5424 1560 5479 alia
1592 5436 1766 5497 potest
1800 5445 1936 5499 prae-

353 5519 435 5565 ter
462 5527 683 5581 regnum
712 5511 841 5589 Dei,
859 5514 1113 5584 quosola
1137 5513 1336 5570 Christi
1365 5517 1593 5572 societas
1627 5518 1936 5578 introducit.

417 5625 438 5691 ξ
468 5624 774 5691 neniigianus
795 5623 1031 5691 codex_,et
1049 5624 1230 5691 Belgici
1251 5627 1591 5691 quidam_ttss.,
1619 5630 1905 5685 damnandi.

417 5685 803 5763 ξΑ-ξῖέςιξιὶὶξιιιιίίιξιρΔ
815 5686 1014 5763 {maritis
1035 5685 1235 5763 quisque
1264 5685 1496 5752 peccauit.
1526 5685 1588 5743 At
1601 5699 1731 5751 Mss,
1765 5704 1941 5756 quatth

352 5756 541 5808 gratius
561 5759 668 5812 quis
689 5756 918 5813 peccem.
1060 5756 1065 5763 ‘
1358 5764 1378 5774 ο

1726 264 1922 321 LIBER
1965 266 2235 347 ramus.

318 363 715 449 peccaverunt,
734 391 791 436 ut
812 382 861 436 ei
883 379 1086 435 sitnilcs
1103 390 1440 443 crearen‘ur,
1464 379 1601 435 sicut
1623 394 1687 433 es
1712 377 1929 433 homine
1972 453 1986 465 ο

3522 279 3620 333 118

2108 380 2336 437 CAPUT
2377 379 2605 437 .\'lll.—
2636 383 2718 438 l6.
2767 362 3163 453 Quomodoipcr
3203 404 3360 467 unum
3403 406 3538 453 mors
3572 402 3622 481 μ

2016 466 2019 467 ⁷
2037 490 2126 543 per
2154 490 2309 527 annui
2336 475 2455 528 rita.
2486 476 2561 530 Ac
2596 476 2814 551 perhoc
2839 478 2907 532 ab
2947 477 3114 533 Adam
3141 520 3157 546 ,
3187 466 3259 535 in
3283 496 3392 552 quo
3436 466 3624 537 omnes

2036 565 2391 634 peccavimus,
2420 581 2526 620 non
2556 568 2732 621 omnia
2762 578 2942 625 nostra
2972 580 3189 640 peccata
3216 613 3232 638 ,
3275 572 3371 628 sed
3415 558 3620 628 tantum

2036 655 2294 727 originale
2321 646 2689 714 tradusimus"
2718 677 2732 713 :
2762 675 2792 713 a
2822 659 3036 715 Christo
3064 678 3225 730 vero,
3268 663 3326 725 in
3354 679 3466 739 quo
3505 678 3615 719 nui-

2032 781 2129 825 nes
2157 765 2514 835 justilicamur
2545 766 2590 830 ',
2629 780 2734 817 non
2766 763 2911 816 illius
2938 770 3144 815 tantum
3184 759 3495 841 originalis,
3519 761 3613 815 sed

2033 858 2192 912 etiam
2221 867 2542 910 cancrorum
2569 870 2687 923 qua:
2719 853 2817 919 ipsi
2839 852 3138 905 addidimus
3165 856 3503 916 chcatorum
3532 866 3612 905 reo

2035 951 2340 1003 tn'ssiunem
2361 946 2761 1013 consequimur.
2783 942 2906 997 ldeo
2929 958 3029 994 non
3049 941 3176 994 sicut
3205 958 3292 1011 per
3313 957 3469 994 unum
3494 957 3611 1007 pec-

2033 1052 2255 1100 cantem,
2273 1039 2345 1090 ita
2367 1046 2440 1090 est
2463 1047 2507 1088 et
2528 1037 2734 1088 daitum.
2755 1032 2883 1086 Nam
2908 1031 3159 1097 judicium
3182 1032 3393 1097 quidem
3419 1047 3481 1086 ex
3509 1048 3615 1084 tum

2032 1130 2252 1193 delicto,
2277 1128 2320 1180 si
2346 1142 2450 1180 non
2474 1124 2784 1184 remittitur,
2806 1122 2853 1174 id
2872 1131 2974 1182 est,
2996 1120 3261 1188 originali,
3287 1120 3338 1173 in
3358 1120 3614 1175 c0ndem-

2036 1218 2303 1272 nationem
2338 1216 2449 1283 jam
2498 1223 2669 1280 potest
2707 1213 2942 1265 ducere:
2975 1211 3140 1279 gratia
3172 1225 3297 1275 vero
3326 1225 3392 1263 ex
3434 1211 3612 1283 multis

2033 1308 2245 1363 delictis
2270 1307 2533 1370 remissis,
2564 1304 2666 1356 hoc
2696 1314 2798 1367 est,
2824 1317 2927 1353 non
2946 1304 3116 1353 solum
3139 1302 3402 1369 originali,
3431 1314 3611 1353 verum

2033 1399 2192 1454 etiam
2222 1396 2469 1450 omnibus
2492 1404 2700 1446 caneris
2726 1394 2791 1444 ad
2817 1389 3248 1460 justtliCatiouem
3279 1391 3538 1457 perducit.

2109 1489 2196 1544 Π.
2230 1488 2289 1544 Si
2327 1487 2458 1541 enim
2498 1488 2559 1540 ob
2598 1487 2751 1538 unius
2791 1485 3030 1538 delictum
3083 1499 3217 1537 mors
3256 1483 3487 1554 regnavit
3525 1476 3615 1551 per

2034 1598 2214 1647 unum,
2242 1580 2401 1634 multo
2428 1579 2590 1647 magis
2618 1578 2705 1646 qui
2732 1576 3101 1629 abundantiam
3127 1577 3309 1645 gratia:
3335 1587 3381 1626 et
3394 1574 3615 1645 justitiu:

2033 1674 2310 1740 accipiunt,
2330 1672 2382 1724 in
2404 1674 2505 1725 uita
2526 1669 2810 1738 regnabant
2833 1683 2923 1738 per
2945 1683 3099 1721 unum
3129 1665 3305 1721 losum
3330 1663 3610 1719 Christum.
3666 1710 3672 1715 .

2035 1763 2141 1819 Cur
2166 1764 2234 1817 ob
2265 1760 2422 1814 unius
2449 1759 2701 1813 delictum
2739 1773 2881 1824 mors
2903 1758 3146 1826 regnavit
3172 1773 3262 1826 per
3294 1773 3484 1820 unum,
3517 1759 3614 1809 nisi

2034 1858 2153 1928 quia
2176 1834 2361 1910 mostis
2381 1856 2591 1908 vinculo
2610 1854 2924 1908 tenebantur
2941 1851 3101 1905 inillo
3120 1867 3222 1904 uno
3238 1850 3289 1903 in
3305 1868 3410 1919 quo
3428 1865 3615 1902 outnes

2037 1952 2424 2015 peccaverunt,
2454 1944 2663 1996 etiamsi
2698 1939 2923 2011 propria.
2949 1949 3161 2006 peccata
3189 1956 3291 1992 non
3322 1940 3615 1993 adderent?

2037 2034 2287 2102 Alioquin
2315 2049 2420 2088 non
2445 2033 2466 2064 ³
2498 2033 2568 2089 0h
2592 2033 2750 2087 unius
2775 2032 3022 2087 delictum
3048 2047 3190 2084 tnors
3215 2046 3311 2100 per
3339 2045 3498 2084 unum
3528 2046 3608 2083 re-

2036 2128 2247 2199 gnavit,
2293 2125 2389 2180 sed
2434 2123 2505 2178 ob
2544 2124 2734 2179 delicta
2772 2125 2936 2177 multa
2978 2126 3261 2178 multorum
3295 2138 3386 2193 per
3418 2137 3613 2175 unum-

2038 2232 2300 2289 quemque
2329 2225 2660 2287 peccantem.
2692 2213 2821 2268 Nam
2851 2216 2894 2268 si
2923 2226 3201 2283 propterea
3228 2217 3408 2267 caeteri
3441 2212 3509 2267 oh
3532 2214 3615 2285 al-

2041 2308 2203 2363 terius
2222 2307 2453 2360 hominis
2477 2306 2727 2361 delictum
2753 2305 2943 2358 mortui
2964 2313 3106 2368 sunt,
3129 2305 3249 2372 quia
3277 2304 3422 2357 illum
3452 2302 3502 2356 in
3525 2302 3621 2357 dc-

2041 2397 2324 2467 linquendo
2355 2396 2747 2466 praecedentem
2793 2396 3176 2464 subsequentes
3225 2393 3417 2446 imitati
3450 2400 3611 2446 sunt:

2043 2487 2132 2542 ille
2161 2501 2370 2556 quoque
2397 2497 2449 2540 et
2474 2486 2639 2538 multo
2668 2484 2834 2554 magis
2856 2485 2925 2536 ob
2944 2485 3162 2536 alterius
3188 2483 3443 2537 delictum
3474 2498 3617 2535 mor-

2045 2590 2166 2636 tuus
2190 2592 2293 2646 est,
2312 2594 2468 2646 quem
2490 2578 2732 2632 diabolus
2765 2575 3121 2647 delinquendi;
3144 2576 3212 2629 ita
3241 2588 3617 2643 praecesserat,

2046 2683 2103 2728 ut
2130 2675 2178 2728 ei
2209 2671 2461 2727 delictum
2491 2673 2649 2723 etiam
2678 2670 2792 2735 ipse
2818 2662 3064 2721 suaderet
3090 2684 3104 2721 :
3132 2668 3300 2719 Adam
3334 2682 3458 2719 veru
3484 2668 3621 2724 nihil
3718 2684 3731 2693 -

2046 2763 2213 2816 suasit
2243 2761 2598 2815 imitatorihus
2625 2757 2734 2810 suis
2754 2765 2852 2823 ;_et
2881 2756 3031 2815 multi
3072 2757 3156 2824 qui
3190 2753 3305 2823 ejus
3328 2756 3622 2809 imitatores

2050 2856 2317 2919 dicuntur,
2361 2870 2482 2909 eum
2525 2852 2686 2908 fuisse
2713 2861 2767 2905 et
2798 2851 2899 2902 tale
2929 2850 3128 2916 aliquid
3177 2846 3512 2900 eounnisisse
3541 2852 3643 2903 vel.

2051 2962 2157 3004 non
2188 2946 2488 3008 audierunt.
2512 2944 2597 2998 vel
2625 2944 2842 2999 omnino
2865 2956 2969 2994 non
2989 2941 3233 2994 credunt.
3260 2942 3469 3004 Quanto
3495 2952 3625 3007 ergo

2053 3038 2268 3104 rectius,
2294 3038 2431 3090 sicut
2454 3035 2563 3105 jam
2595 3032 2728 3100 dixi,
2758 3032 3025 3087 diabolum
3072 3032 3363 3103 principem
3417 3031 3626 3084 consti-

2054 3128 2240 3185 tuisset
2267 3128 2582 3195 Apostolus,
2609 3139 2641 3179 a
2668 3140 2775 3194 quo
2818 3136 2924 3176 uno
2972 3130 3247 3190 peceatum
3295 3129 3348 3173 et
3397 3131 3625 3173 mortem

2047 3233 2144 3289 per
2167 3230 2356 3272 omnes
2383 3214 2660 3271 transiisse
2685 3213 2920 3280 diceret,
2951 3213 3130 3270 sidtoc
3154 3213 3275 3271 loco
3303 3229 3408 3268 non
3439 3228 3633 3284 propao

2043 3307 2332 3379 gationem,
2375 3303 2470 3361 sed
2516 3304 2866 3360 imitationem
2911 3303 3090 3360 dicere
3133 3303 3427 3360 voluisset?
3469 3302 3632 3358 Multo

2042 3399 2187 3453 enim
2212 3394 2757 3452 rationabiliusAd-am
2779 3393 3219 3450 diciturimitator
3233 3393 3452 3458 diaboli,
3472 3410 3632 3464 quem

2045 3504 2318 3544 suasorem
2347 3485 2531 3543 habuit
2560 3488 2781 3557 peccati,
2822 3488 2869 3542 si
2916 3496 3089 3559 potest
3118 3489 3396 3559 quisquam
3437 3486 3631 3543 imitari

2046 3581 2204 3636 etiam
2233 3579 2383 3635 illum
2402 3579 2493 3649 qui
2522 3577 2651 3635 nihil
2673 3577 2782 3632 tale
2802 3578 2991 3646 suasit,
3014 3579 3096 3633 vel
3123 3579 3340 3633 omnino
3359 3593 3518 3649 quem
3540 3593 3633 3631 ne-

2046 3673 2165 3728 seit.
2183 3670 2316 3739 Quid
2329 3680 2410 3725 est
2429 3680 2627 3736 autem,
2649 3671 2736 3742 qui
2752 3669 2772 3702 ⁸
2787 3669 3147 3725 abundantiam
3170 3672 3350 3742 gratia
3366 3680 3410 3724 et
3419 3671 3634 3741 justitic

2046 3764 2156 3818 acci
2158 3764 2325 3835 piunt,
2339 3762 2443 3819 nisi
2457 3758 2597 3833 quod
2614 3780 2719 3818 non
2732 3764 2780 3818 ei
2805 3771 3005 3819 tantum
3021 3775 3239 3834 peccato
3252 3764 3304 3819 in
3318 3779 3425 3836 quo
3445 3779 3633 3820 omnes

2049 3863 2420 3926 peccaverunt,
2444 3854 2536 3910 sed
2552 3855 2631 3910 eis
2655 3855 2814 3910 etiam
2843 3871 2962 3926 quae
2988 3855 3329 3924 addiderunt,
3358 3857 3525 3928 gratia
3545 3874 3631 3911 re-

2047 3945 2520 4011 missionis-datur;
2538 3946 2724 4017 eisque
2751 3946 3056 4002 hominibus
3078 3957 3219 4001 tanta
3236 3946 3441 4018 justitia
3462 3947 3632 4002 dona-

2049 4046 2252 4104 ιρι-,λιι
2270 4052 2391 4092 cum
2412 4036 2582 4091 Adam
2609 4038 2938 4091 consenserit
2958 4036 3024 4091 ad
3058 4047 3330 4107 peceatum
3350 4037 3594 4093 suadenti
3611 4080 3630 4106 ,

2049 4143 2156 4183 non
2176 4127 2368 4183 cedant
2384 4127 2472 4182 isti
2489 4128 2648 4182 etiam
2666 4127 2909 4198 cogenti?
2929 4128 2996 4185 Et
3015 4128 3260 4198 quidest,
3289 4131 3449 4184 multo
3473 4134 3634 4202 magis

2046 4218 2100 4272 in
2126 4219 2226 4271 vita
2247 4215 2546 4288 regnabant,
2577 4232 2698 4271 cum
2725 4219 2912 4272 mortis
2932 4234 3151 4290 regnum
3184 4221 3350 4275 multo
3372 4220 3550 4292 plures
3578 4223 3632 4277 iu

2046 4318 2306 4365 aeternam
2328 4322 2539 4378 pinnam
2572 4307 2897 4376 trahat;_nisi
2920 4311 3275 4380 intelligamus
3301 4328 3395 4370 eos
3412 4314 3557 4384 ipsos
3577 4318 3630 4369 in

2049 4409 2273 4471 utroque
2288 4399 2391 4455 diei
2405 4400 2492 4473 qui
2512 4409 2788 4457 transeunt
2799 4402 2869 4457 ab
2884 4401 3052 4457 Adam
3069 4403 3135 4459 ad
3148 4402 3449 4473 Christum,
3464 4405 3512 4459 id
3526 4417 3631 4474 est,

2046 4508 2081 4547 a
2107 4501 2290 4548 morte
2308 4492 2375 4546 ad
2402 4488 2587 4560 vitam,
2608 4494 2729 4564 quia
2749 4493 2799 4548 in
2819 4495 2924 4549 vita
2953 4506 3151 4552 atterna
3175 4499 3290 4553 sine
3312 4499 3416 4553 line
3446 4514 3632 4570 regna-

2047 4585 2200 4650 bunt,
2233 4584 2404 4655 magis
2440 4600 2599 4655 quam
2644 4585 2696 4640 in
2729 4586 2807 4641 eis
2835 4589 3377 4662 morstemporaliter
3413 4601 3467 4646 et
3511 4605 3632 4645 cum

2048 4679 2155 4733 line
2183 4675 2475 4750 regnavit?
2832 4674 2835 4677 ⁴

2122 4770 2208 4827 18.
2249 4767 2437 4843 Itaque.
2452 4772 2582 4826 sicut
2604 4789 2693 4845 per
2713 4774 2864 4829 unius
2914 4774 3151 4829 delictum
3196 4775 3249 4828 in
3275 4791 3445 4829 omnes
3471 4775 3606 4829 homi

2048 4878 2136 4916 nes
2162 4861 2232 4915 ad
2254 4861 2741 4925 condemnationem,
2764 4865 2839 4918 ita
2862 4875 2910 4919 et
2938 4882 3028 4936 per
3046 4866 3198 4919 unius
3213 4865 3633 4937 justiﬁcationcm

2048 4955 2303 5009 immunes
2341 4954 2567 5009 homines
2593 4953 2675 5010 ad
2702 4957 3118 5026 justiﬁcationem
3147 4958 3277 5012 vitta.
3322 4957 3436 5013 Hoc
3479 4959 3635 5015 unius

2048 5047 2322 5114 delictum,
2352 5048 2396 5102 si
2439 5047 2788 5105 imitationem
2816 5048 3193 5114 attendamus,
3244 5067 3348 5104 non
3389 5051 3491 5107 erit
3533 5054 3635 5107 nisi

2048 5136 2264 5193 diaboli.
2306 5137 2409 5194 Sed
2436 5140 2558 5210 quia
2587 5139 2923 5194 manifestum
2952 5149 3054 5206 est,
3098 5139 3166 5195 de
3204 5140 3397 5208 Adam,
3431 5157 3536 5197 non
3568 5146 3635 5201 de

2048 5228 2262 5284 diabolo
2300 5229 2438 5293 dici;
2473 5240 2632 5286 restat
2676 5229 3048 5301 intelligenda,
3093 5246 3198 5287 non
3238 5232 3499 5303 imitatio,
3540 5241 3634 5291 sed

2050 5320 2358 5392 propagatio
2386 5320 2609 5390 pect'ati.
3688 5320 3698 5348 ί

2119 5409 2345 5466 CAPUT
2384 5410 2608 5464 XlV.-—-
2635 5407 2800 5464 Nemo
2827 5411 2925 5465 nisi
2953 5410 3184 5467 Christus
3203 5414 3475 5486 justifcot.
3498 5414 3629 5469 Nam

2113 5512 2130 5543 ι
2166 5511 2387 5574 Belgicus
2405 5511 2600 5576 quidam
2622 5519 2726 5573 ΜΞ..
2746 5510 2869 5575 loco,
2882 5496 3209 5577 adduximus,
3228 5517 3635 5581 hahehat,tra1l-

2048 5586 2257 5701 ηῑξίςέρκ
2296 5642 2423 5692 Mss.
2452 5633 2802 5701 justiﬁcantar.

2115 5698 2137 5729 ³
2170 5706 2270 5746 Am.
2296 5704 2349 5748 et
2370 5702 2442 5747 Er.
2458 5732 2474 5757 ,
2497 5697 2591 5748 non
2611 5697 2781 5750 solum.

2113 5760 2133 5791 ’⁵
2163 5759 2311 5823 Editi,
2339 5762 2483 5825 quad.
2510 5769 2617 5813 Mss.
2651 5773 2785 5826 vero,
2814 5761 2912 5827 qui.
