4002 6180
237 423 538 480 mutatione
563 421 768 482 sensim
792 424 961 481 currit
989 424 1042 480 in
1082 423 1262 489 linem,
1292 437 1398 479 non
1429 419 1792 491 perﬁcientem
1815 458 1830 478 .

239 521 335 572 sed
361 525 790 573 eousumentem.
836 515 928 574 Sic
953 516 1130 585 itaque
1159 513 1433 583 impletum
1462 520 1545 568 est
1585 508 1726 583 quod
1754 508 1835 564 di-

244 615 397 660 xerat
426 604 591 671 Deus,
624 605 743 676 Qua
770 607 852 660 die
875 605 1098 673 ederitis,
1130 613 1291 659 morte
1319 602 1600 657 moriemini
1650 601 1671 674 (
1702 599 1830 656 Gen.

240 712 300 759 ιι,
334 696 464 767 t1).
524 696 603 751 Ex
659 695 761 751 hac
787 697 948 768 igitur
998 695 1356 753 inobedientia
1395 696 1595 759 carnis,
1627 708 1692 748 ex
1732 691 1833 748 hac

242 791 359 857 tege
396 789 601 858 peccati
627 796 683 843 et
710 788 919 855 mortis,
940 785 1179 859 quisquis
1203 785 1488 841 carnaliter
1506 793 1797 857 generatur
1816 825 1831 850 ,

243 878 551 949 regenemri
616 879 963 949 spiritualiter
1018 894 1153 947 opus
1202 878 1402 945 habet,
1463 888 1517 930 ut
1573 891 1677 930 non
1746 890 1835 931 so-

244 971 351 1026 lum
380 971 450 1026 ad
475 986 701 1042 regnum
734 972 827 1026 Dei
860 970 1201 1040 perducatur,
1229 984 1413 1024 verum
1444 968 1603 1023 etiam
1645 983 1675 1021 a
1706 982 1832 1036 pec-

242 1065 346 1121 cati
377 1064 726 1120 damnatione
764 1064 1038 1120 liberetur.
1086 1062 1256 1118 Simul
1302 1053 1478 1132 itaque
1518 1070 1737 1133 peccato
1782 1067 1834 1112 ct

244 1155 404 1212 morti
435 1155 590 1225 primi
624 1155 855 1210 hominis
881 1154 1093 1210 obnoxii
1136 1163 1431 1211 nascuntur
1464 1153 1518 1207 in
1557 1167 1741 1218 carne,
1781 1162 1835 1206 et

244 1245 404 1305 simul
422 1247 644 1316 iustitia:
664 1247 893 1316 vitzeque
914 1256 1127 1301 aeterna:
1147 1244 1364 1301 secundi
1393 1244 1623 1301 hominis
1647 1240 1832 1301 sociati

245 1348 602 1396 renascuntur
642 1338 695 1392 in
734 1338 1046 1408 Baptismo:
1093 1338 1233 1393 sicut
1269 1347 1325 1393 et
1362 1338 1415 1393 in
1455 1334 1835 1393 Ecclesiastico

242 1431 500 1505 scriptum
531 1439 635 1497 est,
667 1429 710 1483 Α
740 1429 950 1484 muliere
974 1428 1173 1482 initium
1197 1427 1388 1499 factum
1422 1438 1496 1482 est
1532 1425 1741 1501 peccati,
1789 1439 1835 1483 et

245 1537 335 1592 per
369 1512 515 1576 illam
542 1537 716 1576 omnes
744 1520 988 1577 morimur
1012 1517 1201 1591 (Ereti.
1230 1535 1363 1587 xxv,
1391 1519 1461 1576 53
1481 1519 1521 1589 ).
1569 1518 1694 1575 Sive
1735 1535 1834 1574 au-

245 1623 351 1669 tem
379 1630 411 1668 a
441 1614 688 1679 muliere,
715 1595 831 1668 Sive
868 1612 936 1666 ab
964 1612 1131 1667 Atiam
1174 1610 1402 1677 dicatur,
1447 1620 1729 1684 utrumque
1767 1612 1832 1667 ad

250 1704 476 1774 primum
510 1702 786 1758 hominem
819 1703 1043 1773 pertinet
1067 1720 1081 1757 :
1104 1702 1376 1773 quoniam,
1404 1701 1542 1758 sicut
1569 1703 1832 1768 novimus,

251 1797 438 1851 mulier
459 1811 529 1850 ex
560 1795 676 1850 viro
704 1803 786 1851 est
805 1836 821 1861 ,
853 1804 908 1851 et
936 1794 1210 1867 utriusque
1252 1809 1354 1850 una
1392 1810 1519 1853 caro
1548 1804 1649 1850 est.
1683 1792 1837 1852 Unde

251 1896 301 1944 et
325 1885 456 1942 illud
486 1885 634 1957 quod
660 1887 917 1957 scriptum
943 1894 1046 1950 est,
1072 1884 1138 1941 Et
1167 1897 1312 1941 erunt
1336 1886 1437 1942 duo
1464 1887 1518 1942 in
1539 1904 1691 1943 carne
1711 1906 1832 1947 tina.

249 1978 414 2051 Igitur
437 1980 560 2050 jam
599 1994 702 2032 non
740 1980 864 2047 duo,
907 1978 1077 2050 inquit
1115 1978 1390 2047 Dominus,
1430 1979 1518 2035 sed
1554 1998 1659 2039 una
1717 1998 1836 2039 caro

251 2070 456 2143 (lauit.
488 2085 607 2136 ιιι,
633 2070 686 2135 5,
716 2071 811 2140 6).

308 2159 547 2219 CAPUT
587 2159 753 2216 XVII.
773 2191 842 2202 —
861 2159 951 2216 22.
985 2159 1108 2216 Non
1128 2178 1235 2216 esse
1261 2163 1537 2245 infantibus
1574 2168 1839 2235 personati:

246 2265 510 2326 peceatum
530 2254 873 2309 tribuendum.
913 2254 1252 2326 Quapmpter
1273 2255 1362 2326 qui
1383 2256 1567 2314 dicunt
1586 2259 1835 2327 parvulos

246 2347 364 2404 ideo
390 2345 676 2417 baptizari,
708 2354 767 2399 ut
789 2343 890 2400 hoc
919 2345 999 2401 eis
1025 2346 1328 2401 remittatur
1352 2345 1492 2417 quod
1522 2347 1575 2405 in
1604 2344 1702 2403 hac
1733 2348 1837 2404 vita

248 2438 518 2507 proprium
548 2442 956 2501 contraxerunt,
986 2451 1090 2489 non
1121 2435 1260 2506 quod
1289 2452 1354 2492 ex
1382 2437 1551 2493 Adam
1585 2422 1853 2496 traduer

245 2536 388 2593 runt,
417 2542 530 2583 non
560 2541 758 2596 magno
799 2526 1072 2602 mgimine
1100 2526 1396 2596 refellendi
1426 2539 1571 2585 sunt.
1613 2530 1837 2598 Quando

244 2620 387 2673 enim
411 2632 601 2673 secum
631 2617 734 2687 ipsi
763 2618 1034 2687 paululum
1064 2612 1180 2673 sine
1205 2617 1445 2674 certandi
1488 2621 1665 2676 studio
1690 2623 1837 2694 cogi-

247 2711 499 2774 taverim,
522 2724 690 2780 quam
716 2709 786 2764 sit
809 2708 1095 2763 absurdum
1124 2724 1221 2764 nec
1242 2708 1457 2780 dignum
1478 2711 1840 2781 disputatione

244 2798 389 2870 quod
435 2794 667 2865 dicunt,
722 2801 976 2855 continuo
1039 2801 1357 2855 sententiam
1412 2804 1836 2859 commutabunt.

244 2892 399 2964 Quod
425 2893 473 2948 si
498 2892 793 2957 noluerint,
827 2909 931 2951 non
979 2908 1145 2963 usque
1174 2894 1309 2949 adeo
1333 2894 1399 2949 de
1441 2895 1689 2951 humanis
1713 2912 1841 2971 sen-

248 2984 397 3038 sibus
423 2984 821 3055 desperandum
849 2994 951 3050 est,
979 2993 1036 3040 ut
1061 2995 1359 3043 metuamus
1380 3004 1446 3043 ne
1476 2986 1579 3043 hoc
1609 2990 1838 3061 cuipiam

248 3070 628 3143 persuadean'.
666 3072 772 3145 ipsi
821 3076 1016 3146 quippe
1064 3085 1121 3130 ut
1167 3075 1269 3131 hoc
1312 3077 1573 3148 dicerent,
1619 3080 1841 3151 alicujus

246 3166 476 3221 alterius
495 3167 776 3222 sententia:
797 3166 1125 3237 pra-judicio,
1150 3169 1250 3224 nisi
1268 3168 1439 3236 fallor,
1461 3171 1672 3242 impulsi
1694 3184 1838 3233 sunt:

248 3272 316 3313 ac
343 3266 626 3330 propterea
658 3274 778 3314 cum
811 3260 1009 3316 remitti
1055 3258 1330 3332 baptizato‘
1351 3247 1563 3334 peccata
1595 3281 1843 3323 necessri-

251 3349 335 3404 rio
381 3348 696 3415 faterentur,
747 3366 847 3407 nec
884 3351 1036 3408 fateri
1085 3345 1277 3409 vellent
1304 3370 1369 3411 ex
1417 3356 1583 3411 Adam
1624 3358 1840 3414 ductum

250 3453 375 3501 esse
421 3449 723 3508 peccatum,
748 3441 891 3512 quod
938 3443 1138 3497 remitti
1186 3443 1487 3501 fatebantur
1531 3446 1835 3516 infantibus,

250 3528 423 3600 ipsam
452 3528 728 3595 infantiam
776 3533 946 3588 coacti
971 3547 1097 3589 sunt
1125 3550 1378 3592 accusare
1405 3555 1419 3592 :
1449 3539 1599 3608 quasi
1626 3556 1843 3596 accusa-

252 3630 341 3697 tor
384 3617 627 3676 infantiae
679 3622 781 3678 hoc
822 3624 1062 3681 securior
1110 3624 1280 3694 ﬁeret,
1328 3643 1437 3703 quo
1476 3641 1753 3688 accusatus
1793 3634 1840 3689 ei

253 3711 583 3782 respondere
612 3728 719 3775 non
769 3724 966 3785 posset.
1007 3714 1112 3771 Sed
1162 3717 1312 3785 istos,
1364 3730 1422 3774 ut
1445 3719 1575 3788 dixi,
1622 3724 1838 3778 omitta-

255 3818 412 3877 mus;
445 3820 619 3876 neque
646 3809 787 3863 enim
812 3824 1061 3866 sermone
1092 3810 1175 3867 vel
1201 3809 1537 3869 documentis
1574 3830 1709 3885 opus
1738 3802 1839 3882 est,

254 3894 448 3964 quibus
493 3886 796 3965 innocentia
846 3898 1101 3971 probetur
1143 3902 1426 3968 infantum,
1474 3916 1731 3976 quantum
1774 3910 1841 3979 ad

254 3998 442 4041 eorum
467 3988 703 4058 pertinet
741 3990 927 4053 vitam,
956 4008 1114 4062 quam
1142 3994 1343 4049 recenti
1372 4004 1495 4069 ortu
1541 3996 1593 4051 in
1627 4013 1684 4054 se
1714 3998 1845 4069 ipsis

253 4085 440 4145 agunt,
464 4078 509 4131 si
539 4068 669 4144 eam.
708 4093 816 4151 non
855 4082 1099 4152 agnoscit
1147 4097 1339 4143 sensus
1367 4068 1650 4155 humanus,
1683 4068 1845 4146 nullis

253 4167 595 4231 adminiculis
619 4171 931 4242 cujusquam
962 4173 1334 4245 disputationis
1361 4178 1596 4251 adjutus.

325 4258 558 4316 CAPUT
593 4259 782 4317 XVIII.
812 4264 1002 4319 -25.
1056 4265 1265 4336 Refellit
1319 4284 1404 4327 eos
1461 4272 1549 4339 qui
1598 4273 1846 4344 baptizari

258 4352 496 4420 mlas
521 4353 698 4410 uolitat
720 4372 822 4411 non
850 4357 904 4411 in
942 4360 1134 4429 peccati
1161 4361 1526 4430 remissionem,
1551 4364 1643 4422 sed
1666 4365 1735 4421 ad
1758 4368 1844 4423 ob.

258 4445 519 4500 dumdum
546 4463 757 4519 regnum
799 4448 1057 4504 caelorum.
1098 4450 1207 4508 Sed
1249 4453 1325 4508 illi
1367 4465 1604 4523 movent,
1649 4466 1705 4516 et
1747 4460 1845 4515 ali-

259 4534 383 4604 quid
434 4535 863 4594 consideratione
906 4554 969 4595 ac
994 4539 1329 4598 discussione
1353 4544 1570 4615 dignum
1601 4547 1846 4606 videntur

259 4624 473 4694 aliene,
496 4628 587 4698 qui
617 4628 803 4683 dicunt
827 4632 1074 4699 parvulos
1103 4634 1306 4689 recenti
1336 4633 1441 4691 vita
1471 4630 1644 4695 editos
1672 4640 1845 4698 visee-

260 4716 410 4781 ι’ἱδοε
455 4728 706 4782 matrum,
755 4736 861 4777 non
893 4731 1109 4793 propter
1138 4725 1523 4784 remittendum
1570 4742 1845 4801 peccatum

260 4807 538 4878 percipere
564 4808 915 4879 Baptismum,
946 4814 1039 4870 sed
1072 4822 1131 4871 ut
1155 4817 1486 4888 spiritualem
1521 4825 1848 4891 procreatio-

260 4913 383 4954 nam
431 4915 538 4956 non
581 4901 845 4960 habentes
874 4906 891 4938 ⁸
920 4917 1173 4965 creentur
1225 4909 1278 4965 in
1310 4911 1542 4976 Christo,
1575 4925 1632 4971 et
1682 4917 1848 4985 ipsius

256 4993 415 5065 regni
436 4995 699 5053 colorum
726 4999 1008 5070 participes
1047 5000 1197 5068 liant,
1228 5003 1417 5061 eodem
1446 5007 1607 5063 modo
1634 5007 1769 5064 lilii’
1793 5023 1849 5067 et
1910 5000 1917 5005 ’

257 5082 506 5141 heredes
548 5087 668 5156 Dei,
719 5089 1030 5150 coheredes
1074 5104 1254 5151 autem
1302 5097 1521 5164 Christi.
1564 5101 1608 5154 Δ
1655 5102 1849 5172 quibus

255 5188 439 5233 tamen
479 5196 607 5235 cum
652 5184 926 5254 φηςι-ξων,
976 5197 1151 5244 utrum
1200 5205 1305 5245 non
1355 5190 1600 5262 baptizati
1643 5205 1697 5251 et
1740 5213 1845 5254 non

248 5266 437 5326 εσθαι
464 5272 773 5330 οοιιωτθιιοε
808 5275 1025 5341 Christi,
1058 5281 1312 5353 regnique
1339 5284 1601 5339 caelorum
1627 5289 1845 5356 partici-

250 5372 376 5428 pes,
428 5359 660 5417 habeant
698 5366 896 5421 saltem
952 5368 1270 5431 beneficium
1319 5373 1507 5429 salutis
1548 5378 1764 5437 aiterna:
1794 5379 1846 5434 in

247 5453 653 5511 resurrectione
681 5468 1031 5526 mortuorum,
1078 5461 1324 5525 laborant
1350 5467 1715 5539 vehementer,
1749 5487 1848 5527 nec

318 5611 689 5693 399%
706 5624 762 5693 et
783 5618 864 5693 alii
890 5618 996 5693 _duo
1026 5627 1154 5685 Mss,
1181 5622 1558 5690 procreationem
1590 5625 1815 5681 habentes
1829 5646 1849 5693 ;

243 5671 679 5741 ongis-“aegaeo
703 5681 951 5741 particula.

317 5734 343 5775 θ
617 5732 760 5823 male
918 5752 967 5794 at
993 5751 1121 5810 καί,
1145 5748 1313 5819 eodem
1333 5748 1597 5831 modnﬁtii.

1628 301 1829 361 ιιιιειι
1870 297 2142 361 ιιιιιιιυε.

2830 370 2837 375 .
3424 308 3527 371 ίέίὶ

1937 410 2138 467 exitum
2181 413 2473 469 inveniunt.
2513 414 2644 482 Quis
2688 415 2829 470 enim
2875 413 3305 475 Christianorum
3346 420 3520 486 ferat,

1936 515 2060 559 cum
2083 498 2277 558 dicitur
2302 503 2369 558 ad
2418 513 2675 561 attentam
2722 505 2946 561 salutem
2995 523 3153 578 posse
3197 526 3521 582 quemquam

1938 596 2238 665 pervenire,
2288 597 2332 651 si
2363 611 2467 651 non
2515 609 2823 653 renascatur
2864 599 2915 653 in
2956 598 3189 669 Christo,
3239 602 3384 675 quod
3430 620 3526 676 per

1938 687 2262 759 Baptismunt
2296 689 2409 745 ﬁeri
2438 692 2624 758 voluit,
2648 707 2715 748 eo
2733 693 2841 763 jam
2873 702 3109 765 tempore
3148 694 3256 767 quo
3292 700 3397 753 tale
3424 699 3525 756 Sa-

1937 792 2265 837 cramenttnn
2297 784 2725 839 constituendmn
2757 785 2855 839 fuit
2878 791 3257 861 regenerandis
3286 790 3338 845 in
3368 807 3519 862 spem

1937 872 2123 927 salutis
2157 873 2413 931 «διειηωῖ
2453 872 2604 930 Unde
2630 874 2758 929 dicit
2785 876 3070 945 Aposwius
3100 895 3113 933 :
3145 878 3268 935 Non
3309 897 3376 936 ea:
3398 864 3525 953 ope-

1937 963 2077 1018 ribus
2096 964 2315 1035 justitia:
2361 982 2475 1036 qua:
2516 983 2606 1020 nos
2654 968 2885 1039 fecimus,
2935 970 3025 1024 scd
3070 973 3341 1028 secundum
3378 992 3526 1030 suam

1937 1055 2335 1110 misericordiam
2373 1057 2536 1111 salvos
2564 1075 2654 1113 nos
2683 1058 2801 1130 fecit
2826 1077 2914 1131 per
2952 1061 3212 1117 lavacrum
3259 1081 3526 1137 regenera-

1939 1145 2089 1199 tionis
2119 1144 2243 1218 (Tit.
2278 1162 2354 1211 ιιι,
2384 1147 2459 1219 5).
2500 1147 2669 1214 Quam
2720 1160 2900 1206 tamen
2945 1153 3169 1207 salutem
3197 1154 3249 1209 in
3277 1170 3373 1225 Spe
3398 1157 3529 1215 dicit

1939 1250 2079 1302 esse,
2107 1252 2226 1290 cum
2253 1237 2339 1292 hic
2364 1238 2613 1302 vivimus,
2662 1238 2748 1294 ubi
2778 1241 2848 1295 ait
2878 1258 2893 1294 :
2928 1241 3037 1313 Spe
3071 1243 3203 1298 enim
3231 1245 3368 1321 salui
3400 1248 3530 1317 {acti

1937 1345 1996 1383 sn
2006 1346 2130 1384 mus.
2163 1328 2295 1399 Spes
2317 1341 2483 1384 autem
2508 1347 2620 1401 qua
2642 1331 2834 1387 videtur
2853 1351 2955 1388 non
2975 1345 3044 1388 est
3067 1353 3181 1405 spes
3201 1353 3220 1391 :
3235 1339 3369 1408 quod
3395 1341 3528 1395 enim

1939 1420 2070 1474 ttich
2110 1421 2241 1489 qnis,
2269 1422 2389 1493 quid
2431 1422 2645 1492 sperat?
2691 1422 2754 1480 Si
2794 1437 2961 1479 autem
2996 1429 3133 1500 quod
3173 1446 3274 1484 non
3303 1431 3529 1487 ridemus

1939 1529 2220 1582 speramus,
2261 1532 2353 1587 per
2377 1516 2670 1587 patientiam
2694 1528 3041 1586 exspectamus
3069 1519 3243 1590 (Rom.
3275 1539 3387 1590 vttt,
3416 1522 3487 1580 24
3508 1565 3527 1591 .

1937 1601 2053 1673 25).
2094 1602 2221 1660 Sine
2250 1605 2347 1661 ista
2376 1623 2502 1677 ergo
2531 1609 2934 1682 regeneratione
2976 1610 3150 1671 salvos
3181 1613 3233 1667 in
3268 1623 3528 1671 aeternum

1942 1708 2100 1764 posse
2147 1698 2394 1766 parvulos
2425 1698 2558 1764 fieri,
2588 1699 2707 1769 quis
2733 1699 2925 1755 audeat
2954 1702 3242 1770 afﬁrmare,
3278 1712 3529 1775 tanquam

1941 1802 2045 1840 non
2096 1801 2191 1855 pro
2220 1786 2299 1841 cis
2329 1797 2568 1843 mortuus
2612 1790 2682 1844 sit
2729 1789 3014 1845 Christus?
3045 1793 3255 1849 Etenim
3302 1788 3533 1851 Christus

1940 1894 2033 1947 pro
2061 1878 2228 1947 impiis
2255 1889 2480 1934 mortuus
2525 1890 2598 1936 est
2633 1879 2743 1955 (Id.
2774 1898 2826 1948 ν,
2859 1883 2935 1954 6).
2978 1880 3068 1938 Isti
3108 1896 3285 1939 autem
3326 1888 3438 1965 qui,
3469 1897 3529 1944 ut

1940 1971 2279 2027 manifestum
2307 1980 2407 2035 est,
2437 1970 2570 2026 nihil
2597 1972 2648 2026 in
2687 1988 2781 2050 sua
2810 1974 3023 2045 propria
3052 1975 3156 2030 vita
3185 1976 3345 2048 impie
3370 1994 3524 2035 com-

1942 2062 2220 2127 miserunt,
2270 2063 2314 2118 si
2347 2079 2444 2119 nec
2468 2064 2795 2135 originaliter
2839 2068 2947 2121 ullo
2986 2068 3272 2139 impietatis
3314 2071 3529 2127 vinculo

1941 2150 2265 2220 detinentur,
2289 2155 2553 2224 quomodo
2582 2171 2677 2227 pro
2703 2157 2783 2213 eis
2813 2168 3053 2213 mortuus
3077 2173 3159 2215 est
3183 2161 3272 2232 qui
3302 2179 3398 2234 pro
3425 2165 3498 2219 im
3516 2194 3533 2204 -

1943 2244 2043 2318 piis
2093 2254 2332 2300 mortuus
2377 2247 2498 2301 est?
2534 2247 2588 2303 Si
2642 2248 2786 2327 nulla
2836 2249 3110 2320 originalis
3157 2264 3281 2306 sunt
3330 2258 3532 2323 peccati

1941 2338 2256 2409 :egritudine
2282 2336 2525 2406 sauciati,
2554 2341 2822 2410 quomodo
2848 2342 2917 2397 ad
2947 2342 3210 2400 medicum
3234 2345 3527 2413 Christum,

1945 2429 2046 2483 hoc
2074 2439 2175 2496 est,
2200 2429 2263 2483 ad
2292 2430 2690 2504 percutiendum
2722 2430 3126 2489 Sacrameutum
3158 2436 3344 2491 salutis
3369 2448 3531 2493 mter-

1946 2516 2051 2586 nzr,
2084 2536 2300 2574 suormn
2329 2523 2654 2576 currentium
2682 2522 2770 2593 pio
2803 2524 2992 2604 timore
3022 2534 3322 2596 portantur,
3349 2538 3403 2584 et
3429 2545 3536 2584 tton

1944 2614 2023 2669 eis
2055 2613 2105 2667 in
2133 2612 2367 2667 Ecclesia
2394 2612 2606 2682 dicitur,
2634 2612 2853 2670 Anferte
2880 2616 3003 2670 hinc
3023 2617 3332 2677 innocentes
3365 2621 3534 2687 istos;

1945 2720 2052 2760 non
2081 2715 2164 2760 est
2189 2720 2324 2774 opus
2368 2707 2512 2760 sanis
2557 2706 2817 2774 medicus,
2867 2708 2958 2763 sed
2990 2711 3128 2765 male
3174 2709 3535 2773 habentibus:

1946 2814 2051 2854 non
2097 2797 2243 2852 venit
2288 2797 2532 2852 Christus
2562 2813 2753 2853 vocare
2795 2799 2991 2869 justos,
3047 2802 3140 2857 sed
3188 2805 3539 2873 peceatores?

1945 2888 2225 2958 Nunquam
2257 2887 2457 2944 dictum
2501 2898 2604 2954 est,
2651 2904 2919 2960 nunquam
2964 2892 3157 2947 dicitur
3197 2896 3239 2961 ι,
3267 2911 3537 2969 nunquam

1947 2983 2167 3039 omnino
2192 2983 2397 3041 dicetur
2424 2983 2476 3059 in
2503 2983 2738 3041 Ecclesia
2764 2981 2957 3039 Christi
2984 2986 3088 3041 tale
3111 3002 3497 3046 commentum.

2015 3074 2242 3132 CAPUT
2292 3073 2434 3130 XIX.
2467 3104 2538 3115 —
2590 3072 2680 3130 24.
2737 3073 2967 3147 Infantes
3016 3086 3067 3131 ut
3114 3079 3312 3147 ﬁdeles,
3367 3083 3439 3136 ita
3488 3092 3538 3137 et

1954 3166 2245 3237 parnitentes
2289 3148 2543 3218 dicuntur.
2591 3163 2808 3219 Peccata
2841 3167 2949 3220 sola
2986 3168 3118 3223 inter
3151 3166 3313 3222 Deum
3357 3179 3402 3225 et
3441 3171 3537 3226 lto-

1949 3256 2108 3312 mines
2160 3268 2417 3327 separant.
2495 3258 2571 3311 Ac
2624 3273 2690 3311 ne
2746 3258 2865 3327 quis
2923 3259 3193 3314 existimet
3238 3261 3360 3317 ideo
3419 3279 3540 3331 par-

1949 3350 2107 3404 vulos
2157 3349 2223 3404 ad
2283 3346 2617 3421 Baptismum'
2651 3349 2830 3406 all‘erri
2889 3364 3175 3421 Oportere,
3226 3355 3346 3425 quia
3402 3355 3538 3412 sicut

1946 3428 2259 3510 peccatores
2303 3457 2407 3494 non
2454 3449 2576 3494 sunt
2602 3481 2619 3508 ,
2680 3441 2749 3495 ita
2798 3457 2898 3499 nec
2936 3443 3064 3519 justi
3108 3453 3233 3500 sunt
3263 3464 3277 3500 :
3308 3460 3533 3517 quomo-

1946 3529 2017 3585 do
2061 3545 2189 3600 ergo
2232 3529 2444 3600 quidam
2494 3532 2741 3585 meritum
2798 3532 2952 3601 hujus
3008 3535 3183 3588 artatis
3229 3551 3259 3587 a
3310 3534 3535 3590 Domino

1946 3621 2216 3676 laudatum
2247 3636 2366 3675 esse
2390 3631 2832 3687 commemorant,
2863 3623 2947 3677 ubi
2975 3625 3067 3688 ait,
3104 3623 3272 3680 Sinite
3294 3624 3536 3696 parvulas

1945 3714 2110 3767 uenire
2128 3712 2196 3765 ad
2223 3727 2341 3777 me;
2364 3713 2543 3768 talium
2569 3724 2640 3769 est
2665 3715 2796 3769 enim
2821 3731 3030 3788 regnum
3053 3718 3289 3771 caelorum
3317 3717 3532 3791 (.lluttls.

1947 3822 2057 3870 χιι,
2096 3804 2230 3876 li)?
2266 3804 2320 3859 Si
2347 3806 2489 3860 enim
2523 3806 2623 3862 hoc
2666 3822 2770 3861 non
2803 3820 3019 3877 propter
3050 3808 3358 3867 humilitatis
3385 3812 3538 3867 sinti-

1947 3895 2249 3961 litudinem,
2298 3897 2438 3967 quod
2485 3896 2756 3953 humilitas
2787 3900 3036 3969 parvulos
3066 3899 3244 3967 faciat,
3275 3904 3368 3956 sed
3412 3919 3536 3973 pro-

1948 4003 2068 4064 pter
2090 4008 2373 4063 puerormu
2401 3993 2561 4047 vitam
2590 3992 2909 4050 laudabilem
2935 3994 3134 4051 dictum
3163 4006 3266 4060 est,
3299 3996 3536 4063 profecto

1948 4091 2004 4139 et
2040 4082 2168 4153 justi
2198 4092 2343 4153 sunt.
2381 4080 2497 4138 Non
2527 4084 2681 4145 enim
2701 4096 2842 4139 recte
2872 4086 3028 4141 aliter
3051 4085 3155 4141 dici
3190 4090 3380 4159 potuit,
3426 4086 3535 4143 Ta-

1947 4173 2075 4229 lium
2100 4182 2173 4227 est
2215 4190 2423 4245 regnum
2452 4175 2712 4236 calorum,
2759 4190 2878 4229 cum
2925 4190 3046 4231 esse
3089 4192 3193 4231 non
3224 4179 3387 4246 possit
3434 4180 3537 4234 nisi

1942 4263 2228 4336 justorum.
2269 4261 2376 4318 Sed
2407 4263 2538 4317 forte
2575 4262 2675 4318 hoc
2702 4265 2912 4333 quidem
2943 4280 3045 4319 non
3073 4279 3430 4337 congruenter
3458 4271 3539 4322 di~

1947 4356 2118 4422 citur,
2160 4354 2300 4424 quod
2334 4353 2676 4425 parvulorum
2725 4357 2887 4411 vitam
2944 4355 3237 4413 laudaverit
3282 4361 3538 4416 Dominus

1947 4448 2152 4514 dicens,
2183 4444 2390 4503 Talium
2430 4457 2501 4521 est
2546 4464 2755 4518 regnum
2793 4448 3031 4504 calorum
3060 4466 3078 4504 ε
3112 4466 3233 4506 cum
3278 4467 3438 4508 verax
3470 4454 3539 4507 sit

1949 4538 2040 4596 ille
2060 4539 2361 4596 intellectus
2377 4538 2519 4611 quod
2543 4538 2854 4595 humilitatis
2872 4540 3273 4597 similitudinem
3301 4544 3353 4609 in
3374 4560 3492 4613 part
3505 4561 3535 4598 a

1950 4638 2108 4687 aetate
2148 4630 2405 4701 posuerit.
2451 4630 2830 4685 Verumtamen
2862 4632 3081 4688 forsitan
3116 4634 3216 4689 hoc
3248 4635 3534 4691 tenendum

1950 4709 2036 4777 est
2075 4719 2214 4795 quod
2245 4719 2377 4786 dixi,
2418 4731 2699 4791 propterea
2738 4721 2987 4793 parvulos
3018 4723 3270 4795 baptizari
3302 4724 3499 4780 debere
3524 4768 3538 4791 ,

1950 4814 2073 4885 quia
2103 4812 2239 4873 sicut
2285 4823 2593 4883 peccatores
2636 4828 2741 4867 non
2784 4822 2928 4881 sunt,
2956 4816 3046 4889 ita
3091 4830 3188 4871 nec
3221 4816 3347 4885 justi
3392 4827 3535 4872 sunt.

1951 4902 2058 4959 Sed
2082 4918 2202 4958 cum
2231 4902 2428 4958 dictum
2459 4914 2621 4973 esset,
2656 4902 2773 4959 Non
2817 4906 2925 4960 veni
2954 4924 3131 4961 vocare
3155 4908 3346 4978 justas.
3387 4910 3540 4977 quasi

1950 4995 1998 5051 ei
2030 4995 2463 5067 responderetur,
2483 4996 2626 5065 Quos
2645 5014 2775 5069 ergo
2806 5014 2995 5073 vocare
3017 5000 3248 5056 venisti?
3281 5002 3540 5056 continuo

1952 5087 2244 5157 subjttnxit,
2274 5087 2364 5143 sed
2392 5099 2674 5157 peccatores
2700 5090 2753 5143 in
2792 5091 3135 5159 penitentiam
3161 5090 3310 5164 (Luc.
3338 5109 3390 5160 v,
3415 5093 3531 5167 32).

1953 5180 2030 5234 Ac
2079 5195 2176 5251 per
2233 5179 2370 5243 hoc,
2417 5180 2685 5250 quomodo
2739 5182 2785 5236 si
2827 5182 2955 5251 juSIi
3000 5193 3154 5247 sunt,
3206 5184 3276 5240 ita
3326 5187 3538 5245 etiamsi

1952 5282 2259 5342 peccatores
2288 5289 2392 5327 non
2423 5284 2566 5333 sunt.
2598 5292 2701 5333 non
2731 5290 2822 5330 eos
2848 5278 2993 5335 venit
3020 5293 3229 5342 vocare,
3261 5281 3350 5351 qui
3380 5281 3536 5348 dixit,

1953 5365 2076 5420 Non
2103 5367 2214 5422 veni
2258 5384 2434 5421 vocare
2451 5369 2641 5438 justas,
2689 5369 2777 5423 sed
2822 5372 3153 5441 peccatores?
3190 5373 3259 5428 Et
3289 5375 3408 5430 ideo
3438 5374 3540 5430 Bao

1954 5458 2148 5529 plismo
2174 5459 2291 5528 ejus
2318 5458 2408 5529 qui
2449 5474 2544 5514 eos
2575 5475 2678 5513 ιιθιι
2712 5472 2887 5526 vocat,
2910 5479 3030 5518 non
3063 5474 3268 5520 tantum
3300 5467 3492 5521 frustra
3527 5507 3544 5534 ,

1952 5569 2134 5609 verum
2173 5554 2331 5607 etiam
2377 5553 2616 5622 improbe
2656 5554 2903 5614 videntur
2945 5557 3187 5625 irruere;
3216 5559 3365 5637 quod
3401 5559 3538 5616 absit

1953 5656 2009 5701 ut
2039 5646 2349 5701 sentiamus.
2394 5645 2560 5701 Vocat
2587 5662 2679 5703 eos
2718 5649 2875 5721 igitur
2904 5652 3161 5719 medicus,
3197 5654 3284 5724 qui
3317 5667 3420 5708 non
3454 5661 3537 5725 est

2021 5762 2033 5788 ί
2074 5765 2119 5807 In
2140 5766 2266 5819 uss,
2292 5771 2535 5824 umquam
2558 5763 2766 5821 meatur,
