4002 6180
321 300 428 356 ηε

317 417 554 486 dumque
604 413 868 485 pertineat
891 455 907 478 ,
955 389 1132 466 tamen
1199 409 1253 464 in
1297 421 1522 463 numero
1583 405 1912 461 credentium

317 513 736 576 computantur:
765 501 1006 576 profecto
1039 500 1115 557 illi
1139 499 1334 571 quibus
1377 498 1783 554 Sacramentum
1813 496 1913 550 de-

315 597 500 658 fuerit.
529 596 586 650 in
613 595 695 651 eis
720 593 970 650 habendi.
1003 602 1129 646 sunt
1176 590 1266 664 qui
1310 604 1418 646 non
1462 593 1689 644 credunt
1735 587 1908 650 Filio;

322 699 485 758 atque
504 687 626 743 ideo
656 687 700 741 si
721 684 882 756 huius
903 685 1090 740 inanes
1113 683 1300 754 gratiae
1314 681 1384 738 de
1399 695 1626 751 contere
1654 679 1906 746 exierint,

321 787 578 850 seqinetur
593 779 689 832 eos
716 775 860 848 quod
889 775 1086 831 dictum
1113 783 1219 838 est,
1248 773 1363 828 Non
1386 771 1660 826 habebunt
1687 770 1908 835 v‘itam‘,

315 872 408 928 sed
435 873 512 924 ira
545 869 638 924 Dei
673 876 855 923 manet
880 881 1040 936 super
1057 871 1171 919 eos.
1199 861 1356 922 Unde
1386 863 1487 918 hoc
1507 863 1551 929 ',
1574 860 1788 932 quando
1814 875 1910 916 eos

313 964 518 1018 clarum
549 972 630 1018 est
671 969 886 1030 peccata
929 957 1141 1028 prppria
1164 971 1272 1013 non
1298 955 1518 1020 habere,
1559 954 1602 1008 si
1631 967 1728 1008 nec
1743 953 1906 1022 origi-

313 1053 417 1109 nali
439 1058 662 1122 peccato
689 1052 976 1105 teneantur
997 1048 1211 1103 obnoxii
1233 1047 1258 1100 ‘t

379 1143 616 1200 CAPUT
651 1141 888 1198 XXI.—
909 1140 999 1198 29.
1032 1137 1388 1203 Inscrutabile,
1419 1153 1510 1190 cur
1547 1136 1766 1206 infantes
1816 1133 1908 1188 alii

309 1236 578 1290 discedant
597 1233 830 1306 frustrati
851 1231 1134 1301 Bnptismo,
1153 1229 1248 1284 alii
1267 1245 1388 1282 non.
1421 1225 1565 1282 Bene
1591 1235 1768 1280 autem
1797 1240 1904 1280 non

308 1333 405 1394 ait,
435 1331 518 1382 ira
543 1326 644 1382 Dei
668 1326 846 1382 veniet
872 1337 1034 1394 super
1059 1337 1179 1378 eum
1203 1338 1220 1387 ;
1244 1320 1362 1387 sed,
1391 1329 1560 1373 manet
1593 1333 1746 1388 super
1766 1331 1900 1370 eum.

309 1421 398 1477 Ab
423 1422 524 1476 hac
547 1417 742 1489 quippe
786 1419 866 1472 ira
883 1459 900 1483 ,
925 1421 1028 1486 qua
1057 1421 1243 1470 Omnes
1269 1410 1372 1469 ἔω)
1415 1401 1638 1483 peccato
1660 1418 1807 1470 sunt.
1834 1409 1902 1463 de

308 1527 415 1584 qua
441 1511 571 1566 dicit
596 1509 904 1580 Apostolus,
925 1507 1140 1560 Fuimus
1163 1506 1297 1560 enim
1323 1515 1370 1561 et
1393 1519 1487 1556 nos
1507 1499 1783 1570 aliquando
1801 1515 1900 1553 na-

315 1601 554 1659 turaliter
573 1601 672 1670 ﬁlii
691 1601 802 1664 irae,
825 1598 958 1652 sicut
996 1607 1042 1652 et
1070 1595 1234 1651 ueteri
1265 1594 1285 1668 (
1311 1591 1508 1664 Ephes.
1536 1608 1594 1657 tt,
1618 1593 1660 1646 3
1686 1591 1726 1663 ),
1755 1589 1898 1644 nulla

315 1709 406 1750 res
433 1693 648 1753 liberat,
674 1691 776 1746 nisi
800 1691 970 1760 gratia
1003 1688 1115 1752 Dei,
1137 1703 1231 1758 per
1271 1685 1452 1742 Jesuut
1492 1685 1760 1741 Christum
1795 1684 1900 1737 Do-

307 1790 512 1846 minum
530 1795 792 1841 nostrum.
821 1784 948 1840 Haec
971 1782 1138 1853 gratia
1167 1797 1263 1836 cur
1315 1780 1380 1834 ad
1407 1781 1552 1834 illum
1601 1777 1798 1842 veniat,
1825 1778 1891 1832 ad

307 1881 458 1937 illum
476 1893 588 1934 non
627 1879 824 1941 veniat,
861 1875 1066 1931 occulta
1106 1887 1228 1929 esse
1274 1883 1436 1930 causa
1477 1879 1672 1943 potest.
1702 1869 1894 1940 iniusta

305 1989 415 2027 non
463 1959 660 2040 potest.
710 1965 976 2035 Numquid
1017 1965 1160 2019 enim
1215 1963 1458 2032 iniquitas
1494 1962 1634 2034 apud
1687 1959 1896 2015 Deum?
1933 1983 1942 2004 ι-

301 2063 448 2118 Absit
476 2059 497 2133 (
520 2059 672 2114 Rom.
695 2074 776 2123 ts,
806 2056 873 2112 Η
903 2055 942 2124 ).
965 2055 1070 2110 Sed
1091 2056 1236 2126 prius
1257 2063 1560 2110 sanctarum
1591 2051 1892 2122 Scriptura-

303 2169 423 2206 rum
467 2149 871 2206 auctoritatibus
896 2147 1030 2202 colla
1075 2145 1349 2201 subdeuda
1391 2153 1534 2208 sunt,
1559 2155 1620 2199 ut
1645 2143 1714 2198 ad
1739 2143 1894 2198 intel-

303 2247 504 2302 lectum
524 2258 624 2313 per
641 2243 799 2296 iidem
829 2241 1051 2312 quisque
1082 2235 1590 2310 perveniat.‘-Neque
1612 2236 1751 2291 cnim
1783 2234 1893 2290 fru-

299 2347 413 2392 stra
453 2333 656 2388 dictum
713 2339 840 2387 est:
875 2331 1082 2384 Iudicia
1131 2341 1218 2384 tua
1251 2329 1410 2384 ἐῖσαι
1455 2325 1668 2398 abyssus
1733 2327 1892 2381 multa

302 2433 324 2502 (
349 2426 495 2482 Psal.
525 2439 692 2490 xxxv,
723 2422 796 2494 7)
821 2463 836 2479 .
856 2421 1021 2492 Cujus
1050 2421 1244 2492 abyssi'
1269 2419 1596 2475 altitudinem
1618 2419 1776 2473 veluti
1800 2431 1894 2473 ex-

299 2531 634 2592 pavescens,
681 2515 944 2572 exclamat
995 2513 1324 2582 Apostolus:
1361 2511 1405 2565 O
1429 2509 1650 2566 altitudo
1692 2509 1889 2564 divitia-

297 2628 412 2674 rum
429 2609 698 2680 sapientia:
717 2617 764 2662 et
792 2608 1014 2661 scientia
1029 2604 1128 2660 Dei
1143 2604 1162 2659 !
1182 2603 1518 2660 Prmmiserat
1555 2605 1750 2674 quippe
1769 2614 1890 2674 sen-

299 2701 524 2756 tentiam
570 2700 723 2755 mirae
767 2695 1161 2768 profunditatis,
1195 2693 1406 2751 'dicens
1431 2712 1444 2748 :
1469 2693 1727 2750 Conclusit
1755 2697 1890 2750 enim

302 2789 440 2846 Deus
486 2807 661 2846 omnes
697 2790 749 2844 in
775 2787 1130 2844 incredulitate
1151 2831 1166 2854 ,
1208 2797 1260 2840 ut
1307 2786 1538 2840 omnibus
1574 2787 1885 2841 misereatur.

297 2882 469 2952 Cujus
495 2879 872 2952 profunditatis
897 2879 1056 2935 veluti
1097 2880 1319 2934 horrore
1341 2890 1626 2949 percussus
1653 2871 1739 2932 :0
1757 2875 1884 2931 alti-

303 2973 450 3040 tudo,
469 2972 658 3042 inquit,
681 2971 968 3026 diuitiarum
987 2969 1248 3040 sapientiae
1262 2979 1308 3024 et
1333 2969 1556 3024 scientia:
1583 2967 1676 3023 Dei
1694 2968 1890 3037 l-quarn

296 3062 652 3118 inmutabilia
685 3049 890 3134 )udicia
935 3062 1068 3132 ejus,
1110 3071 1156 3115 et
1201 3059 1570 3130 inuestigabiles
1595 3058 1689 3112 uite
1731 3058 1892 3129 ejus!

299 3152 433 3220 Qui:
445 3154 576 3209 enim
601 3153 832 3224 cognovit
855 3166 1054 3208 sensum
1091 3151 1300 3205 Domini
1321 3149 1348 3206 ?
1388 3143 1488 3204 Ant
1516 3151 1624 3221 quis
1651 3151 1889 3206 consilia-

297 3247 410 3302 rius
429 3247 570 3300 illius
583 3242 844 3316 fuithlut
881 3245 993 3316 quis
1031 3244 1172 3315 prior
1219 3243 1356 3296 dedit
1381 3243 1479 3307 illi,
1507 3251 1556 3296 et
1579 3241 1878 3296 retribue‘tur

295 3337 426 3392 ei"!
446 3335 783 3405 Qumﬁamex
825 3333 958 3404 ipso,
981 3343 1025 3388 et
1070 3350 1159 3400 per
1207 3333 1396 3406 ipsum,
1437 3342 1486 3387 'et
1521 3332 1574 3386 in
1622 3333 1734 3402 ipso
1773 3345 1890 3387 sunt

294 3429 625 3497 omniaﬁpsi
647 3426 810 3498 gloria
839 3427 892 3480 in
927 3424 1116 3480 smnia
1141 3423 1462 3480 seculorum;
1505 3424 1664 3478 Amen
1692 3422 1712 3495 (
1736 3423 1884 3478 Rom.
1931 3446 1938 3464 ι

291 3535 374 3586 ιι,
411 3517 588 3576 52-56
610 3517 650 3591 ).
682 3517 982 3589 Valdecrgo
1021 3531 1243 3589 parvum
1284 3528 1500 3571 sensum
1545 3515 1799 3571 habemus
1821 3516 1888 3572 ad

299 3611 690 3672 discutiendam
712 3611 968 3682 justitiam
990 3609 1310 3680 judiciorum
1341 3609 1474 3673 Dei;
1503 3608 1570 3664 ad
1596 3609 1886 3664 discutien-

299 3705 424 3758 dam
449 3703 674 3774 gratiam
712 3701 1014 3770 gratuitam,
1047 3701 1204 3758 nullis
1235 3701 1438 3778 tuleritis
1465 3701 1889 3772 precedentihns

299 3795 677 3867 noniniquam,
697 3810 817 3864 qua:
863 3809 965 3848 non
1015 3803 1124 3848 tam
1157 3803 1332 3848 movet
1357 3807 1478 3848 cum
1509 3792 1886 3864 prmstaturin-

297 3888 492 3958 dignis,
518 3902 677 3956 quam
705 3901 1000 3956 cumatque
1029 3885 1260 3958 indignis
1285 3885 1401 3940 aliis
1427 3885 1740 3958 denegatur.

369 3978 462 4034 ω.
491 3977 628 4033 Nam
647 3986 701 4032 et
747 3975 801 4032 hi
831 3977 1021 4047 quibus
1063 3975 1554 4047 videtnt'injustum
1604 3987 1660 4032 ut
1685 3980 1888 4050 parvuli

297 4071 420 4126 sine
444 4069 614 4140 gratis
632 4065 832 4124 Christi
877 4067 945 4122 de
990 4080 1219 4138 corpore
1245 4077 1526 4132 exeuntes,
1562 4057 1667 4123 non
1715 4070 1888 4126 solum
1919 4140 1921 4143 ι

300 4176 470 4232 regno
502 4158 623 4227 Dei,
663 4173 772 4230 quo
797 4167 850 4214 et
902 4159 1002 4230 ipsi
1024 4157 1260 4214 fatentur
1299 4159 1397 4214 nisi
1437 4175 1532 4229 per
1558 4161 1885 4230 Baptismum

297 4261 518 4308 renatos
537 4251 740 4307 intrare
764 4263 871 4306 non
905 4265 1064 4324 posse
1091 4268 1104 4314 ;
1150 4263 1333 4306 vemm
1358 4249 1519 4306 etiam
1547 4251 1651 4306 vita
1682 4260 1882 4308 teterna

295 4354 352 4400 et
392 4343 564 4400 salute
607 4343 916 4414 priventur:
941 4353 1240 4413 quaerentes
1276 4343 1544 4413 quomodo
1589 4343 1789 4414 justum
1819 4337 1888 4401 sit

297 4436 362 4483 ut
381 4427 521 4482 alius
533 4427 602 4482 ab
637 4427 882 4498 originali
911 4427 1182 4497 impietate
1221 4427 1478 4494 solvatur,
1501 4429 1636 4484 alios
1661 4443 1768 4484 non
1783 4431 1892 4485 sol-

297 4529 480 4582 vatur.
507 4533 630 4572 cum
667 4519 855 4574 eadem
897 4518 968 4574 sit
1011 4519 1285 4590 utriusque
1329 4519 1609 4576 conditio:
1649 4521 1746 4591 ipsi
1793 4537 1884 4578 rc-

297 4610 944 4684 spondeant‘secundu‘m
990 4625 1141 4666 suam
1209 4615 1534 4668 sententiam
1567 4655 1582 4676 ,
1621 4615 1890 4682 quomodo

298 4702 594 4759 identidem
642 4703 844 4772 justum
884 4703 1034 4758 situt
1077 4703 1199 4758 huic
1248 4714 1533 4774 praestetur
1567 4703 1886 4775 Baptismus,

295 4811 409 4867 quo
435 4795 602 4852 intret
623 4796 676 4851 in
693 4811 914 4867 regnum
959 4797 1072 4861 Dei,
1107 4796 1181 4851 illi
1201 4811 1306 4852 non
1335 4806 1634 4866 przestetur,
1669 4813 1790 4852 cum
1821 4797 1892 4852 sit

295 4889 578 4960 utriusque
604 4904 702 4960 par
726 4903 908 4946 causa.
939 4887 994 4944 Si
1015 4890 1156 4944 enim
1187 4899 1388 4956 movet,
1428 4905 1526 4945 cur
1551 4895 1620 4946 es
1647 4889 1730 4946 his
1757 4891 1892 4946 duo-

295 4983 423 5048 bus,
450 4997 572 5038 cum
613 4997 682 5038 cx
709 4995 864 5052 :cquo
879 4982 1038 5038 ambo
1055 4982 1175 5058 sint
1197 4975 1530 5053 originalitcr
1559 4991 1889 5053 peccatores,

293 5074 438 5128 alios
463 5075 532 5128 ab
569 5074 676 5130 hoc
701 5073 915 5128 vinculo
943 5073 1193 5139 solvitur,
1228 5074 1311 5129 cui
1341 5073 1655 5130 conceditur
1683 5073 1892 5144 Baptis-

293 5177 456 5230 lnus;
481 5164 620 5219 alius
655 5177 762 5220 non
786 5162 1030 5228 solvitur,
1057 5163 1144 5218 cui
1174 5161 1296 5219 talis
1321 5164 1489 5236 gratia
1519 5179 1624 5220 non
1639 5164 1891 5220 concedi-

297 5265 422 5310 tur:
452 5269 674 5310 eurnon
717 5255 916 5323 pariter
949 5263 1128 5308 movet
1150 5252 1194 5322 δ,
1213 5243 1359 5325 quod
1390 5269 1454 5309 es
1495 5253 1705 5310 duobus
1728 5253 1890 5325 erigi-
1923 5265 1934 5273 ‘

293 5347 498 5402 mittor
517 5345 910 5412 innocentibus,
929 5344 1066 5398 alius
1092 5343 1288 5414 accipit
1308 5343 1657 5414 Baptismum,
1685 5357 1793 5415 quo
1820 5344 1874 5399 in

291 5453 526 5510 regnum
548 5437 644 5493 Dei
673 5437 845 5510 possit
881 5437 1124 5504 intrare;
1157 5437 1295 5494 alios
1324 5452 1435 5494 non
1474 5437 1686 5507 περίβη,
1713 5453 1780 5496 ne
1821 5439 1890 5494 ad

366 5570 386 5602 ι
421 5575 473 5616 tn
498 5574 626 5626 Mss,
651 5580 746 5619 non
768 5565 994 5619 ridebunt
1015 5567 1177 5618 citam.
1423 5591 1428 5597 -

362 5631 384 5663 ⁹
417 5630 560 5689 miti,
577 5637 622 5680 et
641 5629 772 5681 unde
792 5628 900 5681 hoc.
925 5631 1090 5689 Abest,
1115 5639 1178 5690 et,
1203 5645 1232 5680 s
1249 5637 1355 5681 Mss.

362 5693 383 5724 ⁸
415 5698 473 5741 In
495 5690 744 5757 plerisque
762 5699 893 5751 Mss,
917 5699 970 5757 ut
994 5698 1074 5743 ret.
1091 5691 1336 5743 ibueretur
1357 5691 1420 5744 ei.

360 5757 383 5783 ⁸
417 5759 474 5802 tn
491 5759 622 5814 tu"
639 5752 729 5803 cur
747 5766 840 5804 tum
863 5752 1022 5804 taliter
1043 5764 1210 5804 movet.

1697 287 1902 350 Lmen
1941 256 2212 352 rutatos.

3459 296 3606 354 Αεα

2024 421 2244 480 reg-nunt
2285 407 2379 462 Del
2401 407 2570 478 possit
2597 409 2888 467 secedere?
2915 409 3120 482 Nempe
3145 411 3198 466 in
3216 421 3444 483 utraque
3465 425 3590 468 esu-

1997 491 2078 554 ‘sa
2120 497 2188 553 ad
2209 497 2809 557 lllmesciamationetn
2835 493 3058 570 reditus,
3090 503 3140 558 υ
3158 503 3381 558 uitiante
3403 503 3604 558 diuitia-

2015 591 2181 645 rum!
2219 584 2298 646 Es
2335 591 2467 661 ipsis
2505 591 2700 650 deinde
2745 592 3027 666 boptieatis
3062 595 3332 666 parvulis,
3379 595 3590 652 dicatur

2018 680 2169 748 mihi,
2197 695 2294 737 cur
2315 683 2450 738 alius
2466 686 2685 754 rapitur,
2717 701 2787 742 ne
2817 687 3016 742 malitia
3067 695 3235 744 mutet
3259 689 3593 744 intellectum

2017 772 2173 846 θῖνες(
2200 773 2330 842 Sep.
2378 791 2448 842 tv,
2480 777 2538 832 il
2569 779 2624 848 );
2655 789 2710 834 et
2747 779 2882 835 alius
2909 781 3056 846 vivit,
3101 781 3296 851 impius
3336 781 3596 838 iuturus?

2015 863 2204 922 Nonne
2253 868 2298 921 si
2324 869 2484 922 atubo
2523 879 2856 938 raperentur,
2887 873 3046 927 ambo
3084 873 3138 927 in
3168 871 3585 943 regnum-cmin-

2013 971 2133 1012 rum
2157 959 2597 1030 ingrederentur?
2623 962 2688 1018 Et
2713 971 2888 1018 tamen
2928 977 3034 1017 non
3061 975 3142 1020 εει
3169 965 3420 1035 iniquius
3452 965 3592 1034 apud

1923 1079 1937 1085 ε
1983 1048 2200 1102 'Deum.
2233 1049 2404 1117 Quid?
2429 1051 2558 1106 illud
2611 1068 2766 1120 quem
2797 1068 2902 1108 non
2933 1064 3164 1119 moveat,
3211 1069 3368 1124 quem
3396 1067 3511 1127 non
3541 1063 3592 1109 in

2015 1149 2160 1194 tanta
2201 1141 2481 1197 altitudine
2508 1144 2811 1200 exclamare
2836 1145 3141 1218 campellat,
3171 1145 3312 1214 quod
3339 1146 3428 1201 alii
3468 1159 3591 1214 par-

2011 1233 2116 1286 vuli
2143 1234 2329 1302 spiritu
2353 1235 2626 1290 immundo
2657 1245 2938 1304 vexantur,
2965 1237 3053 1291 alii
3083 1235 3213 1292 nihil
3247 1238 3352 1292 tate
3383 1237 3592 1306 patiun-

2013 1333 2114 1389 tur,
2136 1325 2224 1378 alii
2267 1325 2426 1380 etiam
2453 1325 2504 1378 in
2531 1325 2696 1382 uteris
2725 1336 2975 1393 matrum,
3006 1327 3142 1382 sicut
3160 1327 3440 1394 Jerentias,
3469 1341 3590 1382 sart-

2009 1415 2524 1489 ctiftcantur(.lerem.
2553 1433 2591 1482 ι,
2625 1417 2697 1490 5)
2722 1436 2737 1483 ;
2768 1433 2888 1474 cum
2915 1435 3123 1483 omnes,
3145 1421 3189 1474 si
3211 1429 3294 1474 est
3335 1421 3594 1491 originale

2009 1519 2300 1578 peccatum,
2359 1510 2660 1579 paritcr'rei
2713 1511 2820 1566 sint
2847 1527 2860 1576 ;
2885 1511 2928 1566 si
2957 1525 3062 1566 non
3095 1523 3202 1574 est,
3229 1513 3593 1582 paritcriuno-

2005 1609 2188 1654 centes
2229 1599 2378 1654 sint?
2407 1599 2556 1656 Unde
2615 1603 2714 1656 ista
2761 1611 2900 1655 tanta
2953 1602 3268 1665 diversitas,
3321 1601 3425 1658 nisi
3467 1603 3590 1672 quia

2005 1688 2363 1746 inscmtab‘tlia
2395 1701 2522 1747 sunt
2559 1692 2755 1762 judicia
2801 1693 2937 1763 ejus,
2971 1695 3450 1765 et'investigabilcs
3490 1698 3581 1749 νίς(

2002 1781 2158 1851 ejus?

2072 1871 2299 1930 CAPUT
2339 1873 2499 1930 XXII.
2527 1905 2601 1916 --
2628 1876 2717 1932 5i.
2745 1875 2951 1946 Refellit
2970 1891 3054 1932 eos
3081 1878 3170 1950 qui
3190 1887 3371 1946 putant
3388 1879 3588 1932 animos

1999 1963 2062 2016 ob
2083 1962 2266 2016 delicta
2291 1963 2412 2017 alibi
2437 1966 2724 2030 commissa,
2755 1967 2807 2020 in
2849 1983 3066 2035 corpora
3108 1967 3300 2021 meritis
3326 1967 3434 2022 suis
3458 1982 3584 2021 con-

1998 2053 2245 2108 venientia
2281 2053 2514 2118 detrudi,-
2531 2055 2584 2109 in
2623 2055 2786 2126 iisque
2833 2062 2992 2128 magis
3018 2059 3262 2113 minusve
3295 2057 3466 2130 nﬁligi.
3501 2061 3582 2112 Au

1997 2143 2152 2210 forte.
2180 2143 2308 2200 illud
2329 2145 2441 2215 jam
2461 2146 2735 2216 explosum
2774 2149 3223 2218 repudiatumque'
3244 2150 3579 2204 seruiendum

1997 2245 2097 2301 est,
2125 2236 2266 2308 quod
2291 2237 2482 2292 animae
2508 2238 2656 2308 prius
2685 2239 2737 2293 in
2774 2241 2980 2295 caelesti
3010 2239 3334 2298 habitatione
3353 2252 3577 2311 peccau-

1998 2339 2098 2392 tes,
2127 2323 2385 2398 gradatim
2425 2338 2584 2400 atque
2626 2329 2876 2400 paulatim
2905 2331 2972 2386 ad
3027 2337 3580 2388 smnnn'ttterittn-tnn

1993 2429 2220 2488 corpora
2247 2417 2480 2489 veniant,
2507 2431 2572 2474 ac
2599 2435 2696 2490 pro
2721 2433 2846 2477 ante
2869 2431 3018 2492 gesta
3041 2423 3148 2477 vita
3183 2425 3350 2495 magis
3377 2425 3582 2480 minus-

1995 2524 2062 2564 ve
2085 2511 2357 2579 corporeis
2379 2511 2614 2580 pestibus
2632 2511 2969 2582 allligautur?
2995 2513 3093 2570 Cui
3116 2516 3352 2584 opinioni
3377 2529 3536 2586 quam
3553 2547 3570 2558 -

1995 2601 2076 2656 vis
2115 2611 2299 2656 saneta
2349 2602 2620 2672 Scriptura
2679 2605 3020 2675 apertissime
3061 2607 3412 2673 contradicat,
3457 2623 3580 2680 qua:

1991 2707 2119 2748 cum
2153 2690 2376 2763 gratiam
2429 2695 2858 2760 commendaret,
2908 2694 3174 2763 Nondum,
3213 2697 3400 2768 inquit,
3425 2700 3578 2762 natis,

1993 2795 2104 2836 nee'
2127 2781 2218 2851 qui
2242 2780 2435 2853 aliquid
2482 2793 2684 2852 egerant
2714 2783 2732 2816 ⁸
2761 2783 2877 2837 boni
2901 2791 2991 2838 aut
3025 2785 3172 2850 ntali,
3196 2793 3252 2838 ut
3299 2787 3578 2842 secuturum

1991 2871 2283 2942 electionem
2307 2873 2617 2942 propositum
2643 2872 2736 2928 Dei
2763 2885 3010 2942 maneret,
3057 2893 3158 2931 non
3205 2893 3270 2932 ea:
3313 2880 3568 2948 operibus,

1989 2963 2082 3024 sed
2106 2973 2390 3020 amante
2405 2965 2596 3019 dictum
2637 2976 2712 3020 est
2752 2967 2894 3039 quod
2937 2969 3104 3041 major
3130 2970 3307 3025 seruiet
3342 2972 3526 3026 minori
3556 2991 3576 3030 :

1995 3069 2095 3110 nec
2121 3055 2222 3126 ipsi
2248 3065 2426 3110 tamen
2452 3059 2539 3128 qui
2567 3056 2669 3112 hoc
2687 3059 2944 3125 sentiunt,
2979 3061 3215 3116 evadunt
3241 3061 3400 3131 ltujns
3425 3079 3571 3134 qua:-

1993 3145 2179 3202 stionis
2206 3147 2496 3217 angustias,
2520 3148 2611 3204 sed
2651 3149 2704 3204 iu
2731 3149 2814 3205 eis
2838 3153 3092 3206 coarctati
3117 3161 3170 3207 ct
3195 3153 3462 3210 haerentes
3491 3157 3570 3208 si-

1991 3237 2208 3303 militer,
2231 3237 2276 3293 0
2300 3235 2516 3294 altitudo
2539 3239 2560 3294 l
2584 3241 2888 3296 exclamare
2923 3253 3206 3312 coguntur.
3241 3243 3393 3300 Unde
3421 3245 3568 3302 enim

1994 3329 2054 3383 lit
2069 3342 2124 3383 ut
2151 3331 2310 3384 homo
2323 3331 2392 3386 ab
2416 3331 2614 3386 ineunti
2629 3333 2849 3402 pueritia
2874 3333 3190 3400 modestior,
3215 3333 3566 3405 ingeniosioa-,

1994 3419 2394 3488 temperantior,
2423 3435 2488 3476 ex
2533 3436 2722 3491 magna
2755 3433 2906 3493 parte
2949 3425 3226 3480 libidinum
3253 3427 3440 3492 victor,
3480 3421 3574 3496 qui

1991 3510 2168 3565 oderit
2191 3511 2487 3577 avaritiam,
2523 3513 2784 3569 luxuriam
2813 3514 3129 3584 detestetur,
3173 3528 3330 3587 atque
3357 3519 3560 3574 ad‘vir-

1993 3610 2134 3657 tutes
2155 3611 2378 3658 caeteras
2429 3605 2728 3674 provectior
2755 3607 3031 3678 aptiorque
3059 3618 3366 3679 consurgat,
3411 3623 3464 3666 et
3487 3623 3572 3666 ta-

1993 3709 2116 3749 men
2141 3708 2208 3749 eo
2234 3695 2352 3748 loco
2385 3695 2476 3758 sit,
2511 3695 2600 3752 ubi
2642 3697 2694 3752 ei
2740 3697 3016 3766 prmdicari
3074 3702 3241 3770 gratia
3281 3701 3574 3758 christiana

1993 3799 2100 3838 non
2124 3785 2334 3854 possit?
2364 3783 2630 3850 Quomodo
2680 3789 2822 3843 enim
2876 3790 3177 3844 invocabant
3213 3792 3268 3846 in
3303 3807 3452 3864 quem
3478 3809 3578 3850 non

1937 3911 1946 3916 -
1992 3878 2309 3932 crediderunt
2332 3880 2358 3934 7
2376 3879 2476 3932 Aut
2503 3880 2754 3950 quomodo
2781 3882 2982 3943 credent
3011 3883 3060 3938 ei
3085 3899 3228 3954 quem
3253 3901 3353 3940 non
3397 3887 3576 3941 audie-

1991 3970 2154 4023 runt?
2182 3969 2452 4034 Quomodo
2477 3981 2646 4026 autem
2673 3971 2882 4026 audient
2908 3975 3018 4028 sine
3041 3975 3350 4044 prcedieante
3374 3975 3392 4046 (
3426 3973 3577 4031 Rom.

1995 4077 2054 4125 ι,
2081 4059 2230 4131 μη
2275 4061 2422 4115 Alius
2446 4070 2623 4116 autem
2672 4061 2856 4119 tardus
2886 4063 3120 4133 ingenio,
3153 4063 3459 4121 libidinibus
3485 4065 3576 4122 dc-

1993 4153 2159 4215 ditus,
2189 4152 2400 4222 ﬂagitiis
2427 4163 2482 4208 et
2505 4151 2827 4210 facinoribus
2854 4165 3172 4226 coepertus;
3190 4157 3260 4211 ita
3307 4159 3572 4228 guberne-

1995 4251 2102 4311 tur,
2147 4253 2204 4297 ut
2249 4242 2451 4305 audiat,
2494 4242 2701 4310 credat,
2739 4244 3056 4314 baptizt-tur,
3109 4245 3504 4317 rapiatur,'aait
3531 4253 3575 4305 si

1993 4333 2244 4390 detentus
2279 4333 2368 4390 hie
2409 4329 2976 4401 fuerit,laudabiliter
3017 4337 3105 4395 hic
3129 4340 3313 4396 vivat?
3338 4336 3437 4398 Ubi
3460 4343 3574 4396 duo

1995 4429 2078 4484 isti
2129 4439 2236 4484 tam
2274 4428 2488 4508 diversa
2533 4430 2722 4486 met-ita
2764 4439 3180 4492 contraxerunt.
3213 4449 3322 4491 non
3353 4435 3583 4505 dicarunt

1994 4520 2095 4576 iste
2114 4519 2318 4584 credat,
2349 4519 2438 4574 ille
2463 4534 2569 4574 non
2595 4522 2799 4583 credat,
2830 4523 2971 4590 quod
3019 4533 3105 4579 est
3133 4527 3361 4596 propria:
3387 4528 3575 4580 νυῐηυο

1993 4613 2156 4679 tatis;
2181 4612 2278 4669 sed
2299 4622 2355 4668 ut
2382 4612 2484 4670 iste
2512 4613 2694 4669 audiat-
2717 4615 2860 4684 quotl
2881 4617 3088 4678 credat.
3113 4618 3204 4673 ille
3229 4633 3334 4673 non
3355 4619 3538 4673 audiat
3561 4637 3576 4681 ;

1998 4703 2099 4759 hoc
2121 4703 2266 4760 enim
2293 4719 2400 4760 non
2419 4711 2503 4760 est
2531 4705 2584 4760 in
2604 4699 2832 4761 hominis
2873 4715 3140 4778 potestate
3167 4725 3182 4762 :
3211 4709 3319 4774 ubi,
3339 4709 3578 4780 inquam,

1995 4796 2112 4852 lucc
2161 4808 2267 4852 tam
2305 4796 2515 4853 diversa
2573 4797 2759 4854 merita
2795 4800 3216 4855 contraxerunt?
3241 4800 3296 4857 Si
3343 4800 3397 4854 in
3445 4802 3584 4855 cu-lo

1994 4897 2218 4958 egerunt
2237 4887 2472 4955 aliquant
2495 4887 2682 4954 vitent,
2710 4897 2767 4942 ut
2793 4903 2893 4958 pro
2916 4889 3029 4945 suis
3071 4889 3277 4946 actibus
3311 4889 3577 4961 propelle-

1994 4986 2180 5048 rentur
2231 4977 2314 5032 vel
2364 4976 2671 5033 laberentur
2695 4980 2717 5011 ⁸
2747 4979 2800 5034 in
2821 4987 3010 5046 terms,
3041 4979 3398 5049 congruisque
3447 4994 3560 5034 sum

1994 5081 2120 5127 ante
2167 5079 2301 5132 aeta:
2345 5071 2472 5124 vita
2505 5072 2779 5140 corporeis
2823 5069 3172 5139 receptaculis
3217 5077 3576 5128 tenerentur:

1995 5163 2084 5218 ille
2105 5161 2286 5232 utique
2311 5160 2500 5217 melius
2516 5170 2640 5215 ante
2668 5159 2772 5215 hoc
2783 5160 3010 5216 mortale
3033 5174 3230 5230 corpus
3251 5149 3580 5216 visissecrc-

1991 5253 2200 5311 dendus
2225 5261 2327 5316 est.
2357 5253 2444 5324 qui
2488 5267 2556 5307 eo
2583 5267 2686 5306 non
2717 5251 2942 5307 multum
2991 5253 3184 5310 meruit
3223 5255 3576 5325 praegravari,

1997 5343 2379 5402 utet'bouum
2431 5341 2653 5398 haberet
2699 5343 2992 5414 ingenium,
3031 5357 3085 5400 et
3131 5347 3576 5416 concupiscentiis

2059 5506 2076 5538 ε
2112 5504 2262 5554 editio
2304 5510 2413 5552 [ρον.
2434 5539 2450 5562 ,
2496 5515 2650 5568 neque
2694 5500 2882 5568 aliquid
2918 5511 3140 5568 egerant.
3183 5505 3471 5568 emendatur
3516 5504 3577 5554 ad

1995 5567 2360 5630 manuscriptos.
2408 5572 2470 5614 Ex
2509 5564 2588 5630 his
2605 5564 2818 5630 nonnulli
2854 5564 3036 5617 habent
3056 5603 3070 5624 ,
3117 5565 3418 5630 quiatiquid
3465 5579 3576 5628 ege-

1998 5627 2125 5692 rint:
2146 5628 2338 5692 iniussu,
2359 5639 2464 5677 unc.
2486 5629 2691 5692 tptiwni
2715 5641 2850 5692 vero,
2875 5627 3138 5692 nequeqni'
3151 5627 3339 5692 aliquid
3359 5627 3572 5692 egerunt.

1995 5689 2478 5754 Cvuiraunettsis_.\t_s._.
2505 5688 2594 5739 ltt't.’
2619 5690 2736 5738 dmn
2755 5688 3182 5754 aliqttirilrgis‘sent.

2063 5742 2082 5782 ί
2119 5754 2282 5810 Abest,
2307 5751 2378 5802 rel
2405 5750 2688 5811 (novantur,
2715 5765 2740 5801 a
2763 5742 3015 5812 nonnizlli's'
3039 5750 3390 5812 trianuscrittb.
