  <div class='ocr_page' id='page_1' title='image "/cluster/home/n/w/nwhite01/storage/ocr_20150623/44/hvd.32044069687945/071.png"; bbox 0 0 3984 6178; ppageno 0'>
   <div class='ocr_carea' id='block_1_1' title="bbox 444 269 540 326">
    <p class='ocr_par' dir='ltr' id='par_1_1' title="bbox 444 269 540 326">
     <span class='ocr_line' id='line_1_1' title="bbox 444 269 540 326; baseline -0.021 0"><span class='ocrx_word' id='word_1_1' title='bbox 444 269 540 326; x_wconf 68' lang='lat'><strong>13!</strong></span> 
     </span>
    </p>
   </div>
   <div class='ocr_carea' id='block_1_2' title="bbox 441 353 2032 444">
    <p class='ocr_par' dir='ltr' id='par_1_2' title="bbox 441 353 2032 444">
     <span class='ocr_line' id='line_1_2' title="bbox 441 353 2032 444; baseline -0.019 -8"><span class='ocrx_word' id='word_1_2' title='bbox 441 379 684 436; x_wconf 69' lang='lat' dir='ltr'><strong>secutum</strong></span> <span class='ocrx_word' id='word_1_3' title='bbox 707 373 819 430; x_wconf 76' lang='lat' dir='ltr'><strong>ueni</strong></span> <span class='ocrx_word' id='word_1_4' title='bbox 839 414 856 440; x_wconf 87' lang='lat'><strong>,</strong></span> <span class='ocrx_word' id='word_1_5' title='bbox 879 378 933 425; x_wconf 87' lang='lat' dir='ltr'><strong>ut</strong></span> <span class='ocrx_word' id='word_1_6' title='bbox 959 367 1124 425; x_wconf 89' lang='lat' dir='ltr'><strong>omnis</strong></span> <span class='ocrx_word' id='word_1_7' title='bbox 1143 365 1230 438; x_wconf 85' lang='lat' dir='ltr'><strong>qui</strong></span> <span class='ocrx_word' id='word_1_8' title='bbox 1251 364 1410 420; x_wconf 87' lang='lat' dir='ltr'><strong>credit</strong></span> <span class='ocrx_word' id='word_1_9' title='bbox 1435 366 1488 418; x_wconf 88' lang='lat' dir='ltr'><strong>in</strong></span> <span class='ocrx_word' id='word_1_10' title='bbox 1523 377 1600 444; x_wconf 85' lang='lat' dir='ltr'><strong>me</strong></span> <span class='ocrx_word' id='word_1_11' title='bbox 1624 376 1726 414; x_wconf 87' lang='lat' dir='ltr'><strong>non</strong></span> <span class='ocrx_word' id='word_1_12' title='bbox 1754 363 1953 410; x_wconf 78' lang='lat' dir='ltr'><strong>maneat</strong></span> <span class='ocrx_word' id='word_1_13' title='bbox 1979 353 2032 406; x_wconf 89' lang='lat' dir='ltr'><strong>in</strong></span> 
     </span>
    </p>
   </div>
   <div class='ocr_carea' id='block_1_3' title="bbox 445 445 2034 533">
    <p class='ocr_par' dir='ltr' id='par_1_3' title="bbox 445 445 2034 533">
     <span class='ocr_line' id='line_1_3' title="bbox 445 445 2034 533; baseline -0.018 -8"><span class='ocrx_word' id='word_1_14' title='bbox 445 452 676 525; x_wconf 73' lang='lat' dir='ltr'><strong>tenebris.</strong></span> <span class='ocrx_word' id='word_1_15' title='bbox 700 461 854 533; x_wconf 83' lang='lat' dir='ltr'><strong>Quod</strong></span> <span class='ocrx_word' id='word_1_16' title='bbox 891 475 986 532; x_wconf 86' lang='lat' dir='ltr'><strong>per</strong></span> <span class='ocrx_word' id='word_1_17' title='bbox 1009 466 1400 514; x_wconf 76' lang='lat' dir='ltr'><strong>sacramentum</strong></span> <span class='ocrx_word' id='word_1_18' title='bbox 1425 447 1770 524; x_wconf 82' lang='lat' dir='ltr'><strong>Baptismatis</strong></span> <span class='ocrx_word' id='word_1_19' title='bbox 1794 449 1809 480; x_wconf 81' lang='grc'>⁸</span> <span class='ocrx_word' id='word_1_20' title='bbox 1833 445 1888 500; x_wconf 88' lang='lat' dir='ltr'><strong>in</strong></span> <span class='ocrx_word' id='word_1_21' title='bbox 1912 456 2034 516; x_wconf 80' lang='lat' dir='ltr'><strong>par-</strong></span> 
     </span>
    </p>
   </div>
   <div class='ocr_carea' id='block_1_4' title="bbox 445 533 2032 615">
    <p class='ocr_par' dir='ltr' id='par_1_4' title="bbox 445 533 2032 615">
     <span class='ocr_line' id='line_1_4' title="bbox 445 533 2032 615; baseline -0.016 -4"><span class='ocrx_word' id='word_1_22' title='bbox 445 559 581 615; x_wconf 82' lang='lat' dir='ltr'><strong>vttlis</strong></span> <span class='ocrx_word' id='word_1_23' title='bbox 611 555 725 612; x_wconf 87' lang='lat' dir='ltr'><strong>ﬁeri</strong></span> <span class='ocrx_word' id='word_1_24' title='bbox 755 569 860 609; x_wconf 90' lang='lat' dir='ltr'><strong>non</strong></span> <span class='ocrx_word' id='word_1_25' title='bbox 886 548 1093 605; x_wconf 87' lang='lat' dir='ltr'><strong>dubitat</strong></span> <span class='ocrx_word' id='word_1_26' title='bbox 1118 535 1291 603; x_wconf 85' lang='lat' dir='ltr'><strong>mater</strong></span> <span class='ocrx_word' id='word_1_27' title='bbox 1316 541 1579 606; x_wconf 85' lang='lat' dir='ltr'><strong>Ecclesia,</strong></span> <span class='ocrx_word' id='word_1_28' title='bbox 1601 553 1722 611; x_wconf 62' lang='lat' dir='ltr'><strong>quae</strong></span> <span class='ocrx_word' id='word_1_29' title='bbox 1735 547 1831 593; x_wconf 90' lang='lat' dir='ltr'><strong>cor</strong></span> <span class='ocrx_word' id='word_1_30' title='bbox 1849 543 1908 590; x_wconf 88' lang='lat' dir='ltr'><strong>et</strong></span> <span class='ocrx_word' id='word_1_31' title='bbox 1923 546 1986 588; x_wconf 88' lang='lat' dir='ltr'><strong>os</strong></span> <span class='ocrx_word' id='word_1_32' title='bbox 2009 533 2032 565; x_wconf 80' lang='grc'><strong><em>⁸</em></strong></span> 
     </span>
    </p>
   </div>
   <div class='ocr_carea' id='block_1_5' title="bbox 444 627 2032 714">
    <p class='ocr_par' dir='ltr' id='par_1_5' title="bbox 444 627 2032 714">
     <span class='ocr_line' id='line_1_5' title="bbox 444 627 2032 714; baseline -0.016 -9"><span class='ocrx_word' id='word_1_33' title='bbox 444 659 744 706; x_wconf 84' lang='lat' dir='ltr'><strong>maternum</strong></span> <span class='ocrx_word' id='word_1_34' title='bbox 771 642 850 700; x_wconf 84' lang='lat' dir='ltr'><strong>eis</strong></span> <span class='ocrx_word' id='word_1_35' title='bbox 872 649 1107 714; x_wconf 70' lang='lat' dir='ltr'><strong>prmstat,</strong></span> <span class='ocrx_word' id='word_1_36' title='bbox 1131 649 1188 694; x_wconf 89' lang='lat' dir='ltr'><strong>ut</strong></span> <span class='ocrx_word' id='word_1_37' title='bbox 1209 637 1379 695; x_wconf 88' lang='lat' dir='ltr'><strong>sacris</strong></span> <span class='ocrx_word' id='word_1_38' title='bbox 1395 633 1666 708; x_wconf 88' lang='lat' dir='ltr'><strong>mysteriis</strong></span> <span class='ocrx_word' id='word_1_39' title='bbox 1691 627 2032 690; x_wconf 85' lang='lat' dir='ltr'><strong>imbuantnr;</strong></span> 
     </span>
    </p>
   </div>
   <div class='ocr_carea' id='block_1_6' title="bbox 443 717 2037 810">
    <p class='ocr_par' dir='ltr' id='par_1_6' title="bbox 443 717 2037 810">
     <span class='ocr_line' id='line_1_6' title="bbox 443 717 2037 810; baseline -0.014 -16"><span class='ocrx_word' id='word_1_40' title='bbox 443 740 566 810; x_wconf 83' lang='lat' dir='ltr'><strong>quia</strong></span> <span class='ocrx_word' id='word_1_41' title='bbox 597 735 830 792; x_wconf 90' lang='lat' dir='ltr'><strong>nondum</strong></span> <span class='ocrx_word' id='word_1_42' title='bbox 861 740 1088 802; x_wconf 88' lang='lat' dir='ltr'><strong>possunt</strong></span> <span class='ocrx_word' id='word_1_43' title='bbox 1112 727 1276 785; x_wconf 88' lang='lat' dir='ltr'><strong>corde</strong></span> <span class='ocrx_word' id='word_1_44' title='bbox 1306 725 1524 798; x_wconf 88' lang='lat' dir='ltr'><strong>proprio</strong></span> <span class='ocrx_word' id='word_1_45' title='bbox 1546 721 1768 779; x_wconf 84' lang='lat' dir='ltr'><strong>credere</strong></span> <span class='ocrx_word' id='word_1_46' title='bbox 1787 718 1854 774; x_wconf 92' lang='lat' dir='ltr'><strong>ad</strong></span> <span class='ocrx_word' id='word_1_47' title='bbox 1879 717 2037 790; x_wconf 88' lang='lat' dir='ltr'><strong>justi-</strong></span> 
     </span>
    </p>
   </div>
   <div class='ocr_carea' id='block_1_7' title="bbox 445 811 2031 901">
    <p class='ocr_par' dir='ltr' id='par_1_7' title="bbox 445 811 2031 901">
     <span class='ocr_line' id='line_1_7' title="bbox 445 811 2031 901; baseline -0.014 -17"><span class='ocrx_word' id='word_1_48' title='bbox 445 831 593 893; x_wconf 86' lang='lat' dir='ltr'><strong>tiam,</strong></span> <span class='ocrx_word' id='word_1_49' title='bbox 624 839 722 882; x_wconf 88' lang='lat' dir='ltr'><strong>nec</strong></span> <span class='ocrx_word' id='word_1_50' title='bbox 744 837 839 880; x_wconf 90' lang='lat' dir='ltr'><strong>ore</strong></span> <span class='ocrx_word' id='word_1_51' title='bbox 869 819 1084 894; x_wconf 86' lang='lat' dir='ltr'><strong>proprio</strong></span> <span class='ocrx_word' id='word_1_52' title='bbox 1111 815 1358 876; x_wconf 88' lang='lat' dir='ltr'><strong>conﬁteri</strong></span> <span class='ocrx_word' id='word_1_53' title='bbox 1395 814 1466 901; x_wconf 79' lang='lat' dir='ltr'><strong>ad</strong></span> <span class='ocrx_word' id='word_1_54' title='bbox 1503 814 1734 870; x_wconf 82' lang='lat' dir='ltr'><strong>salutem</strong></span> <span class='ocrx_word' id='word_1_55' title='bbox 1757 811 1938 901; x_wconf 58' lang='lat' dir='ltr'><strong>(Rom.</strong></span> <span class='ocrx_word' id='word_1_56' title='bbox 1960 819 2031 901; x_wconf 63' lang='lat' dir='ltr'><strong>s,</strong></span> 
     </span>
    </p>
   </div>
   <div class='ocr_carea' id='block_1_8' title="bbox 449 897 2038 989">
    <p class='ocr_par' dir='ltr' id='par_1_8' title="bbox 449 897 2038 989">
     <span class='ocr_line' id='line_1_8' title="bbox 449 897 2038 989; baseline -0.012 -17"><span class='ocrx_word' id='word_1_57' title='bbox 449 917 575 989; x_wconf 80' lang='grc'><strong>10).</strong></span> <span class='ocrx_word' id='word_1_58' title='bbox 613 914 726 972; x_wconf 84' lang='lat' dir='ltr'><strong>Nec</strong></span> <span class='ocrx_word' id='word_1_59' title='bbox 773 912 896 969; x_wconf 90' lang='lat' dir='ltr'><strong>ideo</strong></span> <span class='ocrx_word' id='word_1_60' title='bbox 937 920 1114 966; x_wconf 88' lang='lat' dir='ltr'><strong>tamen</strong></span> <span class='ocrx_word' id='word_1_61' title='bbox 1140 921 1236 964; x_wconf 89' lang='lat' dir='ltr'><strong>eos</strong></span> <span class='ocrx_word' id='word_1_62' title='bbox 1264 897 1542 978; x_wconf 82' lang='lat' dir='ltr'><strong>quisquam</strong></span> <span class='ocrx_word' id='word_1_63' title='bbox 1581 902 1820 958; x_wconf 86' lang='lat' dir='ltr'><strong>ﬁdelium</strong></span> <span class='ocrx_word' id='word_1_64' title='bbox 1849 897 2038 955; x_wconf 87' lang='lat' dir='ltr'><strong>ﬁdeles</strong></span> 
     </span>
    </p>
   </div>
   <div class='ocr_carea' id='block_1_9' title="bbox 445 993 2037 1079">
    <p class='ocr_par' dir='ltr' id='par_1_9' title="bbox 445 993 2037 1079">
     <span class='ocr_line' id='line_1_9' title="bbox 445 993 2037 1079; baseline -0.013 -16"><span class='ocrx_word' id='word_1_65' title='bbox 445 1007 716 1079; x_wconf 81' lang='lat' dir='ltr'><strong>sppeli‘are</strong></span> <span class='ocrx_word' id='word_1_66' title='bbox 757 1011 1058 1066; x_wconf 85' lang='lat' dir='ltr'><strong>cunctatur,</strong></span> <span class='ocrx_word' id='word_1_67' title='bbox 1086 998 1229 1072; x_wconf 90' lang='lat' dir='ltr'><strong>quod</strong></span> <span class='ocrx_word' id='word_1_68' title='bbox 1266 1013 1296 1052; x_wconf 88' lang='lat' dir='ltr'><strong>a</strong></span> <span class='ocrx_word' id='word_1_69' title='bbox 1326 995 1597 1052; x_wconf 88' lang='lat' dir='ltr'><strong>credendo</strong></span> <span class='ocrx_word' id='word_1_70' title='bbox 1627 993 1812 1064; x_wconf 79' lang='lat' dir='ltr'><strong>utique</strong></span> <span class='ocrx_word' id='word_1_71' title='bbox 1839 1003 2037 1046; x_wconf 78' lang='lat' dir='ltr'><strong>nomen</strong></span> 
     </span>
    </p>
   </div>
   <div class='ocr_carea' id='block_1_10' title="bbox 445 1084 2036 1168">
    <p class='ocr_par' dir='ltr' id='par_1_10' title="bbox 445 1084 2036 1168">
     <span class='ocr_line' id='line_1_10' title="bbox 445 1084 2036 1168; baseline -0.013 -12"><span class='ocrx_word' id='word_1_72' title='bbox 445 1109 530 1156; x_wconf 84' lang='lat' dir='ltr'><strong>est</strong></span> <span class='ocrx_word' id='word_1_73' title='bbox 558 1116 574 1153; x_wconf 90' lang='lat'><strong>:</strong></span> <span class='ocrx_word' id='word_1_74' title='bbox 600 1097 844 1168; x_wconf 79' lang='lat' dir='ltr'><strong>quamvis</strong></span> <span class='ocrx_word' id='word_1_75' title='bbox 868 1095 972 1150; x_wconf 89' lang='lat' dir='ltr'><strong>hoc</strong></span> <span class='ocrx_word' id='word_1_76' title='bbox 1001 1109 1106 1148; x_wconf 91' lang='lat' dir='ltr'><strong>non</strong></span> <span class='ocrx_word' id='word_1_77' title='bbox 1147 1089 1286 1162; x_wconf 87' lang='lat' dir='ltr'><strong>ipsi,</strong></span> <span class='ocrx_word' id='word_1_78' title='bbox 1315 1089 1411 1146; x_wconf 89' lang='lat' dir='ltr'><strong>sed</strong></span> <span class='ocrx_word' id='word_1_79' title='bbox 1439 1085 1529 1144; x_wconf 83' lang='lat' dir='ltr'><strong>alii</strong></span> <span class='ocrx_word' id='word_1_80' title='bbox 1556 1101 1654 1158; x_wconf 89' lang='lat' dir='ltr'><strong>pro</strong></span> <span class='ocrx_word' id='word_1_81' title='bbox 1677 1086 1759 1142; x_wconf 89' lang='lat' dir='ltr'><strong>eis</strong></span> <span class='ocrx_word' id='word_1_82' title='bbox 1780 1084 1920 1139; x_wconf 89' lang='lat' dir='ltr'><strong>inter</strong></span> <span class='ocrx_word' id='word_1_83' title='bbox 1946 1095 2036 1137; x_wconf 88' lang='lat' dir='ltr'><strong>sa-</strong></span> 
     </span>
    </p>
   </div>
   <div class='ocr_carea' id='block_1_11' title="bbox 449 1183 1152 1256">
    <p class='ocr_par' dir='ltr' id='par_1_11' title="bbox 449 1183 1152 1256">
     <span class='ocr_line' id='line_1_11' title="bbox 449 1183 1152 1256; baseline -0.013 -11"><span class='ocrx_word' id='word_1_84' title='bbox 449 1197 726 1247; x_wconf 88' lang='lat' dir='ltr'><strong>cramenta</strong></span> <span class='ocrx_word' id='word_1_85' title='bbox 755 1183 1152 1256; x_wconf 86' lang='lat' dir='ltr'><strong>responderint.</strong></span> 
     </span>
    </p>
   </div>
   <div class='ocr_carea' id='block_1_12' title="bbox 518 1262 2040 1340">
    <p class='ocr_par' dir='ltr' id='par_1_12' title="bbox 518 1262 2040 1340">
     <span class='ocr_line' id='line_1_12' title="bbox 518 1262 2040 1340; baseline -0.013 -3"><span class='ocrx_word' id='word_1_86' title='bbox 518 1277 746 1337; x_wconf 77' lang='lat' dir='ltr'><strong>CAPUT</strong></span> <span class='ocrx_word' id='word_1_87' title='bbox 783 1273 974 1333; x_wconf 75' lang='lat' dir='ltr'><strong>XXVI.</strong></span> <span class='ocrx_word' id='word_1_88' title='bbox 1004 1303 1069 1317; x_wconf 89' lang='lat'><strong>—</strong></span> <span class='ocrx_word' id='word_1_89' title='bbox 1113 1266 1205 1329; x_wconf 69' lang='lat'><strong>39.</strong></span> <span class='ocrx_word' id='word_1_90' title='bbox 1255 1267 1522 1327; x_wconf 76' lang='lat' dir='ltr'><strong>Concludit</strong></span> <span class='ocrx_word' id='word_1_91' title='bbox 1572 1273 1776 1340; x_wconf 80' lang='lat' dir='ltr'><strong>peccato</strong></span> <span class='ocrx_word' id='word_1_92' title='bbox 1829 1262 2040 1336; x_wconf 80' lang='lat' dir='ltr'><strong>originis</strong></span> 
     </span>
    </p>
   </div>
   <div class='ocr_carea' id='block_1_13' title="bbox 447 1355 2041 1434">
    <p class='ocr_par' dir='ltr' id='par_1_13' title="bbox 447 1355 2041 1434">
     <span class='ocr_line' id='line_1_13' title="bbox 447 1355 2041 1434; baseline -0.011 -7"><span class='ocrx_word' id='word_1_93' title='bbox 447 1387 622 1427; x_wconf 78' lang='lat' dir='ltr'><strong>outnes</strong></span> <span class='ocrx_word' id='word_1_94' title='bbox 649 1367 911 1425; x_wconf 69' lang='lat' dir='ltr'><strong>obnoxios.</strong></span> <span class='ocrx_word' id='word_1_95' title='bbox 938 1365 1110 1422; x_wconf 81' lang='lat' dir='ltr'><strong>Nimis</strong></span> <span class='ocrx_word' id='word_1_96' title='bbox 1127 1364 1345 1434; x_wconf 80' lang='lat' dir='ltr'><strong>longum</strong></span> <span class='ocrx_word' id='word_1_97' title='bbox 1371 1361 1483 1427; x_wconf 86' lang='lat' dir='ltr'><strong>ﬁet,</strong></span> <span class='ocrx_word' id='word_1_98' title='bbox 1515 1360 1564 1414; x_wconf 88' lang='lat' dir='ltr'><strong>si</strong></span> <span class='ocrx_word' id='word_1_99' title='bbox 1591 1357 1658 1414; x_wconf 90' lang='lat' dir='ltr'><strong>ad</strong></span> <span class='ocrx_word' id='word_1_100' title='bbox 1702 1355 1911 1427; x_wconf 77' lang='lat' dir='ltr'><strong>singula</strong></span> <span class='ocrx_word' id='word_1_101' title='bbox 1959 1361 2041 1410; x_wconf 87' lang='lat' dir='ltr'><strong>te-</strong></span> 
     </span>
    </p>
   </div>
   <div class='ocr_carea' id='block_1_14' title="bbox 451 1439 2044 1527">
    <p class='ocr_par' dir='ltr' id='par_1_14' title="bbox 451 1439 2044 1527">
     <span class='ocr_line' id='line_1_14' title="bbox 451 1439 2044 1527; baseline -0.01 -10"><span class='ocrx_word' id='word_1_102' title='bbox 451 1439 700 1519; x_wconf 78' lang='lat' dir='ltr'><strong>stimonia</strong></span> <span class='ocrx_word' id='word_1_103' title='bbox 735 1459 984 1516; x_wconf 90' lang='lat' dir='ltr'><strong>similiter</strong></span> <span class='ocrx_word' id='word_1_104' title='bbox 1003 1457 1355 1527; x_wconf 84' lang='lat' dir='ltr'><strong>disputemus.</strong></span> <span class='ocrx_word' id='word_1_105' title='bbox 1383 1451 1540 1510; x_wconf 84' lang='lat' dir='ltr'><strong>Unde</strong></span> <span class='ocrx_word' id='word_1_106' title='bbox 1565 1447 1898 1507; x_wconf 88' lang='lat' dir='ltr'><strong>commodius</strong></span> <span class='ocrx_word' id='word_1_107' title='bbox 1920 1459 2044 1503; x_wconf 86' lang='lat' dir='ltr'><strong>esse</strong></span> 
     </span>
    </p>
   </div>
   <div class='ocr_carea' id='block_1_15' title="bbox 449 1537 2038 1618">
    <p class='ocr_par' dir='ltr' id='par_1_15' title="bbox 449 1537 2038 1618">
     <span class='ocr_line' id='line_1_15' title="bbox 449 1537 2038 1618; baseline -0.011 -10"><span class='ocrx_word' id='word_1_108' title='bbox 449 1553 704 1616; x_wconf 83' lang='lat' dir='ltr'><strong>arbitror,</strong></span> <span class='ocrx_word' id='word_1_109' title='bbox 730 1548 1020 1606; x_wconf 83' lang='lat' dir='ltr'><strong>acervatim</strong></span> <span class='ocrx_word' id='word_1_110' title='bbox 1049 1560 1261 1618; x_wconf 73' lang='lat' dir='ltr'><strong>cogere,</strong></span> <span class='ocrx_word' id='word_1_111' title='bbox 1301 1555 1423 1615; x_wconf 67' lang='lat' dir='ltr'><strong>quae</strong></span> <span class='ocrx_word' id='word_1_112' title='bbox 1450 1554 1736 1598; x_wconf 88' lang='lat' dir='ltr'><strong>occurrere</strong></span> <span class='ocrx_word' id='word_1_113' title='bbox 1751 1537 2038 1610; x_wconf 83' lang='lat' dir='ltr'><strong>potuerint,</strong></span> 
     </span>
    </p>
   </div>
   <div class='ocr_carea' id='block_1_16' title="bbox 453 1626 2046 1714">
    <p class='ocr_par' dir='ltr' id='par_1_16' title="bbox 453 1626 2046 1714">
     <span class='ocr_line' id='line_1_16' title="bbox 453 1626 2046 1714; baseline -0.01 -18"><span class='ocrx_word' id='word_1_114' title='bbox 453 1641 540 1699; x_wconf 83' lang='lat' dir='ltr'><strong>vel</strong></span> <span class='ocrx_word' id='word_1_115' title='bbox 556 1659 676 1714; x_wconf 74' lang='lat' dir='ltr'><strong>qua:</strong></span> <span class='ocrx_word' id='word_1_116' title='bbox 700 1639 952 1696; x_wconf 79' lang='lat' dir='ltr'><strong>sufﬁcere</strong></span> <span class='ocrx_word' id='word_1_117' title='bbox 991 1637 1331 1702; x_wconf 88' lang='lat' dir='ltr'><strong>videbuntur,</strong></span> <span class='ocrx_word' id='word_1_118' title='bbox 1362 1634 1558 1704; x_wconf 87' lang='lat' dir='ltr'><strong>quibus</strong></span> <span class='ocrx_word' id='word_1_119' title='bbox 1585 1639 1838 1703; x_wconf 84' lang='lat' dir='ltr'><strong>appareat</strong></span> <span class='ocrx_word' id='word_1_120' title='bbox 1863 1626 2046 1684; x_wconf 57' lang='lat' dir='ltr'><strong>Domi.</strong></span> 
     </span>
    </p>
   </div>
   <div class='ocr_carea' id='block_1_17' title="bbox 441 1719 2046 1820">
    <p class='ocr_par' dir='ltr' id='par_1_17' title="bbox 441 1719 2046 1820">
     <span class='ocr_line' id='line_1_17' title="bbox 441 1719 2046 1820; baseline -0.009 -31"><span class='ocrx_word' id='word_1_121' title='bbox 441 1735 580 1820; x_wconf 58' lang='lat' dir='ltr'><strong>suum</strong></span> <span class='ocrx_word' id='word_1_122' title='bbox 611 1730 795 1788; x_wconf 72' lang='lat' dir='ltr'><strong>Jesum</strong></span> <span class='ocrx_word' id='word_1_123' title='bbox 823 1729 1093 1786; x_wconf 85' lang='lat' dir='ltr'><strong>Christum</strong></span> <span class='ocrx_word' id='word_1_124' title='bbox 1131 1739 1242 1820; x_wconf 83' lang='lat' dir='ltr'><strong>non</strong></span> <span class='ocrx_word' id='word_1_125' title='bbox 1271 1725 1428 1806; x_wconf 82' lang='lat' dir='ltr'><strong>aliam</strong></span> <span class='ocrx_word' id='word_1_126' title='bbox 1457 1726 1528 1820; x_wconf 74' lang='lat' dir='ltr'><strong>ob</strong></span> <span class='ocrx_word' id='word_1_127' title='bbox 1553 1735 1770 1820; x_wconf 80' lang='lat' dir='ltr'><strong>causam</strong></span> <span class='ocrx_word' id='word_1_128' title='bbox 1881 1731 2046 1774; x_wconf 85' lang='lat' dir='ltr'><strong>carne</strong></span> 
     </span>
    </p>
   </div>
   <div class='ocr_carea' id='block_1_18' title="bbox 449 1813 2042 1889">
    <p class='ocr_par' dir='ltr' id='par_1_18' title="bbox 449 1813 2042 1889">
     <span class='ocr_line' id='line_1_18' title="bbox 449 1813 2042 1889; baseline -0.011 -8"><span class='ocrx_word' id='word_1_129' title='bbox 449 1813 688 1888; x_wconf 67' lang='grc' dir='ltr'><strong>νέιιίεεθ,</strong></span> <span class='ocrx_word' id='word_1_130' title='bbox 729 1837 794 1878; x_wconf 86' lang='lat' dir='ltr'><strong>ac</strong></span> <span class='ocrx_word' id='word_1_131' title='bbox 833 1819 1006 1876; x_wconf 79' lang='lat' dir='ltr'><strong>forma</strong></span> <span class='ocrx_word' id='word_1_132' title='bbox 1048 1817 1190 1875; x_wconf 74' lang='lat' dir='ltr'><strong>servi</strong></span> <span class='ocrx_word' id='word_1_133' title='bbox 1221 1826 1436 1889; x_wconf 83' lang='lat' dir='ltr'><strong>accepta</strong></span> <span class='ocrx_word' id='word_1_134' title='bbox 1470 1815 1669 1871; x_wconf 81' lang='lat' dir='ltr'><strong>factum</strong></span> <span class='ocrx_word' id='word_1_135' title='bbox 1705 1813 2042 1869; x_wconf 88' lang='lat' dir='ltr'><strong>obedientem</strong></span> 
     </span>
    </p>
   </div>
   <div class='ocr_carea' id='block_1_19' title="bbox 451 1900 2045 1986">
    <p class='ocr_par' dir='ltr' id='par_1_19' title="bbox 451 1900 2045 1986">
     <span class='ocr_line' id='line_1_19' title="bbox 451 1900 2045 1986; baseline -0.009 -15"><span class='ocrx_word' id='word_1_136' title='bbox 451 1931 618 1986; x_wconf 87' lang='lat' dir='ltr'><strong>usque</strong></span> <span class='ocrx_word' id='word_1_137' title='bbox 645 1913 712 1969; x_wconf 92' lang='lat' dir='ltr'><strong>ad</strong></span> <span class='ocrx_word' id='word_1_138' title='bbox 739 1922 964 1967; x_wconf 90' lang='lat' dir='ltr'><strong>mortem</strong></span> <span class='ocrx_word' id='word_1_139' title='bbox 993 1910 1168 1965; x_wconf 91' lang='lat' dir='ltr'><strong>crucis</strong></span> <span class='ocrx_word' id='word_1_140' title='bbox 1195 1907 1454 1980; x_wconf 81' lang='lat' dir='ltr'><strong>(Philipp.</strong></span> <span class='ocrx_word' id='word_1_141' title='bbox 1477 1923 1534 1972; x_wconf 85' lang='grc' dir='ltr'>ιι,</span> <span class='ocrx_word' id='word_1_142' title='bbox 1553 1907 1606 1970; x_wconf 87' lang='lat' dir='ltr'><strong>‘l,</strong></span> <span class='ocrx_word' id='word_1_143' title='bbox 1627 1902 1707 1978; x_wconf 86' lang='lat'><strong>8),</strong></span> <span class='ocrx_word' id='word_1_144' title='bbox 1735 1903 1834 1958; x_wconf 82' lang='lat' dir='ltr'><strong>nisi</strong></span> <span class='ocrx_word' id='word_1_145' title='bbox 1870 1912 1924 1956; x_wconf 91' lang='lat' dir='ltr'><strong>ut</strong></span> <span class='ocrx_word' id='word_1_146' title='bbox 1947 1900 2045 1957; x_wconf 87' lang='lat' dir='ltr'><strong>hac</strong></span> 
     </span>
    </p>
   </div>
   <div class='ocr_carea' id='block_1_20' title="bbox 453 1992 2046 2076">
    <p class='ocr_par' dir='ltr' id='par_1_20' title="bbox 453 1992 2046 2076">
     <span class='ocr_line' id='line_1_20' title="bbox 453 1992 2046 2076; baseline -0.008 -15"><span class='ocrx_word' id='word_1_147' title='bbox 453 2007 851 2076; x_wconf 84' lang='lat' dir='ltr'><strong>dispensatione</strong></span> <span class='ocrx_word' id='word_1_148' title='bbox 875 2001 1388 2058; x_wconf 52' lang='lat' dir='ltr'><strong>misericordissima</strong></span> <span class='ocrx_word' id='word_1_149' title='bbox 1411 1999 1596 2070; x_wconf 76' lang='lat' dir='ltr'><strong>gratim</strong></span> <span class='ocrx_word' id='word_1_150' title='bbox 1621 2011 1829 2060; x_wconf 88' lang='lat' dir='ltr'><strong>omnes,</strong></span> <span class='ocrx_word' id='word_1_151' title='bbox 1851 1992 2046 2065; x_wconf 83' lang='lat' dir='ltr'><strong>quibus</strong></span> 
     </span>
    </p>
   </div>
   <div class='ocr_carea' id='block_1_21' title="bbox 455 2087 2096 2168">
    <p class='ocr_par' dir='ltr' id='par_1_21' title="bbox 455 2087 2096 2168">
     <span class='ocr_line' id='line_1_21' title="bbox 455 2087 2096 2168; baseline -0.009 -17"><span class='ocrx_word' id='word_1_152' title='bbox 455 2089 704 2168; x_wconf 79' lang='lat' dir='ltr'><strong>tanquam</strong></span> <span class='ocrx_word' id='word_1_153' title='bbox 755 2094 1012 2149; x_wconf 87' lang='lat' dir='ltr'><strong>membris</strong></span> <span class='ocrx_word' id='word_1_154' title='bbox 1064 2093 1116 2148; x_wconf 91' lang='lat' dir='ltr'><strong>in</strong></span> <span class='ocrx_word' id='word_1_155' title='bbox 1172 2106 1270 2147; x_wconf 88' lang='lat' dir='ltr'><strong>suo</strong></span> <span class='ocrx_word' id='word_1_156' title='bbox 1306 2103 1534 2160; x_wconf 89' lang='lat' dir='ltr'><strong>corpore</strong></span> <span class='ocrx_word' id='word_1_157' title='bbox 1557 2087 1859 2160; x_wconf 66' lang='lat' dir='ltr'><strong>constitutis</strong></span> <span class='ocrx_word' id='word_1_158' title='bbox 1887 2091 2049 2155; x_wconf 89' lang='lat' dir='ltr'><strong>caput</strong></span> <span class='ocrx_word' id='word_1_159' title='bbox 2093 2161 2096 2164; x_wconf 8' lang='grc' dir='ltr'><strong><em>ἢ</em></strong></span> 
     </span>
    </p>
   </div>
   <div class='ocr_carea' id='block_1_22' title="bbox 453 2177 2044 2257">
    <p class='ocr_par' dir='ltr' id='par_1_22' title="bbox 453 2177 2044 2257">
     <span class='ocr_line' id='line_1_22' title="bbox 453 2177 2044 2257; baseline -0.009 -13"><span class='ocrx_word' id='word_1_160' title='bbox 453 2197 538 2244; x_wconf 86' lang='lat' dir='ltr'><strong>est</strong></span> <span class='ocrx_word' id='word_1_161' title='bbox 579 2188 644 2242; x_wconf 88' lang='lat' dir='ltr'><strong>ad</strong></span> <span class='ocrx_word' id='word_1_162' title='bbox 701 2185 1087 2257; x_wconf 88' lang='lat' dir='ltr'><strong>capessendum</strong></span> <span class='ocrx_word' id='word_1_163' title='bbox 1139 2199 1360 2256; x_wconf 68' lang='lat' dir='ltr'><strong>regnum</strong></span> <span class='ocrx_word' id='word_1_164' title='bbox 1403 2182 1684 2248; x_wconf 78' lang='lat' dir='ltr'><strong>emlorum,</strong></span> <span class='ocrx_word' id='word_1_165' title='bbox 1731 2177 2044 2244; x_wconf 89' lang='lat' dir='ltr'><strong>viviﬁcaret,</strong></span> 
     </span>
    </p>
   </div>
   <div class='ocr_carea' id='block_1_23' title="bbox 453 2267 2046 2342">
    <p class='ocr_par' dir='ltr' id='par_1_23' title="bbox 453 2267 2046 2342">
     <span class='ocr_line' id='line_1_23' title="bbox 453 2267 2046 2342; baseline -0.007 -9"><span class='ocrx_word' id='word_1_166' title='bbox 453 2278 632 2333; x_wconf 79' lang='lat' dir='ltr'><strong>salvos</strong></span> <span class='ocrx_word' id='word_1_167' title='bbox 662 2267 878 2340; x_wconf 78' lang='lat' dir='ltr'><strong>faceret,</strong></span> <span class='ocrx_word' id='word_1_168' title='bbox 911 2276 1186 2342; x_wconf 84' lang='lat' dir='ltr'><strong>liberaret,</strong></span> <span class='ocrx_word' id='word_1_169' title='bbox 1217 2273 1528 2337; x_wconf 89' lang='lat' dir='ltr'><strong>redimeret,</strong></span> <span class='ocrx_word' id='word_1_170' title='bbox 1573 2270 1918 2334; x_wconf 89' lang='lat' dir='ltr'><strong>illuminaret,</strong></span> <span class='ocrx_word' id='word_1_171' title='bbox 1954 2267 2046 2340; x_wconf 88' lang='lat' dir='ltr'><strong>qui</strong></span> 
     </span>
    </p>
   </div>
   <div class='ocr_carea' id='block_1_24' title="bbox 457 2357 2047 2436">
    <p class='ocr_par' dir='ltr' id='par_1_24' title="bbox 457 2357 2047 2436">
     <span class='ocr_line' id='line_1_24' title="bbox 457 2357 2047 2436; baseline -0.008 -15"><span class='ocrx_word' id='word_1_172' title='bbox 457 2365 604 2436; x_wconf 92' lang='lat' dir='ltr'><strong>prius</strong></span> <span class='ocrx_word' id='word_1_173' title='bbox 631 2367 854 2420; x_wconf 79' lang='lat' dir='ltr'><strong>fuissent</strong></span> <span class='ocrx_word' id='word_1_174' title='bbox 879 2365 932 2418; x_wconf 90' lang='lat' dir='ltr'><strong>in</strong></span> <span class='ocrx_word' id='word_1_175' title='bbox 961 2371 1303 2436; x_wconf 87' lang='lat' dir='ltr'><strong>peccatorum</strong></span> <span class='ocrx_word' id='word_1_176' title='bbox 1325 2369 1517 2426; x_wconf 89' lang='lat' dir='ltr'><strong>morte,</strong></span> <span class='ocrx_word' id='word_1_177' title='bbox 1546 2357 1908 2428; x_wconf 75' lang='lat' dir='ltr'><strong>languoribus,</strong></span> <span class='ocrx_word' id='word_1_178' title='bbox 1931 2371 2047 2412; x_wconf 83' lang='lat' dir='ltr'><strong>ser-</strong></span> 
     </span>
    </p>
   </div>
   <div class='ocr_carea' id='block_1_25' title="bbox 453 2449 2046 2526">
    <p class='ocr_par' dir='ltr' id='par_1_25' title="bbox 453 2449 2046 2526">
     <span class='ocr_line' id='line_1_25' title="bbox 453 2449 2046 2526; baseline -0.007 -13"><span class='ocrx_word' id='word_1_179' title='bbox 453 2459 643 2522; x_wconf 72' lang='lat' dir='ltr'><strong>vitute,</strong></span> <span class='ocrx_word' id='word_1_180' title='bbox 675 2455 1002 2526; x_wconf 74' lang='lat' dir='ltr'><strong>captivitate,</strong></span> <span class='ocrx_word' id='word_1_181' title='bbox 1043 2454 1275 2510; x_wconf 83' lang='lat' dir='ltr'><strong>tenebris</strong></span> <span class='ocrx_word' id='word_1_182' title='bbox 1315 2451 1609 2515; x_wconf 90' lang='lat' dir='ltr'><strong>constituti,</strong></span> <span class='ocrx_word' id='word_1_183' title='bbox 1661 2449 1760 2504; x_wconf 89' lang='lat' dir='ltr'><strong>sub</strong></span> <span class='ocrx_word' id='word_1_184' title='bbox 1785 2455 2046 2520; x_wconf 89' lang='lat' dir='ltr'><strong>potestate</strong></span> 
     </span>
    </p>
   </div>
   <div class='ocr_carea' id='block_1_26' title="bbox 455 2540 2048 2622">
    <p class='ocr_par' dir='ltr' id='par_1_26' title="bbox 455 2540 2048 2622">
     <span class='ocr_line' id='line_1_26' title="bbox 455 2540 2048 2622; baseline -0.009 -14"><span class='ocrx_word' id='word_1_185' title='bbox 455 2549 654 2608; x_wconf 89' lang='lat' dir='ltr'><strong>diaboli</strong></span> <span class='ocrx_word' id='word_1_186' title='bbox 685 2549 937 2622; x_wconf 81' lang='lat' dir='ltr'><strong>principis</strong></span> <span class='ocrx_word' id='word_1_187' title='bbox 974 2558 1310 2619; x_wconf 88' lang='lat' dir='ltr'><strong>peccatorum</strong></span> <span class='ocrx_word' id='word_1_188' title='bbox 1337 2563 1352 2600; x_wconf 94' lang='lat'><strong>:</strong></span> <span class='ocrx_word' id='word_1_189' title='bbox 1379 2559 1442 2600; x_wconf 90' lang='lat' dir='ltr'><strong>ac</strong></span> <span class='ocrx_word' id='word_1_190' title='bbox 1465 2543 1546 2600; x_wconf 89' lang='lat' dir='ltr'><strong>sic</strong></span> <span class='ocrx_word' id='word_1_191' title='bbox 1592 2543 1744 2598; x_wconf 89' lang='lat' dir='ltr'><strong>ﬁeret</strong></span> <span class='ocrx_word' id='word_1_192' title='bbox 1786 2540 2048 2597; x_wconf 86' lang='lat' dir='ltr'><strong>mediator</strong></span> 
     </span>
    </p>
   </div>
   <div class='ocr_carea' id='block_1_27' title="bbox 461 2629 2048 2709">
    <p class='ocr_par' dir='ltr' id='par_1_27' title="bbox 461 2629 2048 2709">
     <span class='ocr_line' id='line_1_27' title="bbox 461 2629 2048 2709; baseline -0.008 -11"><span class='ocrx_word' id='word_1_193' title='bbox 461 2647 552 2701; x_wconf 84' lang='lat' dir='ltr'><strong>Dei</strong></span> <span class='ocrx_word' id='word_1_194' title='bbox 582 2652 635 2698; x_wconf 89' lang='lat' dir='ltr'><strong>et</strong></span> <span class='ocrx_word' id='word_1_195' title='bbox 667 2641 962 2705; x_wconf 89' lang='lat' dir='ltr'><strong>hominum,</strong></span> <span class='ocrx_word' id='word_1_196' title='bbox 991 2655 1087 2709; x_wconf 89' lang='lat' dir='ltr'><strong>per</strong></span> <span class='ocrx_word' id='word_1_197' title='bbox 1107 2653 1263 2708; x_wconf 82' lang='lat' dir='ltr'><strong>quem</strong></span> <span class='ocrx_word' id='word_1_198' title='bbox 1285 2643 1405 2707; x_wconf 88' lang='lat' dir='ltr'><strong>post</strong></span> <span class='ocrx_word' id='word_1_199' title='bbox 1431 2634 1734 2690; x_wconf 88' lang='lat' dir='ltr'><strong>inimicitias</strong></span> <span class='ocrx_word' id='word_1_200' title='bbox 1759 2629 2048 2708; x_wconf 81' lang='lat' dir='ltr'><strong>impietatis</strong></span> 
     </span>
    </p>
   </div>
   <div class='ocr_carea' id='block_1_28' title="bbox 457 2721 2048 2802">
    <p class='ocr_par' dir='ltr' id='par_1_28' title="bbox 457 2721 2048 2802">
     <span class='ocr_line' id='line_1_28' title="bbox 457 2721 2048 2802; baseline -0.011 -12"><span class='ocrx_word' id='word_1_201' title='bbox 457 2744 690 2798; x_wconf 66' lang='lat' dir='ltr'><strong>nostrae,</strong></span> <span class='ocrx_word' id='word_1_202' title='bbox 739 2732 881 2786; x_wconf 87' lang='lat' dir='ltr'><strong>illius</strong></span> <span class='ocrx_word' id='word_1_203' title='bbox 920 2731 1106 2802; x_wconf 81' lang='lat' dir='ltr'><strong>gratiae</strong></span> <span class='ocrx_word' id='word_1_204' title='bbox 1150 2742 1280 2799; x_wconf 86' lang='lat' dir='ltr'><strong>pace</strong></span> <span class='ocrx_word' id='word_1_205' title='bbox 1321 2725 1527 2791; x_wconf 90' lang='lat' dir='ltr'><strong>ﬁnitas,</strong></span> <span class='ocrx_word' id='word_1_206' title='bbox 1575 2721 2048 2779; x_wconf 74' lang='lat' dir='ltr'><strong>reconciliarentur</strong></span> 
     </span>
    </p>
   </div>
   <div class='ocr_carea' id='block_1_29' title="bbox 451 2811 2046 2886">
    <p class='ocr_par' dir='ltr' id='par_1_29' title="bbox 451 2811 2046 2886">
     <span class='ocr_line' id='line_1_29' title="bbox 451 2811 2046 2886; baseline -0.01 -3"><span class='ocrx_word' id='word_1_207' title='bbox 451 2819 566 2882; x_wconf 81' lang='lat' dir='ltr'><strong>Deo</strong></span> <span class='ocrx_word' id='word_1_208' title='bbox 592 2825 643 2880; x_wconf 92' lang='lat' dir='ltr'><strong>in</strong></span> <span class='ocrx_word' id='word_1_209' title='bbox 670 2834 926 2879; x_wconf 84' lang='lat' dir='ltr'><strong>aeternam</strong></span> <span class='ocrx_word' id='word_1_210' title='bbox 955 2823 1138 2886; x_wconf 85' lang='lat' dir='ltr'><strong>vitam,</strong></span> <span class='ocrx_word' id='word_1_211' title='bbox 1165 2819 1235 2874; x_wconf 89' lang='lat' dir='ltr'><strong>ab</strong></span> <span class='ocrx_word' id='word_1_212' title='bbox 1263 2827 1465 2874; x_wconf 68' lang='lat' dir='ltr'><strong>aeterna</strong></span> <span class='ocrx_word' id='word_1_213' title='bbox 1503 2825 1680 2872; x_wconf 92' lang='lat' dir='ltr'><strong>morte</strong></span> <span class='ocrx_word' id='word_1_214' title='bbox 1705 2830 1826 2886; x_wconf 73' lang='lat' dir='ltr'><strong>qua:</strong></span> <span class='ocrx_word' id='word_1_215' title='bbox 1855 2811 2046 2868; x_wconf 88' lang='lat' dir='ltr'><strong>talibus</strong></span> 
     </span>
    </p>
   </div>
   <div class='ocr_carea' id='block_1_30' title="bbox 457 2905 2044 2987">
    <p class='ocr_par' dir='ltr' id='par_1_30' title="bbox 457 2905 2044 2987">
     <span class='ocr_line' id='line_1_30' title="bbox 457 2905 2044 2987; baseline -0.01 -15"><span class='ocrx_word' id='word_1_216' title='bbox 457 2915 800 2987; x_wconf 83' lang='lat' dir='ltr'><strong>impendebat</strong></span> <span class='ocrx_word' id='word_1_217' title='bbox 820 2913 1010 2983; x_wconf 80' lang='lat' dir='ltr'><strong>erepti.</strong></span> <span class='ocrx_word' id='word_1_218' title='bbox 1040 2912 1152 2967; x_wconf 91' lang='lat' dir='ltr'><strong>Iloc</strong></span> <span class='ocrx_word' id='word_1_219' title='bbox 1180 2911 1320 2966; x_wconf 71' lang='lat' dir='ltr'><strong>enini</strong></span> <span class='ocrx_word' id='word_1_220' title='bbox 1351 2923 1472 2964; x_wconf 79' lang='lat' dir='ltr'><strong>etim</strong></span> <span class='ocrx_word' id='word_1_221' title='bbox 1495 2905 1850 2961; x_wconf 83' lang='lat' dir='ltr'><strong>abundantius</strong></span> <span class='ocrx_word' id='word_1_222' title='bbox 1877 2918 2044 2974; x_wconf 89' lang='lat' dir='ltr'><strong>appa-</strong></span> 
     </span>
    </p>
   </div>
   <div class='ocr_carea' id='block_1_31' title="bbox 457 2995 2045 3073">
    <p class='ocr_par' dir='ltr' id='par_1_31' title="bbox 457 2995 2045 3073">
     <span class='ocr_line' id='line_1_31' title="bbox 457 2995 2045 3073; baseline -0.01 -12"><span class='ocrx_word' id='word_1_223' title='bbox 457 3002 646 3072; x_wconf 75' lang='lat' dir='ltr'><strong>ruerit,</strong></span> <span class='ocrx_word' id='word_1_224' title='bbox 677 3017 1010 3073; x_wconf 87' lang='lat' dir='ltr'><strong>consequens</strong></span> <span class='ocrx_word' id='word_1_225' title='bbox 1035 2998 1138 3056; x_wconf 81' lang='lat' dir='ltr'><strong>erit</strong></span> <span class='ocrx_word' id='word_1_226' title='bbox 1167 3005 1220 3055; x_wconf 88' lang='lat' dir='ltr'><strong>ul</strong></span> <span class='ocrx_word' id='word_1_227' title='bbox 1261 2999 1328 3054; x_wconf 89' lang='lat' dir='ltr'><strong>ad</strong></span> <span class='ocrx_word' id='word_1_228' title='bbox 1355 3000 1510 3053; x_wconf 85' lang='lat' dir='ltr'><strong>istam</strong></span> <span class='ocrx_word' id='word_1_229' title='bbox 1538 2997 1733 3052; x_wconf 78' lang='lat' dir='ltr'><strong>Christi</strong></span> <span class='ocrx_word' id='word_1_230' title='bbox 1763 2995 2045 3066; x_wconf 88' lang='lat' dir='ltr'><strong>dispensa-</strong></span> 
     </span>
    </p>
   </div>
   <div class='ocr_carea' id='block_1_32' title="bbox 457 3086 2046 3166">
    <p class='ocr_par' dir='ltr' id='par_1_32' title="bbox 457 3086 2046 3166">
     <span class='ocr_line' id='line_1_32' title="bbox 457 3086 2046 3166; baseline -0.006 -16"><span class='ocrx_word' id='word_1_231' title='bbox 457 3100 680 3162; x_wconf 77' lang='lat' dir='ltr'><strong>tiOnem,</strong></span> <span class='ocrx_word' id='word_1_232' title='bbox 707 3109 826 3166; x_wconf 71' lang='lat' dir='ltr'><strong>qurc</strong></span> <span class='ocrx_word' id='word_1_233' title='bbox 848 3106 943 3165; x_wconf 89' lang='lat' dir='ltr'><strong>per</strong></span> <span class='ocrx_word' id='word_1_234' title='bbox 967 3092 1082 3162; x_wconf 87' lang='lat' dir='ltr'><strong>ejus</strong></span> <span class='ocrx_word' id='word_1_235' title='bbox 1102 3086 1616 3158; x_wconf 20' lang='lat' dir='ltr'><strong>Intmilitatemvlacta</strong></span> <span class='ocrx_word' id='word_1_236' title='bbox 1641 3097 1744 3150; x_wconf 89' lang='lat' dir='ltr'><strong>est,</strong></span> <span class='ocrx_word' id='word_1_237' title='bbox 1779 3086 2046 3156; x_wconf 88' lang='lat' dir='ltr'><strong>pertinere</strong></span> 
     </span>
    </p>
   </div>
   <div class='ocr_carea' id='block_1_33' title="bbox 456 3173 2039 3261">
    <p class='ocr_par' dir='ltr' id='par_1_33' title="bbox 456 3173 2039 3261">
     <span class='ocr_line' id='line_1_33' title="bbox 456 3173 2039 3261; baseline -0.011 -15"><span class='ocrx_word' id='word_1_238' title='bbox 456 3207 560 3246; x_wconf 83' lang='lat' dir='ltr'><strong>non</strong></span> <span class='ocrx_word' id='word_1_239' title='bbox 580 3189 804 3261; x_wconf 87' lang='lat' dir='ltr'><strong>possint,</strong></span> <span class='ocrx_word' id='word_1_240' title='bbox 823 3187 911 3257; x_wconf 91' lang='lat' dir='ltr'><strong>qui</strong></span> <span class='ocrx_word' id='word_1_241' title='bbox 928 3185 1054 3248; x_wconf 83' lang='lat' dir='ltr'><strong>vita,</strong></span> <span class='ocrx_word' id='word_1_242' title='bbox 1077 3173 1271 3246; x_wconf 45' lang='lat' dir='ltr'><strong>salute&quot;,</strong></span> <span class='ocrx_word' id='word_1_243' title='bbox 1299 3180 1634 3244; x_wconf 88' lang='lat' dir='ltr'><strong>liberatione,</strong></span> <span class='ocrx_word' id='word_1_244' title='bbox 1656 3177 2039 3246; x_wconf 86' lang='lat' dir='ltr'><strong>redemptione,</strong></span> 
     </span>
    </p>
   </div>
   <div class='ocr_carea' id='block_1_34' title="bbox 458 3267 2047 3350">
    <p class='ocr_par' dir='ltr' id='par_1_34' title="bbox 458 3267 2047 3350">
     <span class='ocr_line' id='line_1_34' title="bbox 458 3267 2047 3350; baseline -0.009 -14"><span class='ocrx_word' id='word_1_245' title='bbox 458 3281 844 3338; x_wconf 89' lang='lat' dir='ltr'><strong>illuminatiouc</strong></span> <span class='ocrx_word' id='word_1_246' title='bbox 857 3292 962 3332; x_wconf 88' lang='lat' dir='ltr'><strong>non</strong></span> <span class='ocrx_word' id='word_1_247' title='bbox 973 3274 1232 3350; x_wconf 80' lang='lat' dir='ltr'><strong>indigent.</strong></span> <span class='ocrx_word' id='word_1_248' title='bbox 1247 3269 1316 3327; x_wconf 83' lang='lat' dir='ltr'><strong>Et</strong></span> <span class='ocrx_word' id='word_1_249' title='bbox 1328 3271 1579 3343; x_wconf 89' lang='lat' dir='ltr'><strong>quoniam</strong></span> <span class='ocrx_word' id='word_1_250' title='bbox 1590 3269 1654 3324; x_wconf 90' lang='lat' dir='ltr'><strong>ad</strong></span> <span class='ocrx_word' id='word_1_251' title='bbox 1671 3269 1806 3324; x_wconf 88' lang='lat' dir='ltr'><strong>hanc</strong></span> <span class='ocrx_word' id='word_1_252' title='bbox 1818 3267 2047 3338; x_wconf 88' lang='lat' dir='ltr'><strong>pertinet</strong></span> 
     </span>
    </p>
   </div>
   <div class='ocr_carea' id='block_1_35' title="bbox 457 3362 2046 3443">
    <p class='ocr_par' dir='ltr' id='par_1_35' title="bbox 457 3362 2046 3443">
     <span class='ocr_line' id='line_1_35' title="bbox 457 3362 2046 3443; baseline -0.01 -15"><span class='ocrx_word' id='word_1_253' title='bbox 457 3373 778 3443; x_wconf 76' lang='lat' dir='ltr'><strong>Baptismns,</strong></span> <span class='ocrx_word' id='word_1_254' title='bbox 792 3385 898 3440; x_wconf 89' lang='lat' dir='ltr'><strong>quo</strong></span> <span class='ocrx_word' id='word_1_255' title='bbox 909 3367 1124 3428; x_wconf 83' lang='lat' dir='ltr'><strong>Christo</strong></span> <span class='ocrx_word' id='word_1_256' title='bbox 1150 3363 1675 3434; x_wconf 86' lang='lat' dir='ltr'><strong>consepeliuntur,ut</strong></span> <span class='ocrx_word' id='word_1_257' title='bbox 1695 3362 2046 3430; x_wconf 85' lang='lat' dir='ltr'><strong>incorporeu-</strong></span> 
     </span>
    </p>
   </div>
   <div class='ocr_carea' id='block_1_36' title="bbox 456 3451 2047 3528">
    <p class='ocr_par' dir='ltr' id='par_1_36' title="bbox 456 3451 2047 3528">
     <span class='ocr_line' id='line_1_36' title="bbox 456 3451 2047 3528; baseline -0.009 -7"><span class='ocrx_word' id='word_1_258' title='bbox 456 3463 632 3521; x_wconf 85' lang='lat' dir='ltr'><strong>tnrilli</strong></span> <span class='ocrx_word' id='word_1_259' title='bbox 661 3461 895 3518; x_wconf 87' lang='lat' dir='ltr'><strong>membra</strong></span> <span class='ocrx_word' id='word_1_260' title='bbox 923 3459 1060 3528; x_wconf 91' lang='lat' dir='ltr'><strong>ejus,</strong></span> <span class='ocrx_word' id='word_1_261' title='bbox 1082 3459 1182 3512; x_wconf 91' lang='lat' dir='ltr'><strong>hoc</strong></span> <span class='ocrx_word' id='word_1_262' title='bbox 1195 3465 1279 3513; x_wconf 87' lang='lat' dir='ltr'><strong>est</strong></span> <span class='ocrx_word' id='word_1_263' title='bbox 1307 3454 1492 3511; x_wconf 87' lang='lat' dir='ltr'><strong>ﬁdeles</strong></span> <span class='ocrx_word' id='word_1_264' title='bbox 1517 3454 1633 3524; x_wconf 92' lang='lat' dir='ltr'><strong>ejus</strong></span> <span class='ocrx_word' id='word_1_265' title='bbox 1656 3469 1672 3508; x_wconf 92' lang='lat'><strong>:</strong></span> <span class='ocrx_word' id='word_1_266' title='bbox 1697 3451 1933 3522; x_wconf 80' lang='lat' dir='ltr'><strong>proiecto</strong></span> <span class='ocrx_word' id='word_1_267' title='bbox 1949 3465 2047 3506; x_wconf 91' lang='lat' dir='ltr'><strong>nec</strong></span> 
     </span>
    </p>
   </div>
   <div class='ocr_carea' id='block_1_37' title="bbox 461 3544 2048 3632">
    <p class='ocr_par' dir='ltr' id='par_1_37' title="bbox 461 3544 2048 3632">
     <span class='ocr_line' id='line_1_37' title="bbox 461 3544 2048 3632; baseline -0.009 -20"><span class='ocrx_word' id='word_1_268' title='bbox 461 3555 762 3628; x_wconf 84' lang='lat' dir='ltr'><strong>Baptismus</strong></span> <span class='ocrx_word' id='word_1_269' title='bbox 791 3561 875 3608; x_wconf 87' lang='lat' dir='ltr'><strong>est</strong></span> <span class='ocrx_word' id='word_1_270' title='bbox 912 3548 1248 3606; x_wconf 85' lang='lat' dir='ltr'><strong>necessarius</strong></span> <span class='ocrx_word' id='word_1_271' title='bbox 1280 3547 1362 3604; x_wconf 90' lang='lat' dir='ltr'><strong>eis</strong></span> <span class='ocrx_word' id='word_1_272' title='bbox 1389 3545 1477 3618; x_wconf 87' lang='lat' dir='ltr'><strong>qui</strong></span> <span class='ocrx_word' id='word_1_273' title='bbox 1505 3545 1600 3632; x_wconf 82' lang='lat' dir='ltr'><strong>illo</strong></span> <span class='ocrx_word' id='word_1_274' title='bbox 1632 3544 1963 3600; x_wconf 86' lang='lat' dir='ltr'><strong>remissionis</strong></span> <span class='ocrx_word' id='word_1_275' title='bbox 1991 3552 2048 3599; x_wconf 93' lang='lat' dir='ltr'><strong>et</strong></span> 
     </span>
    </p>
   </div>
   <div class='ocr_carea' id='block_1_38' title="bbox 461 3635 2044 3710">
    <p class='ocr_par' dir='ltr' id='par_1_38' title="bbox 461 3635 2044 3710">
     <span class='ocr_line' id='line_1_38' title="bbox 461 3635 2044 3710; baseline -0.01 -8"><span class='ocrx_word' id='word_1_276' title='bbox 461 3643 911 3703; x_wconf 86' lang='lat' dir='ltr'><strong>reconciliationis</strong></span> <span class='ocrx_word' id='word_1_277' title='bbox 948 3641 1230 3703; x_wconf 91' lang='lat' dir='ltr'><strong>beneﬁcio,</strong></span> <span class='ocrx_word' id='word_1_278' title='bbox 1265 3653 1386 3710; x_wconf 69' lang='lat' dir='ltr'><strong>qua:</strong></span> <span class='ocrx_word' id='word_1_279' title='bbox 1434 3639 1491 3692; x_wconf 88' lang='lat' dir='ltr'><strong>Iit</strong></span> <span class='ocrx_word' id='word_1_280' title='bbox 1535 3651 1630 3706; x_wconf 89' lang='lat' dir='ltr'><strong>per</strong></span> <span class='ocrx_word' id='word_1_281' title='bbox 1673 3635 2044 3698; x_wconf 88' lang='lat' dir='ltr'><strong>mediatorcm,</strong></span> 
     </span>
    </p>
   </div>
   <div class='ocr_carea' id='block_1_39' title="bbox 459 3721 2048 3808">
    <p class='ocr_par' dir='ltr' id='par_1_39' title="bbox 459 3721 2048 3808">
     <span class='ocr_line' id='line_1_39' title="bbox 459 3721 2048 3808; baseline -0.008 -15"><span class='ocrx_word' id='word_1_282' title='bbox 459 3721 566 3793; x_wconf 84' lang='lat' dir='ltr'><strong>non</strong></span> <span class='ocrx_word' id='word_1_283' title='bbox 608 3752 743 3808; x_wconf 91' lang='lat' dir='ltr'><strong>opus</strong></span> <span class='ocrx_word' id='word_1_284' title='bbox 784 3734 1004 3790; x_wconf 85' lang='lat' dir='ltr'><strong>habent.</strong></span> <span class='ocrx_word' id='word_1_285' title='bbox 1055 3733 1220 3787; x_wconf 80' lang='lat' dir='ltr'><strong>Porro</strong></span> <span class='ocrx_word' id='word_1_286' title='bbox 1256 3730 1379 3802; x_wconf 89' lang='lat' dir='ltr'><strong>quia</strong></span> <span class='ocrx_word' id='word_1_287' title='bbox 1421 3729 1669 3800; x_wconf 84' lang='lat' dir='ltr'><strong>parvulos</strong></span> <span class='ocrx_word' id='word_1_288' title='bbox 1705 3725 2048 3800; x_wconf 84' lang='lat' dir='ltr'><strong>baptizandus</strong></span> 
     </span>
    </p>
   </div>
   <div class='ocr_carea' id='block_1_40' title="bbox 457 3815 2050 3898">
    <p class='ocr_par' dir='ltr' id='par_1_40' title="bbox 457 3815 2050 3898">
     <span class='ocr_line' id='line_1_40' title="bbox 457 3815 2050 3898; baseline -0.007 -16"><span class='ocrx_word' id='word_1_289' title='bbox 457 3844 582 3884; x_wconf 86' lang='lat' dir='ltr'><strong>esse</strong></span> <span class='ocrx_word' id='word_1_290' title='bbox 607 3825 928 3892; x_wconf 86' lang='lat' dir='ltr'><strong>concedunt,</strong></span> <span class='ocrx_word' id='word_1_291' title='bbox 951 3825 1042 3894; x_wconf 91' lang='lat' dir='ltr'><strong>qui</strong></span> <span class='ocrx_word' id='word_1_292' title='bbox 1061 3831 1245 3878; x_wconf 87' lang='lat' dir='ltr'><strong>centra</strong></span> <span class='ocrx_word' id='word_1_293' title='bbox 1267 3822 1641 3876; x_wconf 88' lang='lat' dir='ltr'><strong>auctoritatem</strong></span> <span class='ocrx_word' id='word_1_294' title='bbox 1663 3817 1924 3874; x_wconf 77' lang='lat' dir='ltr'><strong>universa:</strong></span> <span class='ocrx_word' id='word_1_295' title='bbox 1946 3815 2050 3898; x_wconf 47' lang='lat' dir='ltr'><strong>Ece</strong></span> 
     </span>
    </p>
   </div>
   <div class='ocr_carea' id='block_1_41' title="bbox 460 3909 2050 3988">
    <p class='ocr_par' dir='ltr' id='par_1_41' title="bbox 460 3909 2050 3988">
     <span class='ocr_line' id='line_1_41' title="bbox 460 3909 2050 3988; baseline -0.008 -14"><span class='ocrx_word' id='word_1_296' title='bbox 460 3919 660 3982; x_wconf 59' lang='lat' dir='ltr'><strong>clesiaa,</strong></span> <span class='ocrx_word' id='word_1_297' title='bbox 693 3915 873 3988; x_wconf 90' lang='lat' dir='ltr'><strong>procul</strong></span> <span class='ocrx_word' id='word_1_298' title='bbox 900 3915 1063 3970; x_wconf 90' lang='lat' dir='ltr'><strong>dubio</strong></span> <span class='ocrx_word' id='word_1_299' title='bbox 1090 3929 1183 3984; x_wconf 89' lang='lat' dir='ltr'><strong>per</strong></span> <span class='ocrx_word' id='word_1_300' title='bbox 1212 3911 1494 3968; x_wconf 88' lang='lat' dir='ltr'><strong>Dominum</strong></span> <span class='ocrx_word' id='word_1_301' title='bbox 1525 3919 1580 3966; x_wconf 91' lang='lat' dir='ltr'><strong>et</strong></span> <span class='ocrx_word' id='word_1_302' title='bbox 1615 3909 1900 3981; x_wconf 80' lang='lat' dir='ltr'><strong>Apostolos</strong></span> <span class='ocrx_word' id='word_1_303' title='bbox 1943 3917 2050 3962; x_wconf 81' lang='lat' dir='ltr'><strong>tra-</strong></span> 
     </span>
    </p>
   </div>
   <div class='ocr_carea' id='block_1_42' title="bbox 460 3992 2050 4077">
    <p class='ocr_par' dir='ltr' id='par_1_42' title="bbox 460 3992 2050 4077">
     <span class='ocr_line' id='line_1_42' title="bbox 460 3992 2050 4077; baseline -0.007 -12"><span class='ocrx_word' id='word_1_304' title='bbox 460 4010 650 4077; x_wconf 81' lang='lat' dir='ltr'><strong>ditam,</strong></span> <span class='ocrx_word' id='word_1_305' title='bbox 689 4009 874 4064; x_wconf 88' lang='lat' dir='ltr'><strong>venire</strong></span> <span class='ocrx_word' id='word_1_306' title='bbox 921 4022 1026 4061; x_wconf 90' lang='lat' dir='ltr'><strong>non</strong></span> <span class='ocrx_word' id='word_1_307' title='bbox 1074 4011 1338 4077; x_wconf 87' lang='lat' dir='ltr'><strong>possunt:</strong></span> <span class='ocrx_word' id='word_1_308' title='bbox 1369 3992 1665 4060; x_wconf 85' lang='lat' dir='ltr'><strong>concedant</strong></span> <span class='ocrx_word' id='word_1_309' title='bbox 1706 4009 1920 4072; x_wconf 85' lang='lat' dir='ltr'><strong>oportet</strong></span> <span class='ocrx_word' id='word_1_310' title='bbox 1954 4014 2050 4054; x_wconf 89' lang='lat' dir='ltr'><strong>eos</strong></span> 
     </span>
    </p>
   </div>
   <div class='ocr_carea' id='block_1_43' title="bbox 461 4093 2051 4172">
    <p class='ocr_par' dir='ltr' id='par_1_43' title="bbox 461 4093 2051 4172">
     <span class='ocr_line' id='line_1_43' title="bbox 461 4093 2051 4172; baseline -0.005 -18"><span class='ocrx_word' id='word_1_311' title='bbox 461 4117 620 4172; x_wconf 77' lang='lat' dir='ltr'><strong>egere</strong></span> <span class='ocrx_word' id='word_1_312' title='bbox 648 4099 755 4155; x_wconf 89' lang='lat' dir='ltr'><strong>illis</strong></span> <span class='ocrx_word' id='word_1_313' title='bbox 780 4096 1056 4154; x_wconf 90' lang='lat' dir='ltr'><strong>beneﬁciis</strong></span> <span class='ocrx_word' id='word_1_314' title='bbox 1081 4095 1408 4161; x_wconf 89' lang='lat' dir='ltr'><strong>mediatoris,</strong></span> <span class='ocrx_word' id='word_1_315' title='bbox 1431 4103 1493 4150; x_wconf 91' lang='lat' dir='ltr'><strong>ut</strong></span> <span class='ocrx_word' id='word_1_316' title='bbox 1516 4093 1714 4150; x_wconf 77' lang='lat' dir='ltr'><strong>abluti&#39;</strong></span> <span class='ocrx_word' id='word_1_317' title='bbox 1742 4109 1836 4166; x_wconf 92' lang='lat' dir='ltr'><strong>per</strong></span> <span class='ocrx_word' id='word_1_318' title='bbox 1859 4093 2051 4148; x_wconf 88' lang='lat' dir='ltr'><strong>Sacra-</strong></span> 
     </span>
    </p>
   </div>
   <div class='ocr_carea' id='block_1_44' title="bbox 465 4184 2046 4260">
    <p class='ocr_par' dir='ltr' id='par_1_44' title="bbox 465 4184 2046 4260">
     <span class='ocr_line' id='line_1_44' title="bbox 465 4184 2046 4260; baseline -0.005 -14"><span class='ocrx_word' id='word_1_319' title='bbox 465 4201 702 4248; x_wconf 88' lang='lat' dir='ltr'><strong>mentum</strong></span> <span class='ocrx_word' id='word_1_320' title='bbox 745 4190 1166 4260; x_wconf 86' lang='lat' dir='ltr'><strong>cbaritatcmque</strong></span> <span class='ocrx_word' id='word_1_321' title='bbox 1205 4187 1460 4252; x_wconf 87' lang='lat' dir='ltr'><strong>ﬁdelium,</strong></span> <span class='ocrx_word' id='word_1_322' title='bbox 1515 4201 1578 4242; x_wconf 89' lang='lat' dir='ltr'><strong>ac</strong></span> <span class='ocrx_word' id='word_1_323' title='bbox 1623 4186 1700 4242; x_wconf 89' lang='lat' dir='ltr'><strong>sic</strong></span> <span class='ocrx_word' id='word_1_324' title='bbox 1725 4184 2046 4255; x_wconf 86' lang='lat' dir='ltr'><strong>incorporati</strong></span> 
     </span>
    </p>
   </div>
   <div class='ocr_carea' id='block_1_45' title="bbox 463 4275 2048 4352">
    <p class='ocr_par' dir='ltr' id='par_1_45' title="bbox 463 4275 2048 4352">
     <span class='ocr_line' id='line_1_45' title="bbox 463 4275 2048 4352; baseline -0.004 -14"><span class='ocrx_word' id='word_1_325' title='bbox 463 4282 662 4338; x_wconf 74' lang='lat' dir='ltr'><strong>Christi</strong></span> <span class='ocrx_word' id='word_1_326' title='bbox 683 4281 914 4352; x_wconf 80' lang='lat' dir='ltr'><strong>corpori,</strong></span> <span class='ocrx_word' id='word_1_327' title='bbox 933 4281 1073 4352; x_wconf 90' lang='lat' dir='ltr'><strong>quod</strong></span> <span class='ocrx_word' id='word_1_328' title='bbox 1095 4292 1178 4336; x_wconf 90' lang='lat' dir='ltr'><strong>est</strong></span> <span class='ocrx_word' id='word_1_329' title='bbox 1202 4280 1460 4342; x_wconf 86' lang='lat' dir='ltr'><strong>Ecclesia,</strong></span> <span class='ocrx_word' id='word_1_330' title='bbox 1481 4277 1896 4334; x_wconf 83' lang='lat' dir='ltr'><strong>reconcilientur</strong></span> <span class='ocrx_word' id='word_1_331' title='bbox 1917 4275 2048 4342; x_wconf 84' lang='lat' dir='ltr'><strong>Deo,</strong></span> 
     </span>
    </p>
   </div>
   <div class='ocr_carea' id='block_1_46' title="bbox 466 4367 2046 4437">
    <p class='ocr_par' dir='ltr' id='par_1_46' title="bbox 466 4367 2046 4437">
     <span class='ocr_line' id='line_1_46' title="bbox 466 4367 2046 4437; baseline -0.004 -11"><span class='ocrx_word' id='word_1_332' title='bbox 466 4379 524 4426; x_wconf 88' lang='lat' dir='ltr'><strong>ut</strong></span> <span class='ocrx_word' id='word_1_333' title='bbox 551 4373 604 4426; x_wconf 92' lang='lat' dir='ltr'><strong>in</strong></span> <span class='ocrx_word' id='word_1_334' title='bbox 635 4371 726 4426; x_wconf 89' lang='lat' dir='ltr'><strong>illo</strong></span> <span class='ocrx_word' id='word_1_335' title='bbox 742 4369 868 4436; x_wconf 88' lang='lat' dir='ltr'><strong>vivi,</strong></span> <span class='ocrx_word' id='word_1_336' title='bbox 899 4379 955 4424; x_wconf 91' lang='lat' dir='ltr'><strong>ut</strong></span> <span class='ocrx_word' id='word_1_337' title='bbox 980 4369 1135 4433; x_wconf 82' lang='lat' dir='ltr'><strong>salvi,</strong></span> <span class='ocrx_word' id='word_1_338' title='bbox 1167 4379 1224 4422; x_wconf 92' lang='lat' dir='ltr'><strong>ut</strong></span> <span class='ocrx_word' id='word_1_339' title='bbox 1243 4368 1474 4431; x_wconf 89' lang='lat' dir='ltr'><strong>liberati,</strong></span> <span class='ocrx_word' id='word_1_340' title='bbox 1500 4377 1559 4423; x_wconf 90' lang='lat' dir='ltr'><strong>ut</strong></span> <span class='ocrx_word' id='word_1_341' title='bbox 1578 4367 1861 4437; x_wconf 88' lang='lat' dir='ltr'><strong>redempti,</strong></span> <span class='ocrx_word' id='word_1_342' title='bbox 1893 4375 1949 4420; x_wconf 93' lang='lat' dir='ltr'><strong>ut</strong></span> <span class='ocrx_word' id='word_1_343' title='bbox 1981 4367 2046 4420; x_wconf 91' lang='lat' dir='ltr'><strong>il-</strong></span> 
     </span>
    </p>
   </div>
   <div class='ocr_carea' id='block_1_47' title="bbox 467 4457 2044 4527">
    <p class='ocr_par' dir='ltr' id='par_1_47' title="bbox 467 4457 2044 4527">
     <span class='ocr_line' id='line_1_47' title="bbox 467 4457 2044 4527; baseline -0.003 -10"><span class='ocrx_word' id='word_1_344' title='bbox 467 4463 708 4519; x_wconf 87' lang='lat' dir='ltr'><strong>luminati</strong></span> <span class='ocrx_word' id='word_1_345' title='bbox 737 4462 864 4517; x_wconf 90' lang='lat' dir='ltr'><strong>ﬁant</strong></span> <span class='ocrx_word' id='word_1_346' title='bbox 891 4480 904 4516; x_wconf 87' lang='lat'><strong>:</strong></span> <span class='ocrx_word' id='word_1_347' title='bbox 933 4461 1095 4527; x_wconf 89' lang='lat' dir='ltr'><strong>unde,</strong></span> <span class='ocrx_word' id='word_1_348' title='bbox 1124 4461 1226 4518; x_wconf 90' lang='lat' dir='ltr'><strong>nisi</strong></span> <span class='ocrx_word' id='word_1_349' title='bbox 1247 4477 1276 4515; x_wconf 90' lang='lat' dir='ltr'><strong>a</strong></span> <span class='ocrx_word' id='word_1_350' title='bbox 1303 4473 1494 4524; x_wconf 89' lang='lat' dir='ltr'><strong>morte,</strong></span> <span class='ocrx_word' id='word_1_351' title='bbox 1527 4461 1686 4522; x_wconf 86' lang='lat' dir='ltr'><strong>vitiis,</strong></span> <span class='ocrx_word' id='word_1_352' title='bbox 1715 4469 1888 4523; x_wconf 87' lang='lat' dir='ltr'><strong>reatu,</strong></span> <span class='ocrx_word' id='word_1_353' title='bbox 1915 4457 2044 4514; x_wconf 56' lang='lat' dir='ltr'><strong>sub.</strong></span> 
     </span>
    </p>
   </div>
   <div class='ocr_carea' id='block_1_48' title="bbox 464 4551 2056 4624">
    <p class='ocr_par' dir='ltr' id='par_1_48' title="bbox 464 4551 2056 4624">
     <span class='ocr_line' id='line_1_48' title="bbox 464 4551 2056 4624; baseline 0.001 -16"><span class='ocrx_word' id='word_1_354' title='bbox 464 4553 717 4624; x_wconf 88' lang='lat' dir='ltr'><strong>jectione,</strong></span> <span class='ocrx_word' id='word_1_355' title='bbox 745 4551 979 4608; x_wconf 89' lang='lat' dir='ltr'><strong>tenebris</strong></span> <span class='ocrx_word' id='word_1_356' title='bbox 1003 4551 1376 4620; x_wconf 85' lang='lat' dir='ltr'><strong>peccatorum?</strong></span> <span class='ocrx_word' id='word_1_357' title='bbox 1400 4567 1519 4620; x_wconf 81' lang='lat' dir='ltr'><strong>qua:</strong></span> <span class='ocrx_word' id='word_1_358' title='bbox 1545 4551 1796 4622; x_wconf 89' lang='lat' dir='ltr'><strong>quoniam</strong></span> <span class='ocrx_word' id='word_1_359' title='bbox 1827 4551 1968 4606; x_wconf 90' lang='lat' dir='ltr'><strong>nulla</strong></span> <span class='ocrx_word' id='word_1_360' title='bbox 1997 4551 2056 4610; x_wconf 85' lang='lat' dir='ltr'><strong>iIt</strong></span> 
     </span>
    </p>
   </div>
   <div class='ocr_carea' id='block_1_49' title="bbox 466 4641 2051 4716">
    <p class='ocr_par' dir='ltr' id='par_1_49' title="bbox 466 4641 2051 4716">
     <span class='ocr_line' id='line_1_49' title="bbox 466 4641 2051 4716; baseline -0.003 -16"><span class='ocrx_word' id='word_1_361' title='bbox 466 4660 529 4700; x_wconf 87' lang='lat' dir='ltr'><strong>ea</strong></span> <span class='ocrx_word' id='word_1_362' title='bbox 550 4653 708 4700; x_wconf 65' lang='lat' dir='ltr'><strong>artate</strong></span> <span class='ocrx_word' id='word_1_363' title='bbox 735 4658 831 4716; x_wconf 85' lang='lat' dir='ltr'><strong>per</strong></span> <span class='ocrx_word' id='word_1_364' title='bbox 855 4658 1006 4698; x_wconf 84' lang='lat' dir='ltr'><strong>suam</strong></span> <span class='ocrx_word' id='word_1_365' title='bbox 1038 4641 1198 4696; x_wconf 83' lang='lat' dir='ltr'><strong>vitam</strong></span> <span class='ocrx_word' id='word_1_366' title='bbox 1231 4643 1497 4712; x_wconf 82' lang='lat' dir='ltr'><strong>propriam</strong></span> <span class='ocrx_word' id='word_1_367' title='bbox 1526 4641 1886 4698; x_wconf 90' lang='lat' dir='ltr'><strong>commiserun</strong></span> <span class='ocrx_word' id='word_1_368' title='bbox 1914 4681 1932 4710; x_wconf 90' lang='lat'><strong>,</strong></span> <span class='ocrx_word' id='word_1_369' title='bbox 1961 4657 2051 4698; x_wconf 76' lang='lat' dir='ltr'><strong>re-</strong></span> 
     </span>
    </p>
   </div>
   <div class='ocr_carea' id='block_1_50' title="bbox 467 4719 1174 4806">
    <p class='ocr_par' dir='ltr' id='par_1_50' title="bbox 467 4719 1174 4806">
     <span class='ocr_line' id='line_1_50' title="bbox 467 4719 1174 4806; baseline -0.007 -15"><span class='ocrx_word' id='word_1_370' title='bbox 467 4744 573 4791; x_wconf 86' lang='lat' dir='ltr'><strong>stat</strong></span> <span class='ocrx_word' id='word_1_371' title='bbox 591 4719 850 4806; x_wconf 78' lang='lat' dir='ltr'><strong>originale</strong></span> <span class='ocrx_word' id='word_1_372' title='bbox 877 4743 1174 4803; x_wconf 89' lang='lat' dir='ltr'><strong>peccatum.</strong></span> 
     </span>
    </p>
   </div>
   <div class='ocr_carea' id='block_1_51' title="bbox 536 4807 2054 4897">
    <p class='ocr_par' dir='ltr' id='par_1_51' title="bbox 536 4807 2054 4897">
     <span class='ocr_line' id='line_1_51' title="bbox 536 4807 2054 4897; baseline -0.001 -15"><span class='ocrx_word' id='word_1_373' title='bbox 536 4817 770 4884; x_wconf 67' lang='lat' dir='ltr'><strong>canor</strong></span> <span class='ocrx_word' id='word_1_374' title='bbox 801 4821 1016 4882; x_wconf 81' lang='lat' dir='ltr'><strong>xxvn.</strong></span> <span class='ocrx_word' id='word_1_375' title='bbox 1036 4853 1110 4865; x_wconf 86' lang='grc'><strong><em>-</em></strong></span> <span class='ocrx_word' id='word_1_376' title='bbox 1132 4823 1224 4880; x_wconf 80' lang='lat' dir='ltr'><strong>to.</strong></span> <span class='ocrx_word' id='word_1_377' title='bbox 1263 4807 1495 4896; x_wconf 77' lang='lat' dir='ltr'><strong>Congerit</strong></span> <span class='ocrx_word' id='word_1_378' title='bbox 1515 4817 1794 4879; x_wconf 75' lang='lat' dir='ltr'><strong>testimonia</strong></span> <span class='ocrx_word' id='word_1_379' title='bbox 1817 4821 2054 4897; x_wconf 84' lang='lat' dir='ltr'><strong>Scriptu-</strong></span> 
     </span>
    </p>
   </div>
   <div class='ocr_carea' id='block_1_52' title="bbox 470 4915 2054 4989">
    <p class='ocr_par' dir='ltr' id='par_1_52' title="bbox 470 4915 2054 4989">
     <span class='ocr_line' id='line_1_52' title="bbox 470 4915 2054 4989; baseline 0 -14"><span class='ocrx_word' id='word_1_380' title='bbox 470 4935 664 4984; x_wconf 79' lang='lat' dir='ltr'><strong>rarum.</strong></span> <span class='ocrx_word' id='word_1_381' title='bbox 695 4921 820 4974; x_wconf 57' lang='lat' dir='ltr'><strong>Haec</strong></span> <span class='ocrx_word' id='word_1_382' title='bbox 843 4917 1176 4972; x_wconf 85' lang='lat' dir='ltr'><strong>ratiocinatio</strong></span> <span class='ocrx_word' id='word_1_383' title='bbox 1205 4926 1331 4974; x_wconf 90' lang='lat' dir='ltr'><strong>tunc</strong></span> <span class='ocrx_word' id='word_1_384' title='bbox 1357 4919 1460 4973; x_wconf 90' lang='lat' dir='ltr'><strong>erit</strong></span> <span class='ocrx_word' id='word_1_385' title='bbox 1478 4915 1667 4974; x_wconf 80' lang='lat' dir='ltr'><strong>fortior</strong></span> <span class='ocrx_word' id='word_1_386' title='bbox 1693 4935 1814 4973; x_wconf 80' lang='lat' dir='ltr'><strong>cum</strong></span> <span class='ocrx_word' id='word_1_387' title='bbox 1845 4934 1908 4976; x_wconf 87' lang='lat' dir='ltr'><strong>ea</strong></span> <span class='ocrx_word' id='word_1_388' title='bbox 1934 4935 2054 4989; x_wconf 76' lang='lat' dir='ltr'><strong>qua:</strong></span> 
     </span>
    </p>
   </div>
   <div class='ocr_carea' id='block_1_53' title="bbox 474 5009 2058 5083">
    <p class='ocr_par' dir='ltr' id='par_1_53' title="bbox 474 5009 2058 5083">
     <span class='ocr_line' id='line_1_53' title="bbox 474 5009 2058 5083; baseline -0.002 -15"><span class='ocrx_word' id='word_1_389' title='bbox 474 5012 694 5083; x_wconf 82' lang='lat' dir='ltr'><strong>promisi</strong></span> <span class='ocrx_word' id='word_1_390' title='bbox 723 5009 1022 5068; x_wconf 87' lang='lat' dir='ltr'><strong>testimonia</strong></span> <span class='ocrx_word' id='word_1_391' title='bbox 1050 5009 1213 5064; x_wconf 84' lang='lat' dir='ltr'><strong>multa</strong></span> <span class='ocrx_word' id='word_1_392' title='bbox 1249 5023 1592 5082; x_wconf 66' lang='lat' dir='ltr'><strong>congessere.</strong></span> <span class='ocrx_word' id='word_1_393' title='bbox 1633 5009 1748 5065; x_wconf 80' lang='lat' dir='ltr'><strong>Iam</strong></span> <span class='ocrx_word' id='word_1_394' title='bbox 1778 5026 1936 5082; x_wconf 84' lang='lat' dir='ltr'><strong>supra</strong></span> <span class='ocrx_word' id='word_1_395' title='bbox 1963 5026 2058 5081; x_wconf 83' lang='lat' dir='ltr'><strong>po-</strong></span> 
     </span>
    </p>
   </div>
   <div class='ocr_carea' id='block_1_54' title="bbox 470 5097 2055 5183">
    <p class='ocr_par' dir='ltr' id='par_1_54' title="bbox 470 5097 2055 5183">
     <span class='ocr_line' id='line_1_54' title="bbox 470 5097 2055 5183; baseline -0.003 -23"><span class='ocrx_word' id='word_1_396' title='bbox 470 5103 678 5160; x_wconf 83' lang='lat' dir='ltr'><strong>suimus</strong></span> <span class='ocrx_word' id='word_1_397' title='bbox 702 5121 717 5159; x_wconf 91' lang='lat'><strong>:</strong></span> <span class='ocrx_word' id='word_1_398' title='bbox 753 5101 874 5159; x_wconf 82' lang='lat' dir='ltr'><strong>Non</strong></span> <span class='ocrx_word' id='word_1_399' title='bbox 900 5099 1011 5158; x_wconf 74' lang='lat' dir='ltr'><strong>veni</strong></span> <span class='ocrx_word' id='word_1_400' title='bbox 1049 5117 1227 5157; x_wconf 80' lang='lat' dir='ltr'><strong>secare</strong></span> <span class='ocrx_word' id='word_1_401' title='bbox 1250 5101 1439 5175; x_wconf 84' lang='lat' dir='ltr'><strong>justas,</strong></span> <span class='ocrx_word' id='word_1_402' title='bbox 1467 5101 1554 5158; x_wconf 86' lang='lat' dir='ltr'><strong>sed</strong></span> <span class='ocrx_word' id='word_1_403' title='bbox 1581 5113 1863 5174; x_wconf 75' lang='lat' dir='ltr'><strong>peccatores</strong></span> <span class='ocrx_word' id='word_1_404' title='bbox 1888 5097 2055 5183; x_wconf 76' lang='lat' dir='ltr'><strong>(Luc.</strong></span> 
     </span>
    </p>
   </div>
   <div class='ocr_carea' id='block_1_55' title="bbox 477 5189 2098 5264">
    <p class='ocr_par' dir='ltr' id='par_1_55' title="bbox 477 5189 2098 5264">
     <span class='ocr_line' id='line_1_55' title="bbox 477 5189 2098 5264; baseline 0 -14"><span class='ocrx_word' id='word_1_405' title='bbox 477 5211 530 5262; x_wconf 72' lang='grc' dir='ltr'><strong>ν,</strong></span> <span class='ocrx_word' id='word_1_406' title='bbox 549 5191 624 5252; x_wconf 71' lang='lat'><strong>32</strong></span> <span class='ocrx_word' id='word_1_407' title='bbox 638 5194 680 5264; x_wconf 88' lang='lat'><strong>).</strong></span> <span class='ocrx_word' id='word_1_408' title='bbox 712 5189 842 5250; x_wconf 85' lang='lat' dir='ltr'><strong>ltetn</strong></span> <span class='ocrx_word' id='word_1_409' title='bbox 867 5209 990 5250; x_wconf 85' lang='lat' dir='ltr'><strong>cum</strong></span> <span class='ocrx_word' id='word_1_410' title='bbox 1014 5192 1080 5249; x_wconf 90' lang='lat' dir='ltr'><strong>ad</strong></span> <span class='ocrx_word' id='word_1_411' title='bbox 1099 5193 1416 5250; x_wconf 79' lang='lat' dir='ltr'><strong>Zacchaenm</strong></span> <span class='ocrx_word' id='word_1_412' title='bbox 1446 5203 1592 5249; x_wconf 88' lang='lat' dir='ltr'><strong>esset</strong></span> <span class='ocrx_word' id='word_1_413' title='bbox 1616 5193 1918 5264; x_wconf 79' lang='lat' dir='ltr'><strong>ingressus:</strong></span> <span class='ocrx_word' id='word_1_414' title='bbox 1948 5189 2058 5250; x_wconf 78' lang='lat' dir='ltr'><strong>Ho-</strong></span> <span class='ocrx_word' id='word_1_415' title='bbox 2091 5248 2098 5256; x_wconf 85' lang='grc'><em>,</em></span> 
     </span>
    </p>
   </div>
   <div class='ocr_carea' id='block_1_56' title="bbox 534 5299 1899 5396">
    <p class='ocr_par' dir='ltr' id='par_1_56' title="bbox 534 5299 1899 5396">
     <span class='ocr_line' id='line_1_56' title="bbox 534 5299 1899 5396; baseline -0.001 0"><span class='ocrx_word' id='word_1_416' title='bbox 534 5335 551 5367; x_wconf 87' lang='grc'><strong>·</strong></span> <span class='ocrx_word' id='word_1_417' title='bbox 589 5340 686 5385; x_wconf 77' lang='lat' dir='ltr'><strong>vox</strong></span> <span class='ocrx_word' id='word_1_418' title='bbox 701 5369 717 5394; x_wconf 88' lang='lat'><strong>.</strong></span> <span class='ocrx_word' id='word_1_419' title='bbox 751 5299 1074 5396; x_wconf 66' lang='lat' dir='ltr'><strong>Was.</strong></span> <span class='ocrx_word' id='word_1_420' title='bbox 1093 5332 1243 5384; x_wconf 67' lang='lat' dir='ltr'><strong>abest</strong></span> <span class='ocrx_word' id='word_1_421' title='bbox 1257 5331 1327 5384; x_wconf 74' lang='lat' dir='ltr'><strong>ab.</strong></span> <span class='ocrx_word' id='word_1_422' title='bbox 1341 5330 1530 5396; x_wconf 58' lang='lat' dir='ltr'><strong>anno;</strong></span> <span class='ocrx_word' id='word_1_423' title='bbox 1545 5331 1899 5396; x_wconf 61' lang='grc' dir='ltr'>ωιιιιιριτίρω-</span> 
     </span>
    </p>
   </div>
   <div class='ocr_carea' id='block_1_57' title="bbox 533 5389 2096 5455">
    <p class='ocr_par' dir='ltr' id='par_1_57' title="bbox 533 5389 2096 5455">
     <span class='ocr_line' id='line_1_57' title="bbox 533 5389 2096 5455; baseline -0.003 -7"><span class='ocrx_word' id='word_1_424' title='bbox 533 5398 556 5432; x_wconf 75' lang='grc' dir='ltr'><strong>ι</strong></span> <span class='ocrx_word' id='word_1_425' title='bbox 587 5401 642 5448; x_wconf 80' lang='lat' dir='ltr'><strong>In</strong></span> <span class='ocrx_word' id='word_1_426' title='bbox 683 5389 1115 5455; x_wconf 56' lang='lat' dir='ltr'><strong>dilationes-tui.</strong></span> <span class='ocrx_word' id='word_1_427' title='bbox 1152 5400 1290 5449; x_wconf 79' lang='lat' dir='ltr'><strong>etas.</strong></span> <span class='ocrx_word' id='word_1_428' title='bbox 1313 5389 1479 5447; x_wconf 68' lang='grc' dir='ltr'>ιιιιῑιι</span> <span class='ocrx_word' id='word_1_429' title='bbox 1505 5393 1554 5447; x_wconf 88' lang='lat' dir='ltr'><strong>in</strong></span> <span class='ocrx_word' id='word_1_430' title='bbox 1583 5389 1986 5455; x_wconf 70' lang='lat' dir='ltr'><strong>melioribustlss.</strong></span> <span class='ocrx_word' id='word_1_431' title='bbox 2007 5389 2096 5443; x_wconf 72' lang='grc' dir='ltr'><strong>ω·</strong></span> 
     </span>
    </p>
   </div>
   <div class='ocr_carea' id='block_1_58' title="bbox 473 5452 2083 5520">
    <p class='ocr_par' dir='ltr' id='par_1_58' title="bbox 473 5452 2083 5520">
     <span class='ocr_line' id='line_1_58' title="bbox 473 5452 2083 5520; baseline 0.001 -13"><span class='ocrx_word' id='word_1_432' title='bbox 473 5455 668 5508; x_wconf 63' lang='lat' dir='ltr'><strong>metuis</strong></span> <span class='ocrx_word' id='word_1_433' title='bbox 687 5461 854 5520; x_wconf 69' lang='lat' dir='ltr'><strong>autem</strong></span> <span class='ocrx_word' id='word_1_434' title='bbox 874 5452 1105 5520; x_wconf 77' lang='lat' dir='ltr'><strong>corrupte</strong></span> <span class='ocrx_word' id='word_1_435' title='bbox 1121 5455 1324 5520; x_wconf 78' lang='lat' dir='ltr'><strong>legitur,</strong></span> <span class='ocrx_word' id='word_1_436' title='bbox 1343 5461 1624 5520; x_wconf 70' lang='lat' dir='ltr'><strong>correctos;</strong></span> <span class='ocrx_word' id='word_1_437' title='bbox 1637 5463 1746 5513; x_wconf 75' lang='lat' dir='ltr'><strong>aut,</strong></span> <span class='ocrx_word' id='word_1_438' title='bbox 1756 5452 1908 5520; x_wconf 69' lang='lat' dir='ltr'><strong>corde</strong></span> <span class='ocrx_word' id='word_1_439' title='bbox 1927 5462 2083 5520; x_wconf 65' lang='lat' dir='ltr'><strong>reges.</strong></span> 
     </span>
    </p>
   </div>
   <div class='ocr_carea' id='block_1_59' title="bbox 473 5515 2057 5604">
    <p class='ocr_par' dir='ltr' id='par_1_59' title="bbox 473 5515 2057 5604">
     <span class='ocr_line' id='line_1_59' title="bbox 473 5515 2057 5604; baseline -0.004 -30"><span class='ocrx_word' id='word_1_440' title='bbox 1077 5515 1673 5583; x_wconf 63' lang='lat' dir='ltr'><strong>.‘ilipminquiimm</strong></span> <span class='ocrx_word' id='word_1_441' title='bbox 1705 5515 1914 5578; x_wconf 77' lang='lat' dir='ltr'><strong>additur,</strong></span> <span class='ocrx_word' id='word_1_442' title='bbox 1937 5517 2057 5582; x_wconf 63' lang='grc' dir='ltr'><strong><em>αῖο-</em></strong></span> 
     </span>
    </p>
   </div>
   <div class='ocr_carea' id='block_1_60' title="bbox 473 5575 2056 5712">
    <p class='ocr_par' dir='ltr' id='par_1_60' title="bbox 473 5575 2056 5712">
     <span class='ocr_line' id='line_1_60' title="bbox 473 5575 2010 5640; baseline -0.003 -10"><span class='ocrx_word' id='word_1_443' title='bbox 473 5583 636 5640; x_wconf 82' lang='lat' dir='ltr'><strong>ctunt;</strong></span> <span class='ocrx_word' id='word_1_444' title='bbox 655 5576 759 5638; x_wconf 82' lang='lat' dir='ltr'><strong>vel,</strong></span> <span class='ocrx_word' id='word_1_445' title='bbox 779 5575 958 5629; x_wconf 74' lang='lat' dir='ltr'><strong>sinion.</strong></span> <span class='ocrx_word' id='word_1_446' title='bbox 1207 5575 1225 5582; x_wconf 86' lang='grc'><em>’</em></span> <span class='ocrx_word' id='word_1_447' title='bbox 1402 5575 1420 5583; x_wconf 86' lang='grc'><em>’</em></span> <span class='ocrx_word' id='word_1_448' title='bbox 1858 5627 1868 5632; x_wconf 87' lang='grc'><strong>-</strong></span> <span class='ocrx_word' id='word_1_449' title='bbox 1898 5575 1906 5578; x_wconf 68' lang='grc'>⁷</span> <span class='ocrx_word' id='word_1_450' title='bbox 1957 5575 2010 5634; x_wconf 74' lang='grc'><strong>,“.</strong></span> 
     </span>
     <span class='ocr_line' id='line_1_61' title="bbox 538 5638 2056 5712; baseline 0.002 -21"><span class='ocrx_word' id='word_1_451' title='bbox 538 5641 563 5673; x_wconf 82' lang='grc'><em>³</em></span> <span class='ocrx_word' id='word_1_452' title='bbox 588 5639 843 5712; x_wconf 53' lang='lat' dir='ltr'><strong>{Autonoe</strong></span> <span class='ocrx_word' id='word_1_453' title='bbox 863 5649 964 5690; x_wconf 76' lang='grc' dir='ltr'><strong>Αω.</strong></span> <span class='ocrx_word' id='word_1_454' title='bbox 989 5645 1300 5712; x_wconf 34' lang='grc' dir='ltr'><strong>μιᾳ-μοι,</strong></span> <span class='ocrx_word' id='word_1_455' title='bbox 1333 5647 1388 5694; x_wconf 73' lang='grc' dir='ltr'><strong>ιιι</strong></span> <span class='ocrx_word' id='word_1_456' title='bbox 1404 5638 1570 5693; x_wconf 75' lang='lat' dir='ltr'><strong>oblati.</strong></span> <span class='ocrx_word' id='word_1_457' title='bbox 1597 5639 1903 5704; x_wconf 71' lang='lat' dir='ltr'><strong>Antiquuores</strong></span> <span class='ocrx_word' id='word_1_458' title='bbox 1921 5655 2056 5694; x_wconf 28' lang='lat' dir='ltr'><strong>Am</strong></span> 
     </span>
    </p>
   </div>
   <div class='ocr_carea' id='block_1_61' title="bbox 473 5699 2034 5783">
    <p class='ocr_par' dir='ltr' id='par_1_61' title="bbox 473 5699 2034 5783">
     <span class='ocr_line' id='line_1_62' title="bbox 473 5699 2034 5783; baseline -0.003 -28"><span class='ocrx_word' id='word_1_459' title='bbox 473 5713 530 5755; x_wconf 79' lang='lat' dir='ltr'><strong>se</strong></span> <span class='ocrx_word' id='word_1_460' title='bbox 556 5699 781 5768; x_wconf 77' lang='lat' dir='ltr'><strong>plerique</strong></span> <span class='ocrx_word' id='word_1_461' title='bbox 802 5707 934 5764; x_wconf 58' lang='lat' dir='ltr'><strong>Item,</strong></span> <span class='ocrx_word' id='word_1_462' title='bbox 955 5707 1008 5753; x_wconf 81' lang='lat' dir='ltr'><strong>ut</strong></span> <span class='ocrx_word' id='word_1_463' title='bbox 1028 5700 1196 5754; x_wconf 75' lang='lat' dir='ltr'><strong>ai-luti.</strong></span> <span class='ocrx_word' id='word_1_464' title='bbox 1285 5699 1296 5705; x_wconf 77' lang='lat'>&#39;</span> <span class='ocrx_word' id='word_1_465' title='bbox 1575 5781 1577 5783; x_wconf 14' lang='grc' dir='ltr'><strong><em>ι</em></strong></span> <span class='ocrx_word' id='word_1_466' title='bbox 1720 5699 1736 5704; x_wconf 73' lang='grc'>⁷</span> <span class='ocrx_word' id='word_1_467' title='bbox 2021 5725 2034 5764; x_wconf 70' lang='grc' dir='ltr'><strong>ι</strong></span> 
     </span>
    </p>
   </div>
   <div class='ocr_carea' id='block_1_62' title="bbox 1071 221 2048 311">
    <p class='ocr_par' dir='ltr' id='par_1_62' title="bbox 1071 221 2048 311">
     <span class='ocr_line' id='line_1_63' title="bbox 1071 221 2048 311; baseline -0.016 0"><span class='ocrx_word' id='word_1_468' title='bbox 1071 255 1160 311; x_wconf 77' lang='lat' dir='ltr'><strong>oe</strong></span> <span class='ocrx_word' id='word_1_469' title='bbox 1196 221 1658 310; x_wconf 64' lang='lat' dir='ltr'><strong>secundum</strong></span> <span class='ocrx_word' id='word_1_470' title='bbox 1697 241 1974 301; x_wconf 74' lang='lat' dir='ltr'><strong>uentus</strong></span> <span class='ocrx_word' id='word_1_471' title='bbox 2015 241 2048 296; x_wconf 74' lang='grc' dir='ltr'>ιε</span> 
     </span>
    </p>
   </div>
   <div class='ocr_carea' id='block_1_63' title="bbox 2152 221 3084 311">
    <p class='ocr_par' dir='ltr' id='par_1_63' title="bbox 2152 235 3084 302">
     <span class='ocr_line' id='line_1_64' title="bbox 2152 235 3084 302; baseline -0.004 -8"><span class='ocrx_word' id='word_1_472' title='bbox 2152 237 2573 302; x_wconf 69' lang='lat' dir='ltr'><strong>REiIISSIONE,</strong></span> <span class='ocrx_word' id='word_1_473' title='bbox 2615 236 2674 294; x_wconf 80' lang='lat' dir='ltr'><strong>S.</strong></span> <span class='ocrx_word' id='word_1_474' title='bbox 2717 235 3084 294; x_wconf 71' lang='lat' dir='ltr'><strong>AUGUSTINI</strong></span> 
     </span>
    </p>
   </div>
   <div class='ocr_carea' id='block_1_64' title="bbox 3615 236 3718 294">
    <p class='ocr_par' dir='ltr' id='par_1_64' title="bbox 3615 236 3718 294">
     <span class='ocr_line' id='line_1_65' title="bbox 3615 236 3718 294; baseline 0.01 -1"><span class='ocrx_word' id='word_1_475' title='bbox 3615 236 3718 294; x_wconf 63' lang='lat' dir='ltr'><strong>I3!</strong></span> 
     </span>
    </p>
   </div>
   <div class='ocr_carea' id='block_1_65' title="bbox 2141 346 3728 422">
    <p class='ocr_par' dir='ltr' id='par_1_65' title="bbox 2141 346 3728 422">
     <span class='ocr_line' id='line_1_66' title="bbox 2141 346 3728 422; baseline -0.001 -17"><span class='ocrx_word' id='word_1_476' title='bbox 2141 351 2238 412; x_wconf 82' lang='lat' dir='ltr'><strong>die,</strong></span> <span class='ocrx_word' id='word_1_477' title='bbox 2266 346 2452 420; x_wconf 84' lang='lat' dir='ltr'><strong>inquit,</strong></span> <span class='ocrx_word' id='word_1_478' title='bbox 2495 351 2634 404; x_wconf 88' lang='lat' dir='ltr'><strong>salus</strong></span> <span class='ocrx_word' id='word_1_479' title='bbox 2675 349 2850 404; x_wconf 83' lang='lat' dir='ltr'><strong>domui</strong></span> <span class='ocrx_word' id='word_1_480' title='bbox 2875 351 2992 403; x_wconf 87' lang='lat' dir='ltr'><strong>huic</strong></span> <span class='ocrx_word' id='word_1_481' title='bbox 3019 353 3156 422; x_wconf 80' lang='lat' dir='ltr'><strong>facta</strong></span> <span class='ocrx_word' id='word_1_482' title='bbox 3180 357 3276 415; x_wconf 86' lang='lat' dir='ltr'><strong>est,</strong></span> <span class='ocrx_word' id='word_1_483' title='bbox 3298 349 3537 419; x_wconf 85' lang='lat' dir='ltr'><strong>quoniam</strong></span> <span class='ocrx_word' id='word_1_484' title='bbox 3559 359 3610 403; x_wconf 86' lang='lat' dir='ltr'><strong>et</strong></span> <span class='ocrx_word' id='word_1_485' title='bbox 3634 352 3728 404; x_wconf 84' lang='lat' dir='ltr'><strong>iste</strong></span> 
     </span>
    </p>
   </div>
   <div class='ocr_carea' id='block_1_66' title="bbox 2139 435 3730 512">
    <p class='ocr_par' dir='ltr' id='par_1_66' title="bbox 2139 435 3730 512">
     <span class='ocr_line' id='line_1_67' title="bbox 2139 435 3730 512; baseline -0.001 -16"><span class='ocrx_word' id='word_1_486' title='bbox 2139 442 2278 512; x_wconf 81' lang='lat' dir='ltr'><strong>[ilius</strong></span> <span class='ocrx_word' id='word_1_487' title='bbox 2299 448 2376 495; x_wconf 86' lang='lat' dir='ltr'><strong>est</strong></span> <span class='ocrx_word' id='word_1_488' title='bbox 2401 439 2638 494; x_wconf 65' lang='lat' dir='ltr'><strong>Abrahae.</strong></span> <span class='ocrx_word' id='word_1_489' title='bbox 2683 435 2828 494; x_wconf 76' lang='lat' dir='ltr'><strong>Venit</strong></span> <span class='ocrx_word' id='word_1_490' title='bbox 2851 441 2984 494; x_wconf 84' lang='lat' dir='ltr'><strong>enim</strong></span> <span class='ocrx_word' id='word_1_491' title='bbox 3005 437 3172 494; x_wconf 79' lang='lat' dir='ltr'><strong>Filius</strong></span> <span class='ocrx_word' id='word_1_492' title='bbox 3196 439 3415 494; x_wconf 76' lang='lat' dir='ltr'><strong>hominis</strong></span> <span class='ocrx_word' id='word_1_493' title='bbox 3441 453 3664 506; x_wconf 62' lang='lat' dir='ltr'><strong>querere</strong></span> <span class='ocrx_word' id='word_1_494' title='bbox 3682 449 3730 495; x_wconf 86' lang='lat' dir='ltr'><strong>et</strong></span> 
     </span>
    </p>
   </div>
   <div class='ocr_carea' id='block_1_67' title="bbox 2137 529 3780 604">
    <p class='ocr_par' dir='ltr' id='par_1_67' title="bbox 2137 529 3780 604">
     <span class='ocr_line' id='line_1_68' title="bbox 2137 529 3780 604; baseline 0.001 -16"><span class='ocrx_word' id='word_1_495' title='bbox 2137 531 2336 588; x_wconf 76' lang='lat' dir='ltr'><strong>saluere</strong></span> <span class='ocrx_word' id='word_1_496' title='bbox 2359 531 2498 602; x_wconf 76' lang='lat' dir='ltr'><strong>quod</strong></span> <span class='ocrx_word' id='word_1_497' title='bbox 2527 532 2745 602; x_wconf 85' lang='lat' dir='ltr'><strong>perierat</strong></span> <span class='ocrx_word' id='word_1_498' title='bbox 2759 529 2908 602; x_wconf 84' lang='lat' dir='ltr'><strong>(Luc.</strong></span> <span class='ocrx_word' id='word_1_499' title='bbox 2937 547 3056 598; x_wconf 75' lang='lat' dir='ltr'><strong>xu,</strong></span> <span class='ocrx_word' id='word_1_500' title='bbox 3081 531 3138 598; x_wconf 83' lang='lat'><strong>9,</strong></span> <span class='ocrx_word' id='word_1_501' title='bbox 3170 531 3284 604; x_wconf 81' lang='lat' dir='ltr'><strong>I0).</strong></span> <span class='ocrx_word' id='word_1_502' title='bbox 3315 531 3502 590; x_wconf 73' lang='lat' dir='ltr'><strong>[locet</strong></span> <span class='ocrx_word' id='word_1_503' title='bbox 3521 533 3591 590; x_wconf 81' lang='lat' dir='ltr'><strong>de</strong></span> <span class='ocrx_word' id='word_1_504' title='bbox 3631 547 3736 590; x_wconf 74' lang='lat' dir='ltr'><strong>ovo</strong></span> <span class='ocrx_word' id='word_1_505' title='bbox 3761 545 3780 552; x_wconf 82' lang='lat'><strong><em>&#39;</em></strong></span> 
     </span>
    </p>
   </div>
   <div class='ocr_carea' id='block_1_68' title="bbox 2138 619 3733 694">
    <p class='ocr_par' dir='ltr' id='par_1_68' title="bbox 2138 619 3733 694">
     <span class='ocr_line' id='line_1_69' title="bbox 2138 619 3733 694; baseline 0.001 -16"><span class='ocrx_word' id='word_1_506' title='bbox 2138 619 2345 694; x_wconf 81' lang='lat' dir='ltr'><strong>perdita</strong></span> <span class='ocrx_word' id='word_1_507' title='bbox 2359 632 2413 678; x_wconf 87' lang='lat' dir='ltr'><strong>et</strong></span> <span class='ocrx_word' id='word_1_508' title='bbox 2429 621 2630 678; x_wconf 83' lang='lat' dir='ltr'><strong>relictis</strong></span> <span class='ocrx_word' id='word_1_509' title='bbox 2658 625 2942 693; x_wconf 76' lang='lat' dir='ltr'><strong>nonaginta</strong></span> <span class='ocrx_word' id='word_1_510' title='bbox 2971 635 3164 678; x_wconf 77' lang='lat' dir='ltr'><strong>novem</strong></span> <span class='ocrx_word' id='word_1_511' title='bbox 3181 628 3402 694; x_wconf 72' lang='lat' dir='ltr'><strong>qumslta</strong></span> <span class='ocrx_word' id='word_1_512' title='bbox 3422 632 3479 680; x_wconf 90' lang='lat' dir='ltr'><strong>et</strong></span> <span class='ocrx_word' id='word_1_513' title='bbox 3495 623 3733 687; x_wconf 79' lang='lat' dir='ltr'><strong>inventa;</strong></span> 
     </span>
    </p>
   </div>
   <div class='ocr_carea' id='block_1_69' title="bbox 2139 703 3734 785">
    <p class='ocr_par' dir='ltr' id='par_1_69' title="bbox 2139 703 3734 785">
     <span class='ocr_line' id='line_1_70' title="bbox 2139 703 3734 785; baseline 0.001 -16"><span class='ocrx_word' id='word_1_514' title='bbox 2139 713 2242 769; x_wconf 82' lang='lat' dir='ltr'><strong>hoc</strong></span> <span class='ocrx_word' id='word_1_515' title='bbox 2255 721 2312 769; x_wconf 83' lang='lat' dir='ltr'><strong>et</strong></span> <span class='ocrx_word' id='word_1_516' title='bbox 2327 713 2395 770; x_wconf 88' lang='lat' dir='ltr'><strong>de</strong></span> <span class='ocrx_word' id='word_1_517' title='bbox 2409 711 2664 769; x_wconf 79' lang='lat' dir='ltr'><strong>drachma</strong></span> <span class='ocrx_word' id='word_1_518' title='bbox 2677 727 2797 785; x_wconf 76' lang='lat' dir='ltr'><strong>qua:</strong></span> <span class='ocrx_word' id='word_1_519' title='bbox 2815 713 3045 785; x_wconf 85' lang='lat' dir='ltr'><strong>perierat</strong></span> <span class='ocrx_word' id='word_1_520' title='bbox 3055 703 3122 769; x_wconf 76' lang='lat' dir='ltr'><strong>es</strong></span> <span class='ocrx_word' id='word_1_521' title='bbox 3131 711 3317 770; x_wconf 86' lang='lat' dir='ltr'><strong>decent</strong></span> <span class='ocrx_word' id='word_1_522' title='bbox 3335 711 3446 780; x_wconf 85' lang='lat' dir='ltr'><strong>(Id.</strong></span> <span class='ocrx_word' id='word_1_523' title='bbox 3461 729 3548 780; x_wconf 79' lang='lat' dir='ltr'><strong>xv,</strong></span> <span class='ocrx_word' id='word_1_524' title='bbox 3563 715 3641 771; x_wconf 75' lang='lat'><strong>3-!</strong></span> <span class='ocrx_word' id='word_1_525' title='bbox 3652 713 3734 785; x_wconf 83' lang='lat'><strong>0).</strong></span> 
     </span>
    </p>
   </div>
   <div class='ocr_carea' id='block_1_70' title="bbox 2139 803 3730 877">
    <p class='ocr_par' dir='ltr' id='par_1_70' title="bbox 2139 803 3730 877">
     <span class='ocr_line' id='line_1_71' title="bbox 2139 803 3730 877; baseline -0.002 -14"><span class='ocrx_word' id='word_1_526' title='bbox 2139 803 2294 863; x_wconf 78' lang='lat' dir='ltr'><strong>Unde</strong></span> <span class='ocrx_word' id='word_1_527' title='bbox 2319 804 2600 875; x_wconf 77' lang='lat' dir='ltr'><strong>Oportebat,</strong></span> <span class='ocrx_word' id='word_1_528' title='bbox 2631 812 2694 860; x_wconf 89' lang='lat' dir='ltr'><strong>ut</strong></span> <span class='ocrx_word' id='word_1_529' title='bbox 2715 803 2873 872; x_wconf 80' lang='lat' dir='ltr'><strong>dicit,</strong></span> <span class='ocrx_word' id='word_1_530' title='bbox 2901 803 3168 876; x_wconf 81' lang='lat' dir='ltr'><strong>prtcdicari</strong></span> <span class='ocrx_word' id='word_1_531' title='bbox 3189 804 3243 858; x_wconf 89' lang='lat' dir='ltr'><strong>in</strong></span> <span class='ocrx_word' id='word_1_532' title='bbox 3267 805 3471 859; x_wconf 79' lang='lat' dir='ltr'><strong>nomine</strong></span> <span class='ocrx_word' id='word_1_533' title='bbox 3489 807 3601 877; x_wconf 83' lang='lat' dir='ltr'><strong>ejus</strong></span> <span class='ocrx_word' id='word_1_534' title='bbox 3629 821 3730 875; x_wconf 74' lang='lat' dir='ltr'><strong>pa:-</strong></span> 
     </span>
    </p>
   </div>
   <div class='ocr_carea' id='block_1_71' title="bbox 2139 895 3734 970">
    <p class='ocr_par' dir='ltr' id='par_1_71' title="bbox 2139 895 3734 970">
     <span class='ocr_line' id='line_1_72' title="bbox 2139 895 3734 970; baseline 0 -20"><span class='ocrx_word' id='word_1_535' title='bbox 2139 896 2402 950; x_wconf 72' lang='lat' dir='ltr'><strong>nitentiam</strong></span> <span class='ocrx_word' id='word_1_536' title='bbox 2423 905 2471 949; x_wconf 85' lang='lat' dir='ltr'><strong>et</strong></span> <span class='ocrx_word' id='word_1_537' title='bbox 2489 895 2833 950; x_wconf 73' lang='lat' dir='ltr'><strong>remissionem</strong></span> <span class='ocrx_word' id='word_1_538' title='bbox 2873 896 3194 965; x_wconf 75' lang='lat' dir='ltr'><strong>peccatorum</strong></span> <span class='ocrx_word' id='word_1_539' title='bbox 3233 896 3289 950; x_wconf 84' lang='lat' dir='ltr'><strong>in</strong></span> <span class='ocrx_word' id='word_1_540' title='bbox 3324 913 3498 952; x_wconf 82' lang='lat' dir='ltr'><strong>omnes</strong></span> <span class='ocrx_word' id='word_1_541' title='bbox 3541 907 3734 970; x_wconf 78' lang='lat' dir='ltr'><strong>gentes,</strong></span> 
     </span>
    </p>
   </div>
   <div class='ocr_carea' id='block_1_72' title="bbox 2141 977 3740 1061">
    <p class='ocr_par' dir='ltr' id='par_1_72' title="bbox 2141 977 3740 1061">
     <span class='ocr_line' id='line_1_73' title="bbox 2141 977 3740 1061; baseline 0.004 -21"><span class='ocrx_word' id='word_1_542' title='bbox 2141 983 2496 1056; x_wconf 81' lang='lat' dir='ltr'><strong>incipientibus</strong></span> <span class='ocrx_word' id='word_1_543' title='bbox 2518 985 2582 1040; x_wconf 80' lang='lat' dir='ltr'><strong>ab</strong></span> <span class='ocrx_word' id='word_1_544' title='bbox 2607 977 3036 1057; x_wconf 29' lang='lat' dir='ltr'><strong>Jerusalem‘Ud.</strong></span> <span class='ocrx_word' id='word_1_545' title='bbox 3066 1003 3212 1053; x_wconf 70' lang='lat' dir='ltr'><strong>XXIV,</strong></span> <span class='ocrx_word' id='word_1_546' title='bbox 3241 987 3334 1054; x_wconf 75' lang='grc' dir='ltr'><strong>ιθ,</strong></span> <span class='ocrx_word' id='word_1_547' title='bbox 3370 985 3497 1061; x_wconf 73' lang='grc' dir='ltr'><strong>Π).</strong></span> <span class='ocrx_word' id='word_1_548' title='bbox 3527 989 3740 1046; x_wconf 80' lang='lat' dir='ltr'><strong>Marcus</strong></span> 
     </span>
    </p>
   </div>
   <div class='ocr_carea' id='block_1_73' title="bbox 2138 1075 3734 1148">
    <p class='ocr_par' dir='ltr' id='par_1_73' title="bbox 2138 1075 3734 1148">
     <span class='ocr_line' id='line_1_74' title="bbox 2138 1075 3734 1148; baseline 0.002 -16"><span class='ocrx_word' id='word_1_549' title='bbox 2138 1077 2303 1132; x_wconf 88' lang='lat' dir='ltr'><strong>etiam</strong></span> <span class='ocrx_word' id='word_1_550' title='bbox 2333 1076 2384 1130; x_wconf 90' lang='lat' dir='ltr'><strong>in</strong></span> <span class='ocrx_word' id='word_1_551' title='bbox 2403 1075 2510 1132; x_wconf 92' lang='lat' dir='ltr'><strong>ﬁne</strong></span> <span class='ocrx_word' id='word_1_552' title='bbox 2526 1077 2795 1148; x_wconf 74' lang='lat' dir='ltr'><strong>Evangelii</strong></span> <span class='ocrx_word' id='word_1_553' title='bbox 2813 1077 2896 1132; x_wconf 87' lang='lat' dir='ltr'><strong>sui</strong></span> <span class='ocrx_word' id='word_1_554' title='bbox 2919 1077 3205 1134; x_wconf 88' lang='lat' dir='ltr'><strong>Dominum</strong></span> <span class='ocrx_word' id='word_1_555' title='bbox 3233 1078 3436 1134; x_wconf 77' lang='lat' dir='ltr'><strong>dixisse</strong></span> <span class='ocrx_word' id='word_1_556' title='bbox 3465 1088 3691 1135; x_wconf 82' lang='lat' dir='ltr'><strong>testatur</strong></span> <span class='ocrx_word' id='word_1_557' title='bbox 3717 1096 3734 1135; x_wconf 85' lang='lat'><strong>:</strong></span> 
     </span>
    </p>
   </div>
   <div class='ocr_carea' id='block_1_74' title="bbox 2143 1165 3735 1240">
    <p class='ocr_par' dir='ltr' id='par_1_74' title="bbox 2143 1165 3735 1240">
     <span class='ocr_line' id='line_1_75' title="bbox 2143 1165 3735 1240; baseline 0.003 -20"><span class='ocrx_word' id='word_1_558' title='bbox 2143 1165 2336 1221; x_wconf 75' lang='lat' dir='ltr'><strong>Euntes</strong></span> <span class='ocrx_word' id='word_1_559' title='bbox 2372 1165 2428 1221; x_wconf 88' lang='lat' dir='ltr'><strong>in</strong></span> <span class='ocrx_word' id='word_1_560' title='bbox 2471 1166 2716 1220; x_wconf 84' lang='lat' dir='ltr'><strong>mundum</strong></span> <span class='ocrx_word' id='word_1_561' title='bbox 2759 1165 3046 1222; x_wconf 80' lang='lat' dir='ltr'><strong>universum</strong></span> <span class='ocrx_word' id='word_1_562' title='bbox 3087 1169 3360 1238; x_wconf 68' lang='lat' dir='ltr'><strong>pradicate</strong></span> <span class='ocrx_word' id='word_1_563' title='bbox 3399 1167 3735 1240; x_wconf 78' lang='lat' dir='ltr'><strong>Eeangcliunt</strong></span> 
     </span>
    </p>
   </div>
   <div class='ocr_carea' id='block_1_75' title="bbox 2141 1255 3736 1332">
    <p class='ocr_par' dir='ltr' id='par_1_75' title="bbox 2141 1255 3736 1332">
     <span class='ocr_line' id='line_1_76' title="bbox 2141 1255 3736 1332; baseline 0.005 -24"><span class='ocrx_word' id='word_1_564' title='bbox 2141 1255 2282 1308; x_wconf 87' lang='lat' dir='ltr'><strong>onmi</strong></span> <span class='ocrx_word' id='word_1_565' title='bbox 2307 1266 2572 1310; x_wconf 70' lang='lat' dir='ltr'><strong>creaturae.</strong></span> <span class='ocrx_word' id='word_1_566' title='bbox 2609 1255 2709 1324; x_wconf 83' lang='lat' dir='ltr'><strong>Qui</strong></span> <span class='ocrx_word' id='word_1_567' title='bbox 2741 1255 3007 1312; x_wconf 79' lang='lat' dir='ltr'><strong>crediderit</strong></span> <span class='ocrx_word' id='word_1_568' title='bbox 3034 1267 3081 1312; x_wconf 91' lang='lat' dir='ltr'><strong>et</strong></span> <span class='ocrx_word' id='word_1_569' title='bbox 3117 1259 3401 1330; x_wconf 72' lang='lat' dir='ltr'><strong>baptizatus</strong></span> <span class='ocrx_word' id='word_1_570' title='bbox 3428 1262 3604 1332; x_wconf 78' lang='lat' dir='ltr'><strong>fuerit,</strong></span> <span class='ocrx_word' id='word_1_571' title='bbox 3625 1259 3736 1316; x_wconf 79' lang='lat' dir='ltr'><strong>sal-</strong></span> 
     </span>
    </p>
   </div>
   <div class='ocr_carea' id='block_1_76' title="bbox 2143 1348 3737 1424">
    <p class='ocr_par' dir='ltr' id='par_1_76' title="bbox 2143 1348 3737 1424">
     <span class='ocr_line' id='line_1_77' title="bbox 2143 1348 3737 1424; baseline 0.004 -22"><span class='ocrx_word' id='word_1_572' title='bbox 2143 1363 2232 1402; x_wconf 78' lang='lat' dir='ltr'><strong>vus</strong></span> <span class='ocrx_word' id='word_1_573' title='bbox 2255 1349 2387 1402; x_wconf 86' lang='lat' dir='ltr'><strong>erit:</strong></span> <span class='ocrx_word' id='word_1_574' title='bbox 2411 1349 2498 1420; x_wconf 85' lang='lat' dir='ltr'><strong>qui</strong></span> <span class='ocrx_word' id='word_1_575' title='bbox 2517 1365 2630 1403; x_wconf 78' lang='lat' dir='ltr'><strong>vero</strong></span> <span class='ocrx_word' id='word_1_576' title='bbox 2653 1364 2756 1404; x_wconf 87' lang='lat' dir='ltr'><strong>non</strong></span> <span class='ocrx_word' id='word_1_577' title='bbox 2773 1348 3066 1416; x_wconf 81' lang='lat' dir='ltr'><strong>crediderit,</strong></span> <span class='ocrx_word' id='word_1_578' title='bbox 3099 1351 3512 1406; x_wconf 70' lang='lat' dir='ltr'><strong>condemnabitur</strong></span> <span class='ocrx_word' id='word_1_579' title='bbox 3544 1351 3737 1424; x_wconf 76' lang='lat' dir='ltr'><strong>(Marc.</strong></span> 
     </span>
    </p>
   </div>
   <div class='ocr_carea' id='block_1_77' title="bbox 2083 1431 3737 1514">
    <p class='ocr_par' dir='ltr' id='par_1_77' title="bbox 2083 1431 3737 1514">
     <span class='ocr_line' id='line_1_78' title="bbox 2083 1431 3737 1514; baseline 0.005 -20"><span class='ocrx_word' id='word_1_580' title='bbox 2083 1448 2086 1454; x_wconf 92' lang='lat'>&#39;</span> <span class='ocrx_word' id='word_1_581' title='bbox 2146 1455 2256 1507; x_wconf 71' lang='lat' dir='ltr'><strong>1m,</strong></span> <span class='ocrx_word' id='word_1_582' title='bbox 2285 1431 2375 1508; x_wconf 73' lang='lat'><strong>15,</strong></span> <span class='ocrx_word' id='word_1_583' title='bbox 2408 1438 2518 1514; x_wconf 84' lang='lat' dir='ltr'><strong>i6).</strong></span> <span class='ocrx_word' id='word_1_584' title='bbox 2540 1439 2672 1508; x_wconf 83' lang='lat' dir='ltr'><strong>Quis</strong></span> <span class='ocrx_word' id='word_1_585' title='bbox 2695 1449 2876 1497; x_wconf 88' lang='lat' dir='ltr'><strong>autem</strong></span> <span class='ocrx_word' id='word_1_586' title='bbox 2901 1443 3122 1510; x_wconf 84' lang='lat' dir='ltr'><strong>nesciat,</strong></span> <span class='ocrx_word' id='word_1_587' title='bbox 3157 1443 3380 1500; x_wconf 87' lang='lat' dir='ltr'><strong>credere</strong></span> <span class='ocrx_word' id='word_1_588' title='bbox 3402 1459 3522 1502; x_wconf 86' lang='lat' dir='ltr'><strong>esse</strong></span> <span class='ocrx_word' id='word_1_589' title='bbox 3561 1445 3737 1502; x_wconf 78' lang='lat' dir='ltr'><strong>inlan-</strong></span> 
     </span>
    </p>
   </div>
   <div class='ocr_carea' id='block_1_78' title="bbox 2083 1529 3740 1606">
    <p class='ocr_par' dir='ltr' id='par_1_78' title="bbox 2083 1529 3740 1606">
     <span class='ocr_line' id='line_1_79' title="bbox 2083 1529 3740 1606; baseline 0.004 -20"><span class='ocrx_word' id='word_1_590' title='bbox 2083 1539 2088 1548; x_wconf 91' lang='lat'><strong>&#39;</strong></span> <span class='ocrx_word' id='word_1_591' title='bbox 2146 1531 2290 1588; x_wconf 86' lang='lat' dir='ltr'><strong>tibus</strong></span> <span class='ocrx_word' id='word_1_592' title='bbox 2313 1529 2726 1605; x_wconf 5' lang='lat' dir='ltr'><strong>baptizari,qnon</strong></span> <span class='ocrx_word' id='word_1_593' title='bbox 2771 1534 2995 1590; x_wconf 86' lang='lat' dir='ltr'><strong>credere</strong></span> <span class='ocrx_word' id='word_1_594' title='bbox 3042 1543 3252 1602; x_wconf 87' lang='lat' dir='ltr'><strong>autem,</strong></span> <span class='ocrx_word' id='word_1_595' title='bbox 3298 1549 3404 1590; x_wconf 84' lang='lat' dir='ltr'><strong>non</strong></span> <span class='ocrx_word' id='word_1_596' title='bbox 3443 1536 3740 1606; x_wconf 68' lang='lat' dir='ltr'><strong>baptizari?</strong></span> 
     </span>
    </p>
   </div>
   <div class='ocr_carea' id='block_1_79' title="bbox 2147 1623 3738 1700">
    <p class='ocr_par' dir='ltr' id='par_1_79' title="bbox 2147 1623 3738 1700">
     <span class='ocr_line' id='line_1_80' title="bbox 2147 1623 3738 1700; baseline 0.005 -22"><span class='ocrx_word' id='word_1_597' title='bbox 2147 1623 2227 1678; x_wconf 78' lang='lat' dir='ltr'><strong>Ex</strong></span> <span class='ocrx_word' id='word_1_598' title='bbox 2253 1623 2476 1679; x_wconf 73' lang='lat' dir='ltr'><strong>Joannis</strong></span> <span class='ocrx_word' id='word_1_599' title='bbox 2511 1633 2692 1682; x_wconf 88' lang='lat' dir='ltr'><strong>autem</strong></span> <span class='ocrx_word' id='word_1_600' title='bbox 2743 1625 3031 1700; x_wconf 77' lang='lat' dir='ltr'><strong>E‘rangelio</strong></span> <span class='ocrx_word' id='word_1_601' title='bbox 3065 1629 3308 1698; x_wconf 88' lang='lat' dir='ltr'><strong>quamvis</strong></span> <span class='ocrx_word' id='word_1_602' title='bbox 3341 1628 3452 1700; x_wconf 87' lang='lat' dir='ltr'><strong>jam</strong></span> <span class='ocrx_word' id='word_1_603' title='bbox 3484 1629 3738 1686; x_wconf 75' lang='lat' dir='ltr'><strong>nontntlh</strong></span> 
     </span>
    </p>
   </div>
   <div class='ocr_carea' id='block_1_80' title="bbox 2148 1711 3739 1792">
    <p class='ocr_par' dir='ltr' id='par_1_80' title="bbox 2148 1711 3739 1792">
     <span class='ocr_line' id='line_1_81' title="bbox 2148 1711 3739 1792; baseline 0.005 -24"><span class='ocrx_word' id='word_1_604' title='bbox 2148 1716 2504 1785; x_wconf 86' lang='lat' dir='ltr'><strong>posuerimus,</strong></span> <span class='ocrx_word' id='word_1_605' title='bbox 2545 1711 2761 1772; x_wconf 71' lang='lat' dir='ltr'><strong>attende</strong></span> <span class='ocrx_word' id='word_1_606' title='bbox 2791 1717 2953 1772; x_wconf 87' lang='lat' dir='ltr'><strong>etiam</strong></span> <span class='ocrx_word' id='word_1_607' title='bbox 2991 1717 3114 1773; x_wconf 88' lang='lat' dir='ltr'><strong>ista.</strong></span> <span class='ocrx_word' id='word_1_608' title='bbox 3144 1717 3381 1776; x_wconf 78' lang='lat' dir='ltr'><strong>Joannes</strong></span> <span class='ocrx_word' id='word_1_609' title='bbox 3403 1719 3641 1792; x_wconf 82' lang='lat' dir='ltr'><strong>Baptista</strong></span> <span class='ocrx_word' id='word_1_610' title='bbox 3668 1721 3739 1776; x_wconf 78' lang='lat' dir='ltr'><strong>de</strong></span> 
     </span>
    </p>
   </div>
   <div class='ocr_carea' id='block_1_81' title="bbox 2149 1805 3741 1880">
    <p class='ocr_par' dir='ltr' id='par_1_81' title="bbox 2149 1805 3741 1880">
     <span class='ocr_line' id='line_1_82' title="bbox 2149 1805 3741 1880; baseline 0.004 -19"><span class='ocrx_word' id='word_1_611' title='bbox 2149 1806 2276 1862; x_wconf 87' lang='lat' dir='ltr'><strong>illo:</strong></span> <span class='ocrx_word' id='word_1_612' title='bbox 2312 1805 2448 1861; x_wconf 76' lang='lat' dir='ltr'><strong>Ecce</strong></span> <span class='ocrx_word' id='word_1_613' title='bbox 2487 1807 2662 1878; x_wconf 79' lang='lat' dir='ltr'><strong>Agnes</strong></span> <span class='ocrx_word' id='word_1_614' title='bbox 2700 1806 2815 1874; x_wconf 86' lang='lat' dir='ltr'><strong>Dei,</strong></span> <span class='ocrx_word' id='word_1_615' title='bbox 2860 1823 2972 1864; x_wconf 85' lang='lat' dir='ltr'><strong>cccc</strong></span> <span class='ocrx_word' id='word_1_616' title='bbox 3013 1811 3102 1879; x_wconf 82' lang='lat' dir='ltr'><strong>qui</strong></span> <span class='ocrx_word' id='word_1_617' title='bbox 3141 1811 3270 1865; x_wconf 88' lang='lat' dir='ltr'><strong>tollit</strong></span> <span class='ocrx_word' id='word_1_618' title='bbox 3309 1819 3512 1880; x_wconf 82' lang='lat' dir='ltr'><strong>peccata</strong></span> <span class='ocrx_word' id='word_1_619' title='bbox 3559 1813 3741 1868; x_wconf 66' lang='lat' dir='ltr'><strong>turmali</strong></span> 
     </span>
    </p>
   </div>
   <div class='ocr_carea' id='block_1_82' title="bbox 2149 1895 3734 1970">
    <p class='ocr_par' dir='ltr' id='par_1_82' title="bbox 2149 1895 3734 1970">
     <span class='ocr_line' id='line_1_83' title="bbox 2149 1895 3734 1970; baseline 0.004 -19"><span class='ocrx_word' id='word_1_620' title='bbox 2149 1895 2330 1966; x_wconf 79' lang='lat' dir='ltr'><strong>(Joan.</strong></span> <span class='ocrx_word' id='word_1_621' title='bbox 2363 1913 2400 1963; x_wconf 84' lang='grc' dir='ltr'>ι,</span> <span class='ocrx_word' id='word_1_622' title='bbox 2429 1897 2546 1968; x_wconf 75' lang='lat'><strong>29).</strong></span> <span class='ocrx_word' id='word_1_623' title='bbox 2596 1897 2664 1957; x_wconf 85' lang='lat' dir='ltr'><strong>Et</strong></span> <span class='ocrx_word' id='word_1_624' title='bbox 2692 1899 2805 1968; x_wconf 90' lang='lat' dir='ltr'><strong>ipse</strong></span> <span class='ocrx_word' id='word_1_625' title='bbox 2829 1899 2900 1954; x_wconf 91' lang='lat' dir='ltr'><strong>de</strong></span> <span class='ocrx_word' id='word_1_626' title='bbox 2923 1915 2982 1954; x_wconf 88' lang='lat' dir='ltr'><strong>se</strong></span> <span class='ocrx_word' id='word_1_627' title='bbox 3006 1901 3122 1970; x_wconf 89' lang='lat' dir='ltr'><strong>ipso</strong></span> <span class='ocrx_word' id='word_1_628' title='bbox 3149 1917 3163 1954; x_wconf 89' lang='lat'><strong>:</strong></span> <span class='ocrx_word' id='word_1_629' title='bbox 3195 1901 3296 1970; x_wconf 85' lang='lat' dir='ltr'><strong>Qui</strong></span> <span class='ocrx_word' id='word_1_630' title='bbox 3319 1901 3383 1956; x_wconf 83' lang='lat' dir='ltr'><strong>de</strong></span> <span class='ocrx_word' id='word_1_631' title='bbox 3407 1902 3579 1956; x_wconf 79' lang='lat' dir='ltr'><strong>ovibus</strong></span> <span class='ocrx_word' id='word_1_632' title='bbox 3609 1905 3734 1958; x_wconf 80' lang='lat' dir='ltr'><strong>utris</strong></span> 
     </span>
    </p>
   </div>
   <div class='ocr_carea' id='block_1_83' title="bbox 2149 1990 3737 2068">
    <p class='ocr_par' dir='ltr' id='par_1_83' title="bbox 2149 1990 3737 2068">
     <span class='ocr_line' id='line_1_84' title="bbox 2149 1990 3737 2068; baseline 0.005 -26"><span class='ocrx_word' id='word_1_633' title='bbox 2149 1998 2290 2054; x_wconf 88' lang='lat' dir='ltr'><strong>sunt,-</strong></span> <span class='ocrx_word' id='word_1_634' title='bbox 2315 2005 2481 2044; x_wconf 80' lang='lat' dir='ltr'><strong>voccm</strong></span> <span class='ocrx_word' id='word_1_635' title='bbox 2508 2005 2670 2044; x_wconf 85' lang='lat' dir='ltr'><strong>nteant</strong></span> <span class='ocrx_word' id='word_1_636' title='bbox 2688 1990 2940 2068; x_wconf 66' lang='lat' dir='ltr'><strong>audiunt;</strong></span> <span class='ocrx_word' id='word_1_637' title='bbox 2969 2001 3016 2046; x_wconf 79' lang='lat' dir='ltr'><strong>et</strong></span> <span class='ocrx_word' id='word_1_638' title='bbox 3035 2009 3128 2064; x_wconf 81' lang='lat' dir='ltr'><strong>ego</strong></span> <span class='ocrx_word' id='word_1_639' title='bbox 3153 1994 3268 2047; x_wconf 78' lang='lat' dir='ltr'><strong>novi</strong></span> <span class='ocrx_word' id='word_1_640' title='bbox 3293 1994 3432 2061; x_wconf 85' lang='lat' dir='ltr'><strong>illas,</strong></span> <span class='ocrx_word' id='word_1_641' title='bbox 3453 2005 3500 2048; x_wconf 89' lang='lat' dir='ltr'><strong>et</strong></span> <span class='ocrx_word' id='word_1_642' title='bbox 3521 2009 3737 2066; x_wconf 84' lang='lat' dir='ltr'><strong>sequun-</strong></span> 
     </span>
    </p>
   </div>
   <div class='ocr_carea' id='block_1_84' title="bbox 2149 2083 3739 2156">
    <p class='ocr_par' dir='ltr' id='par_1_84' title="bbox 2149 2083 3739 2156">
     <span class='ocr_line' id='line_1_85' title="bbox 2149 2083 3739 2156; baseline 0.004 -23"><span class='ocrx_word' id='word_1_643' title='bbox 2149 2089 2232 2134; x_wconf 85' lang='lat' dir='ltr'><strong>tur</strong></span> <span class='ocrx_word' id='word_1_644' title='bbox 2259 2097 2372 2147; x_wconf 84' lang='lat' dir='ltr'><strong>me;</strong></span> <span class='ocrx_word' id='word_1_645' title='bbox 2398 2091 2446 2134; x_wconf 80' lang='lat' dir='ltr'><strong>et</strong></span> <span class='ocrx_word' id='word_1_646' title='bbox 2461 2097 2554 2154; x_wconf 85' lang='lat' dir='ltr'><strong>ego</strong></span> <span class='ocrx_word' id='word_1_647' title='bbox 2581 2083 2734 2136; x_wconf 80' lang='lat' dir='ltr'><strong>vitam</strong></span> <span class='ocrx_word' id='word_1_648' title='bbox 2760 2093 3002 2138; x_wconf 70' lang='lat' dir='ltr'><strong>cateruam</strong></span> <span class='ocrx_word' id='word_1_649' title='bbox 3040 2084 3107 2139; x_wconf 88' lang='lat' dir='ltr'><strong>do</strong></span> <span class='ocrx_word' id='word_1_650' title='bbox 3134 2085 3256 2151; x_wconf 84' lang='lat' dir='ltr'><strong>illis,</strong></span> <span class='ocrx_word' id='word_1_651' title='bbox 3303 2095 3351 2140; x_wconf 89' lang='lat' dir='ltr'><strong>et</strong></span> <span class='ocrx_word' id='word_1_652' title='bbox 3380 2102 3479 2140; x_wconf 89' lang='lat' dir='ltr'><strong>non</strong></span> <span class='ocrx_word' id='word_1_653' title='bbox 3505 2087 3739 2156; x_wconf 82' lang='lat' dir='ltr'><strong>peribunt</strong></span> 
     </span>
    </p>
   </div>
   <div class='ocr_carea' id='block_1_85' title="bbox 2149 2169 3740 2248">
    <p class='ocr_par' dir='ltr' id='par_1_85' title="bbox 2149 2169 3740 2248">
     <span class='ocr_line' id='line_1_86' title="bbox 2149 2169 3740 2248; baseline 0.003 -24"><span class='ocrx_word' id='word_1_654' title='bbox 2149 2169 2202 2224; x_wconf 92' lang='lat' dir='ltr'><strong>in</strong></span> <span class='ocrx_word' id='word_1_655' title='bbox 2225 2179 2468 2226; x_wconf 71' lang='lat' dir='ltr'><strong>teter-num</strong></span> <span class='ocrx_word' id='word_1_656' title='bbox 2493 2170 2606 2242; x_wconf 87' lang='lat' dir='ltr'><strong>(Id.</strong></span> <span class='ocrx_word' id='word_1_657' title='bbox 2633 2187 2689 2239; x_wconf 67' lang='grc' dir='ltr'><strong>κ,</strong></span> <span class='ocrx_word' id='word_1_658' title='bbox 2716 2171 2955 2244; x_wconf 70' lang='lat'><strong>27,28).</strong></span> <span class='ocrx_word' id='word_1_659' title='bbox 2985 2172 3115 2242; x_wconf 84' lang='lat' dir='ltr'><strong>Quia</strong></span> <span class='ocrx_word' id='word_1_660' title='bbox 3150 2190 3278 2246; x_wconf 80' lang='lat' dir='ltr'><strong>ergo</strong></span> <span class='ocrx_word' id='word_1_661' title='bbox 3313 2175 3382 2231; x_wconf 87' lang='lat' dir='ltr'><strong>de</strong></span> <span class='ocrx_word' id='word_1_662' title='bbox 3404 2177 3596 2233; x_wconf 77' lang='lat' dir='ltr'><strong>ovibus</strong></span> <span class='ocrx_word' id='word_1_663' title='bbox 3620 2176 3740 2248; x_wconf 86' lang='lat' dir='ltr'><strong>ejus</strong></span> 
     </span>
    </p>
   </div>
   <div class='ocr_carea' id='block_1_86' title="bbox 2153 2265 3739 2342">
    <p class='ocr_par' dir='ltr' id='par_1_86' title="bbox 2153 2265 3739 2342">
     <span class='ocr_line' id='line_1_87' title="bbox 2153 2265 3739 2342; baseline 0.003 -23"><span class='ocrx_word' id='word_1_664' title='bbox 2153 2280 2258 2320; x_wconf 90' lang='lat' dir='ltr'><strong>non</strong></span> <span class='ocrx_word' id='word_1_665' title='bbox 2287 2279 2408 2320; x_wconf 91' lang='lat' dir='ltr'><strong>esse</strong></span> <span class='ocrx_word' id='word_1_666' title='bbox 2436 2265 2688 2336; x_wconf 90' lang='lat' dir='ltr'><strong>incipiunt</strong></span> <span class='ocrx_word' id='word_1_667' title='bbox 2715 2265 2938 2336; x_wconf 74' lang='lat' dir='ltr'><strong>parvuli,</strong></span> <span class='ocrx_word' id='word_1_668' title='bbox 2981 2268 3080 2322; x_wconf 90' lang='lat' dir='ltr'><strong>nisi</strong></span> <span class='ocrx_word' id='word_1_669' title='bbox 3110 2283 3204 2339; x_wconf 89' lang='lat' dir='ltr'><strong>per</strong></span> <span class='ocrx_word' id='word_1_670' title='bbox 3229 2269 3584 2338; x_wconf 82' lang='lat' dir='ltr'><strong>Baptismnm;</strong></span> <span class='ocrx_word' id='word_1_671' title='bbox 3614 2284 3739 2342; x_wconf 70' lang='lat' dir='ltr'><strong>proL</strong></span> 
     </span>
    </p>
   </div>
   <div class='ocr_carea' id='block_1_87' title="bbox 2151 2354 3735 2430">
    <p class='ocr_par' dir='ltr' id='par_1_87' title="bbox 2151 2354 3735 2430">
     <span class='ocr_line' id='line_1_88' title="bbox 2151 2354 3735 2430; baseline 0.004 -20"><span class='ocrx_word' id='word_1_672' title='bbox 2151 2354 2292 2412; x_wconf 82' lang='lat' dir='ltr'><strong>lecto</strong></span> <span class='ocrx_word' id='word_1_673' title='bbox 2336 2355 2381 2410; x_wconf 89' lang='lat' dir='ltr'><strong>si</strong></span> <span class='ocrx_word' id='word_1_674' title='bbox 2433 2356 2535 2412; x_wconf 90' lang='lat' dir='ltr'><strong>hoc</strong></span> <span class='ocrx_word' id='word_1_675' title='bbox 2577 2371 2685 2412; x_wconf 92' lang='lat' dir='ltr'><strong>non</strong></span> <span class='ocrx_word' id='word_1_676' title='bbox 2720 2359 3011 2430; x_wconf 88' lang='lat' dir='ltr'><strong>accipiunt,</strong></span> <span class='ocrx_word' id='word_1_677' title='bbox 3057 2359 3338 2429; x_wconf 89' lang='lat' dir='ltr'><strong>peribunt:</strong></span> <span class='ocrx_word' id='word_1_678' title='bbox 3387 2361 3545 2417; x_wconf 71' lang='lat' dir='ltr'><strong>vitam</strong></span> <span class='ocrx_word' id='word_1_679' title='bbox 3589 2362 3735 2418; x_wconf 89' lang='lat' dir='ltr'><strong>enim</strong></span> 
     </span>
    </p>
   </div>
   <div class='ocr_carea' id='block_1_88' title="bbox 2151 2449 3733 2526">
    <p class='ocr_par' dir='ltr' id='par_1_88' title="bbox 2151 2449 3733 2526">
     <span class='ocr_line' id='line_1_89' title="bbox 2151 2449 3733 2526; baseline 0.004 -25"><span class='ocrx_word' id='word_1_680' title='bbox 2151 2455 2427 2514; x_wconf 60' lang='lat' dir='ltr'><strong>aeternam,</strong></span> <span class='ocrx_word' id='word_1_681' title='bbox 2465 2457 2625 2519; x_wconf 87' lang='lat' dir='ltr'><strong>quam</strong></span> <span class='ocrx_word' id='word_1_682' title='bbox 2672 2449 2784 2504; x_wconf 87' lang='lat' dir='ltr'><strong>suis</strong></span> <span class='ocrx_word' id='word_1_683' title='bbox 2839 2449 2984 2506; x_wconf 89' lang='lat' dir='ltr'><strong>dabit</strong></span> <span class='ocrx_word' id='word_1_684' title='bbox 3032 2451 3256 2517; x_wconf 77' lang='lat' dir='ltr'><strong>ovibus,</strong></span> <span class='ocrx_word' id='word_1_685' title='bbox 3293 2467 3397 2526; x_wconf 90' lang='lat' dir='ltr'><strong>non</strong></span> <span class='ocrx_word' id='word_1_686' title='bbox 3447 2453 3733 2510; x_wconf 88' lang='lat' dir='ltr'><strong>habebunt.</strong></span> 
     </span>
    </p>
   </div>
   <div class='ocr_carea' id='block_1_89' title="bbox 2153 2539 3734 2614">
    <p class='ocr_par' dir='ltr' id='par_1_89' title="bbox 2153 2539 3734 2614">
     <span class='ocr_line' id='line_1_90' title="bbox 2153 2539 3734 2614; baseline 0.002 -19"><span class='ocrx_word' id='word_1_687' title='bbox 2153 2539 2283 2595; x_wconf 85' lang='lat' dir='ltr'><strong>Item</strong></span> <span class='ocrx_word' id='word_1_688' title='bbox 2307 2541 2416 2594; x_wconf 91' lang='lat' dir='ltr'><strong>alio</strong></span> <span class='ocrx_word' id='word_1_689' title='bbox 2455 2540 2574 2596; x_wconf 87' lang='lat' dir='ltr'><strong>loco</strong></span> <span class='ocrx_word' id='word_1_690' title='bbox 2603 2557 2618 2594; x_wconf 88' lang='lat'><strong>:</strong></span> <span class='ocrx_word' id='word_1_691' title='bbox 2645 2539 2757 2614; x_wconf 80' lang='lat' dir='ltr'><strong>Ego</strong></span> <span class='ocrx_word' id='word_1_692' title='bbox 2799 2559 2912 2598; x_wconf 87' lang='lat' dir='ltr'><strong>sum</strong></span> <span class='ocrx_word' id='word_1_693' title='bbox 2939 2543 3049 2608; x_wconf 80' lang='lat' dir='ltr'><strong>nia,</strong></span> <span class='ocrx_word' id='word_1_694' title='bbox 3091 2545 3274 2598; x_wconf 72' lang='lat' dir='ltr'><strong>ueritas</strong></span> <span class='ocrx_word' id='word_1_695' title='bbox 3315 2553 3364 2599; x_wconf 87' lang='lat' dir='ltr'><strong>ct</strong></span> <span class='ocrx_word' id='word_1_696' title='bbox 3406 2545 3525 2599; x_wconf 81' lang='lat' dir='ltr'><strong>rita.</strong></span> <span class='ocrx_word' id='word_1_697' title='bbox 3567 2544 3734 2602; x_wconf 79' lang='lat' dir='ltr'><strong>Nemo</strong></span> 
     </span>
    </p>
   </div>
   <div class='ocr_carea' id='block_1_90' title="bbox 2149 2629 3330 2707">
    <p class='ocr_par' dir='ltr' id='par_1_90' title="bbox 2149 2629 3330 2707">
     <span class='ocr_line' id='line_1_91' title="bbox 2149 2629 3330 2707; baseline 0.004 -22"><span class='ocrx_word' id='word_1_698' title='bbox 2149 2631 2283 2686; x_wconf 76' lang='lat' dir='ltr'><strong>venit</strong></span> <span class='ocrx_word' id='word_1_699' title='bbox 2306 2631 2374 2686; x_wconf 87' lang='lat' dir='ltr'><strong>ad</strong></span> <span class='ocrx_word' id='word_1_700' title='bbox 2403 2629 2612 2688; x_wconf 80' lang='lat' dir='ltr'><strong>Patrem</strong></span> <span class='ocrx_word' id='word_1_701' title='bbox 2640 2633 2738 2688; x_wconf 84' lang='lat' dir='ltr'><strong>nisi</strong></span> <span class='ocrx_word' id='word_1_702' title='bbox 2760 2651 2852 2704; x_wconf 82' lang='lat' dir='ltr'><strong>per</strong></span> <span class='ocrx_word' id='word_1_703' title='bbox 2875 2652 2954 2690; x_wconf 88' lang='lat' dir='ltr'><strong>me</strong></span> <span class='ocrx_word' id='word_1_704' title='bbox 2977 2633 3090 2706; x_wconf 86' lang='lat' dir='ltr'><strong>(Id.</strong></span> <span class='ocrx_word' id='word_1_705' title='bbox 3115 2653 3223 2702; x_wconf 79' lang='lat' dir='ltr'><strong>xw,</strong></span> <span class='ocrx_word' id='word_1_706' title='bbox 3249 2635 3330 2707; x_wconf 88' lang='lat'><strong>6).</strong></span> 
     </span>
    </p>
   </div>
   <div class='ocr_carea' id='block_1_91' title="bbox 2221 2708 3736 2798">
    <p class='ocr_par' dir='ltr' id='par_1_91' title="bbox 2221 2708 3736 2798">
     <span class='ocr_line' id='line_1_92' title="bbox 2221 2708 3736 2798; baseline 0.005 -20"><span class='ocrx_word' id='word_1_707' title='bbox 2221 2723 2312 2778; x_wconf 69' lang='lat' dir='ltr'><strong>il.</strong></span> <span class='ocrx_word' id='word_1_708' title='bbox 2371 2721 2518 2778; x_wconf 89' lang='lat' dir='ltr'><strong>Ilane</strong></span> <span class='ocrx_word' id='word_1_709' title='bbox 2561 2708 2860 2788; x_wconf 71' lang='lat' dir='ltr'><strong>doctrinam</strong></span> <span class='ocrx_word' id='word_1_710' title='bbox 2908 2727 3262 2796; x_wconf 84' lang='lat' dir='ltr'><strong>suscipientes</strong></span> <span class='ocrx_word' id='word_1_711' title='bbox 3309 2727 3572 2798; x_wconf 79' lang='lat' dir='ltr'><strong>Apostoii,</strong></span> <span class='ocrx_word' id='word_1_712' title='bbox 3614 2726 3736 2786; x_wconf 73' lang='lat' dir='ltr'><strong>vide</strong></span> 
     </span>
    </p>
   </div>
   <div class='ocr_carea' id='block_1_92' title="bbox 2148 2815 3736 2892">
    <p class='ocr_par' dir='ltr' id='par_1_92' title="bbox 2148 2815 3736 2892">
     <span class='ocr_line' id='line_1_93' title="bbox 2148 2815 3736 2892; baseline 0.005 -23"><span class='ocrx_word' id='word_1_713' title='bbox 2148 2822 2346 2884; x_wconf 89' lang='lat' dir='ltr'><strong>quanta</strong></span> <span class='ocrx_word' id='word_1_714' title='bbox 2383 2815 2770 2874; x_wconf 88' lang='lat' dir='ltr'><strong>contestatione</strong></span> <span class='ocrx_word' id='word_1_715' title='bbox 2798 2817 3086 2874; x_wconf 86' lang='lat' dir='ltr'><strong>declarent.</strong></span> <span class='ocrx_word' id='word_1_716' title='bbox 3127 2819 3314 2875; x_wconf 85' lang='lat' dir='ltr'><strong>Petrus</strong></span> <span class='ocrx_word' id='word_1_717' title='bbox 3335 2819 3386 2876; x_wconf 90' lang='lat' dir='ltr'><strong>in</strong></span> <span class='ocrx_word' id='word_1_718' title='bbox 3413 2821 3580 2892; x_wconf 89' lang='lat' dir='ltr'><strong>prima</strong></span> <span class='ocrx_word' id='word_1_719' title='bbox 3609 2821 3736 2892; x_wconf 77' lang='lat' dir='ltr'><strong>Epi-</strong></span> 
     </span>
    </p>
   </div>
   <div class='ocr_carea' id='block_1_93' title="bbox 2147 2900 3739 2980">
    <p class='ocr_par' dir='ltr' id='par_1_93' title="bbox 2147 2900 3739 2980">
     <span class='ocr_line' id='line_1_94' title="bbox 2147 2900 3739 2980; baseline 0.003 -18"><span class='ocrx_word' id='word_1_720' title='bbox 2147 2900 2284 2963; x_wconf 74' lang='lat' dir='ltr'><strong>stula</strong></span> <span class='ocrx_word' id='word_1_721' title='bbox 2317 2925 2333 2964; x_wconf 91' lang='lat'><strong>:</strong></span> <span class='ocrx_word' id='word_1_722' title='bbox 2364 2905 2686 2977; x_wconf 83' lang='lat' dir='ltr'><strong>Benedictus,</strong></span> <span class='ocrx_word' id='word_1_723' title='bbox 2734 2911 2924 2980; x_wconf 88' lang='lat' dir='ltr'><strong>inquit,</strong></span> <span class='ocrx_word' id='word_1_724' title='bbox 2956 2911 3090 2966; x_wconf 85' lang='lat' dir='ltr'><strong>Deus</strong></span> <span class='ocrx_word' id='word_1_725' title='bbox 3125 2923 3172 2966; x_wconf 85' lang='lat' dir='ltr'><strong>ct</strong></span> <span class='ocrx_word' id='word_1_726' title='bbox 3226 2911 3379 2966; x_wconf 83' lang='lat' dir='ltr'><strong>Pater</strong></span> <span class='ocrx_word' id='word_1_727' title='bbox 3411 2913 3613 2967; x_wconf 84' lang='lat' dir='ltr'><strong>Domini</strong></span> <span class='ocrx_word' id='word_1_728' title='bbox 3644 2931 3739 2966; x_wconf 80' lang='lat' dir='ltr'><strong>no-</strong></span> 
     </span>
    </p>
   </div>
   <div class='ocr_carea' id='block_1_94' title="bbox 2146 2997 3741 3076">
    <p class='ocr_par' dir='ltr' id='par_1_94' title="bbox 2146 2997 3741 3076">
     <span class='ocr_line' id='line_1_95' title="bbox 2146 2997 3741 3076; baseline 0.004 -24"><span class='ocrx_word' id='word_1_729' title='bbox 2146 2999 2242 3076; x_wconf 78' lang='lat' dir='ltr'><strong>stri</strong></span> <span class='ocrx_word' id='word_1_730' title='bbox 2263 2997 2388 3054; x_wconf 85' lang='lat' dir='ltr'><strong>.lcsu</strong></span> <span class='ocrx_word' id='word_1_731' title='bbox 2415 2997 2622 3064; x_wconf 82' lang='lat' dir='ltr'><strong>Christi,</strong></span> <span class='ocrx_word' id='word_1_732' title='bbox 2654 3002 2928 3056; x_wconf 80' lang='lat' dir='ltr'><strong>secundum</strong></span> <span class='ocrx_word' id='word_1_733' title='bbox 2972 3002 3340 3057; x_wconf 81' lang='lat' dir='ltr'><strong>multitudinem</strong></span> <span class='ocrx_word' id='word_1_734' title='bbox 3383 3004 3741 3059; x_wconf 61' lang='lat' dir='ltr'><strong>misericordia</strong></span> 
     </span>
    </p>
   </div>
   <div class='ocr_carea' id='block_1_95' title="bbox 2147 3091 3738 3164">
    <p class='ocr_par' dir='ltr' id='par_1_95' title="bbox 2147 3091 3738 3164">
     <span class='ocr_line' id='line_1_96' title="bbox 2147 3091 3738 3164; baseline 0.003 -20"><span class='ocrx_word' id='word_1_735' title='bbox 2147 3095 2273 3155; x_wconf 64' lang='lat' dir='ltr'><strong>suis,</strong></span> <span class='ocrx_word' id='word_1_736' title='bbox 2298 3091 2388 3162; x_wconf 87' lang='lat' dir='ltr'><strong>qui</strong></span> <span class='ocrx_word' id='word_1_737' title='bbox 2421 3091 2726 3162; x_wconf 81' lang='lat' dir='ltr'><strong>rcgeucrarit</strong></span> <span class='ocrx_word' id='word_1_738' title='bbox 2751 3107 2846 3147; x_wconf 88' lang='lat' dir='ltr'><strong>nos</strong></span> <span class='ocrx_word' id='word_1_739' title='bbox 2867 3093 2881 3122; x_wconf 83' lang='lat'>&#39;</span> <span class='ocrx_word' id='word_1_740' title='bbox 2913 3091 2968 3146; x_wconf 88' lang='lat' dir='ltr'><strong>in</strong></span> <span class='ocrx_word' id='word_1_741' title='bbox 2993 3109 3130 3163; x_wconf 82' lang='lat' dir='ltr'><strong>spem</strong></span> <span class='ocrx_word' id='word_1_742' title='bbox 3155 3095 3267 3148; x_wconf 65' lang='lat' dir='ltr'><strong>vitta</strong></span> <span class='ocrx_word' id='word_1_743' title='bbox 3290 3105 3512 3157; x_wconf 72' lang='lat' dir='ltr'><strong>ceterum,</strong></span> <span class='ocrx_word' id='word_1_744' title='bbox 3545 3111 3634 3164; x_wconf 86' lang='lat' dir='ltr'><strong>per</strong></span> <span class='ocrx_word' id='word_1_745' title='bbox 3657 3112 3738 3148; x_wconf 87' lang='lat' dir='ltr'><strong>re-</strong></span> 
     </span>
    </p>
   </div>
   <div class='ocr_carea' id='block_1_96' title="bbox 2147 3181 3738 3259">
    <p class='ocr_par' dir='ltr' id='par_1_96' title="bbox 2147 3181 3738 3259">
     <span class='ocr_line' id='line_1_97' title="bbox 2147 3181 3738 3259; baseline 0.003 -25"><span class='ocrx_word' id='word_1_746' title='bbox 2147 3182 2504 3236; x_wconf 84' lang='lat' dir='ltr'><strong>surrectionem</strong></span> <span class='ocrx_word' id='word_1_747' title='bbox 2529 3181 2654 3236; x_wconf 84' lang='lat' dir='ltr'><strong>Jcsu</strong></span> <span class='ocrx_word' id='word_1_748' title='bbox 2684 3181 2891 3250; x_wconf 80' lang='lat' dir='ltr'><strong>Christi,</strong></span> <span class='ocrx_word' id='word_1_749' title='bbox 2933 3184 2985 3238; x_wconf 87' lang='lat' dir='ltr'><strong>in</strong></span> <span class='ocrx_word' id='word_1_750' title='bbox 3025 3184 3362 3259; x_wconf 75' lang='lat' dir='ltr'><strong>htcrcditatem</strong></span> <span class='ocrx_word' id='word_1_751' title='bbox 3403 3185 3738 3240; x_wconf 82' lang='lat' dir='ltr'><strong>innnortalcnt</strong></span> 
     </span>
    </p>
   </div>
   <div class='ocr_carea' id='block_1_97' title="bbox 2146 3273 3739 3346">
    <p class='ocr_par' dir='ltr' id='par_1_97' title="bbox 2146 3273 3739 3346">
     <span class='ocr_line' id='line_1_98' title="bbox 2146 3273 3739 3346; baseline 0.001 -18"><span class='ocrx_word' id='word_1_752' title='bbox 2146 3281 2194 3328; x_wconf 84' lang='lat' dir='ltr'><strong>et</strong></span> <span class='ocrx_word' id='word_1_753' title='bbox 2237 3273 2682 3326; x_wconf 86' lang='lat' dir='ltr'><strong>incontaminatam</strong></span> <span class='ocrx_word' id='word_1_754' title='bbox 2717 3275 2762 3341; x_wconf 75' lang='grc'><strong>⁸,</strong></span> <span class='ocrx_word' id='word_1_755' title='bbox 2791 3276 3072 3346; x_wconf 77' lang='lat' dir='ltr'><strong>ﬂorentem,</strong></span> <span class='ocrx_word' id='word_1_756' title='bbox 3100 3285 3344 3331; x_wconf 77' lang='lat' dir='ltr'><strong>servatam</strong></span> <span class='ocrx_word' id='word_1_757' title='bbox 3375 3277 3426 3330; x_wconf 90' lang='lat' dir='ltr'><strong>in</strong></span> <span class='ocrx_word' id='word_1_758' title='bbox 3455 3278 3610 3339; x_wconf 67' lang='lat' dir='ltr'><strong>caelis,</strong></span> <span class='ocrx_word' id='word_1_759' title='bbox 3646 3294 3739 3332; x_wconf 57' lang='lat' dir='ltr'><strong>eo.</strong></span> 
     </span>
    </p>
   </div>
   <div class='ocr_carea' id='block_1_98' title="bbox 2147 3361 3740 3440">
    <p class='ocr_par' dir='ltr' id='par_1_98' title="bbox 2147 3361 3740 3440">
     <span class='ocr_line' id='line_1_99' title="bbox 2147 3361 3740 3440; baseline 0.004 -24"><span class='ocrx_word' id='word_1_760' title='bbox 2147 3363 2224 3419; x_wconf 76' lang='lat' dir='ltr'><strong>bis</strong></span> <span class='ocrx_word' id='word_1_761' title='bbox 2247 3365 2335 3434; x_wconf 89' lang='lat' dir='ltr'><strong>qui</strong></span> <span class='ocrx_word' id='word_1_762' title='bbox 2361 3361 2414 3419; x_wconf 88' lang='lat' dir='ltr'><strong>in</strong></span> <span class='ocrx_word' id='word_1_763' title='bbox 2433 3365 2610 3420; x_wconf 79' lang='lat' dir='ltr'><strong>rirtute</strong></span> <span class='ocrx_word' id='word_1_764' title='bbox 2626 3365 2648 3396; x_wconf 86' lang='grc'>³</span> <span class='ocrx_word' id='word_1_765' title='bbox 2666 3365 2760 3421; x_wconf 85' lang='lat' dir='ltr'><strong>Dei</strong></span> <span class='ocrx_word' id='word_1_766' title='bbox 2777 3367 3142 3422; x_wconf 81' lang='lat' dir='ltr'><strong>conservamini</strong></span> <span class='ocrx_word' id='word_1_767' title='bbox 3157 3384 3246 3440; x_wconf 84' lang='lat' dir='ltr'><strong>per</strong></span> <span class='ocrx_word' id='word_1_768' title='bbox 3261 3367 3413 3438; x_wconf 83' lang='lat' dir='ltr'><strong>[idem</strong></span> <span class='ocrx_word' id='word_1_769' title='bbox 3442 3367 3494 3420; x_wconf 91' lang='lat' dir='ltr'><strong>in</strong></span> <span class='ocrx_word' id='word_1_770' title='bbox 3521 3367 3740 3422; x_wconf 81' lang='lat' dir='ltr'><strong>salutent</strong></span> 
     </span>
    </p>
   </div>
   <div class='ocr_carea' id='block_1_99' title="bbox 2149 3457 3743 3529">
    <p class='ocr_par' dir='ltr' id='par_1_99' title="bbox 2149 3457 3743 3529">
     <span class='ocr_line' id='line_1_100' title="bbox 2149 3457 3743 3529; baseline 0.001 -19"><span class='ocrx_word' id='word_1_771' title='bbox 2149 3464 2380 3527; x_wconf 86' lang='lat' dir='ltr'><strong>paratam</strong></span> <span class='ocrx_word' id='word_1_772' title='bbox 2427 3457 2597 3528; x_wconf 84' lang='lat' dir='ltr'><strong>palam</strong></span> <span class='ocrx_word' id='word_1_773' title='bbox 2641 3457 2755 3526; x_wconf 73' lang='lat' dir='ltr'><strong>ﬁeri</strong></span> <span class='ocrx_word' id='word_1_774' title='bbox 2795 3457 2848 3511; x_wconf 91' lang='lat' dir='ltr'><strong>in</strong></span> <span class='ocrx_word' id='word_1_775' title='bbox 2885 3467 3108 3529; x_wconf 87' lang='lat' dir='ltr'><strong>tempore</strong></span> <span class='ocrx_word' id='word_1_776' title='bbox 3153 3459 3442 3513; x_wconf 78' lang='lat' dir='ltr'><strong>novissimo.</strong></span> <span class='ocrx_word' id='word_1_777' title='bbox 3475 3457 3538 3512; x_wconf 83' lang='lat' dir='ltr'><strong>Et</strong></span> <span class='ocrx_word' id='word_1_778' title='bbox 3579 3458 3743 3527; x_wconf 74' lang='lat' dir='ltr'><strong>patilo</strong></span> 
     </span>
    </p>
   </div>
   <div class='ocr_carea' id='block_1_100' title="bbox 2150 3547 3745 3621">
    <p class='ocr_par' dir='ltr' id='par_1_100' title="bbox 2150 3547 3745 3621">
     <span class='ocr_line' id='line_1_101' title="bbox 2150 3547 3745 3621; baseline 0.002 -17"><span class='ocrx_word' id='word_1_779' title='bbox 2150 3557 2270 3618; x_wconf 85' lang='lat' dir='ltr'><strong>post</strong></span> <span class='ocrx_word' id='word_1_780' title='bbox 2295 3566 2310 3603; x_wconf 89' lang='lat'><strong>:</strong></span> <span class='ocrx_word' id='word_1_781' title='bbox 2343 3547 2700 3616; x_wconf 84' lang='lat' dir='ltr'><strong>Inveniamini,</strong></span> <span class='ocrx_word' id='word_1_782' title='bbox 2729 3549 2918 3621; x_wconf 87' lang='lat' dir='ltr'><strong>inquit,</strong></span> <span class='ocrx_word' id='word_1_783' title='bbox 2945 3551 2997 3605; x_wconf 88' lang='lat' dir='ltr'><strong>in</strong></span> <span class='ocrx_word' id='word_1_784' title='bbox 3023 3551 3224 3606; x_wconf 79' lang='lat' dir='ltr'><strong>laudent</strong></span> <span class='ocrx_word' id='word_1_785' title='bbox 3260 3563 3307 3606; x_wconf 88' lang='lat' dir='ltr'><strong>ct</strong></span> <span class='ocrx_word' id='word_1_786' title='bbox 3328 3551 3568 3608; x_wconf 83' lang='lat' dir='ltr'><strong>honorem</strong></span> <span class='ocrx_word' id='word_1_787' title='bbox 3611 3550 3745 3607; x_wconf 82' lang='lat' dir='ltr'><strong>.lcstt</strong></span> 
     </span>
    </p>
   </div>
   <div class='ocr_carea' id='block_1_101' title="bbox 2150 3641 3746 3716">
    <p class='ocr_par' dir='ltr' id='par_1_101' title="bbox 2150 3641 3746 3716">
     <span class='ocr_line' id='line_1_102' title="bbox 2150 3641 3746 3716; baseline 0.002 -20"><span class='ocrx_word' id='word_1_788' title='bbox 2150 3641 2356 3706; x_wconf 79' lang='lat' dir='ltr'><strong>Christi,</strong></span> <span class='ocrx_word' id='word_1_789' title='bbox 2386 3659 2534 3711; x_wconf 86' lang='lat' dir='ltr'><strong>quem</strong></span> <span class='ocrx_word' id='word_1_790' title='bbox 2573 3641 2913 3715; x_wconf 83' lang='lat' dir='ltr'><strong>iguorabatis;</strong></span> <span class='ocrx_word' id='word_1_791' title='bbox 2942 3644 2995 3698; x_wconf 87' lang='lat' dir='ltr'><strong>in</strong></span> <span class='ocrx_word' id='word_1_792' title='bbox 3017 3661 3167 3716; x_wconf 86' lang='lat' dir='ltr'><strong>quem</strong></span> <span class='ocrx_word' id='word_1_793' title='bbox 3196 3644 3346 3698; x_wconf 86' lang='lat' dir='ltr'><strong>modo</strong></span> <span class='ocrx_word' id='word_1_794' title='bbox 3384 3661 3484 3698; x_wconf 89' lang='lat' dir='ltr'><strong>non</strong></span> <span class='ocrx_word' id='word_1_795' title='bbox 3520 3645 3746 3700; x_wconf 74' lang='lat' dir='ltr'><strong>videntes</strong></span> 
     </span>
    </p>
   </div>
   <div class='ocr_carea' id='block_1_102' title="bbox 2149 3728 3746 3806">
    <p class='ocr_par' dir='ltr' id='par_1_102' title="bbox 2149 3728 3746 3806">
     <span class='ocr_line' id='line_1_103' title="bbox 2149 3728 3746 3806; baseline 0.002 -18"><span class='ocrx_word' id='word_1_796' title='bbox 2149 3733 2374 3800; x_wconf 82' lang='lat' dir='ltr'><strong>creditis,</strong></span> <span class='ocrx_word' id='word_1_797' title='bbox 2401 3747 2544 3806; x_wconf 80' lang='lat' dir='ltr'><strong>quem</strong></span> <span class='ocrx_word' id='word_1_798' title='bbox 2575 3728 2688 3789; x_wconf 76' lang='lat' dir='ltr'><strong>cum</strong></span> <span class='ocrx_word' id='word_1_799' title='bbox 2715 3735 2956 3802; x_wconf 78' lang='lat' dir='ltr'><strong>videritis,</strong></span> <span class='ocrx_word' id='word_1_800' title='bbox 2983 3735 3294 3791; x_wconf 73' lang='lat' dir='ltr'><strong>cxsultabitis</strong></span> <span class='ocrx_word' id='word_1_801' title='bbox 3330 3735 3518 3806; x_wconf 87' lang='lat' dir='ltr'><strong>gaudio</strong></span> <span class='ocrx_word' id='word_1_802' title='bbox 3537 3736 3746 3790; x_wconf 86' lang='lat' dir='ltr'><strong>inenar-</strong></span> 
     </span>
    </p>
   </div>
   <div class='ocr_carea' id='block_1_103' title="bbox 2149 3825 3744 3900">
    <p class='ocr_par' dir='ltr' id='par_1_103' title="bbox 2149 3825 3744 3900">
     <span class='ocr_line' id='line_1_104' title="bbox 2149 3825 3744 3900; baseline 0.001 -19"><span class='ocrx_word' id='word_1_803' title='bbox 2149 3825 2302 3881; x_wconf 81' lang='lat' dir='ltr'><strong>rabili</strong></span> <span class='ocrx_word' id='word_1_804' title='bbox 2319 3866 2336 3893; x_wconf 92' lang='lat'><strong>,</strong></span> <span class='ocrx_word' id='word_1_805' title='bbox 2371 3837 2418 3880; x_wconf 87' lang='lat' dir='ltr'><strong>et</strong></span> <span class='ocrx_word' id='word_1_806' title='bbox 2457 3827 2703 3882; x_wconf 89' lang='lat' dir='ltr'><strong>honorato</strong></span> <span class='ocrx_word' id='word_1_807' title='bbox 2739 3827 2928 3900; x_wconf 78' lang='lat' dir='ltr'><strong>gaudio</strong></span> <span class='ocrx_word' id='word_1_808' title='bbox 2951 3827 2992 3894; x_wconf 69' lang='grc'>⁸,</span> <span class='ocrx_word' id='word_1_809' title='bbox 3035 3827 3358 3900; x_wconf 85' lang='lat' dir='ltr'><strong>percipientcs</strong></span> <span class='ocrx_word' id='word_1_810' title='bbox 3393 3837 3744 3882; x_wconf 80' lang='lat' dir='ltr'><strong>testamentum</strong></span> 
     </span>
    </p>
   </div>
   <div class='ocr_carea' id='block_1_104' title="bbox 2151 3917 3743 3991">
    <p class='ocr_par' dir='ltr' id='par_1_104' title="bbox 2151 3917 3743 3991">
     <span class='ocr_line' id='line_1_105' title="bbox 2151 3917 3743 3991; baseline 0.003 -21"><span class='ocrx_word' id='word_1_811' title='bbox 2151 3917 2291 3988; x_wconf 75' lang='lat' dir='ltr'><strong>ﬁdei,</strong></span> <span class='ocrx_word' id='word_1_812' title='bbox 2336 3917 2551 3973; x_wconf 81' lang='lat' dir='ltr'><strong>salutent</strong></span> <span class='ocrx_word' id='word_1_813' title='bbox 2598 3919 2886 3972; x_wconf 85' lang='lat' dir='ltr'><strong>animarum</strong></span> <span class='ocrx_word' id='word_1_814' title='bbox 2930 3929 3209 3974; x_wconf 79' lang='lat' dir='ltr'><strong>uestrarum</strong></span> <span class='ocrx_word' id='word_1_815' title='bbox 3249 3919 3304 3991; x_wconf 93' lang='lat' dir='ltr'><strong>(I</strong></span> <span class='ocrx_word' id='word_1_816' title='bbox 3334 3919 3473 3974; x_wconf 73' lang='lat' dir='ltr'><strong>Patr.</strong></span> <span class='ocrx_word' id='word_1_817' title='bbox 3505 3935 3545 3984; x_wconf 80' lang='grc' dir='ltr'>ι,</span> <span class='ocrx_word' id='word_1_818' title='bbox 3579 3919 3743 3990; x_wconf 79' lang='lat'><strong>5-9).</strong></span> 
     </span>
    </p>
   </div>
   <div class='ocr_carea' id='block_1_105' title="bbox 2154 4007 3748 4081">
    <p class='ocr_par' dir='ltr' id='par_1_105' title="bbox 2154 4007 3748 4081">
     <span class='ocr_line' id='line_1_106' title="bbox 2154 4007 3748 4081; baseline 0.002 -19"><span class='ocrx_word' id='word_1_819' title='bbox 2154 4007 2282 4064; x_wconf 91' lang='lat' dir='ltr'><strong>Item</strong></span> <span class='ocrx_word' id='word_1_820' title='bbox 2311 4009 2418 4064; x_wconf 89' lang='lat' dir='ltr'><strong>alio</strong></span> <span class='ocrx_word' id='word_1_821' title='bbox 2438 4009 2556 4064; x_wconf 91' lang='lat' dir='ltr'><strong>loco</strong></span> <span class='ocrx_word' id='word_1_822' title='bbox 2587 4025 2602 4062; x_wconf 90' lang='lat'><strong>:</strong></span> <span class='ocrx_word' id='word_1_823' title='bbox 2641 4007 2739 4064; x_wconf 85' lang='lat' dir='ltr'><strong>Vos</strong></span> <span class='ocrx_word' id='word_1_824' title='bbox 2767 4018 2956 4074; x_wconf 86' lang='lat' dir='ltr'><strong>autem,</strong></span> <span class='ocrx_word' id='word_1_825' title='bbox 2983 4009 3172 4080; x_wconf 89' lang='lat' dir='ltr'><strong>inquit,</strong></span> <span class='ocrx_word' id='word_1_826' title='bbox 3207 4025 3363 4081; x_wconf 82' lang='lat' dir='ltr'><strong>genus</strong></span> <span class='ocrx_word' id='word_1_827' title='bbox 3402 4009 3631 4072; x_wconf 82' lang='lat' dir='ltr'><strong>electum,</strong></span> <span class='ocrx_word' id='word_1_828' title='bbox 3663 4025 3748 4065; x_wconf 66' lang='grc' dir='ltr'><strong>ηδ</strong></span> 
     </span>
    </p>
   </div>
   <div class='ocr_carea' id='block_1_106' title="bbox 2151 4101 3749 4174">
    <p class='ocr_par' dir='ltr' id='par_1_106' title="bbox 2151 4101 3749 4174">
     <span class='ocr_line' id='line_1_107' title="bbox 2151 4101 3749 4174; baseline -0.001 -19"><span class='ocrx_word' id='word_1_829' title='bbox 2151 4103 2266 4172; x_wconf 83' lang='lat' dir='ltr'><strong>galc</strong></span> <span class='ocrx_word' id='word_1_830' title='bbox 2288 4101 2645 4167; x_wconf 85' lang='lat' dir='ltr'><strong>sacerdotium,</strong></span> <span class='ocrx_word' id='word_1_831' title='bbox 2672 4117 2794 4173; x_wconf 87' lang='lat' dir='ltr'><strong>gens</strong></span> <span class='ocrx_word' id='word_1_832' title='bbox 2819 4109 3012 4164; x_wconf 89' lang='lat' dir='ltr'><strong>sancta,</strong></span> <span class='ocrx_word' id='word_1_833' title='bbox 3040 4103 3261 4174; x_wconf 82' lang='lat' dir='ltr'><strong>populus</strong></span> <span class='ocrx_word' id='word_1_834' title='bbox 3287 4103 3340 4156; x_wconf 90' lang='lat' dir='ltr'><strong>in</strong></span> <span class='ocrx_word' id='word_1_835' title='bbox 3363 4101 3658 4173; x_wconf 83' lang='lat' dir='ltr'><strong>adeptione,</strong></span> <span class='ocrx_word' id='word_1_836' title='bbox 3690 4111 3749 4154; x_wconf 79' lang='lat' dir='ltr'><strong>ut</strong></span> 
     </span>
    </p>
   </div>
   <div class='ocr_carea' id='block_1_107' title="bbox 2153 4191 3748 4264">
    <p class='ocr_par' dir='ltr' id='par_1_107' title="bbox 2153 4191 3748 4264">
     <span class='ocr_line' id='line_1_108' title="bbox 2153 4191 3748 4264; baseline -0.001 -16"><span class='ocrx_word' id='word_1_837' title='bbox 2153 4195 2358 4250; x_wconf 74' lang='lat' dir='ltr'><strong>virtutes</strong></span> <span class='ocrx_word' id='word_1_838' title='bbox 2377 4193 2644 4250; x_wconf 87' lang='lat' dir='ltr'><strong>cnuntietis</strong></span> <span class='ocrx_word' id='word_1_839' title='bbox 2672 4194 2803 4264; x_wconf 84' lang='lat' dir='ltr'><strong>ejus,</strong></span> <span class='ocrx_word' id='word_1_840' title='bbox 2829 4193 2917 4264; x_wconf 86' lang='lat' dir='ltr'><strong>qui</strong></span> <span class='ocrx_word' id='word_1_841' title='bbox 2934 4209 3019 4248; x_wconf 79' lang='lat' dir='ltr'><strong>vos</strong></span> <span class='ocrx_word' id='word_1_842' title='bbox 3041 4193 3104 4249; x_wconf 84' lang='lat' dir='ltr'><strong>de</strong></span> <span class='ocrx_word' id='word_1_843' title='bbox 3125 4193 3336 4249; x_wconf 83' lang='lat' dir='ltr'><strong>tenebris</strong></span> <span class='ocrx_word' id='word_1_844' title='bbox 3354 4193 3546 4248; x_wconf 74' lang='lat' dir='ltr'><strong>vocavit</strong></span> <span class='ocrx_word' id='word_1_845' title='bbox 3571 4193 3625 4246; x_wconf 88' lang='lat' dir='ltr'><strong>in</strong></span> <span class='ocrx_word' id='word_1_846' title='bbox 3649 4191 3748 4246; x_wconf 84' lang='lat' dir='ltr'><strong>ad-</strong></span> 
     </span>
    </p>
   </div>
   <div class='ocr_carea' id='block_1_108' title="bbox 2153 4273 3764 4360">
    <p class='ocr_par' dir='ltr' id='par_1_108' title="bbox 2153 4273 3764 4360">
     <span class='ocr_line' id='line_1_109' title="bbox 2153 4273 3764 4360; baseline -0.002 -16"><span class='ocrx_word' id='word_1_847' title='bbox 2153 4288 2382 4344; x_wconf 87' lang='lat' dir='ltr'><strong>mirabile</strong></span> <span class='ocrx_word' id='word_1_848' title='bbox 2401 4290 2570 4344; x_wconf 86' lang='lat' dir='ltr'><strong>lumen</strong></span> <span class='ocrx_word' id='word_1_849' title='bbox 2589 4305 2738 4343; x_wconf 88' lang='lat' dir='ltr'><strong>suum</strong></span> <span class='ocrx_word' id='word_1_850' title='bbox 2777 4286 2886 4360; x_wconf 85' lang='lat' dir='ltr'><strong>(Id.</strong></span> <span class='ocrx_word' id='word_1_851' title='bbox 2929 4304 2988 4354; x_wconf 90' lang='lat' dir='ltr'><strong>tl,</strong></span> <span class='ocrx_word' id='word_1_852' title='bbox 3027 4289 3109 4360; x_wconf 86' lang='lat'><strong>9).</strong></span> <span class='ocrx_word' id='word_1_853' title='bbox 3136 4287 3202 4342; x_wconf 86' lang='lat' dir='ltr'><strong>Et</strong></span> <span class='ocrx_word' id='word_1_854' title='bbox 3226 4289 3415 4344; x_wconf 87' lang='lat' dir='ltr'><strong>iterum</strong></span> <span class='ocrx_word' id='word_1_855' title='bbox 3443 4305 3458 4340; x_wconf 88' lang='lat'>:</span> <span class='ocrx_word' id='word_1_856' title='bbox 3492 4273 3764 4350; x_wconf 24' lang='lat' dir='ltr'><strong>Christus,-</strong></span> 
     </span>
    </p>
   </div>
   <div class='ocr_carea' id='block_1_109' title="bbox 2155 4379 3749 4456">
    <p class='ocr_par' dir='ltr' id='par_1_109' title="bbox 2155 4379 3749 4456">
     <span class='ocr_line' id='line_1_110' title="bbox 2155 4379 3749 4456; baseline -0.003 -20"><span class='ocrx_word' id='word_1_857' title='bbox 2155 4382 2346 4454; x_wconf 89' lang='lat' dir='ltr'><strong>inquit,</strong></span> <span class='ocrx_word' id='word_1_858' title='bbox 2378 4397 2470 4452; x_wconf 84' lang='lat' dir='ltr'><strong>pro</strong></span> <span class='ocrx_word' id='word_1_859' title='bbox 2492 4381 2708 4452; x_wconf 86' lang='lat' dir='ltr'><strong>peccatis</strong></span> <span class='ocrx_word' id='word_1_860' title='bbox 2743 4381 2926 4434; x_wconf 75' lang='lat' dir='ltr'><strong>nostris</strong></span> <span class='ocrx_word' id='word_1_861' title='bbox 2953 4397 3132 4448; x_wconf 88' lang='lat' dir='ltr'><strong>passus</strong></span> <span class='ocrx_word' id='word_1_862' title='bbox 3157 4389 3251 4447; x_wconf 87' lang='lat' dir='ltr'><strong>est,</strong></span> <span class='ocrx_word' id='word_1_863' title='bbox 3284 4381 3462 4456; x_wconf 75' lang='lat' dir='ltr'><strong>justus</strong></span> <span class='ocrx_word' id='word_1_864' title='bbox 3487 4395 3579 4450; x_wconf 85' lang='lat' dir='ltr'><strong>pro</strong></span> <span class='ocrx_word' id='word_1_865' title='bbox 3606 4379 3749 4451; x_wconf 83' lang='lat' dir='ltr'><strong>inju-</strong></span> 
     </span>
    </p>
   </div>
   <div class='ocr_carea' id='block_1_110' title="bbox 2155 4470 3763 4550">
    <p class='ocr_par' dir='ltr' id='par_1_110' title="bbox 2155 4470 3763 4550">
     <span class='ocr_line' id='line_1_111' title="bbox 2155 4470 3763 4550; baseline -0.002 -22"><span class='ocrx_word' id='word_1_866' title='bbox 2155 4473 2266 4540; x_wconf 86' lang='lat' dir='ltr'><strong>stis,</strong></span> <span class='ocrx_word' id='word_1_867' title='bbox 2295 4482 2352 4527; x_wconf 90' lang='lat' dir='ltr'><strong>ut</strong></span> <span class='ocrx_word' id='word_1_868' title='bbox 2371 4489 2463 4527; x_wconf 89' lang='lat' dir='ltr'><strong>nos</strong></span> <span class='ocrx_word' id='word_1_869' title='bbox 2491 4472 2712 4527; x_wconf 87' lang='lat' dir='ltr'><strong>adducat</strong></span> <span class='ocrx_word' id='word_1_870' title='bbox 2735 4473 2805 4526; x_wconf 89' lang='lat' dir='ltr'><strong>ad</strong></span> <span class='ocrx_word' id='word_1_871' title='bbox 2847 4470 3032 4526; x_wconf 86' lang='lat' dir='ltr'><strong>Deum.</strong></span> <span class='ocrx_word' id='word_1_872' title='bbox 3075 4471 3206 4530; x_wconf 83' lang='lat' dir='ltr'><strong>Item</strong></span> <span class='ocrx_word' id='word_1_873' title='bbox 3247 4487 3373 4528; x_wconf 88' lang='lat' dir='ltr'><strong>cum</strong></span> <span class='ocrx_word' id='word_1_874' title='bbox 3417 4485 3763 4550; x_wconf 55' lang='lat' dir='ltr'><strong>commento»</strong></span> 
     </span>
    </p>
   </div>
   <div class='ocr_carea' id='block_1_111' title="bbox 2155 4552 3746 4632">
    <p class='ocr_par' dir='ltr' id='par_1_111' title="bbox 2155 4552 3746 4632">
     <span class='ocr_line' id='line_1_112' title="bbox 2155 4552 3746 4632; baseline -0.001 -12"><span class='ocrx_word' id='word_1_875' title='bbox 2155 4575 2330 4622; x_wconf 84' lang='lat' dir='ltr'><strong>rasset</strong></span> <span class='ocrx_word' id='word_1_876' title='bbox 2357 4565 2409 4626; x_wconf 87' lang='lat' dir='ltr'><strong>in</strong></span> <span class='ocrx_word' id='word_1_877' title='bbox 2435 4552 2558 4620; x_wconf 86' lang='lat' dir='ltr'><strong>arca</strong></span> <span class='ocrx_word' id='word_1_878' title='bbox 2583 4563 2715 4632; x_wconf 88' lang='lat' dir='ltr'><strong>Noe,</strong></span> <span class='ocrx_word' id='word_1_879' title='bbox 2743 4575 2866 4620; x_wconf 87' lang='lat' dir='ltr'><strong>octo</strong></span> <span class='ocrx_word' id='word_1_880' title='bbox 2900 4562 3145 4620; x_wconf 88' lang='lat' dir='ltr'><strong>homines</strong></span> <span class='ocrx_word' id='word_1_881' title='bbox 3188 4567 3368 4621; x_wconf 88' lang='lat' dir='ltr'><strong>salvos</strong></span> <span class='ocrx_word' id='word_1_882' title='bbox 3408 4563 3578 4620; x_wconf 82' lang='lat' dir='ltr'><strong>factos</strong></span> <span class='ocrx_word' id='word_1_883' title='bbox 3607 4579 3622 4617; x_wconf 90' lang='lat'><strong>:</strong></span> <span class='ocrx_word' id='word_1_884' title='bbox 3648 4561 3746 4619; x_wconf 86' lang='lat' dir='ltr'><strong>Sic</strong></span> 
     </span>
    </p>
   </div>
   <div class='ocr_carea' id='block_1_112' title="bbox 2155 4655 3751 4730">
    <p class='ocr_par' dir='ltr' id='par_1_112' title="bbox 2155 4655 3751 4730">
     <span class='ocr_line' id='line_1_113' title="bbox 2155 4655 3751 4730; baseline 0 -18"><span class='ocrx_word' id='word_1_885' title='bbox 2155 4667 2205 4712; x_wconf 87' lang='lat' dir='ltr'><strong>et</strong></span> <span class='ocrx_word' id='word_1_886' title='bbox 2245 4673 2360 4720; x_wconf 83' lang='lat' dir='ltr'><strong>vos,</strong></span> <span class='ocrx_word' id='word_1_887' title='bbox 2419 4656 2623 4727; x_wconf 88' lang='lat' dir='ltr'><strong>inquit,</strong></span> <span class='ocrx_word' id='word_1_888' title='bbox 2675 4657 2830 4712; x_wconf 89' lang='lat' dir='ltr'><strong>simili</strong></span> <span class='ocrx_word' id='word_1_889' title='bbox 2877 4661 3044 4730; x_wconf 77' lang='lat' dir='ltr'><strong>[arma</strong></span> <span class='ocrx_word' id='word_1_890' title='bbox 3099 4655 3364 4730; x_wconf 87' lang='lat' dir='ltr'><strong>Baptisma</strong></span> <span class='ocrx_word' id='word_1_891' title='bbox 3411 4658 3578 4713; x_wconf 78' lang='lat' dir='ltr'><strong>salvos</strong></span> <span class='ocrx_word' id='word_1_892' title='bbox 3623 4659 3751 4726; x_wconf 76' lang='lat' dir='ltr'><strong>facit</strong></span> 
     </span>
    </p>
   </div>
   <div class='ocr_carea' id='block_1_113' title="bbox 2161 4748 3748 4824">
    <p class='ocr_par' dir='ltr' id='par_1_113' title="bbox 2161 4748 3748 4824">
     <span class='ocr_line' id='line_1_114' title="bbox 2161 4748 3748 4824; baseline -0.001 -19"><span class='ocrx_word' id='word_1_893' title='bbox 2161 4750 2270 4824; x_wconf 87' lang='lat' dir='ltr'><strong>(Id.</strong></span> <span class='ocrx_word' id='word_1_894' title='bbox 2315 4765 2406 4816; x_wconf 88' lang='lat' dir='ltr'><strong>ut,</strong></span> <span class='ocrx_word' id='word_1_895' title='bbox 2445 4749 2627 4822; x_wconf 67' lang='grc' dir='ltr'>ιδοξι)</span> <span class='ocrx_word' id='word_1_896' title='bbox 2671 4751 2755 4806; x_wconf 82' lang='lat' dir='ltr'><strong>Ab</strong></span> <span class='ocrx_word' id='word_1_897' title='bbox 2791 4752 2890 4806; x_wconf 86' lang='lat' dir='ltr'><strong>hac</strong></span> <span class='ocrx_word' id='word_1_898' title='bbox 2911 4766 3039 4823; x_wconf 78' lang='lat' dir='ltr'><strong>ergo</strong></span> <span class='ocrx_word' id='word_1_899' title='bbox 3063 4751 3236 4806; x_wconf 87' lang='lat' dir='ltr'><strong>salute</strong></span> <span class='ocrx_word' id='word_1_900' title='bbox 3268 4760 3324 4808; x_wconf 89' lang='lat' dir='ltr'><strong>et</strong></span> <span class='ocrx_word' id='word_1_901' title='bbox 3359 4750 3560 4806; x_wconf 90' lang='lat' dir='ltr'><strong>lumine</strong></span> <span class='ocrx_word' id='word_1_902' title='bbox 3583 4748 3748 4806; x_wconf 89' lang='lat' dir='ltr'><strong>alieni</strong></span> 
     </span>
    </p>
   </div>
   <div class='ocr_carea' id='block_1_114' title="bbox 2157 4842 3749 4916">
    <p class='ocr_par' dir='ltr' id='par_1_114' title="bbox 2157 4842 3749 4916">
     <span class='ocr_line' id='line_1_115' title="bbox 2157 4842 3749 4916; baseline -0.003 -16"><span class='ocrx_word' id='word_1_903' title='bbox 2157 4853 2281 4900; x_wconf 89' lang='lat' dir='ltr'><strong>sunt</strong></span> <span class='ocrx_word' id='word_1_904' title='bbox 2305 4843 2532 4916; x_wconf 82' lang='lat' dir='ltr'><strong>parvuli,</strong></span> <span class='ocrx_word' id='word_1_905' title='bbox 2549 4851 2602 4899; x_wconf 88' lang='lat' dir='ltr'><strong>et</strong></span> <span class='ocrx_word' id='word_1_906' title='bbox 2625 4843 2678 4900; x_wconf 90' lang='lat' dir='ltr'><strong>in</strong></span> <span class='ocrx_word' id='word_1_907' title='bbox 2703 4842 3002 4915; x_wconf 87' lang='lat' dir='ltr'><strong>perditione</strong></span> <span class='ocrx_word' id='word_1_908' title='bbox 3029 4857 3094 4900; x_wconf 87' lang='lat' dir='ltr'><strong>ac</strong></span> <span class='ocrx_word' id='word_1_909' title='bbox 3109 4843 3348 4900; x_wconf 87' lang='lat' dir='ltr'><strong>tenebris</strong></span> <span class='ocrx_word' id='word_1_910' title='bbox 3370 4843 3749 4908; x_wconf 86' lang='lat' dir='ltr'><strong>remanebunt,</strong></span> 
     </span>
    </p>
   </div>
   <div class='ocr_carea' id='block_1_115' title="bbox 2159 4929 3754 5008">
    <p class='ocr_par' dir='ltr' id='par_1_115' title="bbox 2159 4929 3754 5008">
     <span class='ocr_line' id='line_1_116' title="bbox 2159 4929 3754 5008; baseline -0.003 -16"><span class='ocrx_word' id='word_1_911' title='bbox 2159 4937 2262 4992; x_wconf 90' lang='lat' dir='ltr'><strong>nisi</strong></span> <span class='ocrx_word' id='word_1_912' title='bbox 2286 4952 2382 5008; x_wconf 90' lang='lat' dir='ltr'><strong>per</strong></span> <span class='ocrx_word' id='word_1_913' title='bbox 2407 4936 2747 5008; x_wconf 87' lang='lat' dir='ltr'><strong>adoptionem</strong></span> <span class='ocrx_word' id='word_1_914' title='bbox 2767 4935 2963 5007; x_wconf 92' lang='lat' dir='ltr'><strong>populo</strong></span> <span class='ocrx_word' id='word_1_915' title='bbox 2981 4934 3077 4992; x_wconf 87' lang='lat' dir='ltr'><strong>Dei</strong></span> <span class='ocrx_word' id='word_1_916' title='bbox 3109 4929 3305 4992; x_wconf 82' lang='lat' dir='ltr'><strong>fuerint</strong></span> <span class='ocrx_word' id='word_1_917' title='bbox 3323 4933 3534 4998; x_wconf 86' lang='lat' dir='ltr'><strong>sociati,</strong></span> <span class='ocrx_word' id='word_1_918' title='bbox 3557 4943 3754 4989; x_wconf 83' lang='lat' dir='ltr'><strong>tenen-</strong></span> 
     </span>
    </p>
   </div>
   <div class='ocr_carea' id='block_1_116' title="bbox 2161 5021 3752 5098">
    <p class='ocr_par' dir='ltr' id='par_1_116' title="bbox 2161 5021 3752 5098">
     <span class='ocr_line' id='line_1_117' title="bbox 2161 5021 3752 5098; baseline -0.004 -14"><span class='ocrx_word' id='word_1_919' title='bbox 2161 5037 2240 5084; x_wconf 89' lang='lat' dir='ltr'><strong>tes</strong></span> <span class='ocrx_word' id='word_1_920' title='bbox 2264 5025 2533 5083; x_wconf 85' lang='lat' dir='ltr'><strong>Cbristum</strong></span> <span class='ocrx_word' id='word_1_921' title='bbox 2563 5040 2780 5098; x_wconf 85' lang='lat' dir='ltr'><strong>passum</strong></span> <span class='ocrx_word' id='word_1_922' title='bbox 2799 5027 3003 5098; x_wconf 86' lang='lat' dir='ltr'><strong>justum</strong></span> <span class='ocrx_word' id='word_1_923' title='bbox 3043 5041 3142 5098; x_wconf 88' lang='lat' dir='ltr'><strong>pro</strong></span> <span class='ocrx_word' id='word_1_924' title='bbox 3179 5026 3412 5098; x_wconf 82' lang='lat' dir='ltr'><strong>injustis,</strong></span> <span class='ocrx_word' id='word_1_925' title='bbox 3439 5035 3499 5082; x_wconf 92' lang='lat' dir='ltr'><strong>ut</strong></span> <span class='ocrx_word' id='word_1_926' title='bbox 3532 5041 3627 5082; x_wconf 87' lang='lat' dir='ltr'><strong>eos</strong></span> <span class='ocrx_word' id='word_1_927' title='bbox 3655 5021 3752 5079; x_wconf 60' lang='lat' dir='ltr'><strong>ad.</strong></span> 
     </span>
    </p>
   </div>
   <div class='ocr_carea' id='block_1_117' title="bbox 2158 5116 2622 5181">
    <p class='ocr_par' dir='ltr' id='par_1_117' title="bbox 2158 5116 2622 5181">
     <span class='ocr_line' id='line_1_118' title="bbox 2158 5116 2622 5181; baseline -0.006 -7"><span class='ocrx_word' id='word_1_928' title='bbox 2158 5117 2320 5174; x_wconf 87' lang='lat' dir='ltr'><strong>ducat</strong></span> <span class='ocrx_word' id='word_1_929' title='bbox 2342 5116 2408 5173; x_wconf 90' lang='lat' dir='ltr'><strong>ad</strong></span> <span class='ocrx_word' id='word_1_930' title='bbox 2432 5117 2622 5181; x_wconf 85' lang='lat' dir='ltr'><strong>Deum.</strong></span> 
     </span>
    </p>
   </div>
   <div class='ocr_carea' id='block_1_118' title="bbox 2211 5203 3746 5286">
    <p class='ocr_par' dir='ltr' id='par_1_118' title="bbox 2211 5203 3746 5286">
     <span class='ocr_line' id='line_1_119' title="bbox 2211 5203 3746 5286; baseline -0.001 -21"><span class='ocrx_word' id='word_1_931' title='bbox 2211 5207 2321 5286; x_wconf 58' lang='grc' dir='ltr'><strong>ιε.</strong></span> <span class='ocrx_word' id='word_1_932' title='bbox 2363 5205 2442 5263; x_wconf 80' lang='lat' dir='ltr'><strong>Ex</strong></span> <span class='ocrx_word' id='word_1_933' title='bbox 2471 5205 2705 5278; x_wconf 78' lang='lat' dir='ltr'><strong>Epistola</strong></span> <span class='ocrx_word' id='word_1_934' title='bbox 2731 5207 2892 5264; x_wconf 87' lang='lat' dir='ltr'><strong>etiam</strong></span> <span class='ocrx_word' id='word_1_935' title='bbox 2929 5203 3153 5263; x_wconf 80' lang='lat' dir='ltr'><strong>Joannis</strong></span> <span class='ocrx_word' id='word_1_936' title='bbox 3179 5205 3296 5262; x_wconf 60' lang='lat' dir='ltr'><strong>haec</strong></span> <span class='ocrx_word' id='word_1_937' title='bbox 3338 5203 3467 5262; x_wconf 88' lang='lat' dir='ltr'><strong>mihi</strong></span> <span class='ocrx_word' id='word_1_938' title='bbox 3493 5219 3746 5264; x_wconf 79' lang='lat' dir='ltr'><strong>occurre-</strong></span> 
     </span>
    </p>
   </div>
   <div class='ocr_carea' id='block_1_119' title="bbox 2162 5295 3754 5380">
    <p class='ocr_par' dir='ltr' id='par_1_119' title="bbox 2162 5295 3754 5380">
     <span class='ocr_line' id='line_1_120' title="bbox 2162 5295 3754 5380; baseline -0.006 -23"><span class='ocrx_word' id='word_1_939' title='bbox 2162 5308 2306 5366; x_wconf 89' lang='lat' dir='ltr'><strong>runt,</strong></span> <span class='ocrx_word' id='word_1_940' title='bbox 2332 5315 2452 5372; x_wconf 66' lang='lat' dir='ltr'><strong>quae</strong></span> <span class='ocrx_word' id='word_1_941' title='bbox 2475 5297 2602 5355; x_wconf 84' lang='lat' dir='ltr'><strong>huic</strong></span> <span class='ocrx_word' id='word_1_942' title='bbox 2627 5297 2911 5370; x_wconf 64' lang='lat' dir='ltr'><strong>quaestioni</strong></span> <span class='ocrx_word' id='word_1_943' title='bbox 2943 5297 3247 5355; x_wconf 84' lang='lat' dir='ltr'><strong>necessaria</strong></span> <span class='ocrx_word' id='word_1_944' title='bbox 3273 5297 3386 5380; x_wconf 73' lang='lat' dir='ltr'><strong>visa</strong></span> <span class='ocrx_word' id='word_1_945' title='bbox 3417 5297 3561 5353; x_wconf 81' lang='lat' dir='ltr'><strong>sunt.</strong></span> <span class='ocrx_word' id='word_1_946' title='bbox 3596 5295 3754 5380; x_wconf 71' lang='lat' dir='ltr'><strong>Quod</strong></span> 
     </span>
    </p>
   </div>
   <div class='ocr_carea' id='block_1_120' title="bbox 2211 5440 3758 5530">
    <p class='ocr_par' dir='ltr' id='par_1_120' title="bbox 2211 5440 3758 5530">
     <span class='ocr_line' id='line_1_121' title="bbox 2211 5440 3758 5530; baseline -0.008 -15"><span class='ocrx_word' id='word_1_947' title='bbox 2211 5457 2257 5530; x_wconf 50' lang='grc' dir='ltr'><strong>ἢ</strong></span> <span class='ocrx_word' id='word_1_948' title='bbox 2663 5451 3266 5530; x_wconf 30' lang='grc' dir='ltr'><strong>βασιληιρΜ</strong></span> <span class='ocrx_word' id='word_1_949' title='bbox 3285 5440 3642 5505; x_wconf 63' lang='lat' dir='ltr'><strong>sum</strong></span> <span class='ocrx_word' id='word_1_950' title='bbox 3659 5457 3758 5504; x_wconf 58' lang='lat' dir='ltr'><strong>nisi</strong></span> 
     </span>
    </p>
   </div>
   <div class='ocr_carea' id='block_1_121' title="bbox 2158 5516 3008 5634">
    <p class='ocr_par' dir='ltr' id='par_1_121' title="bbox 2158 5516 3008 5634">
     <span class='ocr_line' id='line_1_122' title="bbox 2158 5516 3008 5634; baseline 0.004 -4"><span class='ocrx_word' id='word_1_951' title='bbox 2158 5516 2884 5634; x_wconf 56' lang='lat' dir='ltr'><strong>“rang</strong></span> <span class='ocrx_word' id='word_1_952' title='bbox 2903 5516 3008 5570; x_wconf 63' lang='lat'><strong>-</strong></span> 
     </span>
    </p>
   </div>
   <div class='ocr_carea' id='block_1_122' title="bbox 2217 5587 2968 5736">
    <p class='ocr_par' dir='ltr' id='par_1_122' title="bbox 2217 5587 2968 5736">
     <span class='ocr_line' id='line_1_123' title="bbox 2223 5587 2790 5639; baseline 0 -9"><span class='ocrx_word' id='word_1_953' title='bbox 2223 5587 2245 5615; x_wconf 71' lang='lat'>&#39;</span> <span class='ocrx_word' id='word_1_954' title='bbox 2275 5587 2384 5630; x_wconf 53' lang='grc' dir='ltr'><strong>ω.</strong></span> <span class='ocrx_word' id='word_1_955' title='bbox 2399 5617 2413 5639; x_wconf 63' lang='grc' dir='ltr'><strong><em>ο</em></strong></span> 
     </span>
     <span class='ocr_line' id='line_1_124' title="bbox 2217 5637 2968 5706; baseline -0.003 -14"><span class='ocrx_word' id='word_1_956' title='bbox 2217 5643 2246 5675; x_wconf 79' lang='grc'><em>³</em></span> <span class='ocrx_word' id='word_1_957' title='bbox 2279 5641 2504 5706; x_wconf 86' lang='lat' dir='ltr'><strong>Plerique</strong></span> <span class='ocrx_word' id='word_1_958' title='bbox 2526 5647 2656 5700; x_wconf 63' lang='grc' dir='ltr'><strong>κω..</strong></span> <span class='ocrx_word' id='word_1_959' title='bbox 2676 5637 2730 5692; x_wconf 82' lang='lat' dir='ltr'><strong>In</strong></span> <span class='ocrx_word' id='word_1_960' title='bbox 2750 5638 2968 5692; x_wconf 71' lang='lat' dir='ltr'><strong>veritate.</strong></span> 
     </span>
     <span class='ocr_line' id='line_1_125' title="bbox 2222 5701 2968 5736; baseline 0 0"><span class='ocrx_word' id='word_1_961' title='bbox 2222 5705 2244 5736; x_wconf 71' lang='grc' dir='ltr'>δ</span> <span class='ocrx_word' id='word_1_962' title='bbox 2275 5711 2372 5736; x_wconf 61' lang='lat' dir='ltr'><strong>una</strong></span> <span class='ocrx_word' id='word_1_963' title='bbox 2394 5701 2498 5736; x_wconf 65' lang='lat' dir='ltr'><strong>Im</strong></span> <span class='ocrx_word' id='word_1_964' title='bbox 2521 5715 2546 5736; x_wconf 62' lang='grc' dir='ltr'><strong>ο</strong></span> <span class='ocrx_word' id='word_1_965' title='bbox 2570 5701 2812 5736; x_wconf 72' lang='lat' dir='ltr'><strong>nmnnuht</strong></span> <span class='ocrx_word' id='word_1_966' title='bbox 2830 5709 2919 5736; x_wconf 78' lang='lat' dir='ltr'><strong>\I-</strong></span> <span class='ocrx_word' id='word_1_967' title='bbox 2959 5713 2968 5736; x_wconf 87' lang='lat' dir='ltr'><strong>I</strong></span> 
     </span>
    </p>
   </div>
   <div class='ocr_carea' id='block_1_123' title="bbox 2275 5701 3340 5766">
    <p class='ocr_par' dir='ltr' id='par_1_123' title="bbox 2275 5701 3340 5766">
     <span class='ocr_line' id='line_1_126' title="bbox 2275 5701 3340 5766; baseline 0 -12"><span class='ocrx_word' id='word_1_968' title='bbox 2275 5711 2372 5754; x_wconf 75' lang='lat' dir='ltr'><strong>Hoc</strong></span> <span class='ocrx_word' id='word_1_969' title='bbox 2394 5701 2498 5754; x_wconf 72' lang='lat' dir='ltr'><strong>ideo</strong></span> <span class='ocrx_word' id='word_1_970' title='bbox 2519 5715 2546 5753; x_wconf 85' lang='lat' dir='ltr'><strong>s</strong></span> <span class='ocrx_word' id='word_1_971' title='bbox 2570 5701 2813 5754; x_wconf 84' lang='lat' dir='ltr'><strong>nonnullis</strong></span> <span class='ocrx_word' id='word_1_972' title='bbox 2830 5709 2934 5756; x_wconf 64' lang='grc' dir='ltr'><strong>ιω.</strong></span> <span class='ocrx_word' id='word_1_973' title='bbox 2958 5701 3119 5763; x_wconf 56' lang='lat' dir='ltr'><strong>abes.</strong></span> <span class='ocrx_word' id='word_1_974' title='bbox 3143 5707 3340 5766; x_wconf 64' lang='lat' dir='ltr'><strong>quam</strong></span> 
     </span>
    </p>
   </div>
  </div>
