4002 6180
383 288 486 345 435

383 400 568 454 eratin
594 396 793 455 Christo
819 396 1064 450 mundum
1091 394 1426 450 reconcilians
1449 393 1578 458 sibi,
1605 408 1706 445 non
1729 397 1976 460 reputans

385 490 488 544 illis
527 489 708 544 delicta
747 503 953 551 eorum,
984 495 1032 540 et
1062 501 1253 558 ponens
1295 485 1348 537 in
1378 485 1519 538 nobis
1567 483 1768 536 verbum
1795 496 1976 534 recon-

387 580 680 636 ciliationts.
714 578 821 632 Pro
845 577 1044 632 Christo
1086 590 1206 643 ergo
1249 577 1498 646 legatione
1538 575 1827 644 fungimur,
1859 581 1974 624 tan-

387 689 538 736 quam
566 670 674 736 Deo
699 670 996 724 exhortante
1023 684 1112 738 per
1147 685 1240 722 nos
1266 683 1284 721 :
1310 668 1629 721 obsecramus
1656 681 1748 736 pro
1775 662 1977 719 Christo

389 763 701 818 reconciliari
736 760 860 814 Deo.
895 760 1026 815 Eum
1055 761 1140 828 qui
1182 777 1284 813 non
1325 768 1527 813 noverat
1555 767 1814 827 peccatum
1835 795 1851 823 ,
1884 771 1976 826 pro

391 856 530 910 nobis
556 863 816 924 peccatum
844 853 981 923 fecit,
1011 861 1066 905 ut
1100 867 1192 905 nos
1219 851 1375 905 simus
1394 850 1601 919 justitia
1631 847 1725 902 Dei
1749 848 1804 900 in
1841 847 1974 917 ipso.

391 945 726 1015 Coeperantes
763 956 932 998 autem
955 952 1000 997 et
1030 958 1288 1012 rogamus,
1307 977 1310 980 λ
1330 959 1392 995 ne
1431 941 1484 992 in
1524 955 1734 993 eacuum
1762 939 1979 1009 gratiam

392 1039 486 1093 Dei
509 1037 819 1106 suscipiatis.
853 1035 990 1092 Dicit
1013 1035 1144 1088 enim
1171 1049 1187 1088 :
1214 1032 1465 1103 Tempore
1489 1031 1788 1102 acceptabili
1820 1046 1982 1085 exau-

387 1132 489 1186 diui
516 1139 600 1196 te,
631 1141 679 1184 et
719 1131 773 1183 in
802 1129 884 1182 die
917 1128 1097 1182 salutis
1125 1126 1299 1196 adjuoi
1342 1135 1410 1178 te.
1443 1121 1576 1178 Ecce
1613 1138 1746 1177 nunc
1783 1130 1979 1191 tempus

389 1223 711 1292 occeptabile,
740 1238 852 1276 ecce
877 1237 1010 1274 nunc
1037 1220 1142 1273 dies
1169 1219 1351 1273 salutis
1386 1216 1404 1285 (
1423 1217 1468 1271 Il
1485 1217 1597 1271 Cor.
1621 1230 1676 1279 ν,
1704 1215 1872 1279 14ςν1,
1895 1214 1976 1282 2).

389 1314 468 1368 Ad
502 1315 636 1371 haue
668 1311 1155 1367 reconciliationem
1200 1318 1254 1363 et
1299 1307 1524 1362 salutem
1571 1307 1617 1360 si
1659 1321 1764 1359 non
1811 1303 1978 1373 perti-

391 1413 521 1459 nent
564 1402 794 1472 parvuli,
828 1402 948 1471 quis
977 1415 1070 1456 eos
1092 1399 1289 1472 qua-rit
1319 1399 1336 1430 ⁸
1367 1397 1433 1451 ad
1465 1395 1788 1466 Baptismum
1819 1394 1977 1448 Citri-

393 1495 512 1550 sti?
568 1471 626 1548 Si
672 1501 850 1548 autem
904 1471 1204 1560 pertinent,
1258 1489 1395 1544 inter
1450 1488 1692 1542 homines
1742 1493 1979 1540 mortuos

395 1594 519 1639 sum
538 1585 581 1648 ⁸,
611 1598 708 1655 Pro
736 1583 928 1652 quibus
957 1582 1042 1636 ille
1069 1591 1308 1635 mortuus
1331 1588 1448 1644 est;
1482 1593 1580 1632 nec
1605 1577 1673 1631 ab
1696 1593 1761 1632 eo
1787 1591 1979 1632 recon-

383 1675 557 1730 ciliari
602 1684 656 1730 et
697 1674 890 1728 salvari
936 1679 1178 1743 possunt,
1213 1669 1313 1724 nisi
1355 1669 1576 1724 dimissa
1622 1683 1730 1723 non
1770 1675 1980 1738 reputet

387 1765 587 1821 delicta
619 1780 826 1818 eorum.

463 1858 550 1912 43.
589 1857 717 1911 item
745 1857 809 1910 ad
833 1855 1050 1911 Galatas
1077 1873 1090 1907 :
1125 1853 1300 1908 Cratia
1327 1853 1462 1906 vobis
1489 1861 1536 1905 et
1570 1867 1672 1919 pax
1695 1866 1728 1902 a
1749 1847 1856 1903 Deo
1874 1846 1981 1901 Pa-

387 1957 486 2011 tre,
515 1956 560 2000 et
585 1947 801 2004 Domino
829 1945 957 1999 Iesu
981 1945 1180 2000 Christo
1197 1986 1211 2009 ,
1235 1944 1322 2014 qui
1360 1942 1497 1996 dedit
1539 1941 1856 2010 semetipsum
1885 1956 1977 2010 pro

393 2039 610 2105 peccatis
653 2037 836 2091 nostris
855 2077 870 2101 ,
906 2045 959 2089 ut
1000 2036 1235 2090 exiliter-et
1281 2050 1372 2088 nos
1412 2032 1478 2087 de
1520 2032 1750 2101 praesenti
1792 2030 1978 2086 sarculo

385 2127 616 2198 πιαίὶςκο
645 2125 838 2196 (Calai.
874 2141 910 2186 ι,
942 2126 995 2190 5,
1023 2125 1101 2195 4).
1137 2124 1201 2178 Et
1226 2125 1332 2176 alio
1363 2124 1478 2176 loco
1509 2139 1522 2174 :
1553 2120 1661 2175 Lex
1699 2129 1981 2191 transgres-

384 2219 546 2272 sionis
584 2217 748 2288 gratia
796 2217 1054 2287 pr0posita
1083 2225 1155 2269 est
1183 2215 1225 2280 ³,
1262 2217 1418 2267 donec
1461 2213 1646 2266 ueniret
1691 2229 1858 2266 semen
1897 2213 1978 2265 cui

387 2310 698 2374 {promissam
727 2317 820 2367 est,
849 2306 1153 2374 dispositum
1184 2321 1271 2374 per
1295 2303 1510 2374 Angelos
1539 2304 1590 2355 in
1617 2318 1771 2355 manu
1795 2301 1980 2354 media-

391 2409 539 2452 toris.
573 2396 826 2450 Mediator
851 2405 1018 2449 autem
1063 2396 1212 2448 unius
1254 2411 1352 2448 non
1389 2403 1461 2447 est
1485 2408 1505 2446 :
1533 2391 1669 2445 Deus
1709 2407 1823 2446 vero
1849 2407 1978 2444 unus

385 2497 488 2542 est.
521 2487 628 2542 Lex
655 2504 774 2559 ergo
807 2489 1046 2541 adversus
1091 2486 1338 2557 promissa
1368 2484 1502 2538 Dei?
1538 2483 1701 2539 Absit.
1747 2484 1807 2540 Si
1843 2484 1979 2538 enim

391 2577 515 2631 data
557 2588 683 2633 esset
727 2577 827 2641 lex,
868 2592 980 2646 qua:
1023 2587 1186 2648 posset
1232 2576 1503 2644 vivi/icore,
1550 2577 1754 2630 omnino
1781 2592 1844 2630 ea:
1871 2576 1978 2647 lege

390 2677 522 2722 esset
538 2667 760 2739 justitia.
793 2666 901 2721 Sed
929 2667 1175 2720 conclusit
1207 2666 1476 2737 Scriptura
1519 2662 1690 2720 omnia
1729 2667 1823 2720 sub
1862 2683 1980 2736 peo-

391 2768 534 2824 cato,
563 2768 615 2811 ut
653 2758 915 2827 promissio
943 2773 1007 2811 ex
1045 2757 1147 2826 fide
1173 2755 1298 2811 Iesu
1325 2757 1514 2811 Christi
1540 2757 1747 2812 daretur
1773 2757 1978 2812 creden-

388 2851 524 2904 tibus
554 2847 672 2920 (Id.
701 2865 776 2912 In,
813 2849 1029 2918 19-32).

461 2941 550 2997 46.
581 2940 664 2995 Ad
694 2940 956 3009 Ephesios
984 2939 1145 2994 etiam
1177 2959 1189 2994 :
1223 2938 1290 2993 Et
1319 2956 1404 2994 vos
1441 2955 1555 2994 cum
1591 2938 1762 2993 essetis
1791 2939 1978 2993 mortui

393 3033 586 3088 delictis
613 3042 658 3086 et
689 3032 906 3101 peccatis
931 3032 1126 3094 uestris,
1157 3031 1211 3084 in
1240 3031 1419 3099 quibus
1447 3030 1722 3100 aliquando
1749 3029 1980 3084 ambula-

390 3131 485 3180 ntis
523 3125 800 3178 secundum
833 3120 1077 3178 naculum
1113 3122 1290 3206 mundi
1324 3123 1498 3191 hujus,
1527 3121 1802 3177 secundum
1832 3123 1977 3190 prin-

394 3216 552 3285 cipem
583 3215 841 3284 potestatis
867 3216 1001 3269 aeris
1021 3255 1036 3277 ,
1069 3214 1278 3283 spiritus
1315 3215 1425 3284 ejus
1465 3214 1549 3283 qui
1577 3229 1711 3266 nunc
1739 3223 1979 3284 aperatur

393 3307 450 3359 in
475 3307 596 3375 filiis
622 3305 944 3377 difitleutic,
983 3307 1036 3359 in
1075 3306 1253 3375 quibus
1281 3316 1328 3359 et
1366 3321 1458 3359 nos
1495 3321 1667 3359 omnes
1700 3306 1978 3375 aliquando

393 3399 670 3451 emtversali
707 3415 878 3451 smnus
915 3399 966 3450 in
1009 3398 1271 3451 desideriis
1313 3398 1480 3452 carnis
1519 3408 1705 3453 nostra:
1739 3399 1978 3469 facientes

403 3487 710 3540 uoluntatem
733 3487 923 3552 carnis,
953 3496 1002 3540 et
1026 3485 1368 3554 aﬂectionum,
1390 3497 1438 3541 et
1457 3503 1656 3542 eramus
1681 3487 1980 3542 naturaliter

398 3580 494 3640 alii
536 3581 645 3642 irte,
683 3580 815 3634 sicut
853 3591 900 3633 et
936 3580 1127 3634 caueri.
1158 3579 1297 3634 Deus
1322 3589 1491 3634 autem
1533 3581 1617 3650 qui
1646 3581 1782 3634 diues
1821 3591 1894 3634 est
1927 3581 1981 3634 in

400 3673 764 3734 misericordia,
811 3681 1018 3742 propter
1051 3673 1264 3726 multam
1302 3672 1618 3726 dilectionem
1659 3689 1758 3741 qua
1803 3671 1981 3726 dilen't

400 3779 511 3828 nos,
544 3774 588 3817 et
614 3780 730 3816 cum
757 3779 972 3818 essemus
1000 3764 1184 3816 mortui
1213 3763 1456 3832 peccatis,
1486 3763 1850 3830 convivi/ienuit
1889 3779 1980 3816 nos

401 3851 603 3907 Christo
623 3894 638 3917 ,
667 3854 812 3924 cujus
839 3854 1003 3924 gratia
1029 3869 1202 3906 sumus
1231 3853 1358 3906 salvi
1382 3853 1526 3921 facti.
1553 3853 1619 3907 Et
1644 3853 1800 3922 paulo
1827 3862 1977 3922 post:

406 3940 600 4008 Cratia,
631 3945 822 4014 inquit,
861 3945 987 3998 salvi
1026 3944 1149 4015 facti
1189 3945 1306 3999 estis
1334 3961 1423 4016 per
1463 3944 1650 4013 ﬁdem;
1691 3955 1736 3998 et
1761 3947 1854 3999 hoc
1880 3961 1982 4000 non

403 4051 472 4091 ex
493 4036 646 4103 vobis,
674 4038 762 4090 sed
787 4036 877 4092 Dei
911 4036 1102 4090 donum
1125 4046 1198 4091 est
1225 4053 1243 4091 :
1269 4052 1369 4091 non
1393 4053 1458 4091 ex
1489 4038 1740 4107 operibus,
1765 4055 1827 4113 ne
1853 4039 1985 4110 forte

410 4127 520 4194 quis
544 4128 834 4182 extollatur.
865 4125 1036 4200 Ipsius
1060 4129 1191 4182 enim
1217 4145 1390 4183 smnus
1414 4129 1728 4200 ﬁgmentum,
1752 4131 1908 4184 creati
1930 4130 1984 4185 in

403 4216 608 4274 Christo
635 4217 759 4272 Iesu
800 4220 852 4272 in
892 4207 1129 4288 operibus]
1150 4218 1315 4286 bonis,
1358 4234 1473 4288 quae
1516 4221 1816 4290 prteparaeit
1845 4219 1984 4276 Deus

409 4318 463 4360 ut
491 4311 544 4361 in
581 4309 683 4361 illis
706 4309 1040 4362 ambulemus.
1072 4309 1137 4362 Et
1180 4311 1338 4377 paulo
1370 4319 1526 4378 post:
1561 4311 1658 4375 Qui
1683 4311 1872 4374 eratis,
1907 4312 1986 4364 ἰη-

404 4399 550 4469 quit,
602 4398 690 4451 illo
732 4408 954 4466 tempore
994 4400 1102 4452 sine
1143 4399 1372 4465 Christo,
1419 4401 1626 4455 alienati
1668 4418 1700 4455 a
1749 4403 1984 4458 societate

408 4489 593 4551 lsracl,
616 4499 661 4542 et
685 4489 930 4559 peregrini
957 4498 1362 4544 testamentorum
1383 4500 1427 4543 et
1450 4492 1818 4560 promissionis,
1845 4510 1983 4562 spem

403 4597 506 4634 non
537 4580 806 4643 habentes,
837 4588 882 4632 et
913 4577 1020 4631 sine
1049 4577 1154 4632 Deo
1183 4580 1235 4632 in
1265 4581 1358 4633 hoc
1397 4582 1585 4634 mundo
1609 4597 1628 4635 :
1658 4599 1790 4636 nunc
1817 4593 1985 4636 autem

407 4675 462 4727 in
478 4672 680 4728 Christo
701 4671 857 4734 Iesu,
887 4671 972 4740 qui
997 4671 1270 4739 aliquando
1306 4673 1458 4726 eratis
1487 4673 1652 4744 longe,
1679 4676 1800 4744 facti
1821 4673 1843 4704 ⁸
1867 4676 1986 4730 estis

404 4782 563 4835 prope
601 4765 656 4818 in
700 4763 947 4832 sanguine
971 4761 1180 4816 Christi.
1225 4759 1348 4830 Ipse
1370 4773 1442 4817 est
1478 4766 1610 4818 enim
1649 4782 1752 4834 pas;
1793 4775 1981 4832 nostra,

403 4837 490 4929 qui
523 4858 640 4928 fecit
671 4865 882 4922 utraque
919 4869 1096 4918 unum,
1137 4861 1185 4907 et
1223 4855 1443 4907 mediam
1483 4859 1720 4926 parietem
1757 4859 1988 4914 maceriae

401 4951 600 5006 solvens
645 4945 958 5012 inimicitias,
1004 4947 1056 5000 in
1103 4962 1256 5001 carne
1297 4964 1392 5002 sua
1435 4949 1593 5020 legem
1637 4951 1988 5005 mandatorum

395 5040 622 5095 decretis
665 5053 914 5093 concauus
937 5079 954 5105 ,
997 5043 1051 5091 ut
1097 5037 1227 5092 duos
1271 5040 1503 5092 conderet
1546 5041 1598 5094 in
1640 5057 1693 5094 se
1735 5043 1788 5095 in
1831 5059 1987 5096 unum

406 5145 604 5190 novum,
621 5129 898 5193 hominem,
939 5128 1130 5198 faciens
1162 5145 1333 5198 pacem
1353 5171 1368 5196 ,
1399 5139 1444 5184 et
1473 5141 1798 5186 conunutaret
1825 5143 1988 5188 utros-

405 5240 498 5294 que
525 5224 578 5276 in
620 5237 719 5276 uno
742 5236 956 5287 corpore
978 5219 1086 5275 Deo
1101 5263 1116 5287 ,
1145 5237 1236 5292 per
1261 5237 1459 5277 crucem
1485 5223 1791 5292 interficiens
1814 5224 1989 5279 inimi-

406 5314 552 5368 citias
593 5313 649 5366 in
695 5311 981 5378 semetipso.
1039 5310 1107 5367 Et
1157 5313 1358 5368 veniens
1413 5314 1768 5386 evaugelizaoit
1815 5331 1990 5384 pacem

471 5443 494 5517 ξ
522 5453 623 5498 Duo
639 5437 914 5517 tiss.,_q_uid
933 5457 1013 5498 eos

473 5509 496 5543 ⁸
521 5518 625 5562 Διει-
647 5515 724 5560 Er.
744 5513 798 5557 et
818 5513 950 5566 Mss,
971 5509 1146 5558 mortui
1167 5512 1294 5558 sunt.

469 5570 495 5602 ⁸
521 5572 593 5636 θῆίο
626 5578 730 5636 “5.5:
771 5568 888 5636 ωίιί
913 5581 1060 5636 "PFO:
1083 5566 1239 5636 Posito
1257 5573 1344 5636 est.
1383 5577 1435 5619 Et
1452 5568 1588 5636 infra
1606 5605 1622 5630 ,
1646 5569 1878 5634 dum,“
1905 5586 1991 5636 pa,

407 5629 620 5690 angelos.
648 5630 762 5679 vide
785 5628 1141 5690 Expositionem
1164 5628 1382 5690 Epistula!
1405 5632 1462 5680 ad
1482 5628 1682 5681 calatis.

521 5700 573 5742 in
595 5693 758 5752 editis,
773 5687 891 5754 facti
911 5694 1085 5738 mrtem.
1113 5687 1277 5750 Abest,
1300 5699 1474 5751 mitem,
1494 5704 1522 5739 ε
1539 5694 1886 5756 manusuiptis.

1022 282 1109 339 DE
1149 277 1603 337 PECCATORUM
1641 265 1919 331 HERITIS
1959 272 1980 328 Ι

2089 263 2512 342 neaisstoue,
2553 273 2612 329 s.
2653 226 3019 332 incusem

2083 387 2220 441 vobis
2247 389 2334 456 qui
2352 388 2504 444 eratis
2527 390 2694 461 longe,
2723 401 2770 445 et
2797 407 2972 462 pacem
2999 391 3077 446 his
3100 391 3187 461 qui
3215 408 3393 462 prope,
3429 394 3550 464 quia
3576 412 3666 464 per

2080 478 2247 544 ipsum
2280 479 2518 534 habemus
2550 495 2805 534 accessum
2839 480 2987 535 ambo
3017 481 3070 536 in
3107 499 3210 536 uno
3248 484 3431 554 spiritu
3467 468 3536 538 ad
3564 485 3664 540 Ρα-

2081 577 2205 620 trem
2230 567 2445 639 (Ep/tes.
2476 585 2514 624 tt
2536 610 2551 633 ,
2583 570 2768 640 1-18).
2815 569 2945 626 item
2989 572 3113 628 alibi
3144 590 3158 626 :
3191 573 3341 628 Sicut
3380 577 3560 631 ueritas
3593 592 3666 630 est

2083 659 2134 713 in
2149 657 2297 724 Iesu,
2320 661 2573 730 deponere
2599 678 2686 716 vos
2705 663 2979 717 secundum
3000 665 3219 733 priorem
3244 669 3670 722 conuersationem

2084 758 2296 804 veterem
2321 751 2597 818 hominem,
2626 770 2738 806 eum
2764 755 2849 823 qui
2881 755 3222 824 corrumpitur
3243 757 3516 811 secundum
3542 775 3670 816 cou-

2081 842 2418 910 cupiscentias
2472 844 2803 913 deceptionis.
2867 845 3200 900 Renovamini
3261 859 3429 902 autem
3485 850 3671 920 spiritu

2083 934 2260 987 utentis
2299 945 2505 1001 vestrm,
2545 946 2591 990 et
2627 936 2822 992 induite
2857 953 3040 991 novum
3093 937 3345 992 hominem
3365 981 3381 1006 ,
3422 958 3536 994 eum
3584 945 3674 1013 qui

2082 1024 2359 1078 secundum
2401 1024 2568 1080 Deum
2609 1038 2806 1082 creatus
2843 1038 2917 1082 est
2962 1030 3016 1082 in
3057 1030 3260 1100 justitia
3305 1039 3356 1104 et
3399 1034 3672 1086 sanctitate

2083 1116 2326 1170 veritatis.
2373 1117 2438 1172 Et
2477 1118 2602 1173 alibi
2645 1138 2657 1171 :
2691 1117 2867 1174 Nolite
2910 1122 3207 1176 contristare
3255 1122 3507 1192 Spiritum
3545 1141 3671 1179 san-

2082 1216 2216 1259 ctum
2247 1205 2360 1269 Dei,
2409 1211 2462 1261 in
2510 1225 2612 1278 quo
2657 1210 2844 1280 signati
2882 1212 3000 1266 estis
3041 1213 3094 1265 in
3133 1212 3268 1266 diem
3307 1215 3672 1284 redemptionis

2084 1295 2196 1369 (Id.
2224 1314 2300 1364 tv,
2329 1297 2522 1363 Ξι-ει,
2548 1300 2661 1370 50).

2153 1391 2242 1444 47.
2279 1392 2357 1446 Ad
2402 1390 2749 1448 Colossenscs
2796 1393 2956 1448 etiam
3005 1395 3074 1447 ita
3127 1394 3361 1465 loquitur
3405 1412 3418 1450 :
3465 1395 3671 1451 Gratias

2081 1491 2285 1551 agentes
2311 1479 2453 1536 Patri
2479 1483 2690 1538 idoneos
2715 1484 2919 1555 facienti
2948 1501 3039 1540 nos
3069 1485 3122 1539 in
3150 1497 3344 1555 partem
3371 1489 3521 1542 sortis
3546 1505 3670 1542 san-

2081 1579 2279 1626 ctorum
2305 1571 2358 1625 in
2383 1571 2574 1627 tantine
2591 1615 2606 1638 ,
2634 1574 2720 1639 qui
2748 1575 2930 1643 eripuit
2956 1591 3047 1629 nos
3070 1577 3134 1631 de
3170 1587 3413 1647 potestate
3437 1580 3670 1634 tenebru'o

2083 1678 2196 1717 rum
2241 1672 2288 1716 et
2331 1666 2588 1718 transtulit
2633 1667 2686 1720 in
2728 1684 2936 1740 regnum
2965 1666 3093 1722 Filii
3135 1670 3394 1724 charitatis
3439 1689 3563 1739 sum,
3615 1673 3674 1727 in

2081 1769 2180 1821 quo
2227 1753 2468 1809 habemus
2512 1757 2902 1826 redemptionem
2931 1759 2984 1812 in
3010 1759 3303 1814 remissione
3347 1775 3668 1831 peccatorum

2084 1841 2301 1910 (Coloss.
2331 1859 2384 1905 t,
2418 1844 2630 1914 12-14).
2666 1845 2732 1900 ΕΙ.
2773 1848 2878 1902 alio
2921 1849 3035 1902 loco
3064 1866 3078 1901 :
3113 1849 3174 1902 Et
3200 1851 3345 1917 estis,
3381 1853 3585 1922 inquit,
3615 1855 3670 1909 iu

2081 1932 2172 1986 illo
2199 1935 2397 2004 repleti,
2428 1937 2516 2006 qui
2549 1947 2622 1990 est
2655 1949 2810 2006 caput
2835 1941 2997 1992 onmis
3022 1941 3334 2012 principatus
3363 1954 3408 1998 et
3445 1955 3671 2015 potesta-

2082 2023 2146 2076 tis
2171 2039 2191 2076 :
2222 2025 2273 2077 in
2310 2041 2409 2095 quo
2448 2027 2602 2080 etiam
2647 2029 2929 2084 circumcisi
2977 2033 3093 2084 estis
3145 2032 3524 2089 circumcisione
3565 2052 3668 2091 non

2083 2121 2396 2181 manufacta,
2428 2117 2482 2170 in
2509 2119 2874 2189 exspoliatione
2901 2123 3126 2191 corporis
3155 2124 3341 2188 carnis,
3374 2125 3425 2178 in
3453 2127 3670 2181 circum~

2082 2205 2271 2260 cisione
2299 2205 2525 2273 Christi,
2559 2210 2840 2277 consepulti
2885 2213 2931 2265 ei
2970 2218 3023 2265 in
3058 2212 3338 2282 Baptismo,
3386 2217 3438 2269 in
3476 2235 3575 2289 quo
3621 2229 3672 2273 et

2081 2299 2468 2352 consurrexistis
2498 2315 2587 2368 per
2616 2300 2769 2368 [idem
2797 2303 3106 2372 operationis
3135 2303 3230 2358 Dei
3249 2306 3377 2376 ,-qui
3409 2309 3671 2363 suscitauit

2081 2384 2225 2438 illum
2251 2403 2284 2439 a
2308 2388 2536 2442 mortuis.
2572 2387 2641 2442 Et
2665 2405 2782 2454 vos,
2814 2407 2929 2444 cum
2963 2394 3136 2448 essetis
3173 2397 3357 2448 mortui
3385 2396 3578 2452 delictis
3619 2410 3670 2452 et

2083 2477 2332 2545 prteputio
2369 2479 2538 2532 carnis
2584 2489 2793 2547 rectm,
2821 2484 3182 2552 caauioi/icavit
3228 2503 3342 2539 cum
3368 2486 3476 2542 illo
3504 2490 3541 2554 ί,
3573 2490 3670 2545 do-

2083 2583 2215 2622 nans
2259 2570 2401 2624 nobis
2448 2574 2619 2628 omnia
2666 2574 2869 2642 delicta,
2901 2576 3072 2632 deleas
3114 2580 3251 2646 quod
3292 2581 3530 2636 adversus
3572 2599 3668 2638 nos

2086 2669 2195 2713 erat
2219 2659 2615 2732 chirographum
2635 2665 2840 2731 decreti,
2871 2669 3006 2736 quod
3033 2679 3139 2722 erat
3167 2672 3474 2726 contrarium
3499 2675 3664 2744 nobis,

2084 2748 2266 2805 tollens
2294 2751 2424 2826 illud
2449 2754 2512 2808 de
2536 2756 2732 2821 medio,
2764 2767 2811 2810 et
2853 2759 3059 2830 affigens
3101 2761 3230 2815 illud
3274 2765 3432 2826 cruci,
3479 2782 3669 2821 exuens

2080 2857 2137 2896 se
2162 2858 2386 2909 carnem,
2417 2847 2725 2918 principatus
2755 2859 2803 2903 et
2828 2860 3094 2920 potestates
3121 2856 3419 2923 exemplavit
3449 2858 3667 2925 ﬁducia-

2084 2932 2196 2988 liter
2236 2935 2554 3006 triumphans
2579 2956 2663 2994 eos
2703 2940 2755 2993 in
2784 2943 3048 3012 semetipso
3075 2945 3185 3013 (ld.
3215 2963 3272 3012 tl,
3309 2948 3522 3018 1045).

2153 3025 2243 3082 48.
2285 3026 2354 3082 Et
2396 3029 2462 3082 ad
2505 3028 2844 3086 Timotheum
2883 3049 2897 3087 :
2928 3032 3237 3101 Humanus,
3271 3039 3474 3108 inquit,
3503 3057 3666 3096 sermo

2081 3124 2131 3168 et
2154 3117 2292 3170 omni
2317 3120 2606 3182 acceptione
2630 3121 2813 3193 dignus
2833 3164 2848 3188 ,
2875 3124 2992 3194 quia
3016 3124 3246 3180 Christus
3268 3127 3422 3184 Iesus
3452 3132 3584 3186 venit
3612 3134 3666 3187 ist

2083 3207 2328 3260 mundum
2358 3221 2641 3278 peccatores
2665 3213 2831 3267 salvos
2874 3218 3070 3286 facere,
3107 3233 3320 3289 quorum
3349 3221 3546 3290 primus
3573 3237 3665 3294 ego

2083 3314 2214 3352 sum.
2246 3299 2352 3354 Sed
2379 3301 2492 3356 ideo
2517 3305 2914 3359 misericordiam
2939 3319 3233 3364 consecutus
3262 3327 3396 3376 sum,
3425 3322 3482 3366 ut
3509 3314 3560 3368 in
3587 3331 3670 3368 me

2083 3389 2362 3444 ostenderet
2384 3393 2546 3460 primo
2563 3391 2791 3449 Christus
2809 3395 2961 3451 Iesus
2986 3415 3183 3453 omnem
3207 3400 3664 3472 longanimitatem,

2083 3480 2150 3532 ad
2175 3480 2583 3551 informationem
2613 3501 2788 3540 eorum
2812 3489 2900 3556 qui
2928 3490 3167 3545 credituri
3191 3504 3307 3548 sunt
3332 3495 3409 3549 illi
3432 3497 3486 3550 in
3513 3499 3669 3554 vitam

2082 3580 2322 3626 teternam
2351 3571 2406 3644 (Ι
2438 3573 2569 3628 Tim.
2598 3591 2651 3641 t,
2680 3578 2748 3634 15
2767 3619 2784 3645 ,
2817 3580 2942 3651 16).
2992 3580 3122 3638 item
3152 3583 3281 3640 dicit
3313 3603 3326 3639 :
3363 3585 3506 3643 Unus
3534 3591 3668 3644 enim

2088 3659 2247 3728 Deus,
2280 3679 2408 3716 unus
2431 3674 2478 3718 et
2508 3666 2753 3721 mediator
2782 3667 2879 3723 Dei
2901 3680 2947 3724 et
2977 3671 3238 3727 hominum
3263 3676 3412 3730 homo
3438 3676 3671 3736 Christus

2084 3754 2255 3822 Iesus,
2281 3759 2367 3827 qui
2391 3759 2530 3813 dedit
2551 3763 2876 3832 semetipsum
2904 3765 3295 3836 redemptionem
3324 3778 3418 3838 pro
3435 3773 3670 3828 omnibus

2090 3847 2201 3919 (Id.
2231 3864 2288 3914 ιι,
2317 3850 2371 3913 5,
2403 3852 2483 3920 6).
2519 3851 2573 3906 in
2623 3855 2855 3910 secunda
2902 3856 3062 3911 etiam
3109 3857 3174 3913 ad
3213 3861 3462 3916 emndcm
3493 3880 3507 3917 :
3537 3861 3670 3920 Noti

2084 3954 2225 4010 ergo,
2273 3941 2460 4011 inquit,
2511 3943 2798 4000 erubescere
2845 3948 3183 4002 testimonium
3226 3947 3440 4006 Domini
3483 3954 3668 4023 nostri,

2087 4047 2244 4102 neque
2272 4049 2350 4088 me
2377 4035 2598 4089 vinctum
2623 4037 2733 4102 eius
2761 4053 2780 4093 :
2806 4040 2894 4093 sed
2919 4040 3173 4095 collabora
3193 4040 3474 4113 Evangelia
3497 4062 3672 4100 sectus-

2087 4120 2211 4175 dum
2237 4124 2468 4178 uirtutem
2488 4125 2581 4179 Dei
2607 4128 2774 4182 salvos
2801 4145 2893 4182 nos
2921 4130 3170 4200 facientis,
3198 4140 3246 4186 et
3270 4133 3493 4186 vocantis
3520 4148 3672 4187 uoca-

2089 4211 2222 4267 tione
2264 4231 2360 4268 sua
2401 4226 2626 4281 sancta;
2663 4234 2762 4272 non
2810 4220 3086 4274 secundum
3130 4238 3284 4291 opera
3325 4232 3538 4286 nostra,
3578 4228 3671 4279 sed

2087 4305 2362 4358 secundum
2405 4323 2556 4360 suum
2585 4309 2899 4378 propositum
2925 4320 2972 4364 et
3007 4313 3257 4381 gratiam,
3297 4328 3410 4383 quia
3435 4315 3556 4367 data
3592 4327 3670 4370 est

2089 4395 2232 4450 nobis
2268 4398 2321 4450 in
2351 4396 2550 4453 Christo
2582 4398 2706 4454 Iesu
2736 4410 2853 4454 ante
2891 4403 3078 4455 saecula
3105 4415 3314 4470 aeterna,
3351 4409 3670 4478 manifestato

2087 4495 2258 4539 autem
2289 4504 2423 4542 nunc
2465 4506 2555 4558 per
2597 4490 2866 4544 adventum
2893 4489 3100 4546 Domini
3127 4495 3284 4547 nostri
3308 4494 3434 4551 Iesu
3459 4497 3669 4567 Christi,

2087 4583 2379 4635 euacuantis
2421 4582 2624 4653 quidem
2668 4593 2877 4638 mortem
2898 4626 2913 4650 ,
2947 4586 3282 4641 illuntinantis
3312 4599 3480 4643 autem
3515 4591 3673 4646 vitam

2088 4683 2135 4726 et
2163 4673 2591 4744 incorruptionem
2629 4693 2718 4745 per
2755 4676 3088 4749 Evangelium
3133 4679 3203 4752 (ll
3231 4680 3364 4734 Tim.
3397 4698 3448 4747 ι,
3479 4681 3611 4739 8-ιυ
3628 4681 3672 4753 ).

2159 4764 2250 4821 49.
2292 4764 2372 4820 Ad
2415 4765 2592 4822 Titum
2633 4769 2792 4823 etiam
2825 4784 2837 4822 :
2870 4767 3267 4841 Exspectantes,
3297 4772 3497 4842 inquit,
3529 4774 3673 4828 illam

2092 4853 2286 4908 beatam
2319 4873 2457 4927 spem
2496 4868 2542 4912 et
2574 4859 3024 4929 manifestationem
3053 4861 3231 4931 glorise
3268 4865 3439 4934 magni
3469 4862 3599 4930 Dei,
3628 4874 3675 4921 et

2090 4946 2357 5001 salvatoris
2386 4950 2547 5003 nostri
2569 4948 2693 5003 Iesu
2723 4949 2929 5017 Christi,
2958 4953 3046 5022 qui
3070 4953 3208 5006 dedit
3231 4955 3554 5024 semetipsum
3583 4971 3678 5025 pro

2095 5037 2256 5100 nobis,
2287 5048 2340 5091 ut
2371 5055 2461 5093 nos
2489 5040 2751 5094 redimeret
2777 5039 2840 5093 ab
2859 5043 3006 5098 omni
3033 5043 3314 5114 iniquitate,
3337 5054 3386 5098 et
3410 5045 3677 5101 mandaret

2093 5145 2185 5186 nos
2228 5131 2322 5185 sibi
2366 5133 2608 5202 populum
2652 5132 3020 5198 abundantem,
3051 5137 3395 5190 teuxulatorem
3433 5137 3679 5206 bonorum

2093 5239 2302 5290 operum
2331 5222 2457 5293 (Titi.
2482 5239 2518 5278 tl
2541 5265 2556 5288 ,
2593 5225 2690 5282 15.
2725 5225 2837 5295 14).
2892 5225 2954 5280 Et
3000 5226 3110 5281 alio
3153 5227 3271 5282 loco
3300 5247 3314 5283 :
3342 5227 3469 5283 Cum
3509 5239 3677 5284 autem

2094 5311 2373 5385 benignitas
2405 5325 2450 5369 et
2500 5315 2786 5371 humanitas
2831 5315 3002 5372 illuxit
3043 5316 3327 5374 Saluatoris
3365 5317 3462 5375 Dei
3495 5320 3681 5388 austri,

2097 5419 2196 5458 non
2221 5419 2284 5458 ea
2307 5404 2542 5473 operibus
2566 5407 2816 5476 justitite,
2845 5423 2958 5477 quc
2992 5424 3084 5462 nos
3124 5409 3354 5478 fecimus,
3383 5411 3474 5465 sed
3498 5425 3682 5466 oceano

2096 5495 2219 5549 dum
2245 5510 2391 5548 snam
2419 5495 2814 5550 misericonliam
2840 5498 3004 5552 "salvos
3040 5515 3130 5554 nos
3158 5499 3278 5568 fecit
3307 5517 3397 5570 per
3423 5501 3685 5560 lauacrum

2098 5586 2487 5656 regenerationis
2533 5597 2579 5641 et
2628 5589 2964 5643 reuocationis
3012 5589 3238 5660 Spiritus
3285 5593 3449 5648 sancti
3473 5633 3490 5662 ,
3537 5609 3684 5664 quos

2166 5701 2177 5720 '
2217 5703 2264 5745 ιη
2290 5705 2416 5756 Μεε.,
2436 5697 2684 5761 t‘iviﬁcavit
2707 5711 2816 5746 cson
2837 5696 2936 5749 illo.
