4002 6180
244 354 343 410 I37

244 463 484 517 ditissime
511 459 699 529 effudit
724 476 874 532 super
903 476 995 515 nos
1021 475 1109 530 per
1134 459 1311 513 Iesum
1336 458 1591 514 Christum
1615 458 1832 513 salvato-

245 572 343 607 mn
370 564 626 620 nostrum,
665 563 721 608 ut
754 554 1025 626 justiﬁcati
1060 553 1219 622 ipsius
1258 553 1425 623 gratia
1464 551 1686 606 hwredes
1726 552 1835 622 elﬁ-

244 646 437 698 eiantur
464 642 746 697 secundum
773 660 915 713 spem
942 644 1057 698 vita
1078 652 1281 697 aeternis
1307 641 1434 715 (Tit.
1464 659 1540 709 tu,
1571 645 1648 711 4).

314 735 403 790 50.
436 733 519 788 Ad
555 733 813 789 Hebraeos
843 750 1054 803 quoque
1084 734 1340 803 Epistola,
1370 750 1671 805 quanquam
1701 750 1836 789 non-

251 824 413 878 nullis
443 823 647 878 incerta
676 825 746 878 sit
784 824 883 897 (η),
930 834 1102 878 tamen
1132 827 1384 895 quoniam
1430 826 1531 894 legi
1579 827 1837 896 quosdam

253 914 374 968 huic
403 924 605 968 nostra:
635 913 703 968 de
733 914 1006 983 Baptismo
1035 915 1372 984 parvulorum
1403 917 1685 971 sententia:
1709 932 1835 971 con-

250 1006 410 1057 traria
455 1005 785 1071 sentientes,
827 1020 947 1059 eam
995 1006 1312 1076 quibusdam
1352 1006 1692 1075 opinionibus
1726 1008 1836 1062 suis

252 1106 440 1152 tostetn
468 1096 726 1151 adbibere
754 1097 1005 1165 voluisse,
1034 1098 1308 1168 magisque
1336 1113 1423 1153 me
1452 1107 1631 1153 movet
1659 1109 1845 1153 aucto-

253 1189 384 1243 ritas
431 1186 790 1243 Ecclesiarum
839 1190 1197 1256 orientalium,
1249 1206 1368 1259 quae
1407 1191 1544 1245 hanc
1583 1192 1744 1245 etiam
1789 1192 1841 1246 in

256 1278 536 1332 cautmicis
566 1279 783 1345 habent,
811 1289 1005 1349 quanta
1052 1295 1147 1349 pro
1176 1282 1329 1336 nobis
1371 1283 1670 1336 testimonia
1711 1297 1843 1337 cono

258 1370 448 1435 liueat,
472 1369 858 1424 advertendum
885 1379 986 1425 est.
1015 1370 1070 1425 lu
1094 1372 1209 1440 ipso
1232 1374 1348 1440 ejus
1369 1372 1595 1427 exordio
1620 1374 1840 1443 legitur:

256 1461 438 1517 Multis
469 1464 726 1534 partibus,
757 1476 805 1518 et
831 1466 1002 1520 multis
1026 1464 1187 1520 modis
1215 1467 1333 1520 olim
1367 1466 1502 1521 Deus
1545 1468 1745 1522 locutus
1770 1478 1843 1523 est

257 1555 488 1626 patribus
533 1557 585 1609 iu
620 1552 929 1625 PrOphetis;
970 1567 1218 1627 postremo
1246 1558 1300 1611 in
1329 1558 1406 1612 his
1437 1558 1610 1613 diebus
1653 1559 1847 1613 locutas

257 1655 327 1699 est
366 1646 513 1700 nobis
549 1647 603 1700 in
635 1645 792 1710 Filio,
828 1664 975 1717 quem
1010 1650 1267 1702 constituit
1304 1650 1551 1705 hwredem
1584 1652 1846 1705 universo-

258 1753 391 1797 rum,
420 1754 513 1807 per
541 1753 687 1807 quem
725 1737 843 1807 fecit
890 1748 935 1791 et
975 1739 1183 1792 uacula.
1216 1740 1316 1805 Qui
1356 1755 1473 1793 cum
1510 1741 1574 1794 sit
1609 1741 1849 1811 splendor

258 1830 440 1899 gloria:
468 1840 514 1883 et
544 1831 709 1900 ﬁgura
746 1829 1041 1884 substantia:
1068 1831 1178 1900 ejus
1201 1873 1215 1896 ,
1245 1847 1421 1902 gerens
1447 1848 1645 1902 quoque
1680 1833 1851 1886 omnia

259 1922 407 1974 verbo
435 1922 635 1975 virtutis
663 1937 787 1985 suta,
835 1923 1133 1994 purgatione
1157 1933 1493 1994 peccatorum
1520 1940 1551 1976 a
1592 1941 1647 1978 se
1692 1928 1845 1992 facta,

260 2013 397 2064 sedet
422 2013 493 2064 ad
519 2012 777 2066 dexteram
809 2014 1081 2084 majestatis
1108 2014 1159 2067 in
1185 2014 1393 2067 excelsis
1418 2013 1603 2082 (Hebr.
1631 2031 1669 2081 ι,
1702 2016 1725 2069 l
1766 2016 1846 2087 5).

264 2103 329 2158 Et
370 2111 493 2173 post
536 2118 752 2173 pauca:
785 2106 845 2160 Si
889 2106 1020 2160 enim
1061 2106 1147 2170 qui
1190 2123 1279 2176 per
1305 2105 1525 2177 Angelos
1572 2107 1737 2162 dictus
1780 2118 1850 2162 est

263 2210 455 2260 sermo,
485 2196 654 2265 factus
680 2205 753 2249 est
779 2195 988 2264 firmus,
1019 2206 1066 2250 et
1101 2197 1264 2251 omnis
1293 2198 1640 2268 prtcvarieatio
1683 2207 1729 2251 et
1765 2198 1849 2252 in-

264 2285 547 2339 obcdientia
564 2288 764 2356 justam
787 2288 981 2357 accepit
1015 2290 1256 2343 mercedis
1285 2291 1694 2355 retributionent;
1719 2307 1849 2361 quo-

264 2377 411 2429 modo
438 2392 536 2430 nos
558 2375 876 2447 e/fugiemus,
905 2378 951 2431 si
976 2388 1167 2432 tantum
1188 2381 1556 2450 neglexeriutus
1591 2383 1804 2435 salutent
1828 2382 1854 2435 Ρ

270 2466 333 2519 Et
357 2467 465 2521 alio
494 2467 615 2521 loco
644 2485 656 2521 :
691 2466 972 2537 Propterea
998 2485 1115 2541 ergo
1138 2470 1255 2540 quia
1285 2470 1300 2500 ¹
1330 2471 1475 2540 pueri
1510 2472 1854 2525 communica-

264 2569 439 2612 verunt
483 2559 721 2631 sanguini
748 2570 797 2613 et
827 2560 989 2626 carni,
1034 2572 1079 2615 et
1122 2562 1230 2633 ipse
1271 2564 1635 2633 propemodum
1679 2579 1854 2616 eorum

265 2650 608 2720 participavit,
632 2659 687 2704 ut
722 2667 810 2715 per
843 2661 1052 2706 mortem
1084 2660 1345 2706 evacuaret
1372 2669 1486 2707 eum
1509 2653 1596 2724 qtti
1627 2662 1852 2723 potesta-

266 2750 365 2794 tem
392 2740 603 2795 habebat
633 2741 831 2807 mortis,
872 2741 927 2795 id
955 2753 1048 2809 est,
1088 2742 1365 2807 diabolum,
1410 2752 1457 2797 et
1496 2742 1729 2798 liberaret
1769 2759 1853 2797 eos

266 2832 353 2896 qui
382 2832 560 2884 timore
598 2833 774 2885 mortis
811 2848 902 2902 per
931 2842 1082 2886 totam
1109 2833 1262 2887 vitam
1295 2834 1369 2888 rei
1405 2844 1550 2904 erant
1579 2835 1850 2890 servitutis.

266 2922 333 2975 Et
364 2921 522 2990 paulo
549 2930 671 2991 post
702 2939 715 2975 :
747 2921 897 2977 Unde
919 2923 1111 2990 debuit,
1144 2924 1334 2995 inquit,
1373 2926 1649 2979 secundum
1683 2926 1855 2979 omnia

266 3012 510 3081 fratribus
550 3011 733 3068 similis
772 3028 883 3066 esse
902 3052 919 3077 ,
959 3023 1015 3066 ut
1056 3014 1337 3068 misericors
1391 3015 1530 3084 ﬁeret
1549 3056 1564 3081 ,
1601 3024 1650 3069 et
1684 3015 1854 3086 ﬁdelis

263 3102 502 3172 princeps
524 3102 842 3157 sacerdotum
873 3120 1065 3170 eorum,
1096 3121 1209 3176 qua:
1245 3115 1362 3160 sunt
1386 3108 1454 3159 ad
1480 3105 1643 3160 Deum
1676 3108 1854 3178 propi-

266 3194 497 3246 tiandum
527 3211 621 3264 pro
647 3195 845 3249 delictis
870 3197 1045 3265 populi
1076 3195 1185 3267 (Id.
1217 3214 1286 3264 tt,
1316 3196 1352 3250 2
1374 3241 1387 3263 ,
1421 3199 1455 3254 ὅ
1474 3238 1489 3264 ,
1524 3199 1591 3253 14
1628 3197 1738 3272 17).
1788 3201 1855 3255 Et

264 3284 395 3338 alibi
443 3302 458 3337 :
504 3285 818 3351 Teneamus,
866 3287 1065 3356 inquit,
1113 3289 1479 3358 confessionem
1525 3305 1543 3343 :
1582 3306 1682 3344 non
1721 3292 1854 3345 enim

265 3373 509 3429 habemus
535 3375 847 3429 sacerdotem
877 3379 897 3407 '
922 3378 1008 3446 qui
1051 3394 1152 3431 non
1192 3379 1347 3449 possit
1381 3381 1602 3447 compati
1637 3380 1856 3450 infirmi-

266 3466 456 3520 tatibus
501 3469 725 3529 nostris;
771 3468 954 3522 etenim
990 3479 1223 3540 expertus
1260 3480 1335 3524 est
1373 3470 1543 3524 omnia
1580 3473 1856 3527 secundant

265 3557 652 3611 similitudinem
678 3558 787 3611 sine
809 3568 1014 3628 peccato
1045 3558 1152 3627 (Id.
1182 3575 1253 3625 tv,
1279 3561 1393 3630 15).
1441 3562 1505 3615 Et
1543 3562 1649 3616 alio
1691 3563 1808 3618 loco
1839 3583 1851 3617 :

270 3646 746 3717 Intransgressibile
766 3690 781 3714 ,
810 3649 1013 3718 inquit,
1047 3648 1191 3702 habet
1230 3651 1565 3705 sacerdotium
1594 3653 1773 3707 :uude
1808 3662 1857 3708 et

267 3735 434 3789 salvos
466 3738 707 3806 perﬁcere
736 3748 895 3807 potest
932 3755 1016 3792 eos
1048 3740 1133 3810 qui
1161 3739 1433 3793 adveniunt
1462 3757 1550 3811 per
1578 3743 1744 3813 ipsum
1785 3744 1855 3796 ad

272 3825 459 3890 Deum,
509 3842 708 3895 semper
762 3828 927 3881 vivens
973 3830 1039 3881 ad
1091 3828 1517 3898 interpellandum
1569 3849 1660 3902 pro
1708 3834 1852 3903 ipsis.

274 3914 450 3968 Talem
483 3917 616 3969 enim
650 3916 854 3971 decebat
878 3917 1060 3972 habere
1089 3935 1180 3972 nos
1209 3920 1489 3990 principem
1517 3922 1853 3986 sacerdotum,

263 4005 460 4074 justum
479 4047 494 4070 ,
521 4006 631 4059 sine
669 4007 864 4061 malitia
891 4008 913 4038 ³
932 4049 948 4073 ,
978 4009 1431 4065 incontaminatum
1456 4054 1470 4078 ,
1499 4024 1787 4083 separatum
1826 4033 1857 4069 a

270 4097 641 4167 peccatoribus,
673 4100 902 4154 altiorem
946 4118 977 4154 a
1002 4103 1140 4157 cwlis
1186 4107 1398 4174 factum,
1448 4122 1549 4160 non
1577 4108 1853 4164 habentem

268 4188 624 4251 quotidianam
665 4193 1002 4248 necessitatem
1022 4234 1038 4261 ,
1066 4195 1196 4250 sicut
1224 4197 1479 4267 principes
1517 4202 1853 4268 sacerdotum,

269 4279 495 4347 primum
510 4297 603 4350 pro
622 4282 728 4335 suis
754 4286 970 4353 peccatis
997 4287 1307 4355 sacriﬁcium
1332 4287 1535 4357 olferre,
1557 4291 1738 4346 dehinc
1762 4312 1856 4364 pro

272 4371 453 4439 populi
503 4386 522 4423 :
579 4371 676 4425 hoc
719 4373 850 4427 enim
890 4378 1045 4430 semel
1088 4378 1206 4447 fecit
1254 4376 1471 4446 oﬁ'erens
1508 4398 1561 4436 se
1599 4381 1709 4453 (Id.
1767 4400 1856 4450 vn,

335 4524 356 4614 ξ
389 4529 593 4596 xm._Er.
618 4532 673 4575 et
693 4533 819 4583 Mss.
834 4534 1095 4600 propterea
1114 4545 1231 4636 ergo
1251 4535 1417 4610 pueri,
1431 4540 1638 4610 omisso,
1662 4539 1794 4603 quia.

388 4585 543 4634 Edttto
565 4592 694 4636 ιον..
714 4589 1002 4636 pontiﬁcem-
1038 4596 1168 4636 Ηιιὶιιξ
1190 4606 1280 4636 ωιιι
1325 4599 1568 4636 mtuum“;-
1606 4602 1712 4636 οιιερ
1751 4618 1791 4636 ρ.

408 4588 543 4656 ξόίιιρ
565 4592 694 4642 ιον..
714 4588 1002 4656 pontiﬁcem.
1037 4588 1287 4647 Habebam
1325 4588 1569 4649 editiones
1600 4588 1861 4655 a'liieﬁcum

273 4652 616 4724 E5355"
638 4652 952 4724 δαίξεῖάᾳεηιο
991 4661 1039 4724 '9
1062 4669 1225 4724 Κνωρο
1247 4660 1392 4724 idem
1430 4669 1507 4711 est
1530 4663 1606 4712 hic
1630 4652 1859 4724 verbum,

752 4711 870 4787 locis
886 4707 1107 4787 protritus
1128 4707 1364 4771 citatisex
1384 4707 1652 4774 ιιὲιὶἱιῖἱεὲ
1665 4707 1859 4787 infiniti

271 4772 541 4842 principem
556 4772 1115 4842 .saeerdgtumjegimus.

644 4831 848 4906 malitia,
873 4828 1050 4906 legitur
1073 4849 1351 4893 constanter
1389 4846 1438 4894 iu
1460 4852 1589 4906 Mss,
1626 4846 1730 4899 sine
1763 4852 1861 4900 nut-

268 4889 433 4971 ςειεί
465 4904 562 4971 tum
585 4892 677 4971 [nec
687 4889 885 4971 tantum
922 4889 1049 4962 loco,
1072 4889 1160 4951 sed
1177 4889 1610 4966 éuéi.i'ni:¥a";'iiii.

581 4967 765 5027 ιξςαροε·

333 5012 873 5092 ςιιλξιεὲιξιιὶβῳωῑθ
895 5032 981 5092 sua
999 5023 1234 5092 incertam
1258 5034 1461 5092 testatur
1479 5043 1610 5092 smpe
1636 5038 1861 5092 Hierony-

268 5085 386 5156 [ιὲιὲ
414 5082 974 5156 ittJt‘QDmI-neusantsact
994 5087 1124 5156 Isaize
1146 5100 1250 5150 αιι).
1276 5090 1309 5156 6
1329 5098 1382 5139 et
1410 5093 1458 5147 8,
1493 5082 1561 5140 ad'
1585 5107 1690 5156 cap.
1724 5082 1861 5148 87—1—5-

265 5133 511 5212 garqjd
533 5134 775 5212 ΞβΛιιτιιμι.
804 5149 857 5212 et
876 5144 925 5191 in
944 5133 1863 5212 catalogo:écriplorubt—Ecdi-giaslticuo:

264 5196 725 5276 33:11.35);
738 5202 947 5276 Paulum,
972 5216 1024 5256 et
1173 5196 1250 5270 τὸ]
1262 5196 1540 5276 additium,
1548 5196 1642 5265 éi'c‘.
1650 5196 1862 5274 E'S'éi‘él

264 5268 784 5341 ἕλε-ξε
806 5264 1167 5341 olitntanquam
1198 5264 1346 5341 Pauli,
1375 5276 1425 5341 _i_n
1462 5264 1617 5341 Epist.
1651 5264 1859 5341 i293}:

261 5316 758 5400 “$999533”?
788 5327 993 5400 ‘1“110.’
1015 5316 1610 5400 εὖῖὲὶιὸὲιῖἶὲ’ίὶἰέεἱὶὓὶἷῶ
1634 5316 1864 5399 εἷᾶἷίιαῗιὲ

271 5400 297 5423 ι
604 5398 716 5460 qua
736 5390 962 5439 scribitur
983 5392 1041 5440 ad
1063 5390 1311 5466 ltebrteos,
1334 5410 1433 5448 non
1454 5399 1610 5472 solum
1631 5403 1694 5451 ab
1708 5390 1862 5455 Ecclch

273 5460 296 5525 ἶ
322 5456 487 5525 ω--ξὲ
504 5453 737 5525 Ἠθὲἓῑ
757 5450 847 5525 δαί
866 5453 929 5500 ab
948 5455 1172 5525 OF‘P'bES
1190 5464 1324 5508 τεινο
1342 5460 1568 5525 Εθαιθδιιτε
1591 5466 1736 5525 graeci
1754 5479 1861 5516 ser-

270 5512 836 5586 Lacu-ts
859 5515 997 5585 quasi
1019 5515 1372 5586 Pauliapostoli
1401 5512 1643 5586 εωθινὴν»
1674 5512 1863 5580 Hic—ve-

985 5567 1280 5650 auctoritate
1291 5567 1859 5650 Eoi-rigidiﬁ'éaiiiéné;

264 5626 655 5706 ﬁngentis
677 5633 920 5706 ferebant,
954 5626 1089 5706 etsed
1103 5626 1862 5706 auﬁdi'tiié‘TéiioweEéié'siié

272 5704 294 5781 :
492 5700 1088 5781 Excusauimus.
1101 5703 1272 5781 ne:
1290 5706 1511 5781 εοειεερίε
1527 5717 1578 5781 ᾳ
1594 5722 1741 5781 smel
1758 5700 1863 5781 ser:

267 5765 295 5838 ἒ
303 5756 830 5838 Μὶδηξςςὶιξὲςὶξξιξί
885 5761 1037 5838 “fide!
1068 5756 1415 5838 nupsistinum,
1756 5756 1859 5838 133:,

265 5810 348 5858 tib.
373 5812 451 5871 ιϐ,
475 5810 700 5875 capfzz;
726 5823 779 5866 et
800 5819 865 5868 de
885 5824 1101 5873 Doctrina
1114 5810 1400 5892 Euris-timid;
1427 5810 1763 5896 lib.

556 5904 836 5969 PATROL.
875 5911 1006 5973 XLI
1022 5912 1092 5976 V.

1624 344 1826 401 ΗΒΕῐῖ
1867 344 2025 400 Ριιιιι
2037 345 2137 401 US.

3413 347 3515 405 138

1941 461 2164 535 25-27).
2216 462 2280 517 Et
2313 462 2417 517 alio
2462 463 2578 518 loco
2618 481 2629 517 :
2670 462 2787 516 Non
2826 462 2957 517 enim
2997 462 3049 515 in
3089 473 3241 514 manu
3272 460 3517 530 fabricata

1939 563 2115 610 sancta
2142 550 2636 616 introivit‘Christus,
2660 570 2771 625 qua:
2794 563 2908 609 sunt
2933 551 3120 607 similia
3147 566 3399 616 verorum,
3430 551 3520 604 sed

1938 647 1991 699 in
2016 646 2184 716 ipsum
2213 647 2393 699 caelum
2411 685 2426 711 ,
2458 661 2704 717 apparere
2740 654 2856 699 ante
2882 645 3060 715 faciem
3088 643 3187 700 Dei
3217 661 3308 716 pro
3337 645 3518 706 nobis;

1940 753 2042 791 non
2066 745 2123 789 ut
2148 737 2334 805 stepius
2363 735 2543 803 o/ferat
2567 736 2904 806 semetipsum,
2933 736 3063 790 sicut
3089 736 3322 806 princeps
3347 750 3519 789 sacer-

1941 827 2112 880 datum
2154 828 2306 880 intrat
2351 826 2403 879 in
2446 838 2636 891 saneta,
2669 827 2721 879 in
2760 842 2894 880 anno
2931 828 3083 879 semel
3128 841 3239 879 cum
3275 824 3525 895 sanguine

1942 917 2142 969 alieno.“
2171 915 2417 971 therum
2455 914 2710 985 oportebat
2753 931 2866 968 eum
2912 916 3095 985 saepius
3127 916 3231 984 pati
3270 930 3304 967 α
3346 913 3526 966 mundi

1943 1007 2339 1061 constitutione:
2369 1022 2502 1058 nunc
2529 1016 2696 1058 autent
2719 1004 2871 1059 semel
2900 1008 2951 1057 in
2979 1005 3288 1058 extremitate
3309 1000 3526 1058 seculo-

1942 1112 2055 1149 rum
2086 1095 2154 1149 ad
2185 1096 2528 1149 remissionem
2558 1104 2875 1163 peccatorum
2906 1111 2994 1163 per
3033 1095 3337 1163 sacriﬁcium
3376 1110 3527 1148 suum

1944 1187 2294 1256 manifestatus
2338 1195 2430 1239 est.
2485 1184 2553 1238 Et
2603 1186 2729 1240 sicut
2771 1186 3095 1240 constitutum
3139 1195 3211 1239 est
3245 1184 3531 1239 hominibus

1945 1279 2095 1332 semel
2117 1286 2312 1331 tantunt
2342 1278 2489 1343 mori,
2522 1286 2566 1331 et
2596 1287 2707 1348 post
2740 1277 2835 1330 hoc
2867 1276 3123 1347 judicium
3149 1292 3167 1329 :
3190 1277 3265 1330 sic
3299 1285 3347 1329 et
3371 1273 3530 1330 Chri-

1946 1379 2052 1422 stus
2076 1369 2228 1423 semel
2266 1368 2464 1422 oblatus
2491 1379 2592 1433 est,
2624 1378 2679 1421 ut
2720 1368 2991 1421 multorum
3034 1376 3238 1438 peccata
3267 1375 3532 1437 portaret;

1946 1460 2165 1512 secundo
2193 1459 2301 1513 sine
2332 1459 2546 1526 peccatis
2590 1458 2851 1527 apparebit
2880 1458 2972 1524 eis,
3003 1457 3090 1527 qui
3118 1473 3234 1512 eum
3260 1457 3529 1520 sustinent,

1949 1551 2015 1603 ad
2039 1551 2250 1604 salutem
2276 1550 2461 1620 (Ilebr.
2493 1566 2565 1612 Ix,
2601 1549 2821 1621 24-28).

2020 1642 2108 1696 5|.
2142 1641 2491 1713 Apocalypsis
2531 1642 2689 1696 etiam
2719 1640 2940 1696 Joannis
2986 1640 3082 1695 bas
3109 1640 3294 1695 laudes
3318 1638 3535 1694 Christo

1949 1748 2044 1802 per
2071 1734 2339 1788 canticum
2370 1747 2564 1786 novum
2595 1741 2819 1787 testatur
2846 1731 3026 1788 oll’erri
3058 1731 3292 1803 :Dignus
3317 1748 3368 1785 es
3394 1733 3534 1799 acci-

1951 1839 2067 1892 pere
2092 1824 2294 1887 librum,
2317 1832 2366 1876 et
2393 1824 2592 1893 aperire
2617 1823 2882 1893 signacula
2911 1824 3055 1893 ejus;
3083 1823 3321 1894 quoniam
3341 1822 3537 1877 occisus

1950 1930 2020 1975 es.
2043 1924 2091 1968 et
2116 1915 2367 1969 redemisti
2395 1932 2486 1969 nos
2508 1914 2616 1969 Deo
2640 1916 2693 1969 in
2714 1917 2959 1986 sanguine
2983 1926 3088 1979 tuo,
3119 1916 3184 1969 de
3206 1917 3343 1969 onmi
3364 1921 3531 1987 gente,

1951 2019 1995 2059 et
2026 2007 2219 2078 lingua,
2252 2015 2298 2060 et
2326 2009 2535 2077 papula,
2568 2016 2614 2060 et
2639 2009 2844 2062 natione
2870 2007 3052 2080 (Apoc.
3084 2024 3144 2074 v,
3177 2009 3256 2077 9).

2021 2099 2109 2154 52.
2134 2099 2262 2153 ltem
2294 2100 2344 2152 in
2380 2099 2602 2155 Actibus
2631 2100 3008 2169 Apostolorum
3030 2141 3045 2165 ,
3083 2101 3410 2169 inceptorem
3457 2103 3538 2154 vi-

1954 2200 2020 2245 ur.
2045 2191 2235 2246 Petrus
2262 2192 2533 2260 apostolus
2564 2191 2699 2246 dixit
2741 2206 2860 2247 esse
2899 2193 3177 2247 Dominum
3209 2192 3413 2257 Jesum,
3456 2193 3508 2245 in

1952 2296 2176 2349 crepans
2203 2280 2416 2337 Iudaeos
2455 2282 2595 2351 quod
2624 2281 2942 2337 occidissent
2970 2297 3090 2337 eum
3114 2323 3128 2346 ,
3166 2282 3235 2336 ita
3268 2283 3490 2352 loquens
3521 2324 3534 2338 .

1962 2369 2061 2424 Vos
2081 2382 2245 2425 autem
2271 2382 2498 2425 sanctum
2524 2381 2568 2426 et
2584 2372 2782 2442 justum
2806 2372 3150 2427 inhonorastis
3172 2415 3186 2439 ,
3227 2382 3271 2427 et
3295 2375 3533 2442 negastis,

1953 2473 2002 2518 et
2030 2466 2322 2534 postulastis
2353 2466 2603 2520 hominem
2631 2465 2935 2520 homicidam
2960 2467 3122 2521 vivere
3160 2478 3206 2521 et
3236 2467 3422 2521 donari
3449 2485 3539 2520 ro-

1953 2554 2028 2608 bis
2053 2572 2072 2610 :
2099 2572 2216 2609 nam
2236 2557 2538 2626 inceptorem
2584 2557 2697 2611 vita:
2732 2557 2985 2613 occidistis
3023 2558 3159 2627 (Act.
3195 2574 3270 2624 ιιι,
3307 2559 3393 2620 14.
3426 2560 3537 2629 lii).

1956 2643 2023 2698 Et
2049 2646 2154 2699 alio
2183 2646 2302 2701 loco
2330 2665 2344 2701 :
2372 2645 2473 2700 Hic
2502 2657 2575 2700 est
2602 2647 2732 2718 lapis
2757 2648 3052 2718 reprobatus
3073 2664 3104 2701 a
3121 2648 3253 2702 vobis
3275 2649 3539 2717 ludiﬁcan-

1956 2736 2103 2801 tibus,
2129 2736 2215 2805 qui
2243 2736 2407 2806 factus
2427 2746 2499 2791 est
2526 2738 2578 2790 in
2596 2749 2747 2808 caput
2774 2739 2970 2809 anguli.
3005 2737 3123 2792 Non
3149 2749 3219 2792 est
3244 2741 3375 2792 enim
3402 2739 3542 2792 aliud

1915 2826 1937 2853 ί
1955 2843 2132 2881 nomen
2151 2827 2242 2881 sub
2267 2828 2389 2881 cwlo
2410 2827 2584 2880 datum
2620 2829 2905 2883 hominibus
2924 2872 2938 2895 ,
2967 2830 3017 2882 in
3050 2846 3149 2901 quo
3179 2840 3405 2899 oporteat
3433 2832 3541 2884 sal-

1953 2934 2040 2972 vos
2084 2918 2197 2989 ﬁeri
2237 2935 2328 2974 nos
2368 2917 2476 2991 (Id.
2504 2934 2577 2985 tv,
2612 2919 2701 2985 ll,
2735 2919 2846 2990 12),
2880 2919 2945 2974 Et
2971 2919 3093 2974 alibi
3125 2919 3299 2973 :Deus
3340 2931 3540 2991 patrum

1953 3011 2204 3066 suscitavit
2240 3010 2436 3075 Iesum,
2464 3026 2611 3083 quem
2635 3028 2722 3066 vos
2746 3012 3074 3084 interfecistis
3104 3014 3459 3082 suspendentes
3490 3014 3543 3066 iu

1955 3105 2110 3176 ligno.
2141 3102 2293 3157 Hunc
2319 3101 2458 3158 Deus
2488 3105 2767 3174 principem
2794 3114 2842 3158 et
2866 3105 3168 3159 salvatoren
3189 3105 3421 3159 exultavit
3441 3106 3545 3176 glo:

1954 3194 2031 3247 ria
2057 3212 2150 3249 sua
2170 3236 2183 3259 ,
2213 3196 2336 3250 dare
2356 3197 2697 3268 paenitentiam
2724 3194 2890 3249 Israel
2928 3205 2974 3249 et
3000 3198 3340 3249 remissionem
3369 3211 3545 3265 pecca-

1956 3288 2311 3342 taruminillo
2361 3287 2474 3358 (Id.
2519 3305 2574 3352 v,
2616 3289 2705 3353 50,
2755 3289 2871 3361 51).
2901 3288 3030 3343 Item
3083 3290 3189 3342 alio
3221 3289 3373 3343 loco:
3412 3287 3543 3341 Iluic

1956 3397 2125 3434 manes
2164 3379 2435 3451 I’rOphette
2480 3382 2817 3435 testimonium
2862 3381 3158 3452 perhibent,
3198 3380 3543 3433 remissionem

1957 3482 2272 3542 peccatorum
2296 3472 2522 3542 accipere
2546 3488 2634 3541 per
2663 3488 2870 3524 manum
2918 3472 3055 3525 illius
3106 3472 3303 3524 bmnem
3343 3472 3552 3525 creden-

1956 3572 2051 3615 tem
2075 3564 2125 3615 in
2155 3579 2267 3616 eum
2294 3561 2406 3633 (Id.
2455 3579 2507 3625 κ,
2540 3561 2652 3634 45).
2686 3563 2814 3616 Item
2864 3563 2913 3617 in
2945 3544 3133 3617 eodem
3164 3563 3298 3615 libro
3323 3570 3526 3631 aposto-

1956 3653 2038 3707 lus
2067 3652 2262 3706 Paulus
2288 3646 2329 3705 ἴ
2344 3649 2536 3705 Notum
2563 3668 2679 3723 ergo
2700 3653 2762 3706 sit
2793 3652 2929 3707 vobis
2954 3694 2967 3716 ,
3005 3653 3190 3722 inquit,
3218 3654 3309 3706 viri
3336 3656 3539 3724 fratres,

1955 3743 2191 3811 quoniam
2217 3757 2304 3810 per
2327 3740 2458 3793 ltunc
2485 3741 2620 3794 vobis
2662 3742 2889 3795 remissio
2917 3752 3235 3812 peccatorum
3262 3743 3538 3795 annuntia-

1958 3841 2041 3885 tnr
2066 3832 2128 3885 ab
2157 3830 2384 3885 onmibus
2401 3874 2415 3896 ,
2436 3833 2611 3902 quibus
2638 3848 2738 3885 non
2772 3834 3005 3903 potuistis
3028 3834 3080 3886 in
3109 3834 3216 3905 lege
3242 3832 3409 3905 Moysi
3443 3836 3539 3904 ju—

1957 3925 2198 3994 stiﬁcari,
2246 3926 2297 3979 in
2340 3925 2435 3980 hoc
2483 3926 2647 3981 omnis
2693 3927 2899 3981 credens
2927 3926 3244 3999 justi/icatur
3287 3924 3396 3999 (Id.
3428 3942 3541 3990 xm,

1958 4018 2056 4083 58,
2084 4018 2194 4089 59).

2030 4111 2117 4166 53.
2151 4111 2260 4166 lloc
2287 4119 2431 4166 tanto
2456 4127 2650 4184 aggere
2690 4113 3135 4176 testimoniorum,
3168 4111 3318 4181 cujus
3350 4111 3543 4165 adver—

1960 4218 2051 4255 sus
2099 4204 2374 4258 veritatem
2421 4204 2513 4259 Dei
2562 4204 2723 4258 elatio
2774 4220 2878 4257 non
2925 4203 3240 4273 prematur?
3273 4203 3337 4257 Et
3377 4204 3539 4257 multa

1960 4290 2173 4360 quidem
2211 4291 2314 4346 alia
2359 4293 2580 4359 reperiri
2610 4303 2871 4362 possunt,
2915 4293 3007 4348 sed
3053 4301 3106 4348 ct
3139 4291 3351 4347 finiendi
3385 4292 3546 4360 hujus

1961 4384 2138 4452 cperis
2162 4397 2285 4436 cura
2338 4365 2449 4438 non
2490 4383 2821 4454 negligenter
2854 4383 3095 4439 habenda
3145 4392 3248 4439 est.
3283 4384 3355 4439 Do
3391 4384 3543 4440 libris

1960 4488 2169 4544 quoque
2199 4470 2403 4529 Veteris
2431 4472 2758 4530 Testamenti
2793 4476 2991 4529 multas
3017 4476 3433 4529 contestationcs
3463 4474 3543 4528 ιΙί-

1963 4565 2204 4619 viuorum
2232 4564 2558 4635 eloquiorum
2590 4565 2842 4622 adhibere
2870 4566 2922 4620 in
2955 4566 3092 4621 banc
3113 4568 3429 4622 sententiam
3453 4582 3546 4621 su—

1962 4670 2348 4725 pervacaneum
2382 4655 2587 4726 putavi,
2616 4657 3046 4728 quandoquidem
3071 4658 3124 4712 in
3157 4658 3258 4711 illis
3283 4656 3423 4728 quod
3451 4673 3544 4710 oe-

1961 4745 2193 4799 cultatur
2217 4744 2317 4799 sub
2348 4742 2646 4800 velamento
2689 4747 2833 4800 velut
2867 4756 3198 4802 terrenarum
3231 4747 3548 4815 promissio-

1963 4852 2110 4902 num,
2141 4835 2243 4889 boe
2276 4834 2328 4891 in
2356 4835 2487 4891 Novi
2516 4836 2842 4898 Testamenti
2863 4838 3235 4908 praedicatione
3257 4837 3548 4892 revelatur.

1963 4928 2031 4982 Et
2061 4927 2173 4998 ipse
2206 4928 2459 4985 Dominus
2489 4927 2765 4984 Librorum
2819 4939 3060 4986 veterum
3090 4930 3373 4985 utilitatem
3414 4929 3535 4985 bre-

1964 5019 2099 5073 viter
2127 5017 2511 5074 demonstravit
2536 5029 2589 5075 et
2613 5021 2851 5076 deﬁnivit
2877 5021 3059 5076 dicens
3083 5062 3097 5086 ,
3122 5021 3423 5092 Oportuisse
3446 5020 3548 5074 im-

1963 5106 2096 5176 pleri
2126 5123 2246 5178 qua:
2287 5107 2355 5164 de
2384 5109 2474 5164 illo
2498 5110 2695 5180 scripta
2719 5122 2899 5166 essent
2924 5112 2973 5166 in
3012 5111 3153 5182 Lege
3179 5123 3227 5166 et
3260 5112 3539 5181 Propbctis

1962 5209 2015 5252 ct
2047 5200 2308 5265 Psalmis;
2340 5211 2395 5257 et
2435 5203 2547 5257 lure
2576 5203 2687 5274 ip-za
2716 5219 2835 5259 esse
2857 5246 2869 5266 ,
2900 5205 3038 5272 quod
3069 5205 3347 5274 oportebat
3392 5204 3543 5259 Clari-

1962 5297 2101 5344 stum
2136 5292 2259 5358 pati,
2289 5300 2343 5346 et
2370 5307 2649 5363 resurgere
2668 5309 2696 5346 a
2726 5295 2949 5348 mortuis
2974 5296 3127 5349 tertia
3159 5294 3247 5350 die
3266 5337 3281 5359 ,
3322 5305 3376 5350 et
3405 5312 3547 5364 prae-

1963 5378 2127 5434 dicari
2174 5381 2225 5434 in
2259 5383 2472 5438 nomine
2518 5382 2632 5453 ejus
2681 5385 3046 5454 paenitentiam
3078 5395 3131 5440 et
3177 5388 3589 5443 remissionem.

1962 5480 2299 5539 peccatorum
2332 5489 2425 5542 per
2465 5489 2654 5531 omnes
2693 5486 2913 5546 gentes,
2962 5475 3337 5546 incipientibus
3363 5478 3432 5534 ab
3455 5478 3548 5534 δε-
3598 5488 3604 5494 ’

1964 5561 2191 5616 rusaletn
2222 5562 2370 5633 (Luc.
2406 5581 2536 5620 xxiv
2559 5607 2574 5633 ,
2619 5567 2829 5639 H47).
2875 5568 2941 5622 Et
2982 5568 3171 5623 Petrus
3210 5569 3373 5638 dicit,
3405 5569 3561 5643 quod.

1964 5652 2121 5719 paulo
2147 5664 2270 5709 ante
2297 5659 2745 5725 commemoravi,
2774 5661 2898 5716 huic
2922 5653 3112 5717 omnes
3132 5660 3435 5731 Prophetas
3463 5671 3545 5716 te.

1963 5743 2265 5799 stimonium
2299 5747 2579 5816 perbibere
2600 5793 2615 5816 ,
2664 5752 3029 5808 remissionem
3063 5752 3403 5823 peccatorum
3453 5764 3549 5807 ac-

1965 5833 2141 5902 cipere
2170 5850 2267 5905 per
2291 5853 2503 5895 manum
2536 5841 2649 5914 ejus
2670 5858 2880 5900 omnem
2912 5844 3216 5899 credentem
3251 5844 3302 5898 in
3328 5856 3470 5899 eum.

2830 6023 2833 6026 q
2910 6042 2919 6052 Ο
2991 5937 3307 6018 (Cian.
