4002 6180
472 469 576 525 ιι.
624 465 994 522 Verumtamen
1035 459 1369 517 commodius
1407 465 1518 519 est,
1551 456 1711 510 etiam
1760 467 1826 508 ex
1870 451 1986 522 ipso

401 563 608 619 Vetere
661 559 1005 614 Testamento
1061 551 1360 608 testimonia
1417 561 1579 618 pauca
1637 545 1987 614 depromere,

411 670 534 727 quat
588 651 670 706 vel
727 649 794 704 ad
836 645 1297 716 supplementum,
1351 639 1434 694 vel
1477 637 1652 708 potius
1696 633 1764 689 ad
1813 646 1994 687 cumu-

415 723 523 801 lum
577 745 756 800 valere
801 738 1088 795 debebunt.
1143 735 1260 804 ipse
1306 733 1560 788 Dominus
1611 742 1706 798 per
1757 723 1992 794 prophe-

413 851 522 894 tam
584 839 632 890 in
699 833 908 889 Psalmo
973 829 1196 900 loquens
1249 825 1364 879 ait:
1399 821 1602 878 Sanctis
1649 818 1735 888 qui
1775 825 1890 872 sunt
1933 815 1990 868 in

413 943 548 985 terra
589 928 718 995 eius,
761 922 1043 992 nsiriﬁcavit
1082 933 1250 974 omnes
1295 915 1570 969 voluntates
1607 924 1742 963 meas
1769 907 1824 961 in
1863 905 1988 960 illis.

394 1023 529 1093 Non
583 1017 768 1074 merita
827 1016 1056 1075 illorum,
1088 1009 1180 1066 sed
1227 1008 1504 1062 voluntates
1541 1017 1696 1056 meas.
1749 997 1880 1053 Nam
1928 996 1990 1049 il-

416 1113 588 1166 lorum
633 1107 780 1178 quid,
831 1105 932 1160 nisi
987 1101 1126 1172 quod
1163 1094 1438 1168 sequitur?
1481 1091 1836 1161 Hultiplicata:
1875 1093 1992 1139 sunt

415 1174 728 1268 inﬁrmitates
751 1209 922 1250 eorum
947 1209 966 1247 :
990 1205 1150 1260 supra
1177 1185 1318 1258 quod
1341 1182 1531 1238 inﬁrmi
1552 1177 1767 1235 erant‘.
1793 1175 1871 1230 Ad
1889 1174 1992 1228 hoc

415 1263 580 1348 et'lcx
607 1287 940 1350 snbintravit,
985 1291 1042 1337 ιιι
1066 1278 1360 1336 abundaret
1397 1273 1669 1330 delictum.
1717 1267 1822 1324 Sed
1863 1263 1992 1336 quid

417 1381 690 1454 adiungit?
741 1378 926 1433 Postea
981 1373 1380 1428 acceleraverunt
1405 1381 1425 1421 :
1451 1360 1813 1433 multiplicatis
1844 1357 1994 1412 iniir-

417 1445 717 1536 miiatibus,
741 1469 843 1524 hoc
868 1474 969 1532 est,
995 1461 1298 1518 abundante
1317 1457 1538 1519 delicto,
1560 1451 1788 1508 alacrius
1818 1445 1992 1504 medi-

416 1581 538 1622 cum
564 1562 909 1636 quaesierunt,
940 1565 999 1610 ut
1026 1553 1113 1610 ubi
1138 1549 1426 1608 abundavit
1461 1552 1731 1616 peccatum
1753 1581 1768 1606 ,
1807 1551 1994 1607 super-

418 1632 708 1713 abundaret
730 1651 898 1723 gratia
919 1646 1094 1719 (Rom.
1115 1659 1170 1710 v,
1198 1639 1317 1714 ΞΟ).
1352 1637 1608 1707 Denique,
1633 1632 1754 1688 Non
1781 1641 1994 1723 congre-

419 1746 548 1820 gabo
574 1785 590 1808 ,
645 1719 816 1812 inquit
833 1779 850 1804 ,
892 1733 1237 1794 conventicula
1287 1743 1460 1785 eorum
1505 1725 1570 1780 de
1618 1719 1947 1792 sanguinibus
1973 1729 1995 1771 :

419 1806 667 1908 quoniam
697 1806 877 1888 multis
915 1824 1296 1884 sacriﬁciorum
1321 1814 1666 1888 sanguinibus
1685 1852 1701 1877 ,
1729 1823 1852 1866 cum
1879 1806 1992 1877 prio

421 1941 565 1983 mum
611 1925 663 1978 in
705 1917 1104 1977 tabernaculum
1129 1911 1215 1967 vel
1242 1911 1297 1966 in
1325 1907 1578 1976 templum
1605 1910 1994 1970 congregaren-

422 2029 525 2082 tnr,
558 2010 1006 2070 convincebantur
1032 2003 1206 2076 potius
1229 2006 1556 2071 peccatores,
1587 2005 1746 2064 quam
1768 1985 1994 2044 munda-

422 2079 631 2163 bantur.
664 2101 780 2158 Non
823 2112 952 2168 ergo
979 2096 1088 2166 jam
1109 2133 1126 2161 ,
1158 2089 1362 2161 inquit,
1393 2085 1461 2142 de
1497 2079 1842 2153 sanguinibns
1863 2090 1995 2168 eon-

420 2197 650 2268 gregabo
715 2164 1082 2248 conventicula
1140 2193 1349 2238 eorum.
1404 2173 1556 2233 Unus
1593 2171 1736 2228 enim
1780 2164 2001 2238 sanguis

421 2259 542 2358 pro.
565 2284 744 2342 multis
772 2281 928 2338 datus
973 2285 1090 2340 est,
1139 2287 1244 2344 quo
1291 2267 1550 2324 veraciter
1591 2259 1994 2318 mandarentur.

424 2347 658 2447 Denique
685 2372 945 2442 sequitur,
987 2365 1097 2421 Nec
1141 2375 1331 2418 memor
1379 2371 1468 2412 ero
1493 2353 1754 2410 nominum
1789 2347 1998 2404 illorum

424 2487 510 2540 per
555 2441 689 2520 labia
729 2441 842 2517 mea
888 2457 1061 2531 (Psal.
1111 2466 1219 2518 xv,
1247 2452 1302 2516 3,
1328 2449 1384 2520 4)
1407 2465 1422 2501 :
1447 2455 1697 2514 tanquam
1727 2441 2002 2496 innovato—

425 2527 540 2614 rum
567 2560 611 2610 ³.
636 2555 768 2611 Nam
791 2527 1004 2606 nomina
1034 2557 1220 2602 eorum
1257 2546 1408 2594 erant
1451 2535 1632 2606 prius,
1665 2531 1757 2587 lilii
1785 2527 1996 2595 carnis,

431 2642 523 2697 lilii
545 2637 724 2696 saeculi
743 2678 760 2702 ,
787 2633 880 2689 lilii
903 2631 1027 2696 ira,
1059 2627 1152 2684 lilii
1177 2620 1400 2686 diaboli,
1429 2615 1722 2679 immundi,
1755 2621 2001 2684 peccato-

429 2747 552 2797 res,
580 2727 725 2800 impii
757 2743 772 2783 :
799 2731 983 2796 postea
1007 2731 1168 2784 vero,
1194 2713 1288 2769 lilii
1321 2709 1452 2776 Dei,
1501 2705 1703 2763 homini
1733 2717 1872 2758 novo
1898 2715 1998 2756 no-

427 2838 548 2880 men
577 2793 1090 2883 novum—canticum
1113 2821 1306 2863 novum
1344 2801 1580 2860 cantanti
1609 2811 1801 2855 novum
1828 2793 1871 2860 ³,
1905 2807 2002 2864 per

427 2915 820 2971 Testamentum
844 2903 1070 2960 Novum.
1103 2897 1218 2956 Non
1243 2895 1352 2952 sint
1377 2891 1568 2965 ingrati
1607 2886 1851 2945 homines
1876 2897 2002 2955 gra-

429 3007 514 3061 ti:e
561 3001 694 3068 Dei,
743 2995 918 3068 pusilli
961 3006 1082 3048 cum
1112 2987 1353 3058 magnis,
1403 2998 1438 3040 a
1477 2981 1686 3068 minore
1726 2989 1898 3068 usque
1933 2971 2004 3028 ad

429 3063 705 3162 majorem.
733 3063 919 3142 'l‘otius
948 3079 1200 3138 Ecclesia:
1216 3090 1318 3132 vos
1343 3081 1426 3129 est
1452 3089 1466 3125 :
1501 3067 1682 3125 Erraei
1717 3066 1847 3122 sicut
1873 3063 2001 3128 ovis,

430 3155 624 3254 perdita
676 3176 853 3249 (Psal.
896 3186 1088 3235 csvnt,
1137 3167 1294 3236 176).
1335 3160 1588 3219 Omnium
1642 3155 2003 3213 membrorum

428 3245 620 3330 Christi
651 3245 749 3323 vus
778 3274 862 3322 est
892 3283 906 3318 :
935 3261 1120 3317 Omnes
1142 3266 1196 3312 ut
1223 3269 1339 3310 oves
1359 3249 1658 3312 movimus,
1685 3253 1732 3300 et
1767 3245 1874 3315 ipse
1898 3251 2006 3295 tra-

433 3365 568 3419 ditus
591 3369 663 3416 est
688 3375 782 3431 pro
809 3351 1022 3426 peccatis
1050 3348 1255 3404 nostris.
1299 3343 1401 3411 Qui
1429 3349 1571 3398 totus
1601 3335 1898 3410 prophetiae
1920 3333 2003 3388 lo-

431 3469 529 3511 cus
555 3423 700 3522 apud
715 3423 900 3503 Isaiam
925 3450 1029 3508 est,
1049 3453 1154 3511 quo
1177 3450 1276 3510 per
1291 3433 1589 3503 Philippum
1613 3427 1714 3484 sibi
1739 3423 2007 3496 exposito,

433 3515 605 3614 spade
628 3539 716 3594 ille
733 3533 992 3592 Candacis
1019 3528 1216 3600 regina:
1240 3526 1296 3582 in
1318 3539 1440 3580 eum
1469 3517 1696 3576 credidit
1726 3515 1862 3590 (Act.
1889 3528 2006 3579 vin,

435 3608 648 3703 2-7-59).
678 3627 815 3686 Vide
841 3626 1052 3697 quoties
1080 3620 1182 3674 hoc
1210 3618 1380 3689 ipsum
1419 3608 1776 3675 commendet,
1815 3613 1870 3662 et
1893 3613 2012 3659 tan-

436 3697 878 3800 quam'supcrbis
907 3713 1092 3771 nescio
1115 3710 1306 3782 quibus
1323 3746 1341 3774 ,
1365 3705 1452 3761 vel
1479 3699 1828 3759 contentiosis
1860 3697 2013 3752 iden-

441 3788 602 3874 tidem
627 3788 854 3868 inculcet
877 3825 893 3862 :
919 3804 1105 3868 Homo,
1137 3799 1338 3872 inquit,
1378 3797 1433 3851 in
1461 3795 1614 3866 plaga
1635 3833 1650 3858 ,
1678 3798 1724 3846 et
1765 3789 1848 3860 qui
1880 3788 2012 3874 sciat

441 3916 571 3979 ferre
594 3901 950 3974 inﬁrmitates;
979 3901 1180 3966 propter
1205 3868 1340 3960 quod
1358 3895 1405 3941 et
1428 3883 1604 3938 avertit
1628 3897 1682 3935 se
1702 3868 2027 3974 {acies/eiust
2059 3912 2066 3915 -

441 3957 684 4072 injuriata
707 4001 800 4060 est,
823 3957 1109 4058 necta-agni
1137 3957 1385 4036 wstimata
1417 3984 1508 4028 est.
1557 3971 1656 4025 Hic
1699 3957 2027 4038 infirmitates'

442 4055 642 4144 nostras
669 4055 854 4155 portat,
880 4086 924 4134 et
953 4055 1046 4148 pro
1067 4071 1208 4128 nobis
1226 4070 1278 4124 in
1303 4063 1561 4122 doloribus
1594 4069 1666 4116 est
1681 4077 1700 4125 ;
1721 4069 1770 4114 et
1794 4073 1884 4112 nos
1913 4055 2015 4110 eri-

445 4147 756 4236 stimavimus
781 4173 926 4228 illum
953 4147 1008 4222 in
1045 4161 1302 4219 doloribus
1337 4173 1443 4212 esse
1462 4197 1478 4222 ,
1515 4163 1563 4209 et
1595 4153 1650 4208 in
1677 4151 1849 4222 plaga,
1893 4156 1938 4201 et
1959 4147 2016 4200 in

448 4287 593 4343 pana
615 4285 634 4324 :
656 4269 766 4337 ipse
797 4271 962 4318 autem
987 4255 1277 4313 uulneratus
1317 4258 1389 4305 est
1414 4253 1618 4318 prapter
1656 4250 1859 4314 peccata
1901 4254 2018 4292 nos-

453 4329 556 4428 lra,
585 4329 872 4428 inﬁrmatus
897 4361 967 4406 est
993 4355 1194 4419 propter
1221 4341 1510 4411 iniquitates
1535 4345 1754 4390 nostras.
1781 4329 2015 4386 Eruditio

451 4451 588 4524 pacis
613 4457 796 4501 nostra
834 4456 985 4512 super
1027 4452 1161 4500 eum,
1205 4433 1257 4488 in
1288 4430 1444 4485 livore
1468 4428 1576 4498 ejus
1615 4423 1781 4480 sanati
1822 4436 2017 4475 sumus.

453 4508 640 4598 Dmnes
666 4543 720 4590 ut
753 4547 867 4586 oves
896 4508 1207 4586 erravimus,
1252 4529 1300 4574 et
1344 4516 1593 4572 Dominus
1636 4511 1844 4566 tradidit
1871 4508 2017 4561 illum

456 4647 544 4704 pro
570 4623 781 4701 peccatis
807 4618 1011 4676 nostris.
1035 4614 1097 4670 Et
1123 4614 1230 4684 ipse
1251 4609 1492 4680 quoniam
1512 4604 1644 4658 male
1669 4608 1908 4655 tractatus
1923 4606 2016 4662 est,

454 4692 555 4780 non
571 4692 772 4792 aperuit
797 4729 852 4768 os
869 4727 890 4776 ;
919 4719 973 4765 ut
1002 4707 1106 4762 oris
1150 4704 1216 4758 ad
1253 4697 1618 4756 immolandum
1644 4692 1824 4747 ductus
1851 4698 1943 4755 est,
1974 4697 2022 4742 et

452 4827 507 4871 nt
531 4781 694 4885 agnus
721 4813 835 4859 ante
853 4797 1066 4868 eumqui
1091 4811 1145 4850 se
1161 4791 1386 4848 tonderet
1409 4787 1506 4858 fuit
1531 4786 1640 4841 sine
1659 4798 1793 4848 voce,
1831 4781 1901 4835 sic
1921 4794 2024 4832 non

453 4869 648 4972 aperuit
672 4908 909 4952 ossuum.
950 4887 1018 4943 In
1058 4883 1336 4940 humilitate
1373 4876 1628 4934 sublatum
1660 4879 1736 4928 est
1765 4869 2022 4941 judicium

455 4956 564 5066 ejus
589 5005 608 5045 :
633 4982 998 5061 generationem
1017 4976 1126 5047 ejus
1151 4971 1260 5042 quis
1292 4964 1578 5024 enarrabit?
1606 4961 1842 5032 quoniam
1879 4956 2026 5011 tolle-

457 5047 540 5138 tur
564 5047 783 5136 de'terra
803 5073 902 5130 uita
927 5069 1056 5142 ejus,
1080 5063 1140 5118 ab
1161 5056 1501 5127 iniquitatibus
1531 5051 1709 5125 populi
1732 5049 1830 5106 mei
1849 5047 2027 5103 ductus

458 5137 528 5230 est
541 5171 608 5228 ad
627 5177 854 5224 mortem.
883 5137 1020 5216 Dabo
1039 5171 1158 5228 ergo
1174 5151 1333 5208 malos
1348 5157 1550 5222 pmpter
1564 5142 1877 5230 sepulturam
1893 5137 2026 5208 ejus,

459 5227 698 5322 elidirites
722 5264 924 5329 prapter
948 5227 1156 5304 mortem
1182 5245 1312 5318 ejus,
1355 5239 1415 5293 ob
1435 5237 1529 5292 hoc
1553 5232 1687 5306 quod
1715 5227 2030 5302 iniquitatem

525 5395 545 5429 ί
577 5389 714 5451 aditi,
739 5395 888 5450 supra
907 5380 960 5434 id
976 5377 1104 5446 quod
1123 5371 1307 5440 inﬁrmi
1333 5373 1488 5424 erant
1511 5359 1812 5425 usuusu-ipa
1831 5370 1930 5410 non
1947 5355 2034 5410 ha-

463 5449 809 5565 δθῗιῦξίέξδιεε.
827 5538 844 5566 ,
877 5514 1006 5553 unus
1038 5490 1448 5572 Belgicus,
1487 5489 1766 5546 Vaticana,
1806 5485 2036 5545 tanquam

471 5665 1771 5752 "infi‘iiéi‘é'iaiaggnor
1791 5665 1906 5725 erit,
1920 5675 2038 5714 can-

829 5750 1039 5800 cantantt
1057 5754 1145 5802 per
1173 5742 1513 5793 Testamentum
1534 5740 1726 5784 Novum.

1031 347 1120 405 DE
1168 342 1624 403 PECCATORUM
1663 339 1934 398 MERlTlS
1971 337 2056 393 ET
2096 335 2522 403 REMISSIONE,
2561 337 2616 393 S.
2659 335 3020 393 AUGUSTINI

3542 337 3645 392 HO

2093 465 2193 502 non
2223 449 2414 520 fecerit,
2444 465 2530 502 nec
2552 447 2724 501 dolum
2751 443 2836 502 ore
2873 463 2985 512 suo,
3028 442 3273 501 Dominus
3309 445 3412 500 uult
3441 463 3663 517 purgare

2092 540 2234 594 illum
2260 539 2322 592 de
2347 538 2518 609 plaga.
2573 537 2632 592 Si
2670 537 2904 591 dederitis
2928 552 3014 590 eos
3041 537 3100 590 ob
3137 536 3323 590 delicta
3349 544 3512 590 vestra
3557 553 3664 590 ant-

2093 646 2227 684 mam
2256 639 2488 692 vestram,
2520 627 2744 682 videbitis
2763 643 2930 682 semen
2953 627 3120 697 longa:
3141 627 3254 681 vita
3274 627 3314 682 ⁸.
3335 625 3402 680 Et
3425 627 3528 680 uult
3563 625 3668 678 Do.

2093 721 2258 774 minus
2286 723 2486 790 auferre
2507 735 2538 770 a
2563 717 2820 774 doloribus
2848 717 3071 770 animam
3101 715 3232 786 ejus,
3277 715 3542 770 ostendere
3585 715 3668 768 illi

2095 812 2275 876 lucem,
2299 819 2346 864 et
2369 810 2589 880 ﬁgurare
2623 825 2712 878 per
2754 823 2976 872 sensum,
3001 807 3284 880 justiﬁcare
3311 809 3509 876 justum
3545 803 3670 862 bene

2094 904 2380 957 servientem
2409 877 2654 968 pluribus,
2689 910 2740 954 et
2783 909 2986 970 peccata
3005 897 3214 952 illorum
3228 877 3346 968 “ipse
3382 897 3668 952 sustinebit.

2098 991 2371 1062 Propterea
2393 993 2502 1061 ipse
2519 991 2831 1046 hareditabit
2851 989 3157 1060 complures,
3179 998 3226 1043 et
3250 989 3456 1059 {artium
3477 987 3668 1056 partie-

2096 1095 2178 1138 tur
2203 1085 2388 1155 spolia,
2421 1093 2626 1154 propter
2647 1082 2780 1152 quod
2804 1083 2994 1137 tradita
3018 1091 3090 1137 est
3117 1083 3289 1135 anima
3309 1080 3418 1150 ejus
3437 1077 3508 1133 ad
3525 1094 3669 1132 mar-

2095 1183 2214 1240 tem,
2264 1183 2312 1226 et
2346 1173 2476 1226 inter
2513 1172 2710 1240 iniquos
2753 1173 3030 1226 aestimatus
3077 1179 3188 1234 est,
3235 1177 3282 1222 et
3323 1169 3434 1238 ipse
3462 1175 3672 1235 peccata

2094 1263 2366 1316 multorum
2385 1261 2640 1322 sustinuit,
2669 1269 2717 1314 et
2747 1269 2952 1326 propter
2975 1257 3260 1327 iniquitates
3289 1271 3462 1310 eorum
3501 1255 3666 1307 tradi-

2095 1363 2176 1406 tus
2199 1361 2271 1406 est
2292 1350 2442 1423 (Isai.
2471 1367 2580 1415 ιιιι,
2609 1349 2785 1421 5-12).
2818 1347 3044 1403 Attende
3071 1347 3230 1402 etiam
3259 1345 3387 1400 illud
3421 1343 3668 1414 ejusdem

2098 1441 2388 1513 praphetae,
2415 1439 2555 1511 quod
2580 1440 2648 1496 de
2666 1455 2724 1494 se
2750 1438 3094 1516 completum,
3128 1437 3342 1492 lectoris
3369 1437 3526 1490 etiam
3548 1433 3668 1489 iun-

2094 1541 2212 1587 ctus
2243 1531 2420 1587 cilicio
2463 1531 2514 1586 in
2545 1543 2810 1602 synagoga
2840 1529 2954 1600 ipse
2981 1527 3223 1583 recitavit
3251 1543 3267 1581 :
3297 1525 3522 1594 Spiritus
3557 1523 3670 1578 Do-

2096 1623 2220 1676 mini
2260 1638 2414 1692 super
2435 1637 2514 1676 me
2536 1661 2552 1687 ,
2599 1629 2803 1691 propter
2827 1619 2964 1691 quod
3006 1611 3151 1674 unxit
3190 1633 3286 1684 me,
3324 1617 3676 1687 euangelizare

2097 1713 2396 1785 pauperibus
2414 1713 2550 1769 misit
2573 1729 2673 1780 me,
2694 1722 2749 1766 ut
2769 1713 3060 1784 refrigerem
3078 1710 3199 1780 qui'
3221 1709 3274 1764 in
3299 1724 3536 1779 pressura
3555 1723 3670 1762 cor-

2097 1805 2176 1860 dis
2201 1813 2336 1869 sunt,
2371 1802 2648 1874 praedicare
2673 1803 2884 1872 captiuis
2911 1799 3276 1866 remissionem,
3318 1809 3368 1853 et
3399 1799 3548 1853 «necis
3593 1797 3672 1850 ui-

2098 1911 2208 1950 sum
2233 1894 2342 1966 (Id.
2371 1909 2478 1960 ut,
2512 1895 2534 1948 l
2562 1908 2576 1956 ;
2603 1891 2730 1946 Luc.
2754 1907 2828 1958 tv,
2860 1889 3069 1962 ίϐοΞι).
3100 1888 3300 1945 Omnes
3327 1901 3454 1958 ergo
3477 1899 3674 1956 agnos-

2097 1999 2302 2051 camus,
2331 2000 2430 2039 nec
2456 1984 2595 2038 ullus
2643 1990 2901 2052 exceptus
2939 1981 3010 2036 sit
3052 1994 3260 2043 eorum,
3290 1977 3382 2047 qui
3427 1976 3675 2031 volumus

2099 2077 2306 2146 corpori
2332 2076 2446 2147 ejus
2476 2077 2706 2137 haerere,
2739 2089 2834 2144 per
2857 2088 2979 2128 eum
3019 2072 3072 2126 in
3113 2070 3250 2125 ovile
3290 2070 3407 2139 ejus
3449 2069 3672 2132 intrare,

2099 2169 2166 2225 ad
2192 2168 2350 2224 vitam
2379 2176 2432 2223 et
2455 2167 2699 2230 salutem,
2734 2180 2892 2235 quam
2923 2163 3035 2220 suis
3061 2161 3323 2232 promisit,
3354 2167 3670 2230 perpetuam

2100 2259 2378 2329 pervenire
2395 2257 2417 2289 ⁸
2445 2275 2458 2312 :
2485 2271 2671 2312 omnes
2695 2297 2708 2320 ,
2745 2257 2978 2325 inquam,
3019 2266 3370 2324 agnoscamus
3395 2265 3514 2304 cum
3534 2290 3550 2316 ,
3580 2247 3675 2318 qui

2100 2361 2374 2424 peccatum
2421 2366 2525 2406 non
2577 2349 2740 2416 fecit,
2779 2357 2836 2405 et
2882 2357 3096 2419 peccata
3146 2357 3328 2402 nostra
3373 2343 3591 2416 pertulit
3618 2343 3679 2396 in

2099 2456 2326 2510 corpore
2348 2455 2444 2496 suo
2468 2453 2628 2509 super
2654 2439 2874 2509 lignum,
2900 2449 2958 2492 ut
2983 2453 3013 2490 a
3046 2435 3276 2506 peccatis
3299 2433 3526 2503 separati
3548 2445 3678 2486 cum

2098 2533 2301 2604 justitia
2353 2532 2623 2596 vivamus;
2669 2528 2822 2598 cujus
2867 2527 3206 2588 cicatricibus
3255 2523 3426 2580 sanati
3455 2536 3674 2584 sumus,

2104 2623 2299 2680 inﬁrmi
2343 2636 2466 2676 cum
2513 2634 2753 2676 essemus
2800 2617 2899 2691 (α),
2927 2625 3176 2688 tanquam
3203 2628 3396 2685 pecora
3439 2612 3679 2668 errantia

2103 2715 2150 2788 (l
2185 2715 2322 2770 Petr.
2351 2729 2404 2781 tt,
2428 2713 2518 2778 22,
2546 2713 2638 2779 24,
2665 2711 2786 2780 25).

2176 2804 2401 2862 CAPUT
2431 2801 2863 2884 XXVlll.—55.
2913 2800 3118 2872 Colligit
3143 2813 3316 2854 omnes
3341 2795 3484 2868 egere
3515 2802 3679 2848 morte

2105 2898 2324 2967 Christi,
2363 2906 2417 2952 ut
2441 2896 2709 2954 salacittur.
2741 2894 2955 2950 Parruli
2983 2909 3082 2948 non
3109 2889 3348 2962 baptisati
3375 2889 3430 2944 in
3459 2887 3678 2941 damna-

2109 2993 2242 3047 tione
2270 2997 2414 3045 erunt
2454 3004 2569 3044 cum
2611 2985 2832 3042 diabolo.
2875 2983 3140 3050 Quomodo
3180 2996 3352 3036 otnnes
3391 2993 3480 3050 per
3515 2975 3684 3030 Mane

2107 3079 2176 3136 ad
2199 3077 2696 3143 condemnationem,
2740 3085 2789 3131 et
2828 3089 2998 3128 omnes
3033 3088 3123 3142 per
3149 3071 3405 3126 Christum
3430 3067 3498 3121 ad
3527 3064 3684 3136 jussi-

2109 3171 2414 3241 ﬁcationem.
2446 3166 2609 3222 Nemo
2638 3180 2752 3220 cum
2781 3165 2889 3218 Deo
2916 3162 3264 3218 reconciliatur
3289 3159 3386 3212 nisi
3417 3173 3503 3225 per
3529 3153 3683 3210 Chri-

2109 3273 2261 3318 stum.
2293 3261 2424 3328 Qum
2465 3273 2586 3314 cum
2625 3259 2697 3312 ita
2745 3255 2880 3320 sint,
2919 3253 3181 3308 neminem
3217 3263 3447 3318 unquam
3496 3259 3683 3300 eorum

2109 3353 2198 3424 qui
2235 3351 2304 3406 ad
2349 3349 2620 3404 Christum
2648 3351 2990 3402 accesserunt
3037 3356 3130 3412 per
3158 3339 3506 3409 Baptismum,
3552 3347 3685 3388 sana

2112 3445 2244 3500 ﬁdes
2263 3451 2318 3500 et
2341 3457 2470 3497 sana
2506 3440 2744 3496 doctrina
2794 3437 2996 3508 putavit
3022 3440 3304 3502 exceptum
3331 3445 3361 3484 a
3385 3427 3552 3499 gratia
3588 3442 3682 3480 re-

2113 3533 2381 3590 missionis
2415 3537 2790 3603 peccatorum,
2816 3541 2918 3582 nec
2962 3539 3084 3580 esse
3110 3536 3268 3593 posse
3303 3519 3458 3574 alicui
3491 3525 3690 3588 prmter

2112 3642 2335 3700 regnum
2359 3625 2496 3695 ejus,
2523 3631 2774 3678 aeternam
2798 3619 3046 3674 salutem.
3074 3615 3198 3670 Haec
3219 3612 3361 3668 enim
3391 3618 3572 3682 parata
3601 3613 3688 3660 est

2113 3699 2336 3776 revelari
2366 3717 2420 3772 in
2449 3724 2687 3784 tempore
2712 3710 2999 3767 novissimo
3026 3706 3138 3778 (Id.
3171 3721 3209 3770 ι,
3237 3703 3314 3776 5),
3358 3703 3458 3756 hoc
3497 3709 3600 3765 est,
3632 3699 3694 3750 in

2115 3809 2507 3867 resurrectione
2536 3813 2886 3868 mortuorum,
2912 3797 3286 3868 pertinentium
3317 3808 3424 3848 non
3447 3790 3512 3844 ad
3542 3803 3690 3843 mor-

2117 3909 2223 3956 tem
2250 3908 2524 3961 teternam,
2551 3910 2670 3966 qua:
2692 3890 2923 3948 secunda
2963 3901 3108 3943 mors
3151 3884 3464 3956 appellatur,
3491 3877 3585 3935 sed
3619 3877 3698 3932 ad

2118 3991 2278 4045 vitam
2308 3997 2583 4051 mternam,
2627 3997 2782 4054 quam
2826 3979 3088 4052 promittit
3125 3990 3232 4030 non
3267 3971 3498 4028 mendax
3547 3969 3694 4023 Deus

2118 4079 2318 4136 sanctis
2345 4086 2400 4133 et
2429 4075 2671 4131 ﬁdelibus
2692 4071 2833 4136 suis;
2861 4070 3012 4139 cujus
3045 4067 3166 4120 vitae
3193 4061 3478 4134 participes
3499 4071 3696 4114 omnes

2120 4184 2225 4226 non
2272 4165 2676 4224 viviﬁcabuntur
2705 4162 2806 4216 nisi
2851 4160 2906 4214 in
2950 4157 3182 4221 ChriSto,
3227 4153 3368 4209 sicut
3413 4151 3467 4206 in
3509 4146 3684 4202 Adam

2121 4273 2310 4316 omnes
2350 4256 2648 4313 moriuntur
2682 4251 2726 4323 (Ι
2763 4249 2882 4306 Cor.
2930 4262 3033 4314 xv,
3062 4245 3172 4313 εξ).
3229 4235 3695 4311 Quemadmodum

2121 4351 2262 4406 enim
2287 4361 2474 4404 omnes
2493 4345 2710 4400 omnino
2736 4339 3062 4411 pertinentes
3085 4335 3152 4389 ad
3175 4331 3569 4404 generationem
3595 4337 3696 4377 vo-

2122 4441 2340 4497 luntatis
2363 4438 2539 4494 carnis
2566 4452 2670 4490 non
2701 4432 3018 4494 moriuntur,
3062 4425 3168 4480 nisi
3195 4424 3252 4478 in
3289 4421 3454 4476 Adam
3497 4417 3548 4470 in
3577 4429 3692 4497 quo

2123 4546 2310 4588 omnes
2334 4533 2688 4600 peccaverunt
2717 4540 2732 4577 τ
2760 4522 2840 4578 sic
2877 4535 2944 4576 ex
2986 4519 3069 4572 his
3091 4528 3281 4570 omnes
3321 4509 3537 4566 omnino
3564 4493 3698 4576 p'er-

2127 4624 2355 4679 tinentes
2387 4619 2458 4674 ad
2488 4615 2945 4688 regenerationem
2993 4607 3279 4668 voluntatis
3307 4603 3558 4676 spiritus,
3585 4613 3700 4653 non

2125 4711 2455 4768 vivilleantur
2481 4707 2581 4761 nisi
2607 4705 2662 4760 in
2687 4703 2919 4768 Christo,
2951 4701 3004 4754 in
3045 4715 3152 4770 quo
3191 4709 3378 4751 omnes
3395 4689 3700 4762 iustiﬁcan-

2127 4811 2234 4857 tur.
2265 4799 2397 4869 Quia
2426 4797 2564 4852 sicut
2613 4809 2710 4865 per
2753 4806 2917 4848 unum
2955 4802 3145 4843 omnes
3188 4784 3256 4840 ad
3301 4777 3712 4836 condemnatio-

2129 4907 2272 4956 nem,
2301 4891 2378 4946 sic
2407 4905 2500 4960 per
2537 4900 2700 4942 unum
2737 4896 2925 4938 omnes
2966 4879 3033 4934 ad
3057 4873 3486 4948 justiﬁcationcm
3517 4869 3717 4938 (Rom.

2131 4998 2182 5050 v,
2215 4981 2328 5051 18).
2357 4958 2466 5036 Nec
2487 4969 2571 5034 est
2593 4975 2730 5030 ullus
2760 4971 2854 5026 ulli
2881 4969 3089 5026 medius
3109 4967 3278 5027 locns,
3303 4969 3360 5016 nt
3387 4958 3553 5031 possit
3577 4970 3705 5010 esse

2131 5074 2234 5130 nisi
2253 5050 2370 5128 cunt
2409 5067 2640 5132 diabolo,
2669 5065 2760 5136 qui
2784 5077 2890 5118 non
2919 5071 3002 5117 est
3028 5074 3151 5114 cum
3179 5054 3411 5112 Christo.
3463 5050 3598 5106 Hinc
3645 5055 3709 5101 et

2133 5169 2248 5238 ipse
2273 5163 2526 5220 Dominus
2552 5160 2736 5215 volens
2783 5155 2994 5210 auferre
3019 5151 3088 5208 de
3114 5148 3364 5206 cordibus
3401 5143 3542 5198 male
3579 5153 3714 5194 cre-

2135 5255 2370 5313 dentium
2412 5251 2569 5308 istam
2616 5247 2797 5302 nescio
2829 5258 2985 5314 quam
3029 5239 3390 5301 medietatem,
3429 5244 3587 5304 quam
3617 5242 3716 5283 co-

2199 5393 2222 5428 s
2251 5389 2401 5442 nostri
2422 5396 2597 5438 omnes
2615 5391 2720 5432 uss.
2745 5381 2946 5438 habent,
2969 5373 3256 5444 lattng
3276 5370 3562 5444 ιψτληιω
3586 5419 3700 5444 ___.__.

2200 5423 2224 5488 ἱ
2245 5423 2946 5501 λ’ἷῖἐιῖἶᾙῖιῖώᾗῖῶῗξ
2966 5423 3288 5502 essetam
3311 5423 3732 5502 Ιιυηῂιὶιζκξ-ζνῇξξ

2908 5487 3194 5584 itm“
3211 5501 3340 5555 κείν
3362 5496 3418 5542 αι
3431 5487 3732 5554 "Wa"

2139 5560 2314 5670 lii"-
2339 5560 2544 5643 Aliuai',ut
2558 5560 2901 5638 refrigerentur
2912 5560 3012 5625 qui.

2259 5642 2312 5684 tn
2339 5633 2567 5682 omnibus
2587 5636 2764 5678 nostris
2790 5634 2915 5679 atss.,
2939 5616 3194 5686 pertinere.

2209 5717 2284 5780 (α)
2313 5716 2545 5766 (missum
2563 5709 2644 5760 hic
2661 5704 2839 5772 aliquid
2860 5703 3066 5754 videtur.
