4002 6180
346 375 438 430 HI

337 495 532 538 nuntur
559 481 772 551 quidam
797 486 1028 549 parvutts
1079 491 1184 530 non
1227 473 1505 543 baptizatis
1549 470 1808 534 tribuere,
1867 475 1922 521 ut

337 574 488 641 quasi
521 573 713 626 merito
737 569 1052 624 innocentia)
1082 566 1188 620 sint
1217 567 1266 618 in
1295 565 1399 616 vita
1428 571 1648 624 aeterna,
1676 559 1768 614 sed
1799 557 1921 626 quia

339 682 444 718 non
469 675 592 717 sunt
611 661 875 730 haptizati,
900 675 1004 713 non
1027 658 1135 712 sint
1151 671 1271 711 cum
1292 654 1507 708 Christo
1525 652 1574 704 in
1595 663 1767 720 regno
1787 649 1920 718 ejus,

341 755 666 809 deﬁnitivam
689 753 906 822 protulit
920 751 986 804 ad
1005 751 1118 803 haec
1133 763 1224 803 ora
1241 745 1562 802 obstruenda
1583 742 1920 806 sententiam,

343 844 428 898 ubi
449 843 520 897 ait
541 861 552 895 ε
577 841 674 909 Qui
689 857 878 896 mecum
897 856 996 892 non
1012 847 1103 904 est,
1127 837 1390 890 adversum
1413 850 1490 886 me
1511 843 1580 886 est
1599 831 1810 902 (Matth.
1831 847 1922 895 xu,

341 933 458 1004 30).
489 931 772 986 Constitue
791 931 949 999 igitur
969 927 1258 998 quemlibet
1279 924 1556 994 parvulum
1578 942 1590 977 :
1613 924 1654 976 si
1678 923 1786 992 jam
1803 937 1925 975 cum

345 1023 556 1078 Christo
578 1031 680 1088 est,
708 1021 895 1092 utquid
924 1018 1253 1088 baptizatur?
1283 1017 1335 1072 Si
1364 1025 1562 1082 autem,
1602 1014 1743 1084 quod
1771 1015 1929 1069 habet

345 1119 564 1182 veritas,
599 1115 719 1168 ideo
759 1112 1074 1182 baptizatur,
1100 1118 1158 1164 ut
1186 1110 1254 1163 sit
1281 1123 1399 1163 cum
1425 1107 1658 1172 Christo,
1691 1104 1928 1173 profecto

343 1221 454 1260 non
497 1205 794 1274 baptizatus
820 1219 924 1255 non
959 1209 1040 1256 est
1067 1217 1186 1254 cum
1215 1199 1429 1254 Christo
1448 1239 1460 1260 ,
1497 1204 1550 1250 et
1575 1196 1695 1264 quia
1718 1209 1819 1247 non
1848 1203 1928 1248 est

343 1313 466 1350 eum
483 1295 720 1360 Christo,
749 1293 1004 1348 adversus
1019 1291 1282 1345 Christum
1307 1297 1415 1350 est;
1442 1301 1613 1355 neque
1640 1288 1781 1340 enim
1813 1283 1928 1352 ejus

345 1398 452 1439 tam
483 1386 816 1439 manifestam
841 1382 1102 1437 debemus
1119 1389 1210 1433 aut
1235 1391 1516 1449 possumus
1541 1375 1816 1428 infirmare
1845 1374 1927 1428 vel

347 1477 634 1529 immutare
681 1475 1022 1529 sententiam.
1075 1469 1230 1526 Unde
1273 1469 1435 1538 igitur
1461 1465 1717 1520 adversus
1765 1462 1927 1516 Chri-

347 1575 510 1630 stum,
533 1566 578 1619 si
607 1581 712 1619 non
741 1580 806 1620 ex
833 1572 1051 1633 peccato
1071 1561 1131 1615 ‘?
1163 1573 1332 1629 neque
1361 1557 1504 1612 enim
1531 1570 1596 1609 ex
1622 1568 1852 1624 corpore
1872 1561 1930 1607 et

349 1657 548 1722 anima,
577 1671 700 1723 qua:
747 1664 974 1722 utraque
1019 1651 1112 1705 Dei
1144 1659 1388 1704 creatura
1420 1656 1520 1701 est.
1564 1646 1732 1700 Porro
1770 1645 1816 1697 si
1863 1658 1929 1697 ex

351 1755 590 1814 peccato,
613 1743 756 1814 quod
777 1745 832 1797 in
855 1743 944 1796 illa
965 1749 1140 1805 aetate,
1159 1738 1261 1793 nisi
1288 1735 1541 1806 originale
1557 1743 1610 1790 et
1629 1732 1930 1803 antiquum?

349 1833 466 1890 Una
495 1843 578 1889 est
604 1835 801 1903 quippe
827 1846 952 1886 caro
980 1830 1202 1900 peccati,
1245 1829 1296 1880 in
1329 1840 1432 1896 qua
1470 1839 1660 1879 omnes
1689 1823 1754 1876 ad
1786 1823 1933 1877 dam-

349 1925 622 1977 nationem
652 1929 977 1986 nascuntur;
1002 1928 1056 1974 et
1097 1931 1200 1972 una
1225 1925 1309 1970 est
1331 1929 1457 1969 caro
1501 1915 1554 1968 in
1590 1913 1934 1968 similitudine

351 2013 532 2067 cannis
559 2011 784 2082 peccati,
815 2026 912 2080 per
953 2023 1110 2079 quam
1158 2019 1347 2060 omnes
1375 2020 1405 2058 a
1433 2003 1773 2057 damnatione
1803 2003 1934 2056 libe-

351 2113 556 2158 rantur.
588 2099 699 2156 Nec
729 2101 799 2154 ita
847 2099 1045 2153 dictum
1075 2105 1156 2151 est
1180 2109 1391 2158 omnes,
1441 2093 1586 2146 velut
1614 2091 1956 2160 quicumque-

351 2203 644 2250 nascuntur
671 2193 726 2247 in
755 2207 916 2248 carne
939 2189 1182 2260 peccati;
1205 2187 1366 2242 iidem
1413 2184 1513 2255 ipsi
1557 2198 1748 2238 omnes
1775 2199 1933 2236 mun-

293 2277 298 2279 ’
351 2286 468 2340 duri
495 2285 858 2354 intelligantur
895 2297 990 2352 per
1018 2294 1234 2334 carnem
1281 2278 1510 2331 similem
1540 2275 1716 2331 carnis
1748 2289 1937 2343 pecca-

355 2381 430 2449 ti;
473 2391 576 2428 non
604 2375 740 2428 enim
779 2373 1004 2427 omnium
1041 2378 1113 2424 est
1155 2369 1284 2438 fides
1311 2366 1376 2439 (11
1404 2365 1579 2420 Thess.
1608 2379 1683 2428 ιιι,
1711 2363 1768 2437 2)
1801 2383 1814 2417 :
1843 2361 1936 2416 sed

353 2480 546 2520 attines
573 2465 902 2535 pertinentes
926 2461 994 2516 ad
1036 2459 1438 2532 generationem
1469 2455 1720 2511 connubii
1751 2469 1939 2509 carna-

357 2557 458 2618 lis,
493 2571 596 2609 non
631 2563 921 2609 nascuntur
962 2551 1063 2606 nisi
1109 2551 1162 2604 in
1194 2562 1358 2604 carne
1385 2547 1624 2620 peccati;
1671 2555 1726 2600 et
1749 2559 1937 2600 omnes

357 2649 690 2718 pertinentes
740 2645 808 2700 ad
854 2643 1252 2715 generationem
1303 2637 1553 2696 connubii
1605 2635 1934 2706 spiritualis,

359 2755 466 2792 non
489 2738 813 2794 mandantur
839 2736 937 2790 nisi
969 2751 1062 2805 per
1088 2748 1302 2789 carnem
1345 2729 1574 2786 sitnilem
1601 2729 1779 2784 carnis
1808 2741 1936 2796 pec-

357 2831 464 2884 cati
497 2847 510 2881 :
542 2830 644 2883 hoc
671 2837 787 2894 est,
839 2828 914 2884 illi
967 2841 1062 2897 per
1112 2823 1282 2880 Adam
1309 2822 1374 2878 ad
1417 2819 1937 2880 condemnationem,

361 2922 448 2975 isti
479 2935 572 2990 per
597 2920 866 2975 Christum
891 2917 956 2971 ad
981 2915 1440 2988 justiticationem.
1469 2912 1746 2980 Tanquam
1785 2908 1831 2962 si
1860 2907 1943 2960 di-

361 3027 566 3076 camus,
593 3011 744 3066 verbi
775 3009 940 3081 gratia
967 3051 980 3072 ,
1009 3007 1123 3063 Una
1153 3015 1236 3062 est
1265 3005 1525 3060 obstetrix
1573 3003 1626 3056 in
1671 3001 1772 3055 bac
1809 3000 1942 3054 civi-

363 3113 492 3168 tate,
539 3119 658 3173 quae
685 3117 874 3156 omnes
904 3099 1132 3170 excipit;
1160 3107 1214 3152 et
1243 3111 1380 3150 unus
1408 3103 1489 3149 est
1533 3093 1618 3147 hic
1641 3091 1941 3146 litterarum

365 3195 638 3264 magister,
661 3193 752 3262 qui
773 3205 960 3246 omnes
979 3189 1164 3243 docet:
1185 3201 1357 3256 neque
1381 3185 1452 3238 ibi
1475 3181 1690 3252 intelligi
1721 3187 1945 3250 possunt

363 3298 570 3350 omnes,
601 3281 704 3336 nisi
732 3281 822 3350 qui
851 3288 1168 3342 nascuntur;
1189 3291 1362 3346 neque
1387 3275 1474 3330 hic
1493 3287 1700 3336 omnes,
1726 3271 1828 3325 nisi
1854 3270 1944 3340 qui

361 3375 750 3429 discuntznon
781 3381 956 3426 tamen
1009 3383 1198 3424 omnes
1240 3369 1326 3437 qui
1379 3373 1688 3428 nascuntur,
1740 3363 1946 3417 litteras

363 3467 595 3520 discunt.
623 3463 728 3520 Sed
757 3462 924 3518 cuivis
947 3462 1132 3526 claret,
1164 3457 1306 3530 quod
1333 3465 1386 3511 et
1415 3455 1524 3510 illic
1569 3461 1718 3509 recte
1743 3451 1945 3506 dictum

362 3567 468 3620 est,
493 3555 692 3610 Omnes
716 3553 931 3623 excipit,
963 3562 1160 3621 praeter
1185 3549 1336 3620 cujus
1361 3561 1547 3602 manus
1573 3558 1734 3600 nemo
1757 3542 1947 3596 ‘nasci-

365 3657 486 3710 tur;
517 3655 570 3700 et
599 3645 684 3699 hic
710 3651 854 3698 recte
880 3643 1078 3697 dictum
1125 3648 1238 3706 est,
1283 3639 1479 3694 Omnes
1521 3635 1704 3700 docet,
1752 3641 1949 3704 printer

365 3739 519 3806 cujus
543 3735 904 3806 magisterium
929 3746 1088 3787 nemo
1112 3729 1288 3784 discit.

437 3828 528 3882 56.
567 3823 932 3881 Consideratis
951 3831 1124 3876 autem
1149 3817 1394 3884 omnibus
1412 3814 1610 3868 divinis
1633 3813 1949 3868 testimoniis

369 3934 488 3986 qtae
523 3914 970 3974 commemoravi.
1022 3912 1133 3966 sive
1179 3907 1481 3977 singillatim
1527 3904 1594 3960 de
1634 3919 1950 3973 unoquoque

369 3987 663 4077 disputans,
696 4007 808 4062 sive
835 4003 1119 4059 acervatim
1149 4001 1312 4053 multa
1333 4007 1670 4068 congcstans,
1703 3997 1782 4050 vel
1803 4011 1951 4066 qum-

369 4111 598 4166 cumque
631 4095 824 4150 similia
864 4108 969 4147 non
1017 4089 1464 4152 commemoravi;
1509 4086 1641 4140 nihil
1685 4086 1951 4140 invenitur

369 4186 472 4241 nisi
521 4185 665 4255 quod
714 4185 958 4239 universa
1010 4181 1250 4236 Ecclesia
1299 4186 1474 4240 tenet,
1523 4192 1644 4246 quae
1697 4175 1950 4230 adversus

371 4291 562 4332 omnes
591 4275 836 4345 profanas
863 4273 1120 4328 novitates
1144 4270 1364 4341 vigilare
1389 4268 1584 4331 debet,
1610 4281 1822 4320 omnem
1851 4265 1950 4318 ho-

369 4369 569 4422 minem
597 4364 833 4436 separari
862 4379 890 4417 a
919 4364 1047 4424 Deo,
1075 4362 1178 4416 nisi
1204 4361 1292 4431 qui
1319 4375 1412 4430 per
1433 4358 1777 4413 mediatorem
1800 4355 1956 4410 Chri-

371 4469 512 4512 stum
537 4453 912 4510 reconciliatur
943 4453 1084 4515 Deo,
1117 4465 1218 4505 nec
1244 4447 1477 4518 separari
1503 4459 1822 4516 quemquam
1853 4445 1952 4499 nisi

371 4545 608 4618 peccatis
631 4543 1106 4600 intercludentibus
1127 4555 1302 4612 posse.
1328 4539 1444 4595 Non
1470 4553 1598 4609 ergo
1621 4538 1952 4592 reconcil'mri

371 4637 476 4692 nisi
507 4646 845 4706 peccatorum
875 4635 1209 4698 remissione,
1243 4647 1335 4702 per
1361 4646 1516 4685 ttnam
1545 4629 1766 4700 gratiam
1797 4630 1956 4682 mise-

371 4729 722 4783 ricordissimi
747 4727 1058 4791 Salvatoris,
1092 4741 1188 4796 per
1207 4738 1366 4777 unam
1393 4722 1659 4776 victimam
1689 4718 1950 4774 verissimi

369 4822 678 4877 Sacerdotis
702 4839 714 4874 :
743 4835 806 4874 ac
827 4819 906 4874 sic
925 4833 1112 4872 omnes
1135 4817 1270 4870 filios
1295 4813 1550 4876 mulieris,
1580 4827 1698 4880 qua:
1719 4811 1954 4880 serpenti

367 4911 632 4976 credidit,
667 4919 724 4964 ut
761 4909 978 4965 libidine
1001 4914 1432 4974 corrumperetur
1475 4902 1626 4976 (Gen.
1669 4917 1754 4968 ιιι,
1809 4899 1952 4969 1-6),

367 5017 482 5056 nun
511 5001 722 5056 liberari
752 5015 782 5054 a
811 5013 1035 5068 corpore
1064 4997 1250 5050 mortis
1289 4995 1443 5065 hujus
1465 5035 1481 5060 ,
1511 4993 1610 5048 nisi
1643 5008 1734 5062 per
1763 4991 1954 5045 Filiqu

371 5091 629 5160 Virginis,
657 5105 778 5160 qua:
799 5089 988 5158 angelo
1013 5087 1270 5152 credidit,
1299 5095 1358 5139 ut
1380 5085 1494 5138 sine
1523 5083 1738 5138 libidine
1763 5082 1958 5137 fetare-

367 5195 458 5236 tur
491 5181 640 5252 (Luc.
673 5197 723 5246 ι,
760 5181 971 5250 26-58).

443 5271 674 5327 CAPUT
711 5269 904 5325 XXIX.
927 5270 1106 5326 ——57.
1145 5267 1344 5322 Bonum
1377 5265 1600 5338 conjugii
1639 5265 1780 5336 quid.
1825 5264 1955 5318 Boni

367 5375 422 5418 et
451 5363 572 5416 ntali
599 5379 720 5416 usus
747 5370 962 5432 quatuor
990 5359 1301 5427 differentia.
1337 5357 1540 5444 Bonum
1568 5369 1697 5426 ergo
1725 5355 1955 5426 conjugii

365 5471 484 5512 non
511 5465 596 5511 est
621 5454 797 5509 fervor
835 5453 1305 5524 concupiscentiae,
1337 5449 1430 5506 sed
1460 5449 1670 5520 quidam
1703 5449 1874 5502 licitas
1903 5456 1956 5500 et

367 5549 634 5603 honestus
655 5545 746 5600 illo
767 5543 972 5600 fervore
993 5543 1172 5598 utendi
1193 5541 1400 5605 modus,
1425 5537 1776 5610 propaganda:
1798 5537 1952 5607 proli,

363 5655 484 5694 non
507 5637 784 5706 explendae
809 5635 1012 5690 libidini
1038 5632 1482 5690 accommodatus.
1516 5627 1794 5703 [Voluntas
1825 5630 1919 5684 ista
1938 5669 1952 5694 ,

439 5767 456 5794 ι
493 5761 632 5820 Editi,
677 5758 772 5811 nisi
791 5773 854 5811 ex
876 5765 1084 5822 peccato.
1115 5765 1168 5809 At
1189 5757 1510 5819 manuscriyti,
1538 5754 1581 5807 si
1601 5769 1708 5806 non.

1693 353 1891 408 LIBER
1932 351 2200 410 PRIMUS.

3508 329 3604 419 tta

1975 521 1982 528 ,
2035 481 2139 520 non
2165 469 2404 539 voluptas
2427 471 2529 536 illa,
2555 471 2802 542 nuptialis
2823 481 2900 526 est
2921 470 2982 544 ¹.]
3005 473 3154 542 Quod
3177 474 3333 543 igitur
3360 477 3410 530 in
3435 493 3610 532 mem~

2029 557 2140 613 bris
2171 561 2408 629 corporis
2435 563 2618 616 mortis
2649 561 2804 631 hujus
2845 563 3212 618 inobedienter
3241 575 3600 632 movetur,,to-

2031 659 2246 721 tumque
2273 653 2504 708 animum
2535 653 2586 708 in
2613 669 2670 708 se
2695 653 2956 724 dejectum
2987 664 3210 710 conatur
3238 659 3523 725 attrahere,
3552 671 3608 715 et

2029 755 2202 812 neque
2242 759 2361 798 cum
2390 760 2538 798 mens
2571 745 2796 800 voluerit
2819 747 3073 814 exsurgit,
3105 762 3275 817 neque
3300 763 3419 803 cum
3453 765 3608 805 mens

2029 832 2256 886 voluerit
2283 833 2626 902 coaqnieseit,
2661 835 2759 888 hoc
2783 843 2866 888 est
2893 835 3088 888 malum
3117 837 3346 904 peccati,
3375 839 3428 892 in
3457 855 3562 908 quo
3583 843 3604 872 ¹

2031 922 2264 976 nascitur
2301 923 2474 977 omnis
2499 923 2678 977 homo.
2710 923 2838 978 Cum
2875 933 3051 979 autem
3096 925 3163 980 ab
3189 927 3380 982 illicitis
3418 945 3608 984 corru-

2033 1011 2297 1078 ptionibus
2321 1014 2646 1078 refrenatur,
2677 1023 2731 1068 et
2757 1015 2824 1068 ad
2849 1015 2962 1070 sola
2991 1017 3200 1086 generis
3229 1017 3444 1072 humani
3475 1035 3606 1088 sup-

2032 1103 2296 1171 plementa
2336 1103 2576 1159 ordinate
2619 1106 2954 1175 propaganda
2991 1107 3332 1177 permittitur,
3380 1109 3482 1165 hoc
3528 1121 3613 1166 est

2033 1193 2228 1248 bonum
2248 1195 2474 1265 conjugii
2495 1238 2509 1261 ,
2544 1212 2638 1265 per
2660 1197 2800 1266 quod
2821 1198 3062 1254 ordinata
3091 1201 3346 1256 societate
3375 1203 3612 1257 nascitur

2033 1283 2212 1338 homo.
2249 1285 2352 1340 Sed
2393 1301 2548 1340 nemo
2579 1288 2873 1341 renascitur
2912 1289 2964 1342 in
3001 1288 3196 1342 Christi
3235 1304 3478 1359 corpore,
3509 1291 3612 1346 nisi

2032 1375 2177 1444 prius
2197 1385 2444 1428 nascatur
2463 1376 2512 1428 in
2533 1377 2730 1446 peccati
2753 1391 2994 1446 corpore.
3017 1375 3162 1432 Sicut
3177 1388 3353 1433 autem
3375 1381 3515 1435 bono
3537 1384 3614 1438 uti

2035 1463 2190 1528 male,
2222 1465 2416 1519 malum
2445 1477 2526 1521 est
2548 1483 2562 1532 ;
2585 1467 2662 1522 sic
2691 1468 2833 1521 malo
2863 1468 2998 1522 bene
3027 1469 3121 1534 uti,
3149 1469 3344 1524 bonum
3367 1481 3470 1525 est.
3497 1473 3614 1528 Duo

2033 1552 2189 1622 igitur
2217 1553 2353 1619 haec,
2384 1555 2580 1610 bonum
2609 1563 2664 1611 et
2687 1557 2904 1623 malum,
2933 1567 2985 1612 et
3009 1559 3110 1613 alia
3135 1559 3262 1626 duo,
3289 1575 3416 1616 usus
3441 1562 3616 1618 bonus

2033 1651 2087 1698 et
2114 1659 2238 1698 usus
2265 1645 2457 1710 maius,
2497 1647 2712 1702 sibimet
2739 1647 2984 1717 adjuncta
3023 1660 3254 1720 quatuor
3289 1652 3616 1710 differentias

2033 1735 2250 1791 faciunt.
2274 1737 2418 1793 Bene
2437 1737 2600 1792 utitur
2619 1739 2779 1807 bono,
2799 1741 3176 1796 continentiam
3197 1741 3449 1800 dedicans
3473 1743 3612 1799 Deo:

2035 1827 2175 1882 male
2201 1827 2367 1882 utitur
2393 1829 2552 1895 bono,
2585 1829 2961 1884 continentiam
2992 1831 3244 1887 dedicans
3286 1832 3448 1889 idolo.
3479 1835 3616 1892 Male

2035 1917 2199 1972 utitur
2249 1919 2428 1985 malo,
2479 1920 2964 1988 concupiscentiam
3015 1923 3262 1978 relaxans
3309 1923 3613 1980 adulterio:

2037 2006 2176 2062 bene
2200 2006 2362 2062 utitur
2386 2008 2541 2074 malo,
2567 2011 3050 2079 concupiscentiam
3075 2013 3398 2082 restringens
3423 2029 3620 2068 connu-

2033 2095 2146 2149 bio.
2173 2095 2324 2150 Sicut
2346 2111 2472 2166 ergo
2498 2098 2686 2152 melius
2713 2110 2793 2154 est
2821 2100 2957 2154 bene
2987 2101 3060 2154 uti
3087 2099 3228 2154 bono
3248 2143 3262 2164 ,
3291 2115 3450 2170 quam
3477 2104 3616 2159 bene

2039 2187 2113 2240 uti
2139 2187 2298 2254 malo,
2326 2203 2446 2243 cum
2473 2190 2542 2242 sit
2569 2181 2851 2258 utrumque
2875 2191 3072 2244 bonum
3099 2209 3111 2243 :
3145 2191 3216 2244 ita
3241 2193 3326 2262 qui
3350 2191 3436 2246 dat
3467 2195 3621 2264 virgi-

2040 2293 2152 2330 nem
2176 2293 2321 2331 suam
2349 2289 2594 2348 nuptum,
2627 2280 2746 2333 bene
2769 2281 2922 2351 facit;
2952 2290 2999 2334 et
3023 2283 3112 2350 qui
3138 2298 3237 2334 non
3265 2281 3352 2335 dat
3375 2293 3618 2353 nuptum,

2040 2369 2216 2423 melius
2243 2371 2382 2440 facit.
2415 2370 2489 2424 De
2513 2385 2614 2440 qua
2637 2371 2928 2440 qumstione
2955 2371 3119 2425 multo
3147 2371 3361 2427 uberius
3382 2383 3436 2428 et
3457 2375 3624 2428 multo

2042 2458 2388 2513 sufficientius
2415 2460 2465 2513 in
2496 2459 2702 2514 duobus
2731 2459 2898 2526 libris,
2927 2475 3035 2515 uno
3061 2459 3127 2516 de
3153 2461 3299 2516 Bono
3321 2461 3619 2532 Conjugali,

2042 2549 2211 2604 altero
2233 2549 2299 2605 de
2325 2551 2515 2605 Sancta
2547 2550 2875 2620 Virginitate,
2903 2561 3154 2621 quantum
3181 2554 3431 2610 Dominus
3453 2555 3616 2620 dedit,

2045 2659 2140 2712 pro
2163 2659 2396 2697 mearum
2420 2644 2606 2698 viriqu
2630 2643 2914 2714 exiguitate
2929 2643 3176 2700 disserui.
3195 2645 3312 2700 Non
3333 2645 3510 2716 itaque
3532 2663 3626 2717 per

2045 2735 2345 2804 nuptiarum
2384 2735 2579 2788 bonmn
2609 2733 2894 2788 defendant
2918 2735 3357 2803 concupiscentia:
3383 2737 3580 2792 malum
3607 2779 3624 2802 ,

2045 2824 2134 2893 qui
2181 2839 2394 2878 carnem
2451 2833 2505 2878 et
2547 2823 2856 2892 sanguinem
2906 2825 3322 2891 prmvarieatoris
3370 2825 3626 2881 adversus

2045 2929 2259 2967 carnem
2302 2921 2355 2968 et
2397 2913 2709 2983 sanguinem
2755 2913 3128 2982 Redemptoris
3172 2914 3472 2970 extollunt:
3517 2932 3623 2971 non

2047 3007 2320 3075 erigantur
2357 3006 2409 3059 in
2456 3003 2756 3074 superbiam
2785 3005 2805 3035 ³
2831 3005 3029 3058 erroris
3071 3003 3225 3058 alieni
3247 3047 3260 3065 ,
3289 3006 3354 3061 de
3398 3022 3626 3076 quorum

2048 3097 2262 3163 parvula
2288 3103 2442 3150 attate
2471 3095 2620 3149 nobis
2644 3089 2788 3150 dedit
2818 3095 3068 3148 Dominus
3097 3093 3406 3150 humilitatis
3441 3113 3627 3152 exem-
3707 3122 3709 3124 ·

2047 3187 2212 3256 plum.
2239 3187 2394 3242 Solus
2425 3188 2540 3243 sine
2579 3197 2798 3258 peccato
2827 3197 2979 3241 natus
3006 3196 3116 3252 est,
3143 3203 3299 3257 quem
3335 3189 3450 3244 sine
3493 3189 3626 3243 virili

2049 3278 2347 3346 complexu,
2381 3293 2485 3332 non
2517 3279 2940 3346 concupiscentia
2962 3279 3138 3332 carnis
3164 3321 3176 3344 ,
3207 3277 3299 3332 sed
3329 3279 3625 3334 obcdientia

2051 3371 2244 3424 mentis
2267 3371 2414 3441 virgo
2439 3371 2698 3440 concepit.
2730 3371 2852 3424 Soia
2877 3381 3059 3426 nostro
3083 3371 3285 3424 vulneri
3313 3371 3628 3427 medicinam

2051 3475 2238 3528 parere
2287 3461 2458 3530 potuit
2481 3500 2496 3526 ,
2525 3477 2644 3530 qua:
2687 3475 2790 3515 non
2829 3476 2892 3516 ex
2932 3461 3133 3530 peccati
3163 3463 3380 3520 vulnere
3413 3478 3626 3533 germen

2052 3552 2152 3621 pia:
2181 3553 2343 3622 prolis
2370 3553 2564 3607 emisit.

2120 3640 2346 3698 CAPUT
2375 3643 2543 3696 XXX.
2569 3673 2639 3683 —-
2663 3643 2750 3698 58.
2780 3641 3094 3714 Baptismum
3117 3644 3186 3696 ad
3212 3644 3333 3714 quid
3357 3645 3630 3715 infantibus

2052 3733 2387 3786 necessarium
2415 3733 2656 3787 voluerint
2687 3731 2968 3804 Pelagiani.
3005 3733 3119 3788 Jam
3163 3750 3302 3788 nunc
3331 3747 3627 3790 scrutemur

2053 3823 2354 3894 diligentius
2374 3865 2388 3890 ,
2418 3833 2670 3893 quantum
2699 3823 2912 3893 adjuvat
2936 3823 3191 3879 Dominus
3211 3866 3226 3888 ,
3271 3825 3427 3879 etiam
3457 3826 3628 3895 ipsum

2055 3917 2323 3986 Evangelii
2353 3916 2638 3985 capitulum
2683 3917 2771 3970 ubi
2808 3919 2913 3983 ait,
2945 3915 3063 3970 Nisi
3090 3917 3198 3986 quis
3235 3927 3438 3970 renatus
3477 3917 3634 3986 fuerit

2053 4023 2117 4060 ea:
2155 4023 2285 4076 aqua
2313 4015 2358 4060 et
2400 4008 2610 4076 spiritu,
2647 4023 2746 4060 non
2783 4007 2986 4060 intrabit
3031 4009 3085 4060 in
3127 4023 3335 4077 regnum
3378 4005 3490 4059 Dei.
3518 4007 3630 4072 Qua

2038 4091 2142 4150 ‘isti
2169 4105 2432 4152 sententia
2463 4097 2562 4149 nisi
2595 4105 2955 4161 moverentur,
3004 4096 3220 4149 omnino
3250 4096 3497 4164 parvulos
3533 4111 3632 4151 nec
3695 4114 3702 4120 '

2057 4185 2398 4255 baptizandus
2439 4199 2559 4241 esse
2606 4195 2906 4239 censerent.
2955 4183 3061 4239 Sed
3109 4186 3228 4255 quia
3268 4195 3368 4238 non
3416 4185 3506 4250 ait,
3547 4185 3634 4240 in-

2057 4277 2272 4346 quiunt,
2311 4293 2330 4328 t
2371 4275 2486 4329 Nisi
2504 4275 2616 4345 quis
2653 4283 2854 4328 renatus
2876 4275 3029 4345 fuerit
3056 4290 3118 4328 ea:
3140 4290 3272 4343 aqua
3309 4285 3356 4327 et
3377 4275 3576 4344 spiritu,
3605 4295 3626 4328 ι

2057 4383 2157 4420 non
2204 4365 2397 4419 habebit
2457 4366 2668 4420 salutem
2722 4363 2799 4418 vel
2870 4365 3022 4418 vitam
3088 4375 3362 4430 wternam;
3412 4375 3635 4418 tantum-

2059 4459 2206 4511 modo
2245 4445 2410 4511 autent
2453 4459 2597 4521 dixit,
2661 4477 2679 4508 ι
2709 4441 2808 4510 non
2851 4457 3054 4511 intrabit
3114 4457 3166 4510 in
3209 4474 3414 4528 regnum
3436 4457 3534 4512 Dei
3561 4475 3579 4512 :
3611 4479 3628 4509 ι

2058 4549 2126 4602 ad
2151 4547 2242 4600 hoc
2263 4548 2462 4619 parvuli
2482 4545 2772 4616 baptizandi
2791 4556 2925 4613 sunt,
2954 4556 3006 4600 ut
3026 4547 3122 4600 sint
3143 4548 3291 4600 etiam
3320 4563 3433 4601 cuin
3483 4547 3628 4602 Citri-

2059 4647 2133 4692 slo
2160 4639 2212 4691 in
2237 4655 2389 4710 regno
2416 4637 2526 4705 Dei,
2553 4637 2636 4690 ubi
2666 4653 2764 4690 non
2789 4645 2934 4690 erunt
2958 4637 3003 4692 si
3023 4635 3263 4706 baptizali
3281 4654 3379 4690 non
3400 4639 3588 4707 fuerint
3615 4656 3635 4693 :

2060 4729 2286 4800 quamvis
2321 4739 2369 4782 et
2398 4729 2504 4783 sine
2528 4727 2788 4797 Baptismo
2832 4727 2878 4781 si
2921 4727 3120 4798 parvuli
3147 4729 3446 4794 moriantur,
3495 4728 3641 4780 salu-

2060 4829 2156 4874 tem
2203 4823 2451 4891 vitamque
2509 4829 2747 4874 a’ternam
2778 4821 2996 4873 habituri
3044 4821 3162 4884 sint,
3214 4820 3449 4889 quoniam
3493 4819 3636 4874 nullo

2063 4911 2254 4982 peccati
2303 4910 2503 4964 vinculo
2546 4909 2768 4964 obstricti
2821 4917 2956 4964 sunt.
3011 4909 3136 4963 llrec
3173 4907 3429 4974 dicentes,
3462 4908 3636 4978 primo

2060 5017 2327 5073 nunquam
2353 5005 2622 5073 explicant
2675 5003 2779 5066 isti,
2809 5017 2910 5072 qua
2938 5001 3140 5071 justitia
3193 5000 3392 5053 nullum
3451 5015 3638 5070 pecca-

2062 5105 2170 5151 tum
2203 5095 2406 5152 habens
2433 5097 2608 5166 imago
2635 5095 2726 5150 Dei
2756 5103 3030 5164 separetur
3055 5107 3084 5146 a
3111 5107 3273 5162 regno
3297 5092 3414 5147 Dei.
3436 5091 3639 5148 Deinde

2062 5189 2334 5243 videamus
2367 5199 2544 5242 utrum
2591 5187 2844 5242 Dominus
2863 5185 3035 5250 Jesus,
3089 5201 3225 5240 unus
3246 5195 3298 5240 et
3333 5185 3479 5240 solus
3528 5202 3638 5239 ma-

2061 5279 2228 5349 gister
2247 5281 2440 5344 bonus,
2455 5279 2506 5333 in
2527 5278 2624 5332 hac
2642 5278 2755 5346 ipsa
2775 5275 3082 5342 evangelica
3113 5275 3334 5330 lectione
3353 5291 3456 5329 non
3476 5275 3640 5346 signi»

2063 5372 2300 5426 [icaverit
2324 5380 2377 5426 et
2405 5370 2702 5424 ostenderit
2727 5367 2934 5421 nonnisi
2961 5381 3055 5435 per
3091 5367 3463 5421 remiSsionem
3516 5381 3639 5436 per-

2062 5471 2298 5519 catorum
2322 5462 2454 5524 fieri,
2486 5471 2540 5514 ut
2566 5461 2629 5513 ad
2653 5473 2871 5528 regnum
2898 5457 2986 5510 Dei
3013 5456 3322 5524 perVeniant
3347 5457 3595 5526 baptizati
3619 5477 3630 5510 :

2127 5569 2143 5599 ι
2179 5573 2289 5615 Haec
2309 5578 2418 5628 quae
2441 5563 2577 5614 uncis
2605 5562 2882 5612 continetur
2914 5560 3160 5611 sententia
3197 5560 3336 5610 abest
3380 5560 3442 5611 ab
3487 5557 3636 5609 υιιιιιὶ-

2179 5637 2210 5662 ν

2063 5632 2155 5722 ΜΞ
2177 5635 2304 5738 bis
2329 5701 2356 5737 e
2381 5687 2612 5738 Vaticanis
2631 5692 2760 5746 Mssa
2783 5695 2892 5746 curn
2915 5695 3024 5746 quo.

2131 5756 2148 5785 ³
2183 5760 2358 5798 Onines
2379 5757 2505 5805 Mss,
2530 5751 2578 5799 in
2601 5745 2838 5800 superbia.
