4002 6180
372 329 468 398 iis

363 439 603 512 quamvis
629 443 772 496 recte
799 429 1213 502 intelligentibus
1237 427 1480 484 sufﬁcere
1503 423 1768 491 debuerit,
1789 417 1932 493 quod

363 530 562 590 dictum
592 537 694 592 est,
724 524 842 580 Nisi
883 523 993 594 quis
1032 531 1180 576 natus
1209 519 1359 590 fuerit
1403 517 1588 582 denuo,
1626 531 1729 569 non
1781 518 1939 582 potest

363 619 530 673 ridere
551 630 760 688 regnum
785 611 916 676 Dei;
945 619 1030 674 et,
1053 607 1171 665 Nisi
1194 609 1304 678 quis
1323 615 1527 662 renatus
1548 603 1699 674 fuerit
1719 617 1780 656 ex
1807 614 1940 670 aqua

361 719 410 762 et
433 707 634 780 spiritu,
665 720 765 758 non
792 709 954 772 potest
983 699 1192 753 introire
1215 698 1269 751 in
1289 711 1496 767 regnum
1516 692 1632 746 Dei.
1665 691 1773 747 Cur
1796 689 1940 744 enim

369 777 620 854 nascatur
653 791 850 859 denuo,
882 789 984 846 nisi
1005 784 1380 844 renovandus?
1409 783 1549 838 unde
1575 777 1938 843 renovandus,

366 885 468 941 nisi
510 899 541 940 a
587 881 884 938 vetustate?
937 894 1039 950 qua
1075 885 1364 940 vetustate,
1409 873 1510 928 nisi
1555 872 1608 926 in
1638 885 1742 941 qua
1791 877 1943 924 vetus

369 978 532 1031 homo
561 983 746 1030 noster
770 971 926 1027 simul
953 969 1235 1025 cruciﬁxus
1273 975 1358 1022 est
1399 980 1518 1020 cum
1566 963 1681 1027 illo,
1721 970 1781 1016 ut
1820 975 1945 1015 eva-

371 1069 565 1122 cuetut‘
599 1077 796 1133 corpus
819 1061 1024 1132 peccati
1051 1059 1229 1129 (Rom.
1258 1072 1330 1122 vt,
1359 1054 1444 1126 6)?
1473 1053 1577 1114 Aut
1603 1051 1744 1107 unde
1771 1050 1945 1120 imago

375 1159 472 1214 Dei
502 1173 609 1214 non
661 1157 826 1211 intrat
876 1155 930 1208 in
979 1165 1201 1222 regnum
1240 1147 1356 1214 Dei,
1407 1147 1510 1202 nisi
1561 1143 1947 1216 impedimento

368 1248 687 1319 prohibente
709 1243 945 1316 peccati?
990 1242 1391 1303 Verumtamen,
1441 1245 1500 1293 ut
1550 1235 1944 1312 prpposuimus,

371 1347 540 1396 totam
569 1339 737 1408 ipsam
761 1333 1212 1392 circumstantiam
1233 1331 1552 1401 evangelica:
1596 1326 1843 1382 lectionis
1881 1323 1949 1380 ad

369 1445 484 1485 rem
514 1429 582 1484 de
604 1443 706 1498 qua
725 1427 898 1498 agitur
925 1426 1299 1496 pertinentem,
1324 1422 1526 1478 intente
1539 1428 1792 1492 quantum
1820 1429 1948 1488 pos-

373 1535 561 1575 sumus
585 1518 971 1588 diligenterque
986 1514 1279 1570 videamus.

442 1609 532 1664 59.
577 1605 700 1662 Erat
728 1615 898 1660 autem
936 1605 1086 1658 homo
1107 1644 1123 1669 ,
1151 1602 1350 1673 inquit,
1380 1617 1445 1656 ex
1471 1597 1749 1654 Pharisteis
1785 1595 1949 1650 Nico-

371 1701 547 1754 demus
568 1698 788 1762 nomine,
815 1695 1046 1768 princeps
1070 1692 1388 1748 Judteorum.
1419 1689 1514 1745 Hic
1533 1689 1662 1744 venit
1683 1687 1752 1742 ad
1776 1686 1809 1740 Ι
1815 1701 1954 1741 esum

373 1799 540 1857 nocte,
571 1798 618 1844 et
647 1787 773 1842 dixit
799 1787 844 1841 ei
859 1802 878 1841 :
908 1783 1090 1851 Rabbi,
1113 1783 1299 1840 scimus
1323 1783 1443 1855 quia
1465 1797 1498 1835 a
1518 1780 1624 1835 Deo
1649 1778 1824 1834 venisti
1845 1793 1955 1832 ma-

373 1883 528 1954 gister
547 1899 566 1936 :
595 1895 740 1934 nemo
758 1878 889 1933 enim
913 1883 1069 1948 potest
1098 1875 1206 1929 hac
1232 1874 1378 1945 signa
1405 1873 1571 1942 facere
1594 1886 1708 1940 quis
1727 1878 1780 1923 tu
1802 1867 1952 1940 facis,

373 1973 473 2028 nisi
496 1973 647 2044 fuerit
679 1969 820 2025 Deus
849 1983 964 2022 cum
991 1983 1070 2022 eo.
1113 1963 1393 2036 Respondit
1430 1961 1581 2018 Iesus
1599 2003 1615 2027 ,
1645 1968 1692 2014 et
1717 1959 1846 2014 dixit
1869 1959 1916 2012 ei
1936 1972 1956 2013 :

377 2069 553 2132 Amen,
583 2081 730 2119 amen
755 2062 867 2116 dico
896 2060 1002 2124 tibi,
1033 2059 1132 2113 nisi
1155 2058 1265 2127 quis
1291 2065 1439 2110 natus
1463 2053 1614 2124 fuerit
1645 2051 1831 2117 denuo,
1855 2065 1957 2104 non

378 2165 538 2228 potest
581 2153 748 2210 videre
784 2167 995 2222 regnum
1036 2147 1152 2203 Dei.
1194 2146 1326 2200 Dicit
1353 2145 1421 2198 ad
1459 2161 1572 2200 eum
1609 2141 1916 2197 Nicodemus
1937 2155 1956 2194 :

381 2245 642 2313 Quomodo
667 2253 825 2316 potest
859 2242 1008 2296 honto
1039 2239 1179 2294 nasci
1198 2279 1212 2302 ,
1240 2254 1354 2292 cum
1381 2237 1444 2290 sit
1470 2235 1664 2290 senex?
1695 2231 1959 2302 Numquid

379 2349 538 2414 potest
565 2341 619 2393 in
645 2345 842 2392 uterum
874 2333 1048 2388 matris
1084 2346 1193 2386 sua:
1233 2331 1412 2384 iterum
1441 2327 1652 2382 introire
1690 2335 1738 2380 et
1779 2322 1960 2386 nasci?

381 2429 661 2501 Respondit
680 2425 832 2482 Iesus
854 2443 874 2480 :
899 2425 1078 2488 Amen,
1102 2437 1248 2474 amen
1264 2419 1386 2474 dico
1414 2418 1522 2482 tibi,
1551 2417 1652 2472 nisi
1673 2415 1784 2486 quis
1809 2429 1960 2468 rena—

385 2531 464 2575 tus
489 2519 638 2592 fuerit
667 2532 730 2572 ex
755 2531 890 2586 aqua
910 2522 956 2568 et
980 2513 1164 2582 spiritu
1191 2511 1234 2577 ί,
1263 2525 1364 2564 non
1393 2515 1553 2580 potest
1577 2505 1784 2560 introire
1805 2503 1859 2557 in
1883 2518 1963 2556 re-

383 2627 538 2684 gnum
561 2606 677 2664 Dei.
706 2607 852 2675 Quod
877 2613 1050 2659 natum
1075 2612 1146 2657 est
1173 2601 1236 2656 de
1260 2616 1412 2656 carne
1430 2642 1446 2666 ,
1465 2614 1590 2654 caro
1615 2605 1686 2652 est
1709 2611 1729 2662 ;
1757 2603 1804 2650 et
1827 2593 1964 2664 quod

383 2711 556 2758 natum
577 2709 647 2754 est
677 2697 742 2752 de
761 2694 959 2766 spiritu,
988 2693 1194 2764 spiritus
1213 2701 1304 2745 est.
1335 2688 1457 2744 Non
1477 2687 1692 2750 mireris,
1719 2685 1838 2757 quia
1856 2684 1964 2738 dixi

385 2793 494 2860 tibi,
519 2791 724 2864 Oportet
749 2805 836 2844 vos
861 2787 1002 2843 nasci
1023 2785 1208 2840 denuo.
1238 2783 1461 2856 Spiritus
1484 2781 1569 2836 ubi
1588 2779 1693 2836 uult
1712 2779 1887 2850 spirat,
1919 2785 1966 2831 et

382 2901 550 2940 vocem
595 2883 704 2952 ejus
731 2879 918 2943 audis;
947 2877 1035 2932 sed
1063 2892 1164 2930 non
1199 2873 1299 2930 scis
1350 2873 1486 2927 unde
1510 2870 1693 2936 veniat,
1734 2877 1822 2922 aut
1867 2882 1966 2937 quo

386 2977 558 3030 radat.
592 2973 682 3028 Sic
709 2980 782 3026 est
805 2968 967 3024 omnis
989 2967 1072 3036 qui
1101 2973 1252 3019 natus
1277 2971 1347 3018 est
1371 2977 1432 3016 ex
1457 2961 1659 3030 spiritu.
1684 2956 1966 3028 Respondit

389 3065 697 3120 Nicodamus
718 3101 733 3128 ,
767 3069 815 3114 et
842 3057 971 3113 dixit
1007 3057 1053 3110 ei
1082 3071 1100 3109 :
1140 3051 1402 3120 Quomodo
1432 3059 1641 3122 possunt
1669 3049 1777 3103 hac
1814 3046 1968 3116 ﬁeri?

391 3153 667 3225 Respondit
691 3150 864 3218 Iesus,
893 3157 940 3204 et
965 3146 1094 3202 dixit
1121 3145 1169 3200 ei
1195 3160 1214 3200 :
1241 3143 1318 3198 Tu
1345 3159 1397 3198 es
1424 3143 1659 3213 magister
1685 3141 1738 3194 in
1761 3137 1964 3206 Israel,

386 3259 434 3303 et
459 3247 564 3303 haec
590 3245 795 3318 ignoras
810 3242 836 3296 .9
857 3241 1034 3306 Amen,
1061 3253 1208 3292 amen
1226 3235 1340 3290 dico
1361 3234 1469 3301 tibi,
1489 3233 1608 3303 quia
1629 3229 1762 3302 quod
1782 3230 1966 3284 scimus

390 3339 660 3409 loquimur,
691 3343 738 3389 et
755 3331 890 3404 quod
914 3331 1129 3386 uidimus
1157 3337 1418 3393 testamur,
1447 3335 1492 3379 et
1519 3323 1852 3378 testimonium
1877 3337 1967 3375 no-

388 3439 548 3482 strum
573 3441 675 3480 non
698 3423 948 3494 accipitis.
979 3419 1042 3476 Si
1065 3428 1260 3474 terrena
1289 3416 1395 3471 dixi
1422 3415 1578 3481 vobis,
1609 3423 1656 3468 et
1680 3429 1780 3468 non
1804 3411 1970 3466 credi—

389 3519 604 3583 distis’;
627 3514 898 3586 quomodo,
928 3513 973 3568 si
995 3512 1169 3566 dixero
1194 3509 1329 3564 vobis
1357 3507 1594 3573 calestia,
1623 3504 1828 3560 credetis
1851 3503 1876 3557 ?
1901 3501 1969 3556 Et

390 3627 536 3668 nemo
563 3595 782 3666 ascendit
808 3608 862 3660 in
907 3605 1112 3667 calum,
1145 3603 1244 3658 nisi
1283 3601 1369 3668 qui
1410 3599 1473 3654 de
1509 3597 1632 3653 caelo
1679 3593 1966 3660 descendit,

393 3701 560 3756 Filius
588 3697 819 3760 hominis,
849 3694 936 3766 qui
954 3693 1006 3748 in
1034 3693 1158 3747 6on
1187 3700 1277 3746 est.
1302 3688 1368 3744 Et
1394 3689 1522 3744 sicut
1550 3684 1752 3757 Moyses
1776 3683 1969 3739 exalta-

394 3793 460 3846 uit
493 3798 772 3859 serpentem
815 3786 868 3840 in
913 3783 1138 3848 deserto,
1170 3781 1240 3835 ita
1285 3779 1500 3836 exaltari
1542 3785 1736 3849 oportet
1777 3773 1970 3828 Filium

394 3880 647 3942 hominis;
673 3887 726 3931 ut
753 3876 917 3930 omnis
940 3874 1025 3945 qui
1051 3872 1208 3928 credit
1231 3872 1282 3924 in
1303 3886 1414 3924 eum
1433 3885 1534 3924 non
1560 3873 1748 3938 pereat,
1772 3863 1860 3919 sed
1878 3863 1970 3917 ha-

393 3974 503 4028 bent
533 3971 683 4025 vitam
703 3977 961 4024 (sternam.
995 3963 1086 4021 Sic
1111 3964 1243 4018 enim
1261 3961 1438 4016 dilexit
1465 3957 1600 4012 Deus
1626 3957 1888 4019 mundum,
1914 3963 1970 4009 ut

397 4061 592 4117 Filium
621 4075 769 4116 suum
793 4055 1106 4129 unigenitum
1132 4053 1306 4116 daret,
1335 4061 1392 4104 ut
1427 4049 1590 4104 omnis
1625 4047 1712 4118 qui
1736 4045 1890 4100 credit
1917 4045 1988 4099 in-

393 4171 511 4210 cum
535 4167 637 4208 non
664 4158 872 4222 pereat,
899 4147 989 4202 sed
1016 4144 1195 4200 habeat
1222 4143 1374 4197 vitam
1401 4149 1658 4196 (sternam.
1690 4134 1822 4191 Non
1839 4135 1972 4189 enim

395 4243 529 4298 misit
567 4240 704 4296 Deus
731 4238 924 4294 Filium
952 4251 1104 4291 suum
1143 4234 1194 4288 in
1219 4231 1460 4287 ntundum
1483 4271 1500 4297 ,
1525 4237 1582 4284 ut
1596 4228 1794 4299 judicet
1821 4241 1971 4280 mun-

396 4336 515 4389 dum
531 4351 551 4398 ;
577 4333 666 4388 sed
693 4341 748 4386 ut
779 4331 997 4386 salvetur
1024 4326 1242 4382 mundus
1277 4341 1368 4393 per
1395 4323 1580 4393 ipsum.
1610 4319 1709 4387 Qui
1735 4317 1893 4372 credit
1917 4317 1972 4371 in

397 4440 532 4490 eum,
559 4439 661 4477 non
680 4420 944 4492 judicatur
965 4433 984 4470 :
1006 4417 1091 4487 qui
1115 4425 1282 4469 autem
1307 4429 1410 4467 non
1437 4411 1614 4475 credit,
1636 4410 1748 4480 jam
1758 4407 1968 4482 judica-

396 4527 476 4571 tus
500 4523 572 4571 est
591 4554 606 4580 ,
632 4511 752 4584 quia
782 4526 884 4596 ηομ
921 4507 1078 4562 credit
1104 4507 1158 4558 in
1183 4503 1383 4557 nomine
1409 4500 1650 4572 unigeniti
1693 4497 1815 4552 Filii
1852 4497 1968 4552 Dei.

400 4608 513 4663 liae
539 4614 610 4660 est
637 4611 804 4657 autem
820 4591 1070 4672 judicium
1088 4638 1104 4664 ,
1133 4597 1252 4665 quia
1274 4594 1364 4650 lux
1392 4595 1522 4647 venit
1546 4592 1599 4645 in
1629 4591 1890 4656 mundum,
1925 4599 1971 4644 et

397 4698 678 4752 dilexerunt
705 4691 931 4746 homines
956 4689 1115 4759 magis
1144 4683 1387 4748 tenebras,
1414 4698 1566 4754 quam
1590 4683 1752 4735 lucem
1776 4695 1795 4734 :
1831 4689 1972 4735 erant

396 4807 529 4848 enim
551 4801 724 4844 eorum
749 4782 882 4838 mala
901 4797 1073 4853 opera.
1099 4776 1278 4833 Omnis
1299 4776 1431 4830 enim
1455 4773 1536 4844 qui
1561 4773 1694 4828 male
1716 4771 1838 4842 agit,
1865 4772 1972 4826 odit

398 4882 580 4949 lucem,
621 4887 668 4934 et
693 4891 793 4934 non
819 4873 950 4928 venit
973 4870 1042 4926 ad
1069 4871 1229 4926 lucem
1247 4909 1262 4936 ,
1296 4876 1350 4920 ut
1385 4882 1486 4920 non
1513 4873 1793 4936 arguantur
1819 4878 1972 4932 Opera

395 4976 502 5044 ejus
519 4989 538 5028 :
562 4973 648 5045 qui
672 4979 838 5024 autem
866 4964 988 5038 facit
1010 4962 1286 5028 veritatem,
1313 4959 1444 5014 uenit
1469 4957 1537 5010 ad
1562 4956 1744 5020 lucem,
1775 4963 1828 5011 ut
1857 4971 1970 5007 ma-

398 5059 722 5130 nifestentur
748 5056 866 5128 ejus
895 5055 1214 5127 opera,quia
1246 5053 1300 5108 in
1330 5049 1440 5106 Deo
1466 5058 1590 5105 sunt
1625 5049 1764 5120 facta
1789 5047 1976 5118 (Joan.

401 5151 486 5214 nl,
525 5144 697 5218 1-21).
738 5145 858 5200 Huc
908 5159 1082 5216 usque
1124 5151 1208 5198 est
1257 5140 1324 5198 ad
1354 5155 1492 5206 rem,
1523 5141 1590 5194 de
1639 5151 1747 5209 qua
1779 5134 1976 5208 quaeri-

402 5254 549 5306 mus,
588 5237 866 5309 pertinens
897 5245 1046 5294 totus
1079 5250 1262 5293 sermo
1315 5233 1406 5290 ille
1449 5237 1738 5289 contextus
1769 5245 1785 5283 :
1823 5226 1974 5284 dein-

315 5369 319 5374 .
402 5345 533 5402 ceps
569 5329 624 5385 in
657 5328 805 5387 aliud
845 5339 1098 5386 narrator
1132 5326 1396 5385 abscedit.

460 5462 482 5495 ι
515 5455 646 5522 Αριιύ
669 5464 768 5508 nm.
791 5457 868 5504 Er.
887 5459 941 5522 et
963 5458 1073 5504 uss.
1096 5449 1284 5522 additur
1303 5447 1400 5510 hic,

459 5523 482 5556 ³
511 5501 841 5576 iliades—iiii,
855 5501 1250 5576 creditis.
1275 5501 1587 5576 angustiam}
1608 5514 1771 5558 tamen
1789 5501 1974 5568 leam

398 5589 456 5632 ut
477 5569 538 5634 tn’
565 5580 786 5638 excusis,
808 5569 1117 5638 credidistis,
1148 5569 1381 5638 colliguu't
1413 5569 1836 5638 mvantgqsesex
1869 5577 1975 5628 pro-

401 5629 535 5704 inita
553 5629 784 5704 sequenti
794 5635 980 5704 capite,
995 5629 1142 5704 meo,
1164 5635 1246 5682 ubi
1260 5629 1394 5704 'dieit.
1417 5645 1430 5680 :
1463 5649 1485 5677 ι
1507 5630 1684 5680 addidit
1721 5629 1892 5689 etiam,
1914 5638 1972 5676 se

409 5693 432 5754 ἀ
453 5702 547 5758 illis
568 5693 766 5754 teireus
779 5693 982 5756 dixisse,
1003 5703 1096 5744 nec
1113 5693 1198 5744 eos
1217 5693 1497 5744 credi-ﬁsse.
1516 5707 1538 5736 ι

999 319 1088 376 DE
1127 309 1580 374 PECCATORUM
1619 305 1895 367 MERITIS
1933 305 2018 364 ET
2057 302 2480 367 REMISSIONE,
2521 299 2577 358 S.
2623 293 2984 354 AUCUSTINI

3521 291 3624 348 lu

2116 414 2340 472 CAPUT
2361 413 2552 469 XXXI.
2568 440 2638 454 ——
2656 411 2742 467 60.
2767 409 2994 465 Christus
3011 413 3164 477 caput
3185 414 3230 460 et
3251 419 3451 474 corpus.
3471 402 3624 460 Chri-
3664 410 3670 417 '

1991 505 1998 512 ’
2043 519 2150 566 stus
2169 508 2228 562 ob
2253 521 2481 579 personae
2503 505 2742 558 unitatem
2769 513 2813 557 et
2837 504 2888 555 in
2915 500 3036 554 cwlo
3062 497 3314 560 manebat,
3343 505 3389 550 et
3415 496 3466 549 in
3490 505 3623 548 terra

2044 597 2411 654 deambulabat.
2455 594 2596 650 Unus
2633 591 2860 648 Christus
2899 590 3146 662 quomodo
3179 586 3417 640 ascendat
3442 585 3495 638 in
3521 600 3624 638 ca:-

2047 687 2170 742 lum.
2199 685 2362 758 Caput
2383 695 2431 740 et
2458 700 2642 754 corpus
2666 699 2797 737 unus
2818 679 3061 735 Christus.
3093 677 3224 734 Cum
3249 691 3379 747 ergo
3398 673 3627 729 Nicoda-

2045 793 2164 833 mus
2201 792 2264 832 ea
2301 791 2419 846 qua:
2453 773 2765 830 dicebautur
2799 787 2905 826 non
2943 768 3281 838 intelligeret,
3310 765 3554 837 quaesivit
3595 779 3626 818 a

2049 867 2273 924 Domino
2305 865 2573 936 quomodo
2615 871 2834 934 possent
2871 862 2967 917 ista
3013 860 3149 915 ﬁeri.
3187 858 3475 914 Videamus
3500 855 3630 926 quid

2048 957 2303 1014 Dominus
2321 957 2388 1011 ad
2408 956 2510 1011 hoc
2531 954 2866 1024 respondeat.
2894 949 3136 1006 Profecto
3158 949 3299 1005 enim
3321 949 3366 1002 si
3387 947 3454 1002 ad
3473 947 3632 1001 inter-

2049 1059 2228 1120 rogata
2259 1046 2582 1119 respondere
2619 1045 2942 1116 dignabitur,
2989 1040 3253 1108 Quomodo
3288 1047 3496 1110 possunt
3531 1037 3633 1091 ista

2051 1139 2194 1210 ﬁeri?
2208 1139 2308 1194 hoc
2321 1137 2560 1193 dicturus
2571 1145 2672 1201 est,
2693 1133 2960 1206 quomodo
2980 1133 3145 1204 possit
3166 1131 3278 1186 ﬁeri
3298 1127 3635 1201 regeneratio

2052 1232 2346 1304 Spiritualis
2371 1229 2636 1286 venientis
2666 1227 2897 1282 hominis
2925 1241 2989 1281 ex
3022 1225 3366 1296 generatione
3401 1219 3631 1276 carnali.

2053 1323 2240 1378 Notata
2273 1323 2451 1392 itaque
2474 1318 2741 1390 paululum
2768 1317 2885 1386 ejus
2921 1315 3208 1386 imperitia,
3239 1315 3329 1386 qui
3374 1327 3433 1368 se
3471 1320 3637 1367 caete-

2053 1417 2128 1470 ris
2152 1415 2219 1472 de
2241 1413 2548 1484 magisterio
2601 1409 2936 1482 prrel'erebat,
2963 1417 3016 1464 et
3049 1407 3287 1463 omnium
3332 1405 3515 1461 talium
3553 1404 3638 1458 in-

2053 1505 2366 1561 credulitate
2390 1501 2739 1573 reprehensa,
2779 1499 2921 1570 quod
2949 1497 3310 1554 testimonium
3351 1510 3456 1549 non
3485 1493 3632 1548 acci-

2054 1605 2244 1668 perent
2259 1595 2528 1660 veritatis;
2551 1593 2754 1648 addidit
2775 1593 2957 1656 etiam,
2977 1605 3035 1645 se
3052 1590 3158 1644 illis
3179 1598 3386 1644 terrena
3407 1586 3650 1650 dixisse,

2055 1703 2156 1744 nec
2183 1702 2276 1743 eos
2301 1685 2614 1751 credidisse,
2643 1700 2890 1756 quaerens
2915 1684 2998 1738 vel
3040 1681 3314 1737 admirans
3362 1679 3633 1751 quomodo

2056 1787 2238 1834 essmt
2261 1777 2498 1833 cmlestia
2528 1771 2802 1851 credituri.
2835 1773 3086 1844 Sequitur
3115 1780 3290 1826 tamen
3313 1779 3368 1826 et
3409 1784 3636 1840 respon.

2056 1870 2168 1936 det,
2201 1867 2342 1939 quod
2368 1867 2459 1922 alii
2487 1865 2772 1931 credent’,
2803 1863 2848 1920 si
2871 1864 2944 1918 illi
2973 1878 3077 1918 non
3116 1861 3362 1924 credunt,
3392 1860 3459 1915 ad
3502 1859 3633 1914 illud

2059 1961 2201 2032 quod
2222 1961 2576 2027 interrogatus
2604 1965 2706 2020 est,
2755 1954 3022 2026 quomodo
3061 1953 3267 2022 possint
3303 1953 3402 2006 ista
3460 1951 3572 2006 ﬁeri
3614 1967 3631 2003 :

2061 2051 2249 2117 Nemo,
2270 2050 2460 2119 inquit,
2489 2047 2714 2102 ascendit
2739 2047 2792 2100 in
2821 2047 3036 2110 caelum,
3069 2044 3166 2098 nisi
3193 2043 3282 2114 qui
3299 2043 3362 2096 de
3379 2042 3502 2096 creto
3543 2042 3638 2095 de-

2059 2142 2272 2209 scendit,
2305 2138 2470 2193 Filius
2497 2136 2736 2203 hominis,
2763 2135 2850 2206 qui
2897 2143 2966 2188 est
2987 2135 3058 2188 in
3093 2133 3238 2188 caelo.
3285 2131 3396 2199 Sic,
3446 2132 3638 2201 inquit,

2063 2233 2154 2288 ﬁet
2177 2231 2448 2303 generatio
2477 2227 2789 2298 spiritualis,
2817 2233 2875 2280 ut
2901 2225 3010 2281 sint
3034 2225 3284 2280 caele-stes
3311 2223 3558 2277 homines
3573 2237 3642 2276 ex

2064 2323 2329 2389 terrenis;
2359 2320 2501 2392 quod
2544 2318 2766 2390 adipisci
2810 2333 2914 2387 non
2956 2323 3224 2387 poterunt,
3252 2315 3355 2369 nisi
3401 2313 3643 2368 membra

2063 2429 2181 2470 mea
2209 2410 2526 2474 el‘ﬁciantur,
2557 2421 2614 2463 ut
2635 2411 2749 2478 ipse
2767 2406 3026 2461 ascendat
3048 2405 3136 2476 qui
3173 2403 3482 2467 descendit;
3518 2403 3645 2472 quia

2065 2521 2226 2561 nemo
2245 2501 2506 2568 ascendit,
2537 2501 2636 2556 nisi
2657 2500 2745 2571 qui
2770 2497 3064 2557 descendit.
3101 2497 3211 2552 Nisi
3258 2511 3388 2566 ergo
3433 2496 3485 2550 in
3518 2497 3642 2550 uni-

2067 2607 2230 2654 tatem
2259 2594 2460 2650 Christi
2509 2586 2696 2648 omnes
2740 2589 2978 2646 mutandi
3023 2588 3340 2658 levandique
3370 2589 3390 2620 '
3419 2603 3643 2641 concur'

2067 2698 2210 2756 rant,
2240 2696 2297 2743 ut
2319 2685 2563 2742 Christus
2601 2684 2689 2754 qui
2735 2681 3014 2739 descendit
3057 2681 3171 2751 ipse
3217 2680 3490 2746 ascendat,
3538 2693 3645 2732 non

2067 2778 2209 2834 aliud
2237 2777 2499 2847 deputans
2520 2790 2712 2844 corpus
2734 2789 2911 2839 suum,
2937 2772 2986 2828 id
3010 2782 3114 2837 est,
3148 2771 3439 2828 Ecclesium
3467 2785 3644 2836 suam,

2068 2885 2226 2941 quam
2253 2884 2314 2924 sc
2341 2868 2546 2938 ipsum;
2591 2865 2713 2936 quia
2741 2865 2807 2919 de
2847 2864 3062 2922 Christo
3105 2872 3160 2917 et
3201 2862 3434 2916 Ecclesia
3468 2862 3649 2916 verius

2069 2961 2396 3032 intelligitur,
2424 2958 2586 3013 Erunt
2613 2957 2714 3012 duo
2737 2957 2792 3011 in
2817 2972 2969 3010 carne
3011 2971 3115 3010 una
3164 2953 3314 3026 (Gen.
3339 2970 3399 3020 ιι,
3430 2952 3544 3022 24);
3579 2952 3650 3010 de

2068 3069 2170 3124 qua
2201 3067 2258 3106 re
2285 3052 2398 3120 ipse
2426 3049 2580 3114 dixit,
2613 3046 2796 3124 Itaque
2826 3048 2935 3116 jam
2962 3063 3062 3100 non
3091 3045 3212 3109 duo,
3243 3046 3334 3099 sed
3385 3061 3488 3098 una
3529 3060 3650 3098 caro

2071 3143 2262 3218 (Marc.
2291 3157 2348 3207 ι,
2383 3140 2439 3208 8)
2469 3157 2481 3194 :
2510 3121 2801 3194 ascendere
2821 3137 3040 3192 omnino
3071 3153 3175 3190 non
3211 3144 3496 3205 poterunt;
3525 3135 3648 3202 quia

2069 3251 2214 3290 nemo
2239 3232 2463 3287 ascendit
2490 3231 2543 3284 in
2571 3230 2772 3294 calum,
2820 3228 2917 3282 nisi
2953 3228 3038 3298 qui
3079 3227 3142 3282 de
3189 3225 3312 3280 caelo
3369 3225 3646 3288 descendit,

2071 3327 2120 3383 F
2121 3327 2242 3383 ilius
2273 3325 2510 3388 hominis,
2541 3324 2628 3396 qui
2652 3331 2722 3376 est
2750 3324 2803 3375 in
2823 3320 2967 3375 calo.
2982 3320 3234 3386 Quamvis
3253 3317 3395 3373 enim
3423 3317 3478 3370 in
3505 3327 3648 3370 terra

2070 3418 2240 3473 lactus
2263 3417 2332 3472 sit
2360 3415 2497 3470 ﬁlius
2521 3413 2778 3481 hominis,
2808 3411 3136 3466 divinitatem
3163 3419 3335 3464 tamen
3368 3421 3518 3462 suam
3542 3422 3644 3476 qua

2071 3511 2126 3567 in
2149 3509 2288 3566 celo
2315 3523 2536 3563 manens
2565 3505 2843 3562 descendit
2871 3503 2937 3556 ad
2979 3511 3195 3567 terram,
3227 3517 3331 3554 non
3377 3499 3649 3568 indignam

2070 3603 2281 3660 censuit
2309 3601 2528 3656 nomine
2552 3597 2644 3652 ﬁlii
2673 3595 2922 3662 lmininis,
2955 3595 3092 3649 sicut
3135 3584 3353 3647 cainem
3394 3605 3542 3645 suam
3568 3588 3652 3642 di-

2071 3705 2260 3769 gnatus
2281 3703 2362 3751 est
2386 3680 2602 3748 nomine
2623 3689 2717 3743 ﬁlii
2757 3688 2870 3750 Dei,
2891 3702 2958 3742 ne
2975 3685 3126 3756 quasi
3156 3685 3262 3738 duo
3287 3681 3482 3739 Christi
3507 3681 3606 3735 ista
3628 3681 3651 3712 ⁸

2071 3786 2398 3856 accipiantur
2421 3781 2520 3854 (a),
2552 3795 2688 3834 unus
2720 3779 2878 3842 Deus,
2911 3785 2964 3832 et
2992 3776 3128 3830 alter
3157 3776 3320 3828 homo
3348 3791 3362 3828 :
3394 3772 3486 3827 sed
3515 3789 3649 3826 unus

2071 3890 2232 3950 atque
2254 3876 2394 3933 idem
2423 3875 2560 3929 Deus
2580 3882 2634 3928 et
2655 3871 2848 3936 hanno;
2877 3871 3035 3934 Deus,
3061 3867 3180 3936 quia
3202 3866 3255 3920 in
3276 3865 3528 3935 principio
3541 3873 3651 3916 erat

2080 3969 2298 4025 Verbum
2322 4008 2336 4030 ,
2368 3975 2415 4022 et
2446 3963 2664 4019 Verbum
2709 3969 2816 4016 erat
2866 3957 3004 4029 apud
3045 3957 3229 4023 Deum,
3276 3965 3324 4010 et
3361 3953 3502 4008 Deus
3539 3963 3653 4006 erat

2083 4061 2333 4125 Verbum;
2362 4059 2543 4121 homo,
2573 4053 2695 4125 quia
2727 4051 2941 4106 Verbum
2976 4065 3095 4103 caro
3118 4053 3310 4120 factum
3336 4055 3408 4100 est
3426 4087 3440 4110 ,
3485 4055 3530 4099 et
3556 4047 3653 4098 ha-

2073 4153 2245 4209 bitauit
2265 4151 2318 4205 in
2348 4149 2490 4204 nobis
2515 4145 2690 4218 (Joan.
2715 4160 2752 4210 ι,
2780 4144 2831 4208 l,
2856 4138 2965 4214 id).
2995 4143 3070 4195 Ac
3091 4155 3186 4210 per
3210 4137 3312 4192 hoc
3336 4152 3430 4206 per
3451 4136 3655 4203 distan-

2076 4248 2202 4303 tiam
2227 4241 2520 4299 divinitatis
2543 4247 2602 4296 et
2629 4235 2953 4292 inﬁrmitatis
2979 4234 3118 4286 lilius
3174 4231 3265 4286 Dei
3315 4230 3560 4284 manebat
3599 4230 3651 4281 in

2074 4337 2234 4400 caelo.
2259 4334 2398 4388 illius
2429 4331 2660 4386 hominis
2702 4327 3007 4383 ambulabat
3043 4325 3096 4378 in
3126 4331 3265 4378 terra
3299 4339 3312 4375 :
3346 4337 3440 4391 per
3479 4322 3656 4374 unita-

2075 4438 2180 4485 tem
2230 4441 2356 4482 vero
2403 4437 2689 4495 personat,
2739 4433 2845 4490 qua
2886 4426 3109 4484 utraque
3161 4407 3456 4468 substantia
3513 4426 3652 4464 unus

2073 4518 2314 4576 Christus
2359 4521 2463 4580 est,
2503 4523 2558 4568 et
2585 4511 2724 4566 ﬁlius
2781 4509 2873 4564 Dei
2923 4505 3227 4560 ambulabat
3281 4504 3358 4559 in.
3387 4513 3548 4566 terra,
3595 4511 3652 4556 ct

2074 4609 2214 4664 idem
2241 4606 2353 4676 ipse
2373 4603 2513 4658 ﬁlius
2535 4599 2767 4656 hominis
2809 4599 3056 4654 manebat
3099 4596 3150 4650 in
3207 4595 3364 4650 caelo.
3398 4593 3484 4648 Fit
3519 4608 3651 4662 ergo

2074 4698 2469 4758 credibiliorum
2491 4693 2624 4748 ﬁdes
2649 4690 2671 4724 ‘
2696 4707 2762 4746 ex
2789 4687 3272 4745 incredibilinribus
3314 4684 3554 4739 creditis.
3589 4685 3650 4739 Si

2074 4790 2214 4848 enim
2238 4785 2414 4843 divina
2435 4783 2730 4839 substantia
2760 4781 2916 4850 longe
2940 4779 3222 4833 distantior
3246 4787 3409 4845 atque
3445 4775 3656 4828 incom-

2073 4879 2296 4953 parabili
2322 4875 2635 4932 diversitate
2663 4849 2960 4934 sublimior,
3001 4867 3175 4938 potuit
3197 4849 3416 4936 propter
3439 4879 3536 4919 nos
3577 4865 3650 4918 ita

2074 4972 2346 5040 suscipere
2391 4967 2676 5020 humanam
2733 4959 3105 5022 substantiam,
3155 4965 3216 5011 ut
3277 4971 3379 5010 una
3422 4969 3657 5024 persona

2076 5065 2247 5126 ﬁeret,
2274 5076 2335 5115 ac
2363 5057 2441 5112 sic
2463 5055 2600 5110 ﬁlius
2628 5052 2860 5108 hominis
2887 5051 2980 5119 qui
3000 5059 3120 5104 erat
3147 5049 3200 5100 in
3231 5057 3370 5101 terra
3405 5061 3502 5115 per
3527 5058 3654 5098 car-

2076 5155 2159 5210 nis
2185 5151 2567 5208 inﬁrmitatcm.
2593 5145 2732 5199 idem
2757 5144 2870 5211 ipse
2900 5149 3044 5195 esset
3067 5137 3276 5192 incalo
3305 5151 3402 5205 per
3433 5135 3654 5204 partici-

2076 5254 2251 5318 patam
2276 5240 2424 5296 carni
2447 5235 2776 5294 divinitatem
2809 5247 2822 5285 :
2849 5239 3052 5302 quanto
3071 5225 3384 5285 credibilius
3413 5224 3504 5279 alii
3545 5223 3648 5278 ho-

2138 5379 2157 5412 ί
2193 5383 2243 5426 ιιι
2264 5381 2388 5434 atas,
2413 5367 2630 5422 credant.

2137 5441 2160 5471 θ
2191 5447 2293 5486 nn.
2319 5443 2372 5484 et
2392 5439 2486 5490 ετ..
2511 5425 2797 5498 taman
2824 5439 2842 5478 ε
2865 5423 3144 5498 malem,

2141 5499 2163 5532 ³
2183 5507 2286 5548 Am.
2309 5503 2362 5546 et
2387 5487 2496 5544 Lor.
2521 5505 2582 5543 ne
2603 5487 2742 5556 quasi
2759 5487 2857 5539 duo
2873 5487 3060 5556 (stu-isti
3071 5487 3414 5556 accipiamur:
3438 5487 3621 5534 omisso
3637 5512 3656 5538 ι

2422 5649 2701 5745 animle:
2715 5649 3282 5726 'i-‘ésibiiB'iimmm
3306 5674 3400 5719 est.
