4002 6180
367 321 473 381 ιιδ

362 439 540 492 mines
569 431 740 486 sancti
767 438 822 487 et
850 429 1037 485 ﬁdeles
1063 428 1180 498 ejus
1204 428 1336 482 ﬁunt
1356 442 1474 481 cum
1502 424 1716 480 homine
1737 422 1949 479 Christo

362 541 503 581 unus
526 521 798 585 Christus,
828 529 887 574 ut
913 518 1163 573 omnibus
1191 532 1285 587 per
1308 516 1423 587 ejus
1454 515 1591 569 hanc
1607 513 1830 586 gratiam
1862 527 1949 565 so-

363 619 722 684 cietatemque
796 609 1245 674 ascendentibus,
1326 609 1439 678 ipse
1512 621 1647 662 unus
1708 604 1952 660 Christus

364 708 624 766 ascendat
650 707 702 760 in
733 705 950 771 ccelum,
1006 703 1094 773 qui
1139 700 1205 756 de
1235 701 1375 756 coelo
1422 698 1736 754 descendit?
1775 696 1864 752 Sic
1898 703 1954 750 et

368 798 658 868 Apostolus
687 797 760 851 ait
791 814 804 851 :
833 796 983 851 Sicut
1028 795 1081 847 in
1120 809 1224 847 uno
1268 808 1479 864 corpore
1519 789 1678 845 multa
1729 786 1953 842 membra

362 892 626 957 habemus,
652 889 824 943 omnia
840 898 1008 942 autem
1031 886 1255 941 membra
1274 885 1501 953 corporis
1518 900 1633 937 cum
1653 882 1753 937 sint
1772 880 1950 943 multa,

360 997 523 1035 unum
562 990 638 1035 est
656 996 875 1047 corpus;
899 981 973 1033 ita
998 988 1044 1033 et
1071 977 1299 1033 Christus
1334 974 1515 1051 (ICor.
1546 990 1642 1040 xu,
1670 972 1781 1044 I2).
1834 972 1952 1027 Non

360 1073 519 1135 dixit,
550 1071 627 1125 Ita
652 1080 707 1125 et
727 1068 947 1136 Christi,
981 1068 1031 1124 id
1060 1078 1167 1135 est,
1191 1080 1388 1137 corpus
1412 1065 1635 1130 Christi,
1664 1063 1746 1118 vel
1779 1078 1951 1118 mem-

362 1163 461 1218 bra
480 1160 677 1217 Chriin
704 1178 717 1214 ε
744 1160 860 1224 sed,
892 1161 966 1213 ita
988 1168 1034 1213 et
1056 1157 1315 1221 Christus;
1348 1170 1513 1210 unum
1556 1150 1827 1208 Christum
1855 1167 1952 1222 ap-

365 1255 573 1325 pellans
597 1261 758 1321 caput
786 1261 837 1305 et
858 1260 1075 1320 corpus.

435 1342 663 1399 CAPUT
693 1340 909 1396 XXXII.
935 1370 1007 1380 —
1035 1339 1123 1394 (il.
1154 1338 1374 1408 Serpens
1402 1336 1454 1390 in
1484 1335 1678 1389 deserto
1704 1331 1954 1387 exaltatus

363 1426 714 1501 Christum,in
753 1448 900 1485 cruce
938 1429 1233 1501 pendentem
1270 1427 1527 1498 ﬁguravit.
1564 1424 1776 1479 Parvuli
1803 1423 1955 1477 etiam

366 1524 468 1591 ipsi
513 1523 758 1593 serpentis
805 1538 974 1575 morsu
1021 1519 1268 1575 venenati.
1321 1518 1508 1588 Magna
1559 1516 1672 1571 haec
1715 1515 1954 1584 miraque

368 1616 604 1685 dignatio
625 1656 637 1678 ,
670 1630 791 1685 qua:
828 1613 1075 1684 quoniam
1114 1610 1228 1666 ﬁeri
1265 1625 1369 1664 non
1412 1617 1583 1680 potest
1610 1606 1710 1661 nisi
1743 1621 1836 1675 per
1864 1619 1947 1658 re-

370 1706 679 1760 missionem
733 1713 1104 1774 peccatorum,
1148 1701 1415 1771 sequitur,
1445 1708 1498 1753 et
1525 1697 1693 1753 dicit:
1727 1694 1791 1749 Et
1828 1696 1956 1749 sicut

369 1796 579 1868 Jloyses
621 1795 859 1850 exultavit
906 1801 1186 1860 serpentem
1238 1792 1290 1844 in
1333 1790 1561 1856 deserto,
1618 1788 1688 1842 ita
1743 1784 1955 1840 exaltari

368 1896 564 1956 oportet
607 1885 800 1940 Filium
844 1885 1099 1950 hominis;
1142 1892 1197 1937 ut
1236 1883 1397 1937 omnis
1455 1881 1541 1947 qui
1597 1877 1864 1934 crediderit
1902 1877 1955 1930 in

368 1995 480 2032 arm
508 1993 612 2031 non
642 1983 838 2046 pereat,
866 1975 954 2028 sed
977 1974 1158 2028 habeat
1187 1974 1338 2027 vitam
1378 1982 1635 2027 aeternam.
1667 1969 1802 2038 Quid
1832 1977 1957 2023 tunc

369 2071 421 2124 in
464 2069 678 2124 deserto
730 2067 923 2122 factum
972 2066 1081 2132 sit,
1130 2067 1373 2121 novimus
1406 2082 1420 2116 :
1452 2071 1758 2133 serpentum
1810 2076 1957 2115 mor-

367 2160 517 2215 sibus
561 2176 591 2212 ιι
615 2158 709 2212 ulti
754 2157 1155 2221 moriebantur;
1195 2165 1321 2210 tunc
1347 2154 1574 2225 populus
1602 2162 1818 2225 peccata
1859 2166 1955 2206 sua

367 2249 665 2314 conﬁtens,
718 2263 811 2316 per
862 2246 1081 2319 Moysen
1131 2246 1452 2316 deprecatus
1503 2254 1585 2299 est
1638 2243 1951 2308 Dominum,

368 2356 427 2401 ut
456 2344 560 2399 hoc
587 2344 655 2399 ab
693 2343 771 2397 eis
798 2343 943 2396 virus
972 2341 1207 2396 auferret
1243 2356 1256 2393 :
1288 2355 1351 2395 ac
1380 2338 1459 2394 sic
1485 2337 1693 2410 Moyses
1721 2352 1784 2392 ex
1814 2352 1955 2406 pra:-

366 2446 539 2505 cepto.
566 2436 773 2490 Domini
815 2433 1069 2489 exultavit
1116 2432 1169 2487 in
1217 2432 1432 2488 deserto
1477 2444 1685 2484 aeneum
1731 2441 1953 2497 serpen-

368 2538 474 2583 tem
496 2545 512 2592 ;
542 2525 924 2596 admonuitque
946 2525 1220 2594 populum,
1249 2533 1307 2578 ut
1330 2523 1479 2578 illum
1501 2521 1790 2578 exaltatum
1810 2520 1956 2591 quis-

366 2617 490 2687 quis
515 2632 546 2672 a
570 2624 818 2685 serpente
844 2614 1180 2670 morderetur
1206 2613 1506 2669 attenderet
1531 2630 1544 2668 :
1579 2612 1681 2668 huc
1707 2610 1957 2666 facientes

366 2707 620 2762 continuo
648 2705 975 2759 sanabantur
1005 2703 1191 2776 (Num.
1210 2720 1327 2768 xxx,
1361 2703 1502 2774 6-9).
1530 2702 1666 2772 Quid
1695 2710 1778 2757 est
1806 2701 1957 2757 exal-

367 2805 509 2850 tatus
535 2810 780 2864 serpens,
806 2795 907 2850 nisi
929 2810 1072 2850 mors
1091 2793 1310 2860 Christi,
1332 2809 1398 2850 eo
1418 2793 1749 2865 signiﬁcandi
1773 2791 1953 2861 modo,

366 2903 472 2959 quo
501 2903 596 2958 per
630 2887 950 2942 efficientem
979 2886 1030 2940 id
1055 2884 1200 2957 quod
1238 2885 1466 2941 efﬁcitur
1508 2882 1880 2954 signiﬁcatur?
1910 2884 1957 2937 A

365 2988 616 3047 serpente
643 2976 841 3047 quippe
868 2992 1012 3030 mors
1042 2978 1204 3043 venit,
1232 2976 1323 3047 qui
1358 2984 1655 3046 peccatum,
1685 2989 1791 3045 quo
1820 2973 1956 3029 mori

366 3075 685 3131 mereretur,
718 3066 923 3120 homini
965 3067 1245 3136 persuasit.
1273 3065 1530 3121 Dominus
1552 3074 1728 3119 autem
1759 3064 1811 3118 in
1841 3077 1960 3117 car-

364 3146 492 3216 nem
521 3172 674 3212 suam
704 3150 824 3211 non
866 3164 1145 3226 peceatum
1177 3156 1468 3223 transtulit,
1501 3164 1748 3226 tanquam
1792 3169 1956 3209 vene-

368 3265 498 3303 num
532 3248 811 3318 serpentis
853 3266 867 3301 :
914 3246 1009 3317 sed
1056 3255 1234 3302 tamen
1275 3246 1546 3301 transtulit
1585 3253 1849 3308 mortem;
1901 3253 1959 3298 ut

367 3350 518 3397 esset
546 3341 599 3394 in
620 3339 969 3395 similitudine
993 3340 1172 3395 carnis
1209 3338 1409 3408 peccati
1437 3354 1593 3409 poma
1618 3339 1734 3394 sine
1761 3338 1914 3409 culpa
1938 3379 1955 3404 ,

366 3431 511 3499 unde
552 3430 606 3485 in
650 3445 813 3486 carne
839 3430 1048 3502 peceati
1077 3439 1132 3486 et
1173 3430 1329 3500 culpa
1373 3429 1670 3485 solveretur
1697 3440 1751 3486 et
1777 3444 1954 3499 poma.

366 3522 524 3578 Sicut
554 3536 685 3591 ergo
711 3529 859 3583 tunc.
887 3521 978 3592 qui
1017 3520 1379 3591 conspiciebat
1418 3520 1704 3575 exaltatum
1732 3534 1956 3589 serpen-

370 3623 503 3678 tem,
532 3622 585 3667 et
612 3627 645 3666 a
683 3626 893 3667 veneno
931 3610 1239 3678 sanabatur,
1269 3619 1370 3666 eta
1398 3621 1570 3666 morte
1592 3610 1953 3666 liberabatur:

366 3705 447 3755 sic
473 3716 637 3767 nunc,
668 3702 758 3772 qui
800 3700 1164 3757 conformatur
1189 3699 1523 3769 similitudini
1553 3701 1739 3755 mortis
1761 3698 1957 3755 Christi

368 3808 468 3861 per
498 3792 656 3848 ﬁdem
690 3793 1117 3863 baptismumque
1141 3792 1276 3862 ejus,
1307 3799 1414 3846 et-a
1445 3800 1665 3863 peccato
1690 3807 1788 3871 per.
1804 3790 1960 3861 justi-

377 3883 702 3949 ticationem,
731 3894 785 3938 et
812 3898 842 3937 a
871 3891 1043 3938 morte
1075 3898 1167 3952 per
1198 3884 1644 3938 resurrectionem
1681 3882 1956 3939 liberatur.

370 3973 485 4028 Hoc
505 3982 592 4028 est
615 3972 761 4028 enim
791 3973 936 4043 quod
963 3974 1059 4040 ait,
1085 3983 1141 4027 ut
1166 3975 1329 4028 omnis
1346 3974 1434 4044 qui
1462 3975 1620 4029 credit
1636 3975 1690 4028 in
1718 3989 1830 4028 eum
1856 3990 1957 4028 non

372 4074 561 4132 pereat,
582 4063 673 4117 sed
698 4063 877 4117 habeat
901 4063 1053 4119 vitam
1075 4073 1335 4120 veternum.
1363 4064 1500 4131 Quid
1523 4064 1678 4136 igitur
1696 4079 1830 4135 opus
1850 4071 1954 4132 est,

376 4162 435 4207 ut
467 4154 665 4208 Christi
696 4153 855 4209 morti
888 4169 981 4224 per
1008 4155 1337 4225 Baptismum
1365 4154 1732 4211 conformetur
1759 4170 1957 4225 parvus

373 4247 491 4312 Ius,
527 4246 571 4301 si
600 4261 780 4301 morsu
808 4247 1073 4316 serpentis
1114 4263 1222 4302 non
1261 4256 1343 4304 est
1378 4248 1598 4303 omnino
1627 4246 1983 4322 venenatustr

439 4339 665 4396 CAPUT
687 4339 927 4395 XXXIII.
943 4370 1012 4380 —
1024 4339 1116 4396 62.
1140 4339 1307 4395 Nemo
1325 4349 1484 4411 potest
1499 4339 1812 4395 reconciliari
1827 4339 1955 4403 Deo,

372 4430 470 4485 nisi
489 4447 577 4499 per
594 4430 872 4486 Christum.
900 4430 1099 4486 Deinde
1118 4430 1198 4486 sic
1218 4441 1611 4501 consequenter
1629 4429 1760 4486 dicit
1780 4447 1794 4483 :
1820 4427 1959 4483 Deus

370 4522 442 4574 sic
469 4521 645 4575 dilexit
669 4523 911 4577 mundum
932 4564 948 4589 ,
977 4533 1032 4577 ut
1051 4521 1249 4577 Filium
1271 4539 1420 4578 suum
1448 4524 1758 4593 unigenitum
1784 4522 1958 4586 daret;

372 4621 425 4663 sit
448 4613 611 4666 omnis
631 4612 719 4681 qui
743 4612 901 4666 credit
928 4614 980 4676 in
1004 4630 1136 4678 eum,
1159 4629 1259 4668 non
1284 4622 1475 4685 pereat,
1493 4615 1580 4667 sed
1608 4612 1786 4668 habent
1808 4613 1960 4666 vitam

374 4712 630 4757 cumam.
668 4704 945 4761 Perituros
972 4715 1091 4762 erat
1114 4721 1243 4777 ergo
1269 4706 1522 4776 parvulus
1558 4721 1655 4762 nec
1685 4706 1959 4761 habiturus

375 4795 531 4848 viuum
549 4805 829 4863 :eternam,
853 4814 895 4852 st
918 4813 1014 4868 per
1033 4783 1424 4855 sacramentum
1446 4799 1695 4869 Baptismi
1719 4813 1823 4853 non
1843 4813 1961 4854 cre-

371 4884 522 4939 deret
549 4886 603 4940 in
625 4888 642 4918 ¹
667 4888 994 4956 unigenitum
1022 4889 1111 4943 Dei
1137 4888 1349 4955 Filium,
1377 4889 1502 4944 dum
1532 4890 1741 4946 interim
1768 4889 1845 4944 sic
1870 4904 1961 4944 ve-

374 4976 450 5029 nit
478 4986 534 5029 ut
572 4992 680 5032 non
703 4978 904 5046 judicet
931 4979 1220 5045 mundum,
1251 4980 1345 5035 sed
1374 4989 1431 5035 ut
1462 4980 1699 5036 salvetur
1733 4980 1960 5037 mundus

375 5078 468 5131 per
483 5063 656 5134 ipsum
676 5083 690 5118 :
712 5068 1007 5136 praesertim
1027 5069 1149 5138 quia
1166 5070 1428 5140 sequitur,
1447 5079 1502 5124 et
1518 5071 1667 5136 dicit,
1692 5070 1790 5139 Qui
1806 5071 1962 5124 credit

371 5158 424 5208 in
449 5171 585 5219 eum,
613 5172 713 5209 non
734 5156 1036 5227 judicatur:
1064 5160 1148 5228 qui
1170 5169 1338 5214 autem
1367 5177 1468 5215 non
1492 5161 1670 5226 credit,
1683 5162 1798 5232 jam
1825 5162 1963 5227 indi-

374 5254 511 5298 catus
525 5252 632 5309 est;
654 5246 773 5311 quia
786 5262 887 5300 non
906 5246 1115 5301 credidit
1141 5248 1193 5303 in
1215 5249 1415 5304 nomine
1435 5249 1678 5321 unigeniti
1703 5248 1822 5304 Filii
1844 5247 1957 5305 Dei.

374 5337 469 5392 Ubi
500 5352 631 5405 ergo
669 5340 917 5407 parvulos
948 5341 1197 5409 ponimus
1236 5340 1533 5412 baptizatos
1553 5383 1568 5409 ,
1600 5342 1702 5396 nisi
1729 5342 1873 5397 inter
1902 5340 1964 5395 ﬁ-

370 5427 540 5492 deles,
569 5428 709 5483 sicut
746 5430 1005 5485 universre
1034 5431 1231 5501 ubique
1260 5431 1516 5487 Ecclesim
1558 5433 1750 5487 clamat
1778 5442 1962 5488 aucto-

368 5518 542 5572 ritas?
575 5519 712 5589 Ergo
744 5521 881 5575 inter
911 5536 1006 5576 eos
1033 5524 1123 5592 qui
1169 5522 1507 5578 crediderunt
1532 5541 1546 5588 ;
1577 5525 1679 5580 hoc
1713 5525 1854 5580 enim
1884 5525 1963 5580 eis

370 5609 664 5676 acquiritur
707 5624 804 5680 per
851 5611 1101 5666 virtutem
1148 5612 1476 5668 Saeramenli
1522 5622 1577 5668 et
1625 5614 1961 5670 ollerentium

432 5720 451 5750 ‘
489 5718 621 5788 Editi,
638 5732 729 5769 non
748 5721 965 5788 crederet
991 5719 1300 5788 tutiqeuitmn,
1321 5725 1497 5773 omissa
1515 5725 1870 5788 pra-fositione,
1886 5724 1954 5786 in,

364 5792 481 5842 qua:
511 5779 589 5830 hic
622 5790 781 5834 exstat
804 5785 850 5833 in
877 5779 1225 5844 manuscrijtis.

1748 307 1944 364 LIBER
1982 306 2254 363 PRIMUS.

3536 316 3647 373 N6

2064 422 2465 492 reSpousione'm
2498 439 2514 480 :
2540 437 2602 480 ac
2624 437 2721 495 per
2747 424 2848 481 hoc
2870 439 2963 482 eos
2985 420 3073 498 qui
3096 427 3342 500 baptizati
3368 445 3473 486 non
3498 439 3644 500 sunt,

2066 517 2204 571 inter
2225 531 2320 571 eos
2342 516 2432 587 qui
2460 532 2565 571 non
2593 516 2953 573 crediderunt.
2985 519 3155 577 Porro
3179 520 3225 576 si
3252 522 3326 576 illi
3354 521 3444 592 qui
3471 520 3647 597 bapti-

2062 604 2165 659 zati
2196 614 2339 670 sunt,
2369 620 2475 659 non
2501 605 2839 676 judicantur;
2870 608 2956 663 isti
2985 610 3108 679 quia
3136 619 3320 666 carent
3349 610 3643 681 Baptismo,

2056 694 2378 764 judicantur.
2406 694 2557 763 Quod
2602 711 2729 751 vero
2758 696 2996 768 adjungit
3015 740 3030 763 ,
3056 697 3170 753 Hoc
3208 708 3282 754 est
3305 708 3474 754 autem
3492 699 3647 772 judi-

2059 786 2212 851 cium,
2240 786 2359 855 quia
2384 786 2477 841 lua:
2504 788 2636 841 venit
2663 788 2715 841 in
2745 789 3011 853 mundum,
3040 799 3086 844 et
3111 790 3394 844 dilexerunt
3421 791 3646 845 homines

2062 876 2293 929 tenebras
2317 878 2480 949 magis
2504 893 2655 947 quam
2693 878 2855 932 lucem
2878 895 2898 932 :
2922 880 3085 948 unde,
3117 880 3233 934 Lua:
3259 882 3391 935 venit
3416 881 3467 935 in
3494 897 3646 935 mun-

2059 964 2202 1032 dum,
2243 966 2347 1020 nisi
2376 965 2442 1020 de
2470 982 2571 1022 suo
2613 967 2743 1023 dicit
2769 968 3021 1034 adventu,
3066 971 3181 1033 sine
3208 972 3360 1043 cujus
3388 972 3647 1027 adventus

2061 1067 2396 1112 sacramento
2425 1059 2691 1129 quomodo
2714 1061 2919 1131 parvuli
2962 1077 3083 1118 esse
3113 1063 3356 1118 dicuntur
3392 1065 3443 1119 in
3486 1064 3646 1120 luce?

2058 1148 2165 1202 Aut
2186 1148 2453 1219 quomodo
2477 1165 2581 1204 non
2602 1161 2657 1206 et
2683 1150 2785 1207 huc
2805 1152 2858 1206 in
2885 1151 3170 1208 dilectione
3193 1155 3528 1210 tenebrarum
3552 1154 3642 1209 ha-

2060 1237 2229 1306 bent,
2261 1239 2348 1309 qui
2381 1241 2828 1310 quemadmodum
2858 1242 2961 1313 ipsi
3008 1258 3116 1299 non
3161 1244 3404 1313 credunt,
3437 1247 3515 1302 sic
3542 1263 3677 1305 nec.

2060 1329 2408 1401 baptizandus
2452 1347 2578 1387 suos
2621 1334 2865 1403 parvulos
2909 1334 3268 1402 arbitrantur,
3308 1336 3524 1408 quando
3564 1338 3644 1394 eis

2060 1433 2288 1478 mortem
2320 1424 2563 1493 corporis
2607 1426 2838 1481 timent?
2870 1426 2936 1482 In
2968 1426 3076 1482 Deo
3097 1435 3299 1504 autem
3342 1428 3469 1484 dicit
3507 1428 3645 1499 facta

2060 1529 2214 1582 opera
2241 1517 2372 1584 ejus,
2400 1514 2489 1584 qui
2506 1516 2637 1569 venit
2655 1516 2723 1570 ad
2741 1517 2901 1571 lucem
2921 1534 2945 1583 ;
2966 1521 3089 1589 quia
3111 1519 3357 1591 intelligit
3376 1519 3643 1591 justiﬁes-

2062 1605 2259 1657 tionem
2288 1620 2439 1659 suam
2471 1620 2577 1661 non
2607 1606 2673 1662 ad
2712 1623 2807 1662 sua
2834 1610 3047 1676 merita,
3074 1609 3166 1665 sed
3207 1610 3272 1666 ad
3300 1611 3393 1667 Dei
3417 1613 3642 1683 gratiam

2061 1696 2347 1765 pertinere.
2380 1695 2523 1752 Deus
2544 1708 2614 1754 est
2635 1690 2787 1764 enim,
2818 1700 2992 1772 inquit
3012 1701 3318 1772 Apostolus,
3354 1705 3440 1774 qui
3460 1721 3643 1772 apera-

2061 1795 2142 1838 tur
2180 1786 2233 1839 in
2273 1788 2410 1841 vobis
2440 1788 2457 1819 ι
2497 1796 2542 1841 et
2584 1788 2712 1843 velle
2747 1799 2794 1845 et
2832 1792 3069 1861 cperari,
3100 1808 3193 1863 pro
3233 1793 3363 1848 bona
3392 1795 3648 1850 voluntate

2061 1875 2079 1945 (
2109 1873 2342 1945 Philipp.
2376 1892 2434 1939 ιι,
2465 1878 2576 1947 is).
2604 1877 2716 1933 Hoc
2744 1879 2910 1936 modo
2930 1895 3058 1950 ergo
3087 1882 3146 1936 ﬁt
3169 1883 3405 1937 omnium
3435 1898 3501 1938 ex
3527 1899 3646 1940 car-

2061 1965 2168 2019 nali
2197 1967 2543 2035 generatione
2566 1967 2637 2022 ad
2663 1968 2930 2024 Christum
2959 1971 3282 2026 venientium
3310 1976 3644 2043 regeneratio

2059 2059 2369 2129 spiritualis.
2393 2058 2511 2128 Ipse
2539 2061 2640 2116 hoc
2662 2064 2889 2132 aperuit,
2919 2064 3034 2137 ipse
3064 2066 3395 2132 monstravit,
3424 2081 3546 2122 eum
3574 2068 3645 2121 ab

2059 2164 2124 2205 eo
2154 2147 2491 2220 quaereretur
2534 2153 2799 2221 quomodo
2842 2163 3059 2224 possent
3102 2154 3198 2210 ista
3245 2155 3395 2222 ﬁeri;
3442 2157 3643 2212 nemini

2061 2241 2345 2297 humanam
2373 2245 2885 2314 argumentationem
2918 2245 2970 2300 in
2998 2245 3098 2302 hac
3121 2262 3279 2303 causa
3310 2247 3529 2304 liberam
3563 2247 3641 2305 fo-

2058 2334 2178 2389 cit:
2233 2350 2337 2389 non
2383 2335 2726 2391 alienentur’
2773 2337 2974 2407 parvuli
3018 2353 3048 2392 a
3096 2339 3267 2410 gratia
3311 2340 3645 2396 remissionis

2062 2433 2423 2495 peccatorum.
2454 2425 2568 2481 Non
2600 2425 2753 2481 aliter
2783 2428 3039 2482 transitur
3064 2428 3130 2484 ad
3155 2427 3454 2497 Christum;
3482 2445 3643 2486 nemo

2060 2515 2215 2570 aliter
2241 2524 2418 2586 potest
2449 2516 2557 2572 Deo
2582 2516 2916 2573 reconciliari
2944 2526 2999 2574 et
3023 2517 3090 2574 ad
3117 2518 3286 2575 Deum
3309 2520 3512 2588 venire,
3543 2521 3643 2577 nisi

2061 2622 2156 2679 per
2181 2605 2473 2663 Christum.

2129 2695 2353 2754 CAPUT
2386 2698 2623 2755 XXXIV.
2650 2730 2721 2740 —
2746 2701 2832 2757 65.
2865 2701 3116 2774 Baptismi
3143 2702 3346 2774 forma,
3377 2719 3465 2759 seu
3494 2705 3638 2758 ritus.

2060 2788 2411 2845 Exoreismus.
2451 2789 2659 2862 Duplex
2696 2794 2760 2847 de
2800 2794 3025 2864 parvulis
3066 2811 3227 2849 error.
3269 2794 3407 2862 Quid
3434 2794 3503 2851 de
3532 2796 3645 2866 ipsa

2061 2880 2231 2936 forma
2274 2883 2590 2937 sacramenti
2631 2883 2862 2954 loquar?
2918 2884 3116 2941 Vellem
3159 2886 3350 2956 aliquis
3394 2887 3642 2952 istorum,

2059 2971 2150 3041 qui
2192 2972 2457 3027 contraria
2493 2973 2740 3043 sapiunt,
2781 2973 2909 3028 mihi
2958 2975 3331 3045 baptizandum
3368 2976 3643 3046 parvulum

2059 3062 2291 3120 afferret.
2321 3064 2456 3132 Quid
2497 3064 2549 3119 in
2596 3064 2688 3120 illo
2737 3066 2846 3136 agit
2893 3062 3453 3134 exorcismus‘meus,
3502 3068 3551 3123 si
3591 3068 3644 3122 iu

2060 3155 2257 3212 familia
2290 3155 2489 3212 diaboli
2529 3172 2636 3212 non
2679 3156 2932 3213 tenetur?
2969 3158 3086 3230 Ipse
3122 3167 3266 3215 certe
3306 3159 3437 3214 mihi
3477 3157 3649 3215 fuerat

2060 3262 2414 3318 responsurus
2470 3262 2567 3318 pro
2626 3248 2816 3304 eodem
2879 3250 3098 3319 parvulo
3155 3266 3316 3321 quem
3369 3259 3643 3322 gestaret,

2060 3339 2184 3409 quia
2230 3355 2324 3409 pro
2364 3354 2423 3395 se
2466 3338 2558 3394 ille
2595 3340 2920 3411 respondere
2969 3355 3075 3397 non
3122 3349 3320 3412 posset.
3367 3342 3646 3411 Quomodo

2060 3445 2189 3501 ergo
2229 3430 2470 3486 dicturus
2516 3439 2632 3486 erat
2677 3446 2797 3487 eum
2845 3432 3152 3489 renuntiare
3197 3433 3445 3502 diabolo,
3494 3434 3648 3505 cujus

2060 3521 2113 3576 in
2154 3535 2222 3576 eo
2266 3520 2395 3575 nihil
2440 3522 2625 3577 esset?
2665 3520 2944 3590 Quomodo
2981 3523 3219 3579 converti
3262 3524 3329 3579 ad
3367 3525 3531 3581 Deum
3557 3566 3570 3590 ,
3614 3542 3643 3577 ιι

2059 3624 2165 3679 quo
2196 3625 2302 3665 non
2329 3619 2472 3666 esset
2500 3611 2763 3667 aversus?
2787 3612 3009 3669 credere
3033 3613 3171 3670 inter
3197 3622 3390 3670 cartera
3420 3614 3441 3646 ³
3464 3616 3648 3671 remis-

2059 3699 2268 3755 sionem
2314 3709 2675 3772 peccatorum,
2721 3718 2842 3773 qua:
2869 3703 2943 3758 illi
2970 3704 3116 3760 nulla
3146 3704 3507 3769 tribueretur?
3533 3706 3644 3778 Ego

2059 3789 2273 3861 quidem
2306 3791 2350 3845 si
2375 3800 2560 3847 contra
2589 3792 2704 3865 haec
2740 3807 2862 3848 eum
2905 3795 3105 3850 sentire
3131 3795 3514 3863 existimarem,
3544 3811 3648 3853 nec

2059 3878 2126 3934 ad
2178 3879 2521 3936 Sacramenta
2571 3874 2973 3952 cum‘parvulo'
3001 3884 3198 3940 intrare
3240 3885 3640 3956 permitterem:

2056 3969 2175 4039 ipse
2198 3980 2376 4026 autem
2406 3970 2458 4026 iu
2493 3972 2591 4028 hoc
2620 3988 2720 4042 qua
2749 3972 2925 4029 fronte
2953 3973 3019 4029 ad
3046 3973 3446 4045 hominesqua
3466 3983 3645 4032 mento

2059 4061 2126 4115 ad
2158 4062 2325 4118 Deum
2355 4077 2414 4119 se
2440 4061 2626 4132 ferret,
2659 4064 2883 4135 ignoro;
2915 4066 3167 4129 nec,Volo
3193 4065 3394 4137 aliquid
3430 4067 3645 4137 gravius

2060 4148 2261 4205 dicere.
2307 4151 2518 4208 Falsam
2548 4153 2707 4223 igitur
2732 4154 2816 4209 vel
2847 4153 3252 4212 fallacemtradi
3277 4155 3512 4225 parvulis
3537 4155 3646 4212 Ba-

2061 4242 2326 4312 ptismatis
2347 4244 2569 4299 formam
2593 4244 2645 4300 in
2664 4260 2766 4314 qua
2787 4254 3003 4301 sonaret
3021 4253 3183 4315 atque
3204 4246 3287 4318 agi
3311 4246 3580 4303 videretur
3599 4246 3640 4309 ⁸.

2059 4340 2115 4387 et
2141 4339 2316 4389 tamen
2358 4334 2497 4389 nulla
2525 4334 2682 4391 ﬁeret
2717 4335 2964 4391 remissio
3001 4346 3372 4410 peccatorum,
3399 4337 3650 4395 viderunt

2062 4424 2226 4494 aliqui
2255 4438 2440 4479 eorum
2467 4424 2597 4480 nihil
2626 4426 3007 4483 exsecrabilius
3045 4426 3502 4485 aedetestabilius
3542 4429 3647 4491 dici

2062 4532 2218 4587 pnase
2260 4527 2419 4588 atque
2457 4518 2665 4573 sentiri.
2711 4518 2942 4577 Proinde
2980 4521 3348 4593 qstodattinet
3374 4525 3441 4580 ad
3467 4524 3657 4594 Bapti-

2063 4624 2233 4664 sutum
2257 4610 2617 4680 parvulorum,
2643 4620 2701 4666 ut
2720 4612 2799 4667 eis
2816 4613 2887 4668 sit
2908 4616 3260 4681 accesserim,
3283 4616 3649 4687 redemptione

2065 4705 2192 4776 ipsis
2223 4705 2384 4758 etiam
2408 4717 2545 4773 opus
2569 4718 2691 4760 esse
2717 4704 3040 4772 concedunt,
3069 4707 3208 4763 sicut
3235 4706 3513 4778 cujusdam
3552 4724 3648 4764 eo-
3712 4719 3714 4722 '
3810 4777 3818 4794 ν

2063 4810 2182 4850 ι·ιιιιι
2212 4793 2391 4849 libello
2418 4793 2737 4849 brevissimo
2771 4795 3118 4853 continetur:
3144 4796 3234 4866 qui
3260 4804 3437 4853 tamen
3464 4796 3534 4852 ibi
3556 4804 3651 4852 ’re-

2064 4883 2374 4940 missionem
2403 4883 2629 4953 alicujus
2652 4886 2860 4955 peccati
2885 4887 3124 4956 apertius
3134 4887 3441 4959 exprimere
3460 4871 3680 4981 uomit."

2063 4975 2212 5030 Sicut
2234 4984 2412 5029 autem
2444 4973 2575 5029 mihi
2598 4975 2714 5044 ipse
2738 4976 2930 5033 litteris
2961 4977 3242 5043 intimasti,
3271 4978 3503 5033 fatentur
3516 4978 3662 5058 jam,-

2065 5066 2310 5133 ntdicis,
2345 5068 2507 5122 etiam
2533 5067 2586 5122 in
2618 5069 2853 5137 parvulis
2880 5084 2977 5139 per
3007 5070 3336 5139 Baptismum
3380 5053 3701 5127 remissio-ut

2066 5172 2187 5213 nem
2218 5157 2714 5228 ﬁeri'peecatorutn.
2743 5148 2859 5214 Nee
2877 5159 3067 5213 mirum
3092 5176 3107 5213 :
3139 5174 3245 5215 non
3272 5161 3413 5216 enim
3444 5161 3657 5218 redem-
3684 5164 3687 5171 λ

2068 5247 2176 5317 ptio
2199 5246 2306 5302 alio
2329 5247 2488 5303 modo
2508 5255 2690 5318 posset
2712 5247 2956 5317 intelligi.
2983 5246 3107 5303 Non
3131 5257 3296 5304 tamen
3320 5251 3650 5323 originaliter,

2130 5342 2147 5389 ί
2181 5356 2320 5420 Edid,
2342 5355 2497 5407 nobis.
2512 5355 2733 5420 Nonnulli
2758 5358 3091 5420 manuscripti,
3107 5355 3252 5410 vobis.

2129 5416 2332 5491 fodio,
2356 5424 2413 5468 ut
2434 5429 2528 5467 non
2544 5416 2831 5469 alienantur.
2857 5416 3088 5470 Partieula
3106 5458 3121 5481 ,
3146 5425 3198 5472 ut
3217 5456 3232 5482 ,
3252 5419 3395 5475 abest
3427 5434 3456 5474 ι
3478 5435 3651 5474 manu-

2065 5491 2159 5618 ΪἿ
2163 5485 2507 5618 pilarum-1
2519 5539 3040 5618 Actaeaeacteae;
3063 5542 3450 5618 "exsomnes
3475 5553 3574 5618 stn-
3604 5552 3657 5597 οι

2068 5608 2172 5677 ιὶιξἈἱ
2600 5598 2945 5677 peccatorum;
2966 5604 3153 5677 adjeeta
3169 5604 3267 5656 illic
3280 5607 3623 5677 [rzepgsitione
3639 5638 3657 5666 ,

2067 5675 2178 5772 (ιξὲ
2203 5663 2343 5773 ﬁt:
2366 5674 2393 5711 a
2417 5663 2753 5727 manuscriptis
2769 5701 2783 5725 ,
2809 5671 2861 5715 et
2884 5663 3060 5717 merito
3084 5663 3325 5730 espuucia
3359 5663 3448 5719 fuit
3466 5681 3555 5731 per
3577 5663 3659 5721 L0.-

2073 5739 2096 5771 ι·
2165 5738 2214 5773 te
2290 5766 2295 5771 ,
2338 5760 2347 5769 .

2138 5786 2158 5816 δ
2192 5786 2265 5835 sic
2284 5791 2389 5836 Mss.
2416 5791 2469 5837 At
2494 5784 2628 5849 editi,
2652 5795 2840 5840 sonaret
2863 5787 2992 5854 quod
3017 5788 3176 5854 utique
3192 5788 3273 5854 agi
3304 5788 3565 5845 videretur.
