4002 6180
375 295 477 350 147

377 405 639 474 inquiunt,
664 403 752 469 ml
773 402 826 456 in
846 402 946 456 uita
956 402 1068 471 jam
1089 399 1312 469 propria,
1338 406 1656 467 posteaquam
1680 396 1786 449 nati
1804 404 1939 456 sunt.

379 504 636 567 peccatum
661 494 838 549 habere
861 500 1131 562 coeperunt.

448 587 536 643 64.
560 584 912 652 Quamobrem
935 581 1083 635 vides
1099 587 1347 650 quantum
1364 577 1472 648 jam
1490 577 1650 631 distet
1671 576 1808 629 inter
1827 589 1942 644 eos,

379 683 565 730 contra
592 687 725 745 quos
749 674 799 728 in
829 672 930 726 hoc
957 684 1117 739 opere
1156 669 1246 723 diu
1279 667 1388 737 jam
1418 666 1747 735 multumque
1773 663 1943 719 disse~

378 764 483 829 rui,
514 776 738 832 quorum
764 760 921 816 etiam
948 758 1102 813 unius
1130 757 1229 827 legi
1254 757 1443 810 librum
1474 770 1534 810 ea
1562 755 1942 819 continentem,

378 867 501 921 qua:
520 860 579 905 ut
605 850 747 920 potui
771 848 1015 905 refutari.
1048 848 1189 902 inter
1218 846 1347 900 istos
1370 859 1516 914 ergo,
1546 852 1604 898 ut
1628 843 1805 898 dicere
1832 858 1944 898 cm-

276 992 289 1005 ,
377 955 582 1010 peram,
610 939 696 1008 qui
740 939 956 993 omnino
984 936 1226 1007 parvulos
1252 934 1320 989 ab
1344 933 1485 989 omni
1518 940 1729 1003 peccato
1764 940 1819 986 ct
1842 932 1947 986 ori-

377 1029 537 1099 ginali
579 1037 633 1083 ct
660 1028 873 1096 proprio
901 1041 1059 1096 puros
1084 1034 1138 1080 et
1174 1026 1370 1080 liberos
1395 1039 1513 1078 esse
1539 1022 1845 1083 defendunt,
1892 1030 1947 1075 et

375 1118 510 1173 istos
541 1117 633 1187 qui
671 1131 765 1171 eos
785 1116 894 1185 jam
941 1124 1094 1169 natos
1136 1115 1349 1184 pr0pria
1394 1119 1581 1182 putant
1620 1110 1945 1165 contraxisse

377 1219 613 1276 peccata,
640 1221 669 1259 a
710 1205 901 1274 quibus
924 1220 1016 1260 eos
1044 1203 1269 1258 credunt
1294 1219 1386 1272 per
1429 1203 1748 1271 Baptismum
1789 1214 1947 1275 Opor-

381 1272 495 1350 tere
523 1272 753 1364 purgari,
778 1301 1035 1365 quantum
1061 1292 1268 1347 intersit
1291 1291 1459 1346 vides.
1485 1290 1710 1345 Proinde
1737 1290 1820 1342 isti
1852 1272 1945 1358 po-

380 1384 633 1438 steriores
662 1382 913 1437 intuendo
939 1382 1237 1453 Scripturas
1263 1421 1277 1445 ,
1304 1390 1358 1437 et
1394 1380 1756 1435 auctoritatem
1785 1380 1944 1432 totius

383 1472 636 1526 Ecclesia:
656 1512 671 1538 ,
700 1480 753 1526 et
781 1470 1002 1527 formam
1041 1471 1206 1541 ipsius
1242 1469 1567 1525 Sacramenti
1588 1510 1603 1535 ,
1634 1469 1768 1523 bene
1794 1468 1944 1522 vide-

377 1568 503 1615 runt
532 1576 625 1631 per
654 1562 974 1631 Baptismum
1005 1561 1056 1615 in
1083 1560 1313 1630 parvulis
1356 1569 1689 1629 peccatorum
1720 1557 1829 1612 fieri
1858 1572 1945 1612 re-

378 1651 682 1706 missionem
709 1669 722 1704 :
755 1652 845 1706 sed
874 1651 1126 1721 originale
1152 1666 1271 1705 esse
1299 1652 1338 1717 ¹,
1366 1649 1616 1720 quidquid
1642 1648 1765 1703 illud
1794 1647 1845 1700 in
1867 1648 1945 1702 eis

378 1750 479 1807 est,
524 1741 605 1794 vel
652 1741 834 1795 nolunt
862 1741 1070 1804 dicere,
1101 1741 1181 1794 vel
1222 1754 1325 1793 non
1355 1747 1596 1808 possunt.
1646 1737 1724 1791 llli
1767 1745 1943 1791 autem

377 1832 583 1900 priores
612 1830 660 1883 in
690 1831 799 1899 ipsa
844 1840 1029 1885 natura
1074 1830 1297 1884 humana
1319 1871 1334 1893 ,
1362 1844 1480 1899 qua:
1509 1829 1576 1883 ab
1601 1828 1848 1883 omnibus
1889 1834 1946 1881 ut

375 1918 744 1973 consideretur
768 1920 819 1973 in
852 1928 1095 1989 promptu
1123 1928 1223 1982 est,
1254 1919 1388 1972 bene
1412 1917 1674 1982 viderunt,
1703 1917 1841 1986 quod
1871 1915 1946 1970 fa-

379 2009 480 2062 cile
510 2007 627 2073 fnit,
660 2017 867 2062 aetatem
896 2009 1039 2062 illam
1086 2010 1139 2061 in
1167 2023 1260 2062 sua
1282 2007 1391 2076 jam
1429 2007 1534 2062 vita
1566 2008 1773 2076 prepria
1812 2006 1944 2060 nihil

374 2098 578 2168 peccali
607 2100 843 2167 potuisse
868 2098 1181 2153 contrahere
1212 2116 1226 2152 :
1257 2098 1350 2152 sed
1394 2112 1460 2150 ne
1486 2105 1757 2165 peccatum
1784 2097 1945 2167 origi-

376 2187 495 2243 naie
523 2186 805 2256 fateantur,
835 2190 1037 2243 nullum
1058 2203 1176 2245 esse
1199 2189 1415 2242 omnino
1442 2197 1712 2256 peccatum
1740 2187 1792 2241 in
1821 2204 1942 2257 par-

335 2312 338 2315 η
380 2277 522 2332 vulis
549 2277 747 2332 dicunt.
794 2277 849 2331 lu
878 2279 959 2333 his
983 2293 1109 2347 ergo
1146 2293 1264 2348 quae
1308 2278 1510 2348 singula
1536 2293 1660 2331 vera
1688 2277 1867 2332 dicunt
1896 2280 1939 2345 ²,

382 2369 528 2439 prius
566 2370 704 2424 inter
726 2384 783 2423 se
809 2370 908 2439 ipsi
951 2372 1318 2432 consentiant,
1348 2378 1401 2422 ct
1440 2376 1827 2438 consequenter
1853 2368 1944 2422 liet

375 2460 670 2534 ut‘a'nobis
698 2459 842 2513 nulla
873 2474 936 2514 ex
968 2467 1116 2528 parte
1155 2458 1483 2513 dissentiant.
1515 2458 1644 2512 Nam
1674 2458 1718 2512 si
1747 2473 1943 2527 parvu-

374 2557 443 2612 lis
460 2558 739 2627 baptizatis
764 2558 1131 2613 remissionem
1158 2557 1269 2611 lieri
1297 2544 1626 2625 peccatorum
1650 2555 1945 2610 concedant

373 2647 449 2702 illi
476 2648 629 2713 istis;
657 2647 902 2717 parvulos
926 2655 1124 2713 autem,
1154 2655 1212 2701 ut
1240 2647 1349 2716 ipsa
1379 2653 1560 2698 natura
1589 2645 1640 2698 in
1671 2644 1842 2699 tacitis
1871 2646 1943 2698 in-

374 2737 605 2792 fantibus
630 2739 865 2805 clamat,
895 2754 1008 2792 sua:
1047 2737 1167 2792 vitae
1210 2736 1435 2807 propria:
1473 2736 1495 2767 ⁸
1520 2735 1723 2790 nullum
1769 2736 1942 2791 adhuc

340 2894 344 2897 Α
376 2828 703 2882 centraxisse
723 2834 995 2897 peccatum
1021 2825 1312 2881 concedant
1335 2824 1420 2879 isti
1445 2824 1547 2879 illis
1565 2823 1589 2857 ⁸
1611 2842 1624 2878 :
1645 2824 1943 2880 concedent

373 2914 583 2986 utrique
611 2916 784 2984 nobis,
812 2917 1010 2971 nullum
1037 2915 1137 2970 nisi
1164 2914 1419 2985 originale
1440 2925 1660 2979 restare,
1687 2914 1824 2986 quod
1848 2930 1942 2984 per

374 3004 696 3076 Baptismum
722 3007 961 3061 solvatur
988 3007 1041 3060 in
1070 3006 1321 3075 parvulis.

442 3093 669 3150 CAPUT
696 3093 911 3149 XXXV.
942 3125 1011 3135 —
1033 3094 1122 3149 65.
1162 3092 1228 3146 In
1263 3095 1486 3161 parvulis
1509 3110 1607 3149 non
1635 3106 1738 3149 esse
1761 3112 1938 3165 pecca-

375 3192 480 3235 tum
520 3184 740 3251 propria
762 3184 893 3238 uiue.
924 3182 1006 3236 An
1035 3196 1162 3237 vero
1189 3191 1243 3236 et
1288 3181 1391 3237 hoc
1432 3184 1685 3253 qumritur
1708 3184 1750 3251 ⁸,
1792 3194 1846 3240 et
1873 3185 1940 3241 de

373 3271 476 3327 hoc
495 3270 810 3340 disputaturi
837 3280 891 3326 et
915 3279 1121 3341 tempus
1139 3270 1204 3325 ad
1231 3270 1330 3326 hoc
1349 3271 1634 3341 impcnsuri
1658 3287 1861 3341 sumus,
1882 3284 1939 3331 ut

374 3363 655 3433 probemus
671 3373 829 3435 atque
854 3365 1139 3424 doceamtJS
1162 3367 1426 3437 quomodo
1451 3383 1545 3437 per
1569 3371 1831 3439 propriam
1855 3388 1940 3426 v0-

373 3452 627 3508 luntatem
645 3493 660 3519 ,
688 3454 802 3508 sine
832 3470 931 3524 qua
959 3455 1159 3510 nullum
1205 3457 1325 3511 vitte
1362 3459 1591 3527 propria:
1619 3468 1792 3528 potest
1818 3476 1939 3519 esse

373 3551 669 3610 peccatum,
702 3542 832 3598 nihil
868 3545 993 3598 mali
1027 3546 1389 3601 commiserint
1417 3546 1671 3615 infantes,
1693 3549 1783 3619 qui
1812 3567 1937 3620 pro-

373 3641 496 3703 pter
538 3635 638 3688 hoc
679 3643 938 3689 vocantur
973 3636 1040 3690 ab
1077 3636 1322 3692 omnibus
1366 3636 1712 3693 innocentes?
1753 3639 1939 3696 Nonne

346 3724 516 3779 ‘tanta
547 3724 824 3803 inﬁrmitas
851 3725 1090 3781 animiet
1116 3727 1373 3797 corporis,
1404 3736 1547 3782 tanta
1585 3744 1761 3784 rerum
1789 3730 1931 3801 igno~

371 3812 572 3879 rantia,
596 3821 706 3869 tam
737 3815 881 3869 nulla
914 3817 1130 3871 omnino
1155 3819 1402 3887 prmcepli
1428 3820 1717 3888 capacitas,
1760 3821 1936 3877 nullus

367 3900 453 3957 vel
495 3903 750 3957 naturalis
772 3904 852 3959 vel
888 3904 1203 3975 conscripta:
1230 3906 1361 3976 legis
1386 3922 1573 3964 sensus
1597 3918 1687 3965 aut
1723 3921 1897 3966 motus
1917 3954 1933 3979 ,

371 3992 548 4050 nullus
572 3992 624 4055 in
658 3982 963 4065 alterutram
984 4004 1192 4066 partem
1219 3998 1439 4055 rationis
1468 4014 1611 4064 usus,
1638 3999 1740 4055 hoc
1768 4003 1936 4058 multo

369 4084 643 4140 teStatiore
666 4084 876 4140 silentio
896 4074 1054 4155 quam
1074 4100 1251 4143 sermo
1271 4098 1450 4143 noster
1471 4090 1761 4159 proclamat
1780 4101 1937 4163 atque

369 4172 604 4229 indicat?
638 4174 821 4231 Valeat
860 4175 1055 4246 aliquid
1093 4177 1159 4231 ad
1209 4192 1269 4233 se
1308 4178 1474 4248 ipsam
1516 4180 1933 4248 persuadendam

366 4260 483 4329 ipsa
519 4261 818 4321 evidentia:
846 4279 967 4319 nam
1005 4279 1259 4335 nusquam
1289 4267 1367 4323 sic
1404 4282 1507 4323 non
1542 4269 1753 4325 invenio
1794 4272 1935 4340 quod

369 4347 541 4406 dicam
562 4391 576 4415 ,
607 4366 766 4419 quam
809 4353 895 4407 ubi
926 4367 1012 4407 res
1039 4353 1105 4408 de
1130 4369 1231 4423 qua
1250 4354 1460 4423 dicitur,
1489 4358 1817 4414 manifestior
1853 4369 1935 4415 est

366 4452 523 4507 quam
554 4452 711 4493 omne
735 4440 875 4508 quod
904 4440 1113 4495 dicitur.

435 4528 524 4584 66.
555 4528 759 4585 Vellem
806 4540 1003 4595 tamen,
1051 4533 1287 4604 quisquis
1328 4534 1431 4590 hoc
1482 4538 1648 4607 sapit,
1697 4538 1927 4607 diceret,

364 4617 506 4686 quod
538 4628 806 4687 peccatum
832 4621 1023 4676 viderit
1042 4623 1126 4678 vel
1155 4626 1349 4693 putarit
1374 4624 1590 4681 infantis
1617 4632 1845 4685 recentis
1869 4633 1934 4687 ab

365 4720 554 4775 utero,
584 4710 670 4765 cui
699 4711 1007 4768 redimendo
1037 4714 1227 4769 fatetur
1249 4715 1358 4785 jam
1389 4716 1710 4787 Baptismum
1742 4736 1931 4776 neces-

365 4802 583 4866 sarium,
602 4802 726 4875 quid
748 4804 870 4858 mali
896 4807 948 4860 in
977 4805 1075 4862 hac
1095 4807 1305 4876 propria
1331 4823 1423 4862 sua
1451 4808 1553 4861 vita
1584 4825 1676 4878 per
1698 4811 1931 4866 animum

365 4893 634 4962 proprium
661 4908 921 4965 corpusve
959 4896 1302 4951 commiserit.
1334 4897 1388 4953 Si
1429 4896 1566 4953 forte
1595 4898 1732 4969 quod
1764 4901 1934 4969 plorat

336 5014 341 5019 ε
367 4984 627 5055 taedioque
652 4994 734 5041 est
752 4986 1042 5056 majoribus
1071 5005 1084 5041 :
1117 4988 1307 5042 mirum
1329 4988 1372 5042 si
1393 4988 1495 5045 hoc
1521 4988 1800 5060 iniquitati,
1825 5000 1929 5047 neu

424 5140 445 5213 ξ
475 5141 812 5213 eruimus
831 5140 985 5213 cede!
1010 5141 1514 5213 ειςῐεὲηηιεθιξείε-β]

361 5203 489 5273 tias,
506 5198 916 5273 sednut‘origt'ngle
930 5215 1049 5273 esse.
1067 5198 1300 5273 ῐιξᾶἢίςδαά
1319 5209 1369 5273 ut
1389 5202 1621 5273 originale
1636 5198 1770 5255 esset.
1792 5198 1932 5257 t‘aitlo

361 5260 1226 5379 gratagtesiisdvfdnggdigigﬂisegebatur
1242 5298 1257 5324 ,
1296 5264 1369 5314 vel
1401 5260 1562 5315 videre
1596 5279 1688 5316 non
1720 5275 1927 5340 possunt.

422 5356 452 5455 ξ’
473 5356 844 5455 ᾇέῖῗειξιῖἷῖιξέ
852 5356 1181 5455 ὧδέἐοιρε,
1205 5398 1313 5450 qua:
1332 5384 1508 5450 singuli
1524 5399 1633 5437 vero
1654 5387 1835 5440 dictott.

422 5440 443 5509 ξ
476 5440 523 5509 tn
539 5440 793 5509 plerisque
811 5452 940 5504 Mss,
966 5440 1229 5509 prapriuinl

390 5501 884 5615 ’ἑαιηέῗωῗῶιίιὶῳιοι
1051 5501 1068 5567 ᾇ
1090 5506 1350 5558 concedant
1388 5506 1468 5559 isti
1507 5507 1638 5571 illis;
1671 5515 1930 5563 concetlmtt

358 5572 711 5625 tttrtquenoots.

419 5623 440 5661 ³
473 5623 545 5679 sic
568 5637 735 5680 omnes
758 5633 882 5683 uss"
906 5633 962 5682 Αι
984 5628 1118 5689 editi,
1142 5627 1407 5683 auatsilurt'.

1134 5141 1555 5214 ginnqeqsiszttlii
1578 5156 1695 5214 vero
1709 5143 1931 5214 plerique

991 288 1080 344 DE
1117 283 1568 343 PECCATORUM
1605 280 1881 337 MERITIS
1918 283 1939 337 l

2046 281 2465 349 REHISSIONE,
2508 281 2564 340 S.
2607 285 2975 342 AUGUSTINI

3518 289 3621 343 H8

2050 393 2340 449 infelicitati
2370 396 2543 464 potius
2566 394 2924 464 deputandum
2966 403 3066 449 est.
3109 398 3191 450 An
3229 397 3368 467 quod
3407 399 3473 454 ab
3499 390 3617 470 ipso

2049 482 2176 538 fletu
2203 484 2344 539 nulla
2368 499 2461 537 sua
2487 486 2712 548 ratione,
2751 485 2892 539 nulla
2925 485 3233 555 cujusquam
3263 487 3614 555 prohibitione

2047 574 2438 641 compescitur?
2467 575 2533 627 At
2570 573 2671 628 hoc
2699 572 3007 644 ignorantire
3033 583 3135 640 est,
3168 574 3219 630 in
3250 590 3352 644 qua
3393 577 3611 645 profun-

2047 660 2265 716 dissima
2298 661 2457 731 jacet,
2485 676 2586 730 qua
2616 660 2772 715 etiam
2813 669 3054 724 matrem,
3080 675 3198 715 cum
3223 673 3340 730 post
3366 664 3610 734 exiguum

2049 761 2256 823 tempus
2280 753 2521 818 valuerit,
2565 752 2787 821 percutit
2826 750 3010 818 iratus,
3044 760 3098 806 et
3137 766 3280 824 smpe
3319 753 3460 831 ipsas
3502 756 3618 826 ejus

2048 856 2326 907 mammas,
2354 856 2485 911 quas
2512 842 2635 895 dum
2658 840 2841 906 esurit,
2874 842 3082 911 exsugit
3106 843 3145 894 ι.
3176 842 3299 896 limo
3321 858 3427 896 non
3458 843 3618 899 modo

2050 928 2310 995 feruntur,
2337 945 2520 986 verum
2561 931 2718 986 etiam
2754 931 3049 1002 diliguntur
3075 931 3126 986 in
3157 933 3406 1000 parvulis,
3440 934 3620 990 ethoc

2046 1034 2153 1089 quo
2195 1018 2419 1084 affectu,
2461 1020 2562 1074 nisi
2606 1020 2831 1087 carnali,
2863 1035 2969 1090 quo
2994 1019 3154 1075 etiam
3197 1021 3335 1078 risus
3358 1022 3619 1092 jocusquo

2046 1108 2290 1175 delectat,
2318 1119 2590 1166 acutorum
2609 1126 2818 1180 quoque
2838 1111 3114 1166 hominum
3136 1111 3247 1182 ipsa
3264 1113 3412 1183 quasi
3433 1113 3621 1167 absur-

2046 1198 2210 1254 ditate
2234 1199 2476 1255 conditus
2505 1217 2518 1254 :
2548 1201 2635 1269 qui
2662 1199 2705 1254 si
2732 1215 2796 1255 eo
2826 1199 2984 1255 modo
3022 1201 3342 1269 sentiretur,
3391 1210 3447 1256 nt
3487 1203 3619 1256 dici-

2047 1296 2151 1355 tur,
2183 1304 2286 1344 non
2320 1289 2429 1358 jam
2460 1290 2535 1344 illi
2563 1300 2811 1361 tanquam
2852 1290 3031 1355 faceti,
3069 1293 3163 1348 sed
3201 1300 3449 1363 tanquam
3488 1293 3615 1350 fatui

2047 1377 2375 1432 riderentur?
2401 1378 2547 1447 ipsos
2567 1393 2777 1448 quoque
2799 1379 2968 1434 fatuos
2984 1381 3004 1411 '
3026 1380 3287 1447 videmus,
3309 1396 3440 1451 quos
3461 1381 3618 1453 vulgo

2047 1466 2313 1520 moriones
2342 1478 2567 1533 vocant,
2597 1467 2661 1520 ad
2693 1456 3030 1522 cordatorum
3073 1468 3291 1525 delicias
3319 1470 3562 1526 adhiberi
3595 1514 3612 1539 ,

2046 1565 2099 1610 et
2124 1556 2175 1610 in
2206 1557 2582 1626 mancipiorum
2610 1559 2959 1614 mstimatione
2979 1560 3315 1629 pretiosiores
3342 1575 3462 1616 esse
3490 1576 3617 1616 cor-

2044 1643 2201 1701 datis.
2248 1647 2470 1701 Tantum
2516 1649 2659 1703 valet
2685 1649 2911 1704 carnalis
2937 1649 3156 1705 allectus
3193 1650 3351 1704 etiam
3397 1651 3617 1708 minime

2045 1734 2305 1789 latuerunt
2325 1737 2375 1790 in
2393 1736 2743 1793 delectatione
2757 1738 2913 1794 alieni
2929 1739 3070 1793 mali.
3101 1738 3232 1793 Nam
3269 1754 3387 1794 cum
3414 1739 3616 1796 homini

2041 1824 2271 1891 jucunda
2296 1825 2364 1880 sit
2388 1827 2560 1880 aliena
2585 1827 2818 1894 fatuitas,
2851 1831 2950 1884 nec
2988 1830 3103 1900 ipse
3144 1838 3319 1885 tamen
3352 1830 3472 1885 talis
3495 1846 3615 1889 esse

2046 1913 2324 1979 voluisset;
2360 1923 2415 1968 et
2453 1915 2496 1968 si
2535 1930 2686 1969 suum
2728 1918 3001 1985 parvulum
3041 1918 3232 1986 tilium,
3279 1933 3310 1973 a
3357 1934 3462 1990 quo
3487 1935 3614 1991 gar-

2045 2002 2212 2058 riente
2246 2004 2369 2058 talia
2399 2014 2547 2074 pater
2575 2006 2727 2061 lactus
2754 2017 3025 2079 exspeth
3061 2019 3115 2064 et
3157 2022 3425 2080 provocat,
3460 2014 3615 2070 talem

2045 2094 2317 2161 prmsciret
2341 2093 2570 2149 futurum
2601 2111 2719 2151 esse
2742 2112 2860 2152 cum
2890 2099 3136 2164 creverit,
3164 2101 3306 2156 nullo
3336 2101 3491 2156 modo
3516 2102 3615 2157 du-

2046 2180 2236 2236 bitaret
2276 2183 2627 2239 miserabilius
2665 2186 2949 2255 lugendum
2987 2202 3106 2244 esse
3139 2203 3295 2258 quam
3326 2199 3610 2248 mortuum.

2045 2270 2149 2326 Sed
2171 2272 2294 2327 dum
2313 2289 2434 2343 spes
2454 2277 2635 2330 subest
2658 2277 3122 2345 incrementorum,
3146 2291 3198 2335 et
3220 2281 3412 2350 ingenii
3433 2282 3612 2338 lumen

2044 2375 2382 2417 accessurum
2422 2366 2656 2420 creditur
2697 2368 2866 2421 anatis
2905 2382 3122 2422 accessu
3152 2410 3167 2435 ,
3202 2372 3262 2427 ﬁt
3286 2379 3343 2426 ut
3376 2373 3614 2427 convicia

2042 2454 2377 2523 parvulorum
2405 2456 2561 2509 etiam
2593 2457 2645 2510 in
2673 2468 2950 2528 parentes,
2988 2474 3092 2512 non
3144 2458 3315 2512 solum
3357 2460 3614 2529 injuriosa

2044 2556 2147 2596 non
2168 2543 2292 2609 sint,
2321 2558 2502 2598 verum
2524 2546 2682 2599 etiam
2704 2556 2850 2616 grata
2875 2554 3033 2616 atque
3048 2547 3280 2616 jucunda
3304 2549 3429 2603 sint.
3456 2549 3614 2618 Quod

2042 2631 2253 2701 quidem
2298 2634 2630 2704 prudentium
2673 2650 2833 2690 nemo
2855 2637 3178 2706 probaverit,
3210 2646 3268 2692 ut
3294 2654 3323 2692 a
3350 2638 3505 2693 dictis
3529 2640 3613 2696 vel

2043 2720 2195 2776 factis
2220 2722 2517 2792 hujusmodi
2543 2739 2649 2780 non
2673 2733 2877 2780 tantum
2898 2726 2920 2758 ³
2944 2720 3049 2781 non
3073 2727 3467 2797 prohibeantur,
3490 2744 3615 2785 cum

2042 2812 2311 2882 prohiberi
2334 2814 2444 2884 jam
2475 2825 2709 2884 possunt,
2742 2832 2925 2871 verum
2952 2818 3003 2872 in
3028 2819 3141 2873 hare
3166 2819 3321 2875 etiam
3344 2821 3616 2877 conciteno

2042 2912 2129 2958 tur
2153 2904 2327 2959 studio
2350 2904 2556 2960 ridendi
2577 2914 2632 2961 et
2650 2908 2882 2963 vanitate
2909 2909 3192 2978 majorum.
3219 2911 3351 2966 Nam
3376 2914 3611 2982 plerum-

2041 3009 2143 3063 que
2184 2995 2272 3048 illa
2316 3003 2444 3049 tetas
2483 2994 2593 3065 jam
2642 3006 2846 3064 patrem
2899 3007 3225 3069 matremque
3270 3016 3563 3071 agnoscens
3593 3045 3610 3072 ,

2044 3085 2217 3138 neutri
2249 3099 2432 3139 eorum
2451 3085 2609 3141 audet
2632 3087 2967 3155 maledicere,
2996 3089 3095 3143 nisi
3122 3090 3190 3145 ab
3217 3091 3382 3147 altero
3401 3107 3609 3160 eorum,

2040 3183 2130 3230 aut
2157 3174 2225 3229 ab
2262 3186 2484 3246 utroque
2510 3177 2589 3232 vel
2620 3178 2878 3246 permissa
2907 3179 2992 3234 vel
3030 3180 3199 3249 jussa.
3252 3182 3447 3237 Verum
3497 3184 3614 3240 iure

2040 3279 2225 3320 eorum
2267 3275 2389 3320 sunt
2432 3267 2803 3336 parvulorum,
2831 3269 2920 3339 qui
2956 3269 3067 3339 jam
3096 3271 3148 3324 in
3175 3271 3336 3326 verba
3368 3287 3612 3341 prorum-

2042 3366 2189 3425 punt,
2232 3365 2286 3413 et
2329 3358 2490 3412 animi
2534 3355 2616 3413 sui
2657 3368 2831 3414 motus
2868 3360 3333 3432 qualibuscumque
3377 3362 3613 3433 linguae‘

2039 3456 2343 3516 promptare
2366 3446 2473 3516 jam
2499 3457 2738 3517 possunt.
2771 3448 2917 3503 illam
2944 3451 3117 3520 potius
3137 3451 3427 3507 recentium
3455 3463 3609 3508 nato-

2041 3552 2156 3590 rum
2186 3536 2648 3606 profundissimam
2698 3539 3046 3608 ignorantiam
3091 3541 3383 3610 videamus,
3412 3558 3475 3598 ex
3506 3558 3609 3613 qua

2040 3625 2104 3679 ad
2135 3626 2287 3680 istam
2317 3641 2420 3680 non
2451 3641 2848 3697 permansuram
2881 3628 3260 3685 balbutientem
3290 3630 3606 3697 fatuitatem,

2041 3722 2286 3784 tanquam
2321 3716 2386 3769 ad
2419 3717 2692 3771 scientiam
2716 3717 3137 3789 Iocutionemque
3162 3720 3457 3788 tendentes,
3480 3736 3610 3791 pro-

2043 3804 2268 3860 ficiendo
2297 3817 2571 3862 venerunt.

2108 3893 2331 3950 CAPUT
2369 3895 2607 3950 XXXVI.
2634 3927 2706 3938 —-
2743 3898 2829 3952 67.
2862 3896 2940 3951 De
2975 3898 3248 3967 infantium
3294 3901 3605 3969 tgnorantia,

2040 3994 2088 4039 et
2118 3986 2252 4040 unde
2300 3986 2384 4040 sit.
2434 3986 2575 4054 illas,
2626 3991 2861 4057 inquam,
2912 3989 3309 4046 consideremus
3358 3993 3608 4047 tenebras

2040 4076 2233 4130 mentis
2256 4076 2437 4146 utique
2471 4078 2772 4145 rationalis,
2802 4078 2853 4132 in
2887 4079 3078 4148 quibus
3106 4089 3160 4135 et
3190 4079 3357 4135 Deum
3392 4096 3610 4150 prorsus

2040 4164 2300 4234 ignorant,
2331 4166 2482 4235 cujus
2510 4167 2866 4223 Sacramentis
2907 4169 3068 4223 etiam
3109 4184 3227 4223 cum
3276 4170 3611 4239 baptizantur

2038 4256 2299 4311 obsistunt
2330 4271 2344 4309 :
2384 4257 2436 4311 in
2466 4256 2562 4311 bas
2602 4273 2784 4327 quer
2827 4258 2967 4313 unde
3006 4268 3061 4313 et
3098 4258 3310 4329 quando
3345 4261 3606 4317 submersi

2038 4346 2161 4400 sint.
2195 4346 2339 4402 Itane
2365 4362 2489 4401 vero
2516 4362 2606 4403 eas
2634 4347 2722 4402 hic
2745 4357 3138 4413 contraxerunt,
3180 4357 3234 4403 et
3275 4350 3326 4403 in
3372 4350 3471 4404 hac
3501 4352 3605 4403 vita

2038 4452 2133 4492 sua
2157 4437 2265 4507 jam
2299 4440 2506 4507 propria
2534 4454 2629 4508 per
2654 4440 2871 4494 nimiam
2902 4441 3272 4510 negligentiam
3308 4440 3454 4495 obliti
3481 4450 3611 4495 sunt

2041 4527 2223 4590 Deum,
2274 4529 2558 4597 prudentes
2591 4544 2718 4582 vero
2761 4540 2816 4585 et
2863 4531 3091 4600 religiosi
3137 4532 3378 4584 vixerunt
3410 4532 3507 4585 'vel
3552 4532 3606 4586 in

2039 4616 2200 4671 uteris
2226 4617 2487 4670 matrum?
2516 4618 2697 4672 Dicant
2731 4619 2827 4672 ista
2869 4618 2959 4688 qui
2999 4619 3111 4672 ausi
3152 4616 3364 4685 fuerint,
3393 4619 3611 4674 audiant

2037 4706 2124 4775 qui
2152 4705 2434 4773 voluerint,
2462 4706 2682 4761 credant
2703 4709 2791 4778 qui
2819 4708 3235 4778 potuerintzego
3255 4717 3430 4762 autem
3457 4719 3605 4775 puto,

2036 4797 2177 4866 quod
2221 4812 2409 4852 omnes
2440 4813 2663 4868 quorum
2706 4809 2910 4854 mentes
2957 4815 3060 4855 non
3108 4800 3383 4855 obnubilat
3418 4800 3608 4853 defen-

2037 4885 2223 4940 deuda:
2270 4901 2381 4941 sua:
2432 4889 2711 4945 sententia:
2758 4889 3051 4958 pervicacia
3077 4931 3092 4955 ,
3131 4889 3245 4943 haec
3274 4890 3473 4943 sentire
3500 4906 3606 4942 non

2038 4981 2276 5044 possunt.
2319 4979 2401 5031 An
2450 4980 2651 5033 nullum
2689 4988 2773 5035 est
2803 4980 3109 5049 ignorantiae
3136 4979 3350 5044 malum,
3395 4990 3448 5034 et
3488 4981 3609 5035 ideo

2100 5090 2516 5166 ffieriqttleiitssi,
2539 5107 2643 5154 rro,
2667 5094 2876 5166 exsurgit,
2900 5093 3098 5166 habent,
3330 5163 3337 5166 _
3418 5153 3431 5166 .

2097 5155 2119 5217 ξ
2134 5159 2251 5202 Tres
2269 5152 2489 5217 Gallicani
2508 5152 2814 5217 manusa'ipt'i
2829 5155 2953 5215 loco,
2972 5156 3146 5217 fatuos,
3163 5152 3363 5216 habent,
3384 5153 3608 5206 cirratas.

2038 5212 2152 5261 vide
2169 5225 2329 5275 supra,
2354 5228 2403 5262 n.
2428 5214 2505 5271 52,
2530 5216 2623 5265 θυι.
2646 5217 2748 5265 1‘27.

2100 5274 2121 5339 ξ
2154 5274 2277 5339 Mss,
2302 5283 2416 5339 ante
2435 5288 2530 5324 non
2552 5275 2906 5339 prohibeantur,
2928 5278 3174 5339 omittunt,
3198 5288 3291 5325 non
3311 5281 3512 5339 unitum.

2098 5333 2236 5400 ﬁttic
2267 5335 2380 5385 editi
2401 5333 2794 5400 _ac__tn_anuscripti
2827 5333 3039 5386 nonnulli
3083 5333 3293 5396 addunt,
3313 5335 3611 5400 signia/Alii

2036 5394 2227 5461 quidam
2247 5403 2370 5455 Mss,
2393 5393 2604 5447 indiciis.
2630 5393 2855 5461 acmirum
2880 5400 3062 5461 habent
3084 5393 3383 5461 antiquiores
3397 5398 3609 5461 codices,

2034 5454 2147 5517 quia
2160 5454 2426 5518 eleganter
2459 5457 2739 5507 subauditur
2759 5496 2773 5517 ,
2798 5457 3016 5509 motibus.
3050 5465 3114 5508 Ex
3149 5454 3318 5507 iisdem
3350 5454 3612 5506 mauuscri¥

2037 5516 2126 5577 ptis
2159 5516 2555 5583 bpctevommus
2579 5521 2779 5583 verbum
2798 5553 2814 5576 ,
2837 5525 3146 5583 promptare;
3169 5532 3254 5582 pro
3281 5532 3380 5583 quo
3397 5520 3458 5583 in
3494 5526 3611 5568 ante

2039 5578 2233 5643 excusis
2253 5586 2355 5643 erat
2372 5613 2385 5633 ,
2418 5580 2744 5643 promptitare.
2784 5578 2847 5630 tu'
2874 5578 3135 5631 Parisieusi'
3162 5578 3611 5643 insuatiniauorum

2037 5638 2203 5685 codice
2224 5637 2333 5700 legit
2344 5637 2426 5698 ur,
2437 5637 2715 5699 pratnt'turc.
