  <div class='ocr_page' id='page_1' title='image "/cluster/home/n/w/nwhite01/storage/ocr_20150623/44/hvd.32044069687945/080.png"; bbox 0 0 4002 6180; ppageno 0'>
   <div class='ocr_carea' id='block_1_1' title="bbox 346 283 452 339">
    <p class='ocr_par' dir='ltr' id='par_1_1' title="bbox 346 283 452 339">
     <span class='ocr_line' id='line_1_1' title="bbox 346 283 452 339; baseline -0.028 1"><span class='ocrx_word' id='word_1_1' title='bbox 346 283 452 339; x_wconf 78' lang='lat' dir='ltr'><strong>N9</strong></span> 
     </span>
    </p>
   </div>
   <div class='ocr_carea' id='block_1_2' title="bbox 342 383 1919 458">
    <p class='ocr_par' dir='ltr' id='par_1_2' title="bbox 342 383 1919 458">
     <span class='ocr_line' id='line_1_2' title="bbox 342 383 1919 458; baseline -0.003 -13"><span class='ocrx_word' id='word_1_2' title='bbox 342 406 443 445; x_wconf 83' lang='lat' dir='ltr'><strong>nec</strong></span> <span class='ocrx_word' id='word_1_3' title='bbox 470 386 844 458; x_wconf 81' lang='lat' dir='ltr'><strong>purgandum?</strong></span> <span class='ocrx_word' id='word_1_4' title='bbox 885 386 953 441; x_wconf 80' lang='lat' dir='ltr'><strong>Et</strong></span> <span class='ocrx_word' id='word_1_5' title='bbox 978 385 1102 456; x_wconf 88' lang='lat' dir='ltr'><strong>quid</strong></span> <span class='ocrx_word' id='word_1_6' title='bbox 1133 387 1241 455; x_wconf 77' lang='lat' dir='ltr'><strong>agit</strong></span> <span class='ocrx_word' id='word_1_7' title='bbox 1280 386 1295 417; x_wconf 87' lang='grc'>¹</span> <span class='ocrx_word' id='word_1_8' title='bbox 1338 383 1423 441; x_wconf 86' lang='lat' dir='ltr'><strong>illa</strong></span> <span class='ocrx_word' id='word_1_9' title='bbox 1450 402 1575 451; x_wconf 77' lang='lat' dir='ltr'><strong>vox,</strong></span> <span class='ocrx_word' id='word_1_10' title='bbox 1611 384 1803 441; x_wconf 80' lang='lat' dir='ltr'><strong>Delicta</strong></span> <span class='ocrx_word' id='word_1_11' title='bbox 1820 388 1919 458; x_wconf 82' lang='lat' dir='ltr'><strong>ju-</strong></span> 
     </span>
    </p>
   </div>
   <div class='ocr_carea' id='block_1_3' title="bbox 340 474 1923 548">
    <p class='ocr_par' dir='ltr' id='par_1_3' title="bbox 340 474 1923 548">
     <span class='ocr_line' id='line_1_3' title="bbox 340 474 1923 548; baseline -0.002 -15"><span class='ocrx_word' id='word_1_12' title='bbox 340 479 552 533; x_wconf 70' lang='lat' dir='ltr'><strong>sentutis</strong></span> <span class='ocrx_word' id='word_1_13' title='bbox 569 489 618 532; x_wconf 82' lang='lat' dir='ltr'><strong>et</strong></span> <span class='ocrx_word' id='word_1_14' title='bbox 633 478 933 548; x_wconf 77' lang='lat' dir='ltr'><strong>ignorantia:</strong></span> <span class='ocrx_word' id='word_1_15' title='bbox 952 492 1073 529; x_wconf 66' lang='lat' dir='ltr'><strong>metu</strong></span> <span class='ocrx_word' id='word_1_16' title='bbox 1091 493 1153 530; x_wconf 85' lang='lat' dir='ltr'><strong>ne</strong></span> <span class='ocrx_word' id='word_1_17' title='bbox 1169 476 1450 530; x_wconf 80' lang='lat' dir='ltr'><strong>memineris</strong></span> <span class='ocrx_word' id='word_1_18' title='bbox 1474 474 1642 546; x_wconf 86' lang='lat' dir='ltr'><strong>(Psal.</strong></span> <span class='ocrx_word' id='word_1_19' title='bbox 1668 491 1810 541; x_wconf 77' lang='lat' dir='ltr'><strong>mv,</strong></span> <span class='ocrx_word' id='word_1_20' title='bbox 1830 476 1923 546; x_wconf 77' lang='lat'><strong>7)?</strong></span> 
     </span>
    </p>
   </div>
   <div class='ocr_carea' id='block_1_4' title="bbox 339 566 1921 637">
    <p class='ocr_par' dir='ltr' id='par_1_4' title="bbox 339 566 1921 637">
     <span class='ocr_line' id='line_1_4' title="bbox 339 566 1921 637; baseline -0.003 -13"><span class='ocrx_word' id='word_1_21' title='bbox 339 570 453 624; x_wconf 81' lang='lat' dir='ltr'><strong>Etsi</strong></span> <span class='ocrx_word' id='word_1_22' title='bbox 479 570 625 624; x_wconf 88' lang='lat' dir='ltr'><strong>enim</strong></span> <span class='ocrx_word' id='word_1_23' title='bbox 653 566 1034 622; x_wconf 81' lang='lat' dir='ltr'><strong>damnabiliora</strong></span> <span class='ocrx_word' id='word_1_24' title='bbox 1061 577 1278 637; x_wconf 88' lang='lat' dir='ltr'><strong>peccata</strong></span> <span class='ocrx_word' id='word_1_25' title='bbox 1306 575 1448 633; x_wconf 88' lang='lat' dir='ltr'><strong>sunt,</strong></span> <span class='ocrx_word' id='word_1_26' title='bbox 1493 582 1612 637; x_wconf 72' lang='lat' dir='ltr'><strong>quze</strong></span> <span class='ocrx_word' id='word_1_27' title='bbox 1651 566 1719 621; x_wconf 87' lang='lat' dir='ltr'><strong>ab</strong></span> <span class='ocrx_word' id='word_1_28' title='bbox 1745 567 1921 621; x_wconf 87' lang='lat' dir='ltr'><strong>scien-</strong></span> 
     </span>
    </p>
   </div>
   <div class='ocr_carea' id='block_1_5' title="bbox 338 652 1922 730">
    <p class='ocr_par' dir='ltr' id='par_1_5' title="bbox 338 652 1922 730">
     <span class='ocr_line' id='line_1_5' title="bbox 338 652 1922 730; baseline -0.001 -16"><span class='ocrx_word' id='word_1_29' title='bbox 338 661 488 715; x_wconf 97' lang='lat' dir='ltr'><strong>tibus</strong></span> <span class='ocrx_word' id='word_1_30' title='bbox 520 662 929 714; x_wconf 88' lang='lat' dir='ltr'><strong>committuntur</strong></span> <span class='ocrx_word' id='word_1_31' title='bbox 975 652 1001 713; x_wconf 70' lang='grc' dir='ltr'><strong>ιΔ</strong></span> <span class='ocrx_word' id='word_1_32' title='bbox 1040 666 1215 713; x_wconf 87' lang='lat' dir='ltr'><strong>tamen</strong></span> <span class='ocrx_word' id='word_1_33' title='bbox 1257 658 1301 714; x_wconf 91' lang='lat' dir='ltr'><strong>si</strong></span> <span class='ocrx_word' id='word_1_34' title='bbox 1348 659 1658 728; x_wconf 65' lang='lat' dir='ltr'><strong>ignorantiae</strong></span> <span class='ocrx_word' id='word_1_35' title='bbox 1703 668 1922 730; x_wconf 80' lang='lat' dir='ltr'><strong>peccata</strong></span> 
     </span>
    </p>
   </div>
   <div class='ocr_carea' id='block_1_6' title="bbox 337 748 1919 818">
    <p class='ocr_par' dir='ltr' id='par_1_6' title="bbox 337 748 1919 818">
     <span class='ocr_line' id='line_1_6' title="bbox 337 748 1919 818; baseline -0.001 -13"><span class='ocrx_word' id='word_1_36' title='bbox 337 750 489 806; x_wconf 83' lang='lat' dir='ltr'><strong>nulla</strong></span> <span class='ocrx_word' id='word_1_37' title='bbox 515 758 716 815; x_wconf 76' lang='lat' dir='ltr'><strong>essent,</strong></span> <span class='ocrx_word' id='word_1_38' title='bbox 748 750 846 804; x_wconf 85' lang='lat' dir='ltr'><strong>hoc</strong></span> <span class='ocrx_word' id='word_1_39' title='bbox 872 763 978 803; x_wconf 91' lang='lat' dir='ltr'><strong>non</strong></span> <span class='ocrx_word' id='word_1_40' title='bbox 1002 749 1301 818; x_wconf 75' lang='lat' dir='ltr'><strong>legeremus</strong></span> <span class='ocrx_word' id='word_1_41' title='bbox 1321 748 1461 816; x_wconf 88' lang='lat' dir='ltr'><strong>quod</strong></span> <span class='ocrx_word' id='word_1_42' title='bbox 1486 749 1919 815; x_wconf 71' lang='lat' dir='ltr'><strong>commemoravi,</strong></span> 
     </span>
    </p>
   </div>
   <div class='ocr_carea' id='block_1_7' title="bbox 342 838 1920 911">
    <p class='ocr_par' dir='ltr' id='par_1_7' title="bbox 342 838 1920 911">
     <span class='ocr_line' id='line_1_7' title="bbox 342 838 1920 911; baseline -0.001 -17"><span class='ocrx_word' id='word_1_43' title='bbox 342 841 542 895; x_wconf 83' lang='lat' dir='ltr'><strong>Delicta</strong></span> <span class='ocrx_word' id='word_1_44' title='bbox 574 839 854 911; x_wconf 80' lang='lat' dir='ltr'><strong>juventutis</strong></span> <span class='ocrx_word' id='word_1_45' title='bbox 882 847 928 892; x_wconf 84' lang='lat' dir='ltr'><strong>et</strong></span> <span class='ocrx_word' id='word_1_46' title='bbox 953 838 1249 910; x_wconf 68' lang='lat' dir='ltr'><strong>ignorantia:</strong></span> <span class='ocrx_word' id='word_1_47' title='bbox 1275 854 1398 891; x_wconf 72' lang='lat' dir='ltr'><strong>metu</strong></span> <span class='ocrx_word' id='word_1_48' title='bbox 1424 855 1487 892; x_wconf 85' lang='lat' dir='ltr'><strong>ne</strong></span> <span class='ocrx_word' id='word_1_49' title='bbox 1524 839 1822 892; x_wconf 83' lang='lat' dir='ltr'><strong>memineris.</strong></span> <span class='ocrx_word' id='word_1_50' title='bbox 1865 839 1920 893; x_wconf 89' lang='lat' dir='ltr'><strong>In</strong></span> 
     </span>
    </p>
   </div>
   <div class='ocr_carea' id='block_1_8' title="bbox 340 927 1920 999">
    <p class='ocr_par' dir='ltr' id='par_1_8' title="bbox 340 927 1920 999">
     <span class='ocr_line' id='line_1_8' title="bbox 340 927 1920 999; baseline -0.001 -15"><span class='ocrx_word' id='word_1_51' title='bbox 340 932 459 984; x_wconf 86' lang='lat' dir='ltr'><strong>illas</strong></span> <span class='ocrx_word' id='word_1_52' title='bbox 485 930 643 999; x_wconf 78' lang='lat' dir='ltr'><strong>igitur</strong></span> <span class='ocrx_word' id='word_1_53' title='bbox 659 929 968 999; x_wconf 70' lang='lat' dir='ltr'><strong>ignorantia:</strong></span> <span class='ocrx_word' id='word_1_54' title='bbox 990 927 1330 982; x_wconf 85' lang='lat' dir='ltr'><strong>densissimas</strong></span> <span class='ocrx_word' id='word_1_55' title='bbox 1356 928 1618 992; x_wconf 86' lang='lat' dir='ltr'><strong>tenebras,</strong></span> <span class='ocrx_word' id='word_1_56' title='bbox 1640 928 1726 983; x_wconf 94' lang='lat' dir='ltr'><strong>ubi</strong></span> <span class='ocrx_word' id='word_1_57' title='bbox 1746 928 1920 983; x_wconf 84' lang='lat' dir='ltr'><strong>anima</strong></span> 
     </span>
    </p>
   </div>
   <div class='ocr_carea' id='block_1_9' title="bbox 340 1017 1918 1087">
    <p class='ocr_par' dir='ltr' id='par_1_9' title="bbox 340 1017 1918 1087">
     <span class='ocr_line' id='line_1_9' title="bbox 340 1017 1918 1087; baseline -0.004 -10"><span class='ocrx_word' id='word_1_58' title='bbox 340 1020 561 1077; x_wconf 79' lang='lat' dir='ltr'><strong>infamis</strong></span> <span class='ocrx_word' id='word_1_59' title='bbox 609 1021 841 1074; x_wconf 88' lang='lat' dir='ltr'><strong>recentis</strong></span> <span class='ocrx_word' id='word_1_60' title='bbox 886 1017 953 1072; x_wconf 88' lang='lat' dir='ltr'><strong>ab</strong></span> <span class='ocrx_word' id='word_1_61' title='bbox 987 1027 1158 1085; x_wconf 81' lang='lat' dir='ltr'><strong>utero,</strong></span> <span class='ocrx_word' id='word_1_62' title='bbox 1207 1018 1386 1087; x_wconf 90' lang='lat' dir='ltr'><strong>utique</strong></span> <span class='ocrx_word' id='word_1_63' title='bbox 1434 1018 1607 1071; x_wconf 89' lang='lat' dir='ltr'><strong>anima</strong></span> <span class='ocrx_word' id='word_1_64' title='bbox 1648 1017 1918 1083; x_wconf 84' lang='lat' dir='ltr'><strong>hominis,</strong></span> 
     </span>
    </p>
   </div>
   <div class='ocr_carea' id='block_1_10' title="bbox 341 1106 1918 1178">
    <p class='ocr_par' dir='ltr' id='par_1_10' title="bbox 341 1106 1918 1178">
     <span class='ocr_line' id='line_1_10' title="bbox 341 1106 1918 1178; baseline -0.002 -14"><span class='ocrx_word' id='word_1_65' title='bbox 341 1110 528 1178; x_wconf 86' lang='lat' dir='ltr'><strong>utique</strong></span> <span class='ocrx_word' id='word_1_66' title='bbox 554 1109 732 1163; x_wconf 88' lang='lat' dir='ltr'><strong>anima</strong></span> <span class='ocrx_word' id='word_1_67' title='bbox 766 1107 1060 1172; x_wconf 88' lang='lat' dir='ltr'><strong>rationalis,</strong></span> <span class='ocrx_word' id='word_1_68' title='bbox 1104 1121 1209 1161; x_wconf 91' lang='lat' dir='ltr'><strong>non</strong></span> <span class='ocrx_word' id='word_1_69' title='bbox 1253 1107 1424 1161; x_wconf 89' lang='lat' dir='ltr'><strong>solum</strong></span> <span class='ocrx_word' id='word_1_70' title='bbox 1464 1106 1693 1170; x_wconf 89' lang='lat' dir='ltr'><strong>indocta,</strong></span> <span class='ocrx_word' id='word_1_71' title='bbox 1736 1122 1918 1161; x_wconf 89' lang='lat' dir='ltr'><strong>verum</strong></span> 
     </span>
    </p>
   </div>
   <div class='ocr_carea' id='block_1_11' title="bbox 339 1197 1922 1267">
    <p class='ocr_par' dir='ltr' id='par_1_11' title="bbox 339 1197 1922 1267">
     <span class='ocr_line' id='line_1_11' title="bbox 339 1197 1922 1267; baseline -0.001 -13"><span class='ocrx_word' id='word_1_72' title='bbox 339 1201 507 1254; x_wconf 85' lang='lat' dir='ltr'><strong>etiam</strong></span> <span class='ocrx_word' id='word_1_73' title='bbox 553 1198 799 1253; x_wconf 82' lang='lat' dir='ltr'><strong>indocilis</strong></span> <span class='ocrx_word' id='word_1_74' title='bbox 831 1198 1006 1267; x_wconf 80' lang='lat' dir='ltr'><strong>jacet,</strong></span> <span class='ocrx_word' id='word_1_75' title='bbox 1051 1212 1249 1267; x_wconf 84' lang='lat' dir='ltr'><strong>quare,</strong></span> <span class='ocrx_word' id='word_1_76' title='bbox 1293 1208 1382 1250; x_wconf 88' lang='lat' dir='ltr'><strong>aut</strong></span> <span class='ocrx_word' id='word_1_77' title='bbox 1411 1197 1640 1266; x_wconf 83' lang='lat' dir='ltr'><strong>quando,</strong></span> <span class='ocrx_word' id='word_1_78' title='bbox 1667 1208 1759 1251; x_wconf 86' lang='lat' dir='ltr'><strong>aut</strong></span> <span class='ocrx_word' id='word_1_79' title='bbox 1784 1198 1922 1253; x_wconf 84' lang='lat' dir='ltr'><strong>unde</strong></span> 
     </span>
    </p>
   </div>
   <div class='ocr_carea' id='block_1_12' title="bbox 340 1286 1922 1356">
    <p class='ocr_par' dir='ltr' id='par_1_12' title="bbox 340 1286 1922 1356">
     <span class='ocr_line' id='line_1_12' title="bbox 340 1286 1922 1356; baseline 0 -14"><span class='ocrx_word' id='word_1_80' title='bbox 340 1298 593 1342; x_wconf 79' lang='lat' dir='ltr'><strong>contrusa</strong></span> <span class='ocrx_word' id='word_1_81' title='bbox 623 1290 740 1355; x_wconf 86' lang='lat' dir='ltr'><strong>est?</strong></span> <span class='ocrx_word' id='word_1_82' title='bbox 770 1288 823 1341; x_wconf 84' lang='lat' dir='ltr'><strong>Si</strong></span> <span class='ocrx_word' id='word_1_83' title='bbox 853 1298 1038 1341; x_wconf 81' lang='lat' dir='ltr'><strong>natura</strong></span> <span class='ocrx_word' id='word_1_84' title='bbox 1061 1298 1146 1342; x_wconf 90' lang='lat' dir='ltr'><strong>est</strong></span> <span class='ocrx_word' id='word_1_85' title='bbox 1170 1289 1190 1318; x_wconf 83' lang='grc'>¹</span> <span class='ocrx_word' id='word_1_86' title='bbox 1223 1286 1452 1341; x_wconf 84' lang='lat' dir='ltr'><strong>hominis</strong></span> <span class='ocrx_word' id='word_1_87' title='bbox 1481 1288 1558 1341; x_wconf 90' lang='lat' dir='ltr'><strong>sic</strong></span> <span class='ocrx_word' id='word_1_88' title='bbox 1586 1288 1840 1356; x_wconf 89' lang='lat' dir='ltr'><strong>incipere,</strong></span> <span class='ocrx_word' id='word_1_89' title='bbox 1867 1295 1922 1342; x_wconf 88' lang='lat' dir='ltr'><strong>et</strong></span> 
     </span>
    </p>
   </div>
   <div class='ocr_carea' id='block_1_13' title="bbox 340 1379 1921 1449">
    <p class='ocr_par' dir='ltr' id='par_1_13' title="bbox 340 1379 1921 1449">
     <span class='ocr_line' id='line_1_13' title="bbox 340 1379 1921 1449; baseline -0.001 -15"><span class='ocrx_word' id='word_1_90' title='bbox 340 1396 449 1434; x_wconf 88' lang='lat' dir='ltr'><strong>non</strong></span> <span class='ocrx_word' id='word_1_91' title='bbox 473 1379 583 1449; x_wconf 89' lang='lat' dir='ltr'><strong>jam</strong></span> <span class='ocrx_word' id='word_1_92' title='bbox 611 1380 803 1433; x_wconf 84' lang='lat' dir='ltr'><strong>vitiosa</strong></span> <span class='ocrx_word' id='word_1_93' title='bbox 830 1386 916 1433; x_wconf 88' lang='lat' dir='ltr'><strong>est</strong></span> <span class='ocrx_word' id='word_1_94' title='bbox 943 1379 1040 1432; x_wconf 89' lang='lat' dir='ltr'><strong>ista</strong></span> <span class='ocrx_word' id='word_1_95' title='bbox 1068 1386 1281 1443; x_wconf 84' lang='lat' dir='ltr'><strong>natura;</strong></span> <span class='ocrx_word' id='word_1_96' title='bbox 1313 1393 1406 1432; x_wconf 93' lang='lat' dir='ltr'><strong>cur</strong></span> <span class='ocrx_word' id='word_1_97' title='bbox 1427 1394 1533 1432; x_wconf 88' lang='lat' dir='ltr'><strong>non</strong></span> <span class='ocrx_word' id='word_1_98' title='bbox 1565 1379 1683 1433; x_wconf 86' lang='lat' dir='ltr'><strong>talis</strong></span> <span class='ocrx_word' id='word_1_99' title='bbox 1710 1389 1921 1434; x_wconf 89' lang='lat' dir='ltr'><strong>creatus</strong></span> 
     </span>
    </p>
   </div>
   <div class='ocr_carea' id='block_1_14' title="bbox 348 1470 1920 1539">
    <p class='ocr_par' dir='ltr' id='par_1_14' title="bbox 348 1470 1920 1539">
     <span class='ocr_line' id='line_1_14' title="bbox 348 1470 1920 1539; baseline -0.002 -12"><span class='ocrx_word' id='word_1_100' title='bbox 348 1481 428 1527; x_wconf 73' lang='lat' dir='ltr'><strong>est</strong></span> <span class='ocrx_word' id='word_1_101' title='bbox 469 1470 684 1525; x_wconf 82' lang='lat' dir='ltr'><strong>Adam?</strong></span> <span class='ocrx_word' id='word_1_102' title='bbox 728 1470 834 1525; x_wconf 91' lang='lat' dir='ltr'><strong>Cur</strong></span> <span class='ocrx_word' id='word_1_103' title='bbox 864 1471 952 1524; x_wconf 90' lang='lat' dir='ltr'><strong>ille</strong></span> <span class='ocrx_word' id='word_1_104' title='bbox 985 1484 1146 1538; x_wconf 84' lang='lat' dir='ltr'><strong>capax</strong></span> <span class='ocrx_word' id='word_1_105' title='bbox 1181 1470 1454 1539; x_wconf 69' lang='lat' dir='ltr'><strong>prmeepti,</strong></span> <span class='ocrx_word' id='word_1_106' title='bbox 1481 1478 1534 1524; x_wconf 88' lang='lat' dir='ltr'><strong>et</strong></span> <span class='ocrx_word' id='word_1_107' title='bbox 1559 1471 1744 1525; x_wconf 87' lang='lat' dir='ltr'><strong>valens</strong></span> <span class='ocrx_word' id='word_1_108' title='bbox 1770 1470 1920 1524; x_wconf 79' lang='lat' dir='ltr'><strong>uxori</strong></span> 
     </span>
    </p>
   </div>
   <div class='ocr_carea' id='block_1_15' title="bbox 344 1559 1921 1629">
    <p class='ocr_par' dir='ltr' id='par_1_15' title="bbox 344 1559 1921 1629">
     <span class='ocr_line' id='line_1_15' title="bbox 344 1559 1921 1629; baseline 0 -14"><span class='ocrx_word' id='word_1_109' title='bbox 344 1573 399 1615; x_wconf 84' lang='lat' dir='ltr'><strong>et</strong></span> <span class='ocrx_word' id='word_1_110' title='bbox 424 1563 669 1615; x_wconf 88' lang='lat' dir='ltr'><strong>omnibus</strong></span> <span class='ocrx_word' id='word_1_111' title='bbox 698 1559 1014 1614; x_wconf 83' lang='lat' dir='ltr'><strong>animalibus</strong></span> <span class='ocrx_word' id='word_1_112' title='bbox 1042 1560 1253 1612; x_wconf 85' lang='lat' dir='ltr'><strong>nomina</strong></span> <span class='ocrx_word' id='word_1_113' title='bbox 1283 1559 1590 1629; x_wconf 87' lang='lat' dir='ltr'><strong>imponere?</strong></span> <span class='ocrx_word' id='word_1_114' title='bbox 1613 1559 1747 1614; x_wconf 83' lang='lat' dir='ltr'><strong>Nam</strong></span> <span class='ocrx_word' id='word_1_115' title='bbox 1776 1569 1832 1615; x_wconf 88' lang='lat' dir='ltr'><strong>et</strong></span> <span class='ocrx_word' id='word_1_116' title='bbox 1855 1562 1921 1615; x_wconf 89' lang='lat' dir='ltr'><strong>de</strong></span> 
     </span>
    </p>
   </div>
   <div class='ocr_carea' id='block_1_16' title="bbox 343 1650 1921 1721">
    <p class='ocr_par' dir='ltr' id='par_1_16' title="bbox 343 1650 1921 1721">
     <span class='ocr_line' id='line_1_16' title="bbox 343 1650 1921 1721; baseline 0 -16"><span class='ocrx_word' id='word_1_117' title='bbox 343 1652 432 1705; x_wconf 89' lang='lat' dir='ltr'><strong>illa</strong></span> <span class='ocrx_word' id='word_1_118' title='bbox 456 1652 605 1712; x_wconf 75' lang='lat' dir='ltr'><strong>dixit,</strong></span> <span class='ocrx_word' id='word_1_119' title='bbox 640 1650 764 1705; x_wconf 79' lang='lat' dir='ltr'><strong>Htcc</strong></span> <span class='ocrx_word' id='word_1_120' title='bbox 793 1650 1045 1703; x_wconf 76' lang='lat' dir='ltr'><strong>vocabitur</strong></span> <span class='ocrx_word' id='word_1_121' title='bbox 1069 1650 1285 1713; x_wconf 82' lang='lat' dir='ltr'><strong>mulier;</strong></span> <span class='ocrx_word' id='word_1_122' title='bbox 1311 1659 1365 1703; x_wconf 89' lang='lat' dir='ltr'><strong>et</strong></span> <span class='ocrx_word' id='word_1_123' title='bbox 1388 1691 1403 1716; x_wconf 95' lang='lat'><strong>,</strong></span> <span class='ocrx_word' id='word_1_124' title='bbox 1452 1650 1809 1721; x_wconf 82' lang='lat' dir='ltr'><strong>Quodcumque</strong></span> <span class='ocrx_word' id='word_1_125' title='bbox 1834 1667 1921 1705; x_wconf 81' lang='lat' dir='ltr'><strong>vo-</strong></span> 
     </span>
    </p>
   </div>
   <div class='ocr_carea' id='block_1_17' title="bbox 340 1737 1917 1811">
    <p class='ocr_par' dir='ltr' id='par_1_17' title="bbox 340 1737 1917 1811">
     <span class='ocr_line' id='line_1_17' title="bbox 340 1737 1917 1811; baseline -0.001 -17"><span class='ocrx_word' id='word_1_126' title='bbox 340 1742 475 1794; x_wconf 74' lang='lat' dir='ltr'><strong>cavit</strong></span> <span class='ocrx_word' id='word_1_127' title='bbox 504 1741 668 1793; x_wconf 79' lang='lat' dir='ltr'><strong>Adam</strong></span> <span class='ocrx_word' id='word_1_128' title='bbox 695 1741 920 1792; x_wconf 85' lang='lat' dir='ltr'><strong>animam</strong></span> <span class='ocrx_word' id='word_1_129' title='bbox 947 1740 1139 1803; x_wconf 78' lang='lat' dir='ltr'><strong>vivam,</strong></span> <span class='ocrx_word' id='word_1_130' title='bbox 1186 1738 1280 1791; x_wconf 79' lang='lat' dir='ltr'><strong>hoc</strong></span> <span class='ocrx_word' id='word_1_131' title='bbox 1310 1749 1382 1792; x_wconf 85' lang='lat' dir='ltr'><strong>est</strong></span> <span class='ocrx_word' id='word_1_132' title='bbox 1426 1755 1607 1792; x_wconf 83' lang='lat' dir='ltr'><strong>nomen</strong></span> <span class='ocrx_word' id='word_1_133' title='bbox 1633 1740 1743 1811; x_wconf 83' lang='lat' dir='ltr'><strong>ejus</strong></span> <span class='ocrx_word' id='word_1_134' title='bbox 1768 1737 1917 1809; x_wconf 81' lang='lat' dir='ltr'><strong>(Gen.</strong></span> 
     </span>
    </p>
   </div>
   <div class='ocr_carea' id='block_1_18' title="bbox 340 1829 1918 1900">
    <p class='ocr_par' dir='ltr' id='par_1_18' title="bbox 340 1829 1918 1900">
     <span class='ocr_line' id='line_1_18' title="bbox 340 1829 1918 1900; baseline -0.001 -14"><span class='ocrx_word' id='word_1_135' title='bbox 340 1847 398 1894; x_wconf 86' lang='lat' dir='ltr'><strong>ll,</strong></span> <span class='ocrx_word' id='word_1_136' title='bbox 432 1830 523 1896; x_wconf 76' lang='lat'><strong>23,</strong></span> <span class='ocrx_word' id='word_1_137' title='bbox 561 1830 671 1900; x_wconf 81' lang='lat' dir='ltr'><strong>t9).</strong></span> <span class='ocrx_word' id='word_1_138' title='bbox 718 1830 820 1884; x_wconf 87' lang='lat' dir='ltr'><strong>lste</strong></span> <span class='ocrx_word' id='word_1_139' title='bbox 852 1838 1025 1884; x_wconf 88' lang='lat' dir='ltr'><strong>autem</strong></span> <span class='ocrx_word' id='word_1_140' title='bbox 1066 1829 1313 1884; x_wconf 88' lang='lat' dir='ltr'><strong>nesciens</strong></span> <span class='ocrx_word' id='word_1_141' title='bbox 1359 1829 1445 1883; x_wconf 90' lang='lat' dir='ltr'><strong>ubi</strong></span> <span class='ocrx_word' id='word_1_142' title='bbox 1487 1830 1575 1897; x_wconf 92' lang='lat' dir='ltr'><strong>sit,</strong></span> <span class='ocrx_word' id='word_1_143' title='bbox 1606 1829 1730 1900; x_wconf 88' lang='lat' dir='ltr'><strong>quid</strong></span> <span class='ocrx_word' id='word_1_144' title='bbox 1767 1831 1855 1895; x_wconf 90' lang='lat' dir='ltr'><strong>sit,</strong></span> <span class='ocrx_word' id='word_1_145' title='bbox 1890 1845 1918 1884; x_wconf 91' lang='lat' dir='ltr'><strong>a</strong></span> 
     </span>
    </p>
   </div>
   <div class='ocr_carea' id='block_1_19' title="bbox 341 1918 1917 1990">
    <p class='ocr_par' dir='ltr' id='par_1_19' title="bbox 341 1918 1917 1990">
     <span class='ocr_line' id='line_1_19' title="bbox 341 1918 1917 1990; baseline 0.003 -19"><span class='ocrx_word' id='word_1_146' title='bbox 341 1936 452 1990; x_wconf 87' lang='lat' dir='ltr'><strong>quo</strong></span> <span class='ocrx_word' id='word_1_147' title='bbox 478 1928 707 1979; x_wconf 82' lang='lat' dir='ltr'><strong>creatus.</strong></span> <span class='ocrx_word' id='word_1_148' title='bbox 734 1934 764 1972; x_wconf 89' lang='lat' dir='ltr'><strong>a</strong></span> <span class='ocrx_word' id='word_1_149' title='bbox 793 1920 983 1988; x_wconf 85' lang='lat' dir='ltr'><strong>quibus</strong></span> <span class='ocrx_word' id='word_1_150' title='bbox 1020 1919 1230 1989; x_wconf 88' lang='lat' dir='ltr'><strong>genitus</strong></span> <span class='ocrx_word' id='word_1_151' title='bbox 1276 1919 1377 1983; x_wconf 87' lang='lat' dir='ltr'><strong>sit,</strong></span> <span class='ocrx_word' id='word_1_152' title='bbox 1405 1918 1514 1987; x_wconf 84' lang='lat' dir='ltr'><strong>jam</strong></span> <span class='ocrx_word' id='word_1_153' title='bbox 1544 1934 1667 1975; x_wconf 90' lang='lat' dir='ltr'><strong>reus</strong></span> <span class='ocrx_word' id='word_1_154' title='bbox 1697 1918 1917 1985; x_wconf 79' lang='lat' dir='ltr'><strong>delicti&#39;,</strong></span> 
     </span>
    </p>
   </div>
   <div class='ocr_carea' id='block_1_20' title="bbox 342 2003 1922 2078">
    <p class='ocr_par' dir='ltr' id='par_1_20' title="bbox 342 2003 1922 2078">
     <span class='ocr_line' id='line_1_20' title="bbox 342 2003 1922 2078; baseline 0.001 -15"><span class='ocrx_word' id='word_1_155' title='bbox 342 2009 581 2063; x_wconf 79' lang='lat' dir='ltr'><strong>nondum</strong></span> <span class='ocrx_word' id='word_1_156' title='bbox 625 2022 790 2076; x_wconf 78' lang='lat' dir='ltr'><strong>capax</strong></span> <span class='ocrx_word' id='word_1_157' title='bbox 836 2007 1107 2076; x_wconf 75' lang='lat' dir='ltr'><strong>prmcepti,</strong></span> <span class='ocrx_word' id='word_1_158' title='bbox 1155 2015 1263 2061; x_wconf 89' lang='lat' dir='ltr'><strong>tam</strong></span> <span class='ocrx_word' id='word_1_159' title='bbox 1312 2006 1573 2076; x_wconf 80' lang='lat' dir='ltr'><strong>profunda</strong></span> <span class='ocrx_word' id='word_1_160' title='bbox 1611 2003 1922 2078; x_wconf 65' lang='lat' dir='ltr'><strong>ignorantia:</strong></span> 
     </span>
    </p>
   </div>
   <div class='ocr_carea' id='block_1_21' title="bbox 340 2097 1921 2169">
    <p class='ocr_par' dir='ltr' id='par_1_21' title="bbox 340 2097 1921 2169">
     <span class='ocr_line' id='line_1_21' title="bbox 340 2097 1921 2169; baseline 0.001 -16"><span class='ocrx_word' id='word_1_161' title='bbox 340 2100 574 2169; x_wconf 76' lang='lat' dir='ltr'><strong>caligine</strong></span> <span class='ocrx_word' id='word_1_162' title='bbox 607 2097 876 2152; x_wconf 87' lang='lat' dir='ltr'><strong>involutus</strong></span> <span class='ocrx_word' id='word_1_163' title='bbox 915 2105 969 2152; x_wconf 91' lang='lat' dir='ltr'><strong>et</strong></span> <span class='ocrx_word' id='word_1_164' title='bbox 1017 2111 1264 2166; x_wconf 86' lang='lat' dir='ltr'><strong>pressus,</strong></span> <span class='ocrx_word' id='word_1_165' title='bbox 1292 2107 1352 2151; x_wconf 91' lang='lat' dir='ltr'><strong>ut</strong></span> <span class='ocrx_word' id='word_1_166' title='bbox 1380 2112 1552 2167; x_wconf 89' lang='lat' dir='ltr'><strong>neque</strong></span> <span class='ocrx_word' id='word_1_167' title='bbox 1581 2107 1827 2169; x_wconf 82' lang='lat' dir='ltr'><strong>tanquam</strong></span> <span class='ocrx_word' id='word_1_168' title='bbox 1854 2099 1921 2154; x_wconf 91' lang='lat' dir='ltr'><strong>de</strong></span> 
     </span>
    </p>
   </div>
   <div class='ocr_carea' id='block_1_22' title="bbox 345 2186 1969 2255">
    <p class='ocr_par' dir='ltr' id='par_1_22' title="bbox 345 2186 1969 2255">
     <span class='ocr_line' id='line_1_22' title="bbox 345 2186 1969 2255; baseline -0.001 -12"><span class='ocrx_word' id='word_1_169' title='bbox 345 2204 535 2243; x_wconf 83' lang='lat' dir='ltr'><strong>somno</strong></span> <span class='ocrx_word' id='word_1_170' title='bbox 576 2186 797 2242; x_wconf 79' lang='lat' dir='ltr'><strong>excitari</strong></span> <span class='ocrx_word' id='word_1_171' title='bbox 843 2187 1027 2255; x_wconf 88' lang='lat' dir='ltr'><strong>possit,</strong></span> <span class='ocrx_word' id='word_1_172' title='bbox 1070 2193 1126 2240; x_wconf 88' lang='lat' dir='ltr'><strong>ut</strong></span> <span class='ocrx_word' id='word_1_173' title='bbox 1171 2187 1284 2241; x_wconf 81' lang='lat' dir='ltr'><strong>ba-c</strong></span> <span class='ocrx_word' id='word_1_174' title='bbox 1325 2187 1512 2242; x_wconf 89' lang='lat' dir='ltr'><strong>saltem</strong></span> <span class='ocrx_word' id='word_1_175' title='bbox 1557 2187 1919 2243; x_wconf 83' lang='lat' dir='ltr'><strong>demonstrata</strong></span> <span class='ocrx_word' id='word_1_176' title='bbox 1964 2246 1969 2253; x_wconf 88' lang='lat'><strong><em>_</em></strong></span> 
     </span>
    </p>
   </div>
   <div class='ocr_carea' id='block_1_23' title="bbox 341 2258 1920 2348">
    <p class='ocr_par' dir='ltr' id='par_1_23' title="bbox 341 2258 1920 2348">
     <span class='ocr_line' id='line_1_23' title="bbox 341 2258 1920 2348; baseline -0.003 -15"><span class='ocrx_word' id='word_1_177' title='bbox 341 2284 662 2348; x_wconf 83' lang='lat' dir='ltr'><strong>cognoscat;</strong></span> <span class='ocrx_word' id='word_1_178' title='bbox 692 2274 785 2331; x_wconf 88' lang='lat' dir='ltr'><strong>sed</strong></span> <span class='ocrx_word' id='word_1_179' title='bbox 813 2281 1149 2345; x_wconf 81' lang='lat' dir='ltr'><strong>exspectetur</strong></span> <span class='ocrx_word' id='word_1_180' title='bbox 1176 2285 1402 2343; x_wconf 82' lang='lat' dir='ltr'><strong>tempus,</strong></span> <span class='ocrx_word' id='word_1_181' title='bbox 1433 2289 1539 2344; x_wconf 89' lang='lat' dir='ltr'><strong>quo</strong></span> <span class='ocrx_word' id='word_1_182' title='bbox 1580 2275 1714 2330; x_wconf 85' lang='lat' dir='ltr'><strong>hanc</strong></span> <span class='ocrx_word' id='word_1_183' title='bbox 1740 2258 1920 2330; x_wconf 68' lang='lat' dir='ltr'><strong>nescio</strong></span> 
     </span>
    </p>
   </div>
   <div class='ocr_carea' id='block_1_24' title="bbox 344 2359 1923 2443">
    <p class='ocr_par' dir='ltr' id='par_1_24' title="bbox 344 2359 1923 2443">
     <span class='ocr_line' id='line_1_24' title="bbox 344 2359 1923 2443; baseline -0.001 -23"><span class='ocrx_word' id='word_1_184' title='bbox 344 2384 499 2439; x_wconf 84' lang='lat' dir='ltr'><strong>quam</strong></span> <span class='ocrx_word' id='word_1_185' title='bbox 539 2359 682 2421; x_wconf 71' lang='lat' dir='ltr'><strong>velint</strong></span> <span class='ocrx_word' id='word_1_186' title='bbox 716 2365 1047 2430; x_wconf 79' lang='lat' dir='ltr'><strong>ebrietatem,</strong></span> <span class='ocrx_word' id='word_1_187' title='bbox 1077 2379 1181 2443; x_wconf 78' lang='lat' dir='ltr'><strong>non</strong></span> <span class='ocrx_word' id='word_1_188' title='bbox 1206 2379 1300 2434; x_wconf 89' lang='lat' dir='ltr'><strong>per</strong></span> <span class='ocrx_word' id='word_1_189' title='bbox 1329 2379 1489 2418; x_wconf 87' lang='lat' dir='ltr'><strong>uuam</strong></span> <span class='ocrx_word' id='word_1_190' title='bbox 1530 2373 1761 2431; x_wconf 87' lang='lat' dir='ltr'><strong>noctem,</strong></span> <span class='ocrx_word' id='word_1_191' title='bbox 1785 2367 1923 2420; x_wconf 87' lang='lat' dir='ltr'><strong>sicut</strong></span> 
     </span>
    </p>
   </div>
   <div class='ocr_carea' id='block_1_25' title="bbox 345 2453 1921 2529">
    <p class='ocr_par' dir='ltr' id='par_1_25' title="bbox 345 2453 1921 2529">
     <span class='ocr_line' id='line_1_25' title="bbox 345 2453 1921 2529; baseline -0.001 -17"><span class='ocrx_word' id='word_1_192' title='bbox 345 2458 592 2529; x_wconf 62' lang='lat' dir='ltr'><strong>qumﬁbel</strong></span> <span class='ocrx_word' id='word_1_193' title='bbox 620 2454 931 2525; x_wconf 87' lang='lat' dir='ltr'><strong>gravissima</strong></span> <span class='ocrx_word' id='word_1_194' title='bbox 979 2454 1135 2519; x_wconf 86' lang='lat' dir='ltr'><strong>solet,</strong></span> <span class='ocrx_word' id='word_1_195' title='bbox 1186 2453 1279 2508; x_wconf 90' lang='lat' dir='ltr'><strong>sed</strong></span> <span class='ocrx_word' id='word_1_196' title='bbox 1325 2469 1421 2524; x_wconf 88' lang='lat' dir='ltr'><strong>per</strong></span> <span class='ocrx_word' id='word_1_197' title='bbox 1468 2454 1663 2522; x_wconf 85' lang='lat' dir='ltr'><strong>aliquot</strong></span> <span class='ocrx_word' id='word_1_198' title='bbox 1709 2469 1921 2510; x_wconf 88' lang='lat' dir='ltr'><strong>menses</strong></span> 
     </span>
    </p>
   </div>
   <div class='ocr_carea' id='block_1_26' title="bbox 344 2542 1919 2619">
    <p class='ocr_par' dir='ltr' id='par_1_26' title="bbox 344 2542 1919 2619">
     <span class='ocr_line' id='line_1_26' title="bbox 344 2542 1919 2619; baseline -0.001 -18"><span class='ocrx_word' id='word_1_199' title='bbox 344 2558 501 2619; x_wconf 88' lang='lat' dir='ltr'><strong>atque</strong></span> <span class='ocrx_word' id='word_1_200' title='bbox 538 2560 707 2601; x_wconf 87' lang='lat' dir='ltr'><strong>annos</strong></span> <span class='ocrx_word' id='word_1_201' title='bbox 748 2543 1000 2615; x_wconf 81' lang='lat' dir='ltr'><strong>paulatim</strong></span> <span class='ocrx_word' id='word_1_202' title='bbox 1025 2542 1231 2615; x_wconf 87' lang='lat' dir='ltr'><strong>digerat</strong></span> <span class='ocrx_word' id='word_1_203' title='bbox 1260 2561 1273 2597; x_wconf 88' lang='lat'><strong>:</strong></span> <span class='ocrx_word' id='word_1_204' title='bbox 1303 2543 1441 2613; x_wconf 88' lang='lat' dir='ltr'><strong>quod</strong></span> <span class='ocrx_word' id='word_1_205' title='bbox 1469 2544 1637 2599; x_wconf 87' lang='lat' dir='ltr'><strong>donec</strong></span> <span class='ocrx_word' id='word_1_206' title='bbox 1669 2544 1777 2610; x_wconf 75' lang='lat' dir='ltr'><strong>flat,</strong></span> <span class='ocrx_word' id='word_1_207' title='bbox 1815 2552 1919 2600; x_wconf 84' lang='lat' dir='ltr'><strong>tam</strong></span> 
     </span>
    </p>
   </div>
   <div class='ocr_carea' id='block_1_27' title="bbox 343 2632 1922 2706">
    <p class='ocr_par' dir='ltr' id='par_1_27' title="bbox 343 2632 1922 2706">
     <span class='ocr_line' id='line_1_27' title="bbox 343 2632 1922 2706; baseline -0.003 -13"><span class='ocrx_word' id='word_1_208' title='bbox 343 2638 510 2693; x_wconf 85' lang='lat' dir='ltr'><strong>multa</strong></span> <span class='ocrx_word' id='word_1_209' title='bbox 542 2651 661 2706; x_wconf 67' lang='lat' dir='ltr'><strong>qua:</strong></span> <span class='ocrx_word' id='word_1_210' title='bbox 689 2635 743 2689; x_wconf 90' lang='lat' dir='ltr'><strong>in</strong></span> <span class='ocrx_word' id='word_1_211' title='bbox 773 2632 1063 2704; x_wconf 84' lang='lat' dir='ltr'><strong>majoribus</strong></span> <span class='ocrx_word' id='word_1_212' title='bbox 1099 2633 1365 2703; x_wconf 84' lang='lat' dir='ltr'><strong>ponimus,</strong></span> <span class='ocrx_word' id='word_1_213' title='bbox 1408 2634 1694 2687; x_wconf 79' lang='lat' dir='ltr'><strong>tolerantes</strong></span> <span class='ocrx_word' id='word_1_214' title='bbox 1719 2633 1772 2688; x_wconf 89' lang='lat' dir='ltr'><strong>in</strong></span> <span class='ocrx_word' id='word_1_215' title='bbox 1800 2648 1922 2703; x_wconf 88' lang='lat' dir='ltr'><strong>par-</strong></span> 
     </span>
    </p>
   </div>
   <div class='ocr_carea' id='block_1_28' title="bbox 344 2722 1921 2794">
    <p class='ocr_par' dir='ltr' id='par_1_28' title="bbox 344 2722 1921 2794">
     <span class='ocr_line' id='line_1_28' title="bbox 344 2722 1921 2794; baseline -0.004 -10"><span class='ocrx_word' id='word_1_216' title='bbox 344 2730 514 2793; x_wconf 89' lang='lat' dir='ltr'><strong>vulis,</strong></span> <span class='ocrx_word' id='word_1_217' title='bbox 555 2735 613 2783; x_wconf 90' lang='lat' dir='ltr'><strong>ut</strong></span> <span class='ocrx_word' id='word_1_218' title='bbox 657 2725 927 2782; x_wconf 72' lang='lat' dir='ltr'><strong>uulnerari</strong></span> <span class='ocrx_word' id='word_1_219' title='bbox 971 2723 1186 2779; x_wconf 91' lang='lat' dir='ltr'><strong>omnino</strong></span> <span class='ocrx_word' id='word_1_220' title='bbox 1230 2739 1336 2778; x_wconf 90' lang='lat' dir='ltr'><strong>non</strong></span> <span class='ocrx_word' id='word_1_221' title='bbox 1378 2724 1583 2794; x_wconf 84' lang='lat' dir='ltr'><strong>possint</strong></span> <span class='ocrx_word' id='word_1_222' title='bbox 1618 2741 1635 2775; x_wconf 65' lang='grc' dir='ltr'><strong><em>ε</em></strong></span> <span class='ocrx_word' id='word_1_223' title='bbox 1684 2722 1786 2778; x_wconf 85' lang='lat' dir='ltr'><strong>hoc</strong></span> <span class='ocrx_word' id='word_1_224' title='bbox 1814 2731 1921 2778; x_wconf 83' lang='lat' dir='ltr'><strong>tant</strong></span> 
     </span>
    </p>
   </div>
   <div class='ocr_carea' id='block_1_29' title="bbox 344 2811 1920 2891">
    <p class='ocr_par' dir='ltr' id='par_1_29' title="bbox 344 2811 1920 2891">
     <span class='ocr_line' id='line_1_29' title="bbox 344 2811 1920 2891; baseline -0.004 -18"><span class='ocrx_word' id='word_1_225' title='bbox 344 2835 593 2891; x_wconf 78' lang='lat' dir='ltr'><strong>magnum</strong></span> <span class='ocrx_word' id='word_1_226' title='bbox 625 2816 934 2889; x_wconf 73' lang='lat' dir='ltr'><strong>ignorantia:</strong></span> <span class='ocrx_word' id='word_1_227' title='bbox 971 2825 1132 2884; x_wconf 89' lang='lat' dir='ltr'><strong>atque</strong></span> <span class='ocrx_word' id='word_1_228' title='bbox 1169 2811 1491 2868; x_wconf 81' lang='lat' dir='ltr'><strong>inﬁrmitatis</strong></span> <span class='ocrx_word' id='word_1_229' title='bbox 1532 2812 1756 2878; x_wconf 81' lang='lat' dir='ltr'><strong>malum,</strong></span> <span class='ocrx_word' id='word_1_230' title='bbox 1792 2812 1839 2868; x_wconf 92' lang='lat' dir='ltr'><strong>si</strong></span> <span class='ocrx_word' id='word_1_231' title='bbox 1865 2811 1920 2867; x_wconf 87' lang='lat' dir='ltr'><strong>in</strong></span> 
     </span>
    </p>
   </div>
   <div class='ocr_carea' id='block_1_30' title="bbox 343 2901 1921 2976">
    <p class='ocr_par' dir='ltr' id='par_1_30' title="bbox 343 2901 1921 2976">
     <span class='ocr_line' id='line_1_30' title="bbox 343 2901 1921 2976; baseline -0.004 -12"><span class='ocrx_word' id='word_1_232' title='bbox 343 2908 448 2964; x_wconf 78' lang='lat' dir='ltr'><strong>hac</strong></span> <span class='ocrx_word' id='word_1_233' title='bbox 469 2908 575 2962; x_wconf 85' lang='lat' dir='ltr'><strong>vita</strong></span> <span class='ocrx_word' id='word_1_234' title='bbox 589 2906 702 2976; x_wconf 87' lang='lat' dir='ltr'><strong>jam</strong></span> <span class='ocrx_word' id='word_1_235' title='bbox 729 2904 835 2973; x_wconf 77' lang='lat' dir='ltr'><strong>nati</strong></span> <span class='ocrx_word' id='word_1_236' title='bbox 856 2902 1063 2976; x_wconf 82' lang='lat' dir='ltr'><strong>parvuli</strong></span> <span class='ocrx_word' id='word_1_237' title='bbox 1081 2910 1458 2958; x_wconf 81' lang='lat' dir='ltr'><strong>contraxerunt</strong></span> <span class='ocrx_word' id='word_1_238' title='bbox 1485 2901 1663 2970; x_wconf 75' lang='lat' dir='ltr'><strong>&#39;,.ubi,</strong></span> <span class='ocrx_word' id='word_1_239' title='bbox 1686 2901 1921 2972; x_wconf 88' lang='lat' dir='ltr'><strong>quando,</strong></span> 
     </span>
    </p>
   </div>
   <div class='ocr_carea' id='block_1_31' title="bbox 344 2992 1923 3068">
    <p class='ocr_par' dir='ltr' id='par_1_31' title="bbox 344 2992 1923 3068">
     <span class='ocr_line' id='line_1_31' title="bbox 344 2992 1923 3068; baseline -0.003 -17"><span class='ocrx_word' id='word_1_240' title='bbox 344 2996 612 3068; x_wconf 80' lang='lat' dir='ltr'><strong>quomodo</strong></span> <span class='ocrx_word' id='word_1_241' title='bbox 640 3011 828 3064; x_wconf 81' lang='lat' dir='ltr'><strong>magna</strong></span> <span class='ocrx_word' id='word_1_242' title='bbox 864 2995 1037 3065; x_wconf 87' lang='lat' dir='ltr'><strong>aliqua</strong></span> <span class='ocrx_word' id='word_1_243' title='bbox 1078 2993 1349 3061; x_wconf 83' lang='lat' dir='ltr'><strong>impietate</strong></span> <span class='ocrx_word' id='word_1_244' title='bbox 1377 2992 1663 3047; x_wconf 88' lang='lat' dir='ltr'><strong>commissa</strong></span> <span class='ocrx_word' id='word_1_245' title='bbox 1700 3001 1923 3062; x_wconf 86' lang='lat' dir='ltr'><strong>repente</strong></span> 
     </span>
    </p>
   </div>
   <div class='ocr_carea' id='block_1_32' title="bbox 344 3083 1216 3144">
    <p class='ocr_par' dir='ltr' id='par_1_32' title="bbox 344 3083 1216 3144">
     <span class='ocr_line' id='line_1_32' title="bbox 344 3083 1216 3144; baseline -0.008 0"><span class='ocrx_word' id='word_1_246' title='bbox 344 3089 509 3144; x_wconf 82' lang='lat' dir='ltr'><strong>tantis</strong></span> <span class='ocrx_word' id='word_1_247' title='bbox 537 3085 772 3143; x_wconf 89' lang='lat' dir='ltr'><strong>tenebris</strong></span> <span class='ocrx_word' id='word_1_248' title='bbox 801 3085 1019 3140; x_wconf 82' lang='lat' dir='ltr'><strong>involuti</strong></span> <span class='ocrx_word' id='word_1_249' title='bbox 1045 3083 1216 3139; x_wconf 78' lang='lat' dir='ltr'><strong>sunt?</strong></span> 
     </span>
    </p>
   </div>
   <div class='ocr_carea' id='block_1_33' title="bbox 415 3172 1924 3233">
    <p class='ocr_par' dir='ltr' id='par_1_33' title="bbox 415 3172 1924 3233">
     <span class='ocr_line' id='line_1_33' title="bbox 415 3172 1924 3233; baseline 0.001 -1"><span class='ocrx_word' id='word_1_250' title='bbox 415 3176 642 3233; x_wconf 80' lang='lat' dir='ltr'><strong>CAPUT</strong></span> <span class='ocrx_word' id='word_1_251' title='bbox 681 3173 943 3230; x_wconf 76' lang='lat' dir='ltr'><strong>XXXVII.</strong></span> <span class='ocrx_word' id='word_1_252' title='bbox 977 3203 1048 3214; x_wconf 92' lang='lat'><strong>-</strong></span> <span class='ocrx_word' id='word_1_253' title='bbox 1076 3172 1165 3231; x_wconf 83' lang='lat'><strong>68.</strong></span> <span class='ocrx_word' id='word_1_254' title='bbox 1220 3172 1280 3232; x_wconf 88' lang='lat' dir='ltr'><strong>Si</strong></span> <span class='ocrx_word' id='word_1_255' title='bbox 1327 3172 1491 3229; x_wconf 74' lang='lat' dir='ltr'><strong>Adam</strong></span> <span class='ocrx_word' id='word_1_256' title='bbox 1541 3189 1644 3228; x_wconf 86' lang='lat' dir='ltr'><strong>non</strong></span> <span class='ocrx_word' id='word_1_257' title='bbox 1684 3172 1805 3231; x_wconf 79' lang='lat' dir='ltr'><strong>talis</strong></span> <span class='ocrx_word' id='word_1_258' title='bbox 1851 3181 1924 3232; x_wconf 77' lang='lat' dir='ltr'><strong>est</strong></span> 
     </span>
    </p>
   </div>
   <div class='ocr_carea' id='block_1_34' title="bbox 342 3264 1924 3337">
    <p class='ocr_par' dir='ltr' id='par_1_34' title="bbox 342 3264 1924 3337">
     <span class='ocr_line' id='line_1_34' title="bbox 342 3264 1924 3337; baseline -0.002 -13"><span class='ocrx_word' id='word_1_259' title='bbox 342 3274 540 3324; x_wconf 81' lang='lat' dir='ltr'><strong>creatus</strong></span> <span class='ocrx_word' id='word_1_260' title='bbox 575 3264 751 3335; x_wconf 81' lang='lat' dir='ltr'><strong>quales</strong></span> <span class='ocrx_word' id='word_1_261' title='bbox 794 3264 1068 3334; x_wconf 81' lang='lat' dir='ltr'><strong>nascimur,</strong></span> <span class='ocrx_word' id='word_1_262' title='bbox 1114 3284 1203 3321; x_wconf 84' lang='lat' dir='ltr'><strong>cur</strong></span> <span class='ocrx_word' id='word_1_263' title='bbox 1239 3265 1470 3321; x_wconf 74' lang='lat' dir='ltr'><strong>Christus</strong></span> <span class='ocrx_word' id='word_1_264' title='bbox 1511 3279 1688 3336; x_wconf 68' lang='lat' dir='ltr'><strong>expers</strong></span> <span class='ocrx_word' id='word_1_265' title='bbox 1735 3268 1924 3337; x_wconf 84' lang='lat' dir='ltr'><strong>peccati</strong></span> 
     </span>
    </p>
   </div>
   <div class='ocr_carea' id='block_1_35' title="bbox 341 3357 1923 3432">
    <p class='ocr_par' dir='ltr' id='par_1_35' title="bbox 341 3357 1923 3432">
     <span class='ocr_line' id='line_1_35' title="bbox 341 3357 1923 3432; baseline -0.001 -17"><span class='ocrx_word' id='word_1_266' title='bbox 341 3361 517 3432; x_wconf 72' lang='lat' dir='ltr'><strong>infans</strong></span> <span class='ocrx_word' id='word_1_267' title='bbox 554 3366 701 3410; x_wconf 87' lang='lat' dir='ltr'><strong>natus</strong></span> <span class='ocrx_word' id='word_1_268' title='bbox 746 3371 817 3413; x_wconf 82' lang='lat' dir='ltr'><strong>est</strong></span> <span class='ocrx_word' id='word_1_269' title='bbox 858 3368 905 3413; x_wconf 83' lang='lat' dir='ltr'><strong>et</strong></span> <span class='ocrx_word' id='word_1_270' title='bbox 943 3359 1219 3413; x_wconf 82' lang='lat' dir='ltr'><strong>imbecillis.</strong></span> <span class='ocrx_word' id='word_1_271' title='bbox 1261 3358 1410 3414; x_wconf 87' lang='lat' dir='ltr'><strong>Dicet</strong></span> <span class='ocrx_word' id='word_1_272' title='bbox 1443 3358 1634 3428; x_wconf 84' lang='lat' dir='ltr'><strong>aliquis</strong></span> <span class='ocrx_word' id='word_1_273' title='bbox 1663 3376 1676 3412; x_wconf 91' lang='lat'><strong>:</strong></span> <span class='ocrx_word' id='word_1_274' title='bbox 1705 3357 1760 3414; x_wconf 86' lang='lat' dir='ltr'><strong>Si</strong></span> <span class='ocrx_word' id='word_1_275' title='bbox 1807 3358 1923 3414; x_wconf 63' lang='lat' dir='ltr'><strong>haec</strong></span> 
     </span>
    </p>
   </div>
   <div class='ocr_carea' id='block_1_36' title="bbox 340 3446 1939 3519">
    <p class='ocr_par' dir='ltr' id='par_1_36' title="bbox 340 3446 1939 3519">
     <span class='ocr_line' id='line_1_36' title="bbox 340 3446 1939 3519; baseline -0.001 -13"><span class='ocrx_word' id='word_1_276' title='bbox 340 3460 533 3507; x_wconf 85' lang='lat' dir='ltr'><strong>natura</strong></span> <span class='ocrx_word' id='word_1_277' title='bbox 562 3465 692 3519; x_wconf 88' lang='lat' dir='ltr'><strong>pura</strong></span> <span class='ocrx_word' id='word_1_278' title='bbox 720 3463 824 3503; x_wconf 91' lang='lat' dir='ltr'><strong>non</strong></span> <span class='ocrx_word' id='word_1_279' title='bbox 852 3454 954 3513; x_wconf 90' lang='lat' dir='ltr'><strong>est,</strong></span> <span class='ocrx_word' id='word_1_280' title='bbox 985 3446 1079 3503; x_wconf 88' lang='lat' dir='ltr'><strong>sed</strong></span> <span class='ocrx_word' id='word_1_281' title='bbox 1106 3446 1309 3503; x_wconf 71' lang='lat' dir='ltr'><strong>vitiosae</strong></span> <span class='ocrx_word' id='word_1_282' title='bbox 1334 3447 1644 3517; x_wconf 88' lang='lat' dir='ltr'><strong>primordia,</strong></span> <span class='ocrx_word' id='word_1_283' title='bbox 1661 3448 1782 3518; x_wconf 88' lang='lat' dir='ltr'><strong>quia</strong></span> <span class='ocrx_word' id='word_1_284' title='bbox 1805 3448 1939 3504; x_wconf 86' lang='lat' dir='ltr'><strong>talis&#39;</strong></span> 
     </span>
    </p>
   </div>
   <div class='ocr_carea' id='block_1_37' title="bbox 342 3533 1924 3607">
    <p class='ocr_par' dir='ltr' id='par_1_37' title="bbox 342 3533 1924 3607">
     <span class='ocr_line' id='line_1_37' title="bbox 342 3533 1924 3607; baseline -0.003 -12"><span class='ocrx_word' id='word_1_285' title='bbox 342 3554 453 3595; x_wconf 88' lang='lat' dir='ltr'><strong>non</strong></span> <span class='ocrx_word' id='word_1_286' title='bbox 481 3546 565 3594; x_wconf 90' lang='lat' dir='ltr'><strong>est</strong></span> <span class='ocrx_word' id='word_1_287' title='bbox 591 3546 802 3591; x_wconf 89' lang='lat' dir='ltr'><strong>creatus</strong></span> <span class='ocrx_word' id='word_1_288' title='bbox 831 3536 1033 3600; x_wconf 83' lang='lat' dir='ltr'><strong>Adam;</strong></span> <span class='ocrx_word' id='word_1_289' title='bbox 1060 3550 1154 3590; x_wconf 92' lang='lat' dir='ltr'><strong>cur</strong></span> <span class='ocrx_word' id='word_1_290' title='bbox 1174 3533 1420 3591; x_wconf 85' lang='lat' dir='ltr'><strong>Christus</strong></span> <span class='ocrx_word' id='word_1_291' title='bbox 1462 3535 1618 3607; x_wconf 90' lang='lat' dir='ltr'><strong>longe</strong></span> <span class='ocrx_word' id='word_1_292' title='bbox 1651 3536 1924 3591; x_wconf 79' lang='lat' dir='ltr'><strong>excellen-</strong></span> 
     </span>
    </p>
   </div>
   <div class='ocr_carea' id='block_1_38' title="bbox 343 3619 1923 3694">
    <p class='ocr_par' dir='ltr' id='par_1_38' title="bbox 343 3619 1923 3694">
     <span class='ocr_line' id='line_1_38' title="bbox 343 3619 1923 3694; baseline -0.003 -12"><span class='ocrx_word' id='word_1_293' title='bbox 343 3629 466 3693; x_wconf 86' lang='lat' dir='ltr'><strong>tior,</strong></span> <span class='ocrx_word' id='word_1_294' title='bbox 495 3633 551 3682; x_wconf 88' lang='lat' dir='ltr'><strong>et</strong></span> <span class='ocrx_word' id='word_1_295' title='bbox 578 3632 728 3680; x_wconf 87' lang='lat' dir='ltr'><strong>certe</strong></span> <span class='ocrx_word' id='word_1_296' title='bbox 762 3625 879 3682; x_wconf 82' lang='lat' dir='ltr'><strong>sine</strong></span> <span class='ocrx_word' id='word_1_297' title='bbox 922 3619 1028 3679; x_wconf 87' lang='lat' dir='ltr'><strong>ullo</strong></span> <span class='ocrx_word' id='word_1_298' title='bbox 1070 3632 1287 3694; x_wconf 83' lang='lat' dir='ltr'><strong>peccato</strong></span> <span class='ocrx_word' id='word_1_299' title='bbox 1329 3632 1486 3678; x_wconf 84' lang='lat' dir='ltr'><strong>natus</strong></span> <span class='ocrx_word' id='word_1_300' title='bbox 1516 3638 1584 3679; x_wconf 79' lang='lat' dir='ltr'><strong>ex</strong></span> <span class='ocrx_word' id='word_1_301' title='bbox 1612 3624 1835 3694; x_wconf 77' lang='lat' dir='ltr'><strong>virgine,</strong></span> <span class='ocrx_word' id='word_1_302' title='bbox 1869 3623 1923 3679; x_wconf 93' lang='lat' dir='ltr'><strong>in</strong></span> 
     </span>
    </p>
   </div>
   <div class='ocr_carea' id='block_1_39' title="bbox 343 3714 1923 3784">
    <p class='ocr_par' dir='ltr' id='par_1_39' title="bbox 343 3714 1923 3784">
     <span class='ocr_line' id='line_1_39' title="bbox 343 3714 1923 3784; baseline -0.003 -12"><span class='ocrx_word' id='word_1_303' title='bbox 343 3716 449 3773; x_wconf 80' lang='lat' dir='ltr'><strong>hac</strong></span> <span class='ocrx_word' id='word_1_304' title='bbox 492 3727 670 3772; x_wconf 88' lang='lat' dir='ltr'><strong>tamen</strong></span> <span class='ocrx_word' id='word_1_305' title='bbox 717 3714 1026 3769; x_wconf 76' lang='lat' dir='ltr'><strong>infirmitate</strong></span> <span class='ocrx_word' id='word_1_306' title='bbox 1052 3722 1211 3784; x_wconf 86' lang='lat' dir='ltr'><strong>atque</strong></span> <span class='ocrx_word' id='word_1_307' title='bbox 1237 3721 1393 3769; x_wconf 66' lang='lat' dir='ltr'><strong>aetate</strong></span> <span class='ocrx_word' id='word_1_308' title='bbox 1410 3721 1729 3783; x_wconf 87' lang='lat' dir='ltr'><strong>procreatus</strong></span> <span class='ocrx_word' id='word_1_309' title='bbox 1756 3728 1923 3783; x_wconf 81' lang='lat' dir='ltr'><strong>appa-</strong></span> 
     </span>
    </p>
   </div>
   <div class='ocr_carea' id='block_1_40' title="bbox 344 3802 1922 3875">
    <p class='ocr_par' dir='ltr' id='par_1_40' title="bbox 344 3802 1922 3875">
     <span class='ocr_line' id='line_1_40' title="bbox 344 3802 1922 3875; baseline -0.004 -14"><span class='ocrx_word' id='word_1_310' title='bbox 344 3806 487 3862; x_wconf 72' lang='lat' dir='ltr'><strong>ruit?</strong></span> <span class='ocrx_word' id='word_1_311' title='bbox 530 3806 666 3861; x_wconf 83' lang='lat' dir='ltr'><strong>Huic</strong></span> <span class='ocrx_word' id='word_1_312' title='bbox 704 3803 1048 3875; x_wconf 85' lang='lat' dir='ltr'><strong>propositioni</strong></span> <span class='ocrx_word' id='word_1_313' title='bbox 1098 3802 1481 3874; x_wconf 87' lang='lat' dir='ltr'><strong>respondemus</strong></span> <span class='ocrx_word' id='word_1_314' title='bbox 1525 3821 1539 3857; x_wconf 91' lang='lat'><strong>:</strong></span> <span class='ocrx_word' id='word_1_315' title='bbox 1578 3804 1746 3860; x_wconf 80' lang='lat' dir='ltr'><strong>Adam</strong></span> <span class='ocrx_word' id='word_1_316' title='bbox 1796 3818 1922 3872; x_wconf 80' lang='lat' dir='ltr'><strong>pro-</strong></span> 
     </span>
    </p>
   </div>
   <div class='ocr_carea' id='block_1_41' title="bbox 346 3894 1925 3971">
    <p class='ocr_par' dir='ltr' id='par_1_41' title="bbox 346 3894 1925 3971">
     <span class='ocr_line' id='line_1_41' title="bbox 346 3894 1925 3971; baseline -0.003 -18"><span class='ocrx_word' id='word_1_317' title='bbox 346 3907 527 3969; x_wconf 82' lang='lat' dir='ltr'><strong>pterea</strong></span> <span class='ocrx_word' id='word_1_318' title='bbox 573 3912 681 3951; x_wconf 89' lang='lat' dir='ltr'><strong>non</strong></span> <span class='ocrx_word' id='word_1_319' title='bbox 727 3895 887 3951; x_wconf 85' lang='lat' dir='ltr'><strong>talem</strong></span> <span class='ocrx_word' id='word_1_320' title='bbox 934 3903 1169 3971; x_wconf 85' lang='lat' dir='ltr'><strong>creatum</strong></span> <span class='ocrx_word' id='word_1_321' title='bbox 1194 3936 1209 3958; x_wconf 87' lang='lat'><strong>,</strong></span> <span class='ocrx_word' id='word_1_322' title='bbox 1260 3894 1381 3964; x_wconf 85' lang='lat' dir='ltr'><strong>quia</strong></span> <span class='ocrx_word' id='word_1_323' title='bbox 1436 3894 1634 3949; x_wconf 89' lang='lat' dir='ltr'><strong>nullius</strong></span> <span class='ocrx_word' id='word_1_324' title='bbox 1688 3897 1925 3964; x_wconf 89' lang='lat' dir='ltr'><strong>parentis</strong></span> 
     </span>
    </p>
   </div>
   <div class='ocr_carea' id='block_1_42' title="bbox 347 3981 1922 4057">
    <p class='ocr_par' dir='ltr' id='par_1_42' title="bbox 347 3981 1922 4057">
     <span class='ocr_line' id='line_1_42' title="bbox 347 3981 1922 4057; baseline -0.006 -14"><span class='ocrx_word' id='word_1_325' title='bbox 347 3986 684 4057; x_wconf 67' lang='lat' dir='ltr'><strong>prmeedente</strong></span> <span class='ocrx_word' id='word_1_326' title='bbox 700 3992 937 4054; x_wconf 86' lang='lat' dir='ltr'><strong>peccato,</strong></span> <span class='ocrx_word' id='word_1_327' title='bbox 960 3999 1064 4037; x_wconf 89' lang='lat' dir='ltr'><strong>non</strong></span> <span class='ocrx_word' id='word_1_328' title='bbox 1081 3982 1103 4015; x_wconf 73' lang='grc'><strong><em>⁵</em></strong></span> <span class='ocrx_word' id='word_1_329' title='bbox 1123 3990 1205 4039; x_wconf 90' lang='lat' dir='ltr'><strong>est</strong></span> <span class='ocrx_word' id='word_1_330' title='bbox 1217 3991 1426 4038; x_wconf 90' lang='lat' dir='ltr'><strong>creatus</strong></span> <span class='ocrx_word' id='word_1_331' title='bbox 1445 3981 1498 4036; x_wconf 91' lang='lat' dir='ltr'><strong>in</strong></span> <span class='ocrx_word' id='word_1_332' title='bbox 1520 3997 1680 4037; x_wconf 82' lang='lat' dir='ltr'><strong>carne</strong></span> <span class='ocrx_word' id='word_1_333' title='bbox 1696 3982 1922 4053; x_wconf 89' lang='lat' dir='ltr'><strong>peccati.</strong></span> 
     </span>
    </p>
   </div>
   <div class='ocr_carea' id='block_1_43' title="bbox 348 4072 1923 4145">
    <p class='ocr_par' dir='ltr' id='par_1_43' title="bbox 348 4072 1923 4145">
     <span class='ocr_line' id='line_1_43' title="bbox 348 4072 1923 4145; baseline -0.006 -10"><span class='ocrx_word' id='word_1_334' title='bbox 348 4078 457 4135; x_wconf 79' lang='lat' dir='ltr'><strong>Nos</strong></span> <span class='ocrx_word' id='word_1_335' title='bbox 480 4076 601 4133; x_wconf 87' lang='lat' dir='ltr'><strong>ideo</strong></span> <span class='ocrx_word' id='word_1_336' title='bbox 625 4076 780 4139; x_wconf 84' lang='lat' dir='ltr'><strong>tales,</strong></span> <span class='ocrx_word' id='word_1_337' title='bbox 811 4075 933 4145; x_wconf 86' lang='lat' dir='ltr'><strong>quia</strong></span> <span class='ocrx_word' id='word_1_338' title='bbox 976 4072 1118 4129; x_wconf 89' lang='lat' dir='ltr'><strong>illius</strong></span> <span class='ocrx_word' id='word_1_339' title='bbox 1161 4073 1492 4142; x_wconf 82' lang='lat' dir='ltr'><strong>praecedente</strong></span> <span class='ocrx_word' id='word_1_340' title='bbox 1533 4081 1773 4143; x_wconf 87' lang='lat' dir='ltr'><strong>peccato,</strong></span> <span class='ocrx_word' id='word_1_341' title='bbox 1814 4072 1923 4127; x_wconf 86' lang='lat' dir='ltr'><strong>nati</strong></span> 
     </span>
    </p>
   </div>
   <div class='ocr_carea' id='block_1_44' title="bbox 348 4162 1928 4235">
    <p class='ocr_par' dir='ltr' id='par_1_44' title="bbox 348 4162 1928 4235">
     <span class='ocr_line' id='line_1_44' title="bbox 348 4162 1928 4235; baseline -0.004 -10"><span class='ocrx_word' id='word_1_342' title='bbox 348 4183 532 4225; x_wconf 84' lang='lat' dir='ltr'><strong>sumus</strong></span> <span class='ocrx_word' id='word_1_343' title='bbox 560 4168 615 4221; x_wconf 85' lang='lat' dir='ltr'><strong>in</strong></span> <span class='ocrx_word' id='word_1_344' title='bbox 653 4179 819 4221; x_wconf 88' lang='lat' dir='ltr'><strong>carne</strong></span> <span class='ocrx_word' id='word_1_345' title='bbox 859 4163 1084 4235; x_wconf 86' lang='lat' dir='ltr'><strong>peccati.</strong></span> <span class='ocrx_word' id='word_1_346' title='bbox 1126 4162 1367 4219; x_wconf 84' lang='lat' dir='ltr'><strong>Christus</strong></span> <span class='ocrx_word' id='word_1_347' title='bbox 1397 4162 1517 4218; x_wconf 90' lang='lat' dir='ltr'><strong>ideo</strong></span> <span class='ocrx_word' id='word_1_348' title='bbox 1547 4162 1685 4229; x_wconf 89' lang='lat' dir='ltr'><strong>talis,</strong></span> <span class='ocrx_word' id='word_1_349' title='bbox 1717 4163 1838 4233; x_wconf 87' lang='lat' dir='ltr'><strong>quia</strong></span> <span class='ocrx_word' id='word_1_350' title='bbox 1870 4172 1928 4219; x_wconf 91' lang='lat' dir='ltr'><strong>ut</strong></span> 
     </span>
    </p>
   </div>
   <div class='ocr_carea' id='block_1_45' title="bbox 350 4252 1925 4328">
    <p class='ocr_par' dir='ltr' id='par_1_45' title="bbox 350 4252 1925 4328">
     <span class='ocr_line' id='line_1_45' title="bbox 350 4252 1925 4328; baseline -0.004 -15"><span class='ocrx_word' id='word_1_351' title='bbox 350 4258 418 4313; x_wconf 89' lang='lat' dir='ltr'><strong>de</strong></span> <span class='ocrx_word' id='word_1_352' title='bbox 444 4264 661 4328; x_wconf 86' lang='lat' dir='ltr'><strong>peccato</strong></span> <span class='ocrx_word' id='word_1_353' title='bbox 686 4253 1065 4310; x_wconf 88' lang='lat' dir='ltr'><strong>condemnaret</strong></span> <span class='ocrx_word' id='word_1_354' title='bbox 1091 4259 1386 4320; x_wconf 84' lang='lat' dir='ltr'><strong>peceatum,</strong></span> <span class='ocrx_word' id='word_1_355' title='bbox 1418 4260 1572 4307; x_wconf 89' lang='lat' dir='ltr'><strong>natus</strong></span> <span class='ocrx_word' id='word_1_356' title='bbox 1597 4260 1679 4307; x_wconf 91' lang='lat' dir='ltr'><strong>est</strong></span> <span class='ocrx_word' id='word_1_357' title='bbox 1702 4254 1753 4305; x_wconf 88' lang='lat' dir='ltr'><strong>in</strong></span> <span class='ocrx_word' id='word_1_358' title='bbox 1776 4252 1925 4307; x_wconf 37' lang='lat' dir='ltr'><strong>simis</strong></span> 
     </span>
    </p>
   </div>
   <div class='ocr_carea' id='block_1_46' title="bbox 350 4341 1928 4415">
    <p class='ocr_par' dir='ltr' id='par_1_46' title="bbox 350 4341 1928 4415">
     <span class='ocr_line' id='line_1_46' title="bbox 350 4341 1928 4415; baseline -0.003 -10"><span class='ocrx_word' id='word_1_359' title='bbox 350 4350 572 4405; x_wconf 88' lang='lat' dir='ltr'><strong>litndine</strong></span> <span class='ocrx_word' id='word_1_360' title='bbox 614 4348 791 4402; x_wconf 86' lang='lat' dir='ltr'><strong>carnis</strong></span> <span class='ocrx_word' id='word_1_361' title='bbox 820 4344 1018 4415; x_wconf 88' lang='lat' dir='ltr'><strong>peccati</strong></span> <span class='ocrx_word' id='word_1_362' title='bbox 1048 4341 1221 4415; x_wconf 83' lang='lat' dir='ltr'><strong>(Rom.</strong></span> <span class='ocrx_word' id='word_1_363' title='bbox 1249 4359 1362 4411; x_wconf 88' lang='lat' dir='ltr'><strong>vnt,</strong></span> <span class='ocrx_word' id='word_1_364' title='bbox 1385 4345 1461 4413; x_wconf 74' lang='grc' dir='ltr'><strong>ὅ).</strong></span> <span class='ocrx_word' id='word_1_365' title='bbox 1499 4342 1616 4400; x_wconf 80' lang='lat' dir='ltr'><strong>Non</strong></span> <span class='ocrx_word' id='word_1_366' title='bbox 1653 4345 1796 4398; x_wconf 90' lang='lat' dir='ltr'><strong>enim</strong></span> <span class='ocrx_word' id='word_1_367' title='bbox 1842 4344 1928 4401; x_wconf 86' lang='lat' dir='ltr'><strong>hic</strong></span> 
     </span>
    </p>
   </div>
   <div class='ocr_carea' id='block_1_47' title="bbox 352 4432 1925 4512">
    <p class='ocr_par' dir='ltr' id='par_1_47' title="bbox 352 4432 1925 4512">
     <span class='ocr_line' id='line_1_47' title="bbox 352 4432 1925 4512; baseline -0.003 -18"><span class='ocrx_word' id='word_1_368' title='bbox 352 4442 523 4512; x_wconf 79' lang='lat' dir='ltr'><strong>agitur</strong></span> <span class='ocrx_word' id='word_1_369' title='bbox 546 4439 616 4495; x_wconf 88' lang='lat' dir='ltr'><strong>de</strong></span> <span class='ocrx_word' id='word_1_370' title='bbox 641 4437 833 4503; x_wconf 84' lang='lat' dir='ltr'><strong>Adam,</strong></span> <span class='ocrx_word' id='word_1_371' title='bbox 869 4433 1010 4507; x_wconf 90' lang='lat' dir='ltr'><strong>quod</strong></span> <span class='ocrx_word' id='word_1_372' title='bbox 1041 4435 1265 4505; x_wconf 88' lang='lat' dir='ltr'><strong>pertinet</strong></span> <span class='ocrx_word' id='word_1_373' title='bbox 1288 4432 1356 4489; x_wconf 88' lang='lat' dir='ltr'><strong>ad</strong></span> <span class='ocrx_word' id='word_1_374' title='bbox 1380 4435 1621 4505; x_wconf 89' lang='lat' dir='ltr'><strong>corporis</strong></span> <span class='ocrx_word' id='word_1_375' title='bbox 1658 4436 1925 4505; x_wconf 87' lang='lat' dir='ltr'><strong>quantita-</strong></span> 
     </span>
    </p>
   </div>
   <div class='ocr_carea' id='block_1_48' title="bbox 353 4525 1927 4601">
    <p class='ocr_par' dir='ltr' id='par_1_48' title="bbox 353 4525 1927 4601">
     <span class='ocr_line' id='line_1_48' title="bbox 353 4525 1927 4601; baseline -0.003 -15"><span class='ocrx_word' id='word_1_376' title='bbox 353 4541 479 4596; x_wconf 84' lang='lat' dir='ltr'><strong>tem,</strong></span> <span class='ocrx_word' id='word_1_377' title='bbox 508 4530 630 4601; x_wconf 82' lang='lat' dir='ltr'><strong>quia</strong></span> <span class='ocrx_word' id='word_1_378' title='bbox 662 4543 768 4582; x_wconf 92' lang='lat' dir='ltr'><strong>non</strong></span> <span class='ocrx_word' id='word_1_379' title='bbox 794 4527 1041 4596; x_wconf 87' lang='lat' dir='ltr'><strong>parvulus</strong></span> <span class='ocrx_word' id='word_1_380' title='bbox 1064 4525 1233 4581; x_wconf 80' lang='lat' dir='ltr'><strong>factus</strong></span> <span class='ocrx_word' id='word_1_381' title='bbox 1259 4533 1359 4594; x_wconf 90' lang='lat' dir='ltr'><strong>est,</strong></span> <span class='ocrx_word' id='word_1_382' title='bbox 1399 4525 1491 4580; x_wconf 89' lang='lat' dir='ltr'><strong>sed</strong></span> <span class='ocrx_word' id='word_1_383' title='bbox 1531 4526 1761 4596; x_wconf 79' lang='lat' dir='ltr'><strong>perlecta</strong></span> <span class='ocrx_word' id='word_1_384' title='bbox 1787 4527 1927 4582; x_wconf 88' lang='lat' dir='ltr'><strong>mole</strong></span> 
     </span>
    </p>
   </div>
   <div class='ocr_carea' id='block_1_49' title="bbox 355 4615 1927 4688">
    <p class='ocr_par' dir='ltr' id='par_1_49' title="bbox 355 4615 1927 4688">
     <span class='ocr_line' id='line_1_49' title="bbox 355 4615 1927 4688; baseline -0.001 -13"><span class='ocrx_word' id='word_1_385' title='bbox 355 4621 765 4675; x_wconf 89' lang='lat' dir='ltr'><strong>membrorum:</strong></span> <span class='ocrx_word' id='word_1_386' title='bbox 805 4624 982 4688; x_wconf 86' lang='lat' dir='ltr'><strong>potest</strong></span> <span class='ocrx_word' id='word_1_387' title='bbox 1026 4617 1168 4672; x_wconf 88' lang='lat' dir='ltr'><strong>enim</strong></span> <span class='ocrx_word' id='word_1_388' title='bbox 1213 4615 1352 4684; x_wconf 89' lang='lat' dir='ltr'><strong>dici,</strong></span> <span class='ocrx_word' id='word_1_389' title='bbox 1401 4617 1558 4671; x_wconf 88' lang='lat' dir='ltr'><strong>etiam</strong></span> <span class='ocrx_word' id='word_1_390' title='bbox 1610 4631 1801 4686; x_wconf 87' lang='lat' dir='ltr'><strong>pecora</strong></span> <span class='ocrx_word' id='word_1_391' title='bbox 1849 4618 1927 4673; x_wconf 88' lang='lat' dir='ltr'><strong>sic</strong></span> 
     </span>
    </p>
   </div>
   <div class='ocr_carea' id='block_1_50' title="bbox 353 4706 1927 4776">
    <p class='ocr_par' dir='ltr' id='par_1_50' title="bbox 353 4706 1927 4776">
     <span class='ocr_line' id='line_1_50' title="bbox 353 4706 1927 4776; baseline -0.002 -11"><span class='ocrx_word' id='word_1_392' title='bbox 353 4720 550 4776; x_wconf 83' lang='lat' dir='ltr'><strong>creata,</strong></span> <span class='ocrx_word' id='word_1_393' title='bbox 578 4723 679 4764; x_wconf 87' lang='lat' dir='ltr'><strong>nec</strong></span> <span class='ocrx_word' id='word_1_394' title='bbox 706 4717 881 4762; x_wconf 89' lang='lat' dir='ltr'><strong>tamen</strong></span> <span class='ocrx_word' id='word_1_395' title='bbox 905 4721 1093 4763; x_wconf 92' lang='lat' dir='ltr'><strong>eorum</strong></span> <span class='ocrx_word' id='word_1_396' title='bbox 1119 4715 1334 4776; x_wconf 86' lang='lat' dir='ltr'><strong>peccato</strong></span> <span class='ocrx_word' id='word_1_397' title='bbox 1362 4706 1557 4761; x_wconf 82' lang='lat' dir='ltr'><strong>factum</strong></span> <span class='ocrx_word' id='word_1_398' title='bbox 1592 4721 1742 4772; x_wconf 89' lang='lat' dir='ltr'><strong>esse,</strong></span> <span class='ocrx_word' id='word_1_399' title='bbox 1776 4714 1833 4761; x_wconf 90' lang='lat' dir='ltr'><strong>ut</strong></span> <span class='ocrx_word' id='word_1_400' title='bbox 1860 4723 1927 4762; x_wconf 78' lang='lat' dir='ltr'><strong>ex</strong></span> 
     </span>
    </p>
   </div>
   <div class='ocr_carea' id='block_1_51' title="bbox 355 4795 1928 4871">
    <p class='ocr_par' dir='ltr' id='par_1_51' title="bbox 355 4795 1928 4871">
     <span class='ocr_line' id='line_1_51' title="bbox 355 4795 1928 4871; baseline -0.001 -18"><span class='ocrx_word' id='word_1_401' title='bbox 355 4800 434 4854; x_wconf 78' lang='lat' dir='ltr'><strong>eis</strong></span> <span class='ocrx_word' id='word_1_402' title='bbox 458 4798 589 4871; x_wconf 54' lang='lat' dir='ltr'><strong>pulli</strong></span> <span class='ocrx_word' id='word_1_403' title='bbox 633 4796 844 4866; x_wconf 82' lang='lat' dir='ltr'><strong>parvuli</strong></span> <span class='ocrx_word' id='word_1_404' title='bbox 885 4804 1256 4861; x_wconf 87' lang='lat' dir='ltr'><strong>nascerentur;</strong></span> <span class='ocrx_word' id='word_1_405' title='bbox 1308 4795 1448 4864; x_wconf 90' lang='lat' dir='ltr'><strong>quod</strong></span> <span class='ocrx_word' id='word_1_406' title='bbox 1490 4796 1647 4865; x_wconf 86' lang='lat' dir='ltr'><strong>quale</strong></span> <span class='ocrx_word' id='word_1_407' title='bbox 1681 4796 1750 4851; x_wconf 90' lang='lat' dir='ltr'><strong>sit</strong></span> <span class='ocrx_word' id='word_1_408' title='bbox 1786 4811 1928 4851; x_wconf 87' lang='lat' dir='ltr'><strong>nunc</strong></span> 
     </span>
    </p>
   </div>
   <div class='ocr_carea' id='block_1_52' title="bbox 358 4883 1925 4957">
    <p class='ocr_par' dir='ltr' id='par_1_52' title="bbox 358 4883 1925 4957">
     <span class='ocr_line' id='line_1_52' title="bbox 358 4883 1925 4957; baseline -0.001 -16"><span class='ocrx_word' id='word_1_409' title='bbox 358 4902 463 4943; x_wconf 81' lang='lat' dir='ltr'><strong>uel:</strong></span> <span class='ocrx_word' id='word_1_410' title='bbox 502 4887 793 4957; x_wconf 61' lang='lat' dir='ltr'><strong>quaerimus</strong></span> <span class='ocrx_word' id='word_1_411' title='bbox 823 4902 837 4938; x_wconf 91' lang='lat'><strong>:</strong></span> <span class='ocrx_word' id='word_1_412' title='bbox 868 4884 962 4939; x_wconf 86' lang='lat' dir='ltr'><strong>sed</strong></span> <span class='ocrx_word' id='word_1_413' title='bbox 1007 4885 1180 4955; x_wconf 88' lang='lat' dir='ltr'><strong>agitur</strong></span> <span class='ocrx_word' id='word_1_414' title='bbox 1206 4884 1272 4939; x_wconf 89' lang='lat' dir='ltr'><strong>de</strong></span> <span class='ocrx_word' id='word_1_415' title='bbox 1305 4883 1445 4939; x_wconf 88' lang='lat' dir='ltr'><strong>illius</strong></span> <span class='ocrx_word' id='word_1_416' title='bbox 1475 4886 1667 4939; x_wconf 90' lang='lat' dir='ltr'><strong>mentis</strong></span> <span class='ocrx_word' id='word_1_417' title='bbox 1700 4886 1925 4955; x_wconf 87' lang='lat' dir='ltr'><strong>quadam</strong></span> 
     </span>
    </p>
   </div>
   <div class='ocr_carea' id='block_1_53' title="bbox 358 4973 1926 5044">
    <p class='ocr_par' dir='ltr' id='par_1_53' title="bbox 358 4973 1926 5044">
     <span class='ocr_line' id='line_1_53' title="bbox 358 4973 1926 5044; baseline 0 -15"><span class='ocrx_word' id='word_1_418' title='bbox 358 4977 583 5032; x_wconf 80' lang='lat' dir='ltr'><strong>valentia</strong></span> <span class='ocrx_word' id='word_1_419' title='bbox 607 4988 814 5044; x_wconf 88' lang='lat' dir='ltr'><strong>usuque</strong></span> <span class='ocrx_word' id='word_1_420' title='bbox 840 4974 1080 5037; x_wconf 87' lang='lat' dir='ltr'><strong>rationis,</strong></span> <span class='ocrx_word' id='word_1_421' title='bbox 1109 4987 1215 5042; x_wconf 91' lang='lat' dir='ltr'><strong>quo</strong></span> <span class='ocrx_word' id='word_1_422' title='bbox 1242 4980 1564 5043; x_wconf 63' lang='lat' dir='ltr'><strong>praeceptum</strong></span> <span class='ocrx_word' id='word_1_423' title='bbox 1607 4973 1701 5028; x_wconf 88' lang='lat' dir='ltr'><strong>Dei</strong></span> <span class='ocrx_word' id='word_1_424' title='bbox 1727 4975 1926 5044; x_wconf 80' lang='lat' dir='ltr'><strong>legem-</strong></span> 
     </span>
    </p>
   </div>
   <div class='ocr_carea' id='block_1_54' title="bbox 358 5064 1930 5137">
    <p class='ocr_par' dir='ltr' id='par_1_54' title="bbox 358 5064 1930 5137">
     <span class='ocr_line' id='line_1_54' title="bbox 358 5064 1930 5137; baseline 0 -16"><span class='ocrx_word' id='word_1_425' title='bbox 358 5082 457 5137; x_wconf 88' lang='lat' dir='ltr'><strong>que</strong></span> <span class='ocrx_word' id='word_1_426' title='bbox 483 5066 720 5122; x_wconf 86' lang='lat' dir='ltr'><strong>mandati</strong></span> <span class='ocrx_word' id='word_1_427' title='bbox 744 5073 798 5121; x_wconf 88' lang='lat' dir='ltr'><strong>et</strong></span> <span class='ocrx_word' id='word_1_428' title='bbox 820 5064 1008 5121; x_wconf 88' lang='lat' dir='ltr'><strong>docilis</strong></span> <span class='ocrx_word' id='word_1_429' title='bbox 1033 5064 1202 5119; x_wconf 84' lang='lat' dir='ltr'><strong>Adam</strong></span> <span class='ocrx_word' id='word_1_430' title='bbox 1241 5074 1475 5134; x_wconf 82' lang='lat' dir='ltr'><strong>caperet,</strong></span> <span class='ocrx_word' id='word_1_431' title='bbox 1499 5072 1553 5120; x_wconf 93' lang='lat' dir='ltr'><strong>et</strong></span> <span class='ocrx_word' id='word_1_432' title='bbox 1573 5065 1727 5121; x_wconf 80' lang='lat' dir='ltr'><strong>facile</strong></span> <span class='ocrx_word' id='word_1_433' title='bbox 1747 5074 1930 5136; x_wconf 89' lang='lat' dir='ltr'><strong>posset</strong></span> 
     </span>
    </p>
   </div>
   <div class='ocr_carea' id='block_1_55' title="bbox 422 5224 1195 5287">
    <p class='ocr_par' dir='ltr' id='par_1_55' title="bbox 422 5224 1195 5287">
     <span class='ocr_line' id='line_1_55' title="bbox 422 5224 1195 5287; baseline -0.006 -8"><span class='ocrx_word' id='word_1_434' title='bbox 422 5232 438 5262; x_wconf 72' lang='grc' dir='ltr'>ι</span> <span class='ocrx_word' id='word_1_435' title='bbox 472 5237 581 5280; x_wconf 76' lang='lat' dir='ltr'><strong>tm.</strong></span> <span class='ocrx_word' id='word_1_436' title='bbox 600 5242 666 5279; x_wconf 72' lang='lat' dir='ltr'><strong>ex</strong></span> <span class='ocrx_word' id='word_1_437' title='bbox 692 5225 937 5278; x_wconf 84' lang='lat' dir='ltr'><strong>nonnullis</strong></span> <span class='ocrx_word' id='word_1_438' title='bbox 954 5233 1084 5287; x_wconf 59' lang='lat' dir='ltr'><strong>Mss,</strong></span> <span class='ocrx_word' id='word_1_439' title='bbox 1107 5224 1195 5276; x_wconf 84' lang='lat' dir='ltr'><strong>ait.</strong></span> 
     </span>
    </p>
   </div>
   <div class='ocr_carea' id='block_1_56' title="bbox 420 5285 1930 5353">
    <p class='ocr_par' dir='ltr' id='par_1_56' title="bbox 420 5285 1930 5353">
     <span class='ocr_line' id='line_1_56' title="bbox 420 5285 1930 5353; baseline -0.002 -14"><span class='ocrx_word' id='word_1_440' title='bbox 420 5293 441 5324; x_wconf 77' lang='grc'>⁸</span> <span class='ocrx_word' id='word_1_441' title='bbox 473 5295 601 5353; x_wconf 77' lang='lat' dir='ltr'><strong>Apud</strong></span> <span class='ocrx_word' id='word_1_442' title='bbox 623 5297 735 5339; x_wconf 81' lang='lat' dir='ltr'><strong>Lov.</strong></span> <span class='ocrx_word' id='word_1_443' title='bbox 753 5322 771 5347; x_wconf 90' lang='lat'><strong>,</strong></span> <span class='ocrx_word' id='word_1_444' title='bbox 788 5288 831 5338; x_wconf 81' lang='lat' dir='ltr'><strong>si</strong></span> <span class='ocrx_word' id='word_1_445' title='bbox 852 5292 1041 5338; x_wconf 75' lang='lat' dir='ltr'><strong>natura:</strong></span> <span class='ocrx_word' id='word_1_446' title='bbox 1053 5285 1140 5337; x_wconf 80' lang='lat' dir='ltr'><strong>est.</strong></span> <span class='ocrx_word' id='word_1_447' title='bbox 1160 5293 1214 5336; x_wconf 82' lang='lat' dir='ltr'><strong>Et</strong></span> <span class='ocrx_word' id='word_1_448' title='bbox 1234 5287 1284 5336; x_wconf 88' lang='lat' dir='ltr'><strong>in</strong></span> <span class='ocrx_word' id='word_1_449' title='bbox 1301 5285 1531 5348; x_wconf 82' lang='lat' dir='ltr'><strong>principio</strong></span> <span class='ocrx_word' id='word_1_450' title='bbox 1548 5285 1821 5350; x_wconf 75' lang='lat' dir='ltr'><strong>capitis37:</strong></span> <span class='ocrx_word' id='word_1_451' title='bbox 1848 5288 1930 5337; x_wconf 76' lang='lat' dir='ltr'><strong>ssi</strong></span> 
     </span>
    </p>
   </div>
   <div class='ocr_carea' id='block_1_57' title="bbox 370 5352 1932 5478">
    <p class='ocr_par' dir='ltr' id='par_1_57' title="bbox 370 5352 1932 5478">
     <span class='ocr_line' id='line_1_57' title="bbox 370 5352 1192 5410; baseline -0.007 -13"><span class='ocrx_word' id='word_1_452' title='bbox 370 5369 391 5397; x_wconf 80' lang='grc' dir='ltr'>ι</span> <span class='ocrx_word' id='word_1_453' title='bbox 411 5352 517 5401; x_wconf 61' lang='lat' dir='ltr'><strong>hac</strong></span> <span class='ocrx_word' id='word_1_454' title='bbox 537 5358 723 5399; x_wconf 77' lang='lat' dir='ltr'><strong>naturae</strong></span> <span class='ocrx_word' id='word_1_455' title='bbox 746 5360 880 5410; x_wconf 80' lang='lat' dir='ltr'><strong>purae</strong></span> <span class='ocrx_word' id='word_1_456' title='bbox 901 5362 998 5396; x_wconf 89' lang='lat' dir='ltr'><strong>non</strong></span> <span class='ocrx_word' id='word_1_457' title='bbox 1019 5355 1149 5397; x_wconf 86' lang='lat' dir='ltr'><strong>sunt.</strong></span> <span class='ocrx_word' id='word_1_458' title='bbox 1169 5362 1192 5391; x_wconf 73' lang='grc' dir='ltr'><strong><em>ι</em></strong></span> 
     </span>
     <span class='ocr_line' id='line_1_58' title="bbox 424 5408 1932 5478; baseline -0.001 -18"><span class='ocrx_word' id='word_1_459' title='bbox 424 5414 445 5445; x_wconf 84' lang='grc'>³</span> <span class='ocrx_word' id='word_1_460' title='bbox 478 5410 707 5478; x_wconf 41' lang='lat' dir='ltr'><strong>petieris“</strong></span> <span class='ocrx_word' id='word_1_461' title='bbox 725 5416 853 5478; x_wconf 73' lang='lat' dir='ltr'><strong>notae</strong></span> <span class='ocrx_word' id='word_1_462' title='bbox 890 5414 999 5478; x_wconf 63' lang='lat' dir='ltr'><strong>ttss.</strong></span> <span class='ocrx_word' id='word_1_463' title='bbox 1019 5408 1341 5478; x_wconf 70' lang='lat' dir='ltr'><strong>cor-peiensls,</strong></span> <span class='ocrx_word' id='word_1_464' title='bbox 1364 5408 1932 5478; x_wconf 68' lang='lat' dir='ltr'><strong>ttemi_gianus,_g:ygiran-</strong></span> 
     </span>
    </p>
   </div>
   <div class='ocr_carea' id='block_1_58' title="bbox 360 5466 1934 5532">
    <p class='ocr_par' dir='ltr' id='par_1_58' title="bbox 360 5466 1934 5532">
     <span class='ocr_line' id='line_1_59' title="bbox 360 5466 1934 5532; baseline -0.004 -9"><span class='ocrx_word' id='word_1_465' title='bbox 360 5472 541 5528; x_wconf 66' lang='lat' dir='ltr'><strong>tremis,</strong></span> <span class='ocrx_word' id='word_1_466' title='bbox 556 5478 612 5522; x_wconf 84' lang='lat' dir='ltr'><strong>et</strong></span> <span class='ocrx_word' id='word_1_467' title='bbox 628 5470 710 5521; x_wconf 80' lang='lat' dir='ltr'><strong>alii</strong></span> <span class='ocrx_word' id='word_1_468' title='bbox 729 5468 941 5532; x_wconf 82' lang='lat' dir='ltr'><strong>quidam,</strong></span> <span class='ocrx_word' id='word_1_469' title='bbox 956 5467 1000 5519; x_wconf 79' lang='lat' dir='ltr'><strong>si</strong></span> <span class='ocrx_word' id='word_1_470' title='bbox 1020 5467 1072 5518; x_wconf 80' lang='lat' dir='ltr'><strong>in</strong></span> <span class='ocrx_word' id='word_1_471' title='bbox 1092 5466 1184 5517; x_wconf 81' lang='lat' dir='ltr'><strong>hac</strong></span> <span class='ocrx_word' id='word_1_472' title='bbox 1199 5466 1295 5519; x_wconf 82' lang='lat' dir='ltr'><strong>vita</strong></span> <span class='ocrx_word' id='word_1_473' title='bbox 1314 5478 1406 5517; x_wconf 82' lang='lat' dir='ltr'><strong>non</strong></span> <span class='ocrx_word' id='word_1_474' title='bbox 1420 5467 1519 5518; x_wconf 83' lang='lat' dir='ltr'><strong>nati</strong></span> <span class='ocrx_word' id='word_1_475' title='bbox 1538 5467 1727 5532; x_wconf 78' lang='lat' dir='ltr'><strong>parvuli</strong></span> <span class='ocrx_word' id='word_1_476' title='bbox 1744 5466 1934 5519; x_wconf 68' lang='lat' dir='ltr'><strong>contro-</strong></span> 
     </span>
    </p>
   </div>
   <div class='ocr_carea' id='block_1_59' title="bbox 360 5538 1935 5662">
    <p class='ocr_par' dir='ltr' id='par_1_59' title="bbox 360 5538 1935 5662">
     <span class='ocr_line' id='line_1_60' title="bbox 360 5538 1935 5662; baseline 0 -22"><span class='ocrx_word' id='word_1_477' title='bbox 360 5538 626 5662; x_wconf 50' lang='lat' dir='ltr'><strong>“miqu</strong></span> <span class='ocrx_word' id='word_1_478' title='bbox 645 5597 742 5651; x_wconf 68' lang='lat' dir='ltr'><strong>En,</strong></span> <span class='ocrx_word' id='word_1_479' title='bbox 761 5587 876 5653; x_wconf 72' lang='lat' dir='ltr'><strong>quia</strong></span> <span class='ocrx_word' id='word_1_480' title='bbox 895 5588 1073 5662; x_wconf 62' lang='lat' dir='ltr'><strong>nullan</strong></span> <span class='ocrx_word' id='word_1_481' title='bbox 1094 5588 1306 5660; x_wconf 67' lang='lat' dir='ltr'><strong>parentis</strong></span> <span class='ocrx_word' id='word_1_482' title='bbox 1326 5589 1627 5651; x_wconf 68' lang='lat' dir='ltr'><strong>pracedcnte</strong></span> <span class='ocrx_word' id='word_1_483' title='bbox 1649 5594 1843 5653; x_wconf 78' lang='lat' dir='ltr'><strong>peccato</strong></span> <span class='ocrx_word' id='word_1_484' title='bbox 1862 5595 1935 5642; x_wconf 74' lang='lat' dir='ltr'><strong>est</strong></span> 
     </span>
    </p>
   </div>
   <div class='ocr_carea' id='block_1_60' title="bbox 360 5657 1360 5713">
    <p class='ocr_par' dir='ltr' id='par_1_60' title="bbox 360 5657 1360 5713">
     <span class='ocr_line' id='line_1_61' title="bbox 360 5657 1360 5713; baseline -0.006 -9"><span class='ocrx_word' id='word_1_485' title='bbox 360 5662 554 5708; x_wconf 71' lang='lat' dir='ltr'><strong>creatus</strong></span> <span class='ocrx_word' id='word_1_486' title='bbox 572 5657 620 5705; x_wconf 82' lang='lat' dir='ltr'><strong>in</strong></span> <span class='ocrx_word' id='word_1_487' title='bbox 644 5664 789 5704; x_wconf 80' lang='lat' dir='ltr'><strong>came</strong></span> <span class='ocrx_word' id='word_1_488' title='bbox 810 5657 1010 5705; x_wconf 73' lang='lat' dir='ltr'><strong>peccati.</strong></span> <span class='ocrx_word' id='word_1_489' title='bbox 1034 5657 1226 5713; x_wconf 82' lang='lat' dir='ltr'><strong>omisso,</strong></span> <span class='ocrx_word' id='word_1_490' title='bbox 1251 5662 1360 5699; x_wconf 86' lang='lat' dir='ltr'><strong>non.</strong></span> 
     </span>
    </p>
   </div>
   <div class='ocr_carea' id='block_1_61' title="bbox 1714 274 2217 334">
    <p class='ocr_par' dir='ltr' id='par_1_61' title="bbox 1714 274 2217 334">
     <span class='ocr_line' id='line_1_62' title="bbox 1714 274 2217 334; baseline 0.012 -6"><span class='ocrx_word' id='word_1_491' title='bbox 1714 274 1916 329; x_wconf 72' lang='grc' dir='ltr'><strong>ιςΒΕιι</strong></span> <span class='ocrx_word' id='word_1_492' title='bbox 1955 275 2217 334; x_wconf 66' lang='lat' dir='ltr'><strong>PRIMUS.</strong></span> 
     </span>
    </p>
   </div>
   <div class='ocr_carea' id='block_1_62' title="bbox 2172 124 2209 137">
    <p class='ocr_par' dir='ltr' id='par_1_62' title="bbox 2172 124 2209 137">
     <span class='ocr_line' id='line_1_63' title="bbox 2172 124 2209 137; baseline 0 0"><span class='ocrx_word' id='word_1_493' title='bbox 2172 124 2209 137; x_wconf 68' lang='lat'><strong><em>.-</em></strong></span> 
     </span>
    </p>
   </div>
   <div class='ocr_carea' id='block_1_63' title="bbox 3504 293 3608 350">
    <p class='ocr_par' dir='ltr' id='par_1_63' title="bbox 3504 293 3608 350">
     <span class='ocr_line' id='line_1_64' title="bbox 3504 293 3608 350; baseline 0.019 -2"><span class='ocrx_word' id='word_1_494' title='bbox 3504 293 3608 350; x_wconf 70' lang='lat' dir='ltr'><strong>I50</strong></span> 
     </span>
    </p>
   </div>
   <div class='ocr_carea' id='block_1_64' title="bbox 2027 389 3591 471">
    <p class='ocr_par' dir='ltr' id='par_1_64' title="bbox 2027 389 3591 471">
     <span class='ocr_line' id='line_1_65' title="bbox 2027 389 3591 471; baseline 0.012 -30"><span class='ocrx_word' id='word_1_495' title='bbox 2027 389 2312 453; x_wconf 76' lang='lat' dir='ltr'><strong>custodire,</strong></span> <span class='ocrx_word' id='word_1_496' title='bbox 2344 391 2389 444; x_wconf 88' lang='lat' dir='ltr'><strong>si</strong></span> <span class='ocrx_word' id='word_1_497' title='bbox 2420 392 2596 447; x_wconf 83' lang='lat' dir='ltr'><strong>vellet.</strong></span> <span class='ocrx_word' id='word_1_498' title='bbox 2624 393 2776 450; x_wconf 83' lang='lat' dir='ltr'><strong>Nunc</strong></span> <span class='ocrx_word' id='word_1_499' title='bbox 2807 404 2986 452; x_wconf 80' lang='lat' dir='ltr'><strong>autent</strong></span> <span class='ocrx_word' id='word_1_500' title='bbox 3032 398 3190 454; x_wconf 89' lang='lat' dir='ltr'><strong>homo</strong></span> <span class='ocrx_word' id='word_1_501' title='bbox 3212 400 3291 456; x_wconf 87' lang='lat' dir='ltr'><strong>sic</strong></span> <span class='ocrx_word' id='word_1_502' title='bbox 3316 401 3549 459; x_wconf 82' lang='lat' dir='ltr'><strong>nascitur</strong></span> <span class='ocrx_word' id='word_1_503' title='bbox 3575 444 3591 471; x_wconf 87' lang='lat'><strong>,</strong></span> 
     </span>
    </p>
   </div>
   <div class='ocr_carea' id='block_1_65' title="bbox 2027 479 3596 559">
    <p class='ocr_par' dir='ltr' id='par_1_65' title="bbox 2027 479 3596 559">
     <span class='ocr_line' id='line_1_66' title="bbox 2027 479 3596 559; baseline 0.011 -29"><span class='ocrx_word' id='word_1_504' title='bbox 2027 487 2085 530; x_wconf 90' lang='lat' dir='ltr'><strong>ut</strong></span> <span class='ocrx_word' id='word_1_505' title='bbox 2121 479 2337 534; x_wconf 89' lang='lat' dir='ltr'><strong>omnino</strong></span> <span class='ocrx_word' id='word_1_506' title='bbox 2360 495 2466 535; x_wconf 89' lang='lat' dir='ltr'><strong>non</strong></span> <span class='ocrx_word' id='word_1_507' title='bbox 2492 480 2690 551; x_wconf 87' lang='lat' dir='ltr'><strong>possit,</strong></span> <span class='ocrx_word' id='word_1_508' title='bbox 2728 494 2941 555; x_wconf 86' lang='lat' dir='ltr'><strong>prepter</strong></span> <span class='ocrx_word' id='word_1_509' title='bbox 2984 485 3300 543; x_wconf 86' lang='lat' dir='ltr'><strong>horrendam</strong></span> <span class='ocrx_word' id='word_1_510' title='bbox 3345 490 3596 559; x_wconf 84' lang='lat' dir='ltr'><strong>ignoran-</strong></span> 
     </span>
    </p>
   </div>
   <div class='ocr_carea' id='block_1_66' title="bbox 2028 567 3597 644">
    <p class='ocr_par' dir='ltr' id='par_1_66' title="bbox 2028 567 3597 644">
     <span class='ocr_line' id='line_1_67' title="bbox 2028 567 3597 644; baseline 0.01 -24"><span class='ocrx_word' id='word_1_511' title='bbox 2028 567 2153 620; x_wconf 83' lang='lat' dir='ltr'><strong>tiam</strong></span> <span class='ocrx_word' id='word_1_512' title='bbox 2179 576 2335 637; x_wconf 87' lang='lat' dir='ltr'><strong>atque</strong></span> <span class='ocrx_word' id='word_1_513' title='bbox 2360 569 2735 637; x_wconf 78' lang='lat' dir='ltr'><strong>inﬁrmitatem,</strong></span> <span class='ocrx_word' id='word_1_514' title='bbox 2760 589 2864 628; x_wconf 89' lang='lat' dir='ltr'><strong>non</strong></span> <span class='ocrx_word' id='word_1_515' title='bbox 2893 576 3088 638; x_wconf 84' lang='lat' dir='ltr'><strong>carnis,</strong></span> <span class='ocrx_word' id='word_1_516' title='bbox 3112 576 3204 632; x_wconf 83' lang='lat' dir='ltr'><strong>sed</strong></span> <span class='ocrx_word' id='word_1_517' title='bbox 3228 580 3448 644; x_wconf 82' lang='lat' dir='ltr'><strong>mentis;</strong></span> <span class='ocrx_word' id='word_1_518' title='bbox 3472 594 3597 635; x_wconf 90' lang='lat' dir='ltr'><strong>cunt</strong></span> 
     </span>
    </p>
   </div>
   <div class='ocr_carea' id='block_1_67' title="bbox 2025 657 3594 736">
    <p class='ocr_par' dir='ltr' id='par_1_67' title="bbox 2025 657 3594 736">
     <span class='ocr_line' id='line_1_68' title="bbox 2025 657 3594 736; baseline 0.008 -26"><span class='ocrx_word' id='word_1_519' title='bbox 2025 672 2213 710; x_wconf 72' lang='lat' dir='ltr'><strong>omnes</strong></span> <span class='ocrx_word' id='word_1_520' title='bbox 2239 657 2499 713; x_wconf 79' lang='lat' dir='ltr'><strong>fateamur</strong></span> <span class='ocrx_word' id='word_1_521' title='bbox 2523 660 2574 713; x_wconf 90' lang='lat' dir='ltr'><strong>in</strong></span> <span class='ocrx_word' id='word_1_522' title='bbox 2598 662 2815 730; x_wconf 89' lang='lat' dir='ltr'><strong>parvulo</strong></span> <span class='ocrx_word' id='word_1_523' title='bbox 2834 678 2941 717; x_wconf 91' lang='lat' dir='ltr'><strong>non</strong></span> <span class='ocrx_word' id='word_1_524' title='bbox 2962 665 3180 719; x_wconf 84' lang='lat' dir='ltr'><strong>alterius</strong></span> <span class='ocrx_word' id='word_1_525' title='bbox 3196 707 3210 730; x_wconf 92' lang='lat'><strong>,</strong></span> <span class='ocrx_word' id='word_1_526' title='bbox 3242 665 3335 721; x_wconf 89' lang='lat' dir='ltr'><strong>sed</strong></span> <span class='ocrx_word' id='word_1_527' title='bbox 3356 667 3594 736; x_wconf 88' lang='lat' dir='ltr'><strong>ejusdem</strong></span> 
     </span>
    </p>
   </div>
   <div class='ocr_carea' id='block_1_68' title="bbox 2026 746 3598 821">
    <p class='ocr_par' dir='ltr' id='par_1_68' title="bbox 2026 746 3598 821">
     <span class='ocr_line' id='line_1_69' title="bbox 2026 746 3598 821; baseline 0.008 -22"><span class='ocrx_word' id='word_1_528' title='bbox 2026 746 2333 802; x_wconf 68' lang='lat' dir='ltr'><strong>substantiae</strong></span> <span class='ocrx_word' id='word_1_529' title='bbox 2361 748 2513 817; x_wconf 84' lang='lat' dir='ltr'><strong>cujus</strong></span> <span class='ocrx_word' id='word_1_530' title='bbox 2540 749 2592 803; x_wconf 90' lang='lat' dir='ltr'><strong>in</strong></span> <span class='ocrx_word' id='word_1_531' title='bbox 2625 750 2795 818; x_wconf 91' lang='lat' dir='ltr'><strong>primo</strong></span> <span class='ocrx_word' id='word_1_532' title='bbox 2836 753 3049 806; x_wconf 87' lang='lat' dir='ltr'><strong>homine</strong></span> <span class='ocrx_word' id='word_1_533' title='bbox 3076 751 3200 818; x_wconf 79' lang='lat' dir='ltr'><strong>fuit,</strong></span> <span class='ocrx_word' id='word_1_534' title='bbox 3237 754 3339 811; x_wconf 89' lang='lat' dir='ltr'><strong>hoc</strong></span> <span class='ocrx_word' id='word_1_535' title='bbox 3362 762 3462 821; x_wconf 88' lang='lat' dir='ltr'><strong>est,</strong></span> <span class='ocrx_word' id='word_1_536' title='bbox 3508 771 3598 810; x_wconf 82' lang='lat' dir='ltr'><strong>ro-</strong></span> 
     </span>
    </p>
   </div>
   <div class='ocr_carea' id='block_1_69' title="bbox 2029 836 3598 914">
    <p class='ocr_par' dir='ltr' id='par_1_69' title="bbox 2029 836 3598 914">
     <span class='ocr_line' id='line_1_70' title="bbox 2029 836 3598 914; baseline 0.007 -25"><span class='ocrx_word' id='word_1_537' title='bbox 2029 836 2273 891; x_wconf 89' lang='lat' dir='ltr'><strong>tionalem</strong></span> <span class='ocrx_word' id='word_1_538' title='bbox 2300 839 2529 892; x_wconf 87' lang='lat' dir='ltr'><strong>animam</strong></span> <span class='ocrx_word' id='word_1_539' title='bbox 2554 837 2769 909; x_wconf 87' lang='lat' dir='ltr'><strong>degere.</strong></span> <span class='ocrx_word' id='word_1_540' title='bbox 2797 840 3107 911; x_wconf 83' lang='lat' dir='ltr'><strong>Quanquam</strong></span> <span class='ocrx_word' id='word_1_541' title='bbox 3128 844 3286 898; x_wconf 89' lang='lat' dir='ltr'><strong>etiam</strong></span> <span class='ocrx_word' id='word_1_542' title='bbox 3315 844 3425 914; x_wconf 85' lang='lat' dir='ltr'><strong>ipsa</strong></span> <span class='ocrx_word' id='word_1_543' title='bbox 3455 855 3598 900; x_wconf 83' lang='lat' dir='ltr'><strong>tanta</strong></span> 
     </span>
    </p>
   </div>
   <div class='ocr_carea' id='block_1_70' title="bbox 2025 925 3597 1004">
    <p class='ocr_par' dir='ltr' id='par_1_70' title="bbox 2025 925 3597 1004">
     <span class='ocr_line' id='line_1_71' title="bbox 2025 925 3597 1004; baseline 0.008 -25"><span class='ocrx_word' id='word_1_544' title='bbox 2025 925 2200 980; x_wconf 90' lang='lat' dir='ltr'><strong>carnis</strong></span> <span class='ocrx_word' id='word_1_545' title='bbox 2221 925 2521 994; x_wconf 80' lang='lat' dir='ltr'><strong>inﬁrmitas,</strong></span> <span class='ocrx_word' id='word_1_546' title='bbox 2548 930 2727 984; x_wconf 89' lang='lat' dir='ltr'><strong>nescio</strong></span> <span class='ocrx_word' id='word_1_547' title='bbox 2754 930 2897 998; x_wconf 88' lang='lat' dir='ltr'><strong>quid,</strong></span> <span class='ocrx_word' id='word_1_548' title='bbox 2928 940 3181 1000; x_wconf 83' lang='lat' dir='ltr'><strong>quantum</strong></span> <span class='ocrx_word' id='word_1_549' title='bbox 3211 935 3459 1001; x_wconf 84' lang='lat' dir='ltr'><strong>arbitror,</strong></span> <span class='ocrx_word' id='word_1_550' title='bbox 3484 950 3597 1004; x_wconf 74' lang='lat' dir='ltr'><strong>pte-</strong></span> 
     </span>
    </p>
   </div>
   <div class='ocr_carea' id='block_1_71' title="bbox 2027 1014 3597 1091">
    <p class='ocr_par' dir='ltr' id='par_1_71' title="bbox 2027 1014 3597 1091">
     <span class='ocr_line' id='line_1_72' title="bbox 2027 1014 3597 1091; baseline 0.007 -22"><span class='ocrx_word' id='word_1_551' title='bbox 2027 1014 2146 1069; x_wconf 89' lang='lat' dir='ltr'><strong>nale</strong></span> <span class='ocrx_word' id='word_1_552' title='bbox 2183 1016 2538 1071; x_wconf 87' lang='lat' dir='ltr'><strong>demonstrat.</strong></span> <span class='ocrx_word' id='word_1_553' title='bbox 2580 1018 2752 1073; x_wconf 82' lang='lat' dir='ltr'><strong>Movet</strong></span> <span class='ocrx_word' id='word_1_554' title='bbox 2779 1019 2940 1087; x_wconf 90' lang='lat' dir='ltr'><strong>enim,</strong></span> <span class='ocrx_word' id='word_1_555' title='bbox 2970 1021 3013 1074; x_wconf 92' lang='lat' dir='ltr'><strong>si</strong></span> <span class='ocrx_word' id='word_1_556' title='bbox 3050 1023 3204 1091; x_wconf 89' lang='lat' dir='ltr'><strong>primi</strong></span> <span class='ocrx_word' id='word_1_557' title='bbox 3240 1024 3312 1077; x_wconf 89' lang='lat' dir='ltr'><strong>illi</strong></span> <span class='ocrx_word' id='word_1_558' title='bbox 3355 1023 3597 1080; x_wconf 77' lang='lat' dir='ltr'><strong>homines</strong></span> 
     </span>
    </p>
   </div>
   <div class='ocr_carea' id='block_1_72' title="bbox 2027 1108 3593 1177">
    <p class='ocr_par' dir='ltr' id='par_1_72' title="bbox 2027 1108 3593 1177">
     <span class='ocr_line' id='line_1_73' title="bbox 2027 1108 3593 1177; baseline 0.004 -18"><span class='ocrx_word' id='word_1_559' title='bbox 2027 1120 2130 1159; x_wconf 90' lang='lat' dir='ltr'><strong>non</strong></span> <span class='ocrx_word' id='word_1_560' title='bbox 2159 1114 2508 1174; x_wconf 87' lang='lat' dir='ltr'><strong>peccassent,</strong></span> <span class='ocrx_word' id='word_1_561' title='bbox 2558 1115 2734 1162; x_wconf 89' lang='lat' dir='ltr'><strong>utrum</strong></span> <span class='ocrx_word' id='word_1_562' title='bbox 2779 1108 2911 1163; x_wconf 82' lang='lat' dir='ltr'><strong>tales</strong></span> <span class='ocrx_word' id='word_1_563' title='bbox 2938 1118 3119 1164; x_wconf 90' lang='lat' dir='ltr'><strong>essent</strong></span> <span class='ocrx_word' id='word_1_564' title='bbox 3155 1109 3293 1166; x_wconf 83' lang='lat' dir='ltr'><strong>ﬁlios</strong></span> <span class='ocrx_word' id='word_1_565' title='bbox 3331 1111 3555 1168; x_wconf 82' lang='lat' dir='ltr'><strong>habituri</strong></span> <span class='ocrx_word' id='word_1_566' title='bbox 3578 1154 3593 1177; x_wconf 85' lang='lat'><strong>,</strong></span> 
     </span>
    </p>
   </div>
   <div class='ocr_carea' id='block_1_73' title="bbox 2025 1193 3592 1267">
    <p class='ocr_par' dir='ltr' id='par_1_73' title="bbox 2025 1193 3592 1267">
     <span class='ocr_line' id='line_1_74' title="bbox 2025 1193 3592 1267; baseline 0.004 -19"><span class='ocrx_word' id='word_1_567' title='bbox 2025 1193 2114 1262; x_wconf 90' lang='lat' dir='ltr'><strong>qui</strong></span> <span class='ocrx_word' id='word_1_568' title='bbox 2143 1208 2239 1249; x_wconf 91' lang='lat' dir='ltr'><strong>nec</strong></span> <span class='ocrx_word' id='word_1_569' title='bbox 2263 1195 2459 1264; x_wconf 82' lang='lat' dir='ltr'><strong>lingua,</strong></span> <span class='ocrx_word' id='word_1_570' title='bbox 2488 1210 2585 1249; x_wconf 87' lang='lat' dir='ltr'><strong>nec</strong></span> <span class='ocrx_word' id='word_1_571' title='bbox 2611 1196 2873 1263; x_wconf 78' lang='lat' dir='ltr'><strong>manibus,</strong></span> <span class='ocrx_word' id='word_1_572' title='bbox 2915 1212 3013 1252; x_wconf 89' lang='lat' dir='ltr'><strong>nec</strong></span> <span class='ocrx_word' id='word_1_573' title='bbox 3049 1198 3273 1267; x_wconf 86' lang='lat' dir='ltr'><strong>pedibus</strong></span> <span class='ocrx_word' id='word_1_574' title='bbox 3296 1208 3592 1256; x_wconf 88' lang='lat' dir='ltr'><strong>uterentur.</strong></span> 
     </span>
    </p>
   </div>
   <div class='ocr_carea' id='block_1_74' title="bbox 2023 1278 3596 1354">
    <p class='ocr_par' dir='ltr' id='par_1_74' title="bbox 2023 1278 3596 1354">
     <span class='ocr_line' id='line_1_75' title="bbox 2023 1278 3596 1354; baseline 0.004 -16"><span class='ocrx_word' id='word_1_575' title='bbox 2023 1278 2154 1338; x_wconf 89' lang='lat' dir='ltr'><strong>Nam</strong></span> <span class='ocrx_word' id='word_1_576' title='bbox 2185 1284 2403 1354; x_wconf 76' lang='lat' dir='ltr'><strong>propter</strong></span> <span class='ocrx_word' id='word_1_577' title='bbox 2422 1285 2555 1339; x_wconf 91' lang='lat' dir='ltr'><strong>uteri</strong></span> <span class='ocrx_word' id='word_1_578' title='bbox 2584 1287 2929 1354; x_wconf 71' lang='lat' dir='ltr'><strong>capacitatem</strong></span> <span class='ocrx_word' id='word_1_579' title='bbox 2958 1287 3181 1344; x_wconf 82' lang='lat' dir='ltr'><strong>fortasse</strong></span> <span class='ocrx_word' id='word_1_580' title='bbox 3201 1304 3418 1345; x_wconf 88' lang='lat' dir='ltr'><strong>necesse</strong></span> <span class='ocrx_word' id='word_1_581' title='bbox 3440 1291 3596 1345; x_wconf 77' lang='lat' dir='ltr'><strong>fuerit</strong></span> 
     </span>
    </p>
   </div>
   <div class='ocr_carea' id='block_1_75' title="bbox 2024 1374 3594 1451">
    <p class='ocr_par' dir='ltr' id='par_1_75' title="bbox 2024 1374 3594 1451">
     <span class='ocr_line' id='line_1_76' title="bbox 2024 1374 3594 1451; baseline 0.006 -25"><span class='ocrx_word' id='word_1_582' title='bbox 2024 1374 2270 1443; x_wconf 88' lang='lat' dir='ltr'><strong>parvulos</strong></span> <span class='ocrx_word' id='word_1_583' title='bbox 2301 1375 2463 1431; x_wconf 89' lang='lat' dir='ltr'><strong>nasci.</strong></span> <span class='ocrx_word' id='word_1_584' title='bbox 2508 1376 2779 1441; x_wconf 79' lang='lat' dir='ltr'><strong>Quamvis,</strong></span> <span class='ocrx_word' id='word_1_585' title='bbox 2825 1393 2945 1432; x_wconf 90' lang='lat' dir='ltr'><strong>cum</strong></span> <span class='ocrx_word' id='word_1_586' title='bbox 2984 1380 3171 1449; x_wconf 83' lang='lat' dir='ltr'><strong>exigua</strong></span> <span class='ocrx_word' id='word_1_587' title='bbox 3201 1381 3271 1435; x_wconf 89' lang='lat' dir='ltr'><strong>sit</strong></span> <span class='ocrx_word' id='word_1_588' title='bbox 3307 1394 3429 1451; x_wconf 89' lang='lat' dir='ltr'><strong>pars</strong></span> <span class='ocrx_word' id='word_1_589' title='bbox 3470 1397 3594 1436; x_wconf 87' lang='lat' dir='ltr'><strong>eor-</strong></span> 
     </span>
    </p>
   </div>
   <div class='ocr_carea' id='block_1_76' title="bbox 2026 1464 3592 1540">
    <p class='ocr_par' dir='ltr' id='par_1_76' title="bbox 2026 1464 3592 1540">
     <span class='ocr_line' id='line_1_77' title="bbox 2026 1464 3592 1540; baseline 0.008 -25"><span class='ocrx_word' id='word_1_590' title='bbox 2026 1464 2169 1532; x_wconf 88' lang='lat' dir='ltr'><strong>poris</strong></span> <span class='ocrx_word' id='word_1_591' title='bbox 2193 1472 2358 1529; x_wconf 85' lang='lat' dir='ltr'><strong>costa,</strong></span> <span class='ocrx_word' id='word_1_592' title='bbox 2391 1478 2497 1519; x_wconf 91' lang='lat' dir='ltr'><strong>non</strong></span> <span class='ocrx_word' id='word_1_593' title='bbox 2528 1475 2701 1521; x_wconf 89' lang='lat' dir='ltr'><strong>tamen</strong></span> <span class='ocrx_word' id='word_1_594' title='bbox 2732 1476 2949 1537; x_wconf 86' lang='lat' dir='ltr'><strong>pr0pter</strong></span> <span class='ocrx_word' id='word_1_595' title='bbox 2996 1469 3095 1523; x_wconf 90' lang='lat' dir='ltr'><strong>hoc</strong></span> <span class='ocrx_word' id='word_1_596' title='bbox 3140 1470 3279 1525; x_wconf 88' lang='lat' dir='ltr'><strong>Deus</strong></span> <span class='ocrx_word' id='word_1_597' title='bbox 3322 1473 3592 1540; x_wconf 83' lang='lat' dir='ltr'><strong>parvulam</strong></span> 
     </span>
    </p>
   </div>
   <div class='ocr_carea' id='block_1_77' title="bbox 2025 1554 3591 1626">
    <p class='ocr_par' dir='ltr' id='par_1_77' title="bbox 2025 1554 3591 1626">
     <span class='ocr_line' id='line_1_78' title="bbox 2025 1554 3591 1626; baseline 0.008 -21"><span class='ocrx_word' id='word_1_598' title='bbox 2025 1554 2138 1607; x_wconf 88' lang='lat' dir='ltr'><strong>viro</strong></span> <span class='ocrx_word' id='word_1_599' title='bbox 2173 1554 2449 1625; x_wconf 89' lang='lat' dir='ltr'><strong>eonjugem</strong></span> <span class='ocrx_word' id='word_1_600' title='bbox 2497 1555 2654 1621; x_wconf 76' lang='lat' dir='ltr'><strong>fecit,</strong></span> <span class='ocrx_word' id='word_1_601' title='bbox 2694 1573 2848 1626; x_wconf 88' lang='lat' dir='ltr'><strong>quam</strong></span> <span class='ocrx_word' id='word_1_602' title='bbox 2879 1559 3156 1614; x_wconf 80' lang='lat' dir='ltr'><strong>:edilicavit</strong></span> <span class='ocrx_word' id='word_1_603' title='bbox 3180 1562 3231 1615; x_wconf 90' lang='lat' dir='ltr'><strong>in</strong></span> <span class='ocrx_word' id='word_1_604' title='bbox 3264 1563 3540 1618; x_wconf 88' lang='lat' dir='ltr'><strong>mulierem</strong></span> <span class='ocrx_word' id='word_1_605' title='bbox 3577 1582 3591 1618; x_wconf 88' lang='lat'><strong>:</strong></span> 
     </span>
    </p>
   </div>
   <div class='ocr_carea' id='block_1_78' title="bbox 2026 1642 3590 1716">
    <p class='ocr_par' dir='ltr' id='par_1_78' title="bbox 2026 1642 3590 1716">
     <span class='ocr_line' id='line_1_79' title="bbox 2026 1642 3590 1716; baseline 0.006 -21"><span class='ocrx_word' id='word_1_606' title='bbox 2026 1642 2164 1697; x_wconf 90' lang='lat' dir='ltr'><strong>unde</strong></span> <span class='ocrx_word' id='word_1_607' title='bbox 2183 1652 2237 1697; x_wconf 85' lang='lat' dir='ltr'><strong>et</strong></span> <span class='ocrx_word' id='word_1_608' title='bbox 2255 1645 2369 1713; x_wconf 84' lang='lat' dir='ltr'><strong>ejus</strong></span> <span class='ocrx_word' id='word_1_609' title='bbox 2388 1645 2523 1699; x_wconf 82' lang='lat' dir='ltr'><strong>ﬁlios</strong></span> <span class='ocrx_word' id='word_1_610' title='bbox 2548 1654 2755 1714; x_wconf 85' lang='lat' dir='ltr'><strong>poterat</strong></span> <span class='ocrx_word' id='word_1_611' title='bbox 2776 1647 3151 1716; x_wconf 86' lang='lat' dir='ltr'><strong>omnipotentia</strong></span> <span class='ocrx_word' id='word_1_612' title='bbox 3176 1648 3440 1706; x_wconf 79' lang='lat' dir='ltr'><strong>Creatoris</strong></span> <span class='ocrx_word' id='word_1_613' title='bbox 3465 1667 3590 1705; x_wconf 77' lang='lat' dir='ltr'><strong>mox</strong></span> 
     </span>
    </p>
   </div>
   <div class='ocr_carea' id='block_1_79' title="bbox 2023 1734 2929 1807">
    <p class='ocr_par' dir='ltr' id='par_1_79' title="bbox 2023 1734 2929 1807">
     <span class='ocr_line' id='line_1_80' title="bbox 2023 1734 2929 1807; baseline 0 -18"><span class='ocrx_word' id='word_1_614' title='bbox 2023 1734 2194 1789; x_wconf 87' lang='lat' dir='ltr'><strong>editos</strong></span> <span class='ocrx_word' id='word_1_615' title='bbox 2221 1736 2447 1807; x_wconf 78' lang='lat' dir='ltr'><strong>grandes</strong></span> <span class='ocrx_word' id='word_1_616' title='bbox 2471 1736 2713 1804; x_wconf 82' lang='lat' dir='ltr'><strong>protinus</strong></span> <span class='ocrx_word' id='word_1_617' title='bbox 2738 1736 2929 1792; x_wconf 83' lang='lat' dir='ltr'><strong>facere.</strong></span> 
     </span>
    </p>
   </div>
   <div class='ocr_carea' id='block_1_80' title="bbox 2093 1821 3592 1899">
    <p class='ocr_par' dir='ltr' id='par_1_80' title="bbox 2093 1821 3592 1899">
     <span class='ocr_line' id='line_1_81' title="bbox 2093 1821 3592 1899; baseline 0.005 -23"><span class='ocrx_word' id='word_1_618' title='bbox 2093 1821 2316 1879; x_wconf 85' lang='lat' dir='ltr'><strong>CAPUT</strong></span> <span class='ocrx_word' id='word_1_619' title='bbox 2355 1823 2638 1879; x_wconf 77' lang='lat' dir='ltr'><strong>XXXVIII.</strong></span> <span class='ocrx_word' id='word_1_620' title='bbox 2669 1855 2742 1899; x_wconf 59' lang='grc' dir='ltr'><strong>έ-</strong></span> <span class='ocrx_word' id='word_1_621' title='bbox 2768 1825 2857 1881; x_wconf 83' lang='grc'><strong>69.</strong></span> <span class='ocrx_word' id='word_1_622' title='bbox 2901 1825 3199 1897; x_wconf 80' lang='lat' dir='ltr'><strong>Ignorantia</strong></span> <span class='ocrx_word' id='word_1_623' title='bbox 3242 1838 3290 1882; x_wconf 86' lang='lat' dir='ltr'><strong>et</strong></span> <span class='ocrx_word' id='word_1_624' title='bbox 3325 1829 3592 1899; x_wconf 71' lang='lat' dir='ltr'><strong>inﬁrmitas</strong></span> 
     </span>
    </p>
   </div>
   <div class='ocr_carea' id='block_1_81' title="bbox 2023 1898 3590 1993">
    <p class='ocr_par' dir='ltr' id='par_1_81' title="bbox 2023 1898 3590 1993">
     <span class='ocr_line' id='line_1_82' title="bbox 2023 1898 3590 1993; baseline 0.008 -29"><span class='ocrx_word' id='word_1_625' title='bbox 2023 1912 2253 1982; x_wconf 78' lang='lat' dir='ltr'><strong>infantis.</strong></span> <span class='ocrx_word' id='word_1_626' title='bbox 2301 1914 2406 1968; x_wconf 85' lang='lat' dir='ltr'><strong>Sed</strong></span> <span class='ocrx_word' id='word_1_627' title='bbox 2449 1925 2515 1969; x_wconf 76' lang='lat' dir='ltr'><strong>ut~</strong></span> <span class='ocrx_word' id='word_1_628' title='bbox 2542 1915 2645 1970; x_wconf 91' lang='lat' dir='ltr'><strong>hoe</strong></span> <span class='ocrx_word' id='word_1_629' title='bbox 2670 1898 2953 1984; x_wconf 52' lang='lat' dir='ltr'><strong>’omittam,</strong></span> <span class='ocrx_word' id='word_1_630' title='bbox 3001 1928 3207 1987; x_wconf 86' lang='lat' dir='ltr'><strong>poterat</strong></span> <span class='ocrx_word' id='word_1_631' title='bbox 3246 1931 3411 1987; x_wconf 86' lang='lat' dir='ltr'><strong>certe,</strong></span> <span class='ocrx_word' id='word_1_632' title='bbox 3449 1923 3590 1993; x_wconf 85' lang='lat' dir='ltr'><strong>quod</strong></span> 
     </span>
    </p>
   </div>
   <div class='ocr_carea' id='block_1_82' title="bbox 2024 2002 3594 2079">
    <p class='ocr_par' dir='ltr' id='par_1_82' title="bbox 2024 2002 3594 2079">
     <span class='ocr_line' id='line_1_83' title="bbox 2024 2002 3594 2079; baseline 0.006 -24"><span class='ocrx_word' id='word_1_633' title='bbox 2024 2002 2204 2056; x_wconf 81' lang='lat' dir='ltr'><strong>multis</strong></span> <span class='ocrx_word' id='word_1_634' title='bbox 2223 2003 2382 2057; x_wconf 89' lang='lat' dir='ltr'><strong>etiam</strong></span> <span class='ocrx_word' id='word_1_635' title='bbox 2416 2004 2694 2073; x_wconf 86' lang='lat' dir='ltr'><strong>pecoribus</strong></span> <span class='ocrx_word' id='word_1_636' title='bbox 2720 2006 2983 2073; x_wconf 77' lang='lat' dir='ltr'><strong>prmstitit,</strong></span> <span class='ocrx_word' id='word_1_637' title='bbox 3007 2022 3233 2077; x_wconf 84' lang='lat' dir='ltr'><strong>quorum</strong></span> <span class='ocrx_word' id='word_1_638' title='bbox 3253 2010 3380 2077; x_wconf 88' lang='lat' dir='ltr'><strong>pttlli</strong></span> <span class='ocrx_word' id='word_1_639' title='bbox 3406 2025 3594 2079; x_wconf 84' lang='lat' dir='ltr'><strong>quam-</strong></span> 
     </span>
    </p>
   </div>
   <div class='ocr_carea' id='block_1_83' title="bbox 2025 2090 3589 2166">
    <p class='ocr_par' dir='ltr' id='par_1_83' title="bbox 2025 2090 3589 2166">
     <span class='ocr_line' id='line_1_84' title="bbox 2025 2090 3589 2166; baseline 0.004 -22"><span class='ocrx_word' id='word_1_640' title='bbox 2025 2090 2105 2145; x_wconf 87' lang='lat' dir='ltr'><strong>vis</strong></span> <span class='ocrx_word' id='word_1_641' title='bbox 2133 2092 2240 2145; x_wconf 90' lang='lat' dir='ltr'><strong>sint</strong></span> <span class='ocrx_word' id='word_1_642' title='bbox 2283 2092 2514 2161; x_wconf 86' lang='lat' dir='ltr'><strong>parvuli,</strong></span> <span class='ocrx_word' id='word_1_643' title='bbox 2551 2108 2724 2163; x_wconf 90' lang='lat' dir='ltr'><strong>neque</strong></span> <span class='ocrx_word' id='word_1_644' title='bbox 2755 2095 3124 2150; x_wconf 86' lang='lat' dir='ltr'><strong>accedentibus</strong></span> <span class='ocrx_word' id='word_1_645' title='bbox 3147 2098 3386 2166; x_wconf 86' lang='lat' dir='ltr'><strong>corporis</strong></span> <span class='ocrx_word' id='word_1_646' title='bbox 3415 2098 3589 2152; x_wconf 87' lang='lat' dir='ltr'><strong>incre-</strong></span> 
     </span>
    </p>
   </div>
   <div class='ocr_carea' id='block_1_84' title="bbox 2026 2181 3593 2259">
    <p class='ocr_par' dir='ltr' id='par_1_84' title="bbox 2026 2181 3593 2259">
     <span class='ocr_line' id='line_1_85' title="bbox 2026 2181 3593 2259; baseline 0.005 -24"><span class='ocrx_word' id='word_1_647' title='bbox 2026 2182 2218 2236; x_wconf 88' lang='lat' dir='ltr'><strong>mentis</strong></span> <span class='ocrx_word' id='word_1_648' title='bbox 2254 2181 2413 2237; x_wconf 87' lang='lat' dir='ltr'><strong>etiam</strong></span> <span class='ocrx_word' id='word_1_649' title='bbox 2459 2193 2635 2239; x_wconf 89' lang='lat' dir='ltr'><strong>mente</strong></span> <span class='ocrx_word' id='word_1_650' title='bbox 2675 2184 2975 2253; x_wconf 79' lang='lat' dir='ltr'><strong>proﬁciant,</strong></span> <span class='ocrx_word' id='word_1_651' title='bbox 3009 2188 3256 2259; x_wconf 82' lang='lat' dir='ltr'><strong>quoniam</strong></span> <span class='ocrx_word' id='word_1_652' title='bbox 3284 2189 3593 2245; x_wconf 87' lang='lat' dir='ltr'><strong>rationalem</strong></span> 
     </span>
    </p>
   </div>
   <div class='ocr_carea' id='block_1_85' title="bbox 2023 2272 3596 2341">
    <p class='ocr_par' dir='ltr' id='par_1_85' title="bbox 2023 2272 3596 2341">
     <span class='ocr_line' id='line_1_86' title="bbox 2023 2272 3596 2341; baseline 0.006 -16"><span class='ocrx_word' id='word_1_653' title='bbox 2023 2272 2253 2328; x_wconf 90' lang='lat' dir='ltr'><strong>animam</strong></span> <span class='ocrx_word' id='word_1_654' title='bbox 2279 2288 2384 2327; x_wconf 89' lang='lat' dir='ltr'><strong>non</strong></span> <span class='ocrx_word' id='word_1_655' title='bbox 2416 2272 2631 2341; x_wconf 88' lang='lat' dir='ltr'><strong>habent,</strong></span> <span class='ocrx_word' id='word_1_656' title='bbox 2663 2282 2838 2329; x_wconf 87' lang='lat' dir='ltr'><strong>tamen</strong></span> <span class='ocrx_word' id='word_1_657' title='bbox 2863 2277 3379 2334; x_wconf 75' lang='lat' dir='ltr'><strong>etiam-minutissimi</strong></span> <span class='ocrx_word' id='word_1_658' title='bbox 3399 2286 3456 2333; x_wconf 92' lang='lat' dir='ltr'><strong>et</strong></span> <span class='ocrx_word' id='word_1_659' title='bbox 3475 2294 3596 2334; x_wconf 87' lang='lat' dir='ltr'><strong>cur-</strong></span> 
     </span>
    </p>
   </div>
   <div class='ocr_carea' id='block_1_86' title="bbox 2025 2366 3596 2437">
    <p class='ocr_par' dir='ltr' id='par_1_86' title="bbox 2025 2366 3596 2437">
     <span class='ocr_line' id='line_1_87' title="bbox 2025 2366 3596 2437; baseline 0.004 -20"><span class='ocrx_word' id='word_1_660' title='bbox 2025 2373 2166 2425; x_wconf 90' lang='lat' dir='ltr'><strong>runt,</strong></span> <span class='ocrx_word' id='word_1_661' title='bbox 2210 2372 2266 2419; x_wconf 91' lang='lat' dir='ltr'><strong>et</strong></span> <span class='ocrx_word' id='word_1_662' title='bbox 2305 2373 2504 2418; x_wconf 85' lang='lat' dir='ltr'><strong>matres</strong></span> <span class='ocrx_word' id='word_1_663' title='bbox 2550 2375 2877 2434; x_wconf 84' lang='lat' dir='ltr'><strong>agnoscunt,</strong></span> <span class='ocrx_word' id='word_1_664' title='bbox 2921 2380 3021 2421; x_wconf 90' lang='lat' dir='ltr'><strong>nec</strong></span> <span class='ocrx_word' id='word_1_665' title='bbox 3057 2366 3305 2437; x_wconf 85' lang='lat' dir='ltr'><strong>sugendis</strong></span> <span class='ocrx_word' id='word_1_666' title='bbox 3348 2369 3596 2424; x_wconf 84' lang='lat' dir='ltr'><strong>uberibus</strong></span> 
     </span>
    </p>
   </div>
   <div class='ocr_carea' id='block_1_87' title="bbox 2024 2451 3596 2527">
    <p class='ocr_par' dir='ltr' id='par_1_87' title="bbox 2024 2451 3596 2527">
     <span class='ocr_line' id='line_1_88' title="bbox 2024 2451 3596 2527; baseline 0.003 -22"><span class='ocrx_word' id='word_1_667' title='bbox 2024 2466 2148 2505; x_wconf 88' lang='lat' dir='ltr'><strong>cura</strong></span> <span class='ocrx_word' id='word_1_668' title='bbox 2176 2459 2229 2506; x_wconf 91' lang='lat' dir='ltr'><strong>et</strong></span> <span class='ocrx_word' id='word_1_669' title='bbox 2255 2465 2356 2521; x_wconf 89' lang='lat' dir='ltr'><strong>ope</strong></span> <span class='ocrx_word' id='word_1_670' title='bbox 2387 2451 2735 2506; x_wconf 87' lang='lat' dir='ltr'><strong>admoventur</strong></span> <span class='ocrx_word' id='word_1_671' title='bbox 2762 2452 2956 2519; x_wconf 87' lang='lat' dir='ltr'><strong>aliena,</strong></span> <span class='ocrx_word' id='word_1_672' title='bbox 2984 2454 3077 2508; x_wconf 88' lang='lat' dir='ltr'><strong>sed</strong></span> <span class='ocrx_word' id='word_1_673' title='bbox 3102 2470 3162 2508; x_wconf 87' lang='lat' dir='ltr'><strong>ea</strong></span> <span class='ocrx_word' id='word_1_674' title='bbox 3194 2456 3290 2527; x_wconf 84' lang='lat' dir='ltr'><strong>ipsi</strong></span> <span class='ocrx_word' id='word_1_675' title='bbox 3319 2456 3370 2509; x_wconf 90' lang='lat' dir='ltr'><strong>in</strong></span> <span class='ocrx_word' id='word_1_676' title='bbox 3403 2464 3596 2511; x_wconf 52' lang='lat' dir='ltr'><strong>mater;</strong></span> 
     </span>
    </p>
   </div>
   <div class='ocr_carea' id='block_1_88' title="bbox 2024 2540 3598 2611">
    <p class='ocr_par' dir='ltr' id='par_1_88' title="bbox 2024 2540 3598 2611">
     <span class='ocr_line' id='line_1_89' title="bbox 2024 2540 3598 2611; baseline 0.004 -16"><span class='ocrx_word' id='word_1_677' title='bbox 2024 2541 2108 2595; x_wconf 87' lang='lat' dir='ltr'><strong>nis</strong></span> <span class='ocrx_word' id='word_1_678' title='bbox 2133 2541 2444 2611; x_wconf 84' lang='lat' dir='ltr'><strong>corporibus</strong></span> <span class='ocrx_word' id='word_1_679' title='bbox 2488 2540 2610 2596; x_wconf 90' lang='lat' dir='ltr'><strong>loco</strong></span> <span class='ocrx_word' id='word_1_680' title='bbox 2644 2540 2825 2597; x_wconf 80' lang='lat' dir='ltr'><strong>abdito</strong></span> <span class='ocrx_word' id='word_1_681' title='bbox 2871 2544 3036 2611; x_wconf 88' lang='lat' dir='ltr'><strong>posita</strong></span> <span class='ocrx_word' id='word_1_682' title='bbox 3084 2545 3307 2598; x_wconf 86' lang='lat' dir='ltr'><strong>mirabili</strong></span> <span class='ocrx_word' id='word_1_683' title='bbox 3349 2546 3598 2601; x_wconf 77' lang='lat' dir='ltr'><strong>facilitate</strong></span> 
     </span>
    </p>
   </div>
   <div class='ocr_carea' id='block_1_89' title="bbox 2026 2627 3597 2706">
    <p class='ocr_par' dir='ltr' id='par_1_89' title="bbox 2026 2627 3597 2706">
     <span class='ocr_line' id='line_1_90' title="bbox 2026 2627 3597 2706; baseline 0.004 -22"><span class='ocrx_word' id='word_1_684' title='bbox 2026 2640 2303 2685; x_wconf 88' lang='lat' dir='ltr'><strong>noverunt.</strong></span> <span class='ocrx_word' id='word_1_685' title='bbox 2329 2627 2526 2685; x_wconf 87' lang='lat' dir='ltr'><strong>Contra</strong></span> <span class='ocrx_word' id='word_1_686' title='bbox 2550 2629 2755 2685; x_wconf 77' lang='lat' dir='ltr'><strong>homini</strong></span> <span class='ocrx_word' id='word_1_687' title='bbox 2777 2641 2909 2687; x_wconf 83' lang='lat' dir='ltr'><strong>nato</strong></span> <span class='ocrx_word' id='word_1_688' title='bbox 2931 2647 3029 2687; x_wconf 90' lang='lat' dir='ltr'><strong>nec</strong></span> <span class='ocrx_word' id='word_1_689' title='bbox 3051 2633 3118 2687; x_wconf 91' lang='lat' dir='ltr'><strong>ad</strong></span> <span class='ocrx_word' id='word_1_690' title='bbox 3142 2633 3404 2689; x_wconf 87' lang='lat' dir='ltr'><strong>incessum</strong></span> <span class='ocrx_word' id='word_1_691' title='bbox 3436 2633 3597 2706; x_wconf 89' lang='lat' dir='ltr'><strong>pedes</strong></span> 
     </span>
    </p>
   </div>
   <div class='ocr_carea' id='block_1_90' title="bbox 2025 2719 3600 2792">
    <p class='ocr_par' dir='ltr' id='par_1_90' title="bbox 2025 2719 3600 2792">
     <span class='ocr_line' id='line_1_91' title="bbox 2025 2719 3600 2792; baseline 0.004 -17"><span class='ocrx_word' id='word_1_692' title='bbox 2025 2719 2222 2783; x_wconf 89' lang='lat' dir='ltr'><strong>idonei.</strong></span> <span class='ocrx_word' id='word_1_693' title='bbox 2250 2734 2349 2776; x_wconf 90' lang='lat' dir='ltr'><strong>nec</strong></span> <span class='ocrx_word' id='word_1_694' title='bbox 2371 2732 2562 2775; x_wconf 89' lang='lat' dir='ltr'><strong>manus</strong></span> <span class='ocrx_word' id='word_1_695' title='bbox 2588 2720 2774 2777; x_wconf 88' lang='lat' dir='ltr'><strong>saltem</strong></span> <span class='ocrx_word' id='word_1_696' title='bbox 2811 2720 2878 2775; x_wconf 87' lang='lat' dir='ltr'><strong>ad</strong></span> <span class='ocrx_word' id='word_1_697' title='bbox 2920 2722 3261 2792; x_wconf 87' lang='lat' dir='ltr'><strong>scalpendum</strong></span> <span class='ocrx_word' id='word_1_698' title='bbox 3297 2723 3519 2791; x_wconf 86' lang='lat' dir='ltr'><strong>habiles,</strong></span> <span class='ocrx_word' id='word_1_699' title='bbox 3546 2734 3600 2781; x_wconf 86' lang='lat' dir='ltr'><strong>et</strong></span> 
     </span>
    </p>
   </div>
   <div class='ocr_carea' id='block_1_91' title="bbox 2025 2809 3596 2883">
    <p class='ocr_par' dir='ltr' id='par_1_91' title="bbox 2025 2809 3596 2883">
     <span class='ocr_line' id='line_1_92' title="bbox 2025 2809 3596 2883; baseline 0.003 -18"><span class='ocrx_word' id='word_1_700' title='bbox 2025 2809 2128 2865; x_wconf 91' lang='lat' dir='ltr'><strong>nisi</strong></span> <span class='ocrx_word' id='word_1_701' title='bbox 2173 2823 2277 2879; x_wconf 86' lang='lat' dir='ltr'><strong>ope</strong></span> <span class='ocrx_word' id='word_1_702' title='bbox 2317 2810 2599 2866; x_wconf 85' lang='lat' dir='ltr'><strong>nutrientis</strong></span> <span class='ocrx_word' id='word_1_703' title='bbox 2639 2810 2868 2865; x_wconf 79' lang='lat' dir='ltr'><strong>admotis</strong></span> <span class='ocrx_word' id='word_1_704' title='bbox 2903 2811 3063 2866; x_wconf 86' lang='lat' dir='ltr'><strong>labris</strong></span> <span class='ocrx_word' id='word_1_705' title='bbox 3106 2813 3124 2844; x_wconf 86' lang='grc'>¹</span> <span class='ocrx_word' id='word_1_706' title='bbox 3173 2815 3380 2883; x_wconf 71' lang='lat' dir='ltr'><strong>papillae</strong></span> <span class='ocrx_word' id='word_1_707' title='bbox 3418 2814 3596 2871; x_wconf 84' lang='lat' dir='ltr'><strong>uberis</strong></span> 
     </span>
    </p>
   </div>
   <div class='ocr_carea' id='block_1_92' title="bbox 2026 2898 3597 2976">
    <p class='ocr_par' dir='ltr' id='par_1_92' title="bbox 2026 2898 3597 2976">
     <span class='ocr_line' id='line_1_93' title="bbox 2026 2898 3597 2976; baseline 0.004 -22"><span class='ocrx_word' id='word_1_708' title='bbox 2026 2898 2351 2968; x_wconf 77' lang='lat' dir='ltr'><strong>ingerantur,</strong></span> <span class='ocrx_word' id='word_1_709' title='bbox 2384 2915 2484 2956; x_wconf 87' lang='lat' dir='ltr'><strong>nec</strong></span> <span class='ocrx_word' id='word_1_710' title='bbox 2507 2901 2596 2956; x_wconf 91' lang='lat' dir='ltr'><strong>ubi</strong></span> <span class='ocrx_word' id='word_1_711' title='bbox 2624 2901 2732 2956; x_wconf 89' lang='lat' dir='ltr'><strong>sint</strong></span> <span class='ocrx_word' id='word_1_712' title='bbox 2753 2900 2986 2956; x_wconf 81' lang='lat' dir='ltr'><strong>sentiunt</strong></span> <span class='ocrx_word' id='word_1_713' title='bbox 3008 2943 3023 2968; x_wconf 93' lang='lat'><strong>,</strong></span> <span class='ocrx_word' id='word_1_714' title='bbox 3061 2911 3116 2957; x_wconf 85' lang='lat' dir='ltr'><strong>et</strong></span> <span class='ocrx_word' id='word_1_715' title='bbox 3146 2903 3295 2972; x_wconf 79' lang='lat' dir='ltr'><strong>juxta</strong></span> <span class='ocrx_word' id='word_1_716' title='bbox 3322 2920 3381 2960; x_wconf 92' lang='lat' dir='ltr'><strong>se</strong></span> <span class='ocrx_word' id='word_1_717' title='bbox 3413 2906 3597 2976; x_wconf 86' lang='lat' dir='ltr'><strong>jacen-</strong></span> 
     </span>
    </p>
   </div>
   <div class='ocr_carea' id='block_1_93' title="bbox 2026 2989 3592 3065">
    <p class='ocr_par' dir='ltr' id='par_1_93' title="bbox 2026 2989 3592 3065">
     <span class='ocr_line' id='line_1_94' title="bbox 2026 2989 3592 3065; baseline 0.005 -23"><span class='ocrx_word' id='word_1_718' title='bbox 2026 2989 2167 3042; x_wconf 81' lang='lat' dir='ltr'><strong>tibus</strong></span> <span class='ocrx_word' id='word_1_719' title='bbox 2193 2990 2438 3043; x_wconf 90' lang='lat' dir='ltr'><strong>mammis</strong></span> <span class='ocrx_word' id='word_1_720' title='bbox 2471 2989 2639 3059; x_wconf 84' lang='lat' dir='ltr'><strong>magis</strong></span> <span class='ocrx_word' id='word_1_721' title='bbox 2682 2990 2886 3059; x_wconf 90' lang='lat' dir='ltr'><strong>possint</strong></span> <span class='ocrx_word' id='word_1_722' title='bbox 2922 2992 3219 3047; x_wconf 89' lang='lat' dir='ltr'><strong>esurientes</strong></span> <span class='ocrx_word' id='word_1_723' title='bbox 3260 2994 3408 3060; x_wconf 84' lang='lat' dir='ltr'><strong>ﬂere,</strong></span> <span class='ocrx_word' id='word_1_724' title='bbox 3433 3011 3592 3065; x_wconf 90' lang='lat' dir='ltr'><strong>quam</strong></span> 
     </span>
    </p>
   </div>
   <div class='ocr_carea' id='block_1_94' title="bbox 2025 3077 3595 3156">
    <p class='ocr_par' dir='ltr' id='par_1_94' title="bbox 2025 3077 3595 3156">
     <span class='ocr_line' id='line_1_95' title="bbox 2025 3077 3595 3156; baseline 0.006 -22"><span class='ocrx_word' id='word_1_725' title='bbox 2025 3094 2233 3150; x_wconf 85' lang='lat' dir='ltr'><strong>sugere.</strong></span> <span class='ocrx_word' id='word_1_726' title='bbox 2290 3077 2551 3145; x_wconf 63' lang='lat' dir='ltr'><strong>Proinde,</strong></span> <span class='ocrx_word' id='word_1_727' title='bbox 2585 3079 2875 3136; x_wconf 80' lang='lat' dir='ltr'><strong>inﬁrmitati</strong></span> <span class='ocrx_word' id='word_1_728' title='bbox 2926 3082 3122 3137; x_wconf 87' lang='lat' dir='ltr'><strong>mentis</strong></span> <span class='ocrx_word' id='word_1_729' title='bbox 3178 3084 3421 3156; x_wconf 90' lang='lat' dir='ltr'><strong>congruit</strong></span> <span class='ocrx_word' id='word_1_730' title='bbox 3480 3087 3595 3143; x_wconf 66' lang='lat' dir='ltr'><strong>hinc</strong></span> 
     </span>
    </p>
   </div>
   <div class='ocr_carea' id='block_1_95' title="bbox 2025 3168 3594 3243">
    <p class='ocr_par' dir='ltr' id='par_1_95' title="bbox 2025 3168 3594 3243">
     <span class='ocr_line' id='line_1_96' title="bbox 2025 3168 3594 3243; baseline 0.003 -16"><span class='ocrx_word' id='word_1_731' title='bbox 2025 3169 2241 3227; x_wconf 88' lang='lat' dir='ltr'><strong>omnino</strong></span> <span class='ocrx_word' id='word_1_732' title='bbox 2261 3168 2538 3227; x_wconf 72' lang='lat' dir='ltr'><strong>infirmitas</strong></span> <span class='ocrx_word' id='word_1_733' title='bbox 2557 3170 2796 3243; x_wconf 85' lang='lat' dir='ltr'><strong>corporis</strong></span> <span class='ocrx_word' id='word_1_734' title='bbox 2819 3187 2834 3228; x_wconf 87' lang='lat'><strong>:</strong></span> <span class='ocrx_word' id='word_1_735' title='bbox 2855 3184 2954 3230; x_wconf 87' lang='lat' dir='ltr'><strong>nec</strong></span> <span class='ocrx_word' id='word_1_736' title='bbox 2982 3169 3166 3230; x_wconf 82' lang='lat' dir='ltr'><strong>fuisset</strong></span> <span class='ocrx_word' id='word_1_737' title='bbox 3183 3189 3309 3230; x_wconf 88' lang='lat' dir='ltr'><strong>caro</strong></span> <span class='ocrx_word' id='word_1_738' title='bbox 3325 3176 3522 3231; x_wconf 81' lang='lat' dir='ltr'><strong>Christi</strong></span> <span class='ocrx_word' id='word_1_739' title='bbox 3544 3178 3594 3232; x_wconf 88' lang='lat' dir='ltr'><strong>iu</strong></span> 
     </span>
    </p>
   </div>
   <div class='ocr_carea' id='block_1_96' title="bbox 2027 3260 3593 3335">
    <p class='ocr_par' dir='ltr' id='par_1_96' title="bbox 2027 3260 3593 3335">
     <span class='ocr_line' id='line_1_97' title="bbox 2027 3260 3593 3335; baseline 0.004 -20"><span class='ocrx_word' id='word_1_740' title='bbox 2027 3260 2373 3317; x_wconf 88' lang='lat' dir='ltr'><strong>similitudine</strong></span> <span class='ocrx_word' id='word_1_741' title='bbox 2391 3262 2567 3316; x_wconf 87' lang='lat' dir='ltr'><strong>carnis</strong></span> <span class='ocrx_word' id='word_1_742' title='bbox 2586 3263 2809 3332; x_wconf 89' lang='lat' dir='ltr'><strong>peccati,</strong></span> <span class='ocrx_word' id='word_1_743' title='bbox 2830 3263 2932 3319; x_wconf 87' lang='lat' dir='ltr'><strong>nisi</strong></span> <span class='ocrx_word' id='word_1_744' title='bbox 2951 3273 3234 3320; x_wconf 85' lang='lat' dir='ltr'><strong>caroesset</strong></span> <span class='ocrx_word' id='word_1_745' title='bbox 3255 3264 3362 3320; x_wconf 84' lang='lat' dir='ltr'><strong>ista</strong></span> <span class='ocrx_word' id='word_1_746' title='bbox 3370 3266 3593 3335; x_wconf 84' lang='lat' dir='ltr'><strong>peccati.</strong></span> 
     </span>
    </p>
   </div>
   <div class='ocr_carea' id='block_1_97' title="bbox 2028 3348 3592 3425">
    <p class='ocr_par' dir='ltr' id='par_1_97' title="bbox 2028 3348 3592 3425">
     <span class='ocr_line' id='line_1_98' title="bbox 2028 3348 3592 3425; baseline 0.004 -19"><span class='ocrx_word' id='word_1_747' title='bbox 2028 3352 2183 3422; x_wconf 82' lang='lat' dir='ltr'><strong>cujus</strong></span> <span class='ocrx_word' id='word_1_748' title='bbox 2224 3348 2460 3421; x_wconf 84' lang='lat' dir='ltr'><strong>pondere</strong></span> <span class='ocrx_word' id='word_1_749' title='bbox 2486 3352 2757 3408; x_wconf 86' lang='lat' dir='ltr'><strong>rationalis</strong></span> <span class='ocrx_word' id='word_1_750' title='bbox 2779 3352 2954 3408; x_wconf 88' lang='lat' dir='ltr'><strong>anima</strong></span> <span class='ocrx_word' id='word_1_751' title='bbox 2987 3355 3066 3410; x_wconf 87' lang='lat' dir='ltr'><strong>sic</strong></span> <span class='ocrx_word' id='word_1_752' title='bbox 3091 3364 3376 3425; x_wconf 73' lang='lat' dir='ltr'><strong>gravatur;</strong></span> <span class='ocrx_word' id='word_1_753' title='bbox 3407 3357 3518 3412; x_wconf 89' lang='lat' dir='ltr'><strong>sive</strong></span> <span class='ocrx_word' id='word_1_754' title='bbox 3537 3367 3592 3412; x_wconf 90' lang='lat' dir='ltr'><strong>et</strong></span> 
     </span>
    </p>
   </div>
   <div class='ocr_carea' id='block_1_98' title="bbox 2028 3438 3597 3514">
    <p class='ocr_par' dir='ltr' id='par_1_98' title="bbox 2028 3438 3597 3514">
     <span class='ocr_line' id='line_1_99' title="bbox 2028 3438 3597 3514; baseline 0.005 -20"><span class='ocrx_word' id='word_1_755' title='bbox 2028 3444 2141 3514; x_wconf 89' lang='lat' dir='ltr'><strong>ipsa</strong></span> <span class='ocrx_word' id='word_1_756' title='bbox 2175 3457 2238 3498; x_wconf 81' lang='lat' dir='ltr'><strong>ex</strong></span> <span class='ocrx_word' id='word_1_757' title='bbox 2269 3443 2575 3512; x_wconf 86' lang='lat' dir='ltr'><strong>parentibus</strong></span> <span class='ocrx_word' id='word_1_758' title='bbox 2600 3451 2763 3498; x_wconf 87' lang='lat' dir='ltr'><strong>tracta</strong></span> <span class='ocrx_word' id='word_1_759' title='bbox 2789 3443 2876 3508; x_wconf 89' lang='lat' dir='ltr'><strong>sit,</strong></span> <span class='ocrx_word' id='word_1_760' title='bbox 2897 3444 3012 3499; x_wconf 86' lang='lat' dir='ltr'><strong>sive</strong></span> <span class='ocrx_word' id='word_1_761' title='bbox 3039 3438 3233 3500; x_wconf 87' lang='lat' dir='ltr'><strong>ibidem</strong></span> <span class='ocrx_word' id='word_1_762' title='bbox 3259 3454 3456 3514; x_wconf 84' lang='lat' dir='ltr'><strong>creata,</strong></span> <span class='ocrx_word' id='word_1_763' title='bbox 3485 3446 3597 3503; x_wconf 83' lang='lat' dir='ltr'><strong>sive</strong></span> 
     </span>
    </p>
   </div>
   <div class='ocr_carea' id='block_1_99' title="bbox 2027 3533 3381 3605">
    <p class='ocr_par' dir='ltr' id='par_1_99' title="bbox 2027 3533 3381 3605">
     <span class='ocr_line' id='line_1_100' title="bbox 2027 3533 3381 3605; baseline 0 -16"><span class='ocrx_word' id='word_1_764' title='bbox 2027 3533 2256 3603; x_wconf 88' lang='lat' dir='ltr'><strong>desuper</strong></span> <span class='ocrx_word' id='word_1_765' title='bbox 2280 3535 2553 3602; x_wconf 80' lang='lat' dir='ltr'><strong>inepirata,</strong></span> <span class='ocrx_word' id='word_1_766' title='bbox 2581 3533 2724 3605; x_wconf 89' lang='lat' dir='ltr'><strong>quod</strong></span> <span class='ocrx_word' id='word_1_767' title='bbox 2747 3548 2886 3590; x_wconf 88' lang='lat' dir='ltr'><strong>nunc</strong></span> <span class='ocrx_word' id='word_1_768' title='bbox 2907 3550 3147 3605; x_wconf 68' lang='lat' dir='ltr'><strong>quatrere</strong></span> <span class='ocrx_word' id='word_1_769' title='bbox 3173 3535 3381 3591; x_wconf 85' lang='lat' dir='ltr'><strong>dill&#39;ero.</strong></span> 
     </span>
    </p>
   </div>
   <div class='ocr_carea' id='block_1_100' title="bbox 2097 3608 3600 3696">
    <p class='ocr_par' dir='ltr' id='par_1_100' title="bbox 2097 3608 3600 3696">
     <span class='ocr_line' id='line_1_101' title="bbox 2097 3608 3600 3696; baseline -0.001 -15"><span class='ocrx_word' id='word_1_770' title='bbox 2097 3608 2326 3682; x_wconf 70' lang='lat' dir='ltr'><strong>CAPUT</strong></span> <span class='ocrx_word' id='word_1_771' title='bbox 2361 3622 2602 3681; x_wconf 73' lang='lat' dir='ltr'><strong>XXXIX.</strong></span> <span class='ocrx_word' id='word_1_772' title='bbox 2627 3655 2699 3666; x_wconf 92' lang='lat'>—</span> <span class='ocrx_word' id='word_1_773' title='bbox 2728 3625 2817 3681; x_wconf 85' lang='lat'><strong>70.</strong></span> <span class='ocrx_word' id='word_1_774' title='bbox 2849 3626 3107 3691; x_wconf 80' lang='lat' dir='ltr'><strong>Quatenus</strong></span> <span class='ocrx_word' id='word_1_775' title='bbox 3134 3638 3394 3681; x_wconf 69' lang='lat' dir='ltr'><strong>evacuatur</strong></span> <span class='ocrx_word' id='word_1_776' title='bbox 3424 3642 3600 3696; x_wconf 82' lang='lat' dir='ltr'><strong>pecca-</strong></span> 
     </span>
    </p>
   </div>
   <div class='ocr_carea' id='block_1_101' title="bbox 2029 3713 3596 3785">
    <p class='ocr_par' dir='ltr' id='par_1_101' title="bbox 2029 3713 3596 3785">
     <span class='ocr_line' id='line_1_102' title="bbox 2029 3713 3596 3785; baseline 0.001 -17"><span class='ocrx_word' id='word_1_777' title='bbox 2029 3723 2136 3768; x_wconf 86' lang='lat' dir='ltr'><strong>tum</strong></span> <span class='ocrx_word' id='word_1_778' title='bbox 2171 3729 2261 3785; x_wconf 81' lang='lat' dir='ltr'><strong>per</strong></span> <span class='ocrx_word' id='word_1_779' title='bbox 2287 3713 2598 3784; x_wconf 82' lang='lat' dir='ltr'><strong>Boptismum</strong></span> <span class='ocrx_word' id='word_1_780' title='bbox 2626 3714 2678 3767; x_wconf 87' lang='lat' dir='ltr'><strong>in</strong></span> <span class='ocrx_word' id='word_1_781' title='bbox 2704 3713 2949 3784; x_wconf 81' lang='lat' dir='ltr'><strong>parvulis,</strong></span> <span class='ocrx_word' id='word_1_782' title='bbox 2975 3714 3206 3768; x_wconf 76' lang='lat' dir='ltr'><strong>similiter</strong></span> <span class='ocrx_word' id='word_1_783' title='bbox 3229 3724 3277 3770; x_wconf 87' lang='lat' dir='ltr'><strong>et</strong></span> <span class='ocrx_word' id='word_1_784' title='bbox 3302 3716 3355 3769; x_wconf 88' lang='lat' dir='ltr'><strong>in</strong></span> <span class='ocrx_word' id='word_1_785' title='bbox 3386 3715 3596 3782; x_wconf 75' lang='lat' dir='ltr'><strong>adultis,</strong></span> 
     </span>
    </p>
   </div>
   <div class='ocr_carea' id='block_1_102' title="bbox 2028 3788 3599 3874">
    <p class='ocr_par' dir='ltr' id='par_1_102' title="bbox 2028 3788 3599 3874">
     <span class='ocr_line' id='line_1_103' title="bbox 2028 3788 3599 3874; baseline 0.003 -18"><span class='ocrx_word' id='word_1_786' title='bbox 2028 3812 2076 3857; x_wconf 80' lang='lat' dir='ltr'><strong>et</strong></span> <span class='ocrx_word' id='word_1_787' title='bbox 2103 3802 2225 3873; x_wconf 82' lang='lat' dir='ltr'><strong>quid</strong></span> <span class='ocrx_word' id='word_1_788' title='bbox 2259 3803 2379 3857; x_wconf 80' lang='lat' dir='ltr'><strong>inde</strong></span> <span class='ocrx_word' id='word_1_789' title='bbox 2413 3810 2742 3874; x_wconf 73' lang='lat' dir='ltr'><strong>consequatur</strong></span> <span class='ocrx_word' id='word_1_790' title='bbox 2786 3802 3041 3858; x_wconf 86' lang='lat' dir='ltr'><strong>utilitatis.</strong></span> <span class='ocrx_word' id='word_1_791' title='bbox 3086 3788 3145 3857; x_wconf 85' lang='lat' dir='ltr'><strong>In</strong></span> <span class='ocrx_word' id='word_1_792' title='bbox 3185 3805 3416 3874; x_wconf 86' lang='lat' dir='ltr'><strong>parvulis</strong></span> <span class='ocrx_word' id='word_1_793' title='bbox 3452 3818 3599 3862; x_wconf 88' lang='lat' dir='ltr'><strong>certe</strong></span> 
     </span>
    </p>
   </div>
   <div class='ocr_carea' id='block_1_103' title="bbox 2027 3890 3598 3965">
    <p class='ocr_par' dir='ltr' id='par_1_103' title="bbox 2027 3890 3598 3965">
     <span class='ocr_line' id='line_1_104' title="bbox 2027 3890 3598 3965; baseline 0.003 -18"><span class='ocrx_word' id='word_1_794' title='bbox 2027 3892 2195 3963; x_wconf 83' lang='lat' dir='ltr'><strong>gratia</strong></span> <span class='ocrx_word' id='word_1_795' title='bbox 2227 3890 2340 3958; x_wconf 90' lang='lat' dir='ltr'><strong>Dei,</strong></span> <span class='ocrx_word' id='word_1_796' title='bbox 2368 3907 2464 3962; x_wconf 87' lang='lat' dir='ltr'><strong>per</strong></span> <span class='ocrx_word' id='word_1_797' title='bbox 2488 3892 2812 3962; x_wconf 84' lang='lat' dir='ltr'><strong>Baptismum</strong></span> <span class='ocrx_word' id='word_1_798' title='bbox 2841 3893 2957 3963; x_wconf 87' lang='lat' dir='ltr'><strong>ejus</strong></span> <span class='ocrx_word' id='word_1_799' title='bbox 2980 3893 3071 3965; x_wconf 90' lang='lat' dir='ltr'><strong>qui</strong></span> <span class='ocrx_word' id='word_1_800' title='bbox 3107 3895 3251 3949; x_wconf 81' lang='lat' dir='ltr'><strong>venit</strong></span> <span class='ocrx_word' id='word_1_801' title='bbox 3272 3894 3325 3949; x_wconf 90' lang='lat' dir='ltr'><strong>iu</strong></span> <span class='ocrx_word' id='word_1_802' title='bbox 3350 3896 3598 3952; x_wconf 86' lang='lat' dir='ltr'><strong>similitu-</strong></span> 
     </span>
    </p>
   </div>
   <div class='ocr_carea' id='block_1_104' title="bbox 2027 3983 3595 4057">
    <p class='ocr_par' dir='ltr' id='par_1_104' title="bbox 2027 3983 3595 4057">
     <span class='ocr_line' id='line_1_105' title="bbox 2027 3983 3595 4057; baseline 0.001 -18"><span class='ocrx_word' id='word_1_803' title='bbox 2027 3983 2153 4039; x_wconf 88' lang='lat' dir='ltr'><strong>dine</strong></span> <span class='ocrx_word' id='word_1_804' title='bbox 2178 3983 2353 4038; x_wconf 87' lang='lat' dir='ltr'><strong>carnis</strong></span> <span class='ocrx_word' id='word_1_805' title='bbox 2377 3984 2597 4053; x_wconf 82' lang='lat' dir='ltr'><strong>peccati,</strong></span> <span class='ocrx_word' id='word_1_806' title='bbox 2633 3983 2684 4038; x_wconf 90' lang='lat' dir='ltr'><strong>id</strong></span> <span class='ocrx_word' id='word_1_807' title='bbox 2708 3984 2903 4054; x_wconf 83' lang='lat' dir='ltr'><strong>agitur,</strong></span> <span class='ocrx_word' id='word_1_808' title='bbox 2928 3993 2987 4039; x_wconf 91' lang='lat' dir='ltr'><strong>ut</strong></span> <span class='ocrx_word' id='word_1_809' title='bbox 3005 3995 3290 4041; x_wconf 77' lang='lat' dir='ltr'><strong>evacuatur</strong></span> <span class='ocrx_word' id='word_1_810' title='bbox 3315 4000 3444 4041; x_wconf 89' lang='lat' dir='ltr'><strong>caro</strong></span> <span class='ocrx_word' id='word_1_811' title='bbox 3467 4001 3595 4057; x_wconf 84' lang='lat' dir='ltr'><strong>pec-</strong></span> 
     </span>
    </p>
   </div>
   <div class='ocr_carea' id='block_1_105' title="bbox 2028 4074 3598 4145">
    <p class='ocr_par' dir='ltr' id='par_1_105' title="bbox 2028 4074 3598 4145">
     <span class='ocr_line' id='line_1_106' title="bbox 2028 4074 3598 4145; baseline 0.003 -16"><span class='ocrx_word' id='word_1_812' title='bbox 2028 4075 2153 4129; x_wconf 90' lang='lat' dir='ltr'><strong>cati.</strong></span> <span class='ocrx_word' id='word_1_813' title='bbox 2196 4074 2498 4129; x_wconf 84' lang='lat' dir='ltr'><strong>Evacuatur</strong></span> <span class='ocrx_word' id='word_1_814' title='bbox 2533 4083 2734 4140; x_wconf 88' lang='lat' dir='ltr'><strong>autem,</strong></span> <span class='ocrx_word' id='word_1_815' title='bbox 2762 4090 2866 4131; x_wconf 91' lang='lat' dir='ltr'><strong>non</strong></span> <span class='ocrx_word' id='word_1_816' title='bbox 2895 4084 2952 4130; x_wconf 89' lang='lat' dir='ltr'><strong>ut</strong></span> <span class='ocrx_word' id='word_1_817' title='bbox 2985 4077 3036 4131; x_wconf 91' lang='lat' dir='ltr'><strong>in</strong></span> <span class='ocrx_word' id='word_1_818' title='bbox 3064 4077 3174 4145; x_wconf 85' lang='lat' dir='ltr'><strong>ipsa</strong></span> <span class='ocrx_word' id='word_1_819' title='bbox 3211 4076 3418 4132; x_wconf 87' lang='lat' dir='ltr'><strong>vivente</strong></span> <span class='ocrx_word' id='word_1_820' title='bbox 3437 4091 3598 4133; x_wconf 89' lang='lat' dir='ltr'><strong>carne</strong></span> 
     </span>
    </p>
   </div>
   <div class='ocr_carea' id='block_1_106' title="bbox 2028 4163 3597 4235">
    <p class='ocr_par' dir='ltr' id='par_1_106' title="bbox 2028 4163 3597 4235">
     <span class='ocr_line' id='line_1_107' title="bbox 2028 4163 3597 4235; baseline 0 -14"><span class='ocrx_word' id='word_1_821' title='bbox 2028 4163 2454 4235; x_wconf 81' lang='lat' dir='ltr'><strong>concupiscentia</strong></span> <span class='ocrx_word' id='word_1_822' title='bbox 2479 4179 2767 4234; x_wconf 86' lang='lat' dir='ltr'><strong>conspersa</strong></span> <span class='ocrx_word' id='word_1_823' title='bbox 2800 4174 2854 4220; x_wconf 93' lang='lat' dir='ltr'><strong>et</strong></span> <span class='ocrx_word' id='word_1_824' title='bbox 2886 4164 3061 4219; x_wconf 84' lang='lat' dir='ltr'><strong>innata</strong></span> <span class='ocrx_word' id='word_1_825' title='bbox 3090 4174 3309 4235; x_wconf 86' lang='lat' dir='ltr'><strong>repente</strong></span> <span class='ocrx_word' id='word_1_826' title='bbox 3347 4166 3597 4222; x_wconf 88' lang='lat' dir='ltr'><strong>absuma-</strong></span> 
     </span>
    </p>
   </div>
   <div class='ocr_carea' id='block_1_107' title="bbox 2030 4252 3597 4326">
    <p class='ocr_par' dir='ltr' id='par_1_107' title="bbox 2030 4252 3597 4326">
     <span class='ocr_line' id='line_1_108' title="bbox 2030 4252 3597 4326; baseline 0.001 -17"><span class='ocrx_word' id='word_1_827' title='bbox 2030 4263 2152 4319; x_wconf 85' lang='lat' dir='ltr'><strong>tur,</strong></span> <span class='ocrx_word' id='word_1_828' title='bbox 2182 4263 2236 4308; x_wconf 89' lang='lat' dir='ltr'><strong>et</strong></span> <span class='ocrx_word' id='word_1_829' title='bbox 2271 4268 2374 4307; x_wconf 90' lang='lat' dir='ltr'><strong>non</strong></span> <span class='ocrx_word' id='word_1_830' title='bbox 2406 4253 2508 4319; x_wconf 85' lang='lat' dir='ltr'><strong>sit;</strong></span> <span class='ocrx_word' id='word_1_831' title='bbox 2545 4252 2636 4307; x_wconf 87' lang='lat' dir='ltr'><strong>sed</strong></span> <span class='ocrx_word' id='word_1_832' title='bbox 2683 4268 2751 4308; x_wconf 89' lang='lat' dir='ltr'><strong>ne</strong></span> <span class='ocrx_word' id='word_1_833' title='bbox 2792 4253 2933 4308; x_wconf 89' lang='lat' dir='ltr'><strong>obsit</strong></span> <span class='ocrx_word' id='word_1_834' title='bbox 2979 4262 3223 4320; x_wconf 89' lang='lat' dir='ltr'><strong>mortuo,</strong></span> <span class='ocrx_word' id='word_1_835' title='bbox 3274 4271 3392 4326; x_wconf 68' lang='lat' dir='ltr'><strong>qua:</strong></span> <span class='ocrx_word' id='word_1_836' title='bbox 3426 4256 3597 4312; x_wconf 86' lang='lat' dir='ltr'><strong>iuerat</strong></span> 
     </span>
    </p>
   </div>
   <div class='ocr_carea' id='block_1_108' title="bbox 2030 4343 3598 4415">
    <p class='ocr_par' dir='ltr' id='par_1_108' title="bbox 2030 4343 3598 4415">
     <span class='ocr_line' id='line_1_109' title="bbox 2030 4343 3598 4415; baseline 0 -15"><span class='ocrx_word' id='word_1_837' title='bbox 2030 4355 2175 4401; x_wconf 85' lang='lat' dir='ltr'><strong>nato.</strong></span> <span class='ocrx_word' id='word_1_838' title='bbox 2205 4343 2334 4399; x_wconf 84' lang='lat' dir='ltr'><strong>Nam</strong></span> <span class='ocrx_word' id='word_1_839' title='bbox 2360 4343 2404 4398; x_wconf 91' lang='lat' dir='ltr'><strong>si</strong></span> <span class='ocrx_word' id='word_1_840' title='bbox 2430 4353 2548 4413; x_wconf 87' lang='lat' dir='ltr'><strong>post</strong></span> <span class='ocrx_word' id='word_1_841' title='bbox 2574 4343 2899 4413; x_wconf 86' lang='lat' dir='ltr'><strong>Baptismum</strong></span> <span class='ocrx_word' id='word_1_842' title='bbox 2934 4345 3157 4410; x_wconf 81' lang='lat' dir='ltr'><strong>vixerit,</strong></span> <span class='ocrx_word' id='word_1_843' title='bbox 3188 4352 3347 4415; x_wconf 87' lang='lat' dir='ltr'><strong>atque</strong></span> <span class='ocrx_word' id='word_1_844' title='bbox 3376 4347 3439 4401; x_wconf 88' lang='lat' dir='ltr'><strong>ad</strong></span> <span class='ocrx_word' id='word_1_845' title='bbox 3463 4357 3598 4400; x_wconf 57' lang='lat' dir='ltr'><strong>uta-</strong></span> 
     </span>
    </p>
   </div>
   <div class='ocr_carea' id='block_1_109' title="bbox 2031 4432 3596 4504">
    <p class='ocr_par' dir='ltr' id='par_1_109' title="bbox 2031 4432 3596 4504">
     <span class='ocr_line' id='line_1_110' title="bbox 2031 4432 3596 4504; baseline 0.002 -15"><span class='ocrx_word' id='word_1_846' title='bbox 2031 4441 2138 4489; x_wconf 86' lang='lat' dir='ltr'><strong>tem</strong></span> <span class='ocrx_word' id='word_1_847' title='bbox 2179 4447 2427 4503; x_wconf 88' lang='lat' dir='ltr'><strong>capacem</strong></span> <span class='ocrx_word' id='word_1_848' title='bbox 2467 4432 2716 4502; x_wconf 59' lang='lat' dir='ltr'><strong>praecepti</strong></span> <span class='ocrx_word' id='word_1_849' title='bbox 2751 4433 3029 4504; x_wconf 85' lang='lat' dir='ltr'><strong>pervenire</strong></span> <span class='ocrx_word' id='word_1_850' title='bbox 3067 4436 3318 4503; x_wconf 88' lang='lat' dir='ltr'><strong>potuerit,</strong></span> <span class='ocrx_word' id='word_1_851' title='bbox 3344 4436 3414 4491; x_wconf 86' lang='lat' dir='ltr'><strong>ibi</strong></span> <span class='ocrx_word' id='word_1_852' title='bbox 3436 4436 3596 4492; x_wconf 88' lang='lat' dir='ltr'><strong>habet</strong></span> 
     </span>
    </p>
   </div>
   <div class='ocr_carea' id='block_1_110' title="bbox 2030 4524 3593 4598">
    <p class='ocr_par' dir='ltr' id='par_1_110' title="bbox 2030 4524 3593 4598">
     <span class='ocr_line' id='line_1_111' title="bbox 2030 4524 3593 4598; baseline -0.001 -15"><span class='ocrx_word' id='word_1_853' title='bbox 2030 4542 2149 4583; x_wconf 89' lang='lat' dir='ltr'><strong>cum</strong></span> <span class='ocrx_word' id='word_1_854' title='bbox 2174 4542 2277 4597; x_wconf 91' lang='lat' dir='ltr'><strong>qua</strong></span> <span class='ocrx_word' id='word_1_855' title='bbox 2303 4533 2518 4598; x_wconf 88' lang='lat' dir='ltr'><strong>pugnet,</strong></span> <span class='ocrx_word' id='word_1_856' title='bbox 2555 4540 2777 4595; x_wconf 88' lang='lat' dir='ltr'><strong>eamque</strong></span> <span class='ocrx_word' id='word_1_857' title='bbox 2812 4524 3093 4596; x_wconf 85' lang='lat' dir='ltr'><strong>adjuvante</strong></span> <span class='ocrx_word' id='word_1_858' title='bbox 3126 4526 3234 4582; x_wconf 88' lang='lat' dir='ltr'><strong>Deo</strong></span> <span class='ocrx_word' id='word_1_859' title='bbox 3259 4539 3506 4597; x_wconf 88' lang='lat' dir='ltr'><strong>superet,</strong></span> <span class='ocrx_word' id='word_1_860' title='bbox 3550 4528 3593 4584; x_wconf 86' lang='lat' dir='ltr'><strong>si</strong></span> 
     </span>
    </p>
   </div>
   <div class='ocr_carea' id='block_1_111' title="bbox 2031 4608 3597 4686">
    <p class='ocr_par' dir='ltr' id='par_1_111' title="bbox 2031 4608 3597 4686">
     <span class='ocr_line' id='line_1_112' title="bbox 2031 4608 3597 4686; baseline 0.002 -15"><span class='ocrx_word' id='word_1_861' title='bbox 2031 4631 2137 4671; x_wconf 91' lang='lat' dir='ltr'><strong>non</strong></span> <span class='ocrx_word' id='word_1_862' title='bbox 2163 4616 2217 4671; x_wconf 91' lang='lat' dir='ltr'><strong>in</strong></span> <span class='ocrx_word' id='word_1_863' title='bbox 2242 4629 2467 4670; x_wconf 76' lang='lat' dir='ltr'><strong>vacuant</strong></span> <span class='ocrx_word' id='word_1_864' title='bbox 2493 4615 2714 4685; x_wconf 90' lang='lat' dir='ltr'><strong>gratiam</strong></span> <span class='ocrx_word' id='word_1_865' title='bbox 2743 4608 3195 4686; x_wconf 74' lang='lat' dir='ltr'><strong>ejussuscepcrit,</strong></span> <span class='ocrx_word' id='word_1_866' title='bbox 3219 4617 3264 4672; x_wconf 90' lang='lat' dir='ltr'><strong>si</strong></span> <span class='ocrx_word' id='word_1_867' title='bbox 3284 4618 3597 4686; x_wconf 85' lang='lat' dir='ltr'><strong>reprobatus</strong></span> 
     </span>
    </p>
   </div>
   <div class='ocr_carea' id='block_1_112' title="bbox 2030 4706 3598 4778">
    <p class='ocr_par' dir='ltr' id='par_1_112' title="bbox 2030 4706 3598 4778">
     <span class='ocr_line' id='line_1_113' title="bbox 2030 4706 3598 4778; baseline 0 -13"><span class='ocrx_word' id='word_1_868' title='bbox 2030 4724 2151 4765; x_wconf 89' lang='lat' dir='ltr'><strong>esse</strong></span> <span class='ocrx_word' id='word_1_869' title='bbox 2188 4707 2436 4763; x_wconf 90' lang='lat' dir='ltr'><strong>noluerit.</strong></span> <span class='ocrx_word' id='word_1_870' title='bbox 2465 4706 2594 4761; x_wconf 88' lang='lat' dir='ltr'><strong>Nam</strong></span> <span class='ocrx_word' id='word_1_871' title='bbox 2633 4722 2731 4762; x_wconf 91' lang='lat' dir='ltr'><strong>nec</strong></span> <span class='ocrx_word' id='word_1_872' title='bbox 2766 4707 3054 4778; x_wconf 76' lang='lat' dir='ltr'><strong>grandibus</strong></span> <span class='ocrx_word' id='word_1_873' title='bbox 3089 4708 3191 4762; x_wconf 90' lang='lat' dir='ltr'><strong>hoc</strong></span> <span class='ocrx_word' id='word_1_874' title='bbox 3220 4719 3516 4778; x_wconf 76' lang='lat' dir='ltr'><strong>przestatur.</strong></span> <span class='ocrx_word' id='word_1_875' title='bbox 3538 4709 3598 4765; x_wconf 87' lang='lat' dir='ltr'><strong>in</strong></span> 
     </span>
    </p>
   </div>
   <div class='ocr_carea' id='block_1_113' title="bbox 2029 4795 3594 4867">
    <p class='ocr_par' dir='ltr' id='par_1_113' title="bbox 2029 4795 3594 4867">
     <span class='ocr_line' id='line_1_114' title="bbox 2029 4795 3594 4867; baseline -0.001 -14"><span class='ocrx_word' id='word_1_876' title='bbox 2029 4797 2321 4867; x_wconf 87' lang='lat' dir='ltr'><strong>Baptismo,</strong></span> <span class='ocrx_word' id='word_1_877' title='bbox 2361 4796 2461 4851; x_wconf 91' lang='lat' dir='ltr'><strong>nisi</strong></span> <span class='ocrx_word' id='word_1_878' title='bbox 2505 4795 2641 4850; x_wconf 81' lang='lat' dir='ltr'><strong>forte</strong></span> <span class='ocrx_word' id='word_1_879' title='bbox 2683 4796 2937 4852; x_wconf 89' lang='lat' dir='ltr'><strong>miraculo</strong></span> <span class='ocrx_word' id='word_1_880' title='bbox 2972 4796 3219 4852; x_wconf 78' lang='lat' dir='ltr'><strong>ineffabili</strong></span> <span class='ocrx_word' id='word_1_881' title='bbox 3260 4798 3594 4867; x_wconf 81' lang='lat' dir='ltr'><strong>omnipote:-</strong></span> 
     </span>
    </p>
   </div>
   <div class='ocr_carea' id='block_1_114' title="bbox 2033 4886 3615 4957">
    <p class='ocr_par' dir='ltr' id='par_1_114' title="bbox 2033 4886 3615 4957">
     <span class='ocr_line' id='line_1_115' title="bbox 2033 4886 3615 4957; baseline -0.001 -14"><span class='ocrx_word' id='word_1_882' title='bbox 2033 4888 2220 4943; x_wconf 91' lang='lat' dir='ltr'><strong>tissimi</strong></span> <span class='ocrx_word' id='word_1_883' title='bbox 2252 4887 2542 4952; x_wconf 82' lang='lat' dir='ltr'><strong>Creatoris,</strong></span> <span class='ocrx_word' id='word_1_884' title='bbox 2573 4894 2629 4940; x_wconf 91' lang='lat' dir='ltr'><strong>ut</strong></span> <span class='ocrx_word' id='word_1_885' title='bbox 2659 4886 2740 4941; x_wconf 81' lang='lat' dir='ltr'><strong>lex</strong></span> <span class='ocrx_word' id='word_1_886' title='bbox 2771 4887 3004 4956; x_wconf 88' lang='lat' dir='ltr'><strong>peccati,</strong></span> <span class='ocrx_word' id='word_1_887' title='bbox 3030 4902 3148 4957; x_wconf 81' lang='lat' dir='ltr'><strong>qua:</strong></span> <span class='ocrx_word' id='word_1_888' title='bbox 3173 4886 3310 4941; x_wconf 89' lang='lat' dir='ltr'><strong>inest</strong></span> <span class='ocrx_word' id='word_1_889' title='bbox 3339 4886 3391 4941; x_wconf 93' lang='lat' dir='ltr'><strong>in</strong></span> <span class='ocrx_word' id='word_1_890' title='bbox 3423 4902 3615 4942; x_wconf 51' lang='lat' dir='ltr'><strong>metum</strong></span> 
     </span>
    </p>
   </div>
   <div class='ocr_carea' id='block_1_115' title="bbox 2030 4974 3596 5048">
    <p class='ocr_par' dir='ltr' id='par_1_115' title="bbox 2030 4974 3596 5048">
     <span class='ocr_line' id='line_1_116' title="bbox 2030 4974 3596 5048; baseline -0.003 -15"><span class='ocrx_word' id='word_1_891' title='bbox 2030 4976 2141 5032; x_wconf 90' lang='lat' dir='ltr'><strong>bris</strong></span> <span class='ocrx_word' id='word_1_892' title='bbox 2170 4991 2466 5048; x_wconf 76' lang='lat' dir='ltr'><strong>repugnans</strong></span> <span class='ocrx_word' id='word_1_893' title='bbox 2499 4976 2599 5046; x_wconf 86' lang='lat' dir='ltr'><strong>legi</strong></span> <span class='ocrx_word' id='word_1_894' title='bbox 2625 4974 2837 5042; x_wconf 91' lang='lat' dir='ltr'><strong>mentis,</strong></span> <span class='ocrx_word' id='word_1_895' title='bbox 2868 4991 3085 5046; x_wconf 88' lang='lat' dir='ltr'><strong>prorsus</strong></span> <span class='ocrx_word' id='word_1_896' title='bbox 3108 4977 3129 5008; x_wconf 83' lang='grc'>³</span> <span class='ocrx_word' id='word_1_897' title='bbox 3154 4976 3364 5046; x_wconf 89' lang='lat' dir='ltr'><strong>penitus</strong></span> <span class='ocrx_word' id='word_1_898' title='bbox 3391 4978 3596 5031; x_wconf 79' lang='lat' dir='ltr'><strong>exstin-</strong></span> 
     </span>
    </p>
   </div>
   <div class='ocr_carea' id='block_1_116' title="bbox 2030 5064 3597 5136">
    <p class='ocr_par' dir='ltr' id='par_1_116' title="bbox 2030 5064 3597 5136">
     <span class='ocr_line' id='line_1_117' title="bbox 2030 5064 3597 5136; baseline 0.002 -16"><span class='ocrx_word' id='word_1_899' title='bbox 2030 5073 2239 5136; x_wconf 88' lang='lat' dir='ltr'><strong>guatur,</strong></span> <span class='ocrx_word' id='word_1_900' title='bbox 2272 5075 2325 5121; x_wconf 91' lang='lat' dir='ltr'><strong>et</strong></span> <span class='ocrx_word' id='word_1_901' title='bbox 2364 5080 2469 5119; x_wconf 90' lang='lat' dir='ltr'><strong>non</strong></span> <span class='ocrx_word' id='word_1_902' title='bbox 2496 5064 2606 5120; x_wconf 89' lang='lat' dir='ltr'><strong>sit:</strong></span> <span class='ocrx_word' id='word_1_903' title='bbox 2634 5065 2728 5120; x_wconf 90' lang='lat' dir='ltr'><strong>sed</strong></span> <span class='ocrx_word' id='word_1_904' title='bbox 2756 5074 2813 5121; x_wconf 91' lang='lat' dir='ltr'><strong>ut</strong></span> <span class='ocrx_word' id='word_1_905' title='bbox 2836 5065 3090 5136; x_wconf 89' lang='lat' dir='ltr'><strong>quidquid</strong></span> <span class='ocrx_word' id='word_1_906' title='bbox 3132 5064 3253 5120; x_wconf 90' lang='lat' dir='ltr'><strong>mali</strong></span> <span class='ocrx_word' id='word_1_907' title='bbox 3280 5066 3348 5122; x_wconf 89' lang='lat' dir='ltr'><strong>ab</strong></span> <span class='ocrx_word' id='word_1_908' title='bbox 3385 5068 3597 5123; x_wconf 86' lang='lat' dir='ltr'><strong>homine</strong></span> 
     </span>
    </p>
   </div>
   <div class='ocr_carea' id='block_1_117' title="bbox 2032 5154 3600 5228">
    <p class='ocr_par' dir='ltr' id='par_1_117' title="bbox 2032 5154 3600 5228">
     <span class='ocr_line' id='line_1_118' title="bbox 2032 5154 3600 5228; baseline 0.002 -19"><span class='ocrx_word' id='word_1_909' title='bbox 2032 5155 2248 5223; x_wconf 81' lang='lat' dir='ltr'><strong>factum,</strong></span> <span class='ocrx_word' id='word_1_910' title='bbox 2274 5154 2494 5216; x_wconf 88' lang='lat' dir='ltr'><strong>dictum,</strong></span> <span class='ocrx_word' id='word_1_911' title='bbox 2522 5154 2806 5225; x_wconf 85' lang='lat' dir='ltr'><strong>cogitatum</strong></span> <span class='ocrx_word' id='word_1_912' title='bbox 2833 5163 2942 5220; x_wconf 87' lang='lat' dir='ltr'><strong>est,</strong></span> <span class='ocrx_word' id='word_1_913' title='bbox 2972 5170 3091 5210; x_wconf 91' lang='lat' dir='ltr'><strong>cum</strong></span> <span class='ocrx_word' id='word_1_914' title='bbox 3129 5154 3302 5211; x_wconf 89' lang='lat' dir='ltr'><strong>eidem</strong></span> <span class='ocrx_word' id='word_1_915' title='bbox 3345 5158 3600 5228; x_wconf 89' lang='lat' dir='ltr'><strong>concupi-</strong></span> 
     </span>
    </p>
   </div>
   <div class='ocr_carea' id='block_1_118' title="bbox 2032 5243 3599 5313">
    <p class='ocr_par' dir='ltr' id='par_1_118' title="bbox 2032 5243 3599 5313">
     <span class='ocr_line' id='line_1_119' title="bbox 2032 5243 3599 5313; baseline 0.003 -14"><span class='ocrx_word' id='word_1_916' title='bbox 2032 5244 2248 5299; x_wconf 80' lang='lat' dir='ltr'><strong>scentia:</strong></span> <span class='ocrx_word' id='word_1_917' title='bbox 2274 5244 2511 5313; x_wconf 87' lang='lat' dir='ltr'><strong>subjecta</strong></span> <span class='ocrx_word' id='word_1_918' title='bbox 2536 5252 2710 5298; x_wconf 84' lang='lat' dir='ltr'><strong>mente</strong></span> <span class='ocrx_word' id='word_1_919' title='bbox 2743 5243 2982 5310; x_wconf 87' lang='lat' dir='ltr'><strong>serviret,</strong></span> <span class='ocrx_word' id='word_1_920' title='bbox 3021 5252 3185 5299; x_wconf 90' lang='lat' dir='ltr'><strong>totum</strong></span> <span class='ocrx_word' id='word_1_921' title='bbox 3215 5246 3507 5309; x_wconf 76' lang='lat' dir='ltr'><strong>abolentur.</strong></span> <span class='ocrx_word' id='word_1_922' title='bbox 3535 5264 3599 5303; x_wconf 87' lang='lat' dir='ltr'><strong>ac</strong></span> 
     </span>
    </p>
   </div>
   <div class='ocr_carea' id='block_1_119' title="bbox 2031 5330 3598 5404">
    <p class='ocr_par' dir='ltr' id='par_1_119' title="bbox 2031 5330 3598 5404">
     <span class='ocr_line' id='line_1_120' title="bbox 2031 5330 3598 5404; baseline 0.003 -18"><span class='ocrx_word' id='word_1_923' title='bbox 2031 5335 2175 5389; x_wconf 87' lang='lat' dir='ltr'><strong>velut</strong></span> <span class='ocrx_word' id='word_1_924' title='bbox 2203 5332 2395 5388; x_wconf 83' lang='lat' dir='ltr'><strong>factum</strong></span> <span class='ocrx_word' id='word_1_925' title='bbox 2418 5346 2524 5387; x_wconf 89' lang='lat' dir='ltr'><strong>non</strong></span> <span class='ocrx_word' id='word_1_926' title='bbox 2569 5330 2747 5396; x_wconf 77' lang='lat' dir='ltr'><strong>fuerit,</strong></span> <span class='ocrx_word' id='word_1_927' title='bbox 2788 5331 3208 5404; x_wconf 56' lang='lat' dir='ltr'><strong>habeaturgipsa</strong></span> <span class='ocrx_word' id='word_1_928' title='bbox 3248 5351 3374 5391; x_wconf 90' lang='lat' dir='ltr'><strong>vero</strong></span> <span class='ocrx_word' id='word_1_929' title='bbox 3422 5336 3598 5392; x_wconf 88' lang='lat' dir='ltr'><strong>soluto</strong></span> 
     </span>
    </p>
   </div>
   <div class='ocr_carea' id='block_1_120' title="bbox 2032 5420 3601 5491">
    <p class='ocr_par' dir='ltr' id='par_1_120' title="bbox 2032 5420 3601 5491">
     <span class='ocr_line' id='line_1_121' title="bbox 2032 5420 3601 5491; baseline 0.004 -14"><span class='ocrx_word' id='word_1_930' title='bbox 2032 5431 2209 5478; x_wconf 86' lang='lat' dir='ltr'><strong>reatus</strong></span> <span class='ocrx_word' id='word_1_931' title='bbox 2233 5422 2460 5487; x_wconf 70' lang='lat' dir='ltr'><strong>vinculo,</strong></span> <span class='ocrx_word' id='word_1_932' title='bbox 2490 5434 2595 5491; x_wconf 87' lang='lat' dir='ltr'><strong>quo</strong></span> <span class='ocrx_word' id='word_1_933' title='bbox 2620 5436 2714 5491; x_wconf 90' lang='lat' dir='ltr'><strong>per</strong></span> <span class='ocrx_word' id='word_1_934' title='bbox 2735 5422 2873 5478; x_wconf 86' lang='lat' dir='ltr'><strong>illam</strong></span> <span class='ocrx_word' id='word_1_935' title='bbox 2895 5430 2917 5454; x_wconf 73' lang='grc'><strong><em>³</em></strong></span> <span class='ocrx_word' id='word_1_936' title='bbox 2933 5420 3178 5482; x_wconf 86' lang='lat' dir='ltr'><strong>diabolus</strong></span> <span class='ocrx_word' id='word_1_937' title='bbox 3197 5426 3426 5484; x_wconf 80' lang='lat' dir='ltr'><strong>animam</strong></span> <span class='ocrx_word' id='word_1_938' title='bbox 3469 5431 3601 5484; x_wconf 81' lang='lat' dir='ltr'><strong>reti-</strong></span> 
     </span>
    </p>
   </div>
   <div class='ocr_carea' id='block_1_121' title="bbox 2098 5527 2910 5588">
    <p class='ocr_par' dir='ltr' id='par_1_121' title="bbox 2098 5527 2910 5588">
     <span class='ocr_line' id='line_1_122' title="bbox 2098 5527 2910 5588; baseline 0.001 -8"><span class='ocrx_word' id='word_1_939' title='bbox 2098 5533 2113 5562; x_wconf 79' lang='grc'>⁸</span> <span class='ocrx_word' id='word_1_940' title='bbox 2151 5530 2359 5580; x_wconf 78' lang='lat' dir='ltr'><strong>Potiores</strong></span> <span class='ocrx_word' id='word_1_941' title='bbox 2376 5537 2502 5588; x_wconf 65' lang='lat' dir='ltr'><strong>Mss,</strong></span> <span class='ocrx_word' id='word_1_942' title='bbox 2524 5527 2729 5580; x_wconf 85' lang='lat' dir='ltr'><strong>immotis</strong></span> <span class='ocrx_word' id='word_1_943' title='bbox 2748 5528 2910 5581; x_wconf 70' lang='lat' dir='ltr'><strong>labris.</strong></span> 
     </span>
    </p>
   </div>
   <div class='ocr_carea' id='block_1_122' title="bbox 2096 5589 2987 5654">
    <p class='ocr_par' dir='ltr' id='par_1_122' title="bbox 2096 5589 2987 5654">
     <span class='ocr_line' id='line_1_123' title="bbox 2096 5589 2987 5654; baseline 0.004 -16"><span class='ocrx_word' id='word_1_944' title='bbox 2096 5594 2117 5624; x_wconf 75' lang='grc'><strong><em>³</em></strong></span> <span class='ocrx_word' id='word_1_945' title='bbox 2149 5598 2210 5638; x_wconf 73' lang='lat' dir='ltr'><strong>Ex</strong></span> <span class='ocrx_word' id='word_1_946' title='bbox 2239 5599 2341 5641; x_wconf 71' lang='lat' dir='ltr'><strong>mss.</strong></span> <span class='ocrx_word' id='word_1_947' title='bbox 2365 5589 2442 5640; x_wconf 88' lang='lat' dir='ltr'><strong>hic</strong></span> <span class='ocrx_word' id='word_1_948' title='bbox 2463 5590 2742 5654; x_wconf 68' lang='lat' dir='ltr'><strong>adiecimus,</strong></span> <span class='ocrx_word' id='word_1_949' title='bbox 2774 5604 2987 5654; x_wconf 83' lang='lat' dir='ltr'><strong>prorsus.</strong></span> 
     </span>
    </p>
   </div>
   <div class='ocr_carea' id='block_1_123' title="bbox 2101 5651 3617 5721">
    <p class='ocr_par' dir='ltr' id='par_1_123' title="bbox 2101 5651 3617 5721">
     <span class='ocr_line' id='line_1_124' title="bbox 2101 5651 3617 5721; baseline 0.01 -23"><span class='ocrx_word' id='word_1_950' title='bbox 2101 5654 2120 5683; x_wconf 81' lang='grc'>³</span> <span class='ocrx_word' id='word_1_951' title='bbox 2156 5661 2252 5699; x_wconf 74' lang='lat' dir='ltr'><strong>Am.</strong></span> <span class='ocrx_word' id='word_1_952' title='bbox 2295 5659 2346 5703; x_wconf 91' lang='lat' dir='ltr'><strong>et</strong></span> <span class='ocrx_word' id='word_1_953' title='bbox 2378 5656 2492 5714; x_wconf 79' lang='lat' dir='ltr'><strong>Er.,</strong></span> <span class='ocrx_word' id='word_1_954' title='bbox 2529 5663 2621 5716; x_wconf 78' lang='lat' dir='ltr'><strong>quo</strong></span> <span class='ocrx_word' id='word_1_955' title='bbox 2652 5651 2817 5716; x_wconf 81' lang='lat' dir='ltr'><strong>illam;</strong></span> <span class='ocrx_word' id='word_1_956' title='bbox 2850 5659 3057 5719; x_wconf 85' lang='lat' dir='ltr'><strong>omisso,</strong></span> <span class='ocrx_word' id='word_1_957' title='bbox 3095 5669 3201 5721; x_wconf 65' lang='lat' dir='ltr'><strong>per.</strong></span> <span class='ocrx_word' id='word_1_958' title='bbox 3235 5657 3380 5712; x_wconf 72' lang='lat' dir='ltr'><strong>Paulo</strong></span> <span class='ocrx_word' id='word_1_959' title='bbox 3407 5660 3513 5719; x_wconf 58' lang='lat' dir='ltr'><strong>pou</strong></span> <span class='ocrx_word' id='word_1_960' title='bbox 3554 5660 3617 5713; x_wconf 68' lang='grc' dir='ltr'><strong>ιι.</strong></span> 
     </span>
    </p>
   </div>
  </div>
