3984 6178
337 201 432 257 151

335 315 516 377 nebat,
546 321 598 369 et
627 312 1002 368 interclusioue
1045 311 1348 374 destructa,
1411 325 1514 380 qua
1567 307 1836 363 hominem
1888 321 1919 361 a

311 403 434 461 ΩΞςιιο
477 402 730 460 Creatore
780 401 1090 472 separabat,
1134 409 1345 454 maneat
1392 401 1442 454 in
1476 398 1788 462 certamine,
1809 412 1916 467 quo

333 511 528 567 corpus
575 505 816 552 nostrum
858 493 1177 564 castigamus
1219 501 1273 548 et
1313 491 1552 547 servituti
1603 489 1917 558 subiicimus

333 589 389 659 (ι
413 587 532 644 Cor.
561 603 638 652 ix,
669 587 786 658 27),
809 585 891 640 vel
911 585 980 640 ad
999 598 1125 640 usus
1146 585 1320 640 licitos
1339 592 1393 638 et
1420 583 1748 638 necessarios
1775 581 1918 636 rela-

323 679 526 743 xanda,
555 679 641 733 vel
669 677 994 733 continentia
1023 673 1337 731 cohibenda.
1377 673 1483 729 Sed
1528 673 1778 744 qnoniant
1831 671 1916 726 di-

332 769 456 825 vino
478 769 698 839 Spiritu,
739 767 828 838 qui
860 767 1028 820 multo
1063 765 1254 820 melius
1277 779 1436 834 quam
1474 777 1575 818 nos
1599 763 1778 817 omnia
1822 777 1916 832 ge-

331 859 476 915 neris
501 859 715 912 humani
736 857 884 912 novit
909 857 993 910 vel
1031 857 1316 924 praeterita,
1356 853 1442 910 vel
1471 852 1784 924 prmsentia,
1829 851 1916 906 vel

330 952 525 1015 futura.
557 951 676 1005 talis
695 950 801 1004 vita
835 948 1068 1002 humana
1099 945 1418 1016 praecognita
1447 953 1606 1015 atque
1660 943 1914 1014 praedicta

328 1052 435 1110 est,
455 1051 514 1100 ut
541 1058 648 1098 non
692 1041 1014 1112 iustiﬁcetur
1057 1038 1112 1094 in
1155 1047 1448 1108 conspectu
1478 1036 1575 1092 Dei
1618 1035 1796 1092 omnis
1841 1033 1919 1088 vi-

329 1172 510 1284 tigdtétlnc
527 1171 688 1233 editis,
716 1177 769 1222 et
804 1169 930 1234 apud
959 1175 1090 1231 Lov.,
1125 1181 1236 1234 qua:
1267 1165 1506 1220 hominem
1541 1180 1573 1218 a
1601 1179 1688 1220 suo
1721 1173 1916 1220 Creato-

329 1247 357 1282 r
387 1268 403 1284 .
511 1267 526 1282 .
1133 1269 1155 1284 ς

329 1247 403 1293 re,
429 1247 526 1284 etc.
1133 1269 1155 1284 ς

957 199 1046 254 DE
1085 194 1537 254 PECLATORUM
1577 193 1854 252 MERlTlS
1893 193 1980 251 ET
2021 193 2454 264 REMISSIONE,
2494 195 2551 260 S.
2593 194 2954 254 AUGUSTINI

3517 201 3612 256 ΓΗ

2024 305 2341 378 vens(Psal.
2365 322 2524 372 exui,
2553 306 2634 378 2‘);
2668 307 2727 362 lit
2755 318 2812 362 ut
2845 325 2937 378 per
2961 309 3314 380 ignorantiam
3353 311 3607 366 vclinﬂr-

2024 398 2262 453 mitatem
2286 413 2390 452 non
2415 399 2638 452 exsertis
2655 399 2908 454 adversus
2941 414 3060 454 eam
3097 399 3224 454 totis
3271 401 3474 455 viribus
3501 416 3604 458 vo-

2023 484 2264 564 laniatis,
2283 489 2454 546 eidem
2482 489 2549 544 ad
2579 490 2761 545 illicita
2797 492 2956 546 etiam
3000 492 3254 546 nonnulla
3306 492 3559 550 cedamus
3583 535 3601 562 ,

2025 589 2172 636 tanto
2201 583 2367 656 magis
2387 591 2441 638 et
2467 581 2710 638 crebrius
2737 591 2937 652 quanto
2959 583 3454 652 deteriores,-tanto
3496 588 3602 642 mi-

2024 690 2124 729 nus
2142 683 2195 730 et
2219 675 2392 730 rarius
2419 683 2618 746 quanto
2643 675 2894 730 meliores
2943 690 3150 730 sumus.
3200 675 3306 732 Sed
3351 679 3602 748 quoniam

2023 765 2090 821 de
2113 766 2210 821 bac
2233 767 2524 838 quaestione
2553 767 2605 822 in
2630 783 2733 838 qua
2763 768 3038 838 qmeritur,
3082 779 3259 823 utrum
3301 771 3489 839 possit,
3521 771 3606 824 vel

2023 865 2198 912 utrum
2225 859 2313 924 sit,
2346 859 2520 924 fuerit,
2551 858 2822 914 futurusve
2844 859 2914 914 sit
2940 858 3102 915 homo
3143 861 3260 916 sine
3289 870 3508 930 peccato
3551 862 3604 917 in

2022 946 2262 1014 hacvita,
2294 955 2518 1018 excepto
2559 948 2649 1004 illo
2704 949 2795 1020 qui
2823 948 2989 1012 dixit,
3020 948 3151 1004 Ecce
3191 951 3322 1004 venit
3371 951 3605 1022 princeps

2022 1039 2217 1102 mundi,
2247 1048 2293 1093 et
2312 1039 2364 1092 in
2393 1055 2472 1092 me
2497 1039 2624 1093 nihil
2651 1040 2864 1094 inveniet
2894 1038 3087 1112 (Joan.
3138 1056 3250 1106 xrv,
3297 1041 3367 1096 30
3391 1041 3411 1112 )
3435 1082 3450 1106 ,
3501 1041 3607 1096 ali-

2021 1139 2222 1200 quanto
2246 1129 2552 1201 diligentius
2581 1129 2953 1186 disserendum
2975 1139 3088 1197 est;
3118 1131 3220 1188 iste
3244 1133 3312 1186 sit
3342 1131 3498 1200 hujus
3516 1147 3609 1188 vo-

2021 1220 2236 1275 luminis
2285 1219 2494 1288 modus,
2541 1229 2603 1296 ut.
2649 1221 2778 1304 illud
2823 1221 2889 1276 ab
2908 1222 3014 1276 alio
3041 1237 3341 1293 qumramns
3359 1223 3603 1280 exordio.

1249 1449 1734 1556 LIBER
1821 1447 2002 1555 SE
2015 1451 2106 1552 Ο
2120 1448 2425 1556 UND
2451 1448 2656 1556 US.

391 1663 605 1720 Disputat
627 1659 915 1720 Augustinus
935 1662 1106 1720 contra,
1121 1667 1208 1720 eos
1228 1655 1311 1718 qui
1331 1653 1513 1713 dicunt,
1529 1655 1730 1720 quodin
1745 1654 1834 1720 hac
1850 1655 1948 1705 vita
1968 1655 2082 1720 sint,
2103 1652 2302 1720 fuerint,
2329 1661 2381 1704 et
2402 1653 2548 1720 futuri
2571 1656 2668 1704 sint
2688 1657 2913 1720 homines
2927 1657 3110 1708 nullum
3135 1661 3378 1714 habentes
3409 1667 3606 1716 omnino

333 1715 582 1783 peccatum
604 1734 616 1769 :
756 1719 820 1768 de
838 1731 895 1766 re
918 1717 1176 1780 propositis
1195 1715 1398 1779 quatuor
1421 1715 1772 1778 quaestionibus
1791 1715 1935 1765 docet
1961 1717 2130 1776 primo,
2155 1715 2399 1765 hominem
2422 1716 2471 1764 in
2497 1717 2586 1766 hac
2611 1719 2704 1766 vita
2741 1717 2850 1768 sine
2874 1727 3072 1780 peccato
3103 1735 3218 1772 esse
3240 1736 3384 1786 posse
3411 1739 3497 1787 per
3517 1715 3604 1777 Dei

333 1791 535 1829 m-attam
560 1789 612 1829 et
635 1780 664 1829 li
703 1792 840 1829 erum
865 1778 1016 1829 iusius
1052 1778 1320 1826 arbitrium.
1343 1783 1508 1826 Postea
1533 1777 1702 1829 ts'obat
1718 1790 1812 1824 non
1835 1783 2125 1829 essetamen
2147 1789 2439 1829 quemquam
2460 1779 2510 1826 in
2532 1778 2621 1828 hac
2637 1779 2734 1826 vita
2753 1779 3020 1829 degentem
3035 1783 3142 1829 sine
3161 1781 3260 1829 ullo
3282 1799 3476 1829 morsus
3491 1800 3604 1829 tien-

331 1780 535 1846 grattam
560 1789 612 1846 et
635 1780 649 1828 l

703 1792 840 1848 erum
865 1777 1019 1840 ipisius
1052 1777 1320 1848 arbitrium.
1343 1777 1508 1848 Postea
1533 1777 1702 1848 [febat
1718 1790 1812 1824 non
1835 1783 2125 1848 essetanten
2147 1789 2448 1848 quemquam
2457 1779 2510 1848 in
2529 1778 2621 1848 hac
2637 1777 3142 1848 vitadegéntem‘sine
3161 1777 3260 1833 ullo
3282 1777 3476 1848 [morsus
3491 1800 3604 1848 peo-

331 1836 456 1894 Eato.
483 1845 658 1901 't'ertio,
683 1843 794 1890 ideo
816 1836 912 1904 non
936 1852 1064 1898 esse,
1089 1839 1200 1904 quia
1222 1851 1367 1888 nemo
1390 1845 1468 1886 est
1488 1836 1571 1900 qui
1602 1844 1786 1888 tantum
1807 1836 2196 1904 velit,_quautum
2210 1850 2302 1904 res
2315 1836 2492 1904 exigit,
2509 1839 2624 1888 dum
2641 1837 2722 1904 vel
2738 1836 2858 1904 latet
2875 1842 3010 1904 quod
3014 1843 3197 1904 justum
3220 1836 3314 1902 est,
3340 1846 3420 1895 vel
3441 1836 3604 1898 facere

333 1918 430 1953 non
451 1899 678 1953 delectat.
704 1909 876 1961 Quarto
899 1899 1022 1960 loco,
1047 1899 1232 1949 nullum
1253 1911 1469 1962 prorsus,
1494 1899 1704 1961 excepto
1725 1911 1822 1949 uno
1843 1899 2100 1951 Mediatore
2115 1899 2318 1961 Christo,
2342 1899 2422 1949 vel
2443 1912 2575 1962 esse,
2601 1899 2680 1950 vel
2699 1899 2873 1962 fuisse,
2887 1899 2968 1952 vel
2991 1899 3206 1953 futurum
3227 1899 3339 1957 esse
3359 1906 3604 1958 hominem

331 1977 394 2014 an
416 1965 542 2014 omni
567 1963 1054 2026 peeeatoiutmunem.
1400 1992 1408 1996 -

1672 2091 2143 2146 ...βθῶ-

403 2228 627 2285 CAPUT
673 2227 951 2285 PRIMUM.
983 2242 1056 2269 -ι-
1079 2227 1131 2281 l.
1161 2225 1298 2292 Quid
1342 2227 1580 2280 hactenus
1607 2233 1864 2294 peractum
1895 2267 1909 2290 ,

335 2321 515 2392 quidve
543 2322 636 2374 hoc
665 2322 794 2375 libro
821 2317 1160 2374 tractandum.
1209 2318 1288 2372 De
1340 2317 1614 2386 Baptismo
1663 2315 1915 2387 parvulo-

335 2428 476 2476 rum,
506 2411 806 2466 Marcelline
835 2409 1169 2474 charissitne,
1205 2407 1348 2478 quod
1374 2423 1479 2462 non
1505 2407 1679 2462 solum
1724 2409 1802 2462 eis
1849 2406 1917 2462 ad

336 2518 558 2572 regnum
595 2501 704 2565 Dei,
729 2516 911 2554 verum
938 2499 1096 2555 etiam
1111 2497 1176 2553 ad
1203 2496 1428 2552 salutem
1458 2499 1726 2568 vitamque
1754 2509 1917 2554 teter-

341 2609 462 2647 nam
489 2591 883 2662 adipiscendam
920 2589 1108 2656 detur,
1135 2603 1294 2660 quam
1324 2589 1442 2644 sine
1483 2588 1576 2644 Dei
1608 2604 1774 2660 regno
1797 2629 1813 2654 ,
1866 2599 1922 2644 et

336 2685 454 2740 sine
481 2681 973 2739 Christisalvatoris
1007 2681 1264 2736 societate
1291 2723 1308 2748 ,
1365 2681 1418 2734 in
1466 2695 1625 2752 quam
1666 2697 1766 2736 nos
1821 2697 1921 2738 suo

337 2777 594 2846 sanguine
624 2775 868 2841 redemit,
901 2773 1096 2828 habere
1139 2773 1319 2828 nullus
1349 2781 1542 2842 potest,
1576 2773 1753 2844 priore
1775 2775 1920 2829 libro

337 2866 484 2932 satis,
519 2875 575 2918 ut
627 2864 874 2929 arbitror,
906 2863 1313 2934 disputavimus.
1362 2863 1420 2918 ln
1472 2865 1573 2920 hoc
1608 2872 1807 2930 autem,
1838 2865 1921 2918 vi-

338 2965 496 3012 vatne
511 2956 702 3026 aliquis
733 2955 786 3008 in
805 2955 907 3009 hoc
935 2955 1153 3018 saeculo,
1179 2953 1261 3008 vel
1287 2953 1502 3018 vixerit,
1525 2953 1827 3008 victurusve
1849 2955 1922 3008 sit

337 3048 454 3101 sine
481 3046 588 3099 ullo
615 3043 832 3098 omnino
889 3050 1108 3114 peccato
1134 3082 1149 3106 ,
1203 3049 1426 3110 excepto
1473 3057 1578 3097 uno
1631 3041 1923 3098 Mediatore

343 3135 436 3190 Dei
462 3144 516 3189 et
543 3133 814 3187 hominum
847 3131 1063 3186 homine
1090 3130 1303 3186 Christo
1325 3130 1474 3198 Jesu,
1503 3131 1594 3201 qui
1645 3131 1796 3186 dedit
1836 3147 1924 3186 se-

341 3225 628 3296 metipsum
645 3221 1064 3292 redemptionem
1105 3235 1200 3290 pro
1224 3220 1471 3276 omnibus
1518 3218 1582 3295 (l
1610 3219 1742 3274 Tim.
1777 3236 1836 3289 ιι,
1867 3220 1922 3287 5,

343 3317 412 3390 6)
434 3357 450 3384 ,
481 3322 675 3386 quanta
705 3313 818 3383 ipse
836 3312 1000 3368 donat
1024 3311 1294 3384 diligentia
1323 3311 1408 3368 vel
1428 3309 1683 3368 facultate
1703 3353 1719 3380 ,
1747 3311 1924 3368 disse-

341 3408 567 3465 rendum
618 3405 1063 3476 enodandumque
1089 3404 1453 3475 suscepizcui
1481 3403 1829 3474 disputationi
1877 3404 1926 3460 si

341 3513 403 3554 se
424 3495 710 3552 identidem
738 3495 914 3566 aliqua
937 3495 1256 3551 necessitate
1301 3495 1386 3550 vel
1415 3495 1816 3565 Opportunitate
1845 3494 1928 3550 in-

341 3587 572 3645 seruerit
609 3587 834 3658 qumstio
857 3586 926 3642 de
955 3586 1224 3654 Baptismo
1268 3585 1352 3640 vel
1391 3594 1616 3658 peccato
1664 3586 1916 3657 parvulo-

343 3693 484 3746 rum,
513 3677 809 3734 mirandum
831 3693 941 3734 non
973 3677 1098 3744 erit,
1125 3691 1226 3733 nec
1251 3677 1632 3749 del‘ugiendum
1653 3687 1714 3734 ut
1741 3679 1820 3734 eis
1839 3679 1925 3734 lo-

342 3768 422 3823 cis
448 3767 516 3823 ad
544 3769 719 3824 omnia
744 3784 863 3842 qua:
901 3769 1306 3838 responsionem
1355 3776 1594 3824 nostram
1646 3767 1923 3840 ﬂagitant,

344 3859 484 3914 sicut
507 3857 748 3912 valemus
773 3857 1218 3927 respondeamus.

413 3946 639 4005 CAPUT
661 3945 722 4002 ll.
751 3976 822 3988 —
841 3946 896 4002 2.
927 3946 1327 4002 Liberoarbitrio
1353 3948 1560 4018 quidam
1587 3948 1800 4004 nimium
1823 3949 1918 4018 tri-

342 4039 519 4094 buunt.
552 4039 850 4111 Ignorantia
877 4048 924 4094 et
950 4040 1242 4110 inﬁrmitas.
1273 4039 1442 4110 Hujus
1471 4049 1646 4096 autem
1679 4040 1929 4111 quaestio-

263 4153 278 4174 αι
344 4133 430 4186 nis
457 4130 652 4186 solutio
679 4130 748 4186 de
777 4129 1005 4187 hominis
1045 4131 1152 4186 vita
1180 4130 1296 4186 sine
1333 4131 1440 4186 ulla
1475 4131 1816 4202 subreptionc
1843 4131 1928 4186 vel

341 4221 804 4293 praeoccupatione
840 4222 1082 4294 peccati,
1128 4229 1344 4292 propter
1387 4221 1722 4292 quotidianas
1767 4221 1928 4278 etiam

342 4322 555 4366 nostras
591 4313 860 4368 orationes
904 4313 1134 4368 maxime
1161 4313 1462 4368 necessaria
1489 4321 1590 4368 est.
1623 4311 1758 4370 Sunt
1785 4313 1928 4369 enim

343 4399 561 4471 quidam
598 4407 800 4455 tantum
831 4410 1215 4471 praesumentes
1253 4400 1322 4456 de
1361 4400 1530 4456 libero
1562 4402 1808 4458 humanas
1837 4419 1932 4458 vo-

345 4491 564 4546 lnutatis
606 4491 858 4558 arbitrio,
896 4499 956 4546 ut
997 4490 1064 4546 ad
1103 4505 1210 4546 non
1262 4491 1590 4562 peccandum
1639 4507 1738 4548 nec
1779 4493 1932 4562 adju-

345 4583 550 4640 vandos
597 4599 696 4638 nos
742 4583 994 4638 divinitus
1033 4583 1350 4652 opinentur,
1393 4583 1560 4639 semel
1600 4585 1696 4654 ipsi
1728 4594 1948 4640 naturae

346 4683 546 4730 nostra:
587 4687 844 4729 concesso
882 4673 1062 4729 libera:
1105 4674 1392 4729 voluntatis
1421 4675 1658 4730 arbitrio.
1691 4675 1844 4730 Unde
1875 4675 1932 4730 tit

348 4781 680 4838 consequens
724 4774 782 4820 ut
821 4780 921 4821 nec
962 4780 1119 4820 orare
1159 4765 1449 4820 debeamus
1485 4781 1555 4820 ne
1590 4765 1846 4821 intremus
1875 4766 1929 4820 in

347 4859 729 4925 tentationem,
756 4858 860 4914 hoc
911 4866 1012 4922 cst,
1069 4872 1135 4912 ne
1178 4857 1468 4912 tentatione
1497 4857 1804 4922 vincamur,
1843 4857 1930 4912 vel

345 4965 466 5004 cum
493 4949 626 5004 fallit
653 4958 708 5005 et
733 4955 1067 5020 praeoccupat
1105 4947 1402 5002 nescientes
1421 4987 1438 5015 ,
1464 4947 1547 5002 vel
1579 4963 1699 5002 cum
1740 4948 1932 5018 premit

345 5049 505 5109 atque
546 5051 695 5110 urget
737 5038 994 5094 inﬁrmos.
1041 5036 1210 5106 Quam
1257 5035 1326 5091 sit
1363 5045 1540 5090 autem
1583 5036 1827 5101 noxium,
1875 5046 1930 5092 et

347 5130 502 5184 saluti
533 5139 757 5197 nostra),
800 5145 919 5201 qua:
962 5129 1014 5182 in
1061 5127 1274 5184 Christo
1319 5135 1430 5193 est,
1463 5126 1815 5196 perniciosum
1845 5136 1928 5182 at-

345 5235 450 5290 que
476 5221 799 5276 contrarium
821 5263 836 5288 ,
867 5221 1072 5290 ipsique
1111 5219 1353 5290 religioni
1379 5232 1482 5288 qua
1513 5217 1696 5272 imbuti
1724 5234 1927 5284 sumus,

345 5321 402 5367 et
451 5311 632 5382 pietati
686 5327 787 5382 qua
843 5311 1006 5366 Deum
1059 5311 1318 5378 colimus,
1374 5324 1532 5380 quam
1586 5307 1932 5364 vehementer

346 5401 647 5467 adversum,
679 5411 736 5456 ut
765 5417 860 5472 pro
902 5403 988 5456 tali
1019 5401 1328 5472 accipiendo
1363 5400 1622 5456 beneﬁcio
1648 5401 1928 5456 Dominum

347 5507 453 5548 non
478 5506 760 5562 rogemus,
799 5501 958 5563 atque
1001 5493 1053 5548 in
1096 5494 1207 5562 ipsa
1249 5493 1490 5549 oratione
1517 5491 1816 5557 dominica,
1841 5491 1934 5547 Ne

348 5601 440 5644 nos
465 5585 653 5658 inferas
679 5587 732 5643 in
757 5587 1072 5644 tentatione»:
1105 5586 1324 5657 (Matth.
1351 5603 1424 5654 vt,
1459 5585 1580 5657 15),
1613 5585 1803 5642 frustra
1833 5603 1929 5658 po-

2022 2227 2180 2281 situm
2218 2228 2615 2298 existimemus,
2657 2233 2834 2290 verbis
2864 2235 3134 2305 .eXplicare
3167 2251 3270 2292 non
3301 2253 3602 2308 possumus.

2096 2317 2320 2375 CAPUT
2340 2321 2428 2375 Ill.
2441 2353 2512 2362 —
2523 2324 2574 2378 5.
2595 2323 2860 2389 Quomodo
2875 2325 3014 2380 Deus
3029 2328 3157 2383 nihil
3171 2332 3399 2400 praecipit
3419 2335 3608 2401 impos-

2025 2407 2183 2462 sibile.
2206 2407 2374 2480 Opera
2389 2412 2747 2470 misericordice
2760 2418 2982 2472 remedia
2995 2429 3112 2474 sunt
3135 2421 3204 2474 ad
3217 2421 3388 2476 abolet.
3401 2424 3468 2478 da
3487 2441 3608 2495 pec-

2024 2507 2154 2551 cata.
2184 2501 2352 2556 Acute
2372 2511 2548 2558 autem
2575 2504 2674 2560 sibi
2702 2505 2948 2562 videntur
2970 2507 3170 2574 dicere,
3192 2513 3343 2581 quasi
3365 2523 3608 2570 nostrum

2026 2586 2128 2644 hoc
2153 2589 2290 2644 ullus
2317 2591 2543 2661 ignoret,
2570 2595 2712 2664 quod
2734 2614 2752 2648 ι
2783 2597 2828 2652 si
2855 2599 3123 2668 nolumus,
3161 2616 3266 2656 non
3295 2617 3609 2672 peccamus;

2031 2697 2054 2732 ι
2091 2695 2190 2736 nec
2211 2681 2524 2753 praeciperet
2553 2685 2692 2741 Deus
2731 2685 2970 2756 homini,
2999 2689 3140 2760 quod
3177 2702 3319 2747 esset
3365 2696 3612 2751 humanae

2033 2787 2053 2820 ι
2091 2771 2420 2841 impossibile
2439 2777 2714 2832 voluntati.
2737 2797 2756 2830 ι
2782 2777 2888 2834 Sed
2911 2778 3015 2835 hoc
3035 2797 3139 2835 non
3163 2781 3361 2851 vident,
3379 2784 3520 2854 quod
3543 2785 3610 2841 atl

2029 2856 2278 2910 nonnulla
2309 2858 2640 2928 superanda,
2673 2861 2758 2916 vel
2802 2877 2922 2933 quas
2967 2865 3105 2927 male
3144 2867 3434 2936 cupiuntur
3459 2910 3476 2937 ,
3524 2870 3610 2926 vel

2030 2959 2148 3014 qua:
2175 2947 2312 3002 male
2329 2957 2657 3016 metuuntur,
2681 2953 2886 3023 magnis
2905 2953 3196 3024 aliquando
3244 2965 3299 3012 et
3330 2959 3452 3014 totis
3479 2960 3612 3015 viri-

2032 3033 2130 3090 bus
2157 3051 2290 3107 opus
2314 3046 2398 3092 est
2421 3039 2724 3106 voluntatis,
2755 3057 2887 3112 quas
2917 3060 3013 3098 nos
3031 3061 3135 3100 non
3159 3045 3394 3115 perfecte
3423 3049 3475 3104 in
3496 3066 3613 3104 om-

2030 3125 2188 3182 nibus
2212 3126 2544 3186 adhibituros
2580 3133 2840 3200 prtevidit,
2867 3134 2957 3204 qui
2988 3150 3084 3204 per
3109 3139 3419 3206 prophetam
3468 3140 3612 3194 veri-

2029 3214 2150 3271 dice
2195 3217 2300 3272 dici
2347 3219 2533 3286 voluit,
2567 3219 2690 3275 Non
2709 3223 3076 3294 justiﬁcabitur
3114 3227 3169 3280 in
3205 3237 3475 3298 conspectu
3524 3239 3614 3285 tuo

2031 3309 2195 3364 omnis
2217 3310 2384 3366 vivens
2409 3309 2586 3384 (Psal.
2605 3329 2764 3380 cxw,
2785 3313 2868 3386 2).
2899 3315 3056 3372 Tales
3077 3317 3254 3388 itaque
3281 3334 3380 3375 nos
3406 3319 3612 3376 futuros
3672 3303 3683 3314 ’

2032 3397 2289 3455 Dominus
2319 3401 2614 3471 praavidens
2633 3443 2649 3469 ,
2680 3405 2922 3474 quaedam
2948 3406 3177 3461 salubria
3217 3409 3452 3464 remedia
3477 3425 3608 3464 con-

2034 3497 2112 3544 tra
2142 3500 2348 3548 reatum
2379 3501 2434 3548 et
2461 3494 2666 3550 vincula
2697 3505 3037 3566 peccatorum
3076 3498 3235 3554 etiam
3261 3510 3380 3571 post
3429 3501 3611 3571 Bapti-

2034 3593 2209 3635 smum
2234 3580 2364 3637 dare
2385 3597 2447 3638 ac
2471 3584 2648 3640 valere
2674 3583 2922 3656 dignatus
2947 3595 3050 3654 est,
3072 3603 3236 3658 opera
3276 3589 3482 3644 scilicet
3509 3591 3615 3645 mi-
3688 3603 3696 3610 '

2035 3675 2358 3744 sericordim,
2385 3691 2504 3731 cum
2534 3678 2627 3742 ait,
2652 3676 2920 3746 Dimittite,
2951 3689 2999 3734 et
3025 3680 3298 3745 dimittetur
3328 3682 3488 3745 vobis;
3515 3683 3614 3735 da-

2033 3772 2100 3830 te,
2123 3773 2167 3818 et
2191 3765 2392 3824 dabitur
2410 3767 2545 3822 vobis
2576 3767 2737 3841 (Luc.
2755 3785 2828 3835 vt,
2855 3770 2944 3838 '57,
2976 3771 3102 3842 58).
3146 3771 3276 3840 Quis
3319 3772 3460 3826 enim
3489 3788 3612 3828 cum

2033 3855 2207 3926 aliqua
2235 3871 2330 3927 spe
2359 3858 2717 3928 adipiscenda:
2759 3861 2946 3915 salutis
2978 3871 3193 3917 aeterna:
3234 3861 3303 3918 de
3357 3862 3460 3919 hac
3504 3864 3610 3919 vita

2034 3947 2338 4018 emigraret,
2371 3959 2618 4004 manente
2640 3950 2728 4005 illa
2761 3953 3021 4006 sententia
3051 3993 3066 4017 ,
3123 3953 3264 4024 quod
3310 3954 3612 4026 quicumque

2035 4047 2189 4092 totam
2210 4039 2369 4110 legem
2405 4041 2690 4110 servaverit,
2719 4039 2944 4109 oll'endat
2985 4026 3152 4098 autem
3195 4045 3248 4098 in
3281 4060 3382 4100 uno
3401 4084 3418 4112 ,
3445 4035 3612 4114 {actus

2033 4138 2104 4183 est
2133 4132 2355 4184 omnium
2382 4147 2533 4193 reus:
2560 4132 2660 4186 nisi
2692 4141 2810 4202 post
2829 4132 3102 4203 paululum
3133 4143 3448 4203 sequeretur
3469 4175 3484 4200 ,
3517 4134 3614 4190 Sic

2035 4221 2316 4292 loquimini,
2348 4232 2395 4276 et
2417 4224 2490 4278 sic
2515 4222 2684 4292 facite,
2717 4231 2956 4293 tanquam
2983 4239 3072 4294 per
3092 4223 3250 4294 legem
3279 4224 3524 4280 libertatis
3537 4226 3612 4279 iu-

2032 4312 2526 4384 cipientesjudicari.
2556 4311 2818 4367 Iudicium
2851 4313 2982 4367 enim
3007 4313 3116 4368 sint!
3139 4314 3489 4370 misericordia
3532 4316 3612 4369 illi

2033 4401 2119 4473 qui
2135 4417 2234 4454 non
2255 4401 2378 4472 facit
2403 4401 2816 4456 misericordiam.
2853 4401 3210 4473 Superexaltat
3254 4415 3426 4461 autem
3457 4407 3612 4461 mise-

2031 4490 2698 4563 ricortliajudiciancobi
2727 4509 2784 4559 n,
2818 4493 2904 4556 l0.
2929 4494 3016 4558 12,
3047 4494 3172 4566 ιδῃ

2102 4575 2328 4632 CAPUT
2359 4575 2445 4628 IV.
2473 4605 2546 4616 —-
2571 4577 2626 4630 4.
2652 4575 3068 4648 Cancupiscenlia
3099 4588 3344 4649 quatenus
3365 4581 3417 4634 in
3449 4581 3612 4636 nobis.

2032 4667 2313 4736 Baptizatis
2337 4685 2440 4723 non
2465 4669 2576 4738 ipsa
2617 4669 3041 4742 concupiscentia,
3095 4670 3184 4724 sed
3223 4672 3363 4725 solus
3394 4673 3446 4726 in
3500 4689 3616 4726 eam

2032 4781 2302 4820 consensus
2345 4775 2506 4820 nocet.
2553 4763 2998 4836 Concupiscentia
3043 4765 3203 4836 igitur
3249 4769 3612 4836 tanquamch

2033 4857 2234 4926 peccati
2258 4871 2476 4912 manens
2491 4857 2545 4912 in
2571 4856 2824 4910 membris
2839 4856 3078 4926 corporis
3095 4858 3284 4912 mortis
3302 4856 3478 4926 hujus.
3493 4871 3614 4912 cum

2034 4949 2264 5020 parvulis
2281 4949 2534 5014 nascitur,
2553 4948 2604 5002 in
2624 4947 2858 5018 parvulis
2875 4947 3148 5016 baptizatis
3163 4964 3191 5001 a
3205 4949 3354 5003 r'eatu
3368 4948 3612 5013 solvitur,

2033 5037 2099 5093 ad
2113 5055 2332 5109 agonem
2355 5039 2684 5110 relinquitur,
2703 5047 2826 5092 ante
2851 5050 3074 5108 agonem
3101 5048 3338 5093 mortuos
3367 5039 3508 5092 nulla
3531 5039 3618 5092 da-

2035 5129 2302 5184 mnatione
2320 5129 2654 5198 persequitur
2674 5145 2687 5182 :
2707 5123 2954 5196 parvulos
2971 5144 3075 5183 non
3094 5128 3385 5198 baptizatos
3403 5143 3522 5185 reos
3540 5129 3620 5184 in-

2035 5222 2216 5282 nectit.
2234 5230 2289 5276 et
2310 5229 2555 5290 tanquam
2575 5219 2664 5272 ira:
2683 5219 2838 5280 filios,
2857 5219 3063 5274 etiamsi
3080 5219 3280 5287 parvuli
3299 5221 3614 5288 moriantur,

2034 5309 2097 5364 ad
2119 5309 2612 5364 condemnationem
2637 5307 2814 5361 trahit.
2841 5307 2896 5362 lu
2926 5308 3215 5378 grandibus
3235 5319 3411 5363 autem
3436 5307 3614 5378 bapti-

2033 5403 2184 5467 zatis,
2213 5401 2264 5471 in
2295 5399 2484 5470 quibus
2507 5398 2617 5468 jam
2646 5399 2848 5453 ratione
2875 5400 3144 5455 utentibus
3169 5398 3423 5469 quidquid
3437 5398 3616 5453 eidem

2035 5492 2476 5562 concupiscentia:
2510 5507 2663 5547 mens
2701 5491 2765 5546 ad
2799 5491 3126 5562 peccandum
3157 5492 3448 5565 consentit,
3487 5505 3614 5560 pro-

2035 5586 2163 5656 priae
2189 5585 2468 5640 voluntatis
2496 5585 2816 5653 cst;dclctis
2873 5586 3102 5657 peccatis
3141 5584 3410 5650 omnibus,
3439 5586 3614 5641 soluto
