4002 6180
239 318 332 378 153

236 437 387 492 etiam
416 443 588 501 reatu,
614 446 721 505 quo
774 433 981 489 vinctos
1023 432 1351 503 originaliter
1399 428 1712 492 detinebat,
1744 423 1812 478 ad

234 544 449 600 agonem
468 529 683 582 interim
704 534 906 594 manet,
928 541 1033 581 non
1052 525 1152 581 sibi
1184 524 1250 578 ad
1277 522 1455 578 illicita
1478 522 1817 576 consentien-

235 624 366 677 tibus
437 621 573 675 nihil
621 619 840 673 omnino
905 618 1181 683 nocitura,
1248 615 1421 671 donec
1467 614 1817 670 absorbeatur

233 728 371 768 mors
391 713 445 766 in
473 709 750 766 victoriam
802 707 863 780 (l
893 705 1013 763 Cor.
1045 723 1135 773 xv,
1154 707 1222 761 54
1243 704 1262 777 )
1283 746 1299 771 ,
1337 715 1389 759 et
1418 720 1545 774 pace
1572 703 1812 774 perfecta

232 806 355 860 nihil
380 803 523 874 quod
552 803 796 857 vincatur
819 800 1032 855 existat.
1062 797 1473 853 Conscutieutcs
1500 805 1677 850 autem
1708 795 1812 849 sibi

232 896 290 950 ad
331 895 512 949 illicita
552 907 673 947 reos
718 893 883 955 te’net,
924 897 977 945 et
1016 889 1116 943 nisi
1165 904 1260 958 per
1288 886 1605 942 medicinam
1634 886 1811 955 ptent-

234 986 402 1042 tentize
424 994 481 1040 et
508 999 673 1053 Opera
697 980 1076 1037 misericordia:
1104 994 1203 1050 per
1235 978 1512 1034 cmlestem
1558 976 1812 1032 sacerdo-

235 1087 331 1133 tem
359 1091 461 1148 pro
488 1077 644 1130 nobis
680 1073 1104 1143 interpellantem
1129 1080 1406 1135 sanentur,
1434 1068 1500 1123 ad
1524 1069 1811 1124 secundam

231 1179 451 1225 mortem
473 1158 975 1235 damnationemque
1005 1166 1023 1197 ⁸
1047 1163 1305 1235 perducit.
1354 1164 1576 1233 Pmpter
1629 1162 1731 1216 hoc
1759 1171 1813 1216 et

234 1262 483 1317 Dominus
496 1274 654 1314 orare
674 1273 772 1313 nos
793 1258 1012 1322 docens,
1040 1257 1179 1311 inter
1208 1264 1401 1311 caetera
1429 1255 1633 1308 monuit
1661 1264 1717 1307 ut
1733 1252 1810 1307 di-

182 1382 183 1385 η
230 1366 426 1417 camus,
458 1349 672 1403 Dimitte
691 1347 834 1402 nobis
861 1348 1027 1401 debita
1066 1355 1259 1411 nostra,
1290 1347 1422 1399 sicut
1447 1354 1493 1398 et
1517 1361 1608 1399 nos
1634 1344 1808 1397 dimit-

232 1443 374 1496 timus
392 1439 704 1495 debitoribus
738 1440 955 1503 nostris;
985 1445 1031 1492 et
1059 1453 1121 1491 ne
1147 1446 1238 1491 nos
1266 1437 1455 1505 inferas
1492 1435 1544 1489 in
1571 1435 1809 1488 tentatio-

231 1548 362 1597 nem,
385 1531 476 1586 sed
501 1532 663 1584 libera
688 1547 779 1583 nos
805 1546 838 1582 a
864 1531 998 1582 malo
1029 1526 1048 1600 (
1071 1526 1256 1580 Matth.
1286 1541 1361 1592 vr,
1394 1525 1458 1579 12.
1483 1535 1531 1578 et
1557 1523 1669 1597 15).
1699 1524 1805 1578 Ma-

232 1632 315 1676 net
341 1621 484 1674 enim
512 1620 710 1673 malum
738 1620 793 1673 in
821 1633 981 1672 carne
1010 1626 1212 1679 nostra,
1247 1631 1351 1671 non
1386 1627 1574 1670 natura
1619 1617 1669 1668 in
1706 1630 1808 1685 qua

228 1711 477 1766 divinitus
496 1719 708 1765 creatus
752 1718 835 1765 est
879 1707 1175 1771 bomo,sed
1203 1707 1332 1761 vitio
1384 1722 1491 1777 quo
1539 1707 1809 1760 voluntate

229 1804 504 1873 prolapsus
533 1811 639 1867 est,
672 1803 761 1857 ubi
782 1802 992 1855 amissis
1020 1801 1241 1865 viribus,
1267 1816 1370 1855 non
1412 1816 1473 1854 ea
1500 1815 1600 1870 qua
1627 1801 1810 1855 vulne-

230 1905 369 1948 ratus
391 1903 499 1956 est,
531 1892 823 1946 voluntatis
844 1890 1095 1947 facilitate
1137 1900 1378 1945 sanatur.
1411 1891 1485 1946 De
1531 1891 1633 1945 hoc
1667 1891 1808 1945 malo

230 1983 663 2054 dicitApostolus
693 2001 706 2037 :
741 1980 866 2037 Scid
911 1982 1149 2053 quoniam
1191 1998 1290 2035 non
1328 1980 1518 2034 habitat
1565 1981 1615 2033 in
1657 1998 1808 2034 carne

229 2096 333 2131 mea
357 2079 548 2131 bonum
590 2075 778 2146 (Rom.
812 2091 906 2139 vn,
948 2074 1060 2147 18).
1106 2074 1200 2129 Cui
1241 2074 1380 2127 malo
1419 2089 1523 2128 non
1551 2073 1805 2128 obediro'

227 2170 493 2239 praecipit,
526 2183 649 2222 cum
692 2167 822 2221 dicit
861 2183 874 2221 :
920 2166 1041 2220 Non
1087 2179 1204 2236 ergo
1232 2175 1398 2236 regnet
1447 2174 1706 2235 peccatum
1753 2165 1805 2218 in

225 2269 377 2311 uestro
405 2255 616 2310 mortali
640 2272 851 2324 corpore
904 2255 970 2309 ad
1018 2255 1354 2309 obedientium
1399 2253 1659 2307 desideriis
1697 2254 1806 2322 ejus

227 2340 331 2410 (Id.
359 2356 434 2404 vr,
465 2340 583 2409 l2).
610 2339 668 2393 Si
717 2354 846 2408 ergo
900 2337 982 2392 his
1033 2336 1310 2392 desideriis
1361 2335 1805 2404 concupiscentia:

224 2432 391 2485 cannis
420 2429 604 2483 illicita
635 2428 924 2483 voluntatis
952 2427 1294 2482 inclinatione
1323 2425 1713 2489 consensimus,
1739 2425 1807 2479 ad

224 2519 634 2575 hocsanandum
678 2519 923 2582 dicimus,
952 2517 1162 2571 Dimitte
1211 2512 1367 2571 nobis
1392 2516 1558 2570 debita
1598 2524 1807 2570 nostra:

222 2614 539 2668 adhibentes
567 2610 862 2665 remedium
883 2626 948 2665 ex
977 2624 1140 2679 opere
1163 2608 1575 2673 misericordia,
1626 2608 1680 2660 in
1740 2620 1805 2660 eo

222 2707 359 2778 quod
385 2705 651 2771 addimus,
671 2705 800 2758 sicut
849 2712 898 2757 et
938 2719 1029 2758 nos
1067 2701 1365 2756 dimittimus
1394 2699 1696 2755 debitoribus
1722 2715 1807 2752 no-

221 2797 359 2852 stris.
384 2796 454 2851 [Et
476 2805 657 2849 autem
680 2808 788 2848 non
818 2794 867 2848 ei
892 2792 1308 2857 consentiamus,
1337 2791 1685 2861 deprecamur
1710 2788 1805 2842 ad-

220 2887 471 2956 iutorium
500 2886 741 2941 dicentes
766 2925 780 2947 ,
829 2884 893 2937 Et
919 2900 982 2937 ne
1002 2900 1092 2937 nos
1116 2884 1306 2954 inferas
1347 2882 1399 2936 in
1441 2881 1761 2935 tentationem
1784 2893 1803 2931 :

221 2976 351 3050 [γει.
376 2979 513 3030 sicut
550 2975 788 3029 nonnulli
819 2972 1029 3028 codices
1056 2973 1279 3037 habent,
1310 2988 1371 3025 ne
1396 2987 1485 3024 nos
1514 2969 1725 3023 inducas
1749 2968 1802 3020 in

220 3067 541 3120 tentatiouem
563 3063 629 3137 ³.]
656 3063 770 3118 Nan
794 3064 932 3133 quod
956 3062 1071 3133 ipse
1103 3063 1240 3118 Deus
1262 3062 1350 3116 tali
1382 3060 1672 3116 tcnlatione
1696 3057 1800 3110 ali-

219 3173 375 3227 quem
408 3164 610 3221 tentet;
632 3153 775 3208 Nam
804 3152 939 3207 Deus
991 3155 1261 3207 intentator
1306 3151 1551 3205 malorum
1581 3158 1673 3212 est,
1697 3149 1805 3218 ipse

217 3256 387 3300 autem
420 3247 668 3299 neminem
706 3251 872 3297 tentat'
907 3242 1115 3315 (Jacobi
1145 3259 1184 3308 ι,
1220 3241 1315 3312 15)
1343 3240 1474 3296 :sed
1502 3250 1559 3294 ut
1594 3240 1636 3294 si
1669 3238 1804 3292 forte

218 3338 411 3392 tentari
439 3338 761 3406 eruperimus
788 3351 819 3390 a
845 3335 1275 3405 concupiscentia
1301 3343 1480 3389 nostra
1505 3376 1520 3400 ,
1539 3332 1803 3402 adjutorio

218 3428 335 3497 ejus
360 3443 469 3481 non
499 3428 833 3493 deseramur,
862 3435 921 3481 ut
959 3427 1012 3480 in
1041 3440 1106 3480 eo
1156 3425 1419 3494 possimus
1445 3425 1658 3479 vincere
1688 3464 1703 3488 ,
1736 3437 1803 3476 ne

217 3519 594 3573 abstrahamur
624 3518 807 3573 illecti.
847 3517 1050 3573 Deinde
1076 3517 1320 3571 addimus
1371 3516 1512 3586 quod
1557 3514 1800 3584 perﬁcie-

217 3620 306 3666 tur
324 3613 378 3666 in
406 3610 533 3674 tino,
560 3626 681 3664 cum
706 3610 1081 3665 absorbebitur
1124 3608 1345 3662 mortale
1366 3622 1395 3661 a
1423 3608 1527 3661 vita
1570 3604 1646 3679 (11
1679 3605 1797 3660 Cor.

215 3716 273 3766 v,
300 3699 353 3769 ι)
387 3716 404 3755 :
433 3699 540 3755 Sed
565 3700 721 3754 libera
768 3716 858 3753 nos
889 3715 920 3750 ιι
946 3699 1100 3752 malo.
1135 3697 1287 3752 Tunc
1320 3697 1461 3752 enim
1514 3696 1655 3750 nulla
1699 3697 1803 3750 erit

214 3794 342 3847 talis
360 3791 819 3862 concupiscentia,
853 3806 972 3859 cum
1012 3805 1114 3860 qua
1163 3797 1398 3856 certare,
1451 3797 1505 3842 ct
1554 3789 1639 3842 cui
1694 3802 1801 3842 non

216 3883 527 3937 consentire
551 3881 853 3951 jubeamur.
872 3880 960 3933 Sic
983 3894 1112 3949 ergo
1160 3888 1327 3932 totum
1379 3880 1482 3932 hoc
1536 3878 1587 3930 in
1635 3875 1802 3931 tribus

216 3970 498 4026 beneﬁciis
544 3972 773 4039 positum
805 3970 1041 4024 breviter
1068 3968 1171 4038 peti
1227 3951 1396 4037 potest
1422 3985 1434 4020 :
1460 3965 1677 4036 Ignosce
1703 3981 1799 4021 no-

214 4060 300 4115 bis
325 4061 462 4115 eain
485 4061 680 4130 quibus
721 4074 908 4114 sumus
948 4058 1195 4113 abstracti
1250 4072 1279 4112 a
1332 4056 1796 4126 concupiscentia,

214 4152 410 4222 adjnva
434 4168 501 4207 ne
526 4151 896 4206 abStrahamur
917 4164 948 4205 a
977 4147 1430 4218 concupiscentia,
1459 4146 1608 4202 aufer
1634 4160 1665 4200 a
1703 4159 1803 4201 no-

215 4241 299 4298 his
326 4241 838 4311 concupiscentiam.

282 4331 519 4389 CAPUT
558 4330 622 4385 ν.
645 4360 715 4371 --
734 4330 787 4387 5.
838 4329 1078 4385 Voluntas
1124 4330 1340 4384 hominis
1387 4336 1495 4400 eget
1543 4344 1638 4398 ope
1678 4325 1798 4383 Dei.

212 4422 293 4477 Ad
322 4421 662 4493 peccandum
689 4436 917 4490 namque
954 4436 1059 4474 non
1087 4420 1399 4490 adjuvamur
1427 4436 1455 4472 a
1485 4419 1593 4474 Deo
1623 4419 1802 4488 :justa

206 4524 394 4570 autem
433 4528 595 4584 agere
633 4512 716 4568 vel
742 4512 963 4583 justitize
1007 4510 1507 4581 prteceptum'omni
1545 4525 1611 4564 ex
1652 4518 1802 4578 parte

208 4605 442 4676 implere
481 4619 588 4658 non
613 4617 914 4672 possumus,
946 4602 1048 4657 nisi
1085 4601 1396 4672 adjuvemur
1423 4616 1454 4655 a
1485 4600 1618 4655 Deo.
1650 4598 1801 4654 Sicut

202 4698 354 4752 enim
373 4696 619 4764 corporis
636 4696 821 4750 oculos
836 4710 942 4749 non
957 4694 1236 4764 adjuvatur
1249 4710 1281 4749 a
1302 4694 1439 4757 luce,
1460 4701 1518 4747 ut
1533 4691 1602 4746 ab
1613 4690 1798 4746 eadem

206 4787 329 4843 luce
354 4788 577 4841 clausus
596 4800 885 4841 aversusve
915 4785 1188 4853 discedat;
1219 4794 1276 4840 ut
1297 4795 1474 4841 autem
1500 4784 1676 4839 videat
1702 4783 1801 4837 ad-

202 4877 427 4946 iuratur
452 4877 523 4930 ah
552 4890 638 4938 ea,
670 4890 841 4946 neque
872 4876 972 4931 hoc
994 4878 1214 4931 omnino
1248 4876 1348 4930 nisi
1387 4876 1475 4930 illa
1514 4874 1795 4944 adiuverit,

200 4976 392 5036 potest
419 4985 433 5020 :
461 4966 537 5021 ita
567 4966 732 5029 Deus,
759 4967 849 5037 qui
885 4968 969 5022 lux
1009 4977 1092 5022 est
1122 4967 1352 5022 hominis
1388 4966 1675 5032 interioris,
1707 4965 1799 5020 ad-

189 5056 354 5127 juvat
393 5068 595 5114 nostra:
631 5059 827 5115 mentis
853 5059 1116 5125 obtutum,
1147 5068 1205 5114 ut
1227 5074 1331 5115 non
1371 5057 1663 5114 secundum
1704 5073 1802 5113 no-

194 5161 402 5213 stram,
434 5148 532 5204 sed
559 5149 852 5205 secundum
879 5149 992 5220 ejus
1011 5149 1266 5220 justitiam
1296 5150 1419 5205 boni
1443 5148 1643 5220 aliquid
1671 5163 1801 5218 ope-

194 5255 416 5295 remur.
447 5240 505 5295 Si
535 5249 715 5294 autem
754 5243 822 5294 ab
861 5240 951 5295 illo
975 5242 1285 5306 avertimur,
1324 5249 1564 5295 nostrum
1604 5248 1721 5308 est;
1747 5249 1805 5296 et

195 5341 331 5385 tunc
358 5331 661 5387 secundum
678 5345 894 5386 carnem
924 5330 1181 5401 sapimus,
1210 5339 1332 5387 tunc
1353 5330 1803 5402 concupiscentia

191 5421 387 5475 carnis
417 5421 486 5475 ad
515 5422 693 5476 illicita
739 5422 1123 5477 consentimus.
1165 5422 1468 5478 Conversos
1506 5438 1633 5495 ergo
1666 5424 1803 5479 Deus

257 5600 276 5629 ³
318 5598 496 5647 Plures
516 5599 823 5661 nianttsa-ipu
848 5604 1165 5661 praemuni,
1184 5598 1645 5661 rdrmmationemqne.

256 5661 279 5691 ³
319 5669 431 5707 Am.
456 5666 530 5708 t-Zr.
557 5667 611 5730 et
628 5658 810 5770 aliquot
827 5658 962 5709 “55.:
987 5658 1077 5711 cui
1092 5660 1218 5709 malo
1242 5673 1325 5711 nos
1347 5673 1439 5710 non
1456 5658 1666 5713 obedire.

257 5722 282 5752 ³
314 5726 441 5770 ω
470 5733 609 5770 tum
627 5736 706 5770 mc
725 5734 810 5770 usa
836 5729 1133 5770 nraztereunt
1165 5735 1334 5770 omnes
1357 5722 1461 5770 fere
1497 5731 1598 5770 Mss.

257 5722 282 5752 ³
314 5726 441 5778 ω
470 5722 609 5774 tuscis
627 5722 810 5773 inclusa
835 5729 1133 5784 praetereunt
1165 5735 1334 5774 omnes
1357 5722 1461 5774 fere
1497 5731 1598 5775 uss.

1555 309 1752 367 LIBER
1793 307 2168 366 SELUNDUS.
3390 325 3482 384 ,εὖ

1919 425 2151 491 adjuvat,
2178 442 2395 485 aversos
2429 430 2643 488 deserit.
2675 432 2780 491 Sed
2811 434 2971 491 etiam
3015 446 3071 491 ut
3100 449 3495 508 convertamur,

1919 515 2033 584 ipse
2056 518 2269 587 adjuvat
2297 538 2311 574 :
2338 520 2477 591 quod
2508 533 2651 578 certe
2674 526 2843 579 oculis
2875 528 3114 596 corporis
3144 528 3231 582 lux
3260 530 3359 585 ista
3388 546 3496 586 non

1918 620 2154 679 praestat.
2185 611 2316 666 Cum
2361 629 2488 684 ergo
2531 616 2683 672 nobis
2719 617 2871 687 jubet
2907 620 3107 686 dicens,
3137 619 3498 676 Convertimiui

1917 701 1986 754 ad
2011 717 2105 766 me,
2149 712 2194 756 et
2231 714 2491 758 convertar
2514 706 2582 759 ad
2624 723 2710 761 vos
2737 707 2919 779 (lac/2.
2965 725 3003 773 t,
3032 710 3124 782 3);
3171 726 3374 781 uosque
3419 712 3493 767 illi

1916 790 2170 858 dicimus,
2225 794 2466 849 Converte
2512 813 2637 863 nos,
2688 797 2828 853 Deus
2876 800 3149 854 sanitatum
3204 813 3493 856 nostrarum

1921 881 2089 953 (Psal.
2136 900 2354 949 untv,
2406 887 2500 956 5);
2548 897 2621 951 et,
2661 888 2796 944 Deus
2835 891 3093 957 virtutum,
3142 901 3369 947 converte
3401 908 3496 947 nos

1921 973 2088 1045 (Psal.
2120 992 2296 1042 Lntx,
2329 978 2386 1047 8)
2414 998 2427 1031 ι
2453 977 2578 1047 quid
2608 978 2748 1033 aliud
2774 979 3020 1044 dicimus,
3043 996 3225 1051 quam,
3260 982 3330 1035 Da
3351 981 3496 1052 quod

1911 1064 2107 1134 juhes?
2134 1067 2261 1121 Cum
2293 1068 2442 1137 jubet
2471 1069 2717 1136 dicendo,
2764 1069 3041 1142 Intelligite
3075 1089 3215 1142 ergo,
3253 1074 3341 1143 qui
3365 1074 3496 1129 insi-

1917 1157 2107 1225 pientes
2129 1159 2242 1210 estis
2268 1158 2320 1211 iu
2346 1160 2534 1228 populo
2563 1160 2735 1230 (Psal.
2768 1176 2911 1228 xcnt,
2939 1162 3029 1234 8);
3064 1171 3119 1217 et
3143 1177 3239 1217 nos
3264 1164 3337 1217 illi
3357 1162 3492 1218 dici-

1914 1264 2056 1315 mus,
2107 1248 2190 1303 Da
2240 1251 2365 1303 mihi
2409 1252 2737 1317 intellectum,
2780 1263 2833 1307 ut
2871 1255 3063 1308 discam
3118 1254 3357 1308 mandata
3405 1263 3495 1308 tua

1916 1338 2084 1408 (Psal.
2123 1355 2305 1405 cxuu,
2350 1341 2440 1412 73)
2488 1360 2501 1396 :
2546 1342 2672 1412 quid
2710 1344 2851 1398 aliud
2899 1344 3142 1409 dicimus,
3187 1360 3368 1415 quam,
3419 1344 3494 1399 Da

1913 1430 2052 1500 quod
2076 1430 2272 1500 julzes?
2294 1431 2427 1486 Cum
2454 1432 2602 1502 jubet
2628 1434 2877 1499 dicendo,
2910 1434 3035 1489 Post
3063 1436 3494 1505 concupiscentias

1914 1529 2026 1575 tuas
2054 1537 2154 1574 non
2184 1538 2269 1576 eas
2302 1521 2488 1591 (Eccli.
2520 1539 2670 1589 xvnt,
2703 1524 2827 1595 50);
2866 1541 3069 1595 nosque
3097 1526 3341 1589 dicimus,
3373 1526 3493 1582 Sci-

1913 1627 2032 1666 mus
2064 1613 2184 1683 quia
2221 1630 2366 1668 nemo
2403 1624 2561 1684 potest
2604 1632 2711 1669 esse
2756 1618 3035 1681 continens,
3085 1617 3183 1670 nisi
3223 1616 3364 1671 Deus
3404 1617 3491 1672 det

1914 1702 2071 1774 (Sup.
2095 1719 2208 1770 vui,
2236 1704 2328 1774 21)
2354 1722 2368 1757 :
2409 1706 2530 1775 quid
2558 1706 2704 1761 aliud
2741 1707 2990 1773 dicimus,
3019 1723 3200 1777 quam,
3230 1709 3302 1761 Da
3348 1710 3490 1778 quod

1908 1793 2068 1863 jubes
2084 1795 2107 1847 ?
2123 1796 2253 1849 Cum
2271 1796 2424 1866 jubet
2440 1797 2686 1864 dicendo,
2715 1797 2894 1853 Facite
2901 1799 3155 1871 justitiam
3172 1801 3188 1831 ¹
3208 1798 3358 1869 (Isai.
3380 1816 3492 1866 ut,

1914 1887 2007 1956 l);
2063 1900 2267 1956 nosque
2319 1888 2579 1952 dicimus,
2629 1890 2763 1945 Dore
2806 1906 2886 1943 me
2923 1891 3314 1960 justi/icationes
3376 1899 3490 1944 tum

1914 1979 2082 2050 (Psal.
2127 1996 2313 2047 cxvm,
2364 1981 2448 2053 i2)
2493 1983 2659 2052 :quid
2702 1983 2842 2037 aliud
2884 1983 3128 2048 dicimus,
3186 1999 3367 2054 quam,
3416 1983 3491 2038 Da

1912 2073 2049 2142 quod
2072 2073 2265 2142 jubes?
2295 2074 2422 2128 Item
2453 2089 2572 2129 cum
2599 2074 2753 2140 dicit,
2790 2072 2934 2127 Beati
2956 2075 3042 2143 qui
3082 2074 3307 2129 esuriant
3347 2083 3393 2128 et
3420 2075 3493 2127 si-

1913 2164 2043 2216 t'unt
2060 2163 2331 2232 justitiam,
2375 2164 2609 2233 quoniam
2634 2164 2733 2234 ipsi
2773 2164 3135 2217 saturabtmtur
3173 2164 3388 2235 (Matth.
3431 2180 3486 2232 ν,

1913 2254 1967 2321 6)
1996 2272 2010 2308 :
2034 2268 2062 2306 a
2093 2268 2198 2323 quo
2225 2252 2481 2309 debemus
2524 2263 2700 2336 petere
2728 2253 2903 2308 cibum
2937 2264 3221 2323 potumque
3243 2254 3484 2323 justitim,

1876 2334 1879 2335 ⁷
1912 2342 2012 2396 nisi
2041 2341 2108 2397 ab
2139 2342 2231 2396 illo
2254 2343 2340 2412 qui
2377 2334 2734 2398 esurientibus
2764 2358 2881 2398 eam
2927 2350 2983 2398 et
3019 2342 3319 2399 sitientibus
3349 2357 3484 2414 pro-

1912 2432 2073 2487 mittit
2101 2433 2214 2503 ejus
2240 2433 2612 2487 saturitatem?

1981 2523 2034 2578 6.
2077 2523 2415 2593 Repellamus
2446 2524 2618 2592 itaque
2648 2521 2717 2577 ab
2751 2521 2970 2578 auribus
2993 2531 3048 2577 et
3088 2522 3354 2578 mentibus
3392 2537 3490 2578 no-

1911 2614 2036 2670 stris
2073 2629 2168 2670 eos
2201 2614 2287 2683 qui
2315 2612 2518 2679 dicunt,
2551 2621 2770 2683 accepto
2799 2613 2965 2669 semel
2991 2613 3172 2668 liberae
3199 2613 3487 2670 voluntatis

1909 2690 2150 2765 arbitrio.
2180 2719 2277 2759 nec
2304 2719 2458 2758 orare
2487 2718 2584 2758 nos
2613 2703 2829 2769 debere,
2866 2712 2924 2757 ut
2958 2703 3099 2759 Deus
3126 2718 3225 2758 nos
3248 2702 3486 2773 adjuvet,

1908 2811 1977 2850 ne
2017 2808 2316 2864 peccemus.
2361 2793 2576 2848 Talibus
2618 2793 2761 2848 enim
2801 2794 3034 2849 tenebris
3073 2809 3169 2848 nec
3197 2793 3488 2864 pharisa-us

1908 2887 1998 2940 ille
2022 2885 2338 2949 caccabatur,
2358 2885 2445 2953 qui
2476 2884 2719 2953 quamvis
2744 2884 2796 2939 in
2827 2884 2929 2938 hoc
2956 2892 3181 2950 erraret,
3210 2883 3351 2955 quod
3383 2884 3483 2940 sibi

1907 2974 2210 3031 addendum
2236 2973 2301 3027 ad
2329 2973 2586 3043 justitiam
2614 2972 2744 3026 nihil
2778 2972 3014 3043 putabat,
3056 2988 3219 3044 seque
3254 2973 3484 3028 arbitra-

1908 3065 2064 3119 batur
2086 3063 2201 3133 ejus
2231 3062 2553 3131 plenitudine
2581 3071 2907 3129 saturatum;
2943 3063 3050 3117 Deo
3078 3071 3252 3118 tmnen
3290 3062 3488 3132 gratias

1907 3157 2117 3227 agebat,
2143 3155 2283 3227 quod
2307 3170 2412 3211 non
2442 3162 2583 3210 esset
2611 3154 2748 3209 sicut
2774 3157 2954 3211 caeteri
2983 3155 3248 3219 homines,
3278 3155 3482 3226 injusti,

1906 3255 2168 3316 raptores,
2196 3245 2443 3311 adulteri,
2470 3245 2607 3300 sicut
2634 3244 2724 3300 ille
2758 3244 3100 3315 publicanus;
3128 3246 3270 3316 quod
3304 3245 3386 3299 bis
3431 3244 3483 3301 in

1907 3337 2128 3393 sabbato
2153 3335 2436 3407 jejunaret,
2459 3336 2600 3405 quod
2626 3336 2860 3390 omnium
2888 3352 3009 3407 quas
3037 3337 3361 3406 possidebat,
3390 3337 3484 3392 de-

1906 3429 2073 3484 cimas
2091 3429 2261 3485 daret.
2285 3428 2424 3483 Nihil
2446 3429 2544 3484 Sibi
2570 3429 2691 3484 addi
2720 3428 2785 3484 ad
2810 3430 3072 3499 justitiam
3088 3429 3200 3499 jam
3228 3431 3479 3499 petebat:

1907 3517 2000 3573 sed
2032 3527 2207 3573 tamen
2235 3533 2301 3572 ex
2341 3519 2407 3572 iis
2440 3534 2558 3588 qua:
2589 3517 2835 3583 habebat,
2871 3518 3069 3588 gratias
3111 3519 3220 3573 Deo
3247 3518 3477 3589 agendo,

1905 3610 1972 3665 ab
2003 3611 2091 3666 illo
2128 3625 2186 3666 se
2222 3610 2494 3678 accepisse
2532 3609 2708 3665 omnia
2750 3608 3047 3664 fatebatur:
3076 3617 3131 3665 et
3174 3618 3351 3664 tamen
3382 3610 3486 3663 im-

1906 3700 2161 3771 probatus
2189 3706 2294 3765 est,
2324 3707 2379 3755 et
2396 3700 2518 3769 quia
2532 3699 2696 3753 veluti
2722 3708 2989 3754 saturatos
3008 3699 3140 3753 nihil
3165 3699 3233 3754 de
3252 3697 3488 3753 .alim'en-

1909 3792 1973 3845 tis
1998 3791 2216 3861 justltire
2239 3790 2348 3861 jam
2370 3790 2590 3860 rogabat
2613 3790 2873 3859 accipere,
2902 3800 2957 3845 et
2983 3788 3126 3859 quod
3151 3804 3269 3845 eam
3303 3789 3487 3858 publi-

1904 3896 2039 3935 catio
2066 3880 2317 3936 esurienti
2345 3895 2409 3937 ac
2448 3880 2645 3936 sitienti
2672 3896 2731 3936 se
2760 3881 2904 3935 velut
2934 3881 3193 3936 insultans
3232 3881 3484 3961 prmferre

1904 3970 2164 4041 gestiebat
2192 3969 2340 4044 (Luc.
2370 3986 2518 4037 xvrn,
2552 3970 2762 4039 10-14).
2789 3971 2927 4038 Quid
2965 3987 3092 4041 ergo
3121 3972 3223 4025 illis
3255 3972 3360 4036 tiet,
3393 3972 3482 4040 qni

1905 4060 2005 4114 etsi
2033 4059 2296 4115 fateantur
2318 4074 2378 4116 se
2410 4075 2515 4114 non
2542 4059 2759 4125 habere,
2792 4060 2875 4115 vel
2903 4076 3007 4114 non
3040 4062 3248 4130 plenam
3282 4060 3480 4115 habere

1900 4150 2188 4219 justitiam;
2231 4159 2405 4205 tamen
2453 4165 2481 4203 a
2522 4163 2583 4204 se
2630 4149 2759 4220 ipsis
2796 4148 3112 4214 habendam,
3158 4165 3263 4204 non
3308 4164 3337 4202 a
3385 4163 3487 4205 suo

1904 4240 2177 4308 Creatore,
2206 4242 2292 4296 ubi
2324 4242 2573 4296 horreum
2613 4242 2729 4311 ejus
2752 4249 2808 4296 et
2835 4239 2955 4295 fons
2995 4241 3110 4312 ejus
3148 4250 3252 4308 est,
3291 4240 3484 4313 depre-

1904 4331 2128 4386 candam
2165 4346 2285 4387 esse
2324 4330 2685 4402 praesumunt?
2728 4330 2838 4388 Nec
2879 4331 3001 4387 ideo
3032 4341 3207 4388 tamen
3245 4332 3374 4388 solis
3413 4332 3485 4389 de

1906 4421 2006 4477 hac
2036 4436 2094 4477 re
2120 4421 2257 4476 votis
2283 4419 2544 4491 agendum
2572 4428 2674 4485 est,
2707 4429 2765 4477 ut
2791 4436 2896 4477 non
2932 4421 3291 4478 subini'eratur
3330 4422 3479 4478 adui-

1907 4514 2103 4571 tendo’
2156 4514 2313 4568 etiam
2369 4521 2565 4569 nostra:
2620 4513 2854 4569 efﬁcacia
2904 4513 3211 4571 voluntatis.
3262 4515 3483 4588 Adjutor

1905 4605 2047 4660 enim
2076 4614 2245 4659 noster
2272 4603 2410 4658 Deus
2434 4603 2627 4659 dicitur
2653 4603 2825 4676 (Psal.
2863 4621 2972 4673 ut,
3001 4607 3083 4677 9),
3110 4622 3208 4662 nec
3245 4608 3484 4678 adjuvari

1908 4705 2099 4767 potest,
2130 4696 2231 4751 nisi
2269 4696 2357 4767 qui
2403 4697 2562 4752 etiam
2605 4697 2805 4769 aliquid
2848 4707 3037 4768 sponte
3074 4707 3316 4754 conatur.
3348 4699 3481 4768 Quia

1905 4805 2011 4843 non
2052 4788 2189 4844 sicut
2218 4789 2269 4842 in
2299 4788 2561 4859 lapidibus
2594 4789 2906 4856 insensatis,
2934 4800 3027 4845 aut
3051 4791 3188 4845 sicut
3232 4791 3282 4844 in
3321 4790 3399 4844 eis
3428 4791 3484 4845 in

1906 4893 2129 4948 quorum
2166 4888 2352 4934 natura
2398 4880 2654 4936 rationem
2681 4880 3112 4952 voluntatemque
3151 4896 3253 4936 non
3297 4881 3484 4936 condi-

1970 5109 1987 5140 ί
2021 5114 2071 5156 tn
2094 5107 2426 5169 manuscrittis
2442 5113 2566 5170 post,
2584 5105 2752 5170 futile
2763 5107 3006 5170 justitiam
3020 5142 3034 5166 ,
3052 5107 3359 5170 continenter
3374 5109 3488 5158 sub-

1898 5169 2149 5232 jungitur,
2173 5166 2378 5232 Itemque
2399 5166 2511 5218 cum
2541 5166 2690 5231 dicit,
2719 5166 2855 5219 Beati
2887 5168 2969 5230 qui
2989 5167 3219 5228 esta'iam,
3246 5177 3297 5219 et
3333 5171 3490 5220 inter-

1905 5231 2063 5279 inedia
2082 5232 2227 5280 verba
2250 5231 2535 5279 reticentur.

1968 5295 1989 5325 ⁸
2021 5299 2190 5340 locum
2214 5292 2338 5340 hunc
2359 5292 2429 5340 sic
2448 5303 2478 5340 a
2498 5291 2692 5354 atartino
2721 5291 2874 5354 lipsio
2895 5293 3177 5354 castigatum
3211 5298 3381 5354 putant
3403 5299 3489 5340 Lo-

1906 5353 2191 5425 v'anieuses._
2208 5360 2317 5401 nam
2340 5365 2441 5423 pro,
2461 5351 2754 5425 qdm'tendo;
2772 5351 3107 5425 legebatutiiu
3118 5351 3295 5425 pruinis
3318 5354 3490 5403 editio-

1905 5416 2065 5474 nibus,
2086 5414 2152 5463 ad
2175 5414 2290 5463 bene
2320 5412 2572 5464 vivendum
2601 5426 2619 5462 :
2641 5416 2719 5464 cui
2735 5412 3005 5463 editionum
3036 5412 3232 5464 lectioni
3253 5413 3351 5465 duo
3390 5425 3467 5465 tazz

1907 5483 2007 5527 tum
2029 5475 2333 5537 manuscripti
2350 5509 2364 5529 .
2389 5488 2514 5524 unus
2534 5488 2564 5524 e
2590 5475 2794 5537 Belgicis
2810 5508 2825 5533 ,
2849 5476 2974 5526 alter
2997 5489 3027 5526 e
3050 5477 3302 5537 Vaticanis,
3326 5477 3504 5527 suifra-

1906 5548 2103 5603 gantur.
2121 5535 2205 5603 alii
2224 5535 2320 5603 duo
2343 5536 2548 5603 Vaticani
2572 5535 2774 5603 habent,
2812 5537 3135 5603 (iungendum
3150 5549 3196 5589 et
3218 5535 3487 5603 visendam.

1908 5596 2006 5647 imo
2026 5597 2298 5663 Belgici,_ttt_1
2313 5596 2564 5663 uiuendum
2587 5610 2604 5646 :
2626 5606 2676 5663 _et
2691 5596 3015 5663 sic'mllicani,
3030 5601 3488 5663 exceptisﬁeocensi

1909 5660 2390 5727 et_uno’t’arisi_ensi
2442 5660 2865 5727 attg’ustinensium
2900 5663 3093 5727 majoris
3131 5660 3402 5714 conventus
3440 5663 3489 5711 in

1868 5732 1871 5735 λ
1910 5724 2085 5782 quitus
2109 5728 2201 5784 est,
2227 5719 2501 5773 adnitenda.
