  <div class='ocr_page' id='page_1' title='image "/cluster/home/n/w/nwhite01/storage/ocr_20150623/44/hvd.32044069687945/083.png"; bbox 0 0 4002 6180; ppageno 0'>
   <div class='ocr_carea' id='block_1_1' title="bbox 422 215 517 271">
    <p class='ocr_par' dir='ltr' id='par_1_1' title="bbox 422 215 517 271">
     <span class='ocr_line' id='line_1_1' title="bbox 422 215 517 271; baseline 0.042 -3"><span class='ocrx_word' id='word_1_1' title='bbox 422 215 517 271; x_wconf 76' lang='grc'><strong>151</strong></span> 
     </span>
    </p>
   </div>
   <div class='ocr_carea' id='block_1_2' title="bbox 419 330 570 393">
    <p class='ocr_par' dir='ltr' id='par_1_2' title="bbox 419 330 570 393">
     <span class='ocr_line' id='line_1_2' title="bbox 419 330 570 393; baseline 0.007 -11"><span class='ocrx_word' id='word_1_2' title='bbox 419 330 570 393; x_wconf 61' lang='lat' dir='ltr'><strong>nep“</strong></span> 
     </span>
    </p>
   </div>
   <div class='ocr_carea' id='block_1_3' title="bbox 393 396 2025 482">
    <p class='ocr_par' dir='ltr' id='par_1_3' title="bbox 393 396 2025 482">
     <span class='ocr_line' id='line_1_3' title="bbox 393 396 2025 482; baseline -0.014 -7"><span class='ocrx_word' id='word_1_3' title='bbox 393 396 554 482; x_wconf 68' lang='grc' dir='ltr'><strong>νὰιι.</strong></span> <span class='ocrx_word' id='word_1_4' title='bbox 588 415 814 472; x_wconf 83' lang='lat' dir='ltr'><strong>salutem</strong></span> <span class='ocrx_word' id='word_1_5' title='bbox 860 419 1090 467; x_wconf 87' lang='lat' dir='ltr'><strong>nostram</strong></span> <span class='ocrx_word' id='word_1_6' title='bbox 1120 407 1256 462; x_wconf 87' lang='lat' dir='ltr'><strong>Deus</strong></span> <span class='ocrx_word' id='word_1_7' title='bbox 1301 413 1551 474; x_wconf 73' lang='lat' dir='ltr'><strong>operatur</strong></span> <span class='ocrx_word' id='word_1_8' title='bbox 1605 404 1658 456; x_wconf 91' lang='lat' dir='ltr'><strong>in</strong></span> <span class='ocrx_word' id='word_1_9' title='bbox 1704 399 1877 456; x_wconf 87' lang='lat' dir='ltr'><strong>nobis.</strong></span> <span class='ocrx_word' id='word_1_10' title='bbox 1915 397 2025 452; x_wconf 82' lang='lat' dir='ltr'><strong>Cur</strong></span> 
     </span>
    </p>
   </div>
   <div class='ocr_carea' id='block_1_4' title="bbox 454 483 2027 572">
    <p class='ocr_par' dir='ltr' id='par_1_4' title="bbox 454 483 2027 572">
     <span class='ocr_line' id='line_1_4' title="bbox 454 483 2027 572; baseline -0.014 -7"><span class='ocrx_word' id='word_1_11' title='bbox 454 517 631 565; x_wconf 87' lang='lat' dir='ltr'><strong>autem</strong></span> <span class='ocrx_word' id='word_1_12' title='bbox 660 505 805 561; x_wconf 89' lang='lat' dir='ltr'><strong>illum</strong></span> <span class='ocrx_word' id='word_1_13' title='bbox 824 503 1056 572; x_wconf 89' lang='lat' dir='ltr'><strong>adjuvet,</strong></span> <span class='ocrx_word' id='word_1_14' title='bbox 1081 499 1224 553; x_wconf 90' lang='lat' dir='ltr'><strong>illum</strong></span> <span class='ocrx_word' id='word_1_15' title='bbox 1249 513 1354 552; x_wconf 88' lang='lat' dir='ltr'><strong>non</strong></span> <span class='ocrx_word' id='word_1_16' title='bbox 1375 495 1618 565; x_wconf 90' lang='lat' dir='ltr'><strong>adjuvet;</strong></span> <span class='ocrx_word' id='word_1_17' title='bbox 1643 483 2027 552; x_wconf 26' lang='lat' dir='ltr'><strong>illum‘tantum,</strong></span> 
     </span>
    </p>
   </div>
   <div class='ocr_carea' id='block_1_5' title="bbox 456 584 2030 656">
    <p class='ocr_par' dir='ltr' id='par_1_5' title="bbox 456 584 2030 656">
     <span class='ocr_line' id='line_1_5' title="bbox 456 584 2030 656; baseline -0.011 -1"><span class='ocrx_word' id='word_1_18' title='bbox 456 601 605 655; x_wconf 88' lang='lat' dir='ltr'><strong>illum</strong></span> <span class='ocrx_word' id='word_1_19' title='bbox 657 607 834 652; x_wconf 88' lang='lat' dir='ltr'><strong>autem</strong></span> <span class='ocrx_word' id='word_1_20' title='bbox 884 611 988 650; x_wconf 91' lang='lat' dir='ltr'><strong>non</strong></span> <span class='ocrx_word' id='word_1_21' title='bbox 1030 600 1232 647; x_wconf 88' lang='lat' dir='ltr'><strong>tantum</strong></span> <span class='ocrx_word' id='word_1_22' title='bbox 1277 592 1328 656; x_wconf 71' lang='grc' dir='ltr'><strong>ις</strong></span> <span class='ocrx_word' id='word_1_23' title='bbox 1361 591 1518 644; x_wconf 89' lang='lat' dir='ltr'><strong>istum</strong></span> <span class='ocrx_word' id='word_1_24' title='bbox 1569 587 1681 650; x_wconf 90' lang='lat' dir='ltr'><strong>illo,</strong></span> <span class='ocrx_word' id='word_1_25' title='bbox 1733 586 1880 639; x_wconf 88' lang='lat' dir='ltr'><strong>illum</strong></span> <span class='ocrx_word' id='word_1_26' title='bbox 1929 584 2030 638; x_wconf 70' lang='lat' dir='ltr'><strong>isto</strong></span> 
     </span>
    </p>
   </div>
   <div class='ocr_carea' id='block_1_6' title="bbox 457 677 2032 755">
    <p class='ocr_par' dir='ltr' id='par_1_6' title="bbox 457 677 2032 755">
     <span class='ocr_line' id='line_1_6' title="bbox 457 677 2032 755; baseline -0.011 -12"><span class='ocrx_word' id='word_1_27' title='bbox 457 688 653 752; x_wconf 90' lang='lat' dir='ltr'><strong>modo;</strong></span> <span class='ocrx_word' id='word_1_28' title='bbox 701 701 862 755; x_wconf 84' lang='lat' dir='ltr'><strong>penes</strong></span> <span class='ocrx_word' id='word_1_29' title='bbox 906 683 1078 752; x_wconf 90' lang='lat' dir='ltr'><strong>ipsum</strong></span> <span class='ocrx_word' id='word_1_30' title='bbox 1127 690 1212 735; x_wconf 90' lang='lat' dir='ltr'><strong>est</strong></span> <span class='ocrx_word' id='word_1_31' title='bbox 1252 688 1307 734; x_wconf 88' lang='lat' dir='ltr'><strong>et</strong></span> <span class='ocrx_word' id='word_1_32' title='bbox 1343 677 1610 748; x_wconf 66' lang='lat' dir='ltr'><strong>aequitatis</strong></span> <span class='ocrx_word' id='word_1_33' title='bbox 1664 683 1769 730; x_wconf 86' lang='lat' dir='ltr'><strong>tam</strong></span> <span class='ocrx_word' id='word_1_34' title='bbox 1811 683 2032 728; x_wconf 81' lang='lat' dir='ltr'><strong>secreta:</strong></span> 
     </span>
    </p>
   </div>
   <div class='ocr_carea' id='block_1_7' title="bbox 455 771 1362 844">
    <p class='ocr_par' dir='ltr' id='par_1_7' title="bbox 455 771 1362 844">
     <span class='ocr_line' id='line_1_7' title="bbox 455 771 1362 844; baseline -0.009 -10"><span class='ocrx_word' id='word_1_35' title='bbox 455 781 608 844; x_wconf 89' lang='lat' dir='ltr'><strong>ratio,</strong></span> <span class='ocrx_word' id='word_1_36' title='bbox 650 787 706 832; x_wconf 84' lang='lat' dir='ltr'><strong>et</strong></span> <span class='ocrx_word' id='word_1_37' title='bbox 733 775 1043 831; x_wconf 76' lang='lat' dir='ltr'><strong>excellentia</strong></span> <span class='ocrx_word' id='word_1_38' title='bbox 1065 771 1362 841; x_wconf 72' lang='lat' dir='ltr'><strong>potestatis.</strong></span> 
     </span>
    </p>
   </div>
   <div class='ocr_carea' id='block_1_8' title="bbox 525 855 2033 930">
    <p class='ocr_par' dir='ltr' id='par_1_8' title="bbox 525 855 2033 930">
     <span class='ocr_line' id='line_1_8' title="bbox 525 855 2033 930; baseline -0.011 -7"><span class='ocrx_word' id='word_1_39' title='bbox 525 865 750 923; x_wconf 80' lang='lat' dir='ltr'><strong>CAPUT</strong></span> <span class='ocrx_word' id='word_1_40' title='bbox 794 863 877 918; x_wconf 68' lang='grc' dir='ltr'><strong>γι.</strong></span> <span class='ocrx_word' id='word_1_41' title='bbox 914 892 988 905; x_wconf 93' lang='lat'><strong>-—</strong></span> <span class='ocrx_word' id='word_1_42' title='bbox 1015 864 1068 918; x_wconf 90' lang='lat'><strong>7.</strong></span> <span class='ocrx_word' id='word_1_43' title='bbox 1113 861 1344 930; x_wconf 80' lang='lat' dir='ltr'><strong>Quatuor</strong></span> <span class='ocrx_word' id='word_1_44' title='bbox 1381 859 1444 913; x_wconf 86' lang='lat' dir='ltr'><strong>dc</strong></span> <span class='ocrx_word' id='word_1_45' title='bbox 1474 857 1692 928; x_wconf 66' lang='lat' dir='ltr'><strong>iustitiae</strong></span> <span class='ocrx_word' id='word_1_46' title='bbox 1728 855 2033 927; x_wconf 76' lang='lat' dir='ltr'><strong>perfectione</strong></span> 
     </span>
    </p>
   </div>
   <div class='ocr_carea' id='block_1_9' title="bbox 455 943 2032 1024">
    <p class='ocr_par' dir='ltr' id='par_1_9' title="bbox 455 943 2032 1024">
     <span class='ocr_line' id='line_1_9' title="bbox 455 943 2032 1024; baseline -0.009 -13"><span class='ocrx_word' id='word_1_47' title='bbox 455 957 770 1024; x_wconf 67' lang='lat' dir='ltr'><strong>quaestiones.</strong></span> <span class='ocrx_word' id='word_1_48' title='bbox 806 953 980 1008; x_wconf 87' lang='lat' dir='ltr'><strong>Prima</strong></span> <span class='ocrx_word' id='word_1_49' title='bbox 1001 953 1228 1024; x_wconf 66' lang='lat' dir='ltr'><strong>quintio,</strong></span> <span class='ocrx_word' id='word_1_50' title='bbox 1249 967 1318 1004; x_wconf 87' lang='lat' dir='ltr'><strong>an</strong></span> <span class='ocrx_word' id='word_1_51' title='bbox 1338 949 1486 1017; x_wconf 78' lang='lat' dir='ltr'><strong>homo</strong></span> <span class='ocrx_word' id='word_1_52' title='bbox 1511 948 1621 1002; x_wconf 87' lang='lat' dir='ltr'><strong>sine</strong></span> <span class='ocrx_word' id='word_1_53' title='bbox 1646 956 1850 1017; x_wconf 84' lang='lat' dir='ltr'><strong>peccato</strong></span> <span class='ocrx_word' id='word_1_54' title='bbox 1876 943 2032 1015; x_wconf 88' lang='lat' dir='ltr'><strong>possit</strong></span> 
     </span>
    </p>
   </div>
   <div class='ocr_carea' id='block_1_10' title="bbox 455 1034 2032 1112">
    <p class='ocr_par' dir='ltr' id='par_1_10' title="bbox 455 1034 2032 1112">
     <span class='ocr_line' id='line_1_10' title="bbox 455 1034 2032 1112; baseline -0.008 -11"><span class='ocrx_word' id='word_1_55' title='bbox 455 1063 560 1100; x_wconf 85' lang='lat' dir='ltr'><strong>esse</strong></span> <span class='ocrx_word' id='word_1_56' title='bbox 597 1047 651 1098; x_wconf 89' lang='lat' dir='ltr'><strong>in</strong></span> <span class='ocrx_word' id='word_1_57' title='bbox 685 1045 780 1097; x_wconf 82' lang='lat' dir='ltr'><strong>hac</strong></span> <span class='ocrx_word' id='word_1_58' title='bbox 811 1045 930 1098; x_wconf 82' lang='lat' dir='ltr'><strong>vita.</strong></span> <span class='ocrx_word' id='word_1_59' title='bbox 958 1042 1092 1097; x_wconf 87' lang='lat' dir='ltr'><strong>Nam</strong></span> <span class='ocrx_word' id='word_1_60' title='bbox 1117 1041 1207 1112; x_wconf 90' lang='lat' dir='ltr'><strong>qni</strong></span> <span class='ocrx_word' id='word_1_61' title='bbox 1242 1039 1424 1095; x_wconf 87' lang='lat' dir='ltr'><strong>dicunt</strong></span> <span class='ocrx_word' id='word_1_62' title='bbox 1466 1053 1588 1094; x_wconf 86' lang='lat' dir='ltr'><strong>esse</strong></span> <span class='ocrx_word' id='word_1_63' title='bbox 1621 1037 1809 1107; x_wconf 79' lang='lat' dir='ltr'><strong>posse&#39;</strong></span> <span class='ocrx_word' id='word_1_64' title='bbox 1841 1037 1896 1090; x_wconf 91' lang='lat' dir='ltr'><strong>in</strong></span> <span class='ocrx_word' id='word_1_65' title='bbox 1933 1034 2032 1089; x_wconf 87' lang='lat' dir='ltr'><strong>hac</strong></span> 
     </span>
    </p>
   </div>
   <div class='ocr_carea' id='block_1_11' title="bbox 456 1125 2028 1202">
    <p class='ocr_par' dir='ltr' id='par_1_11' title="bbox 456 1125 2028 1202">
     <span class='ocr_line' id='line_1_11' title="bbox 456 1125 2028 1202; baseline -0.006 -14"><span class='ocrx_word' id='word_1_66' title='bbox 456 1137 560 1190; x_wconf 89' lang='lat' dir='ltr'><strong>vita</strong></span> <span class='ocrx_word' id='word_1_67' title='bbox 591 1135 860 1190; x_wconf 89' lang='lat' dir='ltr'><strong>hominem</strong></span> <span class='ocrx_word' id='word_1_68' title='bbox 891 1135 1006 1188; x_wconf 87' lang='lat' dir='ltr'><strong>sine</strong></span> <span class='ocrx_word' id='word_1_69' title='bbox 1034 1141 1272 1202; x_wconf 89' lang='lat' dir='ltr'><strong>peccato,</strong></span> <span class='ocrx_word' id='word_1_70' title='bbox 1303 1145 1412 1184; x_wconf 90' lang='lat' dir='ltr'><strong>non</strong></span> <span class='ocrx_word' id='word_1_71' title='bbox 1451 1137 1535 1184; x_wconf 91' lang='lat' dir='ltr'><strong>est</strong></span> <span class='ocrx_word' id='word_1_72' title='bbox 1560 1129 1638 1183; x_wconf 90' lang='lat' dir='ltr'><strong>eis</strong></span> <span class='ocrx_word' id='word_1_73' title='bbox 1667 1127 1918 1182; x_wconf 90' lang='lat' dir='ltr'><strong>continuo</strong></span> <span class='ocrx_word' id='word_1_74' title='bbox 1944 1125 2028 1179; x_wconf 90' lang='lat' dir='ltr'><strong>in-</strong></span> 
     </span>
    </p>
   </div>
   <div class='ocr_carea' id='block_1_12' title="bbox 459 1218 2034 1300">
    <p class='ocr_par' dir='ltr' id='par_1_12' title="bbox 459 1218 2034 1300">
     <span class='ocr_line' id='line_1_12' title="bbox 459 1218 2034 1300; baseline -0.006 -21"><span class='ocrx_word' id='word_1_75' title='bbox 459 1233 614 1280; x_wconf 88' lang='lat' dir='ltr'><strong>cauta</strong></span> <span class='ocrx_word' id='word_1_76' title='bbox 660 1223 954 1300; x_wconf 77' lang='lat' dir='ltr'><strong>temeritate</strong></span> <span class='ocrx_word' id='word_1_77' title='bbox 993 1219 1376 1278; x_wconf 82' lang='lat' dir='ltr'><strong>obsistendum.</strong></span> <span class='ocrx_word' id='word_1_78' title='bbox 1423 1218 1480 1274; x_wconf 89' lang='lat' dir='ltr'><strong>Si</strong></span> <span class='ocrx_word' id='word_1_79' title='bbox 1523 1220 1665 1274; x_wconf 88' lang='lat' dir='ltr'><strong>enim</strong></span> <span class='ocrx_word' id='word_1_80' title='bbox 1709 1232 1830 1272; x_wconf 90' lang='lat' dir='ltr'><strong>esse</strong></span> <span class='ocrx_word' id='word_1_81' title='bbox 1879 1229 2034 1286; x_wconf 85' lang='lat' dir='ltr'><strong>posse</strong></span> 
     </span>
    </p>
   </div>
   <div class='ocr_carea' id='block_1_13' title="bbox 460 1307 2036 1384">
    <p class='ocr_par' dir='ltr' id='par_1_13' title="bbox 460 1307 2036 1384">
     <span class='ocr_line' id='line_1_13' title="bbox 460 1307 2036 1384; baseline -0.006 -16"><span class='ocrx_word' id='word_1_82' title='bbox 460 1314 854 1384; x_wconf 77' lang='lat' dir='ltr'><strong>negaverimus,</strong></span> <span class='ocrx_word' id='word_1_83' title='bbox 886 1321 939 1367; x_wconf 91' lang='lat' dir='ltr'><strong>et</strong></span> <span class='ocrx_word' id='word_1_84' title='bbox 969 1311 1198 1365; x_wconf 85' lang='lat' dir='ltr'><strong>hominis</strong></span> <span class='ocrx_word' id='word_1_85' title='bbox 1226 1310 1392 1364; x_wconf 89' lang='lat' dir='ltr'><strong>libero</strong></span> <span class='ocrx_word' id='word_1_86' title='bbox 1425 1308 1668 1374; x_wconf 87' lang='lat' dir='ltr'><strong>arbitrio,</strong></span> <span class='ocrx_word' id='word_1_87' title='bbox 1697 1307 1789 1376; x_wconf 85' lang='lat' dir='ltr'><strong>qui</strong></span> <span class='ocrx_word' id='word_1_88' title='bbox 1819 1307 1920 1360; x_wconf 87' lang='lat' dir='ltr'><strong>hoc</strong></span> <span class='ocrx_word' id='word_1_89' title='bbox 1943 1321 2036 1360; x_wconf 87' lang='lat' dir='ltr'><strong>vo-</strong></span> 
     </span>
    </p>
   </div>
   <div class='ocr_carea' id='block_1_14' title="bbox 459 1395 2036 1474">
    <p class='ocr_par' dir='ltr' id='par_1_14' title="bbox 459 1395 2036 1474">
     <span class='ocr_line' id='line_1_14' title="bbox 459 1395 2036 1474; baseline -0.006 -14"><span class='ocrx_word' id='word_1_90' title='bbox 459 1404 618 1460; x_wconf 89' lang='lat' dir='ltr'><strong>lendo</strong></span> <span class='ocrx_word' id='word_1_91' title='bbox 641 1405 862 1474; x_wconf 82' lang='lat' dir='ltr'><strong>appetit,</strong></span> <span class='ocrx_word' id='word_1_92' title='bbox 891 1411 945 1459; x_wconf 90' lang='lat' dir='ltr'><strong>et</strong></span> <span class='ocrx_word' id='word_1_93' title='bbox 971 1402 1063 1457; x_wconf 89' lang='lat' dir='ltr'><strong>Dei</strong></span> <span class='ocrx_word' id='word_1_94' title='bbox 1089 1401 1267 1455; x_wconf 89' lang='lat' dir='ltr'><strong>virtuti</strong></span> <span class='ocrx_word' id='word_1_95' title='bbox 1287 1400 1366 1454; x_wconf 85' lang='lat' dir='ltr'><strong>vel</strong></span> <span class='ocrx_word' id='word_1_96' title='bbox 1397 1398 1794 1462; x_wconf 67' lang='lat' dir='ltr'><strong>misericordiae,</strong></span> <span class='ocrx_word' id='word_1_97' title='bbox 1823 1397 1912 1468; x_wconf 86' lang='lat' dir='ltr'><strong>qui</strong></span> <span class='ocrx_word' id='word_1_98' title='bbox 1936 1395 2036 1450; x_wconf 87' lang='lat' dir='ltr'><strong>hoc</strong></span> 
     </span>
    </p>
   </div>
   <div class='ocr_carea' id='block_1_15' title="bbox 458 1487 2031 1564">
    <p class='ocr_par' dir='ltr' id='par_1_15' title="bbox 458 1487 2031 1564">
     <span class='ocr_line' id='line_1_15' title="bbox 458 1487 2031 1564; baseline -0.004 -18"><span class='ocrx_word' id='word_1_99' title='bbox 458 1494 761 1564; x_wconf 84' lang='lat' dir='ltr'><strong>adjuvade</strong></span> <span class='ocrx_word' id='word_1_100' title='bbox 789 1493 970 1555; x_wconf 78' lang='lat' dir='ltr'><strong>efﬁcit,</strong></span> <span class='ocrx_word' id='word_1_101' title='bbox 997 1491 1386 1561; x_wconf 80' lang='lat' dir='ltr'><strong>derogabimns.</strong></span> <span class='ocrx_word' id='word_1_102' title='bbox 1413 1487 1518 1544; x_wconf 87' lang='lat' dir='ltr'><strong>Sed</strong></span> <span class='ocrx_word' id='word_1_103' title='bbox 1549 1488 1652 1542; x_wconf 89' lang='lat' dir='ltr'><strong>alia</strong></span> <span class='ocrx_word' id='word_1_104' title='bbox 1677 1487 1903 1559; x_wconf 68' lang='lat' dir='ltr'><strong>qumstio</strong></span> <span class='ocrx_word' id='word_1_105' title='bbox 1930 1495 2031 1550; x_wconf 89' lang='lat' dir='ltr'><strong>est,</strong></span> 
     </span>
    </p>
   </div>
   <div class='ocr_carea' id='block_1_16' title="bbox 462 1577 2038 1651">
    <p class='ocr_par' dir='ltr' id='par_1_16' title="bbox 462 1577 2038 1651">
     <span class='ocr_line' id='line_1_16' title="bbox 462 1577 2038 1651; baseline -0.004 -15"><span class='ocrx_word' id='word_1_106' title='bbox 462 1594 635 1638; x_wconf 84' lang='lat' dir='ltr'><strong>utrum</strong></span> <span class='ocrx_word' id='word_1_107' title='bbox 677 1598 795 1638; x_wconf 88' lang='lat' dir='ltr'><strong>esse</strong></span> <span class='ocrx_word' id='word_1_108' title='bbox 835 1583 1032 1651; x_wconf 84' lang='lat' dir='ltr'><strong>possit;</strong></span> <span class='ocrx_word' id='word_1_109' title='bbox 1064 1581 1187 1646; x_wconf 84' lang='lat' dir='ltr'><strong>alia,</strong></span> <span class='ocrx_word' id='word_1_110' title='bbox 1219 1589 1396 1634; x_wconf 86' lang='lat' dir='ltr'><strong>utrum</strong></span> <span class='ocrx_word' id='word_1_111' title='bbox 1440 1579 1540 1644; x_wconf 85' lang='lat' dir='ltr'><strong>sit;</strong></span> <span class='ocrx_word' id='word_1_112' title='bbox 1575 1579 1696 1645; x_wconf 89' lang='lat' dir='ltr'><strong>alia,</strong></span> <span class='ocrx_word' id='word_1_113' title='bbox 1738 1577 1785 1632; x_wconf 80' lang='lat' dir='ltr'><strong>si</strong></span> <span class='ocrx_word' id='word_1_114' title='bbox 1823 1592 1926 1631; x_wconf 87' lang='lat' dir='ltr'><strong>non</strong></span> <span class='ocrx_word' id='word_1_115' title='bbox 1957 1586 2038 1632; x_wconf 82' lang='lat' dir='ltr'><strong>est</strong></span> 
     </span>
    </p>
   </div>
   <div class='ocr_carea' id='block_1_17' title="bbox 460 1667 2037 1742">
    <p class='ocr_par' dir='ltr' id='par_1_17' title="bbox 460 1667 2037 1742">
     <span class='ocr_line' id='line_1_17' title="bbox 460 1667 2037 1742; baseline -0.006 -13"><span class='ocrx_word' id='word_1_116' title='bbox 460 1689 581 1729; x_wconf 87' lang='lat' dir='ltr'><strong>cum</strong></span> <span class='ocrx_word' id='word_1_117' title='bbox 613 1675 776 1742; x_wconf 84' lang='lat' dir='ltr'><strong>possit</strong></span> <span class='ocrx_word' id='word_1_118' title='bbox 801 1686 941 1738; x_wconf 90' lang='lat' dir='ltr'><strong>esse,</strong></span> <span class='ocrx_word' id='word_1_119' title='bbox 968 1687 1064 1726; x_wconf 89' lang='lat' dir='ltr'><strong>cur</strong></span> <span class='ocrx_word' id='word_1_120' title='bbox 1083 1687 1187 1726; x_wconf 88' lang='lat' dir='ltr'><strong>non</strong></span> <span class='ocrx_word' id='word_1_121' title='bbox 1217 1671 1318 1734; x_wconf 90' lang='lat' dir='ltr'><strong>sit;</strong></span> <span class='ocrx_word' id='word_1_122' title='bbox 1351 1669 1453 1724; x_wconf 90' lang='lat' dir='ltr'><strong>alia</strong></span> <span class='ocrx_word' id='word_1_123' title='bbox 1492 1678 1668 1724; x_wconf 88' lang='lat' dir='ltr'><strong>utrum</strong></span> <span class='ocrx_word' id='word_1_124' title='bbox 1706 1667 1794 1738; x_wconf 89' lang='lat' dir='ltr'><strong>qui</strong></span> <span class='ocrx_word' id='word_1_125' title='bbox 1821 1667 2037 1722; x_wconf 90' lang='lat' dir='ltr'><strong>omnino</strong></span> 
     </span>
    </p>
   </div>
   <div class='ocr_carea' id='block_1_18' title="bbox 462 1758 2038 1833">
    <p class='ocr_par' dir='ltr' id='par_1_18' title="bbox 462 1758 2038 1833">
     <span class='ocr_line' id='line_1_18' title="bbox 462 1758 2038 1833; baseline -0.004 -15"><span class='ocrx_word' id='word_1_126' title='bbox 462 1778 727 1833; x_wconf 81' lang='lat' dir='ltr'><strong>nunquam</strong></span> <span class='ocrx_word' id='word_1_127' title='bbox 756 1763 916 1817; x_wconf 91' lang='lat' dir='ltr'><strong>ullum</strong></span> <span class='ocrx_word' id='word_1_128' title='bbox 943 1771 1216 1832; x_wconf 89' lang='lat' dir='ltr'><strong>peccatum</strong></span> <span class='ocrx_word' id='word_1_129' title='bbox 1245 1759 1510 1826; x_wconf 85' lang='lat' dir='ltr'><strong>habuerit,</strong></span> <span class='ocrx_word' id='word_1_130' title='bbox 1560 1775 1664 1814; x_wconf 89' lang='lat' dir='ltr'><strong>non</strong></span> <span class='ocrx_word' id='word_1_131' title='bbox 1699 1758 1868 1812; x_wconf 88' lang='lat' dir='ltr'><strong>solum</strong></span> <span class='ocrx_word' id='word_1_132' title='bbox 1895 1758 2038 1827; x_wconf 88' lang='lat' dir='ltr'><strong>quis-</strong></span> 
     </span>
    </p>
   </div>
   <div class='ocr_carea' id='block_1_19' title="bbox 465 1847 2037 1922">
    <p class='ocr_par' dir='ltr' id='par_1_19' title="bbox 465 1847 2037 1922">
     <span class='ocr_line' id='line_1_19' title="bbox 465 1847 2037 1922; baseline -0.004 -16"><span class='ocrx_word' id='word_1_133' title='bbox 465 1869 623 1922; x_wconf 87' lang='lat' dir='ltr'><strong>quam</strong></span> <span class='ocrx_word' id='word_1_134' title='bbox 669 1853 756 1917; x_wconf 90' lang='lat' dir='ltr'><strong>sit,</strong></span> <span class='ocrx_word' id='word_1_135' title='bbox 793 1867 976 1908; x_wconf 89' lang='lat' dir='ltr'><strong>verum</strong></span> <span class='ocrx_word' id='word_1_136' title='bbox 1017 1852 1175 1906; x_wconf 89' lang='lat' dir='ltr'><strong>etiam</strong></span> <span class='ocrx_word' id='word_1_137' title='bbox 1207 1850 1436 1920; x_wconf 88' lang='lat' dir='ltr'><strong>potuerit</strong></span> <span class='ocrx_word' id='word_1_138' title='bbox 1474 1847 1758 1918; x_wconf 83' lang='lat' dir='ltr'><strong>aliquando</strong></span> <span class='ocrx_word' id='word_1_139' title='bbox 1799 1861 1918 1902; x_wconf 90' lang='lat' dir='ltr'><strong>esse</strong></span> <span class='ocrx_word' id='word_1_140' title='bbox 1955 1847 2037 1902; x_wconf 82' lang='lat' dir='ltr'><strong>vel</strong></span> 
     </span>
    </p>
   </div>
   <div class='ocr_carea' id='block_1_20' title="bbox 465 1935 2038 2010">
    <p class='ocr_par' dir='ltr' id='par_1_20' title="bbox 465 1935 2038 2010">
     <span class='ocr_line' id='line_1_20' title="bbox 465 1935 2038 2010; baseline -0.004 -16"><span class='ocrx_word' id='word_1_141' title='bbox 465 1942 648 2010; x_wconf 79' lang='lat' dir='ltr'><strong>possit.</strong></span> <span class='ocrx_word' id='word_1_142' title='bbox 683 1941 738 1996; x_wconf 90' lang='lat' dir='ltr'><strong>ln</strong></span> <span class='ocrx_word' id='word_1_143' title='bbox 765 1941 864 1995; x_wconf 86' lang='lat' dir='ltr'><strong>hac</strong></span> <span class='ocrx_word' id='word_1_144' title='bbox 891 1940 1268 2010; x_wconf 72' lang='lat' dir='ltr'><strong>quadripartito</strong></span> <span class='ocrx_word' id='word_1_145' title='bbox 1293 1937 1656 2010; x_wconf 88' lang='lat' dir='ltr'><strong>propositione</strong></span> <span class='ocrx_word' id='word_1_146' title='bbox 1681 1935 2038 2006; x_wconf 74' lang='lat' dir='ltr'><strong>quaestionum</strong></span> 
     </span>
    </p>
   </div>
   <div class='ocr_carea' id='block_1_21' title="bbox 465 2024 2043 2100">
    <p class='ocr_par' dir='ltr' id='par_1_21' title="bbox 465 2024 2043 2100">
     <span class='ocr_line' id='line_1_21' title="bbox 465 2024 2043 2100; baseline -0.005 -16"><span class='ocrx_word' id='word_1_147' title='bbox 465 2032 508 2084; x_wconf 89' lang='lat' dir='ltr'><strong>si</strong></span> <span class='ocrx_word' id='word_1_148' title='bbox 540 2046 570 2084; x_wconf 93' lang='lat' dir='ltr'><strong>a</strong></span> <span class='ocrx_word' id='word_1_149' title='bbox 616 2045 701 2086; x_wconf 89' lang='lat' dir='ltr'><strong>me</strong></span> <span class='ocrx_word' id='word_1_150' title='bbox 747 2040 1032 2100; x_wconf 70' lang='lat' dir='ltr'><strong>qna-ratur,</strong></span> <span class='ocrx_word' id='word_1_151' title='bbox 1068 2039 1239 2082; x_wconf 88' lang='lat' dir='ltr'><strong>utrum</strong></span> <span class='ocrx_word' id='word_1_152' title='bbox 1285 2029 1444 2082; x_wconf 89' lang='lat' dir='ltr'><strong>homo</strong></span> <span class='ocrx_word' id='word_1_153' title='bbox 1485 2025 1600 2081; x_wconf 90' lang='lat' dir='ltr'><strong>sine</strong></span> <span class='ocrx_word' id='word_1_154' title='bbox 1631 2032 1848 2094; x_wconf 89' lang='lat' dir='ltr'><strong>peccato</strong></span> <span class='ocrx_word' id='word_1_155' title='bbox 1875 2024 2043 2093; x_wconf 88' lang='lat' dir='ltr'><strong>possit</strong></span> 
     </span>
    </p>
   </div>
   <div class='ocr_carea' id='block_1_22' title="bbox 463 2101 2045 2187">
    <p class='ocr_par' dir='ltr' id='par_1_22' title="bbox 463 2101 2045 2187">
     <span class='ocr_line' id='line_1_22' title="bbox 463 2101 2045 2187; baseline -0.008 -10"><span class='ocrx_word' id='word_1_156' title='bbox 463 2136 584 2177; x_wconf 90' lang='lat' dir='ltr'><strong>esse</strong></span> <span class='ocrx_word' id='word_1_157' title='bbox 614 2121 664 2175; x_wconf 91' lang='lat' dir='ltr'><strong>in</strong></span> <span class='ocrx_word' id='word_1_158' title='bbox 696 2119 795 2176; x_wconf 90' lang='lat' dir='ltr'><strong>hac</strong></span> <span class='ocrx_word' id='word_1_159' title='bbox 824 2101 960 2184; x_wconf 51' lang='lat' dir='ltr'><strong>vita&#39;;</strong></span> <span class='ocrx_word' id='word_1_160' title='bbox 988 2117 1281 2174; x_wconf 86' lang='lat' dir='ltr'><strong>conﬁtebor</strong></span> <span class='ocrx_word' id='word_1_161' title='bbox 1307 2131 1465 2187; x_wconf 88' lang='lat' dir='ltr'><strong>posse</strong></span> <span class='ocrx_word' id='word_1_162' title='bbox 1505 2131 1598 2185; x_wconf 90' lang='lat' dir='ltr'><strong>per</strong></span> <span class='ocrx_word' id='word_1_163' title='bbox 1622 2113 1712 2170; x_wconf 89' lang='lat' dir='ltr'><strong>Dei</strong></span> <span class='ocrx_word' id='word_1_164' title='bbox 1741 2112 1965 2183; x_wconf 77' lang='lat' dir='ltr'><strong>gratiam</strong></span> <span class='ocrx_word' id='word_1_165' title='bbox 1991 2121 2045 2166; x_wconf 92' lang='lat' dir='ltr'><strong>ct</strong></span> 
     </span>
    </p>
   </div>
   <div class='ocr_carea' id='block_1_23' title="bbox 464 2200 2042 2280">
    <p class='ocr_par' dir='ltr' id='par_1_23' title="bbox 464 2200 2042 2280">
     <span class='ocr_line' id='line_1_23' title="bbox 464 2200 2042 2280; baseline -0.007 -16"><span class='ocrx_word' id='word_1_166' title='bbox 464 2211 687 2266; x_wconf 88' lang='lat' dir='ltr'><strong>liberum</strong></span> <span class='ocrx_word' id='word_1_167' title='bbox 717 2209 831 2280; x_wconf 83' lang='lat' dir='ltr'><strong>ejus</strong></span> <span class='ocrx_word' id='word_1_168' title='bbox 869 2208 1138 2263; x_wconf 71' lang='lat' dir='ltr'><strong>arbitrium</strong></span> <span class='ocrx_word' id='word_1_169' title='bbox 1167 2224 1182 2261; x_wconf 89' lang='lat'><strong>:</strong></span> <span class='ocrx_word' id='word_1_170' title='bbox 1213 2208 1382 2276; x_wconf 91' lang='lat' dir='ltr'><strong>ipsum</strong></span> <span class='ocrx_word' id='word_1_171' title='bbox 1406 2218 1616 2274; x_wconf 89' lang='lat' dir='ltr'><strong>quoque</strong></span> <span class='ocrx_word' id='word_1_172' title='bbox 1644 2202 1868 2256; x_wconf 86' lang='lat' dir='ltr'><strong>liberum</strong></span> <span class='ocrx_word' id='word_1_173' title='bbox 1897 2200 2042 2254; x_wconf 80' lang='lat' dir='ltr'><strong>arbi-</strong></span> 
     </span>
    </p>
   </div>
   <div class='ocr_carea' id='block_1_24' title="bbox 467 2289 2045 2368">
    <p class='ocr_par' dir='ltr' id='par_1_24' title="bbox 467 2289 2045 2368">
     <span class='ocr_line' id='line_1_24' title="bbox 467 2289 2045 2368; baseline -0.004 -16"><span class='ocrx_word' id='word_1_174' title='bbox 467 2299 625 2354; x_wconf 88' lang='lat' dir='ltr'><strong>trium</strong></span> <span class='ocrx_word' id='word_1_175' title='bbox 648 2297 713 2352; x_wconf 88' lang='lat' dir='ltr'><strong>ad</strong></span> <span class='ocrx_word' id='word_1_176' title='bbox 745 2298 836 2352; x_wconf 83' lang='lat' dir='ltr'><strong>D’ei</strong></span> <span class='ocrx_word' id='word_1_177' title='bbox 857 2297 1100 2368; x_wconf 78' lang='lat' dir='ltr'><strong>gratiam,</strong></span> <span class='ocrx_word' id='word_1_178' title='bbox 1131 2299 1232 2350; x_wconf 89' lang='lat' dir='ltr'><strong>hoc</strong></span> <span class='ocrx_word' id='word_1_179' title='bbox 1257 2303 1357 2359; x_wconf 90' lang='lat' dir='ltr'><strong>est,</strong></span> <span class='ocrx_word' id='word_1_180' title='bbox 1384 2293 1450 2348; x_wconf 90' lang='lat' dir='ltr'><strong>ad</strong></span> <span class='ocrx_word' id='word_1_181' title='bbox 1488 2292 1582 2346; x_wconf 86' lang='lat' dir='ltr'><strong>Dei</strong></span> <span class='ocrx_word' id='word_1_182' title='bbox 1610 2291 1748 2346; x_wconf 87' lang='lat' dir='ltr'><strong>dona</strong></span> <span class='ocrx_word' id='word_1_183' title='bbox 1776 2289 2045 2360; x_wconf 87' lang='lat' dir='ltr'><strong>pertinere</strong></span> 
     </span>
    </p>
   </div>
   <div class='ocr_carea' id='block_1_25' title="bbox 467 2379 2040 2458">
    <p class='ocr_par' dir='ltr' id='par_1_25' title="bbox 467 2379 2040 2458">
     <span class='ocr_line' id='line_1_25' title="bbox 467 2379 2040 2458; baseline -0.006 -16"><span class='ocrx_word' id='word_1_184' title='bbox 467 2403 573 2443; x_wconf 89' lang='lat' dir='ltr'><strong>non</strong></span> <span class='ocrx_word' id='word_1_185' title='bbox 585 2388 878 2458; x_wconf 79' lang='lat' dir='ltr'><strong>ambigens,</strong></span> <span class='ocrx_word' id='word_1_186' title='bbox 895 2401 992 2441; x_wconf 87' lang='lat' dir='ltr'><strong>nec</strong></span> <span class='ocrx_word' id='word_1_187' title='bbox 1011 2393 1210 2440; x_wconf 84' lang='lat' dir='ltr'><strong>tantum</strong></span> <span class='ocrx_word' id='word_1_188' title='bbox 1224 2391 1281 2438; x_wconf 91' lang='lat' dir='ltr'><strong>ut</strong></span> <span class='ocrx_word' id='word_1_189' title='bbox 1298 2385 1387 2449; x_wconf 85' lang='lat' dir='ltr'><strong>sit,</strong></span> <span class='ocrx_word' id='word_1_190' title='bbox 1405 2397 1586 2438; x_wconf 87' lang='lat' dir='ltr'><strong>verum</strong></span> <span class='ocrx_word' id='word_1_191' title='bbox 1599 2382 1759 2436; x_wconf 90' lang='lat' dir='ltr'><strong>etiam</strong></span> <span class='ocrx_word' id='word_1_192' title='bbox 1776 2388 1832 2434; x_wconf 93' lang='lat' dir='ltr'><strong>ut</strong></span> <span class='ocrx_word' id='word_1_193' title='bbox 1845 2379 2040 2434; x_wconf 89' lang='lat' dir='ltr'><strong>bonum</strong></span> 
     </span>
    </p>
   </div>
   <div class='ocr_carea' id='block_1_26' title="bbox 468 2460 2042 2545">
    <p class='ocr_par' dir='ltr' id='par_1_26' title="bbox 468 2460 2042 2545">
     <span class='ocr_line' id='line_1_26' title="bbox 468 2460 2042 2545; baseline -0.005 -13"><span class='ocrx_word' id='word_1_194' title='bbox 468 2478 560 2545; x_wconf 89' lang='lat' dir='ltr'><strong>sit,</strong></span> <span class='ocrx_word' id='word_1_195' title='bbox 590 2477 644 2532; x_wconf 88' lang='lat' dir='ltr'><strong>id</strong></span> <span class='ocrx_word' id='word_1_196' title='bbox 668 2485 768 2542; x_wconf 87' lang='lat' dir='ltr'><strong>est,</strong></span> <span class='ocrx_word' id='word_1_197' title='bbox 799 2460 864 2530; x_wconf 85' lang='lat' dir='ltr'><strong>ad</strong></span> <span class='ocrx_word' id='word_1_198' title='bbox 887 2475 1125 2530; x_wconf 70' lang='lat' dir='ltr'><strong>facienda</strong></span> <span class='ocrx_word' id='word_1_199' title='bbox 1157 2472 1402 2528; x_wconf 89' lang='lat' dir='ltr'><strong>mandata</strong></span> <span class='ocrx_word' id='word_1_200' title='bbox 1431 2469 1642 2526; x_wconf 90' lang='lat' dir='ltr'><strong>Domini</strong></span> <span class='ocrx_word' id='word_1_201' title='bbox 1668 2477 2042 2534; x_wconf 88' lang='lat' dir='ltr'><strong>convertatur;</strong></span> 
     </span>
    </p>
   </div>
   <div class='ocr_carea' id='block_1_27' title="bbox 467 2559 2044 2638">
    <p class='ocr_par' dir='ltr' id='par_1_27' title="bbox 467 2559 2044 2638">
     <span class='ocr_line' id='line_1_27' title="bbox 467 2559 2044 2638; baseline -0.004 -16"><span class='ocrx_word' id='word_1_202' title='bbox 467 2577 626 2638; x_wconf 89' lang='lat' dir='ltr'><strong>atque</strong></span> <span class='ocrx_word' id='word_1_203' title='bbox 654 2567 724 2622; x_wconf 89' lang='lat' dir='ltr'><strong>ita</strong></span> <span class='ocrx_word' id='word_1_204' title='bbox 752 2565 844 2622; x_wconf 89' lang='lat' dir='ltr'><strong>Dei</strong></span> <span class='ocrx_word' id='word_1_205' title='bbox 883 2566 1051 2636; x_wconf 74' lang='lat' dir='ltr'><strong>gratia</strong></span> <span class='ocrx_word' id='word_1_206' title='bbox 1075 2579 1183 2620; x_wconf 92' lang='lat' dir='ltr'><strong>non</strong></span> <span class='ocrx_word' id='word_1_207' title='bbox 1216 2563 1387 2619; x_wconf 90' lang='lat' dir='ltr'><strong>solum</strong></span> <span class='ocrx_word' id='word_1_208' title='bbox 1415 2559 1665 2618; x_wconf 82' lang='lat' dir='ltr'><strong>ostendat</strong></span> <span class='ocrx_word' id='word_1_209' title='bbox 1689 2559 1816 2632; x_wconf 90' lang='lat' dir='ltr'><strong>quid</strong></span> <span class='ocrx_word' id='word_1_210' title='bbox 1845 2559 2044 2616; x_wconf 81' lang='lat' dir='ltr'><strong>facien-</strong></span> 
     </span>
    </p>
   </div>
   <div class='ocr_carea' id='block_1_28' title="bbox 467 2647 2046 2724">
    <p class='ocr_par' dir='ltr' id='par_1_28' title="bbox 467 2647 2046 2724">
     <span class='ocr_line' id='line_1_28' title="bbox 467 2647 2046 2724; baseline -0.005 -13"><span class='ocrx_word' id='word_1_211' title='bbox 467 2657 594 2712; x_wconf 89' lang='lat' dir='ltr'><strong>dum</strong></span> <span class='ocrx_word' id='word_1_212' title='bbox 646 2657 753 2723; x_wconf 86' lang='lat' dir='ltr'><strong>sit,</strong></span> <span class='ocrx_word' id='word_1_213' title='bbox 799 2654 896 2711; x_wconf 86' lang='lat' dir='ltr'><strong>sed</strong></span> <span class='ocrx_word' id='word_1_214' title='bbox 943 2653 1155 2724; x_wconf 84' lang='lat' dir='ltr'><strong>adjuvet</strong></span> <span class='ocrx_word' id='word_1_215' title='bbox 1203 2651 1364 2708; x_wconf 90' lang='lat' dir='ltr'><strong>etiam</strong></span> <span class='ocrx_word' id='word_1_216' title='bbox 1411 2660 1469 2706; x_wconf 89' lang='lat' dir='ltr'><strong>ut</strong></span> <span class='ocrx_word' id='word_1_217' title='bbox 1521 2649 1688 2720; x_wconf 87' lang='lat' dir='ltr'><strong>possit</strong></span> <span class='ocrx_word' id='word_1_218' title='bbox 1740 2648 1853 2704; x_wconf 87' lang='lat' dir='ltr'><strong>ﬁeri</strong></span> <span class='ocrx_word' id='word_1_219' title='bbox 1903 2647 2046 2718; x_wconf 89' lang='lat' dir='ltr'><strong>quod</strong></span> 
     </span>
    </p>
   </div>
   <div class='ocr_carea' id='block_1_29' title="bbox 465 2739 2048 2814">
    <p class='ocr_par' dir='ltr' id='par_1_29' title="bbox 465 2739 2048 2814">
     <span class='ocr_line' id='line_1_29' title="bbox 465 2739 2048 2814; baseline -0.007 -11"><span class='ocrx_word' id='word_1_220' title='bbox 465 2745 780 2810; x_wconf 86' lang='lat' dir='ltr'><strong>ostenderit,</strong></span> <span class='ocrx_word' id='word_1_221' title='bbox 807 2744 942 2814; x_wconf 87' lang='lat' dir='ltr'><strong>Quid</strong></span> <span class='ocrx_word' id='word_1_222' title='bbox 977 2739 1118 2799; x_wconf 81' lang='lat' dir='ltr'><strong>enim</strong></span> <span class='ocrx_word' id='word_1_223' title='bbox 1148 2741 1406 2798; x_wconf 83' lang='lat' dir='ltr'><strong>habemus</strong></span> <span class='ocrx_word' id='word_1_224' title='bbox 1429 2740 1572 2812; x_wconf 90' lang='lat' dir='ltr'><strong>quod</strong></span> <span class='ocrx_word' id='word_1_225' title='bbox 1613 2754 1718 2795; x_wconf 91' lang='lat' dir='ltr'><strong>non</strong></span> <span class='ocrx_word' id='word_1_226' title='bbox 1747 2739 2048 2808; x_wconf 88' lang='lat' dir='ltr'><strong>accepimus</strong></span> 
     </span>
    </p>
   </div>
   <div class='ocr_carea' id='block_1_30' title="bbox 468 2826 2044 2906">
    <p class='ocr_par' dir='ltr' id='par_1_30' title="bbox 468 2826 2044 2906">
     <span class='ocr_line' id='line_1_30' title="bbox 468 2826 2044 2906; baseline -0.005 -16"><span class='ocrx_word' id='word_1_227' title='bbox 468 2837 514 2906; x_wconf 86' lang='lat' dir='ltr'><strong>(l</strong></span> <span class='ocrx_word' id='word_1_228' title='bbox 538 2836 656 2894; x_wconf 82' lang='lat' dir='ltr'><strong>Cor.</strong></span> <span class='ocrx_word' id='word_1_229' title='bbox 685 2850 762 2904; x_wconf 85' lang='lat' dir='ltr'><strong>tv,</strong></span> <span class='ocrx_word' id='word_1_230' title='bbox 792 2834 888 2906; x_wconf 85' lang='lat'><strong>7)?</strong></span> <span class='ocrx_word' id='word_1_231' title='bbox 915 2833 1071 2892; x_wconf 88' lang='lat' dir='ltr'><strong>Unde</strong></span> <span class='ocrx_word' id='word_1_232' title='bbox 1096 2832 1417 2889; x_wconf 82' lang='lat' dir='ltr'><strong>etJeremias</strong></span> <span class='ocrx_word' id='word_1_233' title='bbox 1431 2830 1560 2886; x_wconf 86' lang='lat' dir='ltr'><strong>dicit</strong></span> <span class='ocrx_word' id='word_1_234' title='bbox 1585 2845 1601 2883; x_wconf 86' lang='lat'><strong>:</strong></span> <span class='ocrx_word' id='word_1_235' title='bbox 1631 2829 1776 2897; x_wconf 88' lang='lat' dir='ltr'><strong>Scio,</strong></span> <span class='ocrx_word' id='word_1_236' title='bbox 1809 2826 2044 2894; x_wconf 83' lang='lat' dir='ltr'><strong>Domine,</strong></span> 
     </span>
    </p>
   </div>
   <div class='ocr_carea' id='block_1_31' title="bbox 469 2917 2050 2996">
    <p class='ocr_par' dir='ltr' id='par_1_31' title="bbox 469 2917 2050 2996">
     <span class='ocr_line' id='line_1_31' title="bbox 469 2917 2050 2996; baseline -0.006 -15"><span class='ocrx_word' id='word_1_237' title='bbox 469 2927 591 2996; x_wconf 86' lang='lat' dir='ltr'><strong>quia</strong></span> <span class='ocrx_word' id='word_1_238' title='bbox 613 2942 716 2980; x_wconf 85' lang='lat' dir='ltr'><strong>non</strong></span> <span class='ocrx_word' id='word_1_239' title='bbox 739 2935 812 2980; x_wconf 85' lang='lat' dir='ltr'><strong>cst</strong></span> <span class='ocrx_word' id='word_1_240' title='bbox 841 2925 892 2979; x_wconf 89' lang='lat' dir='ltr'><strong>in</strong></span> <span class='ocrx_word' id='word_1_241' title='bbox 917 2924 1118 2978; x_wconf 79' lang='lat' dir='ltr'><strong>homine</strong></span> <span class='ocrx_word' id='word_1_242' title='bbox 1149 2938 1230 2976; x_wconf 86' lang='lat' dir='ltr'><strong>vta</strong></span> <span class='ocrx_word' id='word_1_243' title='bbox 1255 2923 1385 2992; x_wconf 83' lang='lat' dir='ltr'><strong>ejus,</strong></span> <span class='ocrx_word' id='word_1_244' title='bbox 1413 2935 1504 2974; x_wconf 87' lang='lat' dir='ltr'><strong>nec</strong></span> <span class='ocrx_word' id='word_1_245' title='bbox 1532 2919 1622 2972; x_wconf 84' lang='lat' dir='ltr'><strong>viri</strong></span> <span class='ocrx_word' id='word_1_246' title='bbox 1650 2927 1795 2972; x_wconf 86' lang='lat' dir='ltr'><strong>estut</strong></span> <span class='ocrx_word' id='word_1_247' title='bbox 1831 2917 2050 2972; x_wconf 76' lang='lat' dir='ltr'><strong>ambulet</strong></span> 
     </span>
    </p>
   </div>
   <div class='ocr_carea' id='block_1_32' title="bbox 473 3009 2050 3086">
    <p class='ocr_par' dir='ltr' id='par_1_32' title="bbox 473 3009 2050 3086">
     <span class='ocr_line' id='line_1_32' title="bbox 473 3009 2050 3086; baseline -0.001 -18"><span class='ocrx_word' id='word_1_248' title='bbox 473 3025 521 3069; x_wconf 82' lang='lat' dir='ltr'><strong>et</strong></span> <span class='ocrx_word' id='word_1_249' title='bbox 550 3015 733 3086; x_wconf 82' lang='lat' dir='ltr'><strong>dirigat</strong></span> <span class='ocrx_word' id='word_1_250' title='bbox 761 3029 960 3084; x_wconf 84' lang='lat' dir='ltr'><strong>gressus</strong></span> <span class='ocrx_word' id='word_1_251' title='bbox 992 3029 1110 3068; x_wconf 87' lang='lat' dir='ltr'><strong>suos</strong></span> <span class='ocrx_word' id='word_1_252' title='bbox 1135 3011 1344 3078; x_wconf 80' lang='lat' dir='ltr'><strong>(Ierem.</strong></span> <span class='ocrx_word' id='word_1_253' title='bbox 1373 3027 1427 3077; x_wconf 70' lang='grc' dir='ltr'><strong>χ,</strong></span> <span class='ocrx_word' id='word_1_254' title='bbox 1451 3011 1566 3081; x_wconf 76' lang='lat'><strong>25).</strong></span> <span class='ocrx_word' id='word_1_255' title='bbox 1594 3009 1727 3064; x_wconf 90' lang='lat' dir='ltr'><strong>llinc</strong></span> <span class='ocrx_word' id='word_1_256' title='bbox 1752 3018 1805 3063; x_wconf 91' lang='lat' dir='ltr'><strong>et</strong></span> <span class='ocrx_word' id='word_1_257' title='bbox 1831 3011 1882 3062; x_wconf 93' lang='lat' dir='ltr'><strong>in</strong></span> <span class='ocrx_word' id='word_1_258' title='bbox 1911 3009 2050 3066; x_wconf 82' lang='lat' dir='ltr'><strong>Psal-</strong></span> 
     </span>
    </p>
   </div>
   <div class='ocr_carea' id='block_1_33' title="bbox 470 3096 2050 3176">
    <p class='ocr_par' dir='ltr' id='par_1_33' title="bbox 470 3096 2050 3176">
     <span class='ocr_line' id='line_1_33' title="bbox 470 3096 2050 3176; baseline -0.003 -15"><span class='ocrx_word' id='word_1_259' title='bbox 470 3096 574 3161; x_wconf 70' lang='lat' dir='ltr'><strong>ttt‘ts</strong></span> <span class='ocrx_word' id='word_1_260' title='bbox 595 3121 714 3161; x_wconf 87' lang='lat' dir='ltr'><strong>cum</strong></span> <span class='ocrx_word' id='word_1_261' title='bbox 739 3104 950 3176; x_wconf 87' lang='lat' dir='ltr'><strong>quidam</strong></span> <span class='ocrx_word' id='word_1_262' title='bbox 982 3104 1203 3160; x_wconf 80' lang='lat' dir='ltr'><strong>dixisset</strong></span> <span class='ocrx_word' id='word_1_263' title='bbox 1229 3103 1358 3170; x_wconf 89' lang='lat' dir='ltr'><strong>Deo,</strong></span> <span class='ocrx_word' id='word_1_264' title='bbox 1401 3100 1476 3154; x_wconf 89' lang='lat' dir='ltr'><strong>Tu</strong></span> <span class='ocrx_word' id='word_1_265' title='bbox 1503 3100 1786 3172; x_wconf 66' lang='lat' dir='ltr'><strong>praccpisti</strong></span> <span class='ocrx_word' id='word_1_266' title='bbox 1811 3101 2050 3156; x_wconf 86' lang='lat' dir='ltr'><strong>mandata</strong></span> 
     </span>
    </p>
   </div>
   <div class='ocr_carea' id='block_1_34' title="bbox 475 3193 2046 3263">
    <p class='ocr_par' dir='ltr' id='par_1_34' title="bbox 475 3193 2046 3263">
     <span class='ocr_line' id='line_1_34' title="bbox 475 3193 2046 3263; baseline -0.004 -11"><span class='ocrx_word' id='word_1_267' title='bbox 475 3208 564 3252; x_wconf 87' lang='lat' dir='ltr'><strong>tua</strong></span> <span class='ocrx_word' id='word_1_268' title='bbox 591 3197 832 3253; x_wconf 80' lang='lat' dir='ltr'><strong>custodiri</strong></span> <span class='ocrx_word' id='word_1_269' title='bbox 867 3197 1016 3252; x_wconf 84' lang='lat' dir='ltr'><strong>nimis</strong></span> <span class='ocrx_word' id='word_1_270' title='bbox 1033 3213 1052 3263; x_wconf 88' lang='lat'><strong>;</strong></span> <span class='ocrx_word' id='word_1_271' title='bbox 1090 3196 1344 3252; x_wconf 88' lang='lat' dir='ltr'><strong>continuo</strong></span> <span class='ocrx_word' id='word_1_272' title='bbox 1371 3210 1476 3248; x_wconf 91' lang='lat' dir='ltr'><strong>non</strong></span> <span class='ocrx_word' id='word_1_273' title='bbox 1505 3193 1572 3248; x_wconf 91' lang='lat' dir='ltr'><strong>de</strong></span> <span class='ocrx_word' id='word_1_274' title='bbox 1608 3208 1667 3248; x_wconf 90' lang='lat' dir='ltr'><strong>se</strong></span> <span class='ocrx_word' id='word_1_275' title='bbox 1693 3193 2046 3263; x_wconf 84' lang='lat' dir='ltr'><strong>praesumpsit,</strong></span> 
     </span>
    </p>
   </div>
   <div class='ocr_carea' id='block_1_35' title="bbox 472 3281 2052 3358">
    <p class='ocr_par' dir='ltr' id='par_1_35' title="bbox 472 3281 2052 3358">
     <span class='ocr_line' id='line_1_35' title="bbox 472 3281 2052 3358; baseline -0.003 -16"><span class='ocrx_word' id='word_1_276' title='bbox 472 3286 569 3342; x_wconf 84' lang='lat' dir='ltr'><strong>sed</strong></span> <span class='ocrx_word' id='word_1_277' title='bbox 593 3287 793 3358; x_wconf 76' lang='lat' dir='ltr'><strong>Optavit</strong></span> <span class='ocrx_word' id='word_1_278' title='bbox 813 3295 869 3342; x_wconf 92' lang='lat' dir='ltr'><strong>ut</strong></span> <span class='ocrx_word' id='word_1_279' title='bbox 897 3285 1093 3342; x_wconf 79' lang='lat' dir='ltr'><strong>laceret</strong></span> <span class='ocrx_word' id='word_1_280' title='bbox 1122 3283 1398 3350; x_wconf 88' lang='lat' dir='ltr'><strong>:‘Utinam,</strong></span> <span class='ocrx_word' id='word_1_281' title='bbox 1430 3283 1616 3352; x_wconf 83' lang='lat' dir='ltr'><strong>inquit,</strong></span> <span class='ocrx_word' id='word_1_282' title='bbox 1647 3281 1932 3353; x_wconf 86' lang='lat' dir='ltr'><strong>dirigantur</strong></span> <span class='ocrx_word' id='word_1_283' title='bbox 1957 3283 2052 3338; x_wconf 75' lang='lat' dir='ltr'><strong>vite</strong></span> 
     </span>
    </p>
   </div>
   <div class='ocr_carea' id='block_1_36' title="bbox 473 3375 2051 3447">
    <p class='ocr_par' dir='ltr' id='par_1_36' title="bbox 473 3375 2051 3447">
     <span class='ocr_line' id='line_1_36' title="bbox 473 3375 2051 3447; baseline -0.003 -17"><span class='ocrx_word' id='word_1_284' title='bbox 473 3393 598 3432; x_wconf 78' lang='lat' dir='ltr'><strong>inea:</strong></span> <span class='ocrx_word' id='word_1_285' title='bbox 618 3377 685 3430; x_wconf 88' lang='lat' dir='ltr'><strong>ad</strong></span> <span class='ocrx_word' id='word_1_286' title='bbox 709 3375 1058 3430; x_wconf 82' lang='lat' dir='ltr'><strong>custodiendas</strong></span> <span class='ocrx_word' id='word_1_287' title='bbox 1078 3375 1465 3447; x_wconf 76' lang='lat' dir='ltr'><strong>justiﬁcationes</strong></span> <span class='ocrx_word' id='word_1_288' title='bbox 1486 3381 1598 3427; x_wconf 71' lang='lat' dir='ltr'><strong>(suis</strong></span> <span class='ocrx_word' id='word_1_289' title='bbox 1623 3387 1643 3426; x_wconf 91' lang='lat'><strong><em>:</em></strong></span> <span class='ocrx_word' id='word_1_290' title='bbox 1672 3381 1790 3426; x_wconf 84' lang='lat' dir='ltr'><strong>tunc</strong></span> <span class='ocrx_word' id='word_1_291' title='bbox 1810 3389 1910 3426; x_wconf 88' lang='lat' dir='ltr'><strong>non</strong></span> <span class='ocrx_word' id='word_1_292' title='bbox 1931 3389 2051 3426; x_wconf 87' lang='lat' dir='ltr'><strong>con-</strong></span> 
     </span>
    </p>
   </div>
   <div class='ocr_carea' id='block_1_37' title="bbox 474 3461 2050 3538">
    <p class='ocr_par' dir='ltr' id='par_1_37' title="bbox 474 3461 2050 3538">
     <span class='ocr_line' id='line_1_37' title="bbox 474 3461 2050 3538; baseline -0.001 -18"><span class='ocrx_word' id='word_1_293' title='bbox 474 3467 697 3538; x_wconf 73' lang='lat' dir='ltr'><strong>fundor,</strong></span> <span class='ocrx_word' id='word_1_294' title='bbox 752 3466 872 3520; x_wconf 88' lang='lat' dir='ltr'><strong>dum</strong></span> <span class='ocrx_word' id='word_1_295' title='bbox 916 3467 1126 3537; x_wconf 77' lang='lat' dir='ltr'><strong>inspicio</strong></span> <span class='ocrx_word' id='word_1_296' title='bbox 1177 3465 1231 3519; x_wconf 88' lang='lat' dir='ltr'><strong>in</strong></span> <span class='ocrx_word' id='word_1_297' title='bbox 1273 3464 1442 3518; x_wconf 84' lang='lat' dir='ltr'><strong>omnia</strong></span> <span class='ocrx_word' id='word_1_298' title='bbox 1483 3463 1725 3518; x_wconf 89' lang='lat' dir='ltr'><strong>mandata</strong></span> <span class='ocrx_word' id='word_1_299' title='bbox 1767 3472 1876 3518; x_wconf 90' lang='lat' dir='ltr'><strong>tua.</strong></span> <span class='ocrx_word' id='word_1_300' title='bbox 1920 3461 2050 3532; x_wconf 85' lang='lat' dir='ltr'><strong>Quis</strong></span> 
     </span>
    </p>
   </div>
   <div class='ocr_carea' id='block_1_38' title="bbox 474 3555 2051 3630">
    <p class='ocr_par' dir='ltr' id='par_1_38' title="bbox 474 3555 2051 3630">
     <span class='ocr_line' id='line_1_38' title="bbox 474 3555 2051 3630; baseline -0.001 -17"><span class='ocrx_word' id='word_1_301' title='bbox 474 3569 650 3615; x_wconf 85' lang='lat' dir='ltr'><strong>autem</strong></span> <span class='ocrx_word' id='word_1_302' title='bbox 675 3568 822 3629; x_wconf 89' lang='lat' dir='ltr'><strong>optat</strong></span> <span class='ocrx_word' id='word_1_303' title='bbox 849 3559 988 3630; x_wconf 92' lang='lat' dir='ltr'><strong>quod</strong></span> <span class='ocrx_word' id='word_1_304' title='bbox 1019 3560 1070 3612; x_wconf 91' lang='lat' dir='ltr'><strong>in</strong></span> <span class='ocrx_word' id='word_1_305' title='bbox 1099 3565 1358 3628; x_wconf 81' lang='lat' dir='ltr'><strong>potestate</strong></span> <span class='ocrx_word' id='word_1_306' title='bbox 1376 3557 1455 3615; x_wconf 89' lang='lat' dir='ltr'><strong>sic</strong></span> <span class='ocrx_word' id='word_1_307' title='bbox 1475 3555 1654 3622; x_wconf 88' lang='lat' dir='ltr'><strong>habet,</strong></span> <span class='ocrx_word' id='word_1_308' title='bbox 1675 3565 1734 3612; x_wconf 89' lang='lat' dir='ltr'><strong>ut</strong></span> <span class='ocrx_word' id='word_1_309' title='bbox 1761 3555 1829 3611; x_wconf 87' lang='lat' dir='ltr'><strong>ad</strong></span> <span class='ocrx_word' id='word_1_310' title='bbox 1850 3555 2051 3612; x_wconf 83' lang='lat' dir='ltr'><strong>facien-</strong></span> 
     </span>
    </p>
   </div>
   <div class='ocr_carea' id='block_1_39' title="bbox 476 3645 2046 3720">
    <p class='ocr_par' dir='ltr' id='par_1_39' title="bbox 476 3645 2046 3720">
     <span class='ocr_line' id='line_1_39' title="bbox 476 3645 2046 3720; baseline -0.001 -17"><span class='ocrx_word' id='word_1_311' title='bbox 476 3649 608 3704; x_wconf 87' lang='lat' dir='ltr'><strong>dum</strong></span> <span class='ocrx_word' id='word_1_312' title='bbox 620 3649 764 3704; x_wconf 90' lang='lat' dir='ltr'><strong>nullo</strong></span> <span class='ocrx_word' id='word_1_313' title='bbox 785 3648 1016 3720; x_wconf 77' lang='lat' dir='ltr'><strong>indigeat</strong></span> <span class='ocrx_word' id='word_1_314' title='bbox 1039 3647 1384 3719; x_wconf 87' lang='lat' dir='ltr'><strong>adjumento?</strong></span> <span class='ocrx_word' id='word_1_315' title='bbox 1403 3649 1447 3704; x_wconf 76' lang='grc' dir='ltr'>Α</span> <span class='ocrx_word' id='word_1_316' title='bbox 1471 3662 1578 3718; x_wconf 92' lang='lat' dir='ltr'><strong>quo</strong></span> <span class='ocrx_word' id='word_1_317' title='bbox 1595 3656 1773 3703; x_wconf 88' lang='lat' dir='ltr'><strong>autem</strong></span> <span class='ocrx_word' id='word_1_318' title='bbox 1800 3645 1852 3702; x_wconf 91' lang='lat' dir='ltr'><strong>id</strong></span> <span class='ocrx_word' id='word_1_319' title='bbox 1877 3655 2046 3716; x_wconf 91' lang='lat' dir='ltr'><strong>optet,</strong></span> 
     </span>
    </p>
   </div>
   <div class='ocr_carea' id='block_1_40' title="bbox 475 3737 2052 3812">
    <p class='ocr_par' dir='ltr' id='par_1_40' title="bbox 475 3737 2052 3812">
     <span class='ocr_line' id='line_1_40' title="bbox 475 3737 2052 3812; baseline 0 -18"><span class='ocrx_word' id='word_1_320' title='bbox 475 3741 598 3812; x_wconf 87' lang='lat' dir='ltr'><strong>quia</strong></span> <span class='ocrx_word' id='word_1_321' title='bbox 631 3756 735 3796; x_wconf 91' lang='lat' dir='ltr'><strong>non</strong></span> <span class='ocrx_word' id='word_1_322' title='bbox 780 3757 811 3795; x_wconf 89' lang='lat' dir='ltr'><strong>a</strong></span> <span class='ocrx_word' id='word_1_323' title='bbox 848 3739 1080 3801; x_wconf 83' lang='lat' dir='ltr'><strong>fortuna.</strong></span> <span class='ocrx_word' id='word_1_324' title='bbox 1119 3739 1205 3796; x_wconf 91' lang='lat' dir='ltr'><strong>vel</strong></span> <span class='ocrx_word' id='word_1_325' title='bbox 1241 3754 1272 3794; x_wconf 89' lang='lat' dir='ltr'><strong>a</strong></span> <span class='ocrx_word' id='word_1_326' title='bbox 1318 3738 1446 3804; x_wconf 89' lang='lat' dir='ltr'><strong>l‘ato,</strong></span> <span class='ocrx_word' id='word_1_327' title='bbox 1477 3739 1561 3794; x_wconf 91' lang='lat' dir='ltr'><strong>vel</strong></span> <span class='ocrx_word' id='word_1_328' title='bbox 1594 3753 1626 3794; x_wconf 88' lang='lat' dir='ltr'><strong>a</strong></span> <span class='ocrx_word' id='word_1_329' title='bbox 1665 3737 1902 3810; x_wconf 87' lang='lat' dir='ltr'><strong>quolibet</strong></span> <span class='ocrx_word' id='word_1_330' title='bbox 1943 3737 2052 3794; x_wconf 90' lang='lat' dir='ltr'><strong>alio</strong></span> 
     </span>
    </p>
   </div>
   <div class='ocr_carea' id='block_1_41' title="bbox 476 3827 2048 3905">
    <p class='ocr_par' dir='ltr' id='par_1_41' title="bbox 476 3827 2048 3905">
     <span class='ocr_line' id='line_1_41' title="bbox 476 3827 2048 3905; baseline -0.001 -20"><span class='ocrx_word' id='word_1_331' title='bbox 476 3839 672 3905; x_wconf 65' lang='grc' dir='ltr'><strong>ιιι-αξιοι·</strong></span> <span class='ocrx_word' id='word_1_332' title='bbox 711 3831 899 3898; x_wconf 90' lang='lat' dir='ltr'><strong>Deum,</strong></span> <span class='ocrx_word' id='word_1_333' title='bbox 947 3831 1001 3888; x_wconf 89' lang='lat' dir='ltr'><strong>in</strong></span> <span class='ocrx_word' id='word_1_334' title='bbox 1051 3831 1500 3900; x_wconf 79' lang='lat' dir='ltr'><strong>consequentibus</strong></span> <span class='ocrx_word' id='word_1_335' title='bbox 1554 3830 1686 3885; x_wconf 88' lang='lat' dir='ltr'><strong>satis</strong></span> <span class='ocrx_word' id='word_1_336' title='bbox 1721 3827 2048 3886; x_wconf 84' lang='lat' dir='ltr'><strong>ostendens:</strong></span> 
     </span>
    </p>
   </div>
   <div class='ocr_carea' id='block_1_42' title="bbox 485 3917 2052 3991">
    <p class='ocr_par' dir='ltr' id='par_1_42' title="bbox 485 3917 2052 3991">
     <span class='ocr_line' id='line_1_42' title="bbox 485 3917 2052 3991; baseline -0.001 -17"><span class='ocrx_word' id='word_1_337' title='bbox 485 3919 680 3980; x_wconf 73' lang='lat' dir='ltr'><strong>Itinera</strong></span> <span class='ocrx_word' id='word_1_338' title='bbox 709 3935 839 3989; x_wconf 81' lang='lat' dir='ltr'><strong>mea,</strong></span> <span class='ocrx_word' id='word_1_339' title='bbox 866 3921 1052 3990; x_wconf 89' lang='lat' dir='ltr'><strong>inquit,</strong></span> <span class='ocrx_word' id='word_1_340' title='bbox 1082 3920 1244 3991; x_wconf 83' lang='lat' dir='ltr'><strong>dirige</strong></span> <span class='ocrx_word' id='word_1_341' title='bbox 1277 3919 1552 3974; x_wconf 76' lang='lat' dir='ltr'><strong>secundum</strong></span> <span class='ocrx_word' id='word_1_342' title='bbox 1577 3917 1778 3973; x_wconf 81' lang='lat' dir='ltr'><strong>verbum</strong></span> <span class='ocrx_word' id='word_1_343' title='bbox 1817 3927 1977 3986; x_wconf 81' lang='lat' dir='ltr'><strong>luunt,</strong></span> <span class='ocrx_word' id='word_1_344' title='bbox 2004 3927 2052 3973; x_wconf 86' lang='lat' dir='ltr'><strong>et</strong></span> 
     </span>
    </p>
   </div>
   <div class='ocr_carea' id='block_1_43' title="bbox 476 4005 2048 4080">
    <p class='ocr_par' dir='ltr' id='par_1_43' title="bbox 476 4005 2048 4080">
     <span class='ocr_line' id='line_1_43' title="bbox 476 4005 2048 4080; baseline 0.001 -18"><span class='ocrx_word' id='word_1_345' title='bbox 476 4025 578 4068; x_wconf 82' lang='lat' dir='ltr'><strong>non</strong></span> <span class='ocrx_word' id='word_1_346' title='bbox 603 4005 922 4064; x_wconf 71' lang='lat' dir='ltr'><strong>dominetur‘</strong></span> <span class='ocrx_word' id='word_1_347' title='bbox 947 4009 1072 4064; x_wconf 74' lang='lat' dir='ltr'><strong>milli</strong></span> <span class='ocrx_word' id='word_1_348' title='bbox 1098 4008 1260 4064; x_wconf 87' lang='lat' dir='ltr'><strong>omnis</strong></span> <span class='ocrx_word' id='word_1_349' title='bbox 1297 4007 1534 4080; x_wconf 84' lang='lat' dir='ltr'><strong>iniquitas</strong></span> <span class='ocrx_word' id='word_1_350' title='bbox 1558 4007 1578 4080; x_wconf 97' lang='lat'><strong>(</strong></span> <span class='ocrx_word' id='word_1_351' title='bbox 1604 4006 1747 4064; x_wconf 88' lang='lat' dir='ltr'><strong>Psal.</strong></span> <span class='ocrx_word' id='word_1_352' title='bbox 1779 4023 1963 4076; x_wconf 81' lang='lat' dir='ltr'><strong>cxvtn,</strong></span> <span class='ocrx_word' id='word_1_353' title='bbox 1993 4010 2048 4076; x_wconf 71' lang='grc'><strong>4,</strong></span> 
     </span>
    </p>
   </div>
   <div class='ocr_carea' id='block_1_44' title="bbox 471 4097 2052 4172">
    <p class='ocr_par' dir='ltr' id='par_1_44' title="bbox 471 4097 2052 4172">
     <span class='ocr_line' id='line_1_44' title="bbox 471 4097 2052 4172; baseline -0.001 -17"><span class='ocrx_word' id='word_1_354' title='bbox 471 4099 534 4163; x_wconf 75' lang='lat'><strong>5,</strong></span> <span class='ocrx_word' id='word_1_355' title='bbox 563 4098 616 4163; x_wconf 87' lang='lat'><strong>6,</strong></span> <span class='ocrx_word' id='word_1_356' title='bbox 647 4097 793 4172; x_wconf 74' lang='grc'><strong>155).</strong></span> <span class='ocrx_word' id='word_1_357' title='bbox 835 4099 916 4154; x_wconf 84' lang='lat' dir='ltr'><strong>Ab</strong></span> <span class='ocrx_word' id='word_1_358' title='bbox 942 4098 1098 4170; x_wconf 87' lang='lat' dir='ltr'><strong>hujus</strong></span> <span class='ocrx_word' id='word_1_359' title='bbox 1127 4101 1467 4154; x_wconf 80' lang='lat' dir='ltr'><strong>exsecrandae</strong></span> <span class='ocrx_word' id='word_1_360' title='bbox 1491 4097 1909 4154; x_wconf 69' lang='lat' dir='ltr'><strong>dominationis‘</strong></span> <span class='ocrx_word' id='word_1_361' title='bbox 1933 4114 2052 4154; x_wconf 90' lang='lat' dir='ltr'><strong>ser-</strong></span> 
     </span>
    </p>
   </div>
   <div class='ocr_carea' id='block_1_45' title="bbox 478 4183 2056 4258">
    <p class='ocr_par' dir='ltr' id='par_1_45' title="bbox 478 4183 2056 4258">
     <span class='ocr_line' id='line_1_45' title="bbox 478 4183 2056 4258; baseline 0.002 -20"><span class='ocrx_word' id='word_1_362' title='bbox 478 4186 644 4240; x_wconf 84' lang='lat' dir='ltr'><strong>vitute</strong></span> <span class='ocrx_word' id='word_1_363' title='bbox 689 4185 1000 4255; x_wconf 85' lang='lat' dir='ltr'><strong>liberantur,</strong></span> <span class='ocrx_word' id='word_1_364' title='bbox 1047 4186 1237 4258; x_wconf 89' lang='lat' dir='ltr'><strong>quibus</strong></span> <span class='ocrx_word' id='word_1_365' title='bbox 1261 4185 1516 4240; x_wconf 90' lang='lat' dir='ltr'><strong>Dominus</strong></span> <span class='ocrx_word' id='word_1_366' title='bbox 1539 4185 1694 4242; x_wconf 85' lang='lat' dir='ltr'><strong>Jesus</strong></span> <span class='ocrx_word' id='word_1_367' title='bbox 1747 4183 1892 4258; x_wconf 89' lang='lat' dir='ltr'><strong>[eum</strong></span> <span class='ocrx_word' id='word_1_368' title='bbox 1919 4186 2056 4241; x_wconf 83' lang='lat' dir='ltr'><strong>reci-</strong></span> 
     </span>
    </p>
   </div>
   <div class='ocr_carea' id='block_1_46' title="bbox 479 4274 2050 4351">
    <p class='ocr_par' dir='ltr' id='par_1_46' title="bbox 479 4274 2050 4351">
     <span class='ocr_line' id='line_1_46' title="bbox 479 4274 2050 4351; baseline 0.001 -21"><span class='ocrx_word' id='word_1_369' title='bbox 479 4275 744 4351; x_wconf 79' lang='lat' dir='ltr'><strong>pientibus</strong></span> <span class='ocrx_word' id='word_1_370' title='bbox 765 4274 830 4350; x_wconf 57' lang='grc' dir='ltr'><strong>τί,</strong></span> <span class='ocrx_word' id='word_1_371' title='bbox 861 4276 1006 4332; x_wconf 87' lang='lat' dir='ltr'><strong>dedit</strong></span> <span class='ocrx_word' id='word_1_372' title='bbox 1033 4287 1347 4347; x_wconf 86' lang='lat' dir='ltr'><strong>potestatem</strong></span> <span class='ocrx_word' id='word_1_373' title='bbox 1376 4276 1511 4332; x_wconf 90' lang='lat' dir='ltr'><strong>ﬁlios</strong></span> <span class='ocrx_word' id='word_1_374' title='bbox 1539 4277 1631 4333; x_wconf 89' lang='lat' dir='ltr'><strong>Dei</strong></span> <span class='ocrx_word' id='word_1_375' title='bbox 1663 4277 1776 4332; x_wconf 89' lang='lat' dir='ltr'><strong>ﬁeri</strong></span> <span class='ocrx_word' id='word_1_376' title='bbox 1821 4277 2050 4347; x_wconf 86' lang='lat' dir='ltr'><strong>(Joan.t,</strong></span> 
     </span>
    </p>
   </div>
   <div class='ocr_carea' id='block_1_47' title="bbox 485 4365 2050 4436">
    <p class='ocr_par' dir='ltr' id='par_1_47' title="bbox 485 4365 2050 4436">
     <span class='ocr_line' id='line_1_47' title="bbox 485 4365 2050 4436; baseline 0.002 -17"><span class='ocrx_word' id='word_1_377' title='bbox 485 4365 598 4435; x_wconf 65' lang='lat'><strong>1&amp;2).</strong></span> <span class='ocrx_word' id='word_1_378' title='bbox 625 4365 702 4418; x_wconf 75' lang='lat' dir='ltr'><strong>Ab</strong></span> <span class='ocrx_word' id='word_1_379' title='bbox 729 4367 827 4419; x_wconf 91' lang='lat' dir='ltr'><strong>ista</strong></span> <span class='ocrx_word' id='word_1_380' title='bbox 865 4365 1126 4421; x_wconf 89' lang='lat' dir='ltr'><strong>horrenda</strong></span> <span class='ocrx_word' id='word_1_381' title='bbox 1153 4366 1514 4422; x_wconf 88' lang='lat' dir='ltr'><strong>dominatione</strong></span> <span class='ocrx_word' id='word_1_382' title='bbox 1533 4366 1792 4422; x_wconf 87' lang='lat' dir='ltr'><strong>liberandi</strong></span> <span class='ocrx_word' id='word_1_383' title='bbox 1820 4366 2050 4436; x_wconf 81' lang='lat' dir='ltr'><strong>fuerant,</strong></span> 
     </span>
    </p>
   </div>
   <div class='ocr_carea' id='block_1_48' title="bbox 479 4453 2054 4525">
    <p class='ocr_par' dir='ltr' id='par_1_48' title="bbox 479 4453 2054 4525">
     <span class='ocr_line' id='line_1_48' title="bbox 479 4453 2054 4525; baseline 0.003 -18"><span class='ocrx_word' id='word_1_384' title='bbox 479 4453 672 4525; x_wconf 86' lang='lat' dir='ltr'><strong>quibus</strong></span> <span class='ocrx_word' id='word_1_385' title='bbox 715 4455 862 4520; x_wconf 88' lang='lat' dir='ltr'><strong>dicit,</strong></span> <span class='ocrx_word' id='word_1_386' title='bbox 899 4455 960 4510; x_wconf 80' lang='lat' dir='ltr'><strong>Si</strong></span> <span class='ocrx_word' id='word_1_387' title='bbox 985 4471 1070 4509; x_wconf 86' lang='lat' dir='ltr'><strong>vos</strong></span> <span class='ocrx_word' id='word_1_388' title='bbox 1098 4453 1264 4510; x_wconf 85' lang='lat' dir='ltr'><strong>Filius</strong></span> <span class='ocrx_word' id='word_1_389' title='bbox 1292 4455 1592 4524; x_wconf 83' lang='lat' dir='ltr'><strong>liberaverit,</strong></span> <span class='ocrx_word' id='word_1_390' title='bbox 1627 4467 1744 4510; x_wconf 87' lang='lat' dir='ltr'><strong>tunc</strong></span> <span class='ocrx_word' id='word_1_391' title='bbox 1772 4473 1884 4512; x_wconf 89' lang='lat' dir='ltr'><strong>vere</strong></span> <span class='ocrx_word' id='word_1_392' title='bbox 1909 4457 2054 4512; x_wconf 83' lang='lat' dir='ltr'><strong>liberi</strong></span> 
     </span>
    </p>
   </div>
   <div class='ocr_carea' id='block_1_49' title="bbox 479 4543 2054 4618">
    <p class='ocr_par' dir='ltr' id='par_1_49' title="bbox 479 4543 2054 4618">
     <span class='ocr_line' id='line_1_49' title="bbox 479 4543 2054 4618; baseline 0.002 -18"><span class='ocrx_word' id='word_1_393' title='bbox 479 4545 622 4600; x_wconf 82' lang='lat' dir='ltr'><strong>eritis</strong></span> <span class='ocrx_word' id='word_1_394' title='bbox 648 4543 758 4618; x_wconf 82' lang='lat' dir='ltr'><strong>(Id.</strong></span> <span class='ocrx_word' id='word_1_395' title='bbox 784 4561 899 4614; x_wconf 87' lang='lat' dir='ltr'><strong>vnt,</strong></span> <span class='ocrx_word' id='word_1_396' title='bbox 941 4545 1053 4618; x_wconf 75' lang='lat'><strong>36).</strong></span> <span class='ocrx_word' id='word_1_397' title='bbox 1092 4545 1184 4602; x_wconf 88' lang='lat' dir='ltr'><strong>llis</strong></span> <span class='ocrx_word' id='word_1_398' title='bbox 1225 4555 1386 4617; x_wconf 91' lang='lat' dir='ltr'><strong>atque</strong></span> <span class='ocrx_word' id='word_1_399' title='bbox 1412 4547 1715 4618; x_wconf 90' lang='lat' dir='ltr'><strong>bujusmodi</strong></span> <span class='ocrx_word' id='word_1_400' title='bbox 1744 4548 1862 4602; x_wconf 88' lang='lat' dir='ltr'><strong>aliis</strong></span> <span class='ocrx_word' id='word_1_401' title='bbox 1897 4549 2054 4604; x_wconf 87' lang='lat' dir='ltr'><strong>inuu-</strong></span> 
     </span>
    </p>
   </div>
   <div class='ocr_carea' id='block_1_50' title="bbox 480 4637 2052 4710">
    <p class='ocr_par' dir='ltr' id='par_1_50' title="bbox 480 4637 2052 4710">
     <span class='ocr_line' id='line_1_50' title="bbox 480 4637 2052 4710; baseline 0.002 -16"><span class='ocrx_word' id='word_1_402' title='bbox 480 4637 823 4694; x_wconf 88' lang='lat' dir='ltr'><strong>mcrabilibus</strong></span> <span class='ocrx_word' id='word_1_403' title='bbox 862 4637 1179 4694; x_wconf 88' lang='lat' dir='ltr'><strong>testimoniis</strong></span> <span class='ocrx_word' id='word_1_404' title='bbox 1217 4637 1460 4694; x_wconf 89' lang='lat' dir='ltr'><strong>dubitare</strong></span> <span class='ocrx_word' id='word_1_405' title='bbox 1497 4655 1602 4694; x_wconf 88' lang='lat' dir='ltr'><strong>non</strong></span> <span class='ocrx_word' id='word_1_406' title='bbox 1650 4653 1896 4710; x_wconf 91' lang='lat' dir='ltr'><strong>possum,</strong></span> <span class='ocrx_word' id='word_1_407' title='bbox 1953 4656 2052 4697; x_wconf 88' lang='lat' dir='ltr'><strong>nec</strong></span> 
     </span>
    </p>
   </div>
   <div class='ocr_carea' id='block_1_51' title="bbox 483 4729 2054 4802">
    <p class='ocr_par' dir='ltr' id='par_1_51' title="bbox 483 4729 2054 4802">
     <span class='ocr_line' id='line_1_51' title="bbox 483 4729 2054 4802; baseline 0.003 -18"><span class='ocrx_word' id='word_1_408' title='bbox 483 4729 649 4785; x_wconf 90' lang='lat' dir='ltr'><strong>Deum</strong></span> <span class='ocrx_word' id='word_1_409' title='bbox 695 4729 893 4800; x_wconf 91' lang='lat' dir='ltr'><strong>aliquid</strong></span> <span class='ocrx_word' id='word_1_410' title='bbox 938 4729 1266 4802; x_wconf 88' lang='lat' dir='ltr'><strong>impossibile</strong></span> <span class='ocrx_word' id='word_1_411' title='bbox 1307 4729 1508 4785; x_wconf 88' lang='lat' dir='ltr'><strong>homini</strong></span> <span class='ocrx_word' id='word_1_412' title='bbox 1563 4731 1894 4800; x_wconf 62' lang='lat' dir='ltr'><strong>praecepisse,</strong></span> <span class='ocrx_word' id='word_1_413' title='bbox 1955 4747 2054 4788; x_wconf 90' lang='lat' dir='ltr'><strong>nec</strong></span> 
     </span>
    </p>
   </div>
   <div class='ocr_carea' id='block_1_52' title="bbox 483 4819 2052 4894">
    <p class='ocr_par' dir='ltr' id='par_1_52' title="bbox 483 4819 2052 4894">
     <span class='ocr_line' id='line_1_52' title="bbox 483 4819 2052 4894; baseline 0.001 -18"><span class='ocrx_word' id='word_1_414' title='bbox 483 4820 592 4876; x_wconf 88' lang='lat' dir='ltr'><strong>Deo</strong></span> <span class='ocrx_word' id='word_1_415' title='bbox 635 4820 700 4876; x_wconf 89' lang='lat' dir='ltr'><strong>ad</strong></span> <span class='ocrx_word' id='word_1_416' title='bbox 752 4821 1117 4892; x_wconf 87' lang='lat' dir='ltr'><strong>epitulandum</strong></span> <span class='ocrx_word' id='word_1_417' title='bbox 1166 4831 1219 4877; x_wconf 94' lang='lat' dir='ltr'><strong>et</strong></span> <span class='ocrx_word' id='word_1_418' title='bbox 1243 4819 1621 4892; x_wconf 89' lang='lat' dir='ltr'><strong>adjuvandnm,</strong></span> <span class='ocrx_word' id='word_1_419' title='bbox 1665 4837 1772 4893; x_wconf 91' lang='lat' dir='ltr'><strong>quo</strong></span> <span class='ocrx_word' id='word_1_420' title='bbox 1797 4821 1886 4878; x_wconf 90' lang='lat' dir='ltr'><strong>ﬁat</strong></span> <span class='ocrx_word' id='word_1_421' title='bbox 1911 4823 2052 4894; x_wconf 91' lang='lat' dir='ltr'><strong>quod</strong></span> 
     </span>
    </p>
   </div>
   <div class='ocr_carea' id='block_1_53' title="bbox 478 4911 2055 4985">
    <p class='ocr_par' dir='ltr' id='par_1_53' title="bbox 478 4911 2055 4985">
     <span class='ocr_line' id='line_1_53' title="bbox 478 4911 2055 4985; baseline 0.003 -20"><span class='ocrx_word' id='word_1_422' title='bbox 478 4913 647 4985; x_wconf 82' lang='lat' dir='ltr'><strong>jubet,</strong></span> <span class='ocrx_word' id='word_1_423' title='bbox 699 4913 1024 4983; x_wconf 88' lang='lat' dir='ltr'><strong>impossibile</strong></span> <span class='ocrx_word' id='word_1_424' title='bbox 1063 4911 1259 4983; x_wconf 87' lang='lat' dir='ltr'><strong>aliquid</strong></span> <span class='ocrx_word' id='word_1_425' title='bbox 1304 4927 1444 4968; x_wconf 87' lang='lat' dir='ltr'><strong>esse.</strong></span> <span class='ocrx_word' id='word_1_426' title='bbox 1485 4913 1562 4968; x_wconf 86' lang='lat' dir='ltr'><strong>Ac</strong></span> <span class='ocrx_word' id='word_1_427' title='bbox 1600 4929 1694 4984; x_wconf 88' lang='lat' dir='ltr'><strong>per</strong></span> <span class='ocrx_word' id='word_1_428' title='bbox 1737 4913 1839 4969; x_wconf 90' lang='lat' dir='ltr'><strong>hoc</strong></span> <span class='ocrx_word' id='word_1_429' title='bbox 1881 4923 2055 4984; x_wconf 91' lang='lat' dir='ltr'><strong>potest</strong></span> 
     </span>
    </p>
   </div>
   <div class='ocr_carea' id='block_1_54' title="bbox 481 5002 1930 5074">
    <p class='ocr_par' dir='ltr' id='par_1_54' title="bbox 481 5002 1930 5074">
     <span class='ocr_line' id='line_1_54' title="bbox 481 5002 1930 5074; baseline 0.001 -18"><span class='ocrx_word' id='word_1_430' title='bbox 481 5003 658 5066; x_wconf 84' lang='lat' dir='ltr'><strong>homo,</strong></span> <span class='ocrx_word' id='word_1_431' title='bbox 689 5003 735 5056; x_wconf 89' lang='lat' dir='ltr'><strong>si</strong></span> <span class='ocrx_word' id='word_1_432' title='bbox 761 5003 909 5066; x_wconf 85' lang='lat' dir='ltr'><strong>velit,</strong></span> <span class='ocrx_word' id='word_1_433' title='bbox 934 5017 1054 5058; x_wconf 91' lang='lat' dir='ltr'><strong>esse</strong></span> <span class='ocrx_word' id='word_1_434' title='bbox 1082 5002 1199 5058; x_wconf 89' lang='lat' dir='ltr'><strong>sine</strong></span> <span class='ocrx_word' id='word_1_435' title='bbox 1229 5007 1467 5072; x_wconf 79' lang='lat' dir='ltr'><strong>peccato;</strong></span> <span class='ocrx_word' id='word_1_436' title='bbox 1499 5002 1710 5074; x_wconf 89' lang='lat' dir='ltr'><strong>adjutus</strong></span> <span class='ocrx_word' id='word_1_437' title='bbox 1737 5019 1768 5058; x_wconf 89' lang='lat' dir='ltr'><strong>a</strong></span> <span class='ocrx_word' id='word_1_438' title='bbox 1800 5004 1930 5060; x_wconf 93' lang='lat' dir='ltr'><strong>Deo.</strong></span> 
     </span>
    </p>
   </div>
   <div class='ocr_carea' id='block_1_55' title="bbox 549 5091 2056 5166">
    <p class='ocr_par' dir='ltr' id='par_1_55' title="bbox 549 5091 2056 5166">
     <span class='ocr_line' id='line_1_55' title="bbox 549 5091 2056 5166; baseline 0.004 -20"><span class='ocrx_word' id='word_1_439' title='bbox 549 5092 774 5149; x_wconf 82' lang='lat' dir='ltr'><strong>CAPUT</strong></span> <span class='ocrx_word' id='word_1_440' title='bbox 801 5091 907 5148; x_wconf 77' lang='lat' dir='ltr'><strong>VII.</strong></span> <span class='ocrx_word' id='word_1_441' title='bbox 933 5123 1006 5134; x_wconf 92' lang='lat'><strong>—</strong></span> <span class='ocrx_word' id='word_1_442' title='bbox 1028 5094 1082 5149; x_wconf 87' lang='lat'><strong>8.-</strong></span> <span class='ocrx_word' id='word_1_443' title='bbox 1107 5091 1346 5148; x_wconf 78' lang='lat' dir='ltr'><strong>Secunda</strong></span> <span class='ocrx_word' id='word_1_444' title='bbox 1386 5095 1594 5166; x_wconf 67' lang='lat' dir='ltr'><strong>questio</strong></span> <span class='ocrx_word' id='word_1_445' title='bbox 1617 5136 1632 5158; x_wconf 96' lang='lat'><strong>,</strong></span> <span class='ocrx_word' id='word_1_446' title='bbox 1659 5111 1725 5149; x_wconf 82' lang='lat' dir='ltr'><strong>an</strong></span> <span class='ocrx_word' id='word_1_447' title='bbox 1767 5097 1831 5150; x_wconf 86' lang='lat' dir='ltr'><strong>sit</strong></span> <span class='ocrx_word' id='word_1_448' title='bbox 1873 5095 2056 5163; x_wconf 88' lang='lat' dir='ltr'><strong>aliquis</strong></span> 
     </span>
    </p>
   </div>
   <div class='ocr_carea' id='block_1_56' title="bbox 443 5170 2055 5256">
    <p class='ocr_par' dir='ltr' id='par_1_56' title="bbox 443 5170 2055 5256">
     <span class='ocr_line' id='line_1_56' title="bbox 443 5170 2055 5256; baseline 0.006 -24"><span class='ocrx_word' id='word_1_449' title='bbox 443 5170 448 5177; x_wconf 84' lang='grc'><em>’</em></span> <span class='ocrx_word' id='word_1_450' title='bbox 481 5183 628 5235; x_wconf 86' lang='lat' dir='ltr'><strong>homo</strong></span> <span class='ocrx_word' id='word_1_451' title='bbox 653 5183 760 5238; x_wconf 90' lang='lat' dir='ltr'><strong>sine</strong></span> <span class='ocrx_word' id='word_1_452' title='bbox 784 5195 986 5254; x_wconf 87' lang='lat' dir='ltr'><strong>peccato</strong></span> <span class='ocrx_word' id='word_1_453' title='bbox 1010 5185 1062 5238; x_wconf 85' lang='lat' dir='ltr'><strong>in</strong></span> <span class='ocrx_word' id='word_1_454' title='bbox 1099 5184 1194 5238; x_wconf 81' lang='lat' dir='ltr'><strong>hac</strong></span> <span class='ocrx_word' id='word_1_455' title='bbox 1223 5185 1343 5240; x_wconf 84' lang='lat' dir='ltr'><strong>vita.</strong></span> <span class='ocrx_word' id='word_1_456' title='bbox 1367 5184 1426 5240; x_wconf 88' lang='lat' dir='ltr'><strong>Si</strong></span> <span class='ocrx_word' id='word_1_457' title='bbox 1453 5195 1630 5242; x_wconf 89' lang='lat' dir='ltr'><strong>autem</strong></span> <span class='ocrx_word' id='word_1_458' title='bbox 1655 5185 1794 5256; x_wconf 90' lang='lat' dir='ltr'><strong>quod</strong></span> <span class='ocrx_word' id='word_1_459' title='bbox 1821 5186 2055 5242; x_wconf 88' lang='lat' dir='ltr'><strong>secundo</strong></span> 
     </span>
    </p>
   </div>
   <div class='ocr_carea' id='block_1_57' title="bbox 479 5377 2050 5486">
    <p class='ocr_par' dir='ltr' id='par_1_57' title="bbox 479 5377 2050 5486">
     <span class='ocr_line' id='line_1_57' title="bbox 479 5377 2050 5486; baseline 0.004 -61"><span class='ocrx_word' id='word_1_460' title='bbox 479 5377 572 5486; x_wconf 59' lang='lat'><strong>&quot;0;</strong></span> <span class='ocrx_word' id='word_1_461' title='bbox 597 5383 647 5426; x_wconf 89' lang='lat' dir='ltr'><strong>In</strong></span> <span class='ocrx_word' id='word_1_462' title='bbox 669 5379 893 5430; x_wconf 85' lang='lat' dir='ltr'><strong>omnibus</strong></span> <span class='ocrx_word' id='word_1_463' title='bbox 910 5389 1260 5445; x_wconf 72' lang='lat' dir='ltr'><strong>manusm1ptts,</strong></span> <span class='ocrx_word' id='word_1_464' title='bbox 1283 5379 1424 5434; x_wconf 67' lang='lat' dir='ltr'><strong>illum</strong></span> <span class='ocrx_word' id='word_1_465' title='bbox 1442 5388 1601 5434; x_wconf 84' lang='lat' dir='ltr'><strong>autem</strong></span> <span class='ocrx_word' id='word_1_466' title='bbox 1622 5386 1835 5444; x_wconf 66' lang='lat' dir='ltr'><strong>toruum;</strong></span> <span class='ocrx_word' id='word_1_467' title='bbox 1856 5382 2050 5444; x_wconf 89' lang='lat' dir='ltr'><strong>omisso,</strong></span> 
     </span>
    </p>
   </div>
   <div class='ocr_carea' id='block_1_58' title="bbox 544 5501 2052 5574">
    <p class='ocr_par' dir='ltr' id='par_1_58' title="bbox 544 5501 2052 5574">
     <span class='ocr_line' id='line_1_58' title="bbox 544 5501 2052 5574; baseline 0.006 -29"><span class='ocrx_word' id='word_1_468' title='bbox 544 5501 564 5574; x_wconf 67' lang='grc' dir='ltr'><strong>ξ</strong></span> <span class='ocrx_word' id='word_1_469' title='bbox 594 5507 992 5574; x_wconf 41' lang='lat' dir='ltr'><strong>ancs‘rnrsutp</strong></span> <span class='ocrx_word' id='word_1_470' title='bbox 1028 5510 1176 5574; x_wconf 70' lang='lat' dir='ltr'><strong>nostri</strong></span> <span class='ocrx_word' id='word_1_471' title='bbox 1199 5505 1505 5568; x_wconf 63' lang='lat' dir='ltr'><strong>amanscripti</strong></span> <span class='ocrx_word' id='word_1_472' title='bbox 1529 5506 1606 5554; x_wconf 86' lang='lat' dir='ltr'><strong>hic</strong></span> <span class='ocrx_word' id='word_1_473' title='bbox 1625 5505 1876 5567; x_wconf 85' lang='lat' dir='ltr'><strong>omittunt,</strong></span> <span class='ocrx_word' id='word_1_474' title='bbox 1901 5518 2052 5570; x_wconf 82' lang='lat' dir='ltr'><strong>posse.</strong></span> 
     </span>
    </p>
   </div>
   <div class='ocr_carea' id='block_1_59' title="bbox 545 5560 1220 5617">
    <p class='ocr_par' dir='ltr' id='par_1_59' title="bbox 545 5560 1220 5617">
     <span class='ocr_line' id='line_1_59' title="bbox 545 5560 1220 5617; baseline 0.003 -10"><span class='ocrx_word' id='word_1_475' title='bbox 545 5560 565 5592; x_wconf 85' lang='grc'><em>³</em></span> <span class='ocrx_word' id='word_1_476' title='bbox 596 5566 724 5617; x_wconf 66' lang='lat' dir='ltr'><strong>Mss,</strong></span> <span class='ocrx_word' id='word_1_477' title='bbox 750 5567 796 5610; x_wconf 83' lang='lat' dir='ltr'><strong>ut</strong></span> <span class='ocrx_word' id='word_1_478' title='bbox 818 5574 910 5611; x_wconf 85' lang='lat' dir='ltr'><strong>non</strong></span> <span class='ocrx_word' id='word_1_479' title='bbox 932 5561 1220 5614; x_wconf 79' lang='lat' dir='ltr'><strong>dominetur.</strong></span> 
     </span>
    </p>
   </div>
   <div class='ocr_carea' id='block_1_60' title="bbox 544 5621 1422 5683">
    <p class='ocr_par' dir='ltr' id='par_1_60' title="bbox 544 5621 1422 5683">
     <span class='ocr_line' id='line_1_60' title="bbox 544 5621 1422 5683; baseline 0.009 -19"><span class='ocrx_word' id='word_1_480' title='bbox 544 5621 567 5683; x_wconf 51' lang='grc' dir='ltr'>ξ</span> <span class='ocrx_word' id='word_1_481' title='bbox 600 5627 728 5683; x_wconf 50' lang='lat' dir='ltr'><strong>tinus</strong></span> <span class='ocrx_word' id='word_1_482' title='bbox 745 5635 774 5669; x_wconf 89' lang='lat' dir='ltr'><strong>e</strong></span> <span class='ocrx_word' id='word_1_483' title='bbox 800 5624 1030 5671; x_wconf 78' lang='lat' dir='ltr'><strong>Vaticanis</strong></span> <span class='ocrx_word' id='word_1_484' title='bbox 1052 5631 1175 5683; x_wconf 56' lang='lat' dir='ltr'><strong>Mss,</strong></span> <span class='ocrx_word' id='word_1_485' title='bbox 1200 5623 1422 5674; x_wconf 78' lang='lat' dir='ltr'><strong>dantime.</strong></span> 
     </span>
    </p>
   </div>
   <div class='ocr_carea' id='block_1_61' title="bbox 545 5681 1447 5746">
    <p class='ocr_par' dir='ltr' id='par_1_61' title="bbox 545 5681 1447 5746">
     <span class='ocr_line' id='line_1_61' title="bbox 545 5681 1447 5746; baseline 0.008 -18"><span class='ocrx_word' id='word_1_486' title='bbox 545 5681 565 5716; x_wconf 78' lang='grc'><strong>⁸</strong></span> <span class='ocrx_word' id='word_1_487' title='bbox 599 5681 646 5728; x_wconf 88' lang='lat' dir='ltr'><strong>Id</strong></span> <span class='ocrx_word' id='word_1_488' title='bbox 669 5683 807 5732; x_wconf 70' lang='lat' dir='ltr'><strong>abest</strong></span> <span class='ocrx_word' id='word_1_489' title='bbox 832 5696 858 5730; x_wconf 82' lang='lat' dir='ltr'><strong>a</strong></span> <span class='ocrx_word' id='word_1_490' title='bbox 877 5689 978 5731; x_wconf 68' lang='lat' dir='ltr'><strong>Mss.</strong></span> <span class='ocrx_word' id='word_1_491' title='bbox 1007 5683 1120 5733; x_wconf 79' lang='lat' dir='ltr'><strong>\‘ide</strong></span> <span class='ocrx_word' id='word_1_492' title='bbox 1143 5681 1280 5746; x_wconf 80' lang='lat' dir='ltr'><strong>infra,</strong></span> <span class='ocrx_word' id='word_1_493' title='bbox 1301 5700 1348 5732; x_wconf 95' lang='lat' dir='ltr'><strong>n.</strong></span> <span class='ocrx_word' id='word_1_494' title='bbox 1373 5687 1447 5735; x_wconf 79' lang='lat'><strong>37.</strong></span> 
     </span>
    </p>
   </div>
   <div class='ocr_carea' id='block_1_62' title="bbox 1089 267 3072 352">
    <p class='ocr_par' dir='ltr' id='par_1_62' title="bbox 1089 267 3072 352">
     <span class='ocr_line' id='line_1_62' title="bbox 1089 267 3072 352; baseline -0.007 0"><span class='ocrx_word' id='word_1_495' title='bbox 1089 297 1178 352; x_wconf 87' lang='lat' dir='ltr'><strong>DE</strong></span> <span class='ocrx_word' id='word_1_496' title='bbox 1215 293 1668 350; x_wconf 76' lang='lat' dir='ltr'><strong>PECCATOliUM</strong></span> <span class='ocrx_word' id='word_1_497' title='bbox 1709 288 1978 346; x_wconf 76' lang='lat' dir='ltr'><strong>lilERlTlS</strong></span> <span class='ocrx_word' id='word_1_498' title='bbox 2015 285 2103 342; x_wconf 73' lang='grc' dir='ltr'><strong>ΕΤ</strong></span> <span class='ocrx_word' id='word_1_499' title='bbox 2141 284 2567 350; x_wconf 65' lang='lat' dir='ltr'><strong>REMISSIONE,</strong></span> <span class='ocrx_word' id='word_1_500' title='bbox 2609 285 2665 342; x_wconf 91' lang='lat' dir='ltr'><strong>S.</strong></span> <span class='ocrx_word' id='word_1_501' title='bbox 2705 267 3072 342; x_wconf 58' lang='lat' dir='ltr'><strong>AUGUSTINI</strong></span> 
     </span>
    </p>
   </div>
   <div class='ocr_carea' id='block_1_63' title="bbox 3607 285 3710 344">
    <p class='ocr_par' dir='ltr' id='par_1_63' title="bbox 3607 285 3710 344">
     <span class='ocr_line' id='line_1_63' title="bbox 3607 285 3710 344; baseline 0.039 -4"><span class='ocrx_word' id='word_1_502' title='bbox 3607 285 3710 344; x_wconf 71' lang='grc'><strong>156</strong></span> 
     </span>
    </p>
   </div>
   <div class='ocr_carea' id='block_1_64' title="bbox 2136 396 3708 467">
    <p class='ocr_par' dir='ltr' id='par_1_64' title="bbox 2136 396 3708 467">
     <span class='ocr_line' id='line_1_64' title="bbox 2136 396 3708 467; baseline 0.002 -18"><span class='ocrx_word' id='word_1_503' title='bbox 2136 396 2252 451; x_wconf 91' lang='lat' dir='ltr'><strong>loco</strong></span> <span class='ocrx_word' id='word_1_504' title='bbox 2277 410 2576 466; x_wconf 88' lang='lat' dir='ltr'><strong>posueram,</strong></span> <span class='ocrx_word' id='word_1_505' title='bbox 2605 406 2868 467; x_wconf 71' lang='lat' dir='ltr'><strong>quaeratur</strong></span> <span class='ocrx_word' id='word_1_506' title='bbox 2895 405 3069 452; x_wconf 88' lang='lat' dir='ltr'><strong>utrum</strong></span> <span class='ocrx_word' id='word_1_507' title='bbox 3099 396 3196 462; x_wconf 74' lang='lat' dir='ltr'><strong>sit&quot;,</strong></span> <span class='ocrx_word' id='word_1_508' title='bbox 3229 411 3349 452; x_wconf 82' lang='lat' dir='ltr'><strong>esse</strong></span> <span class='ocrx_word' id='word_1_509' title='bbox 3375 411 3479 452; x_wconf 90' lang='lat' dir='ltr'><strong>non</strong></span> <span class='ocrx_word' id='word_1_510' title='bbox 3521 397 3708 452; x_wconf 85' lang='lat' dir='ltr'><strong>credo.</strong></span> 
     </span>
    </p>
   </div>
   <div class='ocr_carea' id='block_1_65' title="bbox 2137 485 3710 559">
    <p class='ocr_par' dir='ltr' id='par_1_65' title="bbox 2137 485 3710 559">
     <span class='ocr_line' id='line_1_65' title="bbox 2137 485 3710 559; baseline 0.001 -19"><span class='ocrx_word' id='word_1_511' title='bbox 2137 487 2300 556; x_wconf 70' lang='lat' dir='ltr'><strong>Magis</strong></span> <span class='ocrx_word' id='word_1_512' title='bbox 2322 487 2462 542; x_wconf 89' lang='lat' dir='ltr'><strong>enim</strong></span> <span class='ocrx_word' id='word_1_513' title='bbox 2489 487 2650 542; x_wconf 88' lang='lat' dir='ltr'><strong>credo</strong></span> <span class='ocrx_word' id='word_1_514' title='bbox 2675 487 2964 558; x_wconf 72' lang='lat' dir='ltr'><strong>Scriptura)</strong></span> <span class='ocrx_word' id='word_1_515' title='bbox 3000 487 3216 554; x_wconf 88' lang='lat' dir='ltr'><strong>dicenti,</strong></span> <span class='ocrx_word' id='word_1_516' title='bbox 3251 485 3334 541; x_wconf 82' lang='lat' dir='ltr'><strong>Nc</strong></span> <span class='ocrx_word' id='word_1_517' title='bbox 3365 488 3519 542; x_wconf 85' lang='lat' dir='ltr'><strong>intres</strong></span> <span class='ocrx_word' id='word_1_518' title='bbox 3549 489 3602 542; x_wconf 86' lang='lat' dir='ltr'><strong>in</strong></span> <span class='ocrx_word' id='word_1_519' title='bbox 3615 490 3710 559; x_wconf 85' lang='lat' dir='ltr'><strong>ju-</strong></span> 
     </span>
    </p>
   </div>
   <div class='ocr_carea' id='block_1_66' title="bbox 2137 577 3712 647">
    <p class='ocr_par' dir='ltr' id='par_1_66' title="bbox 2137 577 3712 647">
     <span class='ocr_line' id='line_1_66' title="bbox 2137 577 3712 647; baseline 0.002 -18"><span class='ocrx_word' id='word_1_520' title='bbox 2137 578 2324 632; x_wconf 84' lang='lat' dir='ltr'><strong>dicium</strong></span> <span class='ocrx_word' id='word_1_521' title='bbox 2351 593 2462 630; x_wconf 86' lang='lat' dir='ltr'><strong>cum</strong></span> <span class='ocrx_word' id='word_1_522' title='bbox 2482 594 2622 632; x_wconf 83' lang='lat' dir='ltr'><strong>servo</strong></span> <span class='ocrx_word' id='word_1_523' title='bbox 2644 587 2748 640; x_wconf 86' lang='lat' dir='ltr'><strong>tuo,</strong></span> <span class='ocrx_word' id='word_1_524' title='bbox 2772 577 3007 647; x_wconf 86' lang='lat' dir='ltr'><strong>quoniam</strong></span> <span class='ocrx_word' id='word_1_525' title='bbox 3029 593 3128 630; x_wconf 86' lang='lat' dir='ltr'><strong>non</strong></span> <span class='ocrx_word' id='word_1_526' title='bbox 3139 577 3502 646; x_wconf 78' lang='lat' dir='ltr'><strong>justiﬁcabitur</strong></span> <span class='ocrx_word' id='word_1_527' title='bbox 3519 578 3572 631; x_wconf 90' lang='lat' dir='ltr'><strong>in</strong></span> <span class='ocrx_word' id='word_1_528' title='bbox 3589 593 3712 632; x_wconf 82' lang='lat' dir='ltr'><strong>con-</strong></span> 
     </span>
    </p>
   </div>
   <div class='ocr_carea' id='block_1_67' title="bbox 2136 665 3713 738">
    <p class='ocr_par' dir='ltr' id='par_1_67' title="bbox 2136 665 3713 738">
     <span class='ocr_line' id='line_1_67' title="bbox 2136 665 3713 738; baseline 0.001 -17"><span class='ocrx_word' id='word_1_529' title='bbox 2136 679 2308 737; x_wconf 74' lang='lat' dir='ltr'><strong>spectu</strong></span> <span class='ocrx_word' id='word_1_530' title='bbox 2331 677 2416 721; x_wconf 88' lang='lat' dir='ltr'><strong>tuo</strong></span> <span class='ocrx_word' id='word_1_531' title='bbox 2435 668 2595 721; x_wconf 86' lang='lat' dir='ltr'><strong>onmis</strong></span> <span class='ocrx_word' id='word_1_532' title='bbox 2623 668 2788 722; x_wconf 87' lang='lat' dir='ltr'><strong>vivens</strong></span> <span class='ocrx_word' id='word_1_533' title='bbox 2820 666 2988 738; x_wconf 86' lang='lat' dir='ltr'><strong>(Psal.</strong></span> <span class='ocrx_word' id='word_1_534' title='bbox 3017 681 3180 733; x_wconf 77' lang='lat' dir='ltr'><strong>cxut,</strong></span> <span class='ocrx_word' id='word_1_535' title='bbox 3203 665 3282 736; x_wconf 63' lang='grc' dir='ltr'><strong>ἓ).</strong></span> <span class='ocrx_word' id='word_1_536' title='bbox 3313 665 3383 719; x_wconf 85' lang='lat' dir='ltr'><strong>Et</strong></span> <span class='ocrx_word' id='word_1_537' title='bbox 3407 665 3526 721; x_wconf 90' lang='lat' dir='ltr'><strong>ideo</strong></span> <span class='ocrx_word' id='word_1_538' title='bbox 3551 667 3713 722; x_wconf 82' lang='lat' dir='ltr'><strong>mise-</strong></span> 
     </span>
    </p>
   </div>
   <div class='ocr_carea' id='block_1_68' title="bbox 2138 757 3717 828">
    <p class='ocr_par' dir='ltr' id='par_1_68' title="bbox 2138 757 3717 828">
     <span class='ocr_line' id='line_1_68' title="bbox 2138 757 3717 828; baseline 0 -16"><span class='ocrx_word' id='word_1_539' title='bbox 2138 758 2363 812; x_wconf 91' lang='lat' dir='ltr'><strong>ricordia</strong></span> <span class='ocrx_word' id='word_1_540' title='bbox 2393 758 2482 813; x_wconf 88' lang='lat' dir='ltr'><strong>Dei</strong></span> <span class='ocrx_word' id='word_1_541' title='bbox 2509 773 2642 828; x_wconf 90' lang='lat' dir='ltr'><strong>opus</strong></span> <span class='ocrx_word' id='word_1_542' title='bbox 2665 768 2747 813; x_wconf 88' lang='lat' dir='ltr'><strong>est</strong></span> <span class='ocrx_word' id='word_1_543' title='bbox 2763 799 2778 822; x_wconf 96' lang='lat'><strong>,</strong></span> <span class='ocrx_word' id='word_1_544' title='bbox 2809 773 2928 828; x_wconf 72' lang='lat' dir='ltr'><strong>qua:</strong></span> <span class='ocrx_word' id='word_1_545' title='bbox 2951 758 3308 827; x_wconf 81' lang='lat' dir='ltr'><strong>superexaltat</strong></span> <span class='ocrx_word' id='word_1_546' title='bbox 3331 757 3529 827; x_wconf 85' lang='lat' dir='ltr'><strong>judicio</strong></span> <span class='ocrx_word' id='word_1_547' title='bbox 3549 799 3565 824; x_wconf 89' lang='lat'><strong>,</strong></span> <span class='ocrx_word' id='word_1_548' title='bbox 3593 773 3717 828; x_wconf 65' lang='lat' dir='ltr'><strong>quae</strong></span> 
     </span>
    </p>
   </div>
   <div class='ocr_carea' id='block_1_69' title="bbox 2141 838 3712 920">
    <p class='ocr_par' dir='ltr' id='par_1_69' title="bbox 2141 838 3712 920">
     <span class='ocr_line' id='line_1_69' title="bbox 2141 838 3712 920; baseline 0.001 -20"><span class='ocrx_word' id='word_1_549' title='bbox 2141 848 2212 902; x_wconf 89' lang='lat' dir='ltr'><strong>illi</strong></span> <span class='ocrx_word' id='word_1_550' title='bbox 2245 865 2348 903; x_wconf 75' lang='lat' dir='ltr'><strong>ttnlt</strong></span> <span class='ocrx_word' id='word_1_551' title='bbox 2376 849 2477 904; x_wconf 90' lang='lat' dir='ltr'><strong>erit</strong></span> <span class='ocrx_word' id='word_1_552' title='bbox 2517 849 2605 919; x_wconf 92' lang='lat' dir='ltr'><strong>qui</strong></span> <span class='ocrx_word' id='word_1_553' title='bbox 2649 864 2754 906; x_wconf 90' lang='lat' dir='ltr'><strong>non</strong></span> <span class='ocrx_word' id='word_1_554' title='bbox 2799 849 2927 904; x_wconf 77' lang='lat' dir='ltr'><strong>facit</strong></span> <span class='ocrx_word' id='word_1_555' title='bbox 2968 838 3388 904; x_wconf 85' lang='lat' dir='ltr'><strong>misericordiam</strong></span> <span class='ocrx_word' id='word_1_556' title='bbox 3419 847 3624 920; x_wconf 77' lang='lat' dir='ltr'><strong>(Jacobi</strong></span> <span class='ocrx_word' id='word_1_557' title='bbox 3651 865 3712 916; x_wconf 84' lang='lat' dir='ltr'><strong>tt,</strong></span> 
     </span>
    </p>
   </div>
   <div class='ocr_carea' id='block_1_70' title="bbox 2141 937 3718 1010">
    <p class='ocr_par' dir='ltr' id='par_1_70' title="bbox 2141 937 3718 1010">
     <span class='ocr_line' id='line_1_70' title="bbox 2141 937 3718 1010; baseline -0.002 -17"><span class='ocrx_word' id='word_1_558' title='bbox 2141 939 2252 1010; x_wconf 73' lang='lat' dir='ltr'><strong>l5).</strong></span> <span class='ocrx_word' id='word_1_559' title='bbox 2285 939 2350 992; x_wconf 82' lang='lat' dir='ltr'><strong>Et</strong></span> <span class='ocrx_word' id='word_1_560' title='bbox 2367 939 2505 1009; x_wconf 89' lang='lat' dir='ltr'><strong>quod</strong></span> <span class='ocrx_word' id='word_1_561' title='bbox 2527 939 2777 1009; x_wconf 89' lang='lat' dir='ltr'><strong>propheta</strong></span> <span class='ocrx_word' id='word_1_562' title='bbox 2797 955 2918 994; x_wconf 90' lang='lat' dir='ltr'><strong>cum</strong></span> <span class='ocrx_word' id='word_1_563' title='bbox 2946 938 3166 1003; x_wconf 88' lang='lat' dir='ltr'><strong>diceret,</strong></span> <span class='ocrx_word' id='word_1_564' title='bbox 3193 937 3336 1006; x_wconf 79' lang='lat' dir='ltr'><strong>Dixi,</strong></span> <span class='ocrx_word' id='word_1_565' title='bbox 3365 937 3718 992; x_wconf 83' lang='lat' dir='ltr'><strong>Pronuntiabo</strong></span> 
     </span>
    </p>
   </div>
   <div class='ocr_carea' id='block_1_71' title="bbox 2139 1029 3718 1097">
    <p class='ocr_par' dir='ltr' id='par_1_71' title="bbox 2139 1029 3718 1097">
     <span class='ocr_line' id='line_1_71' title="bbox 2139 1029 3718 1097; baseline 0.001 -15"><span class='ocrx_word' id='word_1_566' title='bbox 2139 1029 2377 1084; x_wconf 73' lang='lat' dir='ltr'><strong>adversus</strong></span> <span class='ocrx_word' id='word_1_567' title='bbox 2425 1045 2504 1084; x_wconf 82' lang='lat' dir='ltr'><strong>me</strong></span> <span class='ocrx_word' id='word_1_568' title='bbox 2544 1029 2778 1085; x_wconf 82' lang='lat' dir='ltr'><strong>delictum</strong></span> <span class='ocrx_word' id='word_1_569' title='bbox 2825 1046 2990 1085; x_wconf 84' lang='lat' dir='ltr'><strong>meum</strong></span> <span class='ocrx_word' id='word_1_570' title='bbox 3029 1029 3268 1097; x_wconf 87' lang='lat' dir='ltr'><strong>Domino,</strong></span> <span class='ocrx_word' id='word_1_571' title='bbox 3313 1040 3360 1084; x_wconf 88' lang='lat' dir='ltr'><strong>et</strong></span> <span class='ocrx_word' id='word_1_572' title='bbox 3399 1039 3452 1084; x_wconf 91' lang='lat' dir='ltr'><strong>tu</strong></span> <span class='ocrx_word' id='word_1_573' title='bbox 3477 1029 3718 1084; x_wconf 85' lang='lat' dir='ltr'><strong>dimisisti</strong></span> 
     </span>
    </p>
   </div>
   <div class='ocr_carea' id='block_1_72' title="bbox 2140 1111 3718 1190">
    <p class='ocr_par' dir='ltr' id='par_1_72' title="bbox 2140 1111 3718 1190">
     <span class='ocr_line' id='line_1_72' title="bbox 2140 1111 3718 1190; baseline 0 -18"><span class='ocrx_word' id='word_1_574' title='bbox 2140 1119 2442 1190; x_wconf 74' lang='lat' dir='ltr'><strong>impietatem</strong></span> <span class='ocrx_word' id='word_1_575' title='bbox 2477 1121 2642 1174; x_wconf 84' lang='lat' dir='ltr'><strong>cordis</strong></span> <span class='ocrx_word' id='word_1_576' title='bbox 2687 1121 2818 1186; x_wconf 87' lang='lat' dir='ltr'><strong>mei;</strong></span> <span class='ocrx_word' id='word_1_577' title='bbox 2864 1121 3118 1176; x_wconf 89' lang='lat' dir='ltr'><strong>continuo</strong></span> <span class='ocrx_word' id='word_1_578' title='bbox 3152 1120 3454 1190; x_wconf 79' lang='lat' dir='ltr'><strong>subjunxit,</strong></span> <span class='ocrx_word' id='word_1_579' title='bbox 3493 1119 3594 1174; x_wconf 87' lang='lat' dir='ltr'><strong>Pro</strong></span> <span class='ocrx_word' id='word_1_580' title='bbox 3618 1111 3718 1174; x_wconf 76' lang='lat' dir='ltr'><strong>hac</strong></span> 
     </span>
    </p>
   </div>
   <div class='ocr_carea' id='block_1_73' title="bbox 2141 1211 3782 1282">
    <p class='ocr_par' dir='ltr' id='par_1_73' title="bbox 2141 1211 3782 1282">
     <span class='ocr_line' id='line_1_73' title="bbox 2141 1211 3782 1282; baseline 0.001 -18"><span class='ocrx_word' id='word_1_581' title='bbox 2141 1211 2299 1264; x_wconf 88' lang='lat' dir='ltr'><strong>orabit</strong></span> <span class='ocrx_word' id='word_1_582' title='bbox 2328 1211 2395 1263; x_wconf 87' lang='lat' dir='ltr'><strong>ad</strong></span> <span class='ocrx_word' id='word_1_583' title='bbox 2420 1221 2466 1264; x_wconf 86' lang='lat' dir='ltr'><strong>te</strong></span> <span class='ocrx_word' id='word_1_584' title='bbox 2491 1215 2654 1266; x_wconf 82' lang='lat' dir='ltr'><strong>antnis</strong></span> <span class='ocrx_word' id='word_1_585' title='bbox 2679 1222 2882 1267; x_wconf 84' lang='lat' dir='ltr'><strong>sanctus</strong></span> <span class='ocrx_word' id='word_1_586' title='bbox 2905 1212 2959 1265; x_wconf 87' lang='lat' dir='ltr'><strong>in</strong></span> <span class='ocrx_word' id='word_1_587' title='bbox 2987 1223 3208 1282; x_wconf 85' lang='lat' dir='ltr'><strong>tempore</strong></span> <span class='ocrx_word' id='word_1_588' title='bbox 3234 1221 3516 1282; x_wconf 80' lang='lat' dir='ltr'><strong>Opportuna</strong></span> <span class='ocrx_word' id='word_1_589' title='bbox 3542 1211 3716 1280; x_wconf 87' lang='lat' dir='ltr'><strong>(Psal.</strong></span> <span class='ocrx_word' id='word_1_590' title='bbox 3767 1236 3782 1245; x_wconf 54' lang='grc' dir='ltr'><strong><em>ρ</em></strong></span> 
     </span>
    </p>
   </div>
   <div class='ocr_carea' id='block_1_74' title="bbox 2142 1297 3720 1370">
    <p class='ocr_par' dir='ltr' id='par_1_74' title="bbox 2142 1297 3720 1370">
     <span class='ocr_line' id='line_1_74' title="bbox 2142 1297 3720 1370; baseline 0.004 -18"><span class='ocrx_word' id='word_1_591' title='bbox 2142 1314 2288 1365; x_wconf 75' lang='lat' dir='ltr'><strong>xxxi,</strong></span> <span class='ocrx_word' id='word_1_592' title='bbox 2321 1299 2374 1364; x_wconf 83' lang='lat'><strong>5,</strong></span> <span class='ocrx_word' id='word_1_593' title='bbox 2407 1297 2484 1370; x_wconf 87' lang='lat'><strong>6).</strong></span> <span class='ocrx_word' id='word_1_594' title='bbox 2530 1299 2644 1355; x_wconf 83' lang='lat' dir='ltr'><strong>Non</strong></span> <span class='ocrx_word' id='word_1_595' title='bbox 2687 1317 2816 1370; x_wconf 83' lang='lat' dir='ltr'><strong>ergo</strong></span> <span class='ocrx_word' id='word_1_596' title='bbox 2859 1302 3032 1356; x_wconf 89' lang='lat' dir='ltr'><strong>omnis</strong></span> <span class='ocrx_word' id='word_1_597' title='bbox 3075 1311 3356 1370; x_wconf 87' lang='lat' dir='ltr'><strong>peccator,</strong></span> <span class='ocrx_word' id='word_1_598' title='bbox 3403 1302 3496 1356; x_wconf 88' lang='lat' dir='ltr'><strong>sed</strong></span> <span class='ocrx_word' id='word_1_599' title='bbox 3541 1304 3720 1358; x_wconf 80' lang='lat' dir='ltr'><strong>omnis</strong></span> 
     </span>
    </p>
   </div>
   <div class='ocr_carea' id='block_1_75' title="bbox 2142 1390 3718 1463">
    <p class='ocr_par' dir='ltr' id='par_1_75' title="bbox 2142 1390 3718 1463">
     <span class='ocr_line' id='line_1_75' title="bbox 2142 1390 3718 1463; baseline 0.004 -23"><span class='ocrx_word' id='word_1_600' title='bbox 2142 1398 2355 1444; x_wconf 89' lang='lat' dir='ltr'><strong>sanctus</strong></span> <span class='ocrx_word' id='word_1_601' title='bbox 2387 1406 2401 1440; x_wconf 87' lang='lat'><strong>:</strong></span> <span class='ocrx_word' id='word_1_602' title='bbox 2433 1403 2532 1443; x_wconf 77' lang='lat' dir='ltr'><strong>vox</strong></span> <span class='ocrx_word' id='word_1_603' title='bbox 2558 1390 2700 1444; x_wconf 89' lang='lat' dir='ltr'><strong>enim</strong></span> <span class='ocrx_word' id='word_1_604' title='bbox 2741 1401 3043 1446; x_wconf 89' lang='lat' dir='ltr'><strong>sanctorum</strong></span> <span class='ocrx_word' id='word_1_605' title='bbox 3073 1399 3175 1457; x_wconf 89' lang='lat' dir='ltr'><strong>est,</strong></span> <span class='ocrx_word' id='word_1_606' title='bbox 3209 1391 3269 1448; x_wconf 87' lang='lat' dir='ltr'><strong>Si</strong></span> <span class='ocrx_word' id='word_1_607' title='bbox 3299 1393 3574 1447; x_wconf 67' lang='lat' dir='ltr'><strong>dixerimus</strong></span> <span class='ocrx_word' id='word_1_608' title='bbox 3598 1394 3718 1463; x_wconf 86' lang='lat' dir='ltr'><strong>quia</strong></span> 
     </span>
    </p>
   </div>
   <div class='ocr_carea' id='block_1_76' title="bbox 2143 1479 3720 1552">
    <p class='ocr_par' dir='ltr' id='par_1_76' title="bbox 2143 1479 3720 1552">
     <span class='ocr_line' id='line_1_76' title="bbox 2143 1479 3720 1552; baseline 0.005 -23"><span class='ocrx_word' id='word_1_609' title='bbox 2143 1489 2400 1548; x_wconf 81' lang='lat' dir='ltr'><strong>peccatum</strong></span> <span class='ocrx_word' id='word_1_610' title='bbox 2424 1495 2524 1532; x_wconf 87' lang='lat' dir='ltr'><strong>non</strong></span> <span class='ocrx_word' id='word_1_611' title='bbox 2555 1479 2791 1534; x_wconf 79' lang='lat' dir='ltr'><strong>habemus</strong></span> <span class='ocrx_word' id='word_1_612' title='bbox 2815 1521 2829 1546; x_wconf 90' lang='lat'><strong>,</strong></span> <span class='ocrx_word' id='word_1_613' title='bbox 2858 1497 2949 1534; x_wconf 84' lang='lat' dir='ltr'><strong>nos</strong></span> <span class='ocrx_word' id='word_1_614' title='bbox 2973 1481 3108 1550; x_wconf 82' lang='lat' dir='ltr'><strong>ipsos</strong></span> <span class='ocrx_word' id='word_1_615' title='bbox 3135 1481 3436 1552; x_wconf 72' lang='lat' dir='ltr'><strong>decipimus,</strong></span> <span class='ocrx_word' id='word_1_616' title='bbox 3467 1493 3512 1536; x_wconf 87' lang='lat' dir='ltr'><strong>et</strong></span> <span class='ocrx_word' id='word_1_617' title='bbox 3535 1484 3720 1538; x_wconf 84' lang='lat' dir='ltr'><strong>veritas</strong></span> 
     </span>
    </p>
   </div>
   <div class='ocr_carea' id='block_1_77' title="bbox 2144 1568 3718 1643">
    <p class='ocr_par' dir='ltr' id='par_1_77' title="bbox 2144 1568 3718 1643">
     <span class='ocr_line' id='line_1_77' title="bbox 2144 1568 3718 1643; baseline 0.003 -22"><span class='ocrx_word' id='word_1_618' title='bbox 2144 1569 2194 1621; x_wconf 85' lang='lat' dir='ltr'><strong>in</strong></span> <span class='ocrx_word' id='word_1_619' title='bbox 2222 1568 2363 1622; x_wconf 84' lang='lat' dir='ltr'><strong>nobis</strong></span> <span class='ocrx_word' id='word_1_620' title='bbox 2391 1585 2487 1623; x_wconf 87' lang='lat' dir='ltr'><strong>non</strong></span> <span class='ocrx_word' id='word_1_621' title='bbox 2518 1579 2590 1624; x_wconf 84' lang='lat' dir='ltr'><strong>est</strong></span> <span class='ocrx_word' id='word_1_622' title='bbox 2629 1568 2670 1643; x_wconf 94' lang='grc' dir='ltr'>(Ι</span> <span class='ocrx_word' id='word_1_623' title='bbox 2689 1569 2846 1624; x_wconf 79' lang='lat' dir='ltr'><strong>Joan.</strong></span> <span class='ocrx_word' id='word_1_624' title='bbox 2875 1587 2913 1637; x_wconf 91' lang='grc' dir='ltr'><strong>ι,</strong></span> <span class='ocrx_word' id='word_1_625' title='bbox 2944 1569 3020 1642; x_wconf 89' lang='grc'><strong>8).</strong></span> <span class='ocrx_word' id='word_1_626' title='bbox 3062 1570 3214 1626; x_wconf 86' lang='lat' dir='ltr'><strong>Unde</strong></span> <span class='ocrx_word' id='word_1_627' title='bbox 3237 1571 3292 1626; x_wconf 89' lang='lat' dir='ltr'><strong>in</strong></span> <span class='ocrx_word' id='word_1_628' title='bbox 3319 1571 3558 1642; x_wconf 83' lang='lat' dir='ltr'><strong>ejusdem</strong></span> <span class='ocrx_word' id='word_1_629' title='bbox 3582 1587 3718 1643; x_wconf 66' lang='lat' dir='ltr'><strong>apo.</strong></span> 
     </span>
    </p>
   </div>
   <div class='ocr_carea' id='block_1_78' title="bbox 2145 1657 3722 1732">
    <p class='ocr_par' dir='ltr' id='par_1_78' title="bbox 2145 1657 3722 1732">
     <span class='ocr_line' id='line_1_78' title="bbox 2145 1657 3722 1732; baseline 0.006 -24"><span class='ocrx_word' id='word_1_630' title='bbox 2145 1657 2264 1710; x_wconf 89' lang='lat' dir='ltr'><strong>stoli</strong></span> <span class='ocrx_word' id='word_1_631' title='bbox 2293 1659 2643 1730; x_wconf 83' lang='lat' dir='ltr'><strong>Apocalypsi,</strong></span> <span class='ocrx_word' id='word_1_632' title='bbox 2673 1659 2759 1714; x_wconf 85' lang='lat' dir='ltr'><strong>illa</strong></span> <span class='ocrx_word' id='word_1_633' title='bbox 2802 1670 3002 1714; x_wconf 83' lang='lat' dir='ltr'><strong>centum</strong></span> <span class='ocrx_word' id='word_1_634' title='bbox 3037 1661 3375 1731; x_wconf 88' lang='lat' dir='ltr'><strong>quadraginta</strong></span> <span class='ocrx_word' id='word_1_635' title='bbox 3416 1670 3463 1715; x_wconf 90' lang='lat' dir='ltr'><strong>et</strong></span> <span class='ocrx_word' id='word_1_636' title='bbox 3499 1671 3722 1732; x_wconf 86' lang='lat' dir='ltr'><strong>quatuor</strong></span> 
     </span>
    </p>
   </div>
   <div class='ocr_carea' id='block_1_79' title="bbox 2145 1749 3721 1822">
    <p class='ocr_par' dir='ltr' id='par_1_79' title="bbox 2145 1749 3721 1822">
     <span class='ocr_line' id='line_1_79' title="bbox 2145 1749 3721 1822; baseline 0.003 -22"><span class='ocrx_word' id='word_1_637' title='bbox 2145 1749 2306 1802; x_wconf 80' lang='lat' dir='ltr'><strong>millia</strong></span> <span class='ocrx_word' id='word_1_638' title='bbox 2324 1759 2650 1816; x_wconf 87' lang='lat' dir='ltr'><strong>sanctorum,</strong></span> <span class='ocrx_word' id='word_1_639' title='bbox 2671 1751 2756 1820; x_wconf 86' lang='lat' dir='ltr'><strong>qui</strong></span> <span class='ocrx_word' id='word_1_640' title='bbox 2779 1767 2834 1805; x_wconf 85' lang='lat' dir='ltr'><strong>se</strong></span> <span class='ocrx_word' id='word_1_641' title='bbox 2851 1767 2963 1804; x_wconf 90' lang='lat' dir='ltr'><strong>cum</strong></span> <span class='ocrx_word' id='word_1_642' title='bbox 2985 1749 3278 1805; x_wconf 81' lang='lat' dir='ltr'><strong>mulieribus</strong></span> <span class='ocrx_word' id='word_1_643' title='bbox 3302 1767 3402 1806; x_wconf 85' lang='lat' dir='ltr'><strong>non</strong></span> <span class='ocrx_word' id='word_1_644' title='bbox 3425 1751 3721 1822; x_wconf 60' lang='lat' dir='ltr'><strong>coinquinac</strong></span> 
     </span>
    </p>
   </div>
   <div class='ocr_carea' id='block_1_80' title="bbox 2145 1842 3720 1912">
    <p class='ocr_par' dir='ltr' id='par_1_80' title="bbox 2145 1842 3720 1912">
     <span class='ocr_line' id='line_1_80' title="bbox 2145 1842 3720 1912; baseline 0.002 -18"><span class='ocrx_word' id='word_1_645' title='bbox 2145 1849 2320 1894; x_wconf 79' lang='lat' dir='ltr'><strong>verunt</strong></span> <span class='ocrx_word' id='word_1_646' title='bbox 2341 1881 2356 1907; x_wconf 93' lang='lat'><strong>,</strong></span> <span class='ocrx_word' id='word_1_647' title='bbox 2388 1842 2603 1911; x_wconf 83' lang='lat' dir='ltr'><strong>virgines</strong></span> <span class='ocrx_word' id='word_1_648' title='bbox 2637 1843 2768 1897; x_wconf 86' lang='lat' dir='ltr'><strong>enim</strong></span> <span class='ocrx_word' id='word_1_649' title='bbox 2792 1853 3206 1912; x_wconf 83' lang='lat' dir='ltr'><strong>permanserunt;</strong></span> <span class='ocrx_word' id='word_1_650' title='bbox 3234 1851 3282 1896; x_wconf 88' lang='lat' dir='ltr'><strong>et</strong></span> <span class='ocrx_word' id='word_1_651' title='bbox 3310 1859 3410 1896; x_wconf 87' lang='lat' dir='ltr'><strong>non</strong></span> <span class='ocrx_word' id='word_1_652' title='bbox 3433 1851 3505 1897; x_wconf 86' lang='lat' dir='ltr'><strong>est</strong></span> <span class='ocrx_word' id='word_1_653' title='bbox 3540 1843 3720 1897; x_wconf 83' lang='lat' dir='ltr'><strong>inven-</strong></span> 
     </span>
    </p>
   </div>
   <div class='ocr_carea' id='block_1_81' title="bbox 2147 1931 3723 2004">
    <p class='ocr_par' dir='ltr' id='par_1_81' title="bbox 2147 1931 3723 2004">
     <span class='ocr_line' id='line_1_81' title="bbox 2147 1931 3723 2004; baseline 0.004 -22"><span class='ocrx_word' id='word_1_654' title='bbox 2147 1939 2252 1983; x_wconf 88' lang='lat' dir='ltr'><strong>tum</strong></span> <span class='ocrx_word' id='word_1_655' title='bbox 2294 1931 2347 1984; x_wconf 89' lang='lat' dir='ltr'><strong>in</strong></span> <span class='ocrx_word' id='word_1_656' title='bbox 2384 1947 2472 1986; x_wconf 85' lang='lat' dir='ltr'><strong>ore</strong></span> <span class='ocrx_word' id='word_1_657' title='bbox 2515 1948 2684 1986; x_wconf 87' lang='lat' dir='ltr'><strong>eorum</strong></span> <span class='ocrx_word' id='word_1_658' title='bbox 2726 1932 3072 2004; x_wconf 69' lang='lat' dir='ltr'><strong>mendacium,</strong></span> <span class='ocrx_word' id='word_1_659' title='bbox 3110 1931 3230 2002; x_wconf 85' lang='lat' dir='ltr'><strong>quia</strong></span> <span class='ocrx_word' id='word_1_660' title='bbox 3265 1932 3723 2004; x_wconf 82' lang='lat' dir='ltr'><strong>irrepreheusibilcs</strong></span> 
     </span>
    </p>
   </div>
   <div class='ocr_carea' id='block_1_82' title="bbox 2147 1999 3726 2094">
    <p class='ocr_par' dir='ltr' id='par_1_82' title="bbox 2147 1999 3726 2094">
     <span class='ocr_line' id='line_1_82' title="bbox 2147 1999 3726 2094; baseline 0.003 -21"><span class='ocrx_word' id='word_1_661' title='bbox 2147 2031 2260 2073; x_wconf 87' lang='lat' dir='ltr'><strong>sunt</strong></span> <span class='ocrx_word' id='word_1_662' title='bbox 2281 2021 2460 2092; x_wconf 80' lang='lat' dir='ltr'><strong>(Apoc.</strong></span> <span class='ocrx_word' id='word_1_663' title='bbox 2481 2037 2592 2084; x_wconf 79' lang='lat' dir='ltr'><strong>xw,</strong></span> <span class='ocrx_word' id='word_1_664' title='bbox 2611 2009 2707 2076; x_wconf 50' lang='lat' dir='ltr'><strong>(et</strong></span> <span class='ocrx_word' id='word_1_665' title='bbox 2727 2021 2783 2092; x_wconf 87' lang='lat'><strong>5)</strong></span> <span class='ocrx_word' id='word_1_666' title='bbox 2807 2021 2919 2094; x_wconf 89' lang='lat' dir='ltr'><strong>(a);</strong></span> <span class='ocrx_word' id='word_1_667' title='bbox 2944 1999 3177 2092; x_wconf 60' lang='lat' dir='ltr'><strong>profecto</strong></span> <span class='ocrx_word' id='word_1_668' title='bbox 3198 2021 3316 2076; x_wconf 90' lang='lat' dir='ltr'><strong>ideo</strong></span> <span class='ocrx_word' id='word_1_669' title='bbox 3340 1999 3726 2091; x_wconf 80' lang='lat' dir='ltr'><strong>irreprchensi-</strong></span> 
     </span>
    </p>
   </div>
   <div class='ocr_carea' id='block_1_83' title="bbox 2149 2112 3721 2184">
    <p class='ocr_par' dir='ltr' id='par_1_83' title="bbox 2149 2112 3721 2184">
     <span class='ocr_line' id='line_1_83' title="bbox 2149 2112 3721 2184; baseline 0.004 -19"><span class='ocrx_word' id='word_1_670' title='bbox 2149 2112 2280 2168; x_wconf 84' lang='lat' dir='ltr'><strong>biles</strong></span> <span class='ocrx_word' id='word_1_671' title='bbox 2304 2122 2458 2180; x_wconf 89' lang='lat' dir='ltr'><strong>sunt,</strong></span> <span class='ocrx_word' id='word_1_672' title='bbox 2489 2112 2608 2182; x_wconf 89' lang='lat' dir='ltr'><strong>quia</strong></span> <span class='ocrx_word' id='word_1_673' title='bbox 2649 2129 2710 2168; x_wconf 92' lang='lat' dir='ltr'><strong>se</strong></span> <span class='ocrx_word' id='word_1_674' title='bbox 2753 2113 2896 2182; x_wconf 89' lang='lat' dir='ltr'><strong>ipsos</strong></span> <span class='ocrx_word' id='word_1_675' title='bbox 2943 2113 3200 2168; x_wconf 88' lang='lat' dir='ltr'><strong>veraciter</strong></span> <span class='ocrx_word' id='word_1_676' title='bbox 3228 2114 3721 2184; x_wconf 87' lang='lat' dir='ltr'><strong>reprehenderunt:</strong></span> 
     </span>
    </p>
   </div>
   <div class='ocr_carea' id='block_1_84' title="bbox 2149 2205 3721 2272">
    <p class='ocr_par' dir='ltr' id='par_1_84' title="bbox 2149 2205 3721 2272">
     <span class='ocr_line' id='line_1_84' title="bbox 2149 2205 3721 2272; baseline 0.001 -14"><span class='ocrx_word' id='word_1_677' title='bbox 2149 2214 2202 2258; x_wconf 91' lang='lat' dir='ltr'><strong>et</strong></span> <span class='ocrx_word' id='word_1_678' title='bbox 2229 2205 2349 2258; x_wconf 89' lang='lat' dir='ltr'><strong>ideo</strong></span> <span class='ocrx_word' id='word_1_679' title='bbox 2387 2219 2490 2259; x_wconf 90' lang='lat' dir='ltr'><strong>non</strong></span> <span class='ocrx_word' id='word_1_680' title='bbox 2521 2215 2602 2260; x_wconf 90' lang='lat' dir='ltr'><strong>est</strong></span> <span class='ocrx_word' id='word_1_681' title='bbox 2631 2206 2903 2260; x_wconf 85' lang='lat' dir='ltr'><strong>inventum</strong></span> <span class='ocrx_word' id='word_1_682' title='bbox 2935 2205 2985 2259; x_wconf 94' lang='lat' dir='ltr'><strong>in</strong></span> <span class='ocrx_word' id='word_1_683' title='bbox 3016 2220 3110 2260; x_wconf 92' lang='lat' dir='ltr'><strong>ore</strong></span> <span class='ocrx_word' id='word_1_684' title='bbox 3149 2220 3334 2260; x_wconf 88' lang='lat' dir='ltr'><strong>eorum</strong></span> <span class='ocrx_word' id='word_1_685' title='bbox 3367 2205 3721 2272; x_wconf 82' lang='lat' dir='ltr'><strong>mendacium,</strong></span> 
     </span>
    </p>
   </div>
   <div class='ocr_carea' id='block_1_85' title="bbox 2151 2295 3727 2368">
    <p class='ocr_par' dir='ltr' id='par_1_85' title="bbox 2151 2295 3727 2368">
     <span class='ocr_line' id='line_1_85' title="bbox 2151 2295 3727 2368; baseline 0.002 -20"><span class='ocrx_word' id='word_1_686' title='bbox 2151 2297 2270 2364; x_wconf 86' lang='lat' dir='ltr'><strong>quia</strong></span> <span class='ocrx_word' id='word_1_687' title='bbox 2292 2295 2335 2348; x_wconf 91' lang='lat' dir='ltr'><strong>si</strong></span> <span class='ocrx_word' id='word_1_688' title='bbox 2363 2295 2598 2352; x_wconf 89' lang='lat' dir='ltr'><strong>dicerent</strong></span> <span class='ocrx_word' id='word_1_689' title='bbox 2620 2311 2679 2352; x_wconf 91' lang='lat' dir='ltr'><strong>se</strong></span> <span class='ocrx_word' id='word_1_690' title='bbox 2708 2307 2982 2368; x_wconf 85' lang='lat' dir='ltr'><strong>peccatum</strong></span> <span class='ocrx_word' id='word_1_691' title='bbox 3005 2311 3108 2351; x_wconf 87' lang='lat' dir='ltr'><strong>non</strong></span> <span class='ocrx_word' id='word_1_692' title='bbox 3133 2296 3349 2360; x_wconf 88' lang='lat' dir='ltr'><strong>habere,</strong></span> <span class='ocrx_word' id='word_1_693' title='bbox 3375 2311 3433 2352; x_wconf 90' lang='lat' dir='ltr'><strong>se</strong></span> <span class='ocrx_word' id='word_1_694' title='bbox 3463 2297 3606 2366; x_wconf 88' lang='lat' dir='ltr'><strong>ipsos</strong></span> <span class='ocrx_word' id='word_1_695' title='bbox 3629 2296 3727 2351; x_wconf 78' lang='lat' dir='ltr'><strong>de-</strong></span> 
     </span>
    </p>
   </div>
   <div class='ocr_carea' id='block_1_86' title="bbox 2151 2386 3725 2458">
    <p class='ocr_par' dir='ltr' id='par_1_86' title="bbox 2151 2386 3725 2458">
     <span class='ocr_line' id='line_1_86' title="bbox 2151 2386 3725 2458; baseline -0.001 -18"><span class='ocrx_word' id='word_1_696' title='bbox 2151 2386 2408 2455; x_wconf 81' lang='lat' dir='ltr'><strong>ciperem,</strong></span> <span class='ocrx_word' id='word_1_697' title='bbox 2438 2397 2492 2442; x_wconf 90' lang='lat' dir='ltr'><strong>et</strong></span> <span class='ocrx_word' id='word_1_698' title='bbox 2520 2387 2714 2442; x_wconf 89' lang='lat' dir='ltr'><strong>veritas</strong></span> <span class='ocrx_word' id='word_1_699' title='bbox 2743 2389 2794 2442; x_wconf 92' lang='lat' dir='ltr'><strong>in</strong></span> <span class='ocrx_word' id='word_1_700' title='bbox 2825 2388 3033 2458; x_wconf 31' lang='lat' dir='ltr'><strong>cis&#39;non</strong></span> <span class='ocrx_word' id='word_1_701' title='bbox 3059 2397 3233 2454; x_wconf 85' lang='lat' dir='ltr'><strong>esset;</strong></span> <span class='ocrx_word' id='word_1_702' title='bbox 3263 2397 3318 2443; x_wconf 91' lang='lat' dir='ltr'><strong>et</strong></span> <span class='ocrx_word' id='word_1_703' title='bbox 3348 2388 3528 2458; x_wconf 89' lang='lat' dir='ltr'><strong>utique</strong></span> <span class='ocrx_word' id='word_1_704' title='bbox 3568 2404 3725 2442; x_wconf 66' lang='lat' dir='ltr'><strong>men.</strong></span> 
     </span>
    </p>
   </div>
   <div class='ocr_carea' id='block_1_87' title="bbox 2151 2473 3728 2546">
    <p class='ocr_par' dir='ltr' id='par_1_87' title="bbox 2151 2473 3728 2546">
     <span class='ocr_line' id='line_1_87' title="bbox 2151 2473 3728 2546; baseline 0.003 -18"><span class='ocrx_word' id='word_1_705' title='bbox 2151 2473 2360 2528; x_wconf 87' lang='lat' dir='ltr'><strong>dacium</strong></span> <span class='ocrx_word' id='word_1_706' title='bbox 2384 2485 2528 2531; x_wconf 86' lang='lat' dir='ltr'><strong>esset</strong></span> <span class='ocrx_word' id='word_1_707' title='bbox 2545 2517 2560 2540; x_wconf 91' lang='lat'><strong>,</strong></span> <span class='ocrx_word' id='word_1_708' title='bbox 2593 2475 2679 2531; x_wconf 89' lang='lat' dir='ltr'><strong>ubi</strong></span> <span class='ocrx_word' id='word_1_709' title='bbox 2704 2477 2900 2532; x_wconf 86' lang='lat' dir='ltr'><strong>veritas</strong></span> <span class='ocrx_word' id='word_1_710' title='bbox 2927 2491 3032 2532; x_wconf 92' lang='lat' dir='ltr'><strong>non</strong></span> <span class='ocrx_word' id='word_1_711' title='bbox 3067 2485 3209 2532; x_wconf 89' lang='lat' dir='ltr'><strong>esset</strong></span> <span class='ocrx_word' id='word_1_712' title='bbox 3234 2495 3248 2532; x_wconf 91' lang='lat'><strong>:</strong></span> <span class='ocrx_word' id='word_1_713' title='bbox 3276 2477 3522 2546; x_wconf 88' lang='lat' dir='ltr'><strong>quoniam</strong></span> <span class='ocrx_word' id='word_1_714' title='bbox 3550 2475 3728 2546; x_wconf 87' lang='lat' dir='ltr'><strong>justus</strong></span> 
     </span>
    </p>
   </div>
   <div class='ocr_carea' id='block_1_88' title="bbox 2151 2565 3727 2638">
    <p class='ocr_par' dir='ltr' id='par_1_88' title="bbox 2151 2565 3727 2638">
     <span class='ocr_line' id='line_1_88' title="bbox 2151 2565 3727 2638; baseline 0.003 -19"><span class='ocrx_word' id='word_1_715' title='bbox 2151 2579 2273 2620; x_wconf 88' lang='lat' dir='ltr'><strong>cum</strong></span> <span class='ocrx_word' id='word_1_716' title='bbox 2288 2567 2338 2620; x_wconf 90' lang='lat' dir='ltr'><strong>in</strong></span> <span class='ocrx_word' id='word_1_717' title='bbox 2359 2568 2624 2623; x_wconf 90' lang='lat' dir='ltr'><strong>sermonis</strong></span> <span class='ocrx_word' id='word_1_718' title='bbox 2637 2567 2856 2624; x_wconf 78' lang='lat' dir='ltr'><strong>exordio</strong></span> <span class='ocrx_word' id='word_1_719' title='bbox 2873 2577 3152 2624; x_wconf 84' lang='lat' dir='ltr'><strong>accusator</strong></span> <span class='ocrx_word' id='word_1_720' title='bbox 3170 2567 3251 2624; x_wconf 90' lang='lat' dir='ltr'><strong>sui</strong></span> <span class='ocrx_word' id='word_1_721' title='bbox 3269 2577 3351 2624; x_wconf 89' lang='lat' dir='ltr'><strong>est</strong></span> <span class='ocrx_word' id='word_1_722' title='bbox 3373 2565 3550 2638; x_wconf 85' lang='lat' dir='ltr'><strong>(Prov.</strong></span> <span class='ocrx_word' id='word_1_723' title='bbox 3573 2583 3727 2634; x_wconf 79' lang='lat' dir='ltr'><strong>xvnt,</strong></span> 
     </span>
    </p>
   </div>
   <div class='ocr_carea' id='block_1_89' title="bbox 2154 2657 2912 2729">
    <p class='ocr_par' dir='ltr' id='par_1_89' title="bbox 2154 2657 2912 2729">
     <span class='ocr_line' id='line_1_89' title="bbox 2154 2657 2912 2729; baseline 0.003 -17"><span class='ocrx_word' id='word_1_724' title='bbox 2154 2657 2267 2729; x_wconf 80' lang='grc'><strong>17),</strong></span> <span class='ocrx_word' id='word_1_725' title='bbox 2299 2672 2404 2712; x_wconf 91' lang='lat' dir='ltr'><strong>non</strong></span> <span class='ocrx_word' id='word_1_726' title='bbox 2430 2658 2614 2728; x_wconf 89' lang='lat' dir='ltr'><strong>utique</strong></span> <span class='ocrx_word' id='word_1_727' title='bbox 2639 2659 2912 2714; x_wconf 88' lang='lat' dir='ltr'><strong>mentitur.</strong></span> 
     </span>
    </p>
   </div>
   <div class='ocr_carea' id='block_1_90' title="bbox 2223 2747 3724 2820">
    <p class='ocr_par' dir='ltr' id='par_1_90' title="bbox 2223 2747 3724 2820">
     <span class='ocr_line' id='line_1_90' title="bbox 2223 2747 3724 2820; baseline 0.001 -16"><span class='ocrx_word' id='word_1_728' title='bbox 2223 2747 2277 2804; x_wconf 89' lang='lat'><strong>9.</strong></span> <span class='ocrx_word' id='word_1_729' title='bbox 2318 2751 2396 2803; x_wconf 85' lang='lat' dir='ltr'><strong>Ac</strong></span> <span class='ocrx_word' id='word_1_730' title='bbox 2419 2764 2516 2820; x_wconf 88' lang='lat' dir='ltr'><strong>per</strong></span> <span class='ocrx_word' id='word_1_731' title='bbox 2545 2749 2644 2805; x_wconf 86' lang='lat' dir='ltr'><strong>hoc</strong></span> <span class='ocrx_word' id='word_1_732' title='bbox 2666 2749 2722 2804; x_wconf 91' lang='lat' dir='ltr'><strong>in</strong></span> <span class='ocrx_word' id='word_1_733' title='bbox 2747 2764 2813 2805; x_wconf 89' lang='lat' dir='ltr'><strong>eo</strong></span> <span class='ocrx_word' id='word_1_734' title='bbox 2835 2748 2978 2820; x_wconf 88' lang='lat' dir='ltr'><strong>quod</strong></span> <span class='ocrx_word' id='word_1_735' title='bbox 3001 2749 3254 2818; x_wconf 89' lang='lat' dir='ltr'><strong>scriptum</strong></span> <span class='ocrx_word' id='word_1_736' title='bbox 3280 2756 3402 2816; x_wconf 89' lang='lat' dir='ltr'><strong>est,</strong></span> <span class='ocrx_word' id='word_1_737' title='bbox 3435 2749 3536 2816; x_wconf 83' lang='lat' dir='ltr'><strong>Qui</strong></span> <span class='ocrx_word' id='word_1_738' title='bbox 3571 2757 3724 2806; x_wconf 82' lang='lat' dir='ltr'><strong>natus</strong></span> 
     </span>
    </p>
   </div>
   <div class='ocr_carea' id='block_1_91' title="bbox 2153 2841 3727 2912">
    <p class='ocr_par' dir='ltr' id='par_1_91' title="bbox 2153 2841 3727 2912">
     <span class='ocr_line' id='line_1_91' title="bbox 2153 2841 3727 2912; baseline 0.001 -19"><span class='ocrx_word' id='word_1_739' title='bbox 2153 2849 2226 2894; x_wconf 73' lang='lat' dir='ltr'><strong>est</strong></span> <span class='ocrx_word' id='word_1_740' title='bbox 2249 2857 2316 2896; x_wconf 80' lang='lat' dir='ltr'><strong>ea:</strong></span> <span class='ocrx_word' id='word_1_741' title='bbox 2340 2843 2468 2908; x_wconf 83' lang='lat' dir='ltr'><strong>Deo,</strong></span> <span class='ocrx_word' id='word_1_742' title='bbox 2492 2857 2596 2896; x_wconf 85' lang='lat' dir='ltr'><strong>non</strong></span> <span class='ocrx_word' id='word_1_743' title='bbox 2631 2850 2824 2912; x_wconf 81' lang='lat' dir='ltr'><strong>peccat,</strong></span> <span class='ocrx_word' id='word_1_744' title='bbox 2852 2851 2899 2896; x_wconf 89' lang='lat' dir='ltr'><strong>et</strong></span> <span class='ocrx_word' id='word_1_745' title='bbox 2927 2857 3028 2896; x_wconf 87' lang='lat' dir='ltr'><strong>non</strong></span> <span class='ocrx_word' id='word_1_746' title='bbox 3058 2850 3215 2910; x_wconf 81' lang='lat' dir='ltr'><strong>potest</strong></span> <span class='ocrx_word' id='word_1_747' title='bbox 3241 2857 3462 2909; x_wconf 83' lang='lat' dir='ltr'><strong>peccare,</strong></span> <span class='ocrx_word' id='word_1_748' title='bbox 3493 2841 3614 2911; x_wconf 82' lang='lat' dir='ltr'><strong>quia</strong></span> <span class='ocrx_word' id='word_1_749' title='bbox 3641 2858 3727 2896; x_wconf 57' lang='lat' dir='ltr'><strong>se.</strong></span> 
     </span>
    </p>
   </div>
   <div class='ocr_carea' id='block_1_92' title="bbox 2153 2930 3726 3004">
    <p class='ocr_par' dir='ltr' id='par_1_92' title="bbox 2153 2930 3726 3004">
     <span class='ocr_line' id='line_1_92' title="bbox 2153 2930 3726 3004; baseline 0 -18"><span class='ocrx_word' id='word_1_750' title='bbox 2153 2949 2267 2988; x_wconf 77' lang='lat' dir='ltr'><strong>mea</strong></span> <span class='ocrx_word' id='word_1_751' title='bbox 2285 2948 2397 3002; x_wconf 70' lang='lat' dir='ltr'><strong>qus</strong></span> <span class='ocrx_word' id='word_1_752' title='bbox 2420 2931 2474 2986; x_wconf 83' lang='lat' dir='ltr'><strong>in</strong></span> <span class='ocrx_word' id='word_1_753' title='bbox 2493 2935 2605 3004; x_wconf 84' lang='lat' dir='ltr'><strong>ipso</strong></span> <span class='ocrx_word' id='word_1_754' title='bbox 2630 2941 2796 2986; x_wconf 85' lang='lat' dir='ltr'><strong>manet</strong></span> <span class='ocrx_word' id='word_1_755' title='bbox 2821 2931 2864 3002; x_wconf 92' lang='lat' dir='ltr'><strong>(l</strong></span> <span class='ocrx_word' id='word_1_756' title='bbox 2885 2931 3043 2985; x_wconf 84' lang='lat' dir='ltr'><strong>Joan.</strong></span> <span class='ocrx_word' id='word_1_757' title='bbox 3065 2947 3144 2997; x_wconf 87' lang='grc' dir='ltr'><strong>ιιι,</strong></span> <span class='ocrx_word' id='word_1_758' title='bbox 3171 2930 3262 3001; x_wconf 88' lang='lat'><strong>9);</strong></span> <span class='ocrx_word' id='word_1_759' title='bbox 3291 2939 3346 2984; x_wconf 89' lang='lat' dir='ltr'><strong>et</strong></span> <span class='ocrx_word' id='word_1_760' title='bbox 3365 2930 3410 2984; x_wconf 90' lang='lat' dir='ltr'><strong>si</strong></span> <span class='ocrx_word' id='word_1_761' title='bbox 3435 2930 3558 3000; x_wconf 89' lang='lat' dir='ltr'><strong>quid</strong></span> <span class='ocrx_word' id='word_1_762' title='bbox 3583 2931 3726 2986; x_wconf 83' lang='lat' dir='ltr'><strong>aliud</strong></span> 
     </span>
    </p>
   </div>
   <div class='ocr_carea' id='block_1_93' title="bbox 2153 3019 3728 3088">
    <p class='ocr_par' dir='ltr' id='par_1_93' title="bbox 2153 3019 3728 3088">
     <span class='ocr_line' id='line_1_93' title="bbox 2153 3019 3728 3088; baseline -0.002 -11"><span class='ocrx_word' id='word_1_763' title='bbox 2153 3035 2224 3077; x_wconf 90' lang='lat' dir='ltr'><strong>eo</strong></span> <span class='ocrx_word' id='word_1_764' title='bbox 2249 3021 2409 3077; x_wconf 88' lang='lat' dir='ltr'><strong>modo</strong></span> <span class='ocrx_word' id='word_1_765' title='bbox 2433 3019 2630 3076; x_wconf 88' lang='lat' dir='ltr'><strong>dictum</strong></span> <span class='ocrx_word' id='word_1_766' title='bbox 2657 3031 2760 3088; x_wconf 90' lang='lat' dir='ltr'><strong>est,</strong></span> <span class='ocrx_word' id='word_1_767' title='bbox 2792 3021 3014 3076; x_wconf 89' lang='lat' dir='ltr'><strong>multum</strong></span> <span class='ocrx_word' id='word_1_768' title='bbox 3041 3020 3296 3074; x_wconf 82' lang='lat' dir='ltr'><strong>falluntur</strong></span> <span class='ocrx_word' id='word_1_769' title='bbox 3333 3022 3510 3076; x_wconf 86' lang='lat' dir='ltr'><strong>minus</strong></span> <span class='ocrx_word' id='word_1_770' title='bbox 3550 3021 3728 3080; x_wconf 39' lang='lat' dir='ltr'><strong>caesis</strong></span> 
     </span>
    </p>
   </div>
   <div class='ocr_carea' id='block_1_94' title="bbox 2155 3109 3728 3180">
    <p class='ocr_par' dir='ltr' id='par_1_94' title="bbox 2155 3109 3728 3180">
     <span class='ocr_line' id='line_1_94' title="bbox 2155 3109 3728 3180; baseline 0.001 -16"><span class='ocrx_word' id='word_1_771' title='bbox 2155 3110 2390 3164; x_wconf 84' lang='lat' dir='ltr'><strong>derando</strong></span> <span class='ocrx_word' id='word_1_772' title='bbox 2415 3110 2731 3180; x_wconf 75' lang='lat' dir='ltr'><strong>Scriptor-as.</strong></span> <span class='ocrx_word' id='word_1_773' title='bbox 2766 3109 2878 3164; x_wconf 83' lang='lat' dir='ltr'><strong>Non</strong></span> <span class='ocrx_word' id='word_1_774' title='bbox 2901 3111 3045 3166; x_wconf 91' lang='lat' dir='ltr'><strong>enim</strong></span> <span class='ocrx_word' id='word_1_775' title='bbox 3071 3109 3371 3173; x_wconf 87' lang='lat' dir='ltr'><strong>advertunt.</strong></span> <span class='ocrx_word' id='word_1_776' title='bbox 3399 3125 3464 3165; x_wconf 90' lang='lat' dir='ltr'><strong>eo</strong></span> <span class='ocrx_word' id='word_1_777' title='bbox 3487 3123 3728 3180; x_wconf 85' lang='lat' dir='ltr'><strong>quosque</strong></span> 
     </span>
    </p>
   </div>
   <div class='ocr_carea' id='block_1_95' title="bbox 2157 3199 3730 3270">
    <p class='ocr_par' dir='ltr' id='par_1_95' title="bbox 2157 3199 3730 3270">
     <span class='ocr_line' id='line_1_95' title="bbox 2157 3199 3730 3270; baseline -0.003 -14"><span class='ocrx_word' id='word_1_778' title='bbox 2157 3201 2268 3256; x_wconf 81' lang='lat' dir='ltr'><strong>ﬁeri</strong></span> <span class='ocrx_word' id='word_1_779' title='bbox 2299 3201 2434 3254; x_wconf 90' lang='lat' dir='ltr'><strong>ﬁlios</strong></span> <span class='ocrx_word' id='word_1_780' title='bbox 2460 3201 2584 3266; x_wconf 90' lang='lat' dir='ltr'><strong>Dei,</strong></span> <span class='ocrx_word' id='word_1_781' title='bbox 2628 3215 2736 3270; x_wconf 89' lang='lat' dir='ltr'><strong>quo</strong></span> <span class='ocrx_word' id='word_1_782' title='bbox 2771 3215 2892 3256; x_wconf 88' lang='lat' dir='ltr'><strong>esse</strong></span> <span class='ocrx_word' id='word_1_783' title='bbox 2929 3200 3185 3270; x_wconf 91' lang='lat' dir='ltr'><strong>incipiunt</strong></span> <span class='ocrx_word' id='word_1_784' title='bbox 3223 3200 3276 3254; x_wconf 92' lang='lat' dir='ltr'><strong>in</strong></span> <span class='ocrx_word' id='word_1_785' title='bbox 3306 3199 3538 3256; x_wconf 88' lang='lat' dir='ltr'><strong>novitate</strong></span> <span class='ocrx_word' id='word_1_786' title='bbox 3571 3199 3730 3269; x_wconf 74' lang='lat' dir='ltr'><strong>apiri-</strong></span> 
     </span>
    </p>
   </div>
   <div class='ocr_carea' id='block_1_96' title="bbox 2159 3290 3726 3357">
    <p class='ocr_par' dir='ltr' id='par_1_96' title="bbox 2159 3290 3726 3357">
     <span class='ocr_line' id='line_1_96' title="bbox 2159 3290 3726 3357; baseline -0.001 -11"><span class='ocrx_word' id='word_1_787' title='bbox 2159 3301 2274 3357; x_wconf 91' lang='lat' dir='ltr'><strong>tus;</strong></span> <span class='ocrx_word' id='word_1_788' title='bbox 2305 3303 2357 3346; x_wconf 91' lang='lat' dir='ltr'><strong>et</strong></span> <span class='ocrx_word' id='word_1_789' title='bbox 2383 3291 2625 3346; x_wconf 88' lang='lat' dir='ltr'><strong>renovari</strong></span> <span class='ocrx_word' id='word_1_790' title='bbox 2654 3292 2705 3345; x_wconf 94' lang='lat' dir='ltr'><strong>in</strong></span> <span class='ocrx_word' id='word_1_791' title='bbox 2743 3291 3044 3346; x_wconf 82' lang='lat' dir='ltr'><strong>interiorem</strong></span> <span class='ocrx_word' id='word_1_792' title='bbox 3083 3291 3352 3347; x_wconf 89' lang='lat' dir='ltr'><strong>hominem</strong></span> <span class='ocrx_word' id='word_1_793' title='bbox 3379 3291 3398 3324; x_wconf 72' lang='grc' dir='ltr'>ί</span> <span class='ocrx_word' id='word_1_794' title='bbox 3427 3290 3726 3345; x_wconf 81' lang='lat' dir='ltr'><strong>secundum</strong></span> 
     </span>
    </p>
   </div>
   <div class='ocr_carea' id='block_1_97' title="bbox 2157 3379 3728 3453">
    <p class='ocr_par' dir='ltr' id='par_1_97' title="bbox 2157 3379 3728 3453">
     <span class='ocr_line' id='line_1_97' title="bbox 2157 3379 3728 3453; baseline -0.001 -15"><span class='ocrx_word' id='word_1_795' title='bbox 2157 3381 2438 3453; x_wconf 77' lang='lat' dir='ltr'><strong>imaginem</strong></span> <span class='ocrx_word' id='word_1_796' title='bbox 2462 3381 2579 3450; x_wconf 86' lang='lat' dir='ltr'><strong>ejus</strong></span> <span class='ocrx_word' id='word_1_797' title='bbox 2619 3382 2707 3452; x_wconf 91' lang='lat' dir='ltr'><strong>qui</strong></span> <span class='ocrx_word' id='word_1_798' title='bbox 2750 3381 2949 3436; x_wconf 87' lang='lat' dir='ltr'><strong>creavit</strong></span> <span class='ocrx_word' id='word_1_799' title='bbox 2987 3396 3080 3438; x_wconf 81' lang='lat' dir='ltr'><strong>eos</strong></span> <span class='ocrx_word' id='word_1_800' title='bbox 3116 3379 3333 3451; x_wconf 86' lang='lat' dir='ltr'><strong>(Coloss.</strong></span> <span class='ocrx_word' id='word_1_801' title='bbox 3364 3396 3441 3444; x_wconf 86' lang='lat' dir='ltr'><strong>tn,</strong></span> <span class='ocrx_word' id='word_1_802' title='bbox 3472 3379 3584 3452; x_wconf 80' lang='lat' dir='ltr'><strong>l0).</strong></span> <span class='ocrx_word' id='word_1_803' title='bbox 3611 3379 3728 3436; x_wconf 78' lang='lat' dir='ltr'><strong>Non</strong></span> 
     </span>
    </p>
   </div>
   <div class='ocr_carea' id='block_1_98' title="bbox 2156 3469 3728 3541">
    <p class='ocr_par' dir='ltr' id='par_1_98' title="bbox 2156 3469 3728 3541">
     <span class='ocr_line' id='line_1_98' title="bbox 2156 3469 3728 3541; baseline -0.002 -14"><span class='ocrx_word' id='word_1_804' title='bbox 2156 3472 2297 3528; x_wconf 89' lang='lat' dir='ltr'><strong>enim</strong></span> <span class='ocrx_word' id='word_1_805' title='bbox 2333 3485 2397 3526; x_wconf 78' lang='lat' dir='ltr'><strong>ex</strong></span> <span class='ocrx_word' id='word_1_806' title='bbox 2433 3487 2534 3541; x_wconf 90' lang='lat' dir='ltr'><strong>qua</strong></span> <span class='ocrx_word' id='word_1_807' title='bbox 2575 3471 2706 3526; x_wconf 87' lang='lat' dir='ltr'><strong>hora</strong></span> <span class='ocrx_word' id='word_1_808' title='bbox 2750 3473 2973 3540; x_wconf 85' lang='lat' dir='ltr'><strong>quisque</strong></span> <span class='ocrx_word' id='word_1_809' title='bbox 3018 3471 3332 3540; x_wconf 78' lang='lat' dir='ltr'><strong>baptizatur,</strong></span> <span class='ocrx_word' id='word_1_810' title='bbox 3378 3469 3552 3524; x_wconf 91' lang='lat' dir='ltr'><strong>omnis</strong></span> <span class='ocrx_word' id='word_1_811' title='bbox 3577 3477 3728 3524; x_wconf 86' lang='lat' dir='ltr'><strong>vetus</strong></span> 
     </span>
    </p>
   </div>
   <div class='ocr_carea' id='block_1_99' title="bbox 2156 3557 3732 3631">
    <p class='ocr_par' dir='ltr' id='par_1_99' title="bbox 2156 3557 3732 3631">
     <span class='ocr_line' id='line_1_99' title="bbox 2156 3557 3732 3631; baseline -0.003 -14"><span class='ocrx_word' id='word_1_812' title='bbox 2156 3561 2435 3618; x_wconf 88' lang='lat' dir='ltr'><strong>inﬁrmitas</strong></span> <span class='ocrx_word' id='word_1_813' title='bbox 2456 3560 2572 3631; x_wconf 87' lang='lat' dir='ltr'><strong>ejus</strong></span> <span class='ocrx_word' id='word_1_814' title='bbox 2598 3559 2893 3616; x_wconf 88' lang='lat' dir='ltr'><strong>absumitur</strong></span> <span class='ocrx_word' id='word_1_815' title='bbox 2922 3576 2936 3614; x_wconf 83' lang='lat'><strong>:</strong></span> <span class='ocrx_word' id='word_1_816' title='bbox 2964 3559 3060 3615; x_wconf 89' lang='lat' dir='ltr'><strong>sed</strong></span> <span class='ocrx_word' id='word_1_817' title='bbox 3089 3559 3363 3614; x_wconf 90' lang='lat' dir='ltr'><strong>renovatio</strong></span> <span class='ocrx_word' id='word_1_818' title='bbox 3392 3557 3575 3627; x_wconf 90' lang='lat' dir='ltr'><strong>incipit</strong></span> <span class='ocrx_word' id='word_1_819' title='bbox 3597 3572 3626 3612; x_wconf 88' lang='lat' dir='ltr'><strong>a</strong></span> <span class='ocrx_word' id='word_1_820' title='bbox 3654 3573 3732 3612; x_wconf 82' lang='lat' dir='ltr'><strong>re-</strong></span> 
     </span>
    </p>
   </div>
   <div class='ocr_carea' id='block_1_100' title="bbox 2155 3648 3837 3721">
    <p class='ocr_par' dir='ltr' id='par_1_100' title="bbox 2155 3648 3837 3721">
     <span class='ocr_line' id='line_1_100' title="bbox 2155 3648 3837 3721; baseline -0.004 -13"><span class='ocrx_word' id='word_1_821' title='bbox 2155 3651 2412 3708; x_wconf 87' lang='lat' dir='ltr'><strong>missione</strong></span> <span class='ocrx_word' id='word_1_822' title='bbox 2433 3651 2671 3708; x_wconf 90' lang='lat' dir='ltr'><strong>omnium</strong></span> <span class='ocrx_word' id='word_1_823' title='bbox 2698 3658 3057 3721; x_wconf 87' lang='lat' dir='ltr'><strong>peccatorum,</strong></span> <span class='ocrx_word' id='word_1_824' title='bbox 3078 3657 3132 3705; x_wconf 91' lang='lat' dir='ltr'><strong>et</strong></span> <span class='ocrx_word' id='word_1_825' title='bbox 3150 3649 3206 3704; x_wconf 89' lang='lat' dir='ltr'><strong>in</strong></span> <span class='ocrx_word' id='word_1_826' title='bbox 3231 3657 3483 3720; x_wconf 88' lang='lat' dir='ltr'><strong>quantum</strong></span> <span class='ocrx_word' id='word_1_827' title='bbox 3508 3648 3734 3718; x_wconf 82' lang='lat' dir='ltr'><strong>quisque</strong></span> <span class='ocrx_word' id='word_1_828' title='bbox 3827 3711 3837 3718; x_wconf 39' lang='grc' dir='ltr'><strong><em>ο</em></strong></span> 
     </span>
    </p>
   </div>
   <div class='ocr_carea' id='block_1_101' title="bbox 2156 3739 3734 3814">
    <p class='ocr_par' dir='ltr' id='par_1_101' title="bbox 2156 3739 3734 3814">
     <span class='ocr_line' id='line_1_101' title="bbox 2156 3739 3734 3814; baseline -0.003 -16"><span class='ocrx_word' id='word_1_829' title='bbox 2156 3743 2449 3814; x_wconf 73' lang='lat' dir='ltr'><strong>Spiritualia</strong></span> <span class='ocrx_word' id='word_1_830' title='bbox 2475 3743 2646 3814; x_wconf 86' lang='lat' dir='ltr'><strong>sapit,</strong></span> <span class='ocrx_word' id='word_1_831' title='bbox 2675 3741 2765 3813; x_wconf 92' lang='lat' dir='ltr'><strong>qui</strong></span> <span class='ocrx_word' id='word_1_832' title='bbox 2799 3741 2908 3812; x_wconf 85' lang='lat' dir='ltr'><strong>jam</strong></span> <span class='ocrx_word' id='word_1_833' title='bbox 2937 3742 3137 3811; x_wconf 76' lang='lat' dir='ltr'><strong>sapit’.</strong></span> <span class='ocrx_word' id='word_1_834' title='bbox 3165 3739 3373 3797; x_wconf 63' lang='lat' dir='ltr'><strong>Caetera</strong></span> <span class='ocrx_word' id='word_1_835' title='bbox 3398 3754 3524 3795; x_wconf 88' lang='lat' dir='ltr'><strong>vero</strong></span> <span class='ocrx_word' id='word_1_836' title='bbox 3552 3739 3605 3794; x_wconf 91' lang='lat' dir='ltr'><strong>in</strong></span> <span class='ocrx_word' id='word_1_837' title='bbox 3636 3753 3734 3808; x_wconf 80' lang='lat' dir='ltr'><strong>spe</strong></span> 
     </span>
    </p>
   </div>
   <div class='ocr_carea' id='block_1_102' title="bbox 2157 3826 3735 3900">
    <p class='ocr_par' dir='ltr' id='par_1_102' title="bbox 2157 3826 3735 3900">
     <span class='ocr_line' id='line_1_102' title="bbox 2157 3826 3735 3900; baseline -0.003 -14"><span class='ocrx_word' id='word_1_838' title='bbox 2157 3832 2295 3888; x_wconf 76' lang='lat' dir='ltr'><strong>facta</strong></span> <span class='ocrx_word' id='word_1_839' title='bbox 2323 3838 2468 3898; x_wconf 87' lang='lat' dir='ltr'><strong>sunt,</strong></span> <span class='ocrx_word' id='word_1_840' title='bbox 2497 3830 2669 3887; x_wconf 87' lang='lat' dir='ltr'><strong>donec</strong></span> <span class='ocrx_word' id='word_1_841' title='bbox 2695 3831 2854 3886; x_wconf 85' lang='lat' dir='ltr'><strong>etiam</strong></span> <span class='ocrx_word' id='word_1_842' title='bbox 2879 3831 2934 3885; x_wconf 91' lang='lat' dir='ltr'><strong>in</strong></span> <span class='ocrx_word' id='word_1_843' title='bbox 2957 3844 3017 3885; x_wconf 91' lang='lat' dir='ltr'><strong>re</strong></span> <span class='ocrx_word' id='word_1_844' title='bbox 3047 3829 3202 3895; x_wconf 82' lang='lat' dir='ltr'><strong>ﬁant,</strong></span> <span class='ocrx_word' id='word_1_845' title='bbox 3251 3843 3418 3900; x_wconf 88' lang='lat' dir='ltr'><strong>usque</strong></span> <span class='ocrx_word' id='word_1_846' title='bbox 3457 3827 3524 3882; x_wconf 91' lang='lat' dir='ltr'><strong>ad</strong></span> <span class='ocrx_word' id='word_1_847' title='bbox 3567 3826 3735 3897; x_wconf 84' lang='lat' dir='ltr'><strong>ipsius</strong></span> 
     </span>
    </p>
   </div>
   <div class='ocr_carea' id='block_1_103' title="bbox 2156 3917 3733 3992">
    <p class='ocr_par' dir='ltr' id='par_1_103' title="bbox 2156 3917 3733 3992">
     <span class='ocr_line' id='line_1_103' title="bbox 2156 3917 3733 3992; baseline -0.006 -14"><span class='ocrx_word' id='word_1_848' title='bbox 2156 3921 2399 3992; x_wconf 89' lang='lat' dir='ltr'><strong>corporis</strong></span> <span class='ocrx_word' id='word_1_849' title='bbox 2423 3921 2822 3977; x_wconf 89' lang='lat' dir='ltr'><strong>renovationem</strong></span> <span class='ocrx_word' id='word_1_850' title='bbox 2853 3920 2906 3976; x_wconf 92' lang='lat' dir='ltr'><strong>in</strong></span> <span class='ocrx_word' id='word_1_851' title='bbox 2937 3919 3209 3975; x_wconf 88' lang='lat' dir='ltr'><strong>meliorem</strong></span> <span class='ocrx_word' id='word_1_852' title='bbox 3230 3927 3425 3974; x_wconf 88' lang='lat' dir='ltr'><strong>statum</strong></span> <span class='ocrx_word' id='word_1_853' title='bbox 3450 3917 3733 3972; x_wconf 80' lang='lat' dir='ltr'><strong>immorta-</strong></span> 
     </span>
    </p>
   </div>
   <div class='ocr_carea' id='block_1_104' title="bbox 2157 4009 3816 4084">
    <p class='ocr_par' dir='ltr' id='par_1_104' title="bbox 2157 4009 3816 4084">
     <span class='ocr_line' id='line_1_104' title="bbox 2157 4009 3816 4084; baseline -0.007 -12"><span class='ocrx_word' id='word_1_854' title='bbox 2157 4017 2323 4072; x_wconf 90' lang='lat' dir='ltr'><strong>litatis</strong></span> <span class='ocrx_word' id='word_1_855' title='bbox 2336 4023 2390 4070; x_wconf 90' lang='lat' dir='ltr'><strong>et</strong></span> <span class='ocrx_word' id='word_1_856' title='bbox 2409 4013 2838 4084; x_wconf 86' lang='lat' dir='ltr'><strong>incorruptionis,</strong></span> <span class='ocrx_word' id='word_1_857' title='bbox 2859 4026 2961 4084; x_wconf 84' lang='lat' dir='ltr'><strong>qua</strong></span> <span class='ocrx_word' id='word_1_858' title='bbox 2978 4012 3258 4066; x_wconf 89' lang='lat' dir='ltr'><strong>induemur</strong></span> <span class='ocrx_word' id='word_1_859' title='bbox 3273 4011 3324 4064; x_wconf 90' lang='lat' dir='ltr'><strong>in</strong></span> <span class='ocrx_word' id='word_1_860' title='bbox 3344 4009 3736 4065; x_wconf 88' lang='lat' dir='ltr'><strong>resurrectione</strong></span> <span class='ocrx_word' id='word_1_861' title='bbox 3797 4076 3816 4082; x_wconf 89' lang='lat'><em>_</em></span> 
     </span>
    </p>
   </div>
   <div class='ocr_carea' id='block_1_105' title="bbox 2159 4100 3734 4175">
    <p class='ocr_par' dir='ltr' id='par_1_105' title="bbox 2159 4100 3734 4175">
     <span class='ocr_line' id='line_1_105' title="bbox 2159 4100 3734 4175; baseline -0.004 -13"><span class='ocrx_word' id='word_1_862' title='bbox 2159 4116 2508 4163; x_wconf 87' lang='lat' dir='ltr'><strong>mortuorum.</strong></span> <span class='ocrx_word' id='word_1_863' title='bbox 2536 4105 2670 4162; x_wconf 85' lang='lat' dir='ltr'><strong>Nam</strong></span> <span class='ocrx_word' id='word_1_864' title='bbox 2693 4114 2748 4161; x_wconf 91' lang='lat' dir='ltr'><strong>et</strong></span> <span class='ocrx_word' id='word_1_865' title='bbox 2775 4106 2944 4174; x_wconf 89' lang='lat' dir='ltr'><strong>ipsam</strong></span> <span class='ocrx_word' id='word_1_866' title='bbox 2982 4103 3239 4158; x_wconf 90' lang='lat' dir='ltr'><strong>Dominus</strong></span> <span class='ocrx_word' id='word_1_867' title='bbox 3274 4100 3734 4175; x_wconf 75' lang='lat' dir='ltr'><strong>regenerationem</strong></span> 
     </span>
    </p>
   </div>
   <div class='ocr_carea' id='block_1_106' title="bbox 2159 4192 3732 4267">
    <p class='ocr_par' dir='ltr' id='par_1_106' title="bbox 2159 4192 3732 4267">
     <span class='ocr_line' id='line_1_106' title="bbox 2159 4192 3732 4267; baseline -0.004 -14"><span class='ocrx_word' id='word_1_868' title='bbox 2159 4208 2341 4264; x_wconf 90' lang='lat' dir='ltr'><strong>vocat,</strong></span> <span class='ocrx_word' id='word_1_869' title='bbox 2371 4212 2476 4252; x_wconf 93' lang='lat' dir='ltr'><strong>non</strong></span> <span class='ocrx_word' id='word_1_870' title='bbox 2525 4199 2705 4267; x_wconf 89' lang='lat' dir='ltr'><strong>utique</strong></span> <span class='ocrx_word' id='word_1_871' title='bbox 2741 4197 2901 4252; x_wconf 89' lang='lat' dir='ltr'><strong>talem</strong></span> <span class='ocrx_word' id='word_1_872' title='bbox 2942 4195 3112 4266; x_wconf 87' lang='lat' dir='ltr'><strong>qualis</strong></span> <span class='ocrx_word' id='word_1_873' title='bbox 3160 4193 3218 4249; x_wconf 92' lang='lat' dir='ltr'><strong>ﬁt</strong></span> <span class='ocrx_word' id='word_1_874' title='bbox 3259 4209 3354 4264; x_wconf 89' lang='lat' dir='ltr'><strong>per</strong></span> <span class='ocrx_word' id='word_1_875' title='bbox 3384 4192 3732 4262; x_wconf 85' lang='lat' dir='ltr'><strong>Daptismum,</strong></span> 
     </span>
    </p>
   </div>
   <div class='ocr_carea' id='block_1_107' title="bbox 2160 4283 3734 4358">
    <p class='ocr_par' dir='ltr' id='par_1_107' title="bbox 2160 4283 3734 4358">
     <span class='ocr_line' id='line_1_107' title="bbox 2160 4283 3734 4358; baseline -0.006 -14"><span class='ocrx_word' id='word_1_876' title='bbox 2160 4289 2254 4344; x_wconf 88' lang='lat' dir='ltr'><strong>sed</strong></span> <span class='ocrx_word' id='word_1_877' title='bbox 2283 4289 2336 4342; x_wconf 90' lang='lat' dir='ltr'><strong>in</strong></span> <span class='ocrx_word' id='word_1_878' title='bbox 2359 4303 2462 4358; x_wconf 89' lang='lat' dir='ltr'><strong>qua</strong></span> <span class='ocrx_word' id='word_1_879' title='bbox 2483 4289 2642 4343; x_wconf 86' lang='lat' dir='ltr'><strong>etiam</strong></span> <span class='ocrx_word' id='word_1_880' title='bbox 2673 4287 2724 4342; x_wconf 92' lang='lat' dir='ltr'><strong>in</strong></span> <span class='ocrx_word' id='word_1_881' title='bbox 2751 4300 2977 4356; x_wconf 86' lang='lat' dir='ltr'><strong>corpore</strong></span> <span class='ocrx_word' id='word_1_882' title='bbox 2995 4285 3295 4357; x_wconf 87' lang='lat' dir='ltr'><strong>perﬁcietur</strong></span> <span class='ocrx_word' id='word_1_883' title='bbox 3313 4283 3453 4354; x_wconf 91' lang='lat' dir='ltr'><strong>quod</strong></span> <span class='ocrx_word' id='word_1_884' title='bbox 3475 4297 3612 4338; x_wconf 86' lang='lat' dir='ltr'><strong>nunc</strong></span> <span class='ocrx_word' id='word_1_885' title='bbox 3623 4283 3734 4352; x_wconf 87' lang='lat' dir='ltr'><strong>spi-</strong></span> 
     </span>
    </p>
   </div>
   <div class='ocr_carea' id='block_1_108' title="bbox 2161 4373 3736 4448">
    <p class='ocr_par' dir='ltr' id='par_1_108' title="bbox 2161 4373 3736 4448">
     <span class='ocr_line' id='line_1_108' title="bbox 2161 4373 3736 4448; baseline -0.005 -15"><span class='ocrx_word' id='word_1_886' title='bbox 2161 4379 2264 4434; x_wconf 87' lang='lat' dir='ltr'><strong>ritu</strong></span> <span class='ocrx_word' id='word_1_887' title='bbox 2304 4379 2602 4433; x_wconf 89' lang='lat' dir='ltr'><strong>lnchoatur.</strong></span> <span class='ocrx_word' id='word_1_888' title='bbox 2637 4377 2706 4432; x_wconf 85' lang='lat' dir='ltr'><strong>In</strong></span> <span class='ocrx_word' id='word_1_889' title='bbox 2739 4377 3147 4448; x_wconf 82' lang='lat' dir='ltr'><strong>regeneratione,</strong></span> <span class='ocrx_word' id='word_1_890' title='bbox 3175 4375 3374 4444; x_wconf 91' lang='lat' dir='ltr'><strong>inquit,</strong></span> <span class='ocrx_word' id='word_1_891' title='bbox 3407 4390 3522 4428; x_wconf 89' lang='lat' dir='ltr'><strong>cum</strong></span> <span class='ocrx_word' id='word_1_892' title='bbox 3547 4373 3736 4428; x_wconf 84' lang='lat' dir='ltr'><strong>sederit</strong></span> 
     </span>
    </p>
   </div>
   <div class='ocr_carea' id='block_1_109' title="bbox 2162 4463 3741 4538">
    <p class='ocr_par' dir='ltr' id='par_1_109' title="bbox 2162 4463 3741 4538">
     <span class='ocr_line' id='line_1_109' title="bbox 2162 4463 3741 4538; baseline -0.003 -16"><span class='ocrx_word' id='word_1_893' title='bbox 2162 4468 2330 4524; x_wconf 81' lang='lat' dir='ltr'><strong>Filius</strong></span> <span class='ocrx_word' id='word_1_894' title='bbox 2359 4469 2576 4524; x_wconf 83' lang='lat' dir='ltr'><strong>hominis</strong></span> <span class='ocrx_word' id='word_1_895' title='bbox 2604 4470 2654 4522; x_wconf 88' lang='lat' dir='ltr'><strong>in</strong></span> <span class='ocrx_word' id='word_1_896' title='bbox 2681 4468 2798 4524; x_wconf 84' lang='lat' dir='ltr'><strong>sede</strong></span> <span class='ocrx_word' id='word_1_897' title='bbox 2820 4466 3099 4538; x_wconf 81' lang='lat' dir='ltr'><strong>majestatis</strong></span> <span class='ocrx_word' id='word_1_898' title='bbox 3125 4480 3248 4530; x_wconf 71' lang='lat' dir='ltr'><strong>sua&#39;,</strong></span> <span class='ocrx_word' id='word_1_899' title='bbox 3291 4463 3521 4518; x_wconf 83' lang='lat' dir='ltr'><strong>sedcbitis</strong></span> <span class='ocrx_word' id='word_1_900' title='bbox 3565 4471 3610 4516; x_wconf 89' lang='lat' dir='ltr'><strong>ct</strong></span> <span class='ocrx_word' id='word_1_901' title='bbox 3647 4477 3741 4517; x_wconf 85' lang='lat' dir='ltr'><strong>vos</strong></span> 
     </span>
    </p>
   </div>
   <div class='ocr_carea' id='block_1_110' title="bbox 2159 4549 3758 4632">
    <p class='ocr_par' dir='ltr' id='par_1_110' title="bbox 2159 4549 3758 4632">
     <span class='ocr_line' id='line_1_110' title="bbox 2159 4549 3758 4632; baseline -0.006 -17"><span class='ocrx_word' id='word_1_902' title='bbox 2159 4577 2312 4632; x_wconf 82' lang='lat' dir='ltr'><strong>super</strong></span> <span class='ocrx_word' id='word_1_903' title='bbox 2337 4559 2601 4615; x_wconf 83' lang='lat' dir='ltr'><strong>duodecim</strong></span> <span class='ocrx_word' id='word_1_904' title='bbox 2621 4560 2780 4626; x_wconf 86' lang='lat' dir='ltr'><strong>sedes,</strong></span> <span class='ocrx_word' id='word_1_905' title='bbox 2799 4557 3088 4630; x_wconf 71' lang='lat' dir='ltr'><strong>iudicantes</strong></span> <span class='ocrx_word' id='word_1_906' title='bbox 3107 4554 3370 4610; x_wconf 84' lang='lat' dir='ltr'><strong>duodecim</strong></span> <span class='ocrx_word' id='word_1_907' title='bbox 3392 4552 3547 4608; x_wconf 84' lang='lat' dir='ltr'><strong>tribus</strong></span> <span class='ocrx_word' id='word_1_908' title='bbox 3567 4549 3758 4622; x_wconf 40' lang='lat' dir='ltr'><strong>Israel.</strong></span> 
     </span>
    </p>
   </div>
   <div class='ocr_carea' id='block_1_111' title="bbox 2165 4643 3746 4723">
    <p class='ocr_par' dir='ltr' id='par_1_111' title="bbox 2165 4643 3746 4723">
     <span class='ocr_line' id='line_1_111' title="bbox 2165 4643 3746 4723; baseline -0.006 -18"><span class='ocrx_word' id='word_1_909' title='bbox 2165 4649 2375 4722; x_wconf 72' lang='lat' dir='ltr'><strong>(Matth.</strong></span> <span class='ocrx_word' id='word_1_910' title='bbox 2402 4665 2512 4712; x_wconf 72' lang='lat' dir='ltr'><strong>nx.</strong></span> <span class='ocrx_word' id='word_1_911' title='bbox 2541 4649 2654 4723; x_wconf 75' lang='grc'><strong>28),</strong></span> <span class='ocrx_word' id='word_1_912' title='bbox 2700 4648 2834 4705; x_wconf 84' lang='lat' dir='ltr'><strong>Nam</strong></span> <span class='ocrx_word' id='word_1_913' title='bbox 2874 4648 2925 4702; x_wconf 92' lang='lat' dir='ltr'><strong>in</strong></span> <span class='ocrx_word' id='word_1_914' title='bbox 2972 4646 3242 4716; x_wconf 87' lang='lat' dir='ltr'><strong>Baptismo</strong></span> <span class='ocrx_word' id='word_1_915' title='bbox 3262 4643 3504 4714; x_wconf 86' lang='lat' dir='ltr'><strong>quamvis</strong></span> <span class='ocrx_word' id='word_1_916' title='bbox 3533 4649 3638 4696; x_wconf 89' lang='lat' dir='ltr'><strong>tota</strong></span> <span class='ocrx_word' id='word_1_917' title='bbox 3682 4649 3746 4696; x_wconf 85' lang='lat' dir='ltr'><strong>et</strong></span> 
     </span>
    </p>
   </div>
   <div class='ocr_carea' id='block_1_112' title="bbox 2161 4733 3745 4813">
    <p class='ocr_par' dir='ltr' id='par_1_112' title="bbox 2161 4733 3745 4813">
     <span class='ocr_line' id='line_1_112' title="bbox 2161 4733 3745 4813; baseline -0.005 -17"><span class='ocrx_word' id='word_1_918' title='bbox 2161 4743 2317 4813; x_wconf 91' lang='lat' dir='ltr'><strong>plena</strong></span> <span class='ocrx_word' id='word_1_919' title='bbox 2364 4742 2453 4796; x_wconf 83' lang='lat' dir='ltr'><strong>ﬁat</strong></span> <span class='ocrx_word' id='word_1_920' title='bbox 2501 4742 2746 4798; x_wconf 81' lang='lat' dir='ltr'><strong>remissio</strong></span> <span class='ocrx_word' id='word_1_921' title='bbox 2795 4747 3128 4810; x_wconf 88' lang='lat' dir='ltr'><strong>peccatorum</strong></span> <span class='ocrx_word' id='word_1_922' title='bbox 3149 4779 3166 4804; x_wconf 93' lang='lat'><strong>,</strong></span> <span class='ocrx_word' id='word_1_923' title='bbox 3209 4745 3385 4791; x_wconf 86' lang='lat' dir='ltr'><strong>tamen</strong></span> <span class='ocrx_word' id='word_1_924' title='bbox 3411 4735 3453 4789; x_wconf 93' lang='lat' dir='ltr'><strong>si</strong></span> <span class='ocrx_word' id='word_1_925' title='bbox 3483 4733 3745 4790; x_wconf 84' lang='lat' dir='ltr'><strong>continuo</strong></span> 
     </span>
    </p>
   </div>
   <div class='ocr_carea' id='block_1_113' title="bbox 2163 4825 3744 4904">
    <p class='ocr_par' dir='ltr' id='par_1_113' title="bbox 2163 4825 3744 4904">
     <span class='ocr_line' id='line_1_113' title="bbox 2163 4825 3744 4904; baseline -0.006 -16"><span class='ocrx_word' id='word_1_926' title='bbox 2163 4843 2270 4890; x_wconf 90' lang='lat' dir='ltr'><strong>tota</strong></span> <span class='ocrx_word' id='word_1_927' title='bbox 2301 4843 2354 4890; x_wconf 91' lang='lat' dir='ltr'><strong>et</strong></span> <span class='ocrx_word' id='word_1_928' title='bbox 2382 4833 2533 4904; x_wconf 87' lang='lat' dir='ltr'><strong>plena</strong></span> <span class='ocrx_word' id='word_1_929' title='bbox 2579 4832 2736 4889; x_wconf 87' lang='lat' dir='ltr'><strong>etiam</strong></span> <span class='ocrx_word' id='word_1_930' title='bbox 2768 4830 2997 4886; x_wconf 90' lang='lat' dir='ltr'><strong>hominis</strong></span> <span class='ocrx_word' id='word_1_931' title='bbox 3017 4829 3038 4861; x_wconf 85' lang='grc'>⁸</span> <span class='ocrx_word' id='word_1_932' title='bbox 3067 4829 3121 4884; x_wconf 92' lang='lat' dir='ltr'><strong>in</strong></span> <span class='ocrx_word' id='word_1_933' title='bbox 3163 4835 3420 4882; x_wconf 78' lang='lat' dir='ltr'><strong>:eternam</strong></span> <span class='ocrx_word' id='word_1_934' title='bbox 3451 4825 3744 4880; x_wconf 87' lang='lat' dir='ltr'><strong>novitatem</strong></span> 
     </span>
    </p>
   </div>
   <div class='ocr_carea' id='block_1_114' title="bbox 2162 4913 3745 4991">
    <p class='ocr_par' dir='ltr' id='par_1_114' title="bbox 2162 4913 3745 4991">
     <span class='ocr_line' id='line_1_114' title="bbox 2162 4913 3745 4991; baseline -0.008 -12"><span class='ocrx_word' id='word_1_935' title='bbox 2162 4925 2384 4979; x_wconf 87' lang='lat' dir='ltr'><strong>mutatio</strong></span> <span class='ocrx_word' id='word_1_936' title='bbox 2412 4923 2562 4991; x_wconf 82' lang='lat' dir='ltr'><strong>ﬁeret</strong></span> <span class='ocrx_word' id='word_1_937' title='bbox 2585 4964 2600 4986; x_wconf 92' lang='lat'><strong>,</strong></span> <span class='ocrx_word' id='word_1_938' title='bbox 2632 4938 2736 4977; x_wconf 91' lang='lat' dir='ltr'><strong>non</strong></span> <span class='ocrx_word' id='word_1_939' title='bbox 2767 4920 2887 4976; x_wconf 88' lang='lat' dir='ltr'><strong>dico</strong></span> <span class='ocrx_word' id='word_1_940' title='bbox 2911 4929 2967 4976; x_wconf 91' lang='lat' dir='ltr'><strong>et</strong></span> <span class='ocrx_word' id='word_1_941' title='bbox 3009 4919 3066 4973; x_wconf 89' lang='lat' dir='ltr'><strong>in</strong></span> <span class='ocrx_word' id='word_1_942' title='bbox 3113 4931 3357 4988; x_wconf 80' lang='lat' dir='ltr'><strong>corpore,</strong></span> <span class='ocrx_word' id='word_1_943' title='bbox 3397 4913 3540 4986; x_wconf 89' lang='lat' dir='ltr'><strong>quod</strong></span> <span class='ocrx_word' id='word_1_944' title='bbox 3585 4920 3745 4969; x_wconf 86' lang='lat' dir='ltr'><strong>certe</strong></span> 
     </span>
    </p>
   </div>
   <div class='ocr_carea' id='block_1_115' title="bbox 2163 5007 3751 5078">
    <p class='ocr_par' dir='ltr' id='par_1_115' title="bbox 2163 5007 3751 5078">
     <span class='ocr_line' id='line_1_115' title="bbox 2163 5007 3751 5078; baseline -0.004 -9"><span class='ocrx_word' id='word_1_945' title='bbox 2163 5013 2500 5069; x_wconf 79' lang='lat' dir='ltr'><strong>manifestum</strong></span> <span class='ocrx_word' id='word_1_946' title='bbox 2525 5022 2608 5068; x_wconf 91' lang='lat' dir='ltr'><strong>est</strong></span> <span class='ocrx_word' id='word_1_947' title='bbox 2629 5012 2806 5066; x_wconf 89' lang='lat' dir='ltr'><strong>adhuc</strong></span> <span class='ocrx_word' id='word_1_948' title='bbox 2827 5011 2880 5066; x_wconf 91' lang='lat' dir='ltr'><strong>in</strong></span> <span class='ocrx_word' id='word_1_949' title='bbox 2900 5018 3133 5066; x_wconf 87' lang='lat' dir='ltr'><strong>veterem</strong></span> <span class='ocrx_word' id='word_1_950' title='bbox 3160 5007 3553 5078; x_wconf 87' lang='lat' dir='ltr'><strong>corruptionem</strong></span> <span class='ocrx_word' id='word_1_951' title='bbox 3577 5015 3751 5075; x_wconf 78' lang='lat' dir='ltr'><strong>atque</strong></span> 
     </span>
    </p>
   </div>
   <div class='ocr_carea' id='block_1_116' title="bbox 2163 5095 3746 5170">
    <p class='ocr_par' dir='ltr' id='par_1_116' title="bbox 2163 5095 3746 5170">
     <span class='ocr_line' id='line_1_116' title="bbox 2163 5095 3746 5170; baseline -0.005 -10"><span class='ocrx_word' id='word_1_952' title='bbox 2163 5105 2214 5160; x_wconf 90' lang='lat' dir='ltr'><strong>in</strong></span> <span class='ocrx_word' id='word_1_953' title='bbox 2272 5111 2500 5159; x_wconf 91' lang='lat' dir='ltr'><strong>mortem</strong></span> <span class='ocrx_word' id='word_1_954' title='bbox 2552 5102 2811 5167; x_wconf 90' lang='lat' dir='ltr'><strong>tendere,</strong></span> <span class='ocrx_word' id='word_1_955' title='bbox 2861 5102 2912 5156; x_wconf 91' lang='lat' dir='ltr'><strong>in</strong></span> <span class='ocrx_word' id='word_1_956' title='bbox 2967 5101 3073 5156; x_wconf 84' lang='lat' dir='ltr'><strong>ﬁne</strong></span> <span class='ocrx_word' id='word_1_957' title='bbox 3118 5110 3299 5170; x_wconf 89' lang='lat' dir='ltr'><strong>postea</strong></span> <span class='ocrx_word' id='word_1_958' title='bbox 3349 5095 3746 5162; x_wconf 81' lang='lat' dir='ltr'><strong>renovandum,</strong></span> 
     </span>
    </p>
   </div>
   <div class='ocr_carea' id='block_1_117' title="bbox 2163 5190 3751 5265">
    <p class='ocr_par' dir='ltr' id='par_1_117' title="bbox 2163 5190 3751 5265">
     <span class='ocr_line' id='line_1_117' title="bbox 2163 5190 3751 5265; baseline -0.004 -17"><span class='ocrx_word' id='word_1_959' title='bbox 2163 5193 2375 5265; x_wconf 83' lang='lat' dir='ltr'><strong>quando</strong></span> <span class='ocrx_word' id='word_1_960' title='bbox 2403 5209 2528 5250; x_wconf 89' lang='lat' dir='ltr'><strong>vere</strong></span> <span class='ocrx_word' id='word_1_961' title='bbox 2553 5201 2659 5248; x_wconf 85' lang='lat' dir='ltr'><strong>tcta</strong></span> <span class='ocrx_word' id='word_1_962' title='bbox 2689 5193 2894 5248; x_wconf 83' lang='lat' dir='ltr'><strong>novitas</strong></span> <span class='ocrx_word' id='word_1_963' title='bbox 2919 5193 3023 5247; x_wconf 90' lang='lat' dir='ltr'><strong>erit</strong></span> <span class='ocrx_word' id='word_1_964' title='bbox 3057 5211 3070 5247; x_wconf 90' lang='lat'>:</span> <span class='ocrx_word' id='word_1_965' title='bbox 3111 5190 3204 5246; x_wconf 90' lang='lat' dir='ltr'><strong>sed</strong></span> <span class='ocrx_word' id='word_1_966' title='bbox 3230 5197 3452 5260; x_wconf 81' lang='lat' dir='ltr'><strong>excepto</strong></span> <span class='ocrx_word' id='word_1_967' title='bbox 3479 5201 3708 5256; x_wconf 86' lang='lat' dir='ltr'><strong>corpore</strong></span> <span class='ocrx_word' id='word_1_968' title='bbox 3731 5229 3751 5255; x_wconf 85' lang='lat'><strong>,</strong></span> 
     </span>
    </p>
   </div>
   <div class='ocr_carea' id='block_1_118' title="bbox 2163 5277 3752 5355">
    <p class='ocr_par' dir='ltr' id='par_1_118' title="bbox 2163 5277 3752 5355">
     <span class='ocr_line' id='line_1_118' title="bbox 2163 5277 3752 5355; baseline -0.005 -16"><span class='ocrx_word' id='word_1_969' title='bbox 2163 5286 2207 5339; x_wconf 93' lang='lat' dir='ltr'><strong>si</strong></span> <span class='ocrx_word' id='word_1_970' title='bbox 2255 5285 2308 5340; x_wconf 91' lang='lat' dir='ltr'><strong>in</strong></span> <span class='ocrx_word' id='word_1_971' title='bbox 2351 5285 2464 5355; x_wconf 86' lang='lat' dir='ltr'><strong>ipso</strong></span> <span class='ocrx_word' id='word_1_972' title='bbox 2507 5283 2685 5338; x_wconf 90' lang='lat' dir='ltr'><strong>animo</strong></span> <span class='ocrx_word' id='word_1_973' title='bbox 2729 5284 2816 5354; x_wconf 88' lang='lat' dir='ltr'><strong>qui</strong></span> <span class='ocrx_word' id='word_1_974' title='bbox 2848 5290 2928 5338; x_wconf 90' lang='lat' dir='ltr'><strong>est</strong></span> <span class='ocrx_word' id='word_1_975' title='bbox 2961 5282 3119 5336; x_wconf 88' lang='lat' dir='ltr'><strong>homo</strong></span> <span class='ocrx_word' id='word_1_976' title='bbox 3147 5279 3388 5344; x_wconf 87' lang='lat' dir='ltr'><strong>interior,</strong></span> <span class='ocrx_word' id='word_1_977' title='bbox 3419 5277 3654 5348; x_wconf 78' lang='lat' dir='ltr'><strong>perlecta</strong></span> <span class='ocrx_word' id='word_1_978' title='bbox 3689 5277 3752 5331; x_wconf 90' lang='lat' dir='ltr'><strong>in</strong></span> 
     </span>
    </p>
   </div>
   <div class='ocr_carea' id='block_1_119' title="bbox 2229 5435 3672 5510">
    <p class='ocr_par' dir='ltr' id='par_1_119' title="bbox 2229 5435 3672 5510">
     <span class='ocr_line' id='line_1_119' title="bbox 2229 5435 3672 5510; baseline -0.004 -18"><span class='ocrx_word' id='word_1_979' title='bbox 2229 5445 2243 5510; x_wconf 66' lang='grc' dir='ltr'><strong>ξ</strong></span> <span class='ocrx_word' id='word_1_980' title='bbox 2281 5451 2388 5493; x_wconf 78' lang='lat' dir='ltr'><strong>Lov.</strong></span> <span class='ocrx_word' id='word_1_981' title='bbox 2421 5450 2473 5494; x_wconf 87' lang='lat' dir='ltr'><strong>et</strong></span> <span class='ocrx_word' id='word_1_982' title='bbox 2498 5445 2682 5510; x_wconf 77' lang='lat' dir='ltr'><strong>aliquot</strong></span> <span class='ocrx_word' id='word_1_983' title='bbox 2712 5453 2839 5510; x_wconf 71' lang='lat' dir='ltr'><strong>Mss,</strong></span> <span class='ocrx_word' id='word_1_984' title='bbox 2872 5455 3098 5510; x_wconf 74' lang='lat' dir='ltr'><strong>renovare</strong></span> <span class='ocrx_word' id='word_1_985' title='bbox 3106 5439 3394 5510; x_wconf 62' lang='lat' dir='ltr'><strong>interiorem</strong></span> <span class='ocrx_word' id='word_1_986' title='bbox 3417 5435 3672 5510; x_wconf 68' lang='lat' dir='ltr'><strong>hominem.</strong></span> 
     </span>
    </p>
   </div>
   <div class='ocr_carea' id='block_1_120' title="bbox 2227 5501 3746 5568">
    <p class='ocr_par' dir='ltr' id='par_1_120' title="bbox 2227 5501 3746 5568">
     <span class='ocr_line' id='line_1_120' title="bbox 2227 5501 3746 5568; baseline -0.003 -15"><span class='ocrx_word' id='word_1_987' title='bbox 2227 5507 2246 5536; x_wconf 80' lang='grc'>²</span> <span class='ocrx_word' id='word_1_988' title='bbox 2281 5512 2403 5564; x_wconf 80' lang='lat' dir='ltr'><strong>Post,</strong></span> <span class='ocrx_word' id='word_1_989' title='bbox 2427 5503 2509 5568; x_wconf 85' lang='lat' dir='ltr'><strong>qui</strong></span> <span class='ocrx_word' id='word_1_990' title='bbox 2529 5501 2630 5561; x_wconf 77' lang='lat' dir='ltr'><strong>inin</strong></span> <span class='ocrx_word' id='word_1_991' title='bbox 2649 5505 2792 5568; x_wconf 84' lang='lat' dir='ltr'><strong>sapit,</strong></span> <span class='ocrx_word' id='word_1_992' title='bbox 2819 5501 2863 5554; x_wconf 82' lang='lat' dir='ltr'><strong>in</strong></span> <span class='ocrx_word' id='word_1_993' title='bbox 2887 5506 3029 5555; x_wconf 83' lang='lat' dir='ltr'><strong>editis</strong></span> <span class='ocrx_word' id='word_1_994' title='bbox 3060 5504 3298 5568; x_wconf 85' lang='lat' dir='ltr'><strong>adjectum</strong></span> <span class='ocrx_word' id='word_1_995' title='bbox 3333 5501 3522 5568; x_wconf 78' lang='lat' dir='ltr'><strong>fuerat,</strong></span> <span class='ocrx_word' id='word_1_996' title='bbox 3554 5501 3604 5550; x_wconf 82' lang='lat' dir='ltr'><strong>in</strong></span> <span class='ocrx_word' id='word_1_997' title='bbox 3637 5507 3746 5550; x_wconf 76' lang='lat' dir='ltr'><strong>tart-</strong></span> 
     </span>
    </p>
   </div>
   <div class='ocr_carea' id='block_1_121' title="bbox 2165 5565 3526 5626">
    <p class='ocr_par' dir='ltr' id='par_1_121' title="bbox 2165 5565 3526 5626">
     <span class='ocr_line' id='line_1_121' title="bbox 2165 5565 3526 5626; baseline -0.003 -12"><span class='ocrx_word' id='word_1_998' title='bbox 2165 5571 2266 5614; x_wconf 85' lang='lat' dir='ltr'><strong>tnm</strong></span> <span class='ocrx_word' id='word_1_999' title='bbox 2287 5565 2554 5617; x_wconf 62' lang='lat' dir='ltr'><strong>renovatur.</strong></span> <span class='ocrx_word' id='word_1_1000' title='bbox 2591 5568 2636 5616; x_wconf 89' lang='lat' dir='ltr'><strong>Id</strong></span> <span class='ocrx_word' id='word_1_1001' title='bbox 2661 5565 2780 5618; x_wconf 80' lang='lat' dir='ltr'><strong>vero</strong></span> <span class='ocrx_word' id='word_1_1002' title='bbox 2797 5582 2894 5617; x_wconf 87' lang='lat' dir='ltr'><strong>non</strong></span> <span class='ocrx_word' id='word_1_1003' title='bbox 2919 5573 3077 5616; x_wconf 74' lang='lat' dir='ltr'><strong>exstat</strong></span> <span class='ocrx_word' id='word_1_1004' title='bbox 3103 5566 3150 5615; x_wconf 91' lang='lat' dir='ltr'><strong>in</strong></span> <span class='ocrx_word' id='word_1_1005' title='bbox 3173 5565 3526 5626; x_wconf 69' lang='lat' dir='ltr'><strong>nunuscriplis.</strong></span> 
     </span>
    </p>
   </div>
   <div class='ocr_carea' id='block_1_122' title="bbox 2231 5629 3399 5687">
    <p class='ocr_par' dir='ltr' id='par_1_122' title="bbox 2231 5629 3399 5687">
     <span class='ocr_line' id='line_1_122' title="bbox 2231 5629 3399 5687; baseline 0.003 -12"><span class='ocrx_word' id='word_1_1006' title='bbox 2231 5629 2250 5658; x_wconf 78' lang='grc'><strong><em>³</em></strong></span> <span class='ocrx_word' id='word_1_1007' title='bbox 2284 5635 2383 5678; x_wconf 80' lang='lat' dir='ltr'><strong>nuo</strong></span> <span class='ocrx_word' id='word_1_1008' title='bbox 2407 5637 2532 5687; x_wconf 72' lang='lat' dir='ltr'><strong>Mss,</strong></span> <span class='ocrx_word' id='word_1_1009' title='bbox 2551 5642 2642 5679; x_wconf 88' lang='lat' dir='ltr'><strong>non</strong></span> <span class='ocrx_word' id='word_1_1010' title='bbox 2663 5629 2836 5681; x_wconf 78' lang='lat' dir='ltr'><strong>ntinus.</strong></span> <span class='ocrx_word' id='word_1_1011' title='bbox 3392 5647 3399 5654; x_wconf 92' lang='grc'><strong>·</strong></span> 
     </span>
    </p>
   </div>
   <div class='ocr_carea' id='block_1_123' title="bbox 2233 5687 2962 5756">
    <p class='ocr_par' dir='ltr' id='par_1_123' title="bbox 2233 5687 2962 5756">
     <span class='ocr_line' id='line_1_123' title="bbox 2233 5687 2962 5756; baseline 0 -19"><span class='ocrx_word' id='word_1_1012' title='bbox 2233 5691 2303 5751; x_wconf 20' lang='grc' dir='ltr'><strong>(ια)</strong></span> <span class='ocrx_word' id='word_1_1013' title='bbox 2327 5697 2503 5755; x_wconf 70' lang='lat' dir='ltr'><strong>Graece,</strong></span> <span class='ocrx_word' id='word_1_1014' title='bbox 2523 5693 2724 5744; x_wconf 72' lang='lat' dir='ltr'><strong>(anemoi</strong></span> <span class='ocrx_word' id='word_1_1015' title='bbox 2746 5703 2834 5756; x_wconf 84' lang='lat' dir='ltr'><strong>gar</strong></span> <span class='ocrx_word' id='word_1_1016' title='bbox 2857 5687 2962 5740; x_wconf 77' lang='lat' dir='ltr'><strong>eisi.</strong></span> 
     </span>
    </p>
   </div>
  </div>
