4002 6180
1917 111 1954 154 Α

469 278 573 349 (βε

469 389 715 456 Daniele,
737 387 912 459 iustos
941 384 1308 446 continentes;
1351 381 1403 436 in
1433 379 1556 444 Job,
1579 379 1756 447 justus
1789 376 2044 456 coniuga-

469 491 556 536 tos
577 483 592 513 ‘
633 498 648 533 :
677 492 731 536 ct
772 479 818 534 si
859 476 980 547 quis
1020 484 1104 530 est
1143 472 1276 528 forte
1312 473 1446 526 alius
1481 470 1781 526 intellectus
1805 511 1818 534 ,
1849 468 1916 522 de
1942 482 2050 538 quo

469 586 614 626 nunc
643 585 748 626 non
772 577 853 624 est
881 579 1098 622 necesse
1123 563 1439 632 disquirere.
1461 560 1837 616 Verumtamen
1851 567 2050 628 quanta

472 665 558 721 isti
581 663 784 732 justitia
810 655 1264 730 praeeminuerint,
1289 661 1346 709 et
1370 654 1472 708 hoc
1499 651 1829 723 prophetico,
1855 659 1910 704 et
1931 649 2049 704 aliis

471 755 666 810 divinis
701 747 1023 808 testimoniis
1051 747 1180 803 satis
1208 753 1450 815 apparet.
1480 743 1590 798 Nec
1617 741 1738 797 ideo
1764 741 2049 812 quisquam

469 843 683 899 sobrius
710 841 906 896 dixerit
929 839 1241 896 ebrietatem
1281 852 1386 890 non
1425 849 1546 890 esse
1576 841 1848 904 peccatum
1871 871 1886 899 ,
1933 847 2054 899 qua:

473 944 652 988 tamen
681 931 950 1001 subrepsit
975 937 1125 984 tanto
1152 927 1306 982 viro:
1330 941 1454 979 nam
1480 922 1614 988 Noe,
1642 923 1777 977 sicut
1805 921 2052 990 legimus,

471 1027 570 1081 fuit
596 1023 881 1095 aliquando
907 1021 1088 1078 ebrius
1115 1017 1267 1091 (Gen.
1295 1032 1374 1081 ix,
1398 1015 1517 1086 21),
1545 1013 1796 1084 quamvis
1834 1011 1974 1065 absit
1998 1019 2054 1064 ut

471 1118 634 1173 fuerit
656 1116 922 1171 ebriosus.

549 1209 638 1262 l3.
673 1206 854 1260 Daniel
886 1217 1013 1259 vero
1057 1210 1176 1273 post
1216 1200 1512 1257 orationem
1550 1212 1708 1267 quam
1750 1195 1884 1250 ludit
1909 1195 2054 1261 Deo,

478 1299 548 1353 de
573 1298 764 1366 seipse
788 1295 913 1350 dicit
939 1292 1092 1348 :Cum
1112 1309 1328 1366 orarem,
1350 1299 1396 1344 et
1417 1289 1682 1358 confiterer
1699 1294 1902 1356 peccata
1923 1300 2055 1351 mea,

481 1397 530 1442 et
557 1360 760 1457 peccata
787 1383 962 1454 populi
990 1382 1086 1435 mei
1115 1360 1333 1434 Domino
1364 1377 1470 1432 Deo
1511 1392 1618 1430 meo
1655 1373 1816 1446 (Dan.
1846 1390 1919 1437 ix,
1941 1372 2054 1438 20).

485 1478 810 1546 Propterea,
857 1473 956 1528 nisi
1002 1471 1172 1536 fallor,
1201 1485 1297 1540 per
1327 1483 1483 1536 supra
1525 1473 1876 1520 memoratum
1922 1462 2056 1517 Eze-

483 1565 708 1621 t-ltielem
739 1565 946 1619 cuidam
973 1561 1354 1630 superbissimo
1375 1557 1584 1620 dicitur,
1612 1552 1873 1623 Numquid
1897 1563 1951 1606 tu
1971 1568 2058 1606 sa-

482 1657 697 1725 rientior
729 1669 881 1723 quam
924 1651 1108 1705 Daniel
1149 1648 1370 1722 (Eaech.
1404 1661 1596 1713 xxvur,
1621 1645 1716 1716 5)?
1750 1645 1932 1713 Neque
1975 1642 2060 1695 hic

479 1747 582 1800 dici
615 1752 812 1815 potest,
861 1740 1002 1812 quod
1031 1739 1246 1810 quidam
1277 1746 1463 1792 contra
1489 1737 1787 1790 orationem
1827 1731 2060 1786 domini-

479 1855 597 1894 cam
625 1843 1060 1907 argumentantur
1084 1849 1097 1884 :
1131 1830 1264 1896 Quia
1292 1829 1380 1882 etsi
1400 1829 1610 1882 orabant
1639 1843 1768 1892 eam,
1798 1825 2059 1896 inquiunt,

479 1930 644 1984 sancti
662 1938 708 1983 et
739 1927 946 1998 perfecti
965 1927 1078 1998 jam
1099 1923 1350 1992 Apostoli,
1375 1922 1573 1975 nullum
1603 1921 1806 1974 omnino
1827 1917 2063 1971 habentes

481 2029 774 2092 peccatum;
798 2034 899 2071 ηοη
928 2025 1091 2070 tamen
1113 2030 1204 2084 pro
1223 2013 1444 2091 se_ipsis,
1462 2011 1551 2064 sed
1576 2027 1666 2080 pro
1687 2007 1992 2080 imperfectis
2017 2016 2064 2061 et

479 2111 647 2164 adhuc
667 2106 1005 2180 peccatoribus
1027 2103 1290 2168 dicebant,
1331 2121 1350 2154 ι
1379 2101 1590 2155 Dimitte
1609 2100 1754 2154 nobis
1774 2098 1940 2152 debita
1965 2113 2061 2151 no-

481 2213 587 2255 stra
616 2240 631 2266 ,
682 2200 809 2252 sicut
857 2208 904 2251 et
969 2213 1060 2250 nos
1114 2195 1408 2249 dimittimus
1462 2190 1764 2246 debitoribus
1817 2189 2001 2243 nostris
2038 2208 2057 2242 ι

486 2291 696 2362 (Matth.
727 2306 799 2350 γι.
832 2287 952 2358 η).
979 2287 1047 2342 Ut
1077 2303 1168 2356 per
1203 2285 1316 2349 hoc,
1359 2281 1626 2352 inquiunt,
1662 2279 1798 2350 quod
1843 2281 2064 2332 dicerent

489 2401 507 2431 ι
533 2388 726 2443 nostra,
749 2395 768 2428 ι
791 2378 957 2433 inuno
975 2392 1078 2430 esse
1094 2388 1304 2444 corpore
1319 2371 1740 2434 demonstrarent,
1764 2377 1808 2422 et
1827 2368 1942 2421 illos
1965 2367 2062 2420 ad-

483 2471 582 2524 huc
607 2469 840 2523 habentes
859 2475 1083 2537 peccata,
1109 2473 1155 2518 et
1183 2479 1236 2516 se
1258 2461 1394 2532 ipsos
1420 2461 1505 2530 qui
1530 2461 1644 2531 jam
1665 2458 1898 2512 carebant
1929 2457 2066 2512 omni

483 2577 547 2618 ea:
568 2570 711 2630 parte
733 2565 957 2629 peccato.
987 2556 1044 2610 In
1067 2553 1280 2608 Dauiele
1307 2561 1455 2608 certe
1477 2552 1578 2606 hoc
1607 2567 1710 2604 non
1740 2557 1916 2618 potest
1934 2549 2062 2616 dici,

483 2655 595 2724 qui,
620 2663 676 2706 ut
701 2649 882 2716 credo,
916 2657 1163 2718 tanquam
1194 2645 1453 2716 prapheta
1482 2643 1784 2715 praevidens
1810 2641 1946 2696 hanc
1976 2640 2066 2694 ali-

485 2745 699 2818 quando
744 2742 1212 2814 prmsumptioncm
1262 2737 1524 2800 futuram,
1557 2751 1678 2790 cum
1721 2735 1774 2789 ln
1821 2733 2066 2789 oratione

483 2852 626 2906 sepe
675 2835 918 2898 dixisset,
963 2830 1306 2902 peccauimus;
1337 2843 1442 2882 non
1491 2827 1561 2880 ita
1612 2825 1766 2880 nobis
1796 2822 2061 2893 exposuit,

485 2944 580 2983 cur
609 2926 711 2980 hoc
753 2923 966 2987 dixerit,
995 2931 1054 2975 ut
1083 2921 1150 2975 ab
1179 2921 1269 2974 illo
1313 2917 1644 2981 audiremus,
1667 2915 1800 2988 Cum
1827 2928 2061 2978 orarem,

485 3027 542 3072 ct
571 3015 850 3072 confiterer
872 3021 1092 3084 peccata
1117 3012 1138 3042 '
1170 3008 1346 3080 populi
1377 3009 1481 3062 mei
1515 3007 1739 3060 Domino
1769 3005 1879 3061 Deo
1912 3019 2066 3072 meo;

488 3123 588 3164 nec
621 3106 794 3162 adhuc
822 3103 1162 3160 distinctione
1203 3099 1423 3156 confusa
1451 3140 1465 3164 ,
1499 3109 1556 3153 ut
1598 3107 1741 3154 esset
1779 3097 2065 3162 incertum,

489 3208 708 3269 propter
757 3197 914 3252 unius
956 3193 1197 3263 corporis
1239 3190 1547 3262 societatem
1585 3189 1632 3244 si
1676 3189 1912 3254 diceret,
1933 3185 2068 3244 Cum

490 3295 702 3359 peccata
754 3296 934 3341 nostra
979 3284 1268 3340 conﬁterer
1312 3280 1538 3336 Domino
1590 3279 1700 3335 Deo
1739 3293 1861 3334 meo
1909 3292 1924 3331 :
1973 3277 2069 3334 sed

487 3377 709 3433 omnino
739 3385 844 3432 tam
871 3375 1120 3430 distincte
1140 3413 1155 3438 ,
1187 3383 1434 3442 tauquam
1476 3371 1544 3426 de
1573 3370 1686 3440 ipsa
1727 3367 2070 3425 distinctione

489 3477 758 3538 satagens,
785 3480 1012 3536 eamque
1049 3464 1280 3520 maxime
1309 3461 1762 3532 vehementerque
1790 3475 2069 3518 commcn-

488 3559 644 3622 dans,
695 3565 921 3627 peccatu,
967 3555 1160 3626 inquit,
1210 3570 1320 3608 mea
1361 3562 1411 3608 et
1452 3561 1658 3624 peccata
1700 3552 1896 3623 populi.
1940 3551 2072 3619 Quis

493 3651 617 3706 huic
656 3648 936 3706 evidentia:
981 3645 1333 3713 contradicit,
1375 3645 1478 3700 nisi
1506 3659 1666 3716 quem
1696 3644 1814 3714 plus
1841 3643 2072 3700 delectat

489 3742 769 3797 defensam
793 3738 936 3810 quod
961 3738 1143 3804 sentit,
1179 3751 1338 3808 quam
1359 3735 1491 3808 quid
1517 3734 1856 3792 sentiendum
1881 3735 1954 3791 sit
1989 3733 2074 3790 in-

491 3834 704 3890 venire?
1409 3900 1414 3904 .

565 3925 650 3981 14.
689 3922 792 3980 Job
817 3930 992 3978 autem
1017 3931 1138 3992 post
1163 3929 1268 3976 tam
1293 3934 1543 3990 magnum
1562 3917 1629 3975 de
1656 3918 1748 3974 illo
1761 3917 1980 3988 justitim
2003 3926 2074 3974 te-

491 4018 801 4074 stimonium
825 4015 938 4081 Dei,
965 4013 1092 4086 quid
1113 4011 1255 4068 dicat
1279 4013 1396 4083 ipse
1420 4011 1716 4067 videamus.
1749 4007 1817 4064 In
1845 4009 2070 4076 ueritate,

493 4109 682 4178 inquit,
717 4107 822 4163 scio
850 4106 971 4177 quia
1010 4105 1086 4160 ita
1121 4113 1217 4158 est.
1247 4101 1684 4169 Quemadmodum
1729 4101 1862 4156 enim
1900 4100 2074 4171 justus

489 4201 585 4253 erit
617 4198 768 4253 homo
805 4205 921 4250 ante
965 4193 1273 4250 Dominum?
1315 4191 1378 4250 Si
1415 4201 1584 4247 autem
1616 4190 1734 4246 uelit
1775 4189 2077 4271 contendere

493 4305 610 4342 cum
640 4305 720 4356 eo,
755 4303 856 4341 non
893 4286 1073 4356 poterit
1109 4283 1309 4340 obedire
1341 4285 1408 4339 ei.
1436 4284 1501 4338 Et
1530 4283 1688 4354 paulo
1717 4291 1836 4352 post
1863 4300 1877 4336 :
1909 4281 2035 4350 Quis
2054 4320 2070 4346 .

493 4377 685 4447 inquit,
703 4375 902 4446 judicio
931 4375 1040 4446 ejus
1068 4374 1452 4429 adoersabitur?
1477 4375 1626 4442 Quod
1647 4375 1693 4443 si
1720 4378 1862 4437 fuero
1887 4374 2072 4442 iustus,

493 4485 551 4522 os
575 4483 740 4521 meum
768 4467 920 4536 impie
946 4467 1192 4536 loquetur.
1219 4465 1410 4520 lterum
1438 4467 1592 4534 paulo
1617 4475 1736 4534 post
1780 4483 1794 4519 :
1829 4463 1972 4528 Scio,
1997 4464 2078 4519 in-

495 4557 629 4630 tptit,
653 4558 774 4630 quia
791 4556 1094 4628 impunitum
1112 4571 1192 4610 me
1205 4572 1304 4609 non
1329 4555 1554 4609 dimittit.
1581 4555 1715 4623 Quia
1733 4571 1844 4610 sum
1867 4554 2073 4624 impius,

492 4667 652 4724 quare
687 4665 789 4704 non
825 4663 940 4703 sunt
974 4647 1242 4703 mortuus?
1273 4645 1421 4715 Quod
1442 4645 1486 4701 si
1534 4647 1836 4718 puriﬁcatus
1873 4645 2004 4712 nive,
2029 4653 2075 4700 et

494 4743 768 4798 mundatus
795 4745 938 4811 fuero
960 4739 1160 4794 mundis
1179 4739 1426 4804 manibus,
1454 4739 1754 4810 sufficienter
1774 4740 1829 4794 in
1847 4739 2079 4795 sordibus

498 4853 578 4891 me
606 4836 796 4891 tinxisti
817 4832 938 4907 (Job
968 4848 1042 4898 Ix,
1063 4831 1120 4898 2,
1151 4833 1206 4900 3,
1238 4831 1328 4900 l9,
1357 4831 1450 4900 20,
1475 4830 1694 4903 28-51).
1726 4830 1855 4888 Item
1893 4831 1946 4886 in
1972 4830 2079 4886 alio

492 4945 594 4984 suo
637 4942 884 4987 sermone
911 4945 924 4982 :
960 4925 1094 4994 Quia
1123 4924 1488 4994 conscripsisti,
1513 4924 1704 4995 inquit,
1736 4923 1976 4979 adversus
2002 4939 2082 4978 me

463 5047 467 5051 -
495 5021 653 5088 uiala,
681 5030 728 5076 et
753 5015 961 5075 induisti
983 5033 1060 5072 me
1073 5017 1354 5086 iuuentutis
1373 5031 1498 5070 mea:
1525 5023 1733 5086 peccata
1753 5055 1768 5080 ,
1791 5023 1839 5070 et
1867 5015 2081 5085 posuisti

499 5109 675 5178 pedem
701 5126 866 5166 meum
883 5111 938 5164 in
965 5105 1317 5180 prohibitione,
1337 5105 1542 5161 seruain
1567 5105 1738 5158 omnia
1761 5121 1918 5176 opera
1941 5120 2076 5168 mea,

495 5211 544 5255 et
569 5202 620 5254 in
643 5201 837 5256 radices
858 5199 1042 5270 pedum
1080 5214 1306 5254 meorum
1341 5195 1628 5267 inspexisti,
1651 5195 1739 5266 qui
1765 5202 2078 5250 veterascunt

495 5287 624 5348 sicut
675 5303 814 5358 uter,
855 5293 932 5347 vel
971 5292 1100 5347 sicut
1137 5293 1481 5346 uestimentum
1521 5304 1555 5342 a
1598 5288 1733 5342 tinea
1779 5296 2074 5342 comestum.

500 5383 668 5440 Homo
699 5383 829 5454 enim
852 5392 998 5438 natus
1023 5399 1087 5438 ea:
1113 5383 1320 5438 muliere
1347 5381 1490 5453 parvi
1511 5387 1584 5436 est
1613 5379 1869 5450 temporis,
1895 5387 1942 5432 et
1965 5379 2079 5448 ple-

562 5563 577 5592 ι
615 5569 664 5609 tn
683 5567 811 5619 uss,
830 5557 1122 5621 conjngales.

563 5625 582 5654 ³
617 5625 698 5672 ttic
719 5617 844 5681 apud
867 5617 1064 5668 amita.
1101 5625 1154 5667 et
1175 5626 1282 5668 ιον.
1310 5630 1563 5681 perperam
1601 5617 1844 5681 additum,
1869 5630 1975 5670 mea
1997 5625 2042 5670 et
2063 5629 2080 5679 ;

499 5683 627 5754 quod
651 5681 849 5747 quidem
869 5681 1044 5730 merito
1066 5681 1234 5731 aberat
1254 5692 1282 5730 a
1305 5681 1654 5744 mantucriptis.

1443 5909 1471 5916 —

1103 266 1194 325 DE
1231 263 1689 322 PECCATORUM
1727 261 2002 318 MEltlTIS
2041 257 2065 312 Ε

2173 259 2598 330 ιιιςΜιδδιοΝΕ,
2638 263 2696 319 S.
2738 263 3102 322 AUGUSTINI

3635 265 3740 324 100

2156 393 2250 429 nus
2271 377 2550 443 iracundia,
2574 387 2620 433 et
2645 379 2773 432 sicut
2793 380 2889 448 flos
2916 395 3031 432 cum
3049 377 3220 449 ﬂoruit
3250 387 3295 432 et
3320 377 3523 446 decidit,
3549 381 3741 436 disces-

2157 479 2220 521 sit
2245 469 2370 522 sicut
2393 470 2594 534 umbra,
2623 487 2723 524 non
2751 479 2932 524 manet.
2966 469 3150 534 Nonne
3177 481 3223 524 et
3261 471 3415 541 hujus
3449 488 3622 526 curam
3660 475 3737 545 fe-

2156 559 2267 612 cisfi
2291 561 2456 613 venire
2474 560 2526 613 in
2547 560 2800 630 judicium
2824 561 3010 613 tuum?
3037 559 3162 624 Quis
3186 561 3322 614 enim
3342 562 3433 614 erit
3463 562 3680 618 mundus
3705 580 3739 618 α

2157 651 2427 706 sordibus?
2449 651 2613 705 Nemo
2632 694 2648 718 ,
2675 668 2763 705 nec
2788 653 2832 704 si
2857 652 3004 705 unius
3043 652 3142 705 diei
3181 651 3333 722 fuerit
3359 653 3460 706 vita
3497 653 3626 722 ejus.
3675 654 3743 711 Et

2159 741 2316 810 paulo
2346 749 2500 810 post:
2528 741 2886 806 Dinnmerasti,
2917 741 3119 811 inquit,
3151 757 3323 796 omnes
3349 743 3743 798 necessitudines

2159 846 2324 895 meas,
2366 841 2412 884 et
2439 830 2569 884 nihil
2593 840 2640 884 te
2666 831 2812 884 latuit
2846 831 2908 884 de
2947 833 3160 900 peccatis
3188 831 3310 886 meis
3339 849 3358 884 :
3384 833 3594 901 signasti
3623 851 3743 904 pec-

2159 931 2275 974 cata
2298 937 2406 974 mea
2435 924 2485 975 in
2514 921 2739 993 folliculo
2762 963 2778 987 ,
2811 931 2856 976 et
2885 923 3137 976 annotasti
3175 923 3220 981 si
3246 922 3369 995 quid
3400 924 3582 978 inritus
3605 939 3742 978 cont-

2161 1012 2276 1064 misi
2307 1010 2434 1082 (Job
2456 1011 2795 1078 xnt,2(i;xw,
2818 1013 2947 1078 4-5,
2985 1012 3070 1075 16,
3095 1011 3214 1083 l7).
3245 1013 3383 1068 Ecce
3409 1022 3466 1068 et
3489 1013 3591 1069 Job
3615 1029 3750 1069 con-

2053 1110 2064 1118 '
2163 1101 2340 1158 litetur
2366 1112 2582 1173 peccata
2625 1117 2722 1157 sua
2741 1142 2757 1168 ,
2787 1112 2842 1158 et
2870 1105 2922 1158 in
2951 1104 3172 1172 veritate
3211 1119 3270 1159 se
3294 1105 3422 1160 dicit
3447 1105 3584 1160 scire
3623 1107 3748 1175 quia

2164 1209 2267 1247 non
2295 1203 2376 1248 est
2414 1193 2588 1264 justus
2610 1197 2886 1265 quisquam
2913 1205 3036 1250 ante
3063 1197 3366 1250 Dominum.
3394 1197 3462 1252 Et
3493 1197 3614 1252 ideo
3645 1199 3747 1253 iste

2165 1283 2334 1337 hocin
2361 1285 2580 1340 veritate
2605 1286 2726 1353 scit,
2749 1287 2871 1356 quia
2899 1286 2944 1340 si
2977 1300 3074 1340 nos
3095 1286 3388 1342 dixerimus
3409 1303 3514 1342 non
3545 1287 3748 1346 habere

2163 1383 2438 1442 peccatum
2457 1417 2474 1441 ,
2513 1375 2621 1444 ipsa
2651 1375 2844 1430 veritas
2879 1375 2933 1430 in
2960 1375 3114 1430 nobis
3139 1393 3242 1431 non
3269 1387 3370 1432 est.
3403 1377 3634 1433 Proinde
3662 1393 3749 1433 se-

2164 1465 2393 1518 cundum
2425 1465 3088 1521 modumtonverSationis
3115 1469 3358 1522 humanae
3379 1509 3394 1534 ,
3429 1467 3675 1537 perhibet
3693 1469 3745 1523 ei

2166 1555 2306 1610 Deus
2341 1567 2445 1610 tam
2473 1573 2720 1626 magnum
2745 1557 2964 1627 iustitia:
2997 1557 3355 1614 testimonium
3386 1577 3400 1614 :
3428 1559 3542 1630 ipse
3569 1569 3748 1616 autem

2165 1661 2224 1700 se
2263 1647 2488 1702 metiens
2513 1662 2574 1702 ex
2609 1648 2788 1718 regula
2815 1647 2902 1703 illa
2937 1647 3183 1717 justitim,
3215 1665 3370 1718 quam
3411 1650 3546 1704 sicut
3576 1659 3752 1720 potest

2165 1738 2423 1807 conspicit
2450 1738 2588 1807 apud
2619 1739 2782 1793 Deum
2806 1780 2821 1805 ,
2863 1738 2915 1792 in
2938 1738 3160 1794 veritate
3185 1739 3287 1794 scit
3307 1739 3430 1809 quia
3458 1739 3528 1794 ita
3551 1749 3652 1794 est.
3682 1740 3750 1795 Et

2165 1827 2432 1898 adjungit,
2481 1829 2913 1894 Quemadmodum
2941 1831 3075 1884 enim
3106 1832 3277 1901 justus
3313 1831 3407 1885 erit
3448 1831 3596 1886 homo
3633 1841 3756 1888 ante

2166 1916 2482 1972 Dominum?
2497 1919 2559 1974 Si
2577 1919 2709 1972 enim
2730 1919 2844 1974 velit
2867 1920 3167 1990 contendere
3190 1937 3304 1974 cum
3330 1937 3387 1974 eo
3405 1963 3418 1984 ,
3446 1938 3545 1975 non
3569 1925 3754 1991 poterit

2165 2010 2366 2063 obedire
2393 2009 2438 2064 ei
2463 2025 2482 2064 :
2512 2009 2563 2065 id
2591 2020 2706 2075 est,
2733 2012 2777 2066 si
2811 2010 3128 2082 judicaudus
3169 2011 3450 2068 ostendere
3479 2014 3703 2068 voluerit
3727 2055 3750 2079 ,

2168 2116 2274 2156 non
2313 2101 2366 2156 in
2407 2117 2467 2157 se
2497 2102 2721 2174 inveniri
2767 2118 2920 2172 posse
2948 2102 3090 2172 quod
3119 2102 3332 2158 damnet
3353 2144 3369 2170 ,
3402 2119 3506 2158 non
3549 2105 3757 2174 poterit

2167 2194 2386 2250 obedire
2411 2195 2460 2250 ei
2492 2195 2509 2226 ⁸
2539 2214 2552 2250 :
2582 2196 2777 2250 amittit
2801 2195 2942 2251 enim
2983 2194 3143 2250 etiam
3178 2194 3320 2249 illam
3351 2194 3706 2250 obedientiam
3732 2236 3762 2262 ,ρ

2167 2299 2268 2354 qua
2311 2285 2528 2341 obedire
2575 2286 2740 2356 possit
2769 2285 3095 2356 pra-cipienti
3143 2284 3440 2340 confitenda
3471 2300 3592 2341 es<e
3621 2301 3750 2357 pec:-

2166 2384 2304 2429 cata.
2350 2375 2502 2430 Unde
2547 2375 2803 2446 quosdam
2850 2376 3120 2445 increpat,
3161 2376 3390 2432 dicens:
3425 2375 3562 2441 Quid
3600 2379 3764 2434 vultis-

2169 2483 2360 2522 mecum
2379 2467 2578 2539 judicio
2617 2468 2912 2523 contendere
2947 2467 3156 2535 (larem.
3187 2485 3250 2534 ll,
3293 2467 3427 2539 29)?
3469 2469 3620 2538 Quod
3660 2470 3754 2526 ille

2169 2575 2473 2630 prtecavens
2501 2578 2514 2614 :
2544 2559 2628 2615 Ne
2646 2561 2830 2622 intres.
2861 2561 3070 2632 inquit,
3105 2561 3156 2616 in
3195 2560 3440 2627 iudicium
3468 2578 3583 2616 cum
3611 2579 3756 2618 seruo

2169 2659 2256 2704 tuo
2273 2691 2289 2718 ,
2324 2651 2560 2720 quoniam
2589 2667 2690 2706 non
2719 2651 3083 2724 jttstiﬁcabitur
3106 2653 3160 2706 in
3188 2661 3456 2721 conspectu
3485 2661 3572 2706 tuo
3591 2655 3756 2708 omnis

2168 2740 2353 2796 vivens.
2397 2739 2521 2797 Ideo
2563 2743 2722 2797 etiam
2751 2741 2881 2797 dicit
2914 2741 3017 2796 Job
3037 2783 3051 2806 ,
3085 2741 3210 2810 Quis
3255 2743 3387 2797 enim
3416 2743 3615 2813 judicio
3643 2744 3758 2814 ejus

2168 2831 2548 2890 adversabitur?
2573 2833 2724 2902 Quod
2746 2835 2791 2889 si
2823 2839 2966 2906 fuero
2983 2835 3190 2904 justus;
3223 2851 3282 2889 os
3303 2851 3466 2888 meum
3491 2835 3642 2907 impie
3675 2835 3768 2902 [0-,

2169 2934 2346 2994 quetur
2373 2939 2395 2979 :
2421 2924 2523 2980 hoc
2563 2932 2647 2981 est
2684 2925 2824 2980 enim
2851 2967 2867 2991 ,
2897 2925 2952 2981 Si
2982 2941 3070 2980 me
3105 2925 3306 2996 justum
3345 2926 3530 2982 dixero
3567 2936 3756 2982 contra

2166 3014 2421 3085 judicium
2465 3017 2620 3086 ejus,
2665 3015 2756 3070 tibi
2783 3015 3012 3086 perlecta
3057 3017 3144 3071 illa
3181 3016 3400 3086 iustitia:
3441 3017 3621 3086 regula
3661 3033 3755 3073 me

2171 3105 2436 3160 convincit
2462 3106 2734 3174 injustam,
2761 3106 2996 3177 profecto
3023 3107 3184 3176 impie
3205 3109 3449 3178 loquetur
3467 3121 3527 3163 os
3549 3121 3752 3172 meum,

2158 3185 2294 3266 quia
2319 3203 2505 3250 contra
2527 3196 2619 3252 Dei
2639 3197 2917 3253 veritatem
2953 3196 3218 3267 loquetur.

2245 3287 2330 3343 15.
2353 3285 2708 3358 Fragilitatem
2729 3303 2939 3359 quoque
2964 3289 3130 3358 ipsam
3151 3329 3166 3354 ,
3187 3287 3274 3344 vel
3315 3287 3492 3358 potius
3530 3287 3766 3344 damna-

2174 3378 2372 3434 tionem
2395 3379 2626 3434 carnalis
2650 3379 3009 3450 generationis
3043 3377 3333 3434 ostendens
3375 3394 3442 3434 ex
3483 3378 3762 3448 originalis

2175 3468 2594 3538 transgressione
2623 3471 2844 3539 peccati,
2869 3483 2990 3524 cum
3019 3467 3086 3524 de
3109 3468 3340 3538 peccatis
3380 3468 3492 3523 suis
3535 3475 3718 3538 ageret
3737 3510 3760 3533 ,

2174 3562 2512 3618 veluteorum
2531 3575 2720 3618 causas
2743 3559 2994 3625 reddens,
3021 3559 3154 3616 dixit
3176 3559 3444 3616 hominem
3477 3567 3658 3614 natum
3687 3573 3764 3615 ex

2173 3654 2396 3710 muliere
2435 3653 2580 3724 parvi
2619 3668 2739 3710 esse
2769 3653 3022 3723 temporis
3045 3693 3061 3718 ,
3105 3661 3162 3708 et
3194 3651 3407 3722 plenum
3445 3651 3714 3707 iracundia
3741 3669 3762 3708 :

2173 3760 2276 3816 qua
2297 3744 2591 3812 iracundia,
2621 3742 2723 3800 nisi
2751 3759 2854 3815 qua
2878 3751 3001 3800 sunt
3027 3757 3232 3808 omnes,
3265 3742 3399 3798 sicut
3438 3741 3564 3797 dicit
3608 3741 3764 3810 Apo-

2175 3838 2342 3894 stolus
2371 3878 2387 3904 ,
2437 3837 2768 3898 naturaliter,
2813 3833 2916 3891 hoc
2969 3845 3050 3890 est
3072 3875 3088 3900 ,
3138 3833 3466 3904 originaliter
3521 3833 3614 3887 ira:
3658 3832 3767 3900 ﬁlii

2180 3925 2392 4002 (Ephes.
2415 3943 2474 3994 n,
2499 3927 2593 3998 3)?
2621 3926 2872 3997 quoniam
2895 3925 2988 3980 lilii
3017 3933 3144 3980 sunt
3165 3923 3610 3994 concupiscentia
3631 3937 3766 3977 car-

2177 4021 2260 4075 nis
2284 4028 2340 4076 et
2365 4019 2567 4075 steculi.
2597 4017 2677 4074 Ad
2703 4018 2871 4087 ipsam
2901 4017 3032 4072 iram
3055 4016 3322 4087 pertinere
3345 4015 3506 4071 etiam
3530 4023 3774 4075 mortem

2177 4109 2410 4166 hominis
2432 4116 2824 4178 consequenter
2849 4105 3159 4162 ostendens.
3181 4103 3311 4160 Cum
3333 4105 3476 4160 enim
3495 4102 3714 4160 dixisset
3742 4146 3763 4170 ,

2178 4201 2322 4270 parvi
2348 4208 2420 4254 est
2447 4199 2704 4270 temporis,
2731 4207 2778 4252 et
2809 4198 2984 4268 plenus
3010 4195 3278 4251 iracundia
3299 4213 3320 4262 ;
3345 4194 3548 4250 addidit
3567 4195 3762 4262 etiam,

2179 4290 2246 4346 Et
2269 4289 2395 4346 sicut
2423 4290 2519 4360 flos
2534 4305 2649 4344 cum
2671 4289 2845 4360 ﬂoruit
2865 4297 2912 4342 et
2937 4286 3160 4353 decidit,
3191 4286 3415 4342 discessit
3456 4287 3584 4340 sicut
3637 4301 3762 4338 um-
3791 4313 3795 4315 -

2179 4384 2288 4448 bra,
2317 4398 2418 4436 non
2443 4389 2628 4436 manet.
2657 4378 2790 4436 Cum
2821 4388 2997 4435 autem
3027 4378 3318 4450 subjungit,
3339 4376 3524 4433 Nonne
3565 4387 3611 4433 et
3654 4379 3766 4431 hu-

2177 4476 2262 4546 ius
2285 4491 2458 4529 curam
2478 4473 2636 4546 fecisti
2673 4475 2838 4528 uenire
2865 4473 2918 4526 in
2936 4471 3190 4544 judicium
3241 4470 3421 4526 tuum?
3461 4469 3584 4536 Quis
3623 4475 3771 4524 enim

2180 4566 2272 4622 erit
2286 4567 2503 4620 mundus
2531 4581 2562 4618 α
2589 4563 2858 4620 sordibus?
2891 4563 3074 4628 Nento,
3100 4578 3188 4616 nec
3211 4562 3256 4617 si
3276 4563 3426 4616 unius
3463 4563 3565 4616 diei
3606 4562 3775 4632 fuerit

2180 4657 2283 4733 vita
2309 4656 2459 4727 ejus;
2487 4653 2589 4710 hoc
2623 4653 2806 4724 utique
2833 4652 2978 4718 dicit,
3007 4651 3200 4708 Curam
3227 4651 3458 4708 hominis
3479 4652 3656 4708 brevis
3677 4654 3772 4706 vi-

2181 4754 2250 4801 ue
2277 4745 2443 4801 fecisti
2473 4745 2653 4800 venire
2679 4742 2990 4812 injudicium
3004 4749 3172 4797 tuum.
3192 4740 3592 4810 Quantumlibet
3614 4740 3772 4798 enim

2181 4837 2359 4894 brevis
2387 4835 2546 4892 fuerit
2573 4835 2680 4890 vita
2706 4833 2844 4904 ejus,
2867 4831 3076 4888 etiamsi
3097 4831 3254 4886 unius
3277 4831 3384 4887 diei
3414 4841 3578 4896 esset,
3605 4847 3774 4886 mun-

2183 4929 2325 4984 dusa
2352 4925 2598 4982 sordibus
2611 4939 2731 4980 esse
2753 4939 2859 4978 non
2887 4931 3091 4994 posset,
3119 4930 3173 4977 et
3200 4920 3320 4976 idco
3365 4921 3661 4992 iustissime
3715 4923 3774 4979 in

2179 5021 2434 5093 judicium
2458 5030 2603 5076 tuum
2633 5019 2826 5075 veniet.
2847 5015 2978 5073 Illud
3003 5031 3132 5072 vero
3159 5014 3300 5086 quod
3325 5017 3420 5080 ait,
3451 5012 3779 5070 Dinumera-

2183 5116 2250 5170 sti
2277 5130 2449 5169 omnes
2477 5110 2862 5168 necessitudines
2890 5125 3046 5176 meas,
3075 5117 3121 5163 et
3147 5106 3277 5162 nihil
3311 5117 3360 5162 te
3384 5107 3530 5162 latuit
3559 5107 3622 5161 de
3645 5125 3780 5176 pce-

2185 5207 2311 5262 catis
2329 5205 2452 5260 meis
2476 5219 2495 5258 :
2515 5201 2724 5274 signasti
2747 5209 2956 5270 peccata
2983 5215 3094 5254 mea
3117 5199 3168 5252 in
3199 5197 3449 5269 folliculo,
3476 5205 3523 5250 et
3549 5205 3780 5252 annota—

2186 5298 2252 5352 sti
2271 5297 2315 5351 si
2333 5295 2453 5366 quid
2480 5294 2660 5348 inuitus
2679 5289 2945 5354 commisi;
2973 5304 3152 5344 nonne
3185 5287 3315 5343 satis
3330 5287 3574 5358 apparuit
3607 5285 3782 5343 etiam

2251 5431 2268 5464 ι
2303 5424 2968 5494 Pleriquemanuscriptihmc
2985 5423 3229 5494 omittunt,
3241 5421 3296 5474 id
3316 5427 3404 5480 est,
3419 5420 3462 5472 si
3468 5419 3787 5494 judicondus

2183 5491 2433 5542 ostendere
2447 5481 2685 5549 'voluerit,
2709 5481 2802 5536 non
2834 5483 2884 5536 in
2916 5497 2967 5535 se
2995 5482 3200 5535 inveniri
3237 5481 3522 5549 possequod
3556 5482 3787 5549 dmnnet,

2187 5567 2279 5616 non
2315 5551 2488 5616 poterit
2530 5548 2720 5616 obedire
2755 5549 2847 5616 ei._
2865 5553 3000 5616 lfm'te
3025 5559 3086 5616 ex
3113 5546 3476 5616 amanuensium
3499 5546 3790 5616 oscitantia,

2189 5606 2365 5727 qziigus
2395 5612 2586 5683 errandi
2617 5612 2804 5662 occasio
2826 5609 2913 5661 lult
2947 5606 3063 5657 illud
3100 5607 3228 5672 quod
3265 5607 3478 5658 secundo
3524 5608 3744 5658 recurrit
3765 5640 3792 5669 ,

2189 5689 2270 5727 οιρ
2309 5689 2380 5726 ire
2399 5688 2462 5726 et.

2189 5688 2380 5729 οθραινε
2399 5688 2462 5726 α.
