4002 6180
213 309 306 362 :ct

209 421 298 477 illa
321 429 540 492 peccata
556 420 704 492 juste
733 422 1002 492 imputari,
1035 437 1152 492 qum
1175 437 1278 478 non
1321 423 1690 480 delectationis
1739 427 1808 480 il-

207 513 424 571 !ccebra
441 514 872 577 committuntur,
896 513 992 568 sed
1019 528 1176 568 causa
1206 513 1502 569 devitanda:
1547 517 1808 571 molestia:

209 604 458 672 alicujus,
484 611 578 656 aut
605 603 828 668 doloris,
859 613 950 658 aut
975 605 1186 658 mortis?
1207 603 1340 658 Nam
1381 605 1591 660 et'hmc
1624 606 1797 660 dicun-

211 704 296 748 tur
323 693 556 764 quadam
581 697 902 749 necessitate
930 697 1213 763 committi,
1245 711 1366 750 cum
1421 697 1599 750 omnia
1647 713 1810 766 supe-

209 784 376 838 randa
403 784 512 838 sint
535 799 722 839 amore
737 792 790 838 et
809 784 1158 840 delectatione
1181 785 1421 855 justitizc.
1443 786 1624 840 Potest
1647 787 1806 841 etiam

209 875 354 944 quod
385 875 544 938 dixit,
575 873 644 928 Et
674 877 928 928 annotasti
949 875 1138 946 siquid
1191 877 1378 930 invitus
1421 876 1688 939 commisi;
1742 877 1810 931 ad

211 965 362 1020 illam
389 981 582 1022 vocem
613 966 782 1020 videri
807 967 1074 1035 pertinere
1094 1008 1110 1032 ,
1143 981 1244 1036 qua
1274 967 1476 1022 dictum
1506 977 1590 1024 est
1619 1007 1635 1033 ,
1687 967 1808 1022 Non

209 1057 348 1110 enim
371 1057 510 1125 quod
531 1057 645 1110 volo
673 1073 792 1128 ago;
819 1056 907 1111 sed
947 1057 1081 1126 quod
1133 1057 1248 1123 odi,
1297 1057 1392 1110 hoc
1431 1059 1565 1127 facio
1604 1059 1624 1129 (
1655 1059 1803 1114 Rom.

209 1161 310 1210 vn,
337 1145 454 1216 i5).

283 1237 374 1292 16.
402 1235 542 1304 Quid
565 1237 708 1306 quod
741 1238 854 1307 ipse
879 1239 1154 1304 Dominus,
1180 1239 1270 1310 qui
1293 1241 1340 1294 ei
1365 1240 1702 1309 perhibuerat
1728 1250 1806 1296 te-

211 1327 550 1392 stimonium,
579 1343 700 1381 cum
731 1329 890 1382 etiam
908 1327 1200 1398 Scriptura,
1227 1331 1326 1384 hoc
1353 1340 1436 1385 est
1455 1371 1470 1398 ,
1518 1331 1609 1388 Dei
1641 1331 1808 1401 Spiri-

213 1429 298 1473 tus
319 1419 554 1482 dixerit,
583 1420 634 1471 in
665 1421 894 1473 omnibus
922 1436 1036 1490 qute
1085 1422 1398 1491 contigerunt
1445 1423 1508 1488 ei,
1543 1439 1642 1476 non
1691 1441 1804 1478 eum

213 1527 452 1580 peccasse
491 1511 636 1564 labiis
665 1513 770 1565 suis
800 1522 916 1565 ante
947 1511 1214 1566 Dominum
1257 1511 1377 1583 (Job
1410 1529 1460 1576 t,
1489 1513 1615 1582 22);
1659 1523 1806 1584 post-

213 1618 272 1657 ea
317 1613 498 1656 tamen
534 1617 654 1656 cum
695 1605 740 1656 ei
781 1604 1108 1672 loqueretur,
1139 1605 1421 1674 increpans
1447 1605 1652 1660 locutus
1675 1617 1798 1672 est,

215 1695 354 1748 sicut
381 1695 498 1764 ipse
518 1694 620 1749 Job
651 1695 798 1748 testis
830 1693 1136 1760 estdicens,
1186 1695 1324 1762 Quid
1377 1697 1542 1750 adhuc
1589 1714 1680 1768 ego
1704 1699 1800 1768 ju-

211 1785 352 1837 diror
379 1785 638 1847 monitus,
679 1793 726 1837 et
754 1784 1120 1853 iucrepationrs
1171 1783 1378 1838 Domini
1429 1787 1642 1840 audiens
1675 1787 1797 1859 (Id.

212 1890 398 1940 XXXIX,
427 1877 518 1936 55,
547 1891 646 1928 sec.
677 1875 842 1946 LXX)
861 1875 1073 1932 ?Nemo
1104 1887 1282 1932 autem
1303 1879 1446 1948 justo
1472 1880 1824 1949 ἱιιριφρειῑιιι·Γ

213 1965 310 2018 nisi
339 1965 392 2018 in
419 1980 528 2034 quo
549 1973 632 2019 est
654 1965 851 2035 aliquid
883 1965 1022 2034 quod
1041 1966 1402 2036 increpatione
1429 1968 1498 2022 sit
1521 1968 1760 2038 dignum.

279 2053 514 2110 CAPUT
566 2055 658 2110 XI.
693 2085 750 2095 —
771 2055 870 2110 Job
897 2057 1125 2127 prteridit
1155 2057 1405 2111 Christum
1425 2059 1494 2112 ad
1518 2060 1800 2127 passionem

213 2157 496 2198 venturum.
532 2144 847 2200 Humilitatis
875 2148 1004 2200 ratio
1035 2147 1086 2200 in
1127 2148 1380 2217 perfectis.
1433 2147 1500 2202 Et
1549 2149 1660 2218 ipsa
1713 2150 1798 2202 in-

211 2237 456 2306 crepatio
489 2237 783 2306 qualisest,
807 2253 924 2306 qua:
947 2253 1012 2292 ex
1067 2239 1278 2292 Domini
1324 2237 1520 2293 Christi
1569 2255 1796 2308 persona

213 2330 562 2400 intelligitur?
585 2330 874 2384 Enumerat
902 2331 975 2384 illi
999 2331 1174 2384 divina
1199 2345 1360 2400 opera
1389 2333 1664 2401 potestatis
1683 2347 1798 2387 sua:

211 2405 436 2473 Sub'hac
461 2421 726 2474 sententia
747 2419 1047 2488 increpans,
1074 2429 1130 2474 ut
1157 2436 1276 2474 eum
1299 2421 1478 2475 dicere
1508 2433 1792 2492 appareat:

211 2510 476 2580 Numquid
495 2521 646 2580 potes
663 2511 778 2567 lure
799 2521 941 2567 tanta
957 2527 1076 2582 qua:
1092 2514 1344 2582 possunt?
1360 2512 1477 2580 Quo
1491 2523 1666 2567 autem
1687 2530 1798 2584 per-

213 2605 365 2666 tinet,
397 2603 498 2656 nisi
533 2611 588 2658 ut
615 2605 872 2670 intelligat
892 2604 992 2659 Job
1029 2604 1212 2677 (etiam
1236 2605 1311 2676 (τι)
1343 2605 1443 2661 hoc
1469 2608 1516 2661 ei
1543 2607 1796 2664 divinitus

213 2695 552 2762 inspiratam,
576 2703 632 2747 ut
661 2697 934 2763 ιιττρεοίνθι
959 2695 1226 2750 Christum
1245 2697 1310 2750 ad
1347 2699 1646 2764 passionem
1676 2713 1796 2753 esse

213 2783 520 2857 venturum)
553 2803 566 2836 :
601 2785 858 2855 intelligat
885 2800 1011 2855 ergo
1041 2801 1199 2854 quam
1227 2785 1384 2840 debet
1433 2803 1584 2856 mque
1614 2789 1796 2842 animo

215 2875 442 2928 tolerare
477 2891 596 2944 qua:
621 2877 838 2944 pertulit
859 2917 874 2941 ,
897 2877 941 2930 si
971 2875 1212 2931 Christus
1241 2877 1292 2930 in
1320 2893 1427 2947 quo
1475 2887 1745 2950 peccatum
1777 2919 1792 2944 ,

213 2979 332 3018 eum
367 2975 586 3034 propter
615 2981 713 3019 nos
741 2965 900 3020 homo
923 2964 1094 3022 factus
1122 2974 1287 3032 esset,
1333 2968 1552 3021 omnino
1597 2968 1796 3021 nultum

213 3055 328 3117 iuit,
355 3065 410 3109 et
435 3055 488 3108 in
513 3070 620 3124 quo
653 3056 760 3109 Deo
783 3065 924 3108 tanta
955 3057 1184 3125 potentia
1214 3066 1328 3122 est,
1359 3071 1690 3127 nequaquam
1719 3066 1799 3111 ta-

214 3161 334 3200 men
359 3147 626 3215 passionis
651 3147 1340 3222 obedientiamrecusavit?
1385 3147 1535 3215 Quod
1584 3149 1798 3218 puriore

213 3237 392 3290 cordis
419 3237 713 3290 intentione
736 3235 836 3292 Job
861 3237 1160 3307 intelligens
1185 3237 1522 3307 responsioni
1560 3253 1670 3292 sua:
1697 3237 1796 3290 ad-

215 3329 366 3394 didit,
393 3331 546 3384 Auris
575 3333 752 3384 auditu
772 3331 1036 3383 audiebam
1079 3339 1126 3382 te
1153 3332 1294 3400 prius
1322 3331 1362 3396 ¹,
1421 3339 1466 3382 et
1513 3345 1645 3382 nunc
1689 3343 1798 3381 ecce

214 3425 388 3474 mulus
421 3439 562 3475 meus
591 3423 720 3476 ridet
746 3432 792 3474 te
819 3437 836 3475 :
863 3421 972 3475 ideo
1003 3421 1274 3490 vituperavi
1313 3436 1392 3473 me
1416 3421 1600 3489 ipsum,
1635 3428 1680 3472 et
1715 3419 1796 3471 di-

213 3513 406 3576 διαιρεῖ,
437 3523 484 3564 et
510 3513 748 3565 testimoni
774 3528 852 3566 me
891 3513 1056 3582 ipsum
1101 3521 1284 3564 terram
1313 3519 1358 3563 et
1409 3511 1622 3563 cinerem
1663 3509 1681 3578 (
1706 3510 1802 3584 Id._

213 3619 342 3666 ml,
371 3604 428 3668 5,
459 3603 540 3672 6).
567 3603 744 3670 Quare
769 3603 868 3656 sibi
899 3604 968 3656 ita
1005 3603 1058 3656 in
1108 3601 1208 3656 hoc
1258 3612 1360 3655 tam
1399 3616 1590 3670 magno
1641 3600 1797 3655 intel-

211 3695 350 3748 lectu
369 3695 662 3764 diSpIicuit?
681 3694 862 3762 Neque
881 3695 1022 3747 enim
1045 3707 1178 3762 opus
1199 3693 1310 3756 Dei,
1334 3707 1438 3761 quo
1459 3703 1574 3746 erat
1601 3691 1790 3758 homo,

211 3796 358 3840 recte
382 3787 454 3838 illi
477 3795 682 3853 poterat
703 3785 1004 3854 displicere;
1023 3801 1142 3838 cum
1172 3784 1330 3837 etiam
1377 3784 1474 3854 ipsi
1507 3784 1614 3838 Deo
1645 3784 1792 3838 dica-

212 3885 294 3930 tur
313 3919 328 3938 ,
377 3875 547 3944 Opera
590 3893 828 3928 manuum
877 3887 1076 3929 tuarum
1129 3893 1190 3928 ne
1247 3876 1532 3944 despexeris
1593 3875 1788 3944 (Psal.

210 3981 454 4030 cnmt,
499 3965 578 4034 8).
611 3965 712 4020 Sed
745 3965 980 4034 profecto
1009 3965 1302 4020 secundum
1343 3967 1486 4020 illam
1528 3968 1792 4035 justitiam

210 4073 310 4126 qua
339 4073 398 4111 se
410 4058 844 4124 noveratjustum
863 4059 906 4123 ¹,
929 4071 988 4111 se
1001 4057 1317 4126 vituperavit
1343 4067 1500 4128 atque
1518 4059 1792 4128 distabuit,

211 4149 610 4217 a-stimavitque
629 4163 688 4202 se
715 4157 914 4203 terram
945 4159 998 4202 et
1026 4149 1260 4203 cinerem
1291 4165 1305 4214 ;
1355 4160 1534 4204 mente
1579 4151 1796 4219 conspi-

213 4242 362 4296 ciens
385 4239 584 4295 Chrtsti
607 4241 886 4310 justitiam,
917 4242 968 4295 in
997 4242 1150 4310 cujus
1171 4255 1276 4294 non
1307 4249 1510 4294 tantum
1540 4241 1793 4294 divinita-

213 4335 398 4400 te,sed
429 4349 532 4388 nec
560 4333 612 4387 in
643 4335 816 4388 anima
843 4349 942 4388 nec
990 4335 1043 4386 in
1072 4347 1234 4388 carne
1271 4333 1432 4386 ullum
1481 4333 1650 4401 potuit
1673 4347 1795 4386 esse

211 4434 490 4493 poematum
515 4441 527 4473 :
557 4423 846 4478 secundum
874 4438 1030 4493 quam
1058 4423 1314 4490 justitiam
1337 4437 1532 4492 quate:
1562 4423 1670 4476 Deo
1689 4421 1790 4488 est,

211 4515 370 4568 etiam
403 4513 604 4568 Paulus
631 4515 902 4582 apostolus
944 4513 1070 4568 illud
1113 4528 1266 4567 suum
1313 4513 1454 4583 quod
1504 4513 1794 4568 secundum

207 4606 470 4674 justitiam
495 4620 612 4674 qua:
633 4619 697 4659 ex
719 4605 834 4673 lege
860 4613 962 4670 est,
991 4603 1216 4658 fuitsine
1243 4604 1456 4671 querela
1475 4619 1580 4656 non
1599 4611 1790 4670 Solum,

209 4697 430 4759 damna,
473 4709 658 4750 verum
688 4695 846 4750 etiam
877 4705 1114 4750 stercora
1161 4695 1482 4749 existimavit
1515 4695 1535 4765 (
1563 4692 1792 4765 Philipp.

209 4803 266 4840 tu
288 4827 304 4846 .
339 4785 484 4852 6-8).

275 4875 510 4931 CAPUT
537 4874 650 4930 XII.
679 4903 752 4916 —
776 4876 862 4930 i7.
899 4874 1064 4928 Nemo
1084 4876 1253 4946 justus
1300 4876 1353 4928 in
1403 4875 1648 4930 onmibus.
1679 4875 1796 4930 Non

207 4969 371 5038 igitur
391 4967 708 5036 praclarum
752 4966 876 5020 illud
909 4967 1266 5021 testimonium
1315 4966 1406 5020 Dei
1435 5007 1448 5030 ,
1477 4982 1580 5036 quo
1607 4963 1793 5021 lauda-

209 5071 292 5112 tns
315 5071 400 5112 est
429 5057 552 5124 Job,
577 5058 900 5111 contrarium
929 5069 1012 5111 est
1039 5057 1086 5110 ei
1113 5057 1416 5111 testimonio
1447 5073 1552 5126 quo
1597 5059 1794 5112 dictum

207 5159 313 5213 est,
349 5149 474 5203 Non
497 5149 862 5220 iustiﬁcabitur
886 5149 935 5201 in
959 5159 1226 5218 conspectu
1252 5159 1336 5201 tuo
1387 5151 1548 5202 omnis
1593 5151 1798 5204 virens:

205 5243 332 5310 quia
363 5241 546 5296 nonid
578 5241 883 5312 persuadet,
911 5257 1128 5312 prorsus
1179 5243 1230 5296 in
1281 5243 1368 5295 illo
1415 5243 1546 5296 nihil
1597 5243 1792 5306 fuisse,

205 5333 352 5402 quod
377 5333 458 5386 vel
485 5333 558 5386 ab
599 5333 715 5402 ipso
745 5335 1008 5388 veraciter
1029 5373 1044 5398 ,
1075 5333 1208 5388 vela
1237 5333 1456 5388 Domino
1500 5334 1608 5388 Deo
1657 5343 1800 5388 recte

207 5423 718 5494 reprehenderetur;
743 5425 984 5494 quamvis
994 5425 1102 5494 jam
1121 5425 1312 5494 justus,
1331 5433 1384 5480 et
1399 5439 1554 5478 verax
1577 5423 1668 5478 Dei
1683 5426 1796 5480 cul-

273 5593 290 5652 f
333 5593 380 5652 tu
403 5587 632 5636 ornatibus
653 5595 780 5652 5153,,
805 5587 1126 5652 intelligebam
1148 5595 1192 5638 te
1210 5587 1358 5652 prius.

269 5651 292 5680 '
327 5651 398 5697 sic
420 5659 524 5696 sui.
545 5655 618 5696 Er.
641 5659 694 5700 et
713 5649 934 5714 plerique
958 5649 1062 5701 διεδ.
1083 5661 1135 5701 Al
1157 5649 1284 5707 ων..
1312 5651 1554 5712 iniustum.

273 5715 350 5774 tu}
371 5717 532 5768 t'ixte,
559 5723 688 5759 num.

1531 309 1730 368 LIBER
1770 311 2148 374 SECUNDUS.

3395 341 3498 399 ’σε

1923 438 2024 497 tor,
2047 439 2101 485 et
2117 432 2182 485 ab
2203 433 2344 488 omni
2371 450 2530 505 opere
2545 439 2684 492 malo
2702 455 2758 494 se
2779 441 3071 508 abstinens,
3093 461 3196 502 non
3221 452 3491 506 mendaci-

1920 530 2000 577 ter
2017 523 2302 580 diceretur.
2327 527 2452 582 [huc
2471 531 2612 584 enim
2637 531 2704 587 de
2725 534 2814 588 illo
2835 535 2992 590 verba
3031 549 3152 592 sunt
3197 540 3290 594 Dei
3319 559 3332 594 :
3363 543 3492 596 Ani-

1917 629 1998 664 mo
2023 613 2277 668 advertisti
2309 617 2324 648 ¹
2351 618 2404 671 iu
2425 635 2636 688 puerum
2667 639 2830 676 meum
2879 623 2978 678 Job
3002 626 3028 678 ?
3067 626 3186 682 Non
3237 631 3367 683 enim
3421 641 3496 686 est

1917 703 1991 758 illi
2013 706 2160 760 homo
2188 709 2368 764 similis
2391 727 2540 780 super
2563 723 2781 780 terram,
2810 717 2917 770 sine
2943 718 3159 787 querela,
3180 721 3371 789 justus,
3419 739 3494 776 ve-

1917 811 2002 848 rus
2033 795 2127 850 Dei
2153 799 2334 866 cultor,
2367 801 2616 858 abstinens
2643 821 2697 859 se
2721 807 2781 859 ab
2811 809 2948 861 omni
2976 825 3126 879 opere
3157 812 3290 864 malo
3345 813 3366 884 (
3387 813 3490 872 Job

1919 899 1955 945 t,
1985 885 2062 952 8).
2093 885 2286 944 Primis
2303 891 2478 946 verbis
2501 907 2566 946 ex
2595 892 2869 950 hominum
2923 899 3012 966 qui
3057 909 3179 954 sunt
3233 901 3286 955 in
3342 912 3486 958 terra

1914 977 2310 1068 comparatione
2337 979 2600 1036 laudatur.
2659 981 2889 1038 Proinde
2931 989 3176 1044 omnibus
3223 991 3313 1059 qui
3363 1001 3490 1046 tune

1917 1060 1968 1110 in
1999 1067 2136 1113 terra
2157 1060 2284 1129 justi
2311 1077 2428 1118 esse
2459 1073 2765 1134 potuerunt,
2823 1070 3140 1124 excellebat.
3195 1072 3311 1128 Non
3361 1089 3490 1145 ergo

1919 1147 2035 1217 ipse
2059 1161 2336 1220 pt-Opterea
2381 1155 2581 1208 nullum
2633 1167 2906 1226 peccatum
2954 1161 3170 1214 omnino
3213 1161 3487 1228 habebat,

1913 1239 2034 1308 quia
2067 1243 2117 1294 in
2143 1243 2376 1312 profectu
2394 1245 2613 1312 justitiaz
2639 1257 2864 1304 cancros
2883 1253 3137 1306 anteibat.
3171 1253 3370 1308 Deinde
3387 1255 3487 1308 ad-

1906 1329 2146 1400 jnngitur
2167 1375 2182 1398 ,
2215 1335 2322 1386 sine
2343 1335 2546 1404 querela
2567 1379 2580 1401 ,
2613 1339 2682 1393 de
2707 1341 2858 1408 cujus
2881 1342 2985 1396 rita
3015 1357 3172 1398 nemo
3195 1346 3338 1412 justo
3363 1361 3488 1414 que-

1909 1429 2116 1474 reretur
2135 1437 2148 1475 :
2169 1423 2360 1490 justus,
2393 1426 2480 1494 qui
2511 1435 2652 1481 tanta
2683 1443 2892 1484 morum
2941 1432 3204 1499 probitate
3249 1433 3488 1502 profece-

1909 1518 2006 1572 rat,
2035 1521 2092 1563 ut
2125 1513 2300 1566 nullus
2323 1515 2370 1568 ei
2405 1525 2546 1570 esset
2587 1518 2878 1587 aequandus
2905 1537 2920 1573 :
2953 1537 3098 1576 verus
3131 1520 3228 1574 Dei
3277 1527 3442 1576 cultor
3467 1563 3486 1588 ,

1906 1600 2100 1669 quippe
2133 1603 2293 1656 etiam
2322 1618 2536 1658 suorum
2589 1617 2926 1674 peccatorum
2963 1625 3122 1664 verax
3168 1609 3488 1682 humilisque

1906 1690 2181 1745 confessor
2209 1709 2223 1744 :
2249 1692 2503 1748 abstinens
2523 1711 2574 1748 se
2599 1695 2660 1749 ab
2699 1699 2836 1750 omni
2877 1715 3024 1767 opere
3067 1701 3201 1753 malo
3223 1741 3238 1765 ,
3290 1704 3488 1758 mirum

1905 1780 1948 1833 si
1965 1782 2032 1834 ab
2055 1783 2196 1836 omni
2219 1785 2378 1839 etiam
2405 1787 2568 1841 verbo
2595 1797 2650 1842 et
2673 1789 2906 1859 cogitatu
2927 1792 3084 1845 malo.
3114 1793 3353 1859 Quantus
3369 1797 3486 1864 qui-

1903 1873 2026 1929 dem
2046 1875 2144 1928 .lob
2167 1875 2322 1930 fuerit
2349 1882 2652 1947 ignoramus
2683 1882 2816 1936 :sed
2847 1883 3310 1954 novimusjustum
3333 1928 3349 1952 ,
3383 1902 3484 1941 no-

1901 1967 2076 2020 vimus
2101 1969 2338 2022 etiamin
2375 1971 2706 2038 perferendis
2755 1971 3032 2028 horrendis
3087 1976 3482 2032 tribulationum

1905 2057 2282 2111 tentationibus
2304 2073 2571 2129 magnum;
2603 2061 2848 2116 novimus
2869 2079 2972 2118 non
3002 2075 3217 2133 propter
3242 2076 3479 2135 peccata,

1903 2146 1995 2199 sed
2023 2157 2238 2216 propter
2253 2147 2372 2217 ejus
2395 2148 2862 2204 demonstrandam
2883 2152 3142 2220 justitiam
3167 2153 3254 2208 illa
3297 2156 3474 2210 omnia

1901 2235 2066 2291 fuisse
2089 2253 2420 2308 perpessum.
2457 2239 2836 2297 Verumtamen
2865 2243 2978 2298 haec
3002 2245 3164 2300 verba
3213 2247 3406 2316 quibus
3449 2263 3482 2302 a

1903 2327 2126 2382 Domino
2141 2329 2406 2394 laudatur,
2433 2340 2650 2399 possent
2677 2333 2837 2386 etiam
2859 2333 2926 2388 de
2953 2334 3044 2389 illo
3071 2335 3196 2402 diei,
3225 2336 3316 2406 qui
3345 2353 3446 2392 con
3467 2369 3484 2382 -

1903 2416 2198 2473 delectatur
2217 2419 2322 2489 legi
2351 2421 2442 2476 Dei
2467 2422 2762 2478 secundum
2811 2425 3116 2480 interiorem
3173 2427 3437 2481 hominem
3463 2469 3480 2493 ,

1900 2511 2044 2566 videt
2069 2521 2246 2567 autem
2273 2515 2428 2568 aliam
2455 2516 2628 2586 legem
2657 2516 2710 2570 in
2739 2517 2996 2572 membris
3021 2519 3131 2572 suis
3175 2535 3480 2590 repugnan-

1903 2609 2008 2657 tem
2037 2603 2138 2672 legi
2171 2607 2363 2660 mentis
2381 2622 2492 2661 suae
2511 2625 2524 2660 :
2543 2609 2844 2676 praesertim
2864 2609 2985 2677 quia
3013 2609 3160 2674 dicit,
3193 2609 3310 2663 Non
3346 2613 3482 2680 quod

1903 2693 2014 2747 t'olo
2040 2695 2173 2764 facio
2195 2693 2402 2762 bonum;
2432 2697 2520 2750 sed
2547 2697 2682 2767 quod
2728 2698 2813 2750 odi
2853 2698 3075 2762 malum,
3117 2699 3211 2752 hoc
3252 2717 3370 2768 ago.
3421 2701 3484 2756 Si

1900 2791 2066 2834 autem
2090 2783 2224 2852 quod
2243 2783 2328 2836 odi
2349 2785 2557 2850 malum,
2591 2786 2684 2838 hoc
2709 2786 2862 2855 facio,
2883 2787 2990 2854 iam
3021 2802 3118 2838 non
3163 2803 3252 2855 ego
3299 2805 3482 2856 operor

1900 2872 2048 2936 illud,
2077 2873 2164 2926 sed
2186 2873 2321 2942 quod
2341 2873 2530 2926 habitat
2573 2875 2626 2927 in
2665 2891 2743 2926 me
2778 2885 3054 2943 peccatum.
3107 2875 3244 2930 Ecce
3291 2886 3344 2930 et
3383 2877 3484 2930 iste

1901 2964 2519 3018 secunduminteriorem
2548 2964 2818 3039 hominem
2849 2965 3056 3020 alienus
3095 2975 3176 3020 est
3222 2967 3289 3020 ab
3335 2967 3482 3020 omni

1903 3069 2065 3123 opere
2084 3055 2242 3116 malo,
2267 3054 2388 3124 quia
2407 3053 2534 3107 illud
2563 3069 2670 3108 non
2698 3066 2952 3123 operatur
2981 3055 3114 3124 ipse,
3144 3055 3234 3110 sed
3260 3056 3400 3124 quod
3427 3057 3480 3110 in

1901 3161 2060 3200 carne
2085 3145 2204 3214 ejus
2235 3146 2436 3198 habitat
2463 3145 2660 3198 malum
2695 3155 2784 3199 :et
2811 3154 2986 3199 tamen
3009 3162 3126 3200 cum
3159 3147 3284 3200 illud
3307 3148 3480 3214 ipsum

1904 3235 2044 3304 quod
2069 3235 2470 3290 condclectatur
2499 3235 2600 3304 legi
2625 3235 2740 3296 Dei,
2774 3249 2876 3288 non
2909 3235 3100 3290 habeat
3127 3237 3226 3290 nisi
3258 3251 3322 3290 ex
3363 3252 3486 3305 gra-

1903 3325 1970 3379 tia
2003 3326 2114 3390 Dei,
2139 3325 2312 3380 adhuc
2339 3326 2672 3380 liberationis
2697 3326 2950 3395 indigens,
2979 3327 3190 3402 clamat,
3213 3328 3369 3382 Miser
3389 3345 3478 3398 ego

1901 3415 2070 3476 homo,
2093 3417 2202 3485 quis
2233 3433 2309 3469 me
2337 3413 2562 3468 liberabit
2589 3415 2650 3468 de
2677 3431 2885 3485 corpore
2909 3417 3081 3470 mortis
3107 3417 3257 3486 hujus
3283 3417 3307 3470 ?
3345 3415 3480 3470 Gra-

1901 3506 1970 3557 tia
1993 3505 2088 3558 Dei
2110 3523 2198 3571 per
2217 3504 2396 3559 Jesum
2413 3505 2672 3561 Christum
2707 3505 2982 3559 Dominum
3008 3515 3231 3559 nostrum
3280 3505 3301 3577 (
3327 3507 3478 3561 Rom.

1899 3609 1995 3660 vn,
2025 3595 2207 3665 15-25)
2221 3633 2232 3644 .
2449 3637 2456 3646 .

1969 3684 2195 3740 CAPUT
2221 3684 2360 3739 XIII.
2384 3715 2454 3726 —
2479 3686 2565 3741 l8.
2599 3685 2831 3757 Perfecta
2867 3687 3073 3755 justitia
3111 3685 3332 3738 humana
3377 3687 3476 3739 im-

1903 3777 2120 3847 perfecta
2145 3787 2236 3831 est.
2267 3777 2403 3832 Sunt
2429 3792 2558 3847 ergo
2579 3777 2630 3830 in
2656 3786 2792 3832 terra
2815 3777 2965 3845 justi,
2999 3776 3337 3846 suntmagni,
3369 3777 3478 3831 for-

1901 3877 2005 3932 tes,
2037 3869 2348 3936 prudentes,
2373 3868 2730 3932 continentes,
2750 3867 3029 3936 patientes,
3056 3868 3146 3936 pii,
3173 3869 3477 3922 misericor-

1899 3958 2014 4022 des,
2037 3959 2344 4026 temporalia
2391 3957 2526 4012 mala
2557 3959 2733 4012 omnia
2775 3966 2990 4026 propter
3014 3959 3274 4026 justitiam
3321 3975 3477 4028 :equo

1901 4050 2078 4100 auium
2107 4049 2414 4102 tolerantes.
2463 4046 2568 4102 Sed
2597 4048 2642 4100 si
2677 4063 2858 4101 verum
2881 4055 2982 4108 est,
3011 4050 3118 4100 imo
3143 4049 3264 4118 quia
3292 4063 3476 4102 verum

1899 4147 1998 4196 est.
2026 4137 2086 4191 Si
2109 4137 2384 4190 dixerimus
2411 4138 2530 4205 quia
2552 4146 2810 4204 peccatum
2835 4153 2938 4188 non
2961 4136 3219 4202 habemus,
3267 4153 3357 4190 nos
3396 4138 3476 4206 ip-

1899 4244 1982 4282 sos
2003 4228 2280 4297 decipimus
2325 4228 2343 4297 (
2369 4227 2384 4280 Ι
2413 4225 2574 4282 Joan.
2604 4241 2640 4290 I,
2673 4225 2737 4296 8)
2759 4243 2774 4288 ;
2799 4235 2872 4290 et,
2905 4225 3024 4280 Non
3035 4227 3400 4296 justiﬁcabitur
3423 4229 3476 4280 in

1899 4328 2166 4388 conspectu
2189 4327 2275 4370 tuo
2301 4318 2464 4370 omnis
2489 4317 2654 4370 uirens
2683 4317 2701 4386 (
2723 4314 2868 4370 Psal.
2896 4331 3056 4382 CXLII,
3087 4317 3156 4386 2)
3183 4333 3196 4368 :
3225 4333 3328 4370 non
3353 4326 3476 4370 sunt

1899 4407 2016 4462 sine
2053 4413 2304 4475 peccato;
2334 4419 2430 4459 nec
2457 4405 2736 4474 quisquam
2779 4419 2962 4458 eorum
3020 4414 3128 4458 tam
3166 4417 3476 4474 arroganter

1901 4499 2113 4562 insanit,
2145 4505 2204 4552 ut.
2228 4513 2332 4554 non
2359 4498 2458 4552 sibi
2503 4511 2600 4568 pro
2625 4497 2736 4552 suis
2771 4497 3245 4568 qualibuscumque
3289 4513 3476 4567 pecca-

1901 4590 1969 4645 tis
1993 4587 2259 4642 dominica
2285 4588 2524 4642 oratione
2554 4602 2688 4656 opus
2717 4601 2837 4641 esse
2862 4587 3170 4642 arbitretur.

1971 4679 2059 4734 i9.
2081 4677 2214 4732 Nam
2239 4677 2308 4732 de
2332 4677 2585 4731 Zacharia
2617 4685 2672 4731 et
2701 4675 2987 4742 Elisabeth,
3019 4677 3108 4746 qui
3157 4676 3308 4732 nobis
3335 4691 3477 4744 saepe

1903 4770 1956 4824 in
1987 4770 2145 4837 hujus
2171 4767 2479 4838 quaestionis
2507 4767 2954 4836 disputationibus
2979 4766 3320 4836 objiciuntur,
3351 4765 3476 4834 quid

1901 4863 2158 4924 dicamus,
2188 4860 2289 4914 nisi
2319 4859 2458 4928 quod
2491 4859 2768 4914 evidenter
2787 4858 3058 4928 Scriptura
3091 4863 3328 4920 testatur,
3346 4857 3480 4911 emi-

1902 4955 2044 5007 nanti
2069 4951 2270 5020 jnstitia
2295 4949 2458 5004 fuisse
2501 4950 2813 5004 Zachariam
2857 4951 2906 5003 in
2939 4947 3264 5018 principibus
3295 4961 3480 5000 sacer-

1901 5044 2081 5098 dotum
2103 5041 2170 5094 ad
2191 5040 2460 5095 oll'erenda
2495 5041 2700 5096 Veteris
2720 5040 3046 5096 Testamenti
3069 5037 3328 5093 sacriﬁcia
3361 5053 3482 5106 per-

1903 5133 2202 5188 tinentium.
2230 5131 2478 5202 Legimus
2518 5141 2698 5186 autem
2729 5132 2782 5184 in
2811 5129 3044 5198 Epistola
3095 5145 3213 5198 quae
3261 5129 3330 5182 ad
3375 5129 3480 5183 lle-

1903 5227 2076 5281 ὕπνος
2105 5225 2351 5278 scribitur
2373 5225 2415 5289 ³,
2441 5222 2578 5291 quod
2619 5223 2978 5276 testimonium
3033 5219 3084 5274 in
3139 5219 3274 5274 libro
3324 5235 3482 5288 stupeo

1905 5317 2048 5370 riore
2069 5315 2176 5383 jam
2209 5315 2359 5384 posui
2385 5313 2602 5382 (Supra,
2637 5311 2723 5364 lib.
2759 5312 2810 5376 1,
2841 5327 2893 5366 η.
2935 5308 3046 5383 50),
3103 5311 3276 5364 solum
3324 5311 3482 5383 Chri-

1905 5417 2044 5462 stum
2073 5421 2192 5461 esse
2215 5405 2502 5474 principem
2533 5401 2868 5456 sacerdotum
2891 5441 2905 5466 ,
2951 5401 3040 5470 qui
3099 5416 3204 5455 non
3255 5399 3481 5458 haberet

1907 5497 2296 5560 necessitatem,
2328 5493 2462 5548 sicut
2487 5491 2560 5545 illi
2588 5491 2674 5562 qui
2698 5489 3034 5546 sacerdotum
3063 5490 3325 5562 principes
3345 5491 3483 5545 dice-

1969 5593 1986 5622 ι
2023 5595 2074 5636 ιιι
2095 5587 2254 5646 editis,
2293 5595 2360 5634 Αη
2381 5596 2476 5634 non
2506 5580 2772 5646 advenisti.
2809 5589 2866 5646 at
2903 5583 2952 5631 in
2973 5590 3098 5644 uss,
3125 5580 3289 5633 Attiino
3307 5581 3482 5634 adser-

1908 5651 2193 5702 ttsti.cra:ce
2217 5643 2309 5710 est,
2320 5644 2579 5710 proseches
2611 5643 2655 5694 te
2677 5643 2868 5710 dianoia
2887 5657 2992 5696 sou.

1909 5733 1926 5748 ο
1979 5715 1998 5744 ³
2028 5713 2100 5761 Sic
2121 5717 2224 5760 uss.
2251 5705 2368 5758 Editi
2383 5719 2516 5769 vero,
2539 5705 2830 5759 inscribitur.
