4002 6180
473 353 577 410 163

471 465 682 527 bantur,
714 457 1029 516 sacrificium
1055 473 1154 528 pro
1177 457 1293 511 suis
1323 455 1548 526 primum
1594 449 1787 505 offerre
1813 445 2042 517 peccatis

470 551 725 623 quotidie,
747 547 940 604 deinde
965 561 1060 617 pro
1089 546 1286 616 populi.
1316 544 1491 598 Talem
1519 543 1652 596 enim
1698 537 1900 592 decebat
1921 577 1936 602 ,
1967 535 2050 588 in-

469 643 602 713 quit,
633 642 814 695 habere
837 654 927 692 nos
958 638 1235 707 principem
1271 634 1590 690 sacerdotum
1615 673 1628 698 ,
1661 631 1863 702 justum
1891 668 1908 693 ,
1941 626 2050 678 sine

472 733 686 799 malitia,
715 730 1184 794 inccntaminatum,
1205 735 1497 796 separatum
1521 741 1554 778 a
1577 719 1943 794 peccatoribus,
1962 715 2046 768 al-

471 825 648 885 tiorem
669 838 702 874 a
721 821 859 876 ccclis
884 823 1070 890 factum
1088 859 1104 885 ,
1135 833 1238 872 non
1263 815 1522 870 habentem
1569 811 1916 884 quotidianam
1960 820 2048 859 ne-

469 914 769 978 cessitatem,
801 910 929 965 sicut
959 909 1211 980 principes
1235 904 1572 969 sacerdotem,
1597 901 1816 972 prinum
1833 911 1926 967 pro
1943 895 2054 948 suis

471 1003 686 1074 peccatis
708 1001 1015 1070 sacrificium
1034 997 1216 1063 offerre
1244 993 1432 1064 (Hebr.
1456 1009 1550 1058 vti,
1577 991 1670 1055 2⁸,
1696 989 1814 1060 93).
1865 989 1920 1042 In
1945 984 2050 1040 hoc

470 1093 804 1150 sacerdotum
831 1105 1054 1146 numero
1073 1088 1358 1144 Zacharias
1377 1128 1394 1153 ,
1425 1087 1480 1140 in
1525 1085 1627 1140 hoc
1666 1082 1892 1137 Phincos
1920 1117 1937 1144 ,
1995 1078 2048 1132 in

472 1184 576 1238 ltoc
599 1183 714 1254 ipse
737 1183 934 1246 Aaron,
959 1195 992 1234 a
1017 1195 1124 1249 quo
1151 1179 1252 1233 iste
1265 1177 1406 1232 ordo
1431 1188 1658 1233 exorsus
1689 1182 1773 1227 est
1795 1212 1811 1233 ,
1840 1170 1966 1234 fuit,
1993 1176 2051 1224 et

471 1274 794 1344 qukamtpe
813 1271 900 1324 alii
927 1270 980 1324 in
1011 1269 1104 1324 illo
1153 1265 1456 1323 sacerdotio
1506 1262 1839 1318 laudabiliter
1879 1258 2051 1328 juste-

471 1377 576 1432 que
591 1363 858 1426 vixerunt;
876 1361 965 1430 qui
987 1368 1163 1413 tamen
1189 1356 1456 1411 habebam
1477 1352 1848 1408 necessitatem
1869 1347 2044 1404 sacri-

473 1453 653 1506 ﬁcium
679 1450 920 1521 primitus
943 1462 1044 1519 pro
1066 1445 1178 1502 suis
1204 1445 1398 1500 oliorre
1417 1442 1669 1514 peccatis,
1687 1441 1803 1496 solo
1824 1437 2046 1494 Christo

469 1543 752 1607 existente,
776 1542 929 1610 cujus
955 1539 1164 1594 venturi
1194 1536 1413 1608 figuram
1443 1535 1743 1606 gestabant,
1765 1532 1856 1602 qui
1903 1529 2046 1584 hanc

471 1633 844 1690 necessitatem
892 1629 1142 1686 sacerdos
1203 1625 1686 1683 inconutminsbilis
1734 1637 1842 1678 non
1887 1619 2050 1676 liabe-

468 1734 571 1782 ret.

539 1813 632 1870 20.
659 1811 794 1882 Quid
821 1821 999 1866 autem
1023 1809 1093 1866 de
1119 1806 1377 1864 Zacharis
1402 1813 1458 1862 et
1476 1803 1745 1861 Elisabeth
1787 1799 2051 1857 laudabile

470 1903 670 1960 dictum
699 1911 801 1968 est,
831 1901 972 1972 quod
991 1915 1098 1956 non
1123 1899 1176 1954 in
1202 1914 1269 1955 eo
1292 1893 1801 1968 comprehendatur,
1823 1890 1963 1962 quod
1982 1890 2051 1946 de

469 2010 530 2052 se
556 1994 860 2065 Apostolus,
883 2007 1004 2048 cum
1034 1991 1087 2046 in
1115 1989 1386 2046 Christum
1433 1987 1668 2043 nondum
1690 1982 2002 2039 credidisset
2028 2017 2046 2045 ,

469 2085 740 2158 professus
764 2080 870 2141 est?
897 2083 1038 2138 Dixit
1062 2081 1206 2136 enim
1231 2095 1290 2136 se
1313 2077 1588 2134 secundum
1599 2073 1854 2146 justitiam
1870 2069 2051 2142 quain

471 2180 582 2250 lege
605 2187 699 2243 est,
724 2177 878 2248 fuisse
903 2177 1012 2230 sine
1035 2171 1242 2248 querela
1266 2187 1286 2226 :
1309 2171 1414 2226 hoc
1435 2178 1493 2226 et
1507 2168 1578 2223 de
1604 2167 1710 2221 illis
1741 2165 1818 2218 ita
1839 2163 2046 2233 legitur,

470 2271 635 2326 Erant
663 2279 831 2324 autem
851 2267 997 2322 ambo
1009 2266 1140 2338 justi
1157 2275 1274 2319 ante
1300 2263 1483 2328 Deam,
1514 2259 1800 2314 incedentes
1847 2257 1903 2310 in
1937 2269 2050 2309 om-

469 2361 614 2416 nibus
639 2360 892 2414 mandatis
916 2368 960 2412 et
975 2353 1423 2430 justificationibns
1451 2350 1659 2406 Domini
1699 2348 1808 2402 sine
1847 2343 2050 2416 querela

469 2451 620 2522 (Luc.
643 2437 687 2518 ι,’
703 2451 783 2521 6).
810 2449 943 2518 Quia
954 2461 1085 2519 ergo
1109 2443 1360 2517 quidquid
1379 2442 1460 2498 eis
1485 2437 1912 2508 inemtjustitize,
1942 2449 2049 2489 non

473 2551 592 2598 erat
617 2541 683 2596 ad
701 2541 946 2598 homines
976 2539 1285 2594 simulatum
1304 2577 1320 2604 ,
1363 2535 1484 2591 ideo
1519 2533 1720 2588 dictum
1766 2539 1852 2585 est
1875 2571 1892 2598 ,
1937 2535 2054 2582 ante

471 2629 658 2688 Deum.
684 2630 838 2700 Quod
858 2637 1036 2685 autem
1061 2625 1130 2684 de
1154 2625 1410 2682 Zacharla
1429 2632 1484 2680 et
1525 2623 1642 2690 ejus
1669 2621 1898 2690 conjuge
1921 2617 2051 2672 scri-

468 2731 618 2795 ptum
637 2730 740 2787 est,
765 2722 821 2775 in
847 2719 1076 2774 omnibus
1101 2715 1356 2772 mandatis
1379 2724 1427 2770 et
1443 2709 1898 2785 justiﬁestionibus
1941 2705 2050 2760 Do-

467 2813 597 2868 mini
620 2828 640 2868 :
668 2812 769 2868 hoc
787 2810 880 2866 ille
903 2807 1136 2866 breviter
1160 2805 1314 2872 dixit,
1339 2806 1394 2860 in
1421 2803 1548 2875 tege.
1595 2801 1713 2858 Non
1759 2799 1902 2856 enim
1943 2797 2050 2852 alia

469 2907 558 2962 lex
586 2905 682 2971 illi,
711 2903 814 2959 alia
841 2901 958 2958 istis
981 2899 1078 2956 fuit
1103 2906 1228 2954 ante
1243 2896 1624 2968 Evsngelium;
1676 2891 1773 2949 sed
1817 2905 1919 2946 una
1963 2898 2048 2944 at-

473 3012 580 3067 que
608 2994 816 3060 eadem,
835 3007 994 3064 quam
1015 2992 1241 3062 legimus
1269 3003 1368 3059 per
1393 2987 1613 3058 Moysen
1653 2983 1834 3040 datam
1881 2981 2050 3051 patri-

470 3088 574 3142 hus
600 3099 807 3151 eorum,
837 3081 1130 3139 secundum
1152 3093 1310 3150 quam
1336 3079 1497 3133 etiam
1540 3073 1791 3130 sacerdos
1818 3081 1934 3129 erat
1951 3071 2052 3127 Za-

474 3175 710 3244 charias,
731 3181 784 3230 et
805 3172 921 3228 vice
941 3186 1036 3226 sua
1064 3168 1420 3225 sacrificabat.
1445 3167 1512 3221 Et
1528 3173 1704 3220 tamen
1729 3161 2048 3234 Apostolus,

473 3269 562 3340 qui
593 3267 755 3324 simili
777 3275 904 3320 tunc
918 3261 1123 3334 justitia
1153 3258 1408 3331 praeditus
1435 3254 1934 3326 fuit,‘sequitur,'et
1966 3251 2051 3306 di-

471 3361 588 3415 cit:
617 3357 744 3424 Qute
765 3355 888 3410 mihi
929 3353 1071 3410 lucra
1105 3350 1357 3422 fuerunt,
1397 3348 1507 3404 hac
1547 3354 1751 3417 propter
1795 3343 2052 3399 Christum

471 3451 660 3504 damna
689 3464 794 3502 esse
821 3445 948 3500 duxi
972 3459 992 3498 :
1015 3450 1353 3498 uerumtamen
1401 3447 1446 3494 et
1489 3437 1704 3492 arbitror
1747 3434 1916 3490 omnia
1954 3433 2053 3486 da-

473 3556 646 3594 mnum
675 3553 782 3592 esse
801 3543 1007 3606 propter
1030 3533 1326 3586 eminentem
1359 3528 1617 3584 scientiam
1653 3524 1862 3624 Domini
1897 3522 2053 3578 nostri

473 3631 599 3686 Jcsu
622 3627 825 3691 Christi,
849 3634 1054 3697 propter
1072 3637 1218 3692 quem
1237 3619 1405 3674 omnia
1431 3633 1534 3672 non
1561 3614 1727 3672 solu'm
1758 3614 2054 3668 detrimenta

475 3719 686 3784 credidi,
716 3733 886 3772 verum
906 3714 1055 3770 etiam
1074 3722 1295 3768 stercora
1312 3708 1594 3765 existimari
1619 3721 1724 3762 esse
1745 3748 1760 3772 ,
1801 3713 1856 3759 ut
1904 3701 2055 3757 Chri-

474 3821 606 3866 stum
635 3809 970 3879 lucrifaciam,
999 3813 1046 3859 et
1072 3803 1296 3858 inveniar
1317 3800 1473 3856 inille
1507 3815 1611 3855 non
1657 3798 1844 3852 habens
1891 3809 2054 3850 meam

476 3903 722 3967 iustitiam
745 3912 856 3968 qua:
875 3913 938 3950 ex
956 3895 1062 3966 lege
1081 3903 1172 3958 est,
1201 3892 1291 3947 sed
1339 3907 1453 3946 eam
1495 3905 1610 3962 qut:
1653 3897 1727 3944 est
1772 3903 1864 3958 per
1899 3885 2054 3955 [idem

475 3993 682 4058 Christi,
705 4005 820 4063 qua:
837 3997 908 4044 est
935 4003 998 4042 ea:
1023 3985 1152 4053 Deo,
1171 3985 1426 4056 justitiam
1465 3985 1520 4038 in
1558 3983 1661 4052 fide
1687 4020 1705 4048 ,
1752 3980 1820 4033 ad
1867 3993 2054 4048 cogno-

473 4086 713 4144 scendum
737 4099 851 4140 eum
873 4091 918 4137 et
942 4081 1173 4136 virtutem
1190 4075 1566 4133 resurrectionis
1592 4075 1702 4145 ejus
1735 4080 1781 4128 et
1820 4087 2051 4126 commu-

472 4181 769 4236 nicationem
790 4174 1037 4248 passionis
1059 4173 1190 4242 ejus,
1208 4173 1548 4243 conformatus
1595 4165 1746 4220 morti
1785 4165 1947 4235 ipsius
1972 4205 1987 4229 ,
2009 4165 2052 4218 si

473 4287 571 4342 quo
617 4268 769 4322 modo
815 4266 1078 4321 occurram
1113 4263 1168 4316 in
1234 4259 1646 4316 resurrectionem
1713 4264 2048 4310 mortuorum.

475 4336 702 4410 'l‘antum
728 4365 856 4420 ergo
883 4349 1042 4419 longe
1064 4353 1166 4412 est,
1185 4353 1244 4400 ut
1269 4353 1485 4414 propter
1523 4342 1613 4396 illa
1637 4339 1801 4395 verba
1842 4336 2049 4393 Zacha-

474 4445 609 4501 riam
637 4454 690 4498 et
720 4442 990 4498 Elisabeth
1011 4439 1291 4494 credamus
1315 4435 1433 4491 sine
1461 4433 1570 4489 ullo
1605 4440 1829 4502 peccato
1875 4429 2052 4500 perfe-

475 4543 615 4591 ctam
650 4532 901 4588 habuisse
939 4528 1232 4600 justitiam,
1285 4534 1343 4581 ut
1385 4539 1488 4580 nec
1527 4524 1698 4594 ipsum
1740 4520 2051 4592 Apostolum

473 4624 713 4698 ejusdem
742 4619 940 4692 regular
968 4618 1274 4674 summitate
1301 4616 1621 4671 arbitremur
1663 4613 1827 4668 fuisse
1876 4608 2052 4682 perfe-

473 4727 640 4784 ctum,
661 4729 765 4771 non
782 4714 956 4768 solum
985 4711 1040 4766 in
1064 4709 1150 4764 illa
1175 4709 1308 4778 legis
1327 4705 1531 4777 justitia
1556 4746 1570 4772 ,
1613 4719 1774 4775 quam
1822 4703 2049 4758 similem

473 4810 590 4866 istis
615 4805 816 4870 habuit,
841 4817 999 4874 quam
1027 4802 1165 4856 inter
1181 4799 1372 4854 damna
1397 4807 1452 4853 et
1481 4805 1717 4852 stercora
1746 4793 1966 4864 deputat
1995 4794 2048 4847 in

472 4897 874 4972 comparatione
899 4891 1334 4949 eminentissima:
1365 4887 1586 4959 justitize
1615 4929 1630 4954 ,
1675 4901 1794 4956 quae
1842 4886 1895 4940 in
1946 4884 2049 4939 fide

472 4991 671 5048 Christi
697 4997 1026 5054 est;verum
1051 4982 1211 5040 etiam
1239 4980 1293 5036 in
1334 4981 1450 5051 ipso
1477 4994 1688 5050 quoque
1717 4975 2005 5046 Evangelio
2029 5017 2046 5042 ,

473 5086 561 5141 ubi
583 5093 638 5138 et
661 5080 792 5136 tanti
817 5076 1155 5150 Apostolatus
1179 5073 1372 5129 meruit
1394 5071 1741 5143 principatum
1772 5084 1787 5122 :
1815 5066 1954 5138 quod
1971 5066 2052 5122 di-

474 5189 597 5231 cere
624 5189 728 5228 non
757 5171 1032 5236 auderem,
1061 5167 1161 5222 nisi
1187 5165 1234 5220 ei
1265 5177 1370 5219 non
1421 5161 1640 5218 credere
1692 5159 1840 5216 nefas
1891 5158 2052 5214 duce-

473 5281 608 5321 rcm.
641 5263 742 5322 Ubi
770 5263 930 5318 etiam
950 5259 1208 5330 sequitur,
1238 5263 1292 5312 et
1310 5253 1552 5324 adjnngit
1577 5271 1590 5307 :
1621 5250 1740 5307 Non
1785 5251 1905 5323 quia
1934 5252 2051 5322 jam

473 5355 750 5426 acceperim
771 5393 786 5420 ,
827 5361 914 5407 aut
929 5355 1044 5422 jam
1071 5352 1322 5420 perfectus
1368 5345 1498 5408 sim;
1541 5357 1722 5414 sequor
1759 5353 1958 5398 autem.
2007 5341 2052 5394 si

475 5444 897 5517 comprehendam
923 5441 965 5509 ί,
985 5439 1040 5494 in
1061 5453 1162 5510 quo
1192 5447 1239 5493 et
1264 5435 1609 5510 apprehensus
1627 5451 1740 5490 sum
1768 5433 1824 5488 in
1849 5431 2050 5490 Christo

538 5601 554 5630 ³
575 5603 624 5646 ιιι
647 5594 811 5657 editis.
823 5591 878 5657 ὁ
897 5605 992 5657 σω
1008 5591 1152 5657 mdo
1167 5591 1581 5657 supremam
1595 5591 1760 5657 ψειεν
1783 5602 1877 5657 quo
1891 5590 2051 5657 modo

443 5674 446 5680 υ
470 5670 503 5706 a
526 5651 862 5726 uanusq'iptis
878 5688 894 5714 ,
909 5651 1084 5726 'uetpte
1105 5655 1158 5703 in
1189 5651 1349 5724 latinis
1365 5651 1915 5724 Bibliist‘orbeieus'ibus
1941 5651 2049 5702 \‘ul-

473 5726 599 5782 gata:
619 5722 850 5766 versionts
864 5722 1126 5778 reperitur,
1147 5727 1309 5776 neque
1333 5722 1380 5764 in
1397 5722 1581 5776 gnecis.

1106 347 1196 404 oe
1234 341 1688 404 reccnonun
1726 334 2000 392 MERITIS
2037 333 2126 390 ET
2163 333 2588 405 REMISSIONE,
2628 339 2686 395 s.
2727 338 3093 398 AUGUSTINI

3634 342 3736 397 ιιι

2152 444 2298 502 Iesu.
2326 446 2550 510 Fratres,
2572 467 2665 520 ego
2685 467 2763 505 me
2780 455 2946 522 ipsum
2966 469 3066 507 non
3093 452 3314 508 arbitror
3362 457 3737 525 apprehendis-

2153 556 2205 593 se
2226 555 2244 593 :
2266 557 2416 593 unum
2442 553 2627 606 autent,
2651 559 2764 611 qua:
2782 553 2914 598 retro
2941 543 3144 612 oblitus,
3167 545 3222 599 in
3245 561 3304 598 ea
3328 562 3444 616 quia
3459 557 3578 601 ante
3607 560 3732 604 sunt

2153 638 2396 695 extentus,
2428 632 2697 684 secundum
2724 631 3048 688 intentionem
3072 649 3271 704 sequor,
3298 634 3368 688 ad
3396 636 3620 706 palmam
3651 655 3738 692 su-

2155 735 2323 786 perna
2347 721 2616 776 vocationis
2634 721 2752 790 Dei,
2779 723 2830 778 in
2853 722 3053 779 Christo
3079 724 3224 780 Jesu.
3254 726 3370 796 ipse
3398 742 3459 782 se
3504 729 3735 784 conlite~

2155 818 2241 863 tur
2266 809 2499 866 nondum
2527 813 2815 882 accepisse,
2870 813 3108 870 nondum
3159 831 3280 872 esse
3318 816 3616 888 perfectum
3665 835 3731 874 ea

2157 900 2484 968 plenitttdine
2501 901 2742 971 justitiuz,
2763 919 2924 974 quam
3189 906 3376 962 diluit
3397 908 3453 962 in
3479 907 3736 975 Christ);

2154 989 2247 1044 sed
2265 991 2438 1046 adhuc
2461 991 2748 1047 secundum
2776 994 3122 1051 intentionem
3139 997 3331 1066 sequi,
3381 1006 3436 1053 et
3463 999 3734 1068 prmterita

2155 1080 2554 1136 obliviscentem
2582 1083 2635 1136 in
2651 1098 2714 1138 ca
2747 1099 2870 1154 quae
2900 1093 3026 1139 ante
3073 1095 3198 1141 sunt
3241 1087 3458 1143 extendi
3491 1106 3505 1141 :
3547 1099 3604 1143 ut
3633 1103 3706 1144 no

2156 1171 2388 1225 serimus
2409 1171 2567 1226 etiam
2595 1172 2661 1226 ad
2686 1173 2857 1242 ipsum
2889 1175 3158 1243 pertinuere
3178 1175 3305 1234 illud
3348 1175 3488 1246 quod
3537 1177 3634 1243 ait,
3661 1174 3738 1232 Et

2152 1261 2197 1316 si
2223 1264 2450 1316 exterior'
2462 1263 2610 1319 homo
2639 1275 2806 1320 noster
2831 1267 3194 1336 corrumpitur,
3215 1267 3304 1322 sed
3345 1268 3556 1322 interior
3581 1285 3736 1328 renuo

2153 1364 2300 1408 vatur
2318 1355 2380 1409 de
2397 1355 2477 1409 die
2494 1355 2548 1410 in
2571 1355 2703 1410 diem
2728 1356 2746 1429 (
2767 1355 2810 1411 ll
2835 1357 2953 1411 Cor.
2984 1373 3056 1425 tv,
3084 1358 3171 1428 ιϐ)
3199 1375 3214 1412 :
3245 1359 3489 1430 quamvis
3503 1360 3614 1428 jam
3643 1375 3736 1415 es-

2153 1453 2237 1500 set
2261 1446 2522 1514 pterfectus
2535 1446 2728 1511 viator,
2756 1448 2862 1503 etsi
2891 1448 3125 1503 nondum
3159 1459 3276 1504 erat
3313 1449 3477 1519 ipsius
3523 1450 3733 1507 itineris

2154 1533 2480 1604 perfectione
2499 1545 2798 1605 pervcutor.
2819 1537 3058 1608 Denique
3095 1539 3232 1594 tales
3278 1539 3392 1594 vult
3443 1554 3626 1595 secum
3675 1541 3732 1596 in

2154 1625 2256 1680 isto
2283 1640 2441 1681 cursu
2466 1626 2689 1682 comites
2709 1642 2918 1698 rapere,
2953 1628 3146 1697 quibus
3167 1629 3418 1684 continuo
3458 1615 3734 1701 subjungit

2152 1723 2207 1770 et
2225 1713 2394 1770 dicit:
2426 1715 2678 1786 Quotquot
2698 1733 2815 1788 ergo
2839 1718 3050 1787 perfecti
3075 1757 3092 1784 ,
3139 1717 3234 1772 hoc
3260 1718 3556 1788 sapiamus;
3599 1729 3649 1775 et
3685 1720 3736 1776 si

2152 1805 2273 1876 quid
2299 1806 2446 1864 aliter
2468 1807 2665 1878 sapitis,
2694 1807 2790 1862 hoc
2830 1824 3027 1880 quoque
3059 1808 3199 1866 Deus
3227 1809 3364 1864 vobis
3409 1812 3644 1866 reuelabit
3667 1814 3684 1844 ¹
3713 1830 3731 1868 :

2153 1907 2493 1953 uerumtamen
2525 1938 2540 1964 ,
2566 1899 2618 1953 in
2637 1898 2771 1970 quod
2819 1901 3130 1972 pervenimus
3155 1941 3174 1967 ,
3211 1901 3265 1956 in
3307 1917 3366 1956 eo
3415 1903 3734 1958 ambulemus

2155 1989 2424 2064 (Philipp.
2462 2007 2552 2056 ιιι,
2581 1991 2770 2064 5-16).
2809 1991 3111 2048 Ambulatio
3165 1993 3286 2059 ista,
3337 2009 3442 2048 non
3489 1995 3738 2065 corporis

2155 2084 2398 2154 pedibus,
2421 2084 2515 2139 sed
2542 2085 2734 2139 mentis
2751 2084 3031 2140 ademibus
3048 2092 3104 2139 et
3123 2085 3246 2140 vitm
3301 2085 3538 2141 moribus
3580 2085 3732 2156 geri-

2156 2181 2263 2237 tur,
2292 2182 2348 2227 ut
2376 2175 2581 2243 possint
2603 2187 2722 2228 esse
2747 2173 2964 2244 perfecti
2986 2174 3208 2244 justitia:
3242 2189 3600 2245 possessores,
3632 2175 3733 2246 qui

2153 2274 2302 2320 recto
2331 2266 2519 2320 itinere
2544 2265 2702 2320 fidei'
2727 2265 2797 2322 de
2820 2265 2907 2321 die
2935 2266 2988 2320 in
3021 2265 3162 2322 diem
3191 2266 3244 2320 in
3265 2281 3359 2321 sua
3385 2267 3740 2322 renovatione

2153 2353 2509 2423 proficientes,
2527 2355 2640 2425 jam
2661 2355 2882 2426 perfecti
2908 2354 3034 2411 facti
3059 2365 3184 2412 sunt
3231 2355 3471 2426 ejusdem
3507 2355 3738 2427 justitian

2155 2445 2408 2500 viatores.
2773 2507 2780 2514 ξ

2221 2533 2448 2591 CAPUT
2463 2535 2779 2593 Ill—21.
2798 2537 2888 2593 Sic
2907 2539 3083 2610 itaque
3107 2553 3312 2604 omnes,
3334 2539 3652 2610 quicumque
3672 2539 3737 2595 in

2153 2624 2254 2681 hac
2277 2624 2382 2680 vita
2409 2624 2708 2682 divinarum
2736 2627 3126 2698 Scripturarum
3161 2629 3480 2684 testimoniis
3506 2629 3558 2686 in
3589 2629 3738 2684 bona

2152 2715 2426 2772 voluntate
2450 2727 2610 2788 atque
2633 2717 2840 2774 actibus
2859 2719 3076 2789 iustitiae
3095 2720 3364 2791 pradicati
3389 2729 3532 2785 sunt,
3546 2722 3744 2790 etqui-

2153 2823 2381 2880 cumque
2401 2810 2534 2867 tales
2550 2810 2632 2864 vel
2650 2818 2770 2880 post
2782 2825 2874 2866 eos
2889 2811 3124 2878 fuerunt,
3140 2812 3381 2884 quamvis
3401 2825 3508 2868 non
3525 2811 3738 2877 eisdem

2155 2903 2474 2959 testimoniis
2508 2902 2779 2973 praedicati
2815 2911 2973 2974 atque
3015 2902 3244 2971 laudati,
3281 2903 3368 2958 vel
3396 2919 3536 2959 nunc
3563 2917 3742 2974 usque

2153 2994 2311 3049 etiam
2334 3003 2480 3060 sunt,
2503 2993 2588 3049 vel
2609 3002 2791 3062 postea
2809 3007 3022 3064 quoque
3047 2993 3205 3048 futuri
3230 3003 3388 3060 sunt;
3413 3007 3600 3049 omnes
3619 3009 3747 3049 nta-

2153 3085 2263 3156 gni,
2287 3099 2476 3141 omnes
2495 3084 2644 3152 justi,
2671 3097 2860 3139 omnes
2878 3085 3138 3140 veraciter
3159 3082 3448 3138 laudabiles
3469 3092 3611 3149 sunt,
3633 3082 3744 3138 sed

2155 3174 2272 3230 sine
2293 3181 2510 3246 peccato
2527 3172 2706 3242 aliquo
2729 3187 2835 3228 non
2866 3183 2990 3228 sunt
3015 3189 3031 3227 :
3060 3173 3308 3244 quoniam
3335 3171 3739 3243 Scripturarum

2157 3265 2492 3331 testimoniis,
2544 3265 2735 3335 quibus
2780 3265 2849 3320 de
2893 3264 3106 3319 illorum
3155 3263 3398 3319 laudibus
3440 3261 3736 3328 credimus,

2157 3357 2258 3413 hoc
2281 3357 2440 3413 etiam
2469 3355 2757 3419 credimus,
2788 3371 2893 3410 non
2924 3355 3201 3426 jnstillcari
3229 3354 3280 3409 in
3309 3365 3596 3425 conspectu
3626 3355 3727 3409 Dei

2155 3461 2368 3502 omnem
2393 3445 2658 3502 viventem
2687 3464 2702 3512 ;
2733 3445 2852 3502 ideo
2875 3445 3069 3516 rogari,
3099 3461 3165 3499 ne
3205 3445 3367 3500 intret
3393 3445 3446 3500 in
3472 3445 3736 3514 judicium

2154 3551 2276 3592 cum
2307 3538 2475 3593 servis
2501 3538 2649 3602 suis;
2677 3547 2852 3592 etnon
2869 3544 3071 3592 tantum
3091 3536 3460 3592 universaliter
3485 3537 3741 3592 ﬁdelibus

2155 3628 2423 3694 omnibus,
2447 3643 2634 3684 verum
2663 3629 2820 3684 etiam
2837 3627 3059 3698 singulis
3089 3643 3210 3684 esse
3231 3630 3524 3683 orationem
3547 3628 3734 3684 domi-

2157 3719 2331 3773 nicam
2348 3720 2722 3782 necessariam,
2739 3732 2900 3789 quam
2927 3717 3143 3773 tradidit
3167 3717 3442 3789 discipulis
3467 3719 3597 3774 suis.

2225 3807 2450 3866 CAPUT
2474 3807 2773 3864 XV.-—-22.
2795 3806 3018 3878 Objectio
3043 3808 3457 3880 Pelagianorum.
3481 3807 3742 3880 Perfeclio

2155 3899 2432 3954 secundum
2471 3899 2730 3970 quiddam.
2779 3898 3040 3969 Perfectus
3066 3899 3120 3952 in
3138 3899 3342 3970 justitia
3370 3909 3499 3954 recte
3525 3900 3736 3966 dicitur,

2154 3993 2242 4062 qui
2267 3991 2484 4046 multum
2528 3993 2581 4047 in
2618 4009 2685 4054 ea
2706 3992 2934 4064 profecit.
2961 4021 3034 4034 —-
3061 3993 3126 4048 At
3171 3993 3304 4048 enim
3355 3991 3601 4046 Dominus
3636 3993 3738 4056 ait,

2162 4101 2182 4135 ι
2210 4081 2383 4137 Estote
2407 4084 2632 4154 perfecti,
2657 4083 2782 4138 sicut
2807 4095 2853 4138 et
2883 4082 3039 4138 Pater
3063 4093 3220 4138 uester
3247 4083 3456 4138 ctelcstis
3485 4085 3743 4153 perfectus

2155 4184 2226 4230 est
2253 4193 2274 4226 ι
2304 4173 2516 4246 (Matth.
2538 4190 2593 4240 v,
2621 4174 2748 4246 48);
2779 4175 2914 4245 quod
2938 4191 3040 4230 non
3063 4175 3371 4246 prteciperet,
3399 4174 3660 4244 inquiunt,
3691 4173 3742 4227 si

2155 4268 2302 4322 sciret
2325 4267 2438 4336 ﬁeri
2459 4283 2559 4320 non
2581 4281 2730 4337 posse
2749 4266 2884 4335 quod
2903 4267 3151 4337 precipit.
3178 4265 3293 4320 Non
3319 4278 3458 4320 nunc
3476 4262 3741 4334 quaeritur

2155 4367 2333 4412 utrum
2357 4356 2470 4412 fleri
2495 4358 2685 4427 possit,
2709 4357 2753 4412 si
2778 4357 2931 4411 istam
2959 4355 3338 4427 perfectionem
3365 4354 3432 4410 ad
3461 4353 3562 4409 hoc
3585 4353 3741 4408 acci-

2157 4450 2324 4519 piunt,
2357 4457 2414 4503 ut
2437 4449 2555 4502 sine
2583 4446 2693 4502 ullo
2719 4447 2787 4500 sit
2811 4446 3032 4517 quisque
3053 4453 3290 4516 peccato,
3317 4460 3438 4500 cum
3461 4443 3598 4500 banc
3624 4445 3742 4514 agit

2155 4540 2318 4594 vitam
2337 4555 2352 4602 ;
2370 4538 2478 4609 jam
2499 4537 2642 4593 enim
2667 4551 2825 4608 supra
2855 4535 3244 4606 respondimus,
3271 4549 3429 4606 posse
3453 4533 3568 4589 ﬁeri
3593 4551 3608 4588 :
3635 4535 3738 4588 sed

2155 4639 2330 4688 utrum
2356 4631 2548 4701 aliquis
2591 4629 2767 4696 faciat,
2811 4629 2914 4684 hac
2950 4644 3091 4683 nunc
3115 4629 3426 4699 qumrimus.
3451 4626 3737 4682 Neminem

2155 4733 2470 4780 autemesse
2489 4722 2578 4792 qui
2605 4729 2804 4776 tantum
2835 4720 2978 4782 velit.
3007 4729 3262 4790 quantum
3285 4732 3370 4773 res
3393 4717 3575 4788 exigit,
3606 4726 3742 4773 ante

2156 4815 2533 4887 prmcognitum
2548 4825 2650 4878 est.
2668 4812 3230 4882 sicutScripturarum,
3252 4826 3372 4882 quin
3397 4825 3556 4880 supra
3583 4823 3740 4864 com-

2155 4907 2467 4972 memoravi,
2515 4904 2812 4961 testimonia
2837 4913 2976 4959 tanta
3002 4902 3292 4959 declarant.
3317 4902 3382 4958 Et
3401 4910 3576 4956 tamen
3605 4915 3740 4958 cum

2155 4984 2348 5054 (ﬁcitur
2369 4998 2623 5066 cujusque
2654 4994 2928 5065 perfectio,
2974 5008 3077 5064 qua
3130 4994 3182 5046 in
3217 5007 3278 5047 re
3300 4991 3508 5048 dicatur
3534 4990 3742 5045 viden-

2155 5089 2282 5144 dum
2309 5097 2410 5145 est.
2441 5087 2571 5142 Nam
2600 5101 2667 5141 ex
2715 5085 2970 5154 Apostolo
2999 5083 3360 5139 testimonium
3404 5082 3564 5152 paulo
3600 5091 3738 5137 ante

2158 5170 2328 5252 posui,
2355 5178 2444 5235 ubi
2461 5193 2518 5233 se
2544 5177 2737 5233 fatetur
2763 5176 2814 5230 in
2845 5173 3380 5245 acceptionejustitite
3397 5186 3557 5243 quam
3584 5170 3739 5226 desi-

2155 5272 2330 5335 derat;
2356 5267 2587 5325 nondum
2615 5281 2736 5324 esse
2775 5266 3063 5336 perfectum
3093 5282 3108 5331 ;
3141 5274 3197 5320 et
3243 5274 3420 5319 tamen
3471 5262 3732 5318 continuo

2157 5361 2304 5428 dicit,
2355 5361 2610 5428 Quotquot
2659 5361 2778 5430 ergo
2825 5358 3051 5428 perfecti,
3097 5356 3192 5411 hoc
3237 5355 3496 5424 sapiamus
3526 5369 3546 5408 :
3579 5353 3729 5423 quod
3822 5403 3846 5409 _

2159 5462 2436 5522 utrumque
2464 5464 2570 5506 non
2599 5449 2828 5532 diceret,
2850 5449 2954 5505 nisi
2978 5449 3033 5504 in
3059 5447 3164 5503 alia
3189 5462 3250 5503 re
3265 5444 3531 5516 perfectus
3557 5453 3727 5510 esset,

2221 5649 2234 5679 ¹
2274 5656 2320 5696 In
2345 5653 2467 5702 λιες,
2495 5642 2732 5696 reuelauit.
2991 5645 2997 5651 '

2220 5711 2240 5740 ³
2277 5720 2295 5756 ι
2309 5696 2548 5772 οχίῇἱίώ,
2571 5708 2708 5756 abest
2732 5706 2794 5755 ab
2808 5704 3031 5755 omnibus
3050 5700 3296 5751 Gallicanis
3318 5696 3668 5760 manusu'lptts.
