  <div class='ocr_page' id='page_1' title='image "/cluster/home/n/w/nwhite01/storage/ocr_20150623/44/hvd.32044069687945/088.png"; bbox 0 0 4002 6180; ppageno 0'>
   <div class='ocr_carea' id='block_1_1' title="bbox 292 274 401 357">
    <p class='ocr_par' dir='ltr' id='par_1_1' title="bbox 292 274 401 357">
     <span class='ocr_line' id='line_1_1' title="bbox 292 274 401 357; baseline 0.018 -31"><span class='ocrx_word' id='word_1_1' title='bbox 292 274 401 357; x_wconf 65' lang='lat' dir='ltr'><strong>sps</strong></span> 
     </span>
    </p>
   </div>
   <div class='ocr_carea' id='block_1_2' title="bbox 292 396 1877 467">
    <p class='ocr_par' dir='ltr' id='par_1_2' title="bbox 292 396 1877 467">
     <span class='ocr_line' id='line_1_2' title="bbox 292 396 1877 467; baseline -0.003 -9"><span class='ocrx_word' id='word_1_2' title='bbox 292 406 346 458; x_wconf 91' lang='lat' dir='ltr'><strong>in</strong></span> <span class='ocrx_word' id='word_1_3' title='bbox 361 401 462 456; x_wconf 83' lang='lat' dir='ltr'><strong>alia</strong></span> <span class='ocrx_word' id='word_1_4' title='bbox 486 415 593 455; x_wconf 88' lang='lat' dir='ltr'><strong>non</strong></span> <span class='ocrx_word' id='word_1_5' title='bbox 622 408 785 456; x_wconf 86' lang='lat' dir='ltr'><strong>esset.</strong></span> <span class='ocrx_word' id='word_1_6' title='bbox 810 398 963 452; x_wconf 73' lang='lat' dir='ltr'><strong>Velut</strong></span> <span class='ocrx_word' id='word_1_7' title='bbox 983 398 1024 452; x_wconf 88' lang='lat' dir='ltr'><strong>si</strong></span> <span class='ocrx_word' id='word_1_8' title='bbox 1045 400 1151 466; x_wconf 87' lang='lat' dir='ltr'><strong>jam</strong></span> <span class='ocrx_word' id='word_1_9' title='bbox 1191 398 1259 452; x_wconf 89' lang='lat' dir='ltr'><strong>sit</strong></span> <span class='ocrx_word' id='word_1_10' title='bbox 1300 396 1575 467; x_wconf 82' lang='lat' dir='ltr'><strong>quisquam</strong></span> <span class='ocrx_word' id='word_1_11' title='bbox 1607 399 1877 465; x_wconf 67' lang='lat' dir='ltr'><strong>sapientiae</strong></span> 
     </span>
    </p>
   </div>
   <div class='ocr_carea' id='block_1_3' title="bbox 292 488 1877 563">
    <p class='ocr_par' dir='ltr' id='par_1_3' title="bbox 292 488 1877 563">
     <span class='ocr_line' id='line_1_3' title="bbox 292 488 1877 563; baseline -0.003 -14"><span class='ocrx_word' id='word_1_12' title='bbox 292 492 560 563; x_wconf 82' lang='lat' dir='ltr'><strong>perfectus</strong></span> <span class='ocrx_word' id='word_1_13' title='bbox 589 491 819 557; x_wconf 86' lang='lat' dir='ltr'><strong>auditor,</strong></span> <span class='ocrx_word' id='word_1_14' title='bbox 842 489 982 562; x_wconf 87' lang='lat' dir='ltr'><strong>qttod</strong></span> <span class='ocrx_word' id='word_1_15' title='bbox 1018 488 1249 543; x_wconf 89' lang='lat' dir='ltr'><strong>nondum</strong></span> <span class='ocrx_word' id='word_1_16' title='bbox 1273 497 1422 543; x_wconf 90' lang='lat' dir='ltr'><strong>erant</strong></span> <span class='ocrx_word' id='word_1_17' title='bbox 1468 488 1544 543; x_wconf 87' lang='lat' dir='ltr'><strong>illi</strong></span> <span class='ocrx_word' id='word_1_18' title='bbox 1575 490 1765 557; x_wconf 83' lang='lat' dir='ltr'><strong>quibus</strong></span> <span class='ocrx_word' id='word_1_19' title='bbox 1794 491 1877 545; x_wconf 83' lang='lat' dir='ltr'><strong>di-</strong></span> 
     </span>
    </p>
   </div>
   <div class='ocr_carea' id='block_1_4' title="bbox 290 580 1877 652">
    <p class='ocr_par' dir='ltr' id='par_1_4' title="bbox 290 580 1877 652">
     <span class='ocr_line' id='line_1_4' title="bbox 290 580 1877 652; baseline 0 -16"><span class='ocrx_word' id='word_1_20' title='bbox 290 584 466 648; x_wconf 79' lang='lat' dir='ltr'><strong>cebat,</strong></span> <span class='ocrx_word' id='word_1_21' title='bbox 499 582 604 636; x_wconf 87' lang='lat' dir='ltr'><strong>Lac</strong></span> <span class='ocrx_word' id='word_1_22' title='bbox 625 582 761 636; x_wconf 87' lang='lat' dir='ltr'><strong>vobis</strong></span> <span class='ocrx_word' id='word_1_23' title='bbox 786 590 961 652; x_wconf 85' lang='lat' dir='ltr'><strong>patum</strong></span> <span class='ocrx_word' id='word_1_24' title='bbox 981 580 1117 645; x_wconf 88' lang='lat' dir='ltr'><strong>dedi,</strong></span> <span class='ocrx_word' id='word_1_25' title='bbox 1140 597 1238 633; x_wconf 86' lang='lat' dir='ltr'><strong>non</strong></span> <span class='ocrx_word' id='word_1_26' title='bbox 1267 595 1466 643; x_wconf 70' lang='lat' dir='ltr'><strong>escam;</strong></span> <span class='ocrx_word' id='word_1_27' title='bbox 1500 583 1725 634; x_wconf 85' lang='lat' dir='ltr'><strong>nondum</strong></span> <span class='ocrx_word' id='word_1_28' title='bbox 1744 580 1877 636; x_wconf 88' lang='lat' dir='ltr'><strong>enim</strong></span> 
     </span>
    </p>
   </div>
   <div class='ocr_carea' id='block_1_5' title="bbox 290 668 1874 743">
    <p class='ocr_par' dir='ltr' id='par_1_5' title="bbox 290 668 1874 743">
     <span class='ocr_line' id='line_1_5' title="bbox 290 668 1874 743; baseline -0.001 -18"><span class='ocrx_word' id='word_1_29' title='bbox 290 675 535 743; x_wconf 81' lang='lat' dir='ltr'><strong>poteratis</strong></span> <span class='ocrx_word' id='word_1_30' title='bbox 568 688 587 726; x_wconf 90' lang='lat'><strong><em>:</em></strong></span> <span class='ocrx_word' id='word_1_31' title='bbox 616 671 706 726; x_wconf 86' lang='lat' dir='ltr'><strong>sed</strong></span> <span class='ocrx_word' id='word_1_32' title='bbox 733 687 821 725; x_wconf 90' lang='lat' dir='ltr'><strong>nec</strong></span> <span class='ocrx_word' id='word_1_33' title='bbox 863 671 1031 723; x_wconf 82' lang='lat' dir='ltr'><strong>adhuc</strong></span> <span class='ocrx_word' id='word_1_34' title='bbox 1074 668 1277 737; x_wconf 78' lang='lat' dir='ltr'><strong>quidem</strong></span> <span class='ocrx_word' id='word_1_35' title='bbox 1324 669 1525 739; x_wconf 85' lang='lat' dir='ltr'><strong>potestis</strong></span> <span class='ocrx_word' id='word_1_36' title='bbox 1553 669 1571 738; x_wconf 93' lang='lat'>(</span> <span class='ocrx_word' id='word_1_37' title='bbox 1602 668 1621 721; x_wconf 90' lang='grc' dir='ltr'><strong>Ι</strong></span> <span class='ocrx_word' id='word_1_38' title='bbox 1650 669 1762 724; x_wconf 84' lang='lat' dir='ltr'><strong>Cor.</strong></span> <span class='ocrx_word' id='word_1_39' title='bbox 1796 686 1874 737; x_wconf 86' lang='grc' dir='ltr'><strong>ιιι,</strong></span> 
     </span>
    </p>
   </div>
   <div class='ocr_carea' id='block_1_6' title="bbox 289 757 1878 831">
    <p class='ocr_par' dir='ltr' id='par_1_6' title="bbox 289 757 1878 831">
     <span class='ocr_line' id='line_1_6' title="bbox 289 757 1878 831; baseline -0.001 -16"><span class='ocrx_word' id='word_1_40' title='bbox 289 764 325 816; x_wconf 75' lang='grc'><strong>2</strong></span> <span class='ocrx_word' id='word_1_41' title='bbox 353 766 369 831; x_wconf 90' lang='grc'><strong>)</strong></span> <span class='ocrx_word' id='word_1_42' title='bbox 394 780 407 814; x_wconf 94' lang='lat'>:</span> <span class='ocrx_word' id='word_1_43' title='bbox 444 764 521 815; x_wconf 77' lang='lat' dir='ltr'><strong>eis</strong></span> <span class='ocrx_word' id='word_1_44' title='bbox 548 762 744 831; x_wconf 83' lang='lat' dir='ltr'><strong>quippe</strong></span> <span class='ocrx_word' id='word_1_45' title='bbox 771 770 824 815; x_wconf 88' lang='lat' dir='ltr'><strong>et</strong></span> <span class='ocrx_word' id='word_1_46' title='bbox 851 759 979 814; x_wconf 85' lang='lat' dir='ltr'><strong>illud</strong></span> <span class='ocrx_word' id='word_1_47' title='bbox 995 759 1087 824; x_wconf 89' lang='lat' dir='ltr'><strong>ait,</strong></span> <span class='ocrx_word' id='word_1_48' title='bbox 1127 757 1443 828; x_wconf 77' lang='lat' dir='ltr'><strong>Sapientiam</strong></span> <span class='ocrx_word' id='word_1_49' title='bbox 1477 758 1730 828; x_wconf 79' lang='lat' dir='ltr'><strong>loquimur</strong></span> <span class='ocrx_word' id='word_1_50' title='bbox 1750 760 1878 813; x_wconf 86' lang='lat' dir='ltr'><strong>inter</strong></span> 
     </span>
    </p>
   </div>
   <div class='ocr_carea' id='block_1_7' title="bbox 292 846 1878 925">
    <p class='ocr_par' dir='ltr' id='par_1_7' title="bbox 292 846 1878 925">
     <span class='ocr_line' id='line_1_7' title="bbox 292 846 1878 925; baseline -0.001 -21"><span class='ocrx_word' id='word_1_51' title='bbox 292 852 583 925; x_wconf 76' lang='lat' dir='ltr'><strong>perfectos(</strong></span> <span class='ocrx_word' id='word_1_52' title='bbox 613 850 697 904; x_wconf 88' lang='lat' dir='ltr'><strong>Id.</strong></span> <span class='ocrx_word' id='word_1_53' title='bbox 728 867 783 912; x_wconf 87' lang='lat' dir='ltr'><strong>ll,</strong></span> <span class='ocrx_word' id='word_1_54' title='bbox 813 848 885 921; x_wconf 85' lang='lat'><strong>6)</strong></span> <span class='ocrx_word' id='word_1_55' title='bbox 912 865 925 913; x_wconf 91' lang='lat'><strong>;</strong></span> <span class='ocrx_word' id='word_1_56' title='bbox 959 849 1137 917; x_wconf 90' lang='lat' dir='ltr'><strong>utique</strong></span> <span class='ocrx_word' id='word_1_57' title='bbox 1159 846 1457 915; x_wconf 69' lang='lat' dir='ltr'><strong>perfectos‘</strong></span> <span class='ocrx_word' id='word_1_58' title='bbox 1481 846 1755 902; x_wconf 83' lang='lat' dir='ltr'><strong>auditores</strong></span> <span class='ocrx_word' id='word_1_59' title='bbox 1786 862 1878 902; x_wconf 82' lang='lat' dir='ltr'><strong>vo-</strong></span> 
     </span>
    </p>
   </div>
   <div class='ocr_carea' id='block_1_8' title="bbox 292 936 1877 1010">
    <p class='ocr_par' dir='ltr' id='par_1_8' title="bbox 292 936 1877 1010">
     <span class='ocr_line' id='line_1_8' title="bbox 292 936 1877 1010; baseline -0.001 -16"><span class='ocrx_word' id='word_1_60' title='bbox 292 940 648 1009; x_wconf 79' lang='lat' dir='ltr'><strong>leusintelligi</strong></span> <span class='ocrx_word' id='word_1_61' title='bbox 672 959 685 994; x_wconf 92' lang='lat'>:</span> <span class='ocrx_word' id='word_1_62' title='bbox 708 948 889 1010; x_wconf 83' lang='lat' dir='ltr'><strong>potest</strong></span> <span class='ocrx_word' id='word_1_63' title='bbox 933 940 1058 1008; x_wconf 69' lang='lat' dir='ltr'><strong>ergo</strong></span> <span class='ocrx_word' id='word_1_64' title='bbox 1088 937 1222 1001; x_wconf 84' lang='lat' dir='ltr'><strong>lieri,</strong></span> <span class='ocrx_word' id='word_1_65' title='bbox 1270 937 1408 991; x_wconf 82' lang='lat' dir='ltr'><strong>sicut</strong></span> <span class='ocrx_word' id='word_1_66' title='bbox 1435 936 1565 1003; x_wconf 81' lang='lat' dir='ltr'><strong>dixi,</strong></span> <span class='ocrx_word' id='word_1_67' title='bbox 1594 947 1649 991; x_wconf 92' lang='lat' dir='ltr'><strong>ut</strong></span> <span class='ocrx_word' id='word_1_68' title='bbox 1667 938 1777 1006; x_wconf 90' lang='lat' dir='ltr'><strong>jam</strong></span> <span class='ocrx_word' id='word_1_69' title='bbox 1808 939 1877 993; x_wconf 91' lang='lat' dir='ltr'><strong>sit</strong></span> 
     </span>
    </p>
   </div>
   <div class='ocr_carea' id='block_1_9' title="bbox 290 1026 1877 1100">
    <p class='ocr_par' dir='ltr' id='par_1_9' title="bbox 290 1026 1877 1100">
     <span class='ocr_line' id='line_1_9' title="bbox 290 1026 1877 1100; baseline -0.001 -16"><span class='ocrx_word' id='word_1_70' title='bbox 290 1031 479 1100; x_wconf 81' lang='lat' dir='ltr'><strong>aliquis</strong></span> <span class='ocrx_word' id='word_1_71' title='bbox 506 1032 782 1098; x_wconf 78' lang='lat' dir='ltr'><strong>sapientia:</strong></span> <span class='ocrx_word' id='word_1_72' title='bbox 825 1027 1090 1098; x_wconf 77' lang='lat' dir='ltr'><strong>perfectus</strong></span> <span class='ocrx_word' id='word_1_73' title='bbox 1117 1026 1346 1093; x_wconf 82' lang='lat' dir='ltr'><strong>auditor,</strong></span> <span class='ocrx_word' id='word_1_74' title='bbox 1375 1026 1528 1096; x_wconf 89' lang='lat' dir='ltr'><strong>cujus</strong></span> <span class='ocrx_word' id='word_1_75' title='bbox 1557 1028 1786 1082; x_wconf 90' lang='lat' dir='ltr'><strong>nondum</strong></span> <span class='ocrx_word' id='word_1_76' title='bbox 1809 1028 1877 1083; x_wconf 91' lang='lat' dir='ltr'><strong>sit</strong></span> 
     </span>
    </p>
   </div>
   <div class='ocr_carea' id='block_1_10' title="bbox 291 1116 1874 1195">
    <p class='ocr_par' dir='ltr' id='par_1_10' title="bbox 291 1116 1874 1195">
     <span class='ocr_line' id='line_1_10' title="bbox 291 1116 1874 1195; baseline -0.001 -23"><span class='ocrx_word' id='word_1_77' title='bbox 291 1122 560 1190; x_wconf 88' lang='lat' dir='ltr'><strong>perfectus</strong></span> <span class='ocrx_word' id='word_1_78' title='bbox 575 1128 627 1173; x_wconf 87' lang='lat' dir='ltr'><strong>et</strong></span> <span class='ocrx_word' id='word_1_79' title='bbox 654 1118 840 1173; x_wconf 81' lang='lat' dir='ltr'><strong>doctor</strong></span> <span class='ocrx_word' id='word_1_80' title='bbox 867 1133 882 1183; x_wconf 89' lang='lat'><strong>;</strong></span> <span class='ocrx_word' id='word_1_81' title='bbox 904 1126 1085 1195; x_wconf 79' lang='lat' dir='ltr'><strong>potest</strong></span> <span class='ocrx_word' id='word_1_82' title='bbox 1107 1116 1370 1185; x_wconf 85' lang='lat' dir='ltr'><strong>perfectus</strong></span> <span class='ocrx_word' id='word_1_83' title='bbox 1397 1130 1516 1171; x_wconf 89' lang='lat' dir='ltr'><strong>esse</strong></span> <span class='ocrx_word' id='word_1_84' title='bbox 1538 1116 1757 1185; x_wconf 67' lang='lat' dir='ltr'><strong>justitiaa</strong></span> <span class='ocrx_word' id='word_1_85' title='bbox 1779 1131 1874 1171; x_wconf 90' lang='lat' dir='ltr'><strong>co-</strong></span> 
     </span>
    </p>
   </div>
   <div class='ocr_carea' id='block_1_11' title="bbox 288 1205 1873 1280">
    <p class='ocr_par' dir='ltr' id='par_1_11' title="bbox 288 1205 1873 1280">
     <span class='ocr_line' id='line_1_11' title="bbox 288 1205 1873 1280; baseline -0.001 -18"><span class='ocrx_word' id='word_1_86' title='bbox 288 1211 490 1280; x_wconf 84' lang='lat' dir='ltr'><strong>gnitor,</strong></span> <span class='ocrx_word' id='word_1_87' title='bbox 530 1209 763 1262; x_wconf 80' lang='lat' dir='ltr'><strong>uoadum</strong></span> <span class='ocrx_word' id='word_1_88' title='bbox 797 1210 1058 1277; x_wconf 84' lang='lat' dir='ltr'><strong>perfectus</strong></span> <span class='ocrx_word' id='word_1_89' title='bbox 1104 1205 1323 1261; x_wconf 81' lang='lat' dir='ltr'><strong>ell‘cetor</strong></span> <span class='ocrx_word' id='word_1_90' title='bbox 1353 1225 1367 1260; x_wconf 88' lang='lat'>:</span> <span class='ocrx_word' id='word_1_91' title='bbox 1395 1216 1569 1275; x_wconf 84' lang='lat' dir='ltr'><strong>potest</strong></span> <span class='ocrx_word' id='word_1_92' title='bbox 1605 1207 1873 1276; x_wconf 85' lang='lat' dir='ltr'><strong>perfectus</strong></span> 
     </span>
    </p>
   </div>
   <div class='ocr_carea' id='block_1_12' title="bbox 288 1296 1872 1369">
    <p class='ocr_par' dir='ltr' id='par_1_12' title="bbox 288 1296 1872 1369">
     <span class='ocr_line' id='line_1_12' title="bbox 288 1296 1872 1369; baseline 0.001 -15"><span class='ocrx_word' id='word_1_93' title='bbox 288 1309 489 1354; x_wconf 84' lang='lat' dir='ltr'><strong>esseut</strong></span> <span class='ocrx_word' id='word_1_94' title='bbox 537 1299 720 1369; x_wconf 80' lang='lat' dir='ltr'><strong>diligat</strong></span> <span class='ocrx_word' id='word_1_95' title='bbox 769 1298 1037 1367; x_wconf 78' lang='lat' dir='ltr'><strong>inimicos,</strong></span> <span class='ocrx_word' id='word_1_96' title='bbox 1079 1298 1165 1366; x_wconf 88' lang='lat' dir='ltr'><strong>qui</strong></span> <span class='ocrx_word' id='word_1_97' title='bbox 1213 1296 1446 1353; x_wconf 89' lang='lat' dir='ltr'><strong>nondum</strong></span> <span class='ocrx_word' id='word_1_98' title='bbox 1472 1307 1553 1352; x_wconf 90' lang='lat' dir='ltr'><strong>est</strong></span> <span class='ocrx_word' id='word_1_99' title='bbox 1600 1298 1872 1367; x_wconf 82' lang='lat' dir='ltr'><strong>perfectus</strong></span> 
     </span>
    </p>
   </div>
   <div class='ocr_carea' id='block_1_13' title="bbox 290 1385 1871 1458">
    <p class='ocr_par' dir='ltr' id='par_1_13' title="bbox 290 1385 1871 1458">
     <span class='ocr_line' id='line_1_13' title="bbox 290 1385 1871 1458; baseline 0.001 -16"><span class='ocrx_word' id='word_1_100' title='bbox 290 1399 346 1442; x_wconf 86' lang='lat' dir='ltr'><strong>ut</strong></span> <span class='ocrx_word' id='word_1_101' title='bbox 372 1388 616 1443; x_wconf 71' lang='lat' dir='ltr'><strong>saliet-at.</strong></span> <span class='ocrx_word' id='word_1_102' title='bbox 662 1387 730 1441; x_wconf 86' lang='lat' dir='ltr'><strong>Et</strong></span> <span class='ocrx_word' id='word_1_103' title='bbox 754 1387 844 1457; x_wconf 89' lang='lat' dir='ltr'><strong>qui</strong></span> <span class='ocrx_word' id='word_1_104' title='bbox 884 1385 1148 1458; x_wconf 78' lang='lat' dir='ltr'><strong>perlectus</strong></span> <span class='ocrx_word' id='word_1_105' title='bbox 1189 1394 1270 1441; x_wconf 89' lang='lat' dir='ltr'><strong>est</strong></span> <span class='ocrx_word' id='word_1_106' title='bbox 1300 1387 1353 1440; x_wconf 91' lang='lat' dir='ltr'><strong>in</strong></span> <span class='ocrx_word' id='word_1_107' title='bbox 1403 1402 1469 1441; x_wconf 88' lang='lat' dir='ltr'><strong>eo</strong></span> <span class='ocrx_word' id='word_1_108' title='bbox 1497 1386 1639 1456; x_wconf 91' lang='lat' dir='ltr'><strong>quod</strong></span> <span class='ocrx_word' id='word_1_109' title='bbox 1684 1403 1871 1444; x_wconf 90' lang='lat' dir='ltr'><strong>omnes</strong></span> 
     </span>
    </p>
   </div>
   <div class='ocr_carea' id='block_1_14' title="bbox 289 1475 1870 1548">
    <p class='ocr_par' dir='ltr' id='par_1_14' title="bbox 289 1475 1870 1548">
     <span class='ocr_line' id='line_1_14' title="bbox 289 1475 1870 1548; baseline -0.001 -15"><span class='ocrx_word' id='word_1_110' title='bbox 289 1479 537 1533; x_wconf 82' lang='lat' dir='ltr'><strong>homines</strong></span> <span class='ocrx_word' id='word_1_111' title='bbox 554 1477 747 1548; x_wconf 76' lang='lat' dir='ltr'><strong>diligit,</strong></span> <span class='ocrx_word' id='word_1_112' title='bbox 778 1477 975 1547; x_wconf 86' lang='lat' dir='ltr'><strong>quippe</strong></span> <span class='ocrx_word' id='word_1_113' title='bbox 991 1477 1080 1546; x_wconf 88' lang='lat' dir='ltr'><strong>qui</strong></span> <span class='ocrx_word' id='word_1_114' title='bbox 1104 1476 1263 1531; x_wconf 85' lang='lat' dir='ltr'><strong>etiam</strong></span> <span class='ocrx_word' id='word_1_115' title='bbox 1308 1475 1373 1530; x_wconf 90' lang='lat' dir='ltr'><strong>ad</strong></span> <span class='ocrx_word' id='word_1_116' title='bbox 1419 1476 1753 1532; x_wconf 84' lang='lat' dir='ltr'><strong>inimicorum</strong></span> <span class='ocrx_word' id='word_1_117' title='bbox 1784 1478 1870 1532; x_wconf 92' lang='lat' dir='ltr'><strong>di-</strong></span> 
     </span>
    </p>
   </div>
   <div class='ocr_carea' id='block_1_15' title="bbox 287 1567 1868 1640">
    <p class='ocr_par' dir='ltr' id='par_1_15' title="bbox 287 1567 1868 1640">
     <span class='ocr_line' id='line_1_15' title="bbox 287 1567 1868 1640; baseline -0.002 -14"><span class='ocrx_word' id='word_1_118' title='bbox 287 1571 571 1626; x_wconf 87' lang='lat' dir='ltr'><strong>lectionem</strong></span> <span class='ocrx_word' id='word_1_119' title='bbox 598 1571 936 1640; x_wconf 84' lang='lat' dir='ltr'><strong>pervenerit;</strong></span> <span class='ocrx_word' id='word_1_120' title='bbox 982 1568 1237 1638; x_wconf 66' lang='lat' dir='ltr'><strong>quaeritur</strong></span> <span class='ocrx_word' id='word_1_121' title='bbox 1261 1575 1436 1620; x_wconf 88' lang='lat' dir='ltr'><strong>utrum</strong></span> <span class='ocrx_word' id='word_1_122' title='bbox 1459 1568 1571 1637; x_wconf 88' lang='lat' dir='ltr'><strong>jam</strong></span> <span class='ocrx_word' id='word_1_123' title='bbox 1602 1568 1670 1622; x_wconf 89' lang='lat' dir='ltr'><strong>sit</strong></span> <span class='ocrx_word' id='word_1_124' title='bbox 1693 1567 1744 1622; x_wconf 93' lang='lat' dir='ltr'><strong>in</strong></span> <span class='ocrx_word' id='word_1_125' title='bbox 1769 1568 1868 1624; x_wconf 90' lang='lat' dir='ltr'><strong>ista</strong></span> 
     </span>
    </p>
   </div>
   <div class='ocr_carea' id='block_1_16' title="bbox 286 1658 1870 1732">
    <p class='ocr_par' dir='ltr' id='par_1_16' title="bbox 286 1658 1870 1732">
     <span class='ocr_line' id='line_1_16' title="bbox 286 1658 1870 1732; baseline -0.002 -15"><span class='ocrx_word' id='word_1_126' title='bbox 286 1662 580 1718; x_wconf 81' lang='lat' dir='ltr'><strong>dilectione</strong></span> <span class='ocrx_word' id='word_1_127' title='bbox 608 1661 891 1732; x_wconf 88' lang='lat' dir='ltr'><strong>perfectus,</strong></span> <span class='ocrx_word' id='word_1_128' title='bbox 937 1659 989 1715; x_wconf 93' lang='lat' dir='ltr'><strong>id</strong></span> <span class='ocrx_word' id='word_1_129' title='bbox 1018 1667 1120 1724; x_wconf 89' lang='lat' dir='ltr'><strong>est,</strong></span> <span class='ocrx_word' id='word_1_130' title='bbox 1152 1668 1331 1714; x_wconf 86' lang='lat' dir='ltr'><strong>utrum</strong></span> <span class='ocrx_word' id='word_1_131' title='bbox 1375 1672 1510 1729; x_wconf 90' lang='lat' dir='ltr'><strong>quos</strong></span> <span class='ocrx_word' id='word_1_132' title='bbox 1528 1658 1718 1730; x_wconf 76' lang='lat' dir='ltr'><strong>diligit,</strong></span> <span class='ocrx_word' id='word_1_133' title='bbox 1751 1667 1870 1714; x_wconf 89' lang='lat' dir='ltr'><strong>tan-</strong></span> 
     </span>
    </p>
   </div>
   <div class='ocr_carea' id='block_1_17' title="bbox 286 1749 1869 1823">
    <p class='ocr_par' dir='ltr' id='par_1_17' title="bbox 286 1749 1869 1823">
     <span class='ocr_line' id='line_1_17' title="bbox 286 1749 1869 1823; baseline -0.001 -16"><span class='ocrx_word' id='word_1_134' title='bbox 286 1764 399 1808; x_wconf 91' lang='lat' dir='ltr'><strong>tum</strong></span> <span class='ocrx_word' id='word_1_135' title='bbox 424 1754 639 1823; x_wconf 76' lang='lat' dir='ltr'><strong>diligat,</strong></span> <span class='ocrx_word' id='word_1_136' title='bbox 665 1762 918 1823; x_wconf 88' lang='lat' dir='ltr'><strong>quantum</strong></span> <span class='ocrx_word' id='word_1_137' title='bbox 949 1750 1035 1805; x_wconf 91' lang='lat' dir='ltr'><strong>illa</strong></span> <span class='ocrx_word' id='word_1_138' title='bbox 1063 1749 1509 1805; x_wconf 88' lang='lat' dir='ltr'><strong>incommutabilis</strong></span> <span class='ocrx_word' id='word_1_139' title='bbox 1525 1750 1702 1818; x_wconf 87' lang='lat' dir='ltr'><strong>regula</strong></span> <span class='ocrx_word' id='word_1_140' title='bbox 1730 1753 1869 1805; x_wconf 85' lang='lat' dir='ltr'><strong>veri-</strong></span> 
     </span>
    </p>
   </div>
   <div class='ocr_carea' id='block_1_18' title="bbox 284 1838 1868 1914">
    <p class='ocr_par' dir='ltr' id='par_1_18' title="bbox 284 1838 1868 1914">
     <span class='ocr_line' id='line_1_18' title="bbox 284 1838 1868 1914; baseline -0.002 -17"><span class='ocrx_word' id='word_1_141' title='bbox 284 1846 408 1900; x_wconf 75' lang='lat' dir='ltr'><strong>tatis</strong></span> <span class='ocrx_word' id='word_1_142' title='bbox 433 1843 737 1914; x_wconf 81' lang='lat' dir='ltr'><strong>diligendos</strong></span> <span class='ocrx_word' id='word_1_143' title='bbox 762 1857 882 1899; x_wconf 85' lang='lat' dir='ltr'><strong>esse</strong></span> <span class='ocrx_word' id='word_1_144' title='bbox 928 1841 1243 1912; x_wconf 65' lang='lat' dir='ltr'><strong>praescribit.</strong></span> <span class='ocrx_word' id='word_1_145' title='bbox 1286 1838 1417 1894; x_wconf 85' lang='lat' dir='ltr'><strong>Cum</strong></span> <span class='ocrx_word' id='word_1_146' title='bbox 1445 1855 1569 1910; x_wconf 82' lang='lat' dir='ltr'><strong>ergo</strong></span> <span class='ocrx_word' id='word_1_147' title='bbox 1596 1840 1787 1909; x_wconf 81' lang='lat' dir='ltr'><strong>legitur</strong></span> <span class='ocrx_word' id='word_1_148' title='bbox 1814 1840 1868 1894; x_wconf 90' lang='lat' dir='ltr'><strong>iu</strong></span> 
     </span>
    </p>
   </div>
   <div class='ocr_carea' id='block_1_19' title="bbox 283 1928 1866 2004">
    <p class='ocr_par' dir='ltr' id='par_1_19' title="bbox 283 1928 1866 2004">
     <span class='ocr_line' id='line_1_19' title="bbox 283 1928 1866 2004; baseline -0.004 -14"><span class='ocrx_word' id='word_1_149' title='bbox 283 1936 578 2004; x_wconf 82' lang='lat' dir='ltr'><strong>Scripturis</strong></span> <span class='ocrx_word' id='word_1_150' title='bbox 603 1934 863 2002; x_wconf 78' lang='lat' dir='ltr'><strong>cujusque</strong></span> <span class='ocrx_word' id='word_1_151' title='bbox 893 1929 1164 2001; x_wconf 89' lang='lat' dir='ltr'><strong>perfectio,</strong></span> <span class='ocrx_word' id='word_1_152' title='bbox 1199 1945 1301 1999; x_wconf 88' lang='lat' dir='ltr'><strong>qua</strong></span> <span class='ocrx_word' id='word_1_153' title='bbox 1332 1928 1383 1983; x_wconf 90' lang='lat' dir='ltr'><strong>in</strong></span> <span class='ocrx_word' id='word_1_154' title='bbox 1421 1944 1481 1983; x_wconf 89' lang='lat' dir='ltr'><strong>re</strong></span> <span class='ocrx_word' id='word_1_155' title='bbox 1507 1929 1730 1996; x_wconf 87' lang='lat' dir='ltr'><strong>dicatur,</strong></span> <span class='ocrx_word' id='word_1_156' title='bbox 1760 1941 1866 1983; x_wconf 86' lang='lat' dir='ltr'><strong>non</strong></span> 
     </span>
    </p>
   </div>
   <div class='ocr_carea' id='block_1_20' title="bbox 284 2018 1869 2096">
    <p class='ocr_par' dir='ltr' id='par_1_20' title="bbox 284 2018 1869 2096">
     <span class='ocr_line' id='line_1_20' title="bbox 284 2018 1869 2096; baseline -0.004 -16"><span class='ocrx_word' id='word_1_157' title='bbox 284 2027 622 2096; x_wconf 82' lang='lat' dir='ltr'><strong>negligenter</strong></span> <span class='ocrx_word' id='word_1_158' title='bbox 646 2022 956 2078; x_wconf 86' lang='lat' dir='ltr'><strong>intuendum</strong></span> <span class='ocrx_word' id='word_1_159' title='bbox 993 2031 1075 2076; x_wconf 90' lang='lat' dir='ltr'><strong>est</strong></span> <span class='ocrx_word' id='word_1_160' title='bbox 1105 2039 1118 2074; x_wconf 95' lang='lat'><strong>:</strong></span> <span class='ocrx_word' id='word_1_161' title='bbox 1147 2020 1395 2090; x_wconf 84' lang='lat' dir='ltr'><strong>quoniam</strong></span> <span class='ocrx_word' id='word_1_162' title='bbox 1444 2034 1546 2073; x_wconf 93' lang='lat' dir='ltr'><strong>non</strong></span> <span class='ocrx_word' id='word_1_163' title='bbox 1581 2018 1700 2072; x_wconf 92' lang='lat' dir='ltr'><strong>ideo</strong></span> <span class='ocrx_word' id='word_1_164' title='bbox 1724 2019 1869 2087; x_wconf 88' lang='lat' dir='ltr'><strong>quis-</strong></span> 
     </span>
    </p>
   </div>
   <div class='ocr_carea' id='block_1_21' title="bbox 282 2112 1864 2188">
    <p class='ocr_par' dir='ltr' id='par_1_21' title="bbox 282 2112 1864 2188">
     <span class='ocr_line' id='line_1_21' title="bbox 282 2112 1864 2188; baseline -0.004 -16"><span class='ocrx_word' id='word_1_165' title='bbox 282 2135 389 2188; x_wconf 86' lang='lat' dir='ltr'><strong>que</strong></span> <span class='ocrx_word' id='word_1_166' title='bbox 438 2131 660 2187; x_wconf 86' lang='lat' dir='ltr'><strong>prorsus</strong></span> <span class='ocrx_word' id='word_1_167' title='bbox 708 2116 822 2170; x_wconf 90' lang='lat' dir='ltr'><strong>siue</strong></span> <span class='ocrx_word' id='word_1_168' title='bbox 854 2122 1071 2184; x_wconf 88' lang='lat' dir='ltr'><strong>peccato</strong></span> <span class='ocrx_word' id='word_1_169' title='bbox 1117 2126 1238 2167; x_wconf 86' lang='lat' dir='ltr'><strong>esse</strong></span> <span class='ocrx_word' id='word_1_170' title='bbox 1278 2112 1605 2180; x_wconf 82' lang='lat' dir='ltr'><strong>intelligitur,</strong></span> <span class='ocrx_word' id='word_1_171' title='bbox 1652 2112 1770 2182; x_wconf 90' lang='lat' dir='ltr'><strong>quia</strong></span> <span class='ocrx_word' id='word_1_172' title='bbox 1813 2113 1864 2166; x_wconf 91' lang='lat' dir='ltr'><strong>in</strong></span> 
     </span>
    </p>
   </div>
   <div class='ocr_carea' id='block_1_22' title="bbox 282 2201 1869 2279">
    <p class='ocr_par' dir='ltr' id='par_1_22' title="bbox 282 2201 1869 2279">
     <span class='ocr_line' id='line_1_22' title="bbox 282 2201 1869 2279; baseline -0.004 -17"><span class='ocrx_word' id='word_1_173' title='bbox 282 2210 550 2279; x_wconf 80' lang='lat' dir='ltr'><strong>aliqua.re</strong></span> <span class='ocrx_word' id='word_1_174' title='bbox 579 2205 771 2260; x_wconf 88' lang='lat' dir='ltr'><strong>dicitur</strong></span> <span class='ocrx_word' id='word_1_175' title='bbox 796 2219 916 2259; x_wconf 87' lang='lat' dir='ltr'><strong>esse</strong></span> <span class='ocrx_word' id='word_1_176' title='bbox 937 2204 1217 2273; x_wconf 82' lang='lat' dir='ltr'><strong>perfectus.</strong></span> <span class='ocrx_word' id='word_1_177' title='bbox 1257 2201 1564 2269; x_wconf 84' lang='lat' dir='ltr'><strong>Quanquam</strong></span> <span class='ocrx_word' id='word_1_178' title='bbox 1610 2211 1662 2254; x_wconf 89' lang='lat' dir='ltr'><strong>et</strong></span> <span class='ocrx_word' id='word_1_179' title='bbox 1692 2202 1743 2254; x_wconf 91' lang='lat' dir='ltr'><strong>in</strong></span> <span class='ocrx_word' id='word_1_180' title='bbox 1766 2201 1869 2256; x_wconf 88' lang='lat' dir='ltr'><strong>hoc</strong></span> 
     </span>
    </p>
   </div>
   <div class='ocr_carea' id='block_1_23' title="bbox 282 2290 1862 2370">
    <p class='ocr_par' dir='ltr' id='par_1_23' title="bbox 282 2290 1862 2370">
     <span class='ocr_line' id='line_1_23' title="bbox 282 2290 1862 2370; baseline -0.004 -17"><span class='ocrx_word' id='word_1_181' title='bbox 282 2299 452 2370; x_wconf 77' lang='lat' dir='ltr'><strong>possit</strong></span> <span class='ocrx_word' id='word_1_182' title='bbox 480 2298 551 2352; x_wconf 89' lang='lat' dir='ltr'><strong>ita</strong></span> <span class='ocrx_word' id='word_1_183' title='bbox 575 2296 704 2361; x_wconf 90' lang='lat' dir='ltr'><strong>dici,</strong></span> <span class='ocrx_word' id='word_1_184' title='bbox 730 2303 788 2350; x_wconf 91' lang='lat' dir='ltr'><strong>ut</strong></span> <span class='ocrx_word' id='word_1_185' title='bbox 817 2308 921 2348; x_wconf 91' lang='lat' dir='ltr'><strong>non</strong></span> <span class='ocrx_word' id='word_1_186' title='bbox 938 2294 1057 2365; x_wconf 86' lang='lat' dir='ltr'><strong>quia</strong></span> <span class='ocrx_word' id='word_1_187' title='bbox 1078 2293 1188 2363; x_wconf 89' lang='lat' dir='ltr'><strong>jam</strong></span> <span class='ocrx_word' id='word_1_188' title='bbox 1214 2306 1320 2345; x_wconf 89' lang='lat' dir='ltr'><strong>non</strong></span> <span class='ocrx_word' id='word_1_189' title='bbox 1357 2300 1438 2345; x_wconf 88' lang='lat' dir='ltr'><strong>est</strong></span> <span class='ocrx_word' id='word_1_190' title='bbox 1457 2306 1562 2361; x_wconf 91' lang='lat' dir='ltr'><strong>quo</strong></span> <span class='ocrx_word' id='word_1_191' title='bbox 1598 2290 1862 2361; x_wconf 78' lang='lat' dir='ltr'><strong>proficiat,</strong></span> 
     </span>
    </p>
   </div>
   <div class='ocr_carea' id='block_1_24' title="bbox 283 2383 1866 2461">
    <p class='ocr_par' dir='ltr' id='par_1_24' title="bbox 283 2383 1866 2461">
     <span class='ocr_line' id='line_1_24' title="bbox 283 2383 1866 2461; baseline -0.005 -15"><span class='ocrx_word' id='word_1_192' title='bbox 283 2391 377 2445; x_wconf 87' lang='lat' dir='ltr'><strong>sed</strong></span> <span class='ocrx_word' id='word_1_193' title='bbox 399 2389 526 2461; x_wconf 84' lang='lat' dir='ltr'><strong>quia</strong></span> <span class='ocrx_word' id='word_1_194' title='bbox 545 2403 614 2444; x_wconf 81' lang='lat' dir='ltr'><strong>ex</strong></span> <span class='ocrx_word' id='word_1_195' title='bbox 636 2388 863 2443; x_wconf 79' lang='lat' dir='ltr'><strong>maxima</strong></span> <span class='ocrx_word' id='word_1_196' title='bbox 893 2397 1042 2455; x_wconf 87' lang='lat' dir='ltr'><strong>parte</strong></span> <span class='ocrx_word' id='word_1_197' title='bbox 1070 2383 1311 2454; x_wconf 84' lang='lat' dir='ltr'><strong>profecit,</strong></span> <span class='ocrx_word' id='word_1_198' title='bbox 1329 2383 1429 2438; x_wconf 85' lang='lat' dir='ltr'><strong>hoc</strong></span> <span class='ocrx_word' id='word_1_199' title='bbox 1441 2383 1655 2438; x_wconf 84' lang='lat' dir='ltr'><strong>nomine</strong></span> <span class='ocrx_word' id='word_1_200' title='bbox 1675 2383 1866 2453; x_wconf 80' lang='lat' dir='ltr'><strong>dignus</strong></span> 
     </span>
    </p>
   </div>
   <div class='ocr_carea' id='block_1_25' title="bbox 282 2473 1867 2545">
    <p class='ocr_par' dir='ltr' id='par_1_25' title="bbox 282 2473 1867 2545">
     <span class='ocr_line' id='line_1_25' title="bbox 282 2473 1867 2545; baseline -0.004 -10"><span class='ocrx_word' id='word_1_201' title='bbox 282 2480 544 2538; x_wconf 78' lang='lat' dir='ltr'><strong>habeatur</strong></span> <span class='ocrx_word' id='word_1_202' title='bbox 565 2496 581 2533; x_wconf 91' lang='lat'><strong>:</strong></span> <span class='ocrx_word' id='word_1_203' title='bbox 609 2479 745 2534; x_wconf 89' lang='lat' dir='ltr'><strong>sicut</strong></span> <span class='ocrx_word' id='word_1_204' title='bbox 764 2478 814 2531; x_wconf 91' lang='lat' dir='ltr'><strong>in</strong></span> <span class='ocrx_word' id='word_1_205' title='bbox 833 2477 1071 2532; x_wconf 86' lang='lat' dir='ltr'><strong>doctrina</strong></span> <span class='ocrx_word' id='word_1_206' title='bbox 1091 2474 1248 2545; x_wconf 86' lang='lat' dir='ltr'><strong>Legis</strong></span> <span class='ocrx_word' id='word_1_207' title='bbox 1272 2473 1374 2529; x_wconf 93' lang='lat' dir='ltr'><strong>dici</strong></span> <span class='ocrx_word' id='word_1_208' title='bbox 1396 2481 1571 2545; x_wconf 80' lang='lat' dir='ltr'><strong>potest</strong></span> <span class='ocrx_word' id='word_1_209' title='bbox 1587 2474 1867 2544; x_wconf 86' lang='lat' dir='ltr'><strong>quisquam</strong></span> 
     </span>
    </p>
   </div>
   <div class='ocr_carea' id='block_1_26' title="bbox 281 2565 1866 2642">
    <p class='ocr_par' dir='ltr' id='par_1_26' title="bbox 281 2565 1866 2642">
     <span class='ocr_line' id='line_1_26' title="bbox 281 2565 1866 2642; baseline -0.005 -15"><span class='ocrx_word' id='word_1_210' title='bbox 281 2571 570 2642; x_wconf 83' lang='lat' dir='ltr'><strong>perfectus,</strong></span> <span class='ocrx_word' id='word_1_211' title='bbox 596 2569 803 2626; x_wconf 86' lang='lat' dir='ltr'><strong>etiamsi</strong></span> <span class='ocrx_word' id='word_1_212' title='bbox 829 2583 950 2624; x_wconf 90' lang='lat' dir='ltr'><strong>eum</strong></span> <span class='ocrx_word' id='word_1_213' title='bbox 972 2566 1170 2637; x_wconf 89' lang='lat' dir='ltr'><strong>aliquid</strong></span> <span class='ocrx_word' id='word_1_214' title='bbox 1191 2565 1365 2621; x_wconf 89' lang='lat' dir='ltr'><strong>adhuc</strong></span> <span class='ocrx_word' id='word_1_215' title='bbox 1385 2566 1509 2619; x_wconf 86' lang='lat' dir='ltr'><strong>latet</strong></span> <span class='ocrx_word' id='word_1_216' title='bbox 1535 2580 1550 2631; x_wconf 94' lang='lat'><strong>;</strong></span> <span class='ocrx_word' id='word_1_217' title='bbox 1580 2565 1719 2620; x_wconf 90' lang='lat' dir='ltr'><strong>sicut</strong></span> <span class='ocrx_word' id='word_1_218' title='bbox 1745 2580 1866 2635; x_wconf 82' lang='lat' dir='ltr'><strong>per-</strong></span> 
     </span>
    </p>
   </div>
   <div class='ocr_carea' id='block_1_27' title="bbox 281 2654 1866 2731">
    <p class='ocr_par' dir='ltr' id='par_1_27' title="bbox 281 2654 1866 2731">
     <span class='ocr_line' id='line_1_27' title="bbox 281 2654 1866 2731; baseline -0.005 -14"><span class='ocrx_word' id='word_1_219' title='bbox 281 2663 455 2720; x_wconf 74' lang='lat' dir='ltr'><strong>fectos</strong></span> <span class='ocrx_word' id='word_1_220' title='bbox 484 2662 697 2717; x_wconf 75' lang='lat' dir='ltr'><strong>dicebat</strong></span> <span class='ocrx_word' id='word_1_221' title='bbox 718 2657 1236 2731; x_wconf 82' lang='lat' dir='ltr'><strong>Apostolus,quibus</strong></span> <span class='ocrx_word' id='word_1_222' title='bbox 1261 2664 1436 2711; x_wconf 87' lang='lat' dir='ltr'><strong>tamen</strong></span> <span class='ocrx_word' id='word_1_223' title='bbox 1464 2656 1557 2722; x_wconf 89' lang='lat' dir='ltr'><strong>ait,</strong></span> <span class='ocrx_word' id='word_1_224' title='bbox 1587 2654 1655 2710; x_wconf 87' lang='lat' dir='ltr'><strong>Et</strong></span> <span class='ocrx_word' id='word_1_225' title='bbox 1678 2657 1721 2709; x_wconf 96' lang='lat' dir='ltr'><strong>si</strong></span> <span class='ocrx_word' id='word_1_226' title='bbox 1744 2656 1866 2727; x_wconf 84' lang='lat' dir='ltr'><strong>quid</strong></span> 
     </span>
    </p>
   </div>
   <div class='ocr_carea' id='block_1_28' title="bbox 283 2745 1866 2823">
    <p class='ocr_par' dir='ltr' id='par_1_28' title="bbox 283 2745 1866 2823">
     <span class='ocr_line' id='line_1_28' title="bbox 283 2745 1866 2823; baseline -0.004 -17"><span class='ocrx_word' id='word_1_227' title='bbox 283 2755 429 2807; x_wconf 73' lang='lat' dir='ltr'><strong>aliter</strong></span> <span class='ocrx_word' id='word_1_228' title='bbox 454 2752 653 2823; x_wconf 84' lang='lat' dir='ltr'><strong>sapitis,</strong></span> <span class='ocrx_word' id='word_1_229' title='bbox 676 2750 733 2804; x_wconf 89' lang='lat' dir='ltr'><strong>id</strong></span> <span class='ocrx_word' id='word_1_230' title='bbox 754 2765 949 2820; x_wconf 80' lang='lat' dir='ltr'><strong>quoque</strong></span> <span class='ocrx_word' id='word_1_231' title='bbox 972 2748 1109 2802; x_wconf 87' lang='lat' dir='ltr'><strong>vobis</strong></span> <span class='ocrx_word' id='word_1_232' title='bbox 1134 2746 1266 2801; x_wconf 86' lang='lat' dir='ltr'><strong>Deus</strong></span> <span class='ocrx_word' id='word_1_233' title='bbox 1309 2745 1543 2800; x_wconf 91' lang='lat' dir='ltr'><strong>revelabit</strong></span> <span class='ocrx_word' id='word_1_234' title='bbox 1567 2762 1586 2800; x_wconf 92' lang='lat'><strong><em>:</em></strong></span> <span class='ocrx_word' id='word_1_235' title='bbox 1614 2756 1866 2800; x_wconf 82' lang='lat' dir='ltr'><strong>verumta-</strong></span> 
     </span>
    </p>
   </div>
   <div class='ocr_carea' id='block_1_29' title="bbox 282 2838 1509 2912">
    <p class='ocr_par' dir='ltr' id='par_1_29' title="bbox 282 2838 1509 2912">
     <span class='ocr_line' id='line_1_29' title="bbox 282 2838 1509 2912; baseline -0.007 -13"><span class='ocrx_word' id='word_1_236' title='bbox 282 2862 393 2899; x_wconf 85' lang='lat' dir='ltr'><strong>men</strong></span> <span class='ocrx_word' id='word_1_237' title='bbox 413 2845 466 2898; x_wconf 87' lang='lat' dir='ltr'><strong>in</strong></span> <span class='ocrx_word' id='word_1_238' title='bbox 494 2843 630 2912; x_wconf 84' lang='lat' dir='ltr'><strong>quod</strong></span> <span class='ocrx_word' id='word_1_239' title='bbox 661 2844 994 2912; x_wconf 77' lang='lat' dir='ltr'><strong>pervenimus,</strong></span> <span class='ocrx_word' id='word_1_240' title='bbox 1024 2840 1076 2894; x_wconf 86' lang='lat' dir='ltr'><strong>in</strong></span> <span class='ocrx_word' id='word_1_241' title='bbox 1104 2855 1162 2893; x_wconf 85' lang='lat' dir='ltr'><strong>eo</strong></span> <span class='ocrx_word' id='word_1_242' title='bbox 1182 2838 1509 2893; x_wconf 80' lang='lat' dir='ltr'><strong>ambulemus.</strong></span> 
     </span>
    </p>
   </div>
   <div class='ocr_carea' id='block_1_30' title="bbox 350 2928 1866 3000">
    <p class='ocr_par' dir='ltr' id='par_1_30' title="bbox 350 2928 1866 3000">
     <span class='ocr_line' id='line_1_30' title="bbox 350 2928 1866 3000; baseline -0.003 -11"><span class='ocrx_word' id='word_1_243' title='bbox 350 2932 585 2990; x_wconf 76' lang='lat' dir='ltr'><strong>CAPUT</strong></span> <span class='ocrx_word' id='word_1_244' title='bbox 624 2930 766 2986; x_wconf 81' lang='lat' dir='ltr'><strong>XVI.</strong></span> <span class='ocrx_word' id='word_1_245' title='bbox 791 2957 862 2972; x_wconf 73' lang='grc' dir='ltr'><strong>-σ</strong></span> <span class='ocrx_word' id='word_1_246' title='bbox 885 2930 976 2985; x_wconf 72' lang='lat'><strong>25.</strong></span> <span class='ocrx_word' id='word_1_247' title='bbox 1002 2928 1103 2984; x_wconf 85' lang='lat' dir='ltr'><strong>Cur</strong></span> <span class='ocrx_word' id='word_1_248' title='bbox 1150 2928 1289 2982; x_wconf 83' lang='lat' dir='ltr'><strong>Deus</strong></span> <span class='ocrx_word' id='word_1_249' title='bbox 1336 2928 1564 3000; x_wconf 80' lang='lat' dir='ltr'><strong>prwcipit</strong></span> <span class='ocrx_word' id='word_1_250' title='bbox 1602 2929 1737 2999; x_wconf 82' lang='lat' dir='ltr'><strong>quod</strong></span> <span class='ocrx_word' id='word_1_251' title='bbox 1771 2930 1866 2984; x_wconf 90' lang='lat' dir='ltr'><strong>scit</strong></span> 
     </span>
    </p>
   </div>
   <div class='ocr_carea' id='block_1_31' title="bbox 282 3019 1866 3092">
    <p class='ocr_par' dir='ltr' id='par_1_31' title="bbox 282 3019 1866 3092">
     <span class='ocr_line' id='line_1_31' title="bbox 282 3019 1866 3092; baseline -0.001 -15"><span class='ocrx_word' id='word_1_252' title='bbox 282 3041 382 3077; x_wconf 83' lang='lat' dir='ltr'><strong>non</strong></span> <span class='ocrx_word' id='word_1_253' title='bbox 404 3024 789 3078; x_wconf 79' lang='lat' dir='ltr'><strong>observandum.</strong></span> <span class='ocrx_word' id='word_1_254' title='bbox 813 3021 999 3092; x_wconf 83' lang='lat' dir='ltr'><strong>Neque</strong></span> <span class='ocrx_word' id='word_1_255' title='bbox 1027 3019 1325 3091; x_wconf 80' lang='lat' dir='ltr'><strong>negandum</strong></span> <span class='ocrx_word' id='word_1_256' title='bbox 1357 3027 1442 3074; x_wconf 89' lang='lat' dir='ltr'><strong>est</strong></span> <span class='ocrx_word' id='word_1_257' title='bbox 1468 3020 1568 3075; x_wconf 90' lang='lat' dir='ltr'><strong>hoc</strong></span> <span class='ocrx_word' id='word_1_258' title='bbox 1592 3021 1758 3076; x_wconf 92' lang='lat' dir='ltr'><strong>Deum</strong></span> <span class='ocrx_word' id='word_1_259' title='bbox 1778 3021 1866 3090; x_wconf 92' lang='lat' dir='ltr'><strong>ju-</strong></span> 
     </span>
    </p>
   </div>
   <div class='ocr_carea' id='block_1_32' title="bbox 286 3110 1864 3184">
    <p class='ocr_par' dir='ltr' id='par_1_32' title="bbox 286 3110 1864 3184">
     <span class='ocr_line' id='line_1_32' title="bbox 286 3110 1864 3184; baseline -0.001 -16"><span class='ocrx_word' id='word_1_260' title='bbox 286 3114 434 3179; x_wconf 84' lang='lat' dir='ltr'><strong>bere,</strong></span> <span class='ocrx_word' id='word_1_261' title='bbox 461 3115 530 3168; x_wconf 88' lang='lat' dir='ltr'><strong>ita</strong></span> <span class='ocrx_word' id='word_1_262' title='bbox 577 3129 675 3167; x_wconf 89' lang='lat' dir='ltr'><strong>nos</strong></span> <span class='ocrx_word' id='word_1_263' title='bbox 702 3114 752 3167; x_wconf 90' lang='lat' dir='ltr'><strong>in</strong></span> <span class='ocrx_word' id='word_1_264' title='bbox 785 3112 1021 3168; x_wconf 87' lang='lat' dir='ltr'><strong>facienda</strong></span> <span class='ocrx_word' id='word_1_265' title='bbox 1045 3110 1250 3182; x_wconf 88' lang='lat' dir='ltr'><strong>justitia</strong></span> <span class='ocrx_word' id='word_1_266' title='bbox 1300 3126 1420 3166; x_wconf 89' lang='lat' dir='ltr'><strong>esse</strong></span> <span class='ocrx_word' id='word_1_267' title='bbox 1447 3111 1645 3166; x_wconf 85' lang='lat' dir='ltr'><strong>debere</strong></span> <span class='ocrx_word' id='word_1_268' title='bbox 1686 3111 1864 3184; x_wconf 88' lang='lat' dir='ltr'><strong>perfe-</strong></span> 
     </span>
    </p>
   </div>
   <div class='ocr_carea' id='block_1_33' title="bbox 284 3203 1865 3272">
    <p class='ocr_par' dir='ltr' id='par_1_33' title="bbox 284 3203 1865 3272">
     <span class='ocr_line' id='line_1_33' title="bbox 284 3203 1865 3272; baseline 0 -14"><span class='ocrx_word' id='word_1_269' title='bbox 284 3216 419 3272; x_wconf 81' lang='lat' dir='ltr'><strong>ctos,</strong></span> <span class='ocrx_word' id='word_1_270' title='bbox 464 3214 521 3259; x_wconf 89' lang='lat' dir='ltr'><strong>ut</strong></span> <span class='ocrx_word' id='word_1_271' title='bbox 566 3204 769 3258; x_wconf 89' lang='lat' dir='ltr'><strong>nullum</strong></span> <span class='ocrx_word' id='word_1_272' title='bbox 815 3204 1102 3259; x_wconf 85' lang='lat' dir='ltr'><strong>habeamus</strong></span> <span class='ocrx_word' id='word_1_273' title='bbox 1144 3203 1362 3256; x_wconf 90' lang='lat' dir='ltr'><strong>omnino</strong></span> <span class='ocrx_word' id='word_1_274' title='bbox 1410 3212 1706 3272; x_wconf 85' lang='lat' dir='ltr'><strong>peccatum.</strong></span> <span class='ocrx_word' id='word_1_275' title='bbox 1735 3203 1865 3258; x_wconf 85' lang='lat' dir='ltr'><strong>Nam</strong></span> 
     </span>
    </p>
   </div>
   <div class='ocr_carea' id='block_1_34' title="bbox 284 3290 1863 3365">
    <p class='ocr_par' dir='ltr' id='par_1_34' title="bbox 284 3290 1863 3365">
     <span class='ocr_line' id='line_1_34' title="bbox 284 3290 1863 3365; baseline -0.001 -17"><span class='ocrx_word' id='word_1_276' title='bbox 284 3310 379 3349; x_wconf 88' lang='lat' dir='ltr'><strong>nec</strong></span> <span class='ocrx_word' id='word_1_277' title='bbox 426 3304 699 3365; x_wconf 84' lang='lat' dir='ltr'><strong>peccatum</strong></span> <span class='ocrx_word' id='word_1_278' title='bbox 744 3293 866 3358; x_wconf 86' lang='lat' dir='ltr'><strong>erit,</strong></span> <span class='ocrx_word' id='word_1_279' title='bbox 913 3293 957 3347; x_wconf 89' lang='lat' dir='ltr'><strong>si</strong></span> <span class='ocrx_word' id='word_1_280' title='bbox 984 3292 1107 3362; x_wconf 88' lang='lat' dir='ltr'><strong>quid</strong></span> <span class='ocrx_word' id='word_1_281' title='bbox 1133 3293 1252 3358; x_wconf 91' lang='lat' dir='ltr'><strong>erit,</strong></span> <span class='ocrx_word' id='word_1_282' title='bbox 1281 3294 1451 3347; x_wconf 87' lang='lat' dir='ltr'><strong>sinon</strong></span> <span class='ocrx_word' id='word_1_283' title='bbox 1497 3290 1752 3346; x_wconf 89' lang='lat' dir='ltr'><strong>divinitus</strong></span> <span class='ocrx_word' id='word_1_284' title='bbox 1774 3292 1863 3361; x_wconf 89' lang='lat' dir='ltr'><strong>ju-</strong></span> 
     </span>
    </p>
   </div>
   <div class='ocr_carea' id='block_1_35' title="bbox 284 3382 1865 3454">
    <p class='ocr_par' dir='ltr' id='par_1_35' title="bbox 284 3382 1865 3454">
     <span class='ocr_line' id='line_1_35' title="bbox 284 3382 1865 3454; baseline -0.003 -13"><span class='ocrx_word' id='word_1_285' title='bbox 284 3387 437 3441; x_wconf 86' lang='lat' dir='ltr'><strong>betur</strong></span> <span class='ocrx_word' id='word_1_286' title='bbox 458 3398 513 3440; x_wconf 90' lang='lat' dir='ltr'><strong>ut</strong></span> <span class='ocrx_word' id='word_1_287' title='bbox 546 3401 649 3438; x_wconf 91' lang='lat' dir='ltr'><strong>non</strong></span> <span class='ocrx_word' id='word_1_288' title='bbox 670 3386 761 3438; x_wconf 89' lang='lat' dir='ltr'><strong>sit.</strong></span> <span class='ocrx_word' id='word_1_289' title='bbox 805 3383 911 3439; x_wconf 86' lang='lat' dir='ltr'><strong>Cur</strong></span> <span class='ocrx_word' id='word_1_290' title='bbox 930 3400 1048 3454; x_wconf 86' lang='lat' dir='ltr'><strong>ergo</strong></span> <span class='ocrx_word' id='word_1_291' title='bbox 1066 3383 1231 3453; x_wconf 86' lang='lat' dir='ltr'><strong>jubet,</strong></span> <span class='ocrx_word' id='word_1_292' title='bbox 1282 3382 1547 3452; x_wconf 90' lang='lat' dir='ltr'><strong>inquiunt,</strong></span> <span class='ocrx_word' id='word_1_293' title='bbox 1598 3383 1733 3448; x_wconf 86' lang='lat' dir='ltr'><strong>quod</strong></span> <span class='ocrx_word' id='word_1_294' title='bbox 1772 3383 1865 3437; x_wconf 84' lang='lat' dir='ltr'><strong>scit</strong></span> 
     </span>
    </p>
   </div>
   <div class='ocr_carea' id='block_1_36' title="bbox 283 3470 1861 3544">
    <p class='ocr_par' dir='ltr' id='par_1_36' title="bbox 283 3470 1861 3544">
     <span class='ocr_line' id='line_1_36' title="bbox 283 3470 1861 3544; baseline -0.001 -16"><span class='ocrx_word' id='word_1_295' title='bbox 283 3476 483 3530; x_wconf 78' lang='lat' dir='ltr'><strong>nullum</strong></span> <span class='ocrx_word' id='word_1_296' title='bbox 508 3475 770 3528; x_wconf 81' lang='lat' dir='ltr'><strong>hominum</strong></span> <span class='ocrx_word' id='word_1_297' title='bbox 799 3489 907 3528; x_wconf 87' lang='lat' dir='ltr'><strong>esse</strong></span> <span class='ocrx_word' id='word_1_298' title='bbox 934 3477 1185 3544; x_wconf 76' lang='lat' dir='ltr'><strong>[acturum</strong></span> <span class='ocrx_word' id='word_1_299' title='bbox 1206 3471 1234 3525; x_wconf 72' lang='grc' dir='ltr'><strong>Ρ</strong></span> <span class='ocrx_word' id='word_1_300' title='bbox 1253 3471 1365 3525; x_wconf 80' lang='lat' dir='ltr'><strong>Hoc</strong></span> <span class='ocrx_word' id='word_1_301' title='bbox 1393 3470 1552 3526; x_wconf 89' lang='lat' dir='ltr'><strong>modo</strong></span> <span class='ocrx_word' id='word_1_302' title='bbox 1594 3473 1752 3527; x_wconf 87' lang='lat' dir='ltr'><strong>etiam</strong></span> <span class='ocrx_word' id='word_1_303' title='bbox 1777 3472 1861 3526; x_wconf 56' lang='lat' dir='ltr'><strong>dic</strong></span> 
     </span>
    </p>
   </div>
   <div class='ocr_carea' id='block_1_37' title="bbox 282 3561 1865 3633">
    <p class='ocr_par' dir='ltr' id='par_1_37' title="bbox 282 3561 1865 3633">
     <span class='ocr_line' id='line_1_37' title="bbox 282 3561 1865 3633; baseline 0 -16"><span class='ocrx_word' id='word_1_304' title='bbox 282 3566 328 3617; x_wconf 91' lang='lat' dir='ltr'><strong>ci</strong></span> <span class='ocrx_word' id='word_1_305' title='bbox 352 3575 546 3633; x_wconf 83' lang='lat' dir='ltr'><strong>potest,</strong></span> <span class='ocrx_word' id='word_1_306' title='bbox 578 3578 677 3618; x_wconf 92' lang='lat' dir='ltr'><strong>cur</strong></span> <span class='ocrx_word' id='word_1_307' title='bbox 702 3563 888 3633; x_wconf 89' lang='lat' dir='ltr'><strong>primis</strong></span> <span class='ocrx_word' id='word_1_308' title='bbox 917 3562 1022 3616; x_wconf 88' lang='lat' dir='ltr'><strong>illis</strong></span> <span class='ocrx_word' id='word_1_309' title='bbox 1046 3561 1348 3616; x_wconf 85' lang='lat' dir='ltr'><strong>hominibus</strong></span> <span class='ocrx_word' id='word_1_310' title='bbox 1363 3561 1605 3630; x_wconf 85' lang='lat' dir='ltr'><strong>jusserit,</strong></span> <span class='ocrx_word' id='word_1_311' title='bbox 1636 3562 1726 3631; x_wconf 89' lang='lat' dir='ltr'><strong>qui</strong></span> <span class='ocrx_word' id='word_1_312' title='bbox 1757 3562 1865 3618; x_wconf 91' lang='lat' dir='ltr'><strong>duo</strong></span> 
     </span>
    </p>
   </div>
   <div class='ocr_carea' id='block_1_38' title="bbox 282 3651 1863 3723">
    <p class='ocr_par' dir='ltr' id='par_1_38' title="bbox 282 3651 1863 3723">
     <span class='ocr_line' id='line_1_38' title="bbox 282 3651 1863 3723; baseline 0.001 -16"><span class='ocrx_word' id='word_1_313' title='bbox 282 3656 382 3709; x_wconf 84' lang='lat' dir='ltr'><strong>soli</strong></span> <span class='ocrx_word' id='word_1_314' title='bbox 407 3663 581 3721; x_wconf 87' lang='lat' dir='ltr'><strong>erant,</strong></span> <span class='ocrx_word' id='word_1_315' title='bbox 606 3653 750 3723; x_wconf 89' lang='lat' dir='ltr'><strong>quod</strong></span> <span class='ocrx_word' id='word_1_316' title='bbox 778 3652 983 3708; x_wconf 76' lang='lat' dir='ltr'><strong>sciebat</strong></span> <span class='ocrx_word' id='word_1_317' title='bbox 1006 3667 1098 3708; x_wconf 90' lang='lat' dir='ltr'><strong>eos</strong></span> <span class='ocrx_word' id='word_1_318' title='bbox 1121 3667 1224 3706; x_wconf 90' lang='lat' dir='ltr'><strong>non</strong></span> <span class='ocrx_word' id='word_1_319' title='bbox 1249 3667 1366 3707; x_wconf 90' lang='lat' dir='ltr'><strong>esse</strong></span> <span class='ocrx_word' id='word_1_320' title='bbox 1386 3651 1660 3707; x_wconf 87' lang='lat' dir='ltr'><strong>facturos?</strong></span> <span class='ocrx_word' id='word_1_321' title='bbox 1680 3653 1863 3723; x_wconf 87' lang='lat' dir='ltr'><strong>Neque</strong></span> 
     </span>
    </p>
   </div>
   <div class='ocr_carea' id='block_1_39' title="bbox 284 3743 1862 3815">
    <p class='ocr_par' dir='ltr' id='par_1_39' title="bbox 284 3743 1862 3815">
     <span class='ocr_line' id='line_1_39' title="bbox 284 3743 1862 3815; baseline -0.001 -14"><span class='ocrx_word' id='word_1_322' title='bbox 284 3748 424 3801; x_wconf 82' lang='lat' dir='ltr'><strong>etim</strong></span> <span class='ocrx_word' id='word_1_323' title='bbox 454 3746 736 3801; x_wconf 87' lang='lat' dir='ltr'><strong>dicendum</strong></span> <span class='ocrx_word' id='word_1_324' title='bbox 764 3756 866 3809; x_wconf 80' lang='lat' dir='ltr'><strong>est,</strong></span> <span class='ocrx_word' id='word_1_325' title='bbox 898 3743 1019 3799; x_wconf 92' lang='lat' dir='ltr'><strong>ideo</strong></span> <span class='ocrx_word' id='word_1_326' title='bbox 1040 3744 1285 3813; x_wconf 86' lang='lat' dir='ltr'><strong>jussisse,</strong></span> <span class='ocrx_word' id='word_1_327' title='bbox 1315 3750 1373 3797; x_wconf 90' lang='lat' dir='ltr'><strong>ut</strong></span> <span class='ocrx_word' id='word_1_328' title='bbox 1405 3754 1645 3799; x_wconf 90' lang='lat' dir='ltr'><strong>nostrum</strong></span> <span class='ocrx_word' id='word_1_329' title='bbox 1669 3745 1862 3815; x_wconf 85' lang='lat' dir='ltr'><strong>aliquis</strong></span> 
     </span>
    </p>
   </div>
   <div class='ocr_carea' id='block_1_40' title="bbox 284 3833 1860 3898">
    <p class='ocr_par' dir='ltr' id='par_1_40' title="bbox 284 3833 1860 3898">
     <span class='ocr_line' id='line_1_40' title="bbox 284 3833 1860 3898; baseline 0.001 -8"><span class='ocrx_word' id='word_1_330' title='bbox 284 3836 336 3890; x_wconf 84' lang='lat' dir='ltr'><strong>id</strong></span> <span class='ocrx_word' id='word_1_331' title='bbox 365 3836 584 3898; x_wconf 88' lang='lat' dir='ltr'><strong>faceret,</strong></span> <span class='ocrx_word' id='word_1_332' title='bbox 616 3837 661 3889; x_wconf 90' lang='lat' dir='ltr'><strong>si</strong></span> <span class='ocrx_word' id='word_1_333' title='bbox 688 3833 764 3889; x_wconf 91' lang='lat' dir='ltr'><strong>illi</strong></span> <span class='ocrx_word' id='word_1_334' title='bbox 805 3849 911 3889; x_wconf 91' lang='lat' dir='ltr'><strong>non</strong></span> <span class='ocrx_word' id='word_1_335' title='bbox 936 3834 1174 3889; x_wconf 82' lang='lat' dir='ltr'><strong>facerent</strong></span> <span class='ocrx_word' id='word_1_336' title='bbox 1203 3852 1218 3889; x_wconf 91' lang='lat'><strong>:</strong></span> <span class='ocrx_word' id='word_1_337' title='bbox 1244 3834 1345 3889; x_wconf 86' lang='lat' dir='ltr'><strong>hoc</strong></span> <span class='ocrx_word' id='word_1_338' title='bbox 1373 3835 1538 3898; x_wconf 89' lang='lat' dir='ltr'><strong>enim,</strong></span> <span class='ocrx_word' id='word_1_339' title='bbox 1575 3851 1642 3890; x_wconf 90' lang='lat' dir='ltr'><strong>ne</strong></span> <span class='ocrx_word' id='word_1_340' title='bbox 1670 3835 1739 3891; x_wconf 88' lang='lat' dir='ltr'><strong>de</strong></span> <span class='ocrx_word' id='word_1_341' title='bbox 1775 3836 1860 3892; x_wconf 89' lang='lat' dir='ltr'><strong>illa</strong></span> 
     </span>
    </p>
   </div>
   <div class='ocr_carea' id='block_1_41' title="bbox 284 3924 1861 3988">
    <p class='ocr_par' dir='ltr' id='par_1_41' title="bbox 284 3924 1861 3988">
     <span class='ocr_line' id='line_1_41' title="bbox 284 3924 1861 3988; baseline 0.001 -8"><span class='ocrx_word' id='word_1_342' title='bbox 284 3928 484 3980; x_wconf 83' lang='lat' dir='ltr'><strong>scilicet</strong></span> <span class='ocrx_word' id='word_1_343' title='bbox 533 3926 728 3980; x_wconf 74' lang='lat' dir='ltr'><strong>arbore</strong></span> <span class='ocrx_word' id='word_1_344' title='bbox 773 3924 950 3979; x_wconf 89' lang='lat' dir='ltr'><strong>cibum</strong></span> <span class='ocrx_word' id='word_1_345' title='bbox 980 3932 1288 3988; x_wconf 88' lang='lat' dir='ltr'><strong>sumerent,</strong></span> <span class='ocrx_word' id='word_1_346' title='bbox 1321 3924 1531 3979; x_wconf 87' lang='lat' dir='ltr'><strong>nonnisi</strong></span> <span class='ocrx_word' id='word_1_347' title='bbox 1577 3925 1681 3979; x_wconf 86' lang='lat' dir='ltr'><strong>illis</strong></span> <span class='ocrx_word' id='word_1_348' title='bbox 1734 3927 1861 3981; x_wconf 88' lang='lat' dir='ltr'><strong>solis</strong></span> 
     </span>
    </p>
   </div>
   <div class='ocr_carea' id='block_1_42' title="bbox 287 4013 1859 4085">
    <p class='ocr_par' dir='ltr' id='par_1_42' title="bbox 287 4013 1859 4085">
     <span class='ocr_line' id='line_1_42' title="bbox 287 4013 1859 4085; baseline -0.001 -14"><span class='ocrx_word' id='word_1_349' title='bbox 287 4017 426 4071; x_wconf 86' lang='lat' dir='ltr'><strong>Deus</strong></span> <span class='ocrx_word' id='word_1_350' title='bbox 458 4016 619 4085; x_wconf 88' lang='lat' dir='ltr'><strong>jussit</strong></span> <span class='ocrx_word' id='word_1_351' title='bbox 643 4018 797 4085; x_wconf 89' lang='lat' dir='ltr'><strong>;quia</strong></span> <span class='ocrx_word' id='word_1_352' title='bbox 849 4014 987 4068; x_wconf 81' lang='lat' dir='ltr'><strong>sicut</strong></span> <span class='ocrx_word' id='word_1_353' title='bbox 1017 4014 1218 4069; x_wconf 88' lang='lat' dir='ltr'><strong>sciebat</strong></span> <span class='ocrx_word' id='word_1_354' title='bbox 1256 4013 1378 4083; x_wconf 90' lang='lat' dir='ltr'><strong>quid</strong></span> <span class='ocrx_word' id='word_1_355' title='bbox 1415 4013 1635 4083; x_wconf 71' lang='lat' dir='ltr'><strong>justitice</strong></span> <span class='ocrx_word' id='word_1_356' title='bbox 1665 4014 1859 4070; x_wconf 87' lang='lat' dir='ltr'><strong>facturi</strong></span> 
     </span>
    </p>
   </div>
   <div class='ocr_carea' id='block_1_43' title="bbox 283 4102 1862 4172">
    <p class='ocr_par' dir='ltr' id='par_1_43' title="bbox 283 4102 1862 4172">
     <span class='ocr_line' id='line_1_43' title="bbox 283 4102 1862 4172; baseline -0.001 -14"><span class='ocrx_word' id='word_1_357' title='bbox 283 4120 390 4158; x_wconf 89' lang='lat' dir='ltr'><strong>non</strong></span> <span class='ocrx_word' id='word_1_358' title='bbox 421 4112 593 4170; x_wconf 88' lang='lat' dir='ltr'><strong>erant,</strong></span> <span class='ocrx_word' id='word_1_359' title='bbox 626 4106 694 4157; x_wconf 88' lang='lat' dir='ltr'><strong>ita</strong></span> <span class='ocrx_word' id='word_1_360' title='bbox 729 4103 890 4158; x_wconf 89' lang='lat' dir='ltr'><strong>etiam</strong></span> <span class='ocrx_word' id='word_1_361' title='bbox 921 4103 1120 4157; x_wconf 86' lang='lat' dir='ltr'><strong>sciebat</strong></span> <span class='ocrx_word' id='word_1_362' title='bbox 1143 4102 1266 4172; x_wconf 88' lang='lat' dir='ltr'><strong>quid</strong></span> <span class='ocrx_word' id='word_1_363' title='bbox 1293 4102 1513 4171; x_wconf 76' lang='lat' dir='ltr'><strong>justitia:</strong></span> <span class='ocrx_word' id='word_1_364' title='bbox 1534 4105 1600 4157; x_wconf 92' lang='lat' dir='ltr'><strong>de</strong></span> <span class='ocrx_word' id='word_1_365' title='bbox 1620 4103 1727 4157; x_wconf 89' lang='lat' dir='ltr'><strong>illis</strong></span> <span class='ocrx_word' id='word_1_366' title='bbox 1746 4112 1862 4158; x_wconf 84' lang='lat' dir='ltr'><strong>erat</strong></span> 
     </span>
    </p>
   </div>
   <div class='ocr_carea' id='block_1_44' title="bbox 280 4191 1859 4262">
    <p class='ocr_par' dir='ltr' id='par_1_44' title="bbox 280 4191 1859 4262">
     <span class='ocr_line' id='line_1_44' title="bbox 280 4191 1859 4262; baseline -0.001 -15"><span class='ocrx_word' id='word_1_367' title='bbox 280 4193 397 4261; x_wconf 79' lang='lat' dir='ltr'><strong>ipse</strong></span> <span class='ocrx_word' id='word_1_368' title='bbox 440 4194 693 4247; x_wconf 77' lang='lat' dir='ltr'><strong>facturus.</strong></span> <span class='ocrx_word' id='word_1_369' title='bbox 729 4194 804 4246; x_wconf 83' lang='lat' dir='ltr'><strong>Eo</strong></span> <span class='ocrx_word' id='word_1_370' title='bbox 849 4191 1006 4246; x_wconf 89' lang='lat' dir='ltr'><strong>modo</strong></span> <span class='ocrx_word' id='word_1_371' title='bbox 1048 4207 1176 4262; x_wconf 84' lang='lat' dir='ltr'><strong>ergo</strong></span> <span class='ocrx_word' id='word_1_372' title='bbox 1208 4191 1360 4261; x_wconf 87' lang='lat' dir='ltr'><strong>jubet</strong></span> <span class='ocrx_word' id='word_1_373' title='bbox 1397 4192 1643 4247; x_wconf 88' lang='lat' dir='ltr'><strong>omnibus</strong></span> <span class='ocrx_word' id='word_1_374' title='bbox 1686 4193 1859 4247; x_wconf 66' lang='lat' dir='ltr'><strong>bomi-</strong></span> 
     </span>
    </p>
   </div>
   <div class='ocr_carea' id='block_1_45' title="bbox 283 4282 1857 4353">
    <p class='ocr_par' dir='ltr' id='par_1_45' title="bbox 283 4282 1857 4353">
     <span class='ocr_line' id='line_1_45' title="bbox 283 4282 1857 4353; baseline 0.001 -15"><span class='ocrx_word' id='word_1_375' title='bbox 283 4284 441 4339; x_wconf 87' lang='lat' dir='ltr'><strong>nibus</strong></span> <span class='ocrx_word' id='word_1_376' title='bbox 467 4295 523 4338; x_wconf 91' lang='lat' dir='ltr'><strong>ut</strong></span> <span class='ocrx_word' id='word_1_377' title='bbox 558 4299 667 4338; x_wconf 85' lang='lat' dir='ltr'><strong>non</strong></span> <span class='ocrx_word' id='word_1_378' title='bbox 710 4283 910 4338; x_wconf 89' lang='lat' dir='ltr'><strong>faciant</strong></span> <span class='ocrx_word' id='word_1_379' title='bbox 938 4282 1102 4337; x_wconf 91' lang='lat' dir='ltr'><strong>ullum</strong></span> <span class='ocrx_word' id='word_1_380' title='bbox 1146 4290 1443 4351; x_wconf 88' lang='lat' dir='ltr'><strong>peceatum,</strong></span> <span class='ocrx_word' id='word_1_381' title='bbox 1500 4284 1742 4353; x_wconf 87' lang='lat' dir='ltr'><strong>quamvis</strong></span> <span class='ocrx_word' id='word_1_382' title='bbox 1788 4285 1857 4340; x_wconf 86' lang='lat' dir='ltr'><strong>sit</strong></span> 
     </span>
    </p>
   </div>
   <div class='ocr_carea' id='block_1_46' title="bbox 282 4371 1860 4443">
    <p class='ocr_par' dir='ltr' id='par_1_46' title="bbox 282 4371 1860 4443">
     <span class='ocr_line' id='line_1_46' title="bbox 282 4371 1860 4443; baseline 0.001 -16"><span class='ocrx_word' id='word_1_383' title='bbox 282 4373 538 4442; x_wconf 66' lang='lat' dir='ltr'><strong>pnscius</strong></span> <span class='ocrx_word' id='word_1_384' title='bbox 577 4373 844 4427; x_wconf 90' lang='lat' dir='ltr'><strong>neminem</strong></span> <span class='ocrx_word' id='word_1_385' title='bbox 894 4372 994 4427; x_wconf 84' lang='lat' dir='ltr'><strong>hoc</strong></span> <span class='ocrx_word' id='word_1_386' title='bbox 1030 4371 1390 4440; x_wconf 85' lang='lat' dir='ltr'><strong>impleturum,</strong></span> <span class='ocrx_word' id='word_1_387' title='bbox 1438 4381 1497 4427; x_wconf 91' lang='lat' dir='ltr'><strong>ut</strong></span> <span class='ocrx_word' id='word_1_388' title='bbox 1540 4373 1860 4443; x_wconf 88' lang='lat' dir='ltr'><strong>quicumque</strong></span> 
     </span>
    </p>
   </div>
   <div class='ocr_carea' id='block_1_47' title="bbox 279 4461 1855 4532">
    <p class='ocr_par' dir='ltr' id='par_1_47' title="bbox 279 4461 1855 4532">
     <span class='ocr_line' id='line_1_47' title="bbox 279 4461 1855 4532; baseline 0 -16"><span class='ocrx_word' id='word_1_389' title='bbox 279 4462 443 4532; x_wconf 85' lang='lat' dir='ltr'><strong>impie</strong></span> <span class='ocrx_word' id='word_1_390' title='bbox 471 4477 536 4517; x_wconf 88' lang='lat' dir='ltr'><strong>ac</strong></span> <span class='ocrx_word' id='word_1_391' title='bbox 554 4462 926 4516; x_wconf 88' lang='lat' dir='ltr'><strong>damuabiliter</strong></span> <span class='ocrx_word' id='word_1_392' title='bbox 951 4461 1067 4531; x_wconf 89' lang='lat' dir='ltr'><strong>ejus</strong></span> <span class='ocrx_word' id='word_1_393' title='bbox 1117 4470 1374 4531; x_wconf 62' lang='lat' dir='ltr'><strong>praecepta</strong></span> <span class='ocrx_word' id='word_1_394' title='bbox 1420 4464 1855 4532; x_wconf 87' lang='lat' dir='ltr'><strong>contempserint,</strong></span> 
     </span>
    </p>
   </div>
   <div class='ocr_carea' id='block_1_48' title="bbox 279 4552 1852 4624">
    <p class='ocr_par' dir='ltr' id='par_1_48' title="bbox 279 4552 1852 4624">
     <span class='ocr_line' id='line_1_48' title="bbox 279 4552 1852 4624; baseline 0.002 -17"><span class='ocrx_word' id='word_1_395' title='bbox 279 4554 397 4623; x_wconf 82' lang='lat' dir='ltr'><strong>ipse</strong></span> <span class='ocrx_word' id='word_1_396' title='bbox 434 4552 596 4608; x_wconf 82' lang='lat' dir='ltr'><strong>faciat</strong></span> <span class='ocrx_word' id='word_1_397' title='bbox 647 4553 699 4608; x_wconf 92' lang='lat' dir='ltr'><strong>in</strong></span> <span class='ocrx_word' id='word_1_398' title='bbox 750 4568 933 4609; x_wconf 89' lang='lat' dir='ltr'><strong>eorum</strong></span> <span class='ocrx_word' id='word_1_399' title='bbox 959 4553 1298 4608; x_wconf 83' lang='lat' dir='ltr'><strong>damnatione</strong></span> <span class='ocrx_word' id='word_1_400' title='bbox 1325 4554 1467 4624; x_wconf 89' lang='lat' dir='ltr'><strong>quod</strong></span> <span class='ocrx_word' id='word_1_401' title='bbox 1488 4554 1696 4622; x_wconf 86' lang='lat' dir='ltr'><strong>justum</strong></span> <span class='ocrx_word' id='word_1_402' title='bbox 1734 4563 1852 4611; x_wconf 84' lang='lat' dir='ltr'><strong>est:</strong></span> 
     </span>
    </p>
   </div>
   <div class='ocr_carea' id='block_1_49' title="bbox 275 4644 1859 4714">
    <p class='ocr_par' dir='ltr' id='par_1_49' title="bbox 275 4644 1859 4714">
     <span class='ocr_line' id='line_1_49' title="bbox 275 4644 1859 4714; baseline 0.001 -15"><span class='ocrx_word' id='word_1_403' title='bbox 275 4646 598 4714; x_wconf 77' lang='lat' dir='ltr'><strong>quicumque</strong></span> <span class='ocrx_word' id='word_1_404' title='bbox 642 4654 818 4700; x_wconf 85' lang='lat' dir='ltr'><strong>autem</strong></span> <span class='ocrx_word' id='word_1_405' title='bbox 868 4644 921 4699; x_wconf 89' lang='lat' dir='ltr'><strong>in</strong></span> <span class='ocrx_word' id='word_1_406' title='bbox 958 4644 1074 4713; x_wconf 86' lang='lat' dir='ltr'><strong>ejus</strong></span> <span class='ocrx_word' id='word_1_407' title='bbox 1119 4646 1396 4714; x_wconf 78' lang='lat' dir='ltr'><strong>prteceptis</strong></span> <span class='ocrx_word' id='word_1_408' title='bbox 1447 4645 1759 4702; x_wconf 88' lang='lat' dir='ltr'><strong>obedienter</strong></span> <span class='ocrx_word' id='word_1_409' title='bbox 1804 4654 1859 4702; x_wconf 84' lang='lat' dir='ltr'><strong>et</strong></span> 
     </span>
    </p>
   </div>
   <div class='ocr_carea' id='block_1_50' title="bbox 274 4733 1861 4806">
    <p class='ocr_par' dir='ltr' id='par_1_50' title="bbox 274 4733 1861 4806">
     <span class='ocr_line' id='line_1_50' title="bbox 274 4733 1861 4806; baseline 0.003 -19"><span class='ocrx_word' id='word_1_410' title='bbox 274 4737 365 4803; x_wconf 84' lang='lat' dir='ltr'><strong>pie</strong></span> <span class='ocrx_word' id='word_1_411' title='bbox 416 4733 758 4803; x_wconf 80' lang='lat' dir='ltr'><strong>proﬁcientes</strong></span> <span class='ocrx_word' id='word_1_412' title='bbox 785 4773 800 4799; x_wconf 92' lang='lat'><strong>,</strong></span> <span class='ocrx_word' id='word_1_413' title='bbox 842 4743 942 4789; x_wconf 76' lang='lat' dir='ltr'><strong>n&#39;ec</strong></span> <span class='ocrx_word' id='word_1_414' title='bbox 989 4741 1165 4788; x_wconf 83' lang='lat' dir='ltr'><strong>tamen</strong></span> <span class='ocrx_word' id='word_1_415' title='bbox 1207 4735 1385 4789; x_wconf 89' lang='lat' dir='ltr'><strong>omnia</strong></span> <span class='ocrx_word' id='word_1_416' title='bbox 1437 4750 1556 4805; x_wconf 67' lang='lat' dir='ltr'><strong>quas</strong></span> <span class='ocrx_word' id='word_1_417' title='bbox 1606 4738 1861 4806; x_wconf 77' lang='lat' dir='ltr'><strong>praecepit</strong></span> 
     </span>
    </p>
   </div>
   <div class='ocr_carea' id='block_1_51' title="bbox 272 4823 1854 4896">
    <p class='ocr_par' dir='ltr' id='par_1_51' title="bbox 272 4823 1854 4896">
     <span class='ocr_line' id='line_1_51' title="bbox 272 4823 1854 4896; baseline 0.003 -17"><span class='ocrx_word' id='word_1_418' title='bbox 272 4824 585 4893; x_wconf 84' lang='lat' dir='ltr'><strong>implentes,</strong></span> <span class='ocrx_word' id='word_1_419' title='bbox 614 4824 751 4878; x_wconf 88' lang='lat' dir='ltr'><strong>sicut</strong></span> <span class='ocrx_word' id='word_1_420' title='bbox 771 4824 871 4878; x_wconf 84' lang='lat' dir='ltr'><strong>sibi</strong></span> <span class='ocrx_word' id='word_1_421' title='bbox 916 4823 1111 4878; x_wconf 87' lang='lat' dir='ltr'><strong>dimitti</strong></span> <span class='ocrx_word' id='word_1_422' title='bbox 1149 4824 1355 4891; x_wconf 81' lang='lat' dir='ltr'><strong>volunt,</strong></span> <span class='ocrx_word' id='word_1_423' title='bbox 1388 4827 1467 4880; x_wconf 91' lang='lat' dir='ltr'><strong>sic</strong></span> <span class='ocrx_word' id='word_1_424' title='bbox 1494 4827 1612 4881; x_wconf 89' lang='lat' dir='ltr'><strong>aliis</strong></span> <span class='ocrx_word' id='word_1_425' title='bbox 1638 4837 1854 4896; x_wconf 87' lang='lat' dir='ltr'><strong>peccata</strong></span> 
     </span>
    </p>
   </div>
   <div class='ocr_carea' id='block_1_52' title="bbox 273 4912 1856 4986">
    <p class='ocr_par' dir='ltr' id='par_1_52' title="bbox 273 4912 1856 4986">
     <span class='ocr_line' id='line_1_52' title="bbox 273 4912 1856 4986; baseline 0.003 -18"><span class='ocrx_word' id='word_1_426' title='bbox 273 4913 603 4978; x_wconf 81' lang='lat' dir='ltr'><strong>dimiserint,</strong></span> <span class='ocrx_word' id='word_1_427' title='bbox 637 4914 750 4983; x_wconf 88' lang='lat' dir='ltr'><strong>ipse</strong></span> <span class='ocrx_word' id='word_1_428' title='bbox 772 4912 994 4969; x_wconf 87' lang='lat' dir='ltr'><strong>faciatin</strong></span> <span class='ocrx_word' id='word_1_429' title='bbox 1021 4928 1205 4969; x_wconf 87' lang='lat' dir='ltr'><strong>eorum</strong></span> <span class='ocrx_word' id='word_1_430' title='bbox 1235 4915 1576 4970; x_wconf 88' lang='lat' dir='ltr'><strong>mundatione</strong></span> <span class='ocrx_word' id='word_1_431' title='bbox 1591 4918 1731 4986; x_wconf 88' lang='lat' dir='ltr'><strong>quod</strong></span> <span class='ocrx_word' id='word_1_432' title='bbox 1758 4917 1856 4972; x_wconf 79' lang='lat' dir='ltr'><strong>bo-</strong></span> 
     </span>
    </p>
   </div>
   <div class='ocr_carea' id='block_1_53' title="bbox 267 5004 1857 5078">
    <p class='ocr_par' dir='ltr' id='par_1_53' title="bbox 267 5004 1857 5078">
     <span class='ocr_line' id='line_1_53' title="bbox 267 5004 1857 5078; baseline 0.001 -17"><span class='ocrx_word' id='word_1_433' title='bbox 267 5020 407 5061; x_wconf 81' lang='lat' dir='ltr'><strong>num</strong></span> <span class='ocrx_word' id='word_1_434' title='bbox 449 5014 552 5062; x_wconf 84' lang='lat' dir='ltr'><strong>est.</strong></span> <span class='ocrx_word' id='word_1_435' title='bbox 593 5004 871 5073; x_wconf 85' lang='lat' dir='ltr'><strong>Quomodo</strong></span> <span class='ocrx_word' id='word_1_436' title='bbox 912 5006 1053 5060; x_wconf 90' lang='lat' dir='ltr'><strong>enim</strong></span> <span class='ocrx_word' id='word_1_437' title='bbox 1104 5006 1389 5074; x_wconf 88' lang='lat' dir='ltr'><strong>dimittenti</strong></span> <span class='ocrx_word' id='word_1_438' title='bbox 1437 5007 1718 5062; x_wconf 86' lang='lat' dir='ltr'><strong>dimittitur</strong></span> <span class='ocrx_word' id='word_1_439' title='bbox 1765 5024 1857 5078; x_wconf 90' lang='lat' dir='ltr'><strong>per</strong></span> 
     </span>
    </p>
   </div>
   <div class='ocr_carea' id='block_1_54' title="bbox 270 5095 1856 5168">
    <p class='ocr_par' dir='ltr' id='par_1_54' title="bbox 270 5095 1856 5168">
     <span class='ocr_line' id='line_1_54' title="bbox 270 5095 1856 5168; baseline 0 -15"><span class='ocrx_word' id='word_1_440' title='bbox 270 5096 369 5153; x_wconf 89' lang='lat' dir='ltr'><strong>Dei</strong></span> <span class='ocrx_word' id='word_1_441' title='bbox 394 5095 832 5161; x_wconf 83' lang='lat' dir='ltr'><strong>misericordiam,</strong></span> <span class='ocrx_word' id='word_1_442' title='bbox 862 5095 909 5150; x_wconf 89' lang='lat' dir='ltr'><strong>si</strong></span> <span class='ocrx_word' id='word_1_443' title='bbox 929 5105 1202 5166; x_wconf 89' lang='lat' dir='ltr'><strong>peccatum</strong></span> <span class='ocrx_word' id='word_1_444' title='bbox 1228 5098 1484 5152; x_wconf 82' lang='lat' dir='ltr'><strong>nonest?</strong></span> <span class='ocrx_word' id='word_1_445' title='bbox 1511 5108 1602 5153; x_wconf 92' lang='lat' dir='ltr'><strong>aut</strong></span> <span class='ocrx_word' id='word_1_446' title='bbox 1634 5115 1856 5168; x_wconf 90' lang='lat' dir='ltr'><strong>quomo-</strong></span> 
     </span>
    </p>
   </div>
   <div class='ocr_carea' id='block_1_55' title="bbox 270 5186 1751 5257">
    <p class='ocr_par' dir='ltr' id='par_1_55' title="bbox 270 5186 1751 5257">
     <span class='ocr_line' id='line_1_55' title="bbox 270 5186 1751 5257; baseline -0.001 -14"><span class='ocrx_word' id='word_1_447' title='bbox 270 5186 345 5243; x_wconf 68' lang='lat' dir='ltr'><strong>do</strong></span> <span class='ocrx_word' id='word_1_448' title='bbox 361 5202 472 5241; x_wconf 86' lang='lat' dir='ltr'><strong>non</strong></span> <span class='ocrx_word' id='word_1_449' title='bbox 499 5194 710 5242; x_wconf 81' lang='lat' dir='ltr'><strong>vetatur</strong></span> <span class='ocrx_word' id='word_1_450' title='bbox 726 5200 823 5256; x_wconf 86' lang='lat' dir='ltr'><strong>per</strong></span> <span class='ocrx_word' id='word_1_451' title='bbox 838 5187 931 5241; x_wconf 87' lang='lat' dir='ltr'><strong>Dei</strong></span> <span class='ocrx_word' id='word_1_452' title='bbox 953 5188 1236 5257; x_wconf 85' lang='lat' dir='ltr'><strong>justitiam,</strong></span> <span class='ocrx_word' id='word_1_453' title='bbox 1254 5190 1297 5242; x_wconf 91' lang='lat' dir='ltr'><strong>si</strong></span> <span class='ocrx_word' id='word_1_454' title='bbox 1321 5199 1593 5257; x_wconf 86' lang='lat' dir='ltr'><strong>peccatum</strong></span> <span class='ocrx_word' id='word_1_455' title='bbox 1620 5199 1702 5244; x_wconf 89' lang='lat' dir='ltr'><strong>est</strong></span> <span class='ocrx_word' id='word_1_456' title='bbox 1728 5191 1751 5242; x_wconf 85' lang='lat'><strong>?</strong></span> 
     </span>
    </p>
   </div>
   <div class='ocr_carea' id='block_1_56' title="bbox 342 5276 1855 5348">
    <p class='ocr_par' dir='ltr' id='par_1_56' title="bbox 342 5276 1855 5348">
     <span class='ocr_line' id='line_1_56' title="bbox 342 5276 1855 5348; baseline 0.002 -16"><span class='ocrx_word' id='word_1_457' title='bbox 342 5277 437 5332; x_wconf 67' lang='grc' dir='ltr'><strong>ει.</strong></span> <span class='ocrx_word' id='word_1_458' title='bbox 466 5276 574 5333; x_wconf 84' lang='lat' dir='ltr'><strong>Sed</strong></span> <span class='ocrx_word' id='word_1_459' title='bbox 615 5292 748 5341; x_wconf 73' lang='lat' dir='ltr'><strong>ecce,</strong></span> <span class='ocrx_word' id='word_1_460' title='bbox 805 5277 1065 5347; x_wconf 88' lang='lat' dir='ltr'><strong>inquiunt,</strong></span> <span class='ocrx_word' id='word_1_461' title='bbox 1119 5279 1390 5348; x_wconf 82' lang='lat' dir='ltr'><strong>Apostolus</strong></span> <span class='ocrx_word' id='word_1_462' title='bbox 1418 5278 1579 5346; x_wconf 85' lang='lat' dir='ltr'><strong>dicit,</strong></span> <span class='ocrx_word' id='word_1_463' title='bbox 1614 5296 1633 5331; x_wconf 74' lang='grc' dir='ltr'><strong>ι</strong></span> <span class='ocrx_word' id='word_1_464' title='bbox 1656 5279 1855 5334; x_wconf 82' lang='lat' dir='ltr'><strong>Bonum</strong></span> 
     </span>
    </p>
   </div>
   <div class='ocr_carea' id='block_1_57' title="bbox 266 5368 1855 5438">
    <p class='ocr_par' dir='ltr' id='par_1_57' title="bbox 266 5368 1855 5438">
     <span class='ocr_line' id='line_1_57' title="bbox 266 5368 1855 5438; baseline 0.001 -15"><span class='ocrx_word' id='word_1_465' title='bbox 266 5379 530 5423; x_wconf 59' lang='lat' dir='ltr'><strong>causam:</strong></span> <span class='ocrx_word' id='word_1_466' title='bbox 561 5368 771 5433; x_wconf 87' lang='lat' dir='ltr'><strong>certavi,</strong></span> <span class='ocrx_word' id='word_1_467' title='bbox 797 5368 947 5438; x_wconf 75' lang='lat' dir='ltr'><strong>ﬁdem</strong></span> <span class='ocrx_word' id='word_1_468' title='bbox 989 5370 1201 5434; x_wconf 84' lang='lat' dir='ltr'><strong>servavi,</strong></span> <span class='ocrx_word' id='word_1_469' title='bbox 1232 5385 1436 5423; x_wconf 78' lang='lat' dir='ltr'><strong>cursum</strong></span> <span class='ocrx_word' id='word_1_470' title='bbox 1478 5372 1855 5435; x_wconf 85' lang='lat' dir='ltr'><strong>consummavi;</strong></span> 
     </span>
    </p>
   </div>
   <div class='ocr_carea' id='block_1_58' title="bbox 262 5459 1856 5535">
    <p class='ocr_par' dir='ltr' id='par_1_58' title="bbox 262 5459 1856 5535">
     <span class='ocr_line' id='line_1_58' title="bbox 262 5459 1856 5535; baseline 0.002 -21"><span class='ocrx_word' id='word_1_471' title='bbox 262 5468 502 5530; x_wconf 72' lang='lat' dir='ltr'><strong>superest</strong></span> <span class='ocrx_word' id='word_1_472' title='bbox 528 5460 656 5513; x_wconf 74' lang='lat' dir='ltr'><strong>mihi</strong></span> <span class='ocrx_word' id='word_1_473' title='bbox 681 5475 868 5514; x_wconf 81' lang='lat' dir='ltr'><strong>corona</strong></span> <span class='ocrx_word' id='word_1_474' title='bbox 885 5460 1105 5530; x_wconf 69' lang='lat' dir='ltr'><strong>justitiar</strong></span> <span class='ocrx_word' id='word_1_475' title='bbox 1133 5479 1154 5514; x_wconf 69' lang='grc' dir='ltr'><strong>ι</strong></span> <span class='ocrx_word' id='word_1_476' title='bbox 1186 5459 1254 5535; x_wconf 84' lang='lat' dir='ltr'><strong>(ll</strong></span> <span class='ocrx_word' id='word_1_477' title='bbox 1277 5460 1411 5516; x_wconf 81' lang='lat' dir='ltr'><strong>Tim.</strong></span> <span class='ocrx_word' id='word_1_478' title='bbox 1433 5478 1504 5525; x_wconf 84' lang='lat' dir='ltr'><strong>tv,</strong></span> <span class='ocrx_word' id='word_1_479' title='bbox 1536 5462 1653 5531; x_wconf 70' lang='lat'><strong>7,8)</strong></span> <span class='ocrx_word' id='word_1_480' title='bbox 1681 5481 1694 5516; x_wconf 88' lang='lat'>:</span> <span class='ocrx_word' id='word_1_481' title='bbox 1721 5464 1856 5528; x_wconf 86' lang='lat' dir='ltr'><strong>quod</strong></span> 
     </span>
    </p>
   </div>
   <div class='ocr_carea' id='block_1_59' title="bbox 261 5538 1855 5621">
    <p class='ocr_par' dir='ltr' id='par_1_59' title="bbox 261 5538 1855 5621">
     <span class='ocr_line' id='line_1_59' title="bbox 261 5538 1855 5621; baseline 0.004 -19"><span class='ocrx_word' id='word_1_482' title='bbox 261 5564 378 5602; x_wconf 66' lang='lat' dir='ltr'><strong>non</strong></span> <span class='ocrx_word' id='word_1_483' title='bbox 411 5548 617 5615; x_wconf 77' lang='lat' dir='ltr'><strong>diceret,</strong></span> <span class='ocrx_word' id='word_1_484' title='bbox 645 5548 694 5602; x_wconf 84' lang='lat' dir='ltr'><strong>si</strong></span> <span class='ocrx_word' id='word_1_485' title='bbox 739 5548 940 5603; x_wconf 72' lang='lat' dir='ltr'><strong>habere:</strong></span> <span class='ocrx_word' id='word_1_486' title='bbox 967 5548 1129 5605; x_wconf 84' lang='lat' dir='ltr'><strong>ullum</strong></span> <span class='ocrx_word' id='word_1_487' title='bbox 1158 5538 1434 5621; x_wconf 73' lang='lat' dir='ltr'><strong>peccatum.</strong></span> <span class='ocrx_word' id='word_1_488' title='bbox 1476 5551 1589 5611; x_wconf 81' lang='lat' dir='ltr'><strong>imo</strong></span> <span class='ocrx_word' id='word_1_489' title='bbox 1618 5566 1743 5609; x_wconf 81' lang='lat' dir='ltr'><strong>vero</strong></span> <span class='ocrx_word' id='word_1_490' title='bbox 1773 5568 1855 5608; x_wconf 78' lang='lat' dir='ltr'><strong>re-</strong></span> 
     </span>
    </p>
   </div>
   <div class='ocr_carea' id='block_1_60' title="bbox 335 5659 1032 5724">
    <p class='ocr_par' dir='ltr' id='par_1_60' title="bbox 335 5659 1032 5724">
     <span class='ocr_line' id='line_1_60' title="bbox 335 5659 1032 5724; baseline -0.01 -10"><span class='ocrx_word' id='word_1_491' title='bbox 335 5663 355 5696; x_wconf 79' lang='grc'><strong><em>⁸</em></strong></span> <span class='ocrx_word' id='word_1_492' title='bbox 388 5670 488 5713; x_wconf 72' lang='lat' dir='ltr'><strong>Am.</strong></span> <span class='ocrx_word' id='word_1_493' title='bbox 513 5667 568 5713; x_wconf 78' lang='lat' dir='ltr'><strong>et</strong></span> <span class='ocrx_word' id='word_1_494' title='bbox 589 5667 686 5718; x_wconf 66' lang='lat' dir='ltr'><strong>In.</strong></span> <span class='ocrx_word' id='word_1_495' title='bbox 703 5659 1032 5724; x_wconf 61' lang='lat' dir='ltr'><strong>perﬁdiane.</strong></span> 
     </span>
    </p>
   </div>
   <div class='ocr_carea' id='block_1_61' title="bbox 1585 265 2194 328">
    <p class='ocr_par' dir='ltr' id='par_1_61' title="bbox 1585 265 2194 328">
     <span class='ocr_line' id='line_1_61' title="bbox 1585 265 2194 328; baseline 0.015 -9"><span class='ocrx_word' id='word_1_496' title='bbox 1585 265 1778 321; x_wconf 78' lang='lat' dir='ltr'><strong>LlBER</strong></span> <span class='ocrx_word' id='word_1_497' title='bbox 1822 266 2194 328; x_wconf 75' lang='lat' dir='ltr'><strong>SECUNDUS.</strong></span> 
     </span>
    </p>
   </div>
   <div class='ocr_carea' id='block_1_62' title="bbox 3467 292 3565 350">
    <p class='ocr_par' dir='ltr' id='par_1_62' title="bbox 3467 292 3565 350">
     <span class='ocr_line' id='line_1_62' title="bbox 3467 292 3565 350; baseline 0.041 -4"><span class='ocrx_word' id='word_1_498' title='bbox 3467 292 3565 350; x_wconf 64' lang='lat'><strong>966</strong></span> 
     </span>
    </p>
   </div>
   <div class='ocr_carea' id='block_1_63' title="bbox 1987 380 3567 462">
    <p class='ocr_par' dir='ltr' id='par_1_63' title="bbox 1987 380 3567 462">
     <span class='ocr_line' id='line_1_63' title="bbox 1987 380 3567 462; baseline 0.013 -29"><span class='ocrx_word' id='word_1_499' title='bbox 1987 382 2280 450; x_wconf 89' lang='lat' dir='ltr'><strong>spondeant</strong></span> <span class='ocrx_word' id='word_1_500' title='bbox 2315 386 2579 454; x_wconf 89' lang='lat' dir='ltr'><strong>quomodo</strong></span> <span class='ocrx_word' id='word_1_501' title='bbox 2608 389 2777 458; x_wconf 87' lang='lat' dir='ltr'><strong>potuit</strong></span> <span class='ocrx_word' id='word_1_502' title='bbox 2801 393 2910 445; x_wconf 74' lang='lat' dir='ltr'><strong>lucc</strong></span> <span class='ocrx_word' id='word_1_503' title='bbox 2935 380 3132 462; x_wconf 87' lang='lat' dir='ltr'><strong>dicere,</strong></span> <span class='ocrx_word' id='word_1_504' title='bbox 3165 394 3246 449; x_wconf 89' lang='lat' dir='ltr'><strong>cui</strong></span> <span class='ocrx_word' id='word_1_505' title='bbox 3275 396 3447 453; x_wconf 83' lang='lat' dir='ltr'><strong>adhuc</strong></span> <span class='ocrx_word' id='word_1_506' title='bbox 3478 416 3567 455; x_wconf 87' lang='lat' dir='ltr'><strong>re-</strong></span> 
     </span>
    </p>
   </div>
   <div class='ocr_carea' id='block_1_64' title="bbox 1985 471 3568 554">
    <p class='ocr_par' dir='ltr' id='par_1_64' title="bbox 1985 471 3568 554">
     <span class='ocr_line' id='line_1_64' title="bbox 1985 471 3568 554; baseline 0.013 -30"><span class='ocrx_word' id='word_1_507' title='bbox 1985 471 2156 525; x_wconf 79' lang='lat' dir='ltr'><strong>stabat</strong></span> <span class='ocrx_word' id='word_1_508' title='bbox 2189 472 2350 542; x_wconf 87' lang='lat' dir='ltr'><strong>ipsius</strong></span> <span class='ocrx_word' id='word_1_509' title='bbox 2381 477 2658 543; x_wconf 85' lang='lat' dir='ltr'><strong>passiouis.</strong></span> <span class='ocrx_word' id='word_1_510' title='bbox 2681 493 2839 547; x_wconf 89' lang='lat' dir='ltr'><strong>quam</strong></span> <span class='ocrx_word' id='word_1_511' title='bbox 2887 482 2987 534; x_wconf 91' lang='lat' dir='ltr'><strong>sibi</strong></span> <span class='ocrx_word' id='word_1_512' title='bbox 3008 482 3114 550; x_wconf 88' lang='lat' dir='ltr'><strong>jam</strong></span> <span class='ocrx_word' id='word_1_513' title='bbox 3145 485 3456 554; x_wconf 86' lang='lat' dir='ltr'><strong>impendere</strong></span> <span class='ocrx_word' id='word_1_514' title='bbox 3481 490 3568 543; x_wconf 80' lang='lat' dir='ltr'><strong>di-</strong></span> 
     </span>
    </p>
   </div>
   <div class='ocr_carea' id='block_1_65' title="bbox 1987 568 3566 637">
    <p class='ocr_par' dir='ltr' id='par_1_65' title="bbox 1987 568 3566 637">
     <span class='ocr_line' id='line_1_65' title="bbox 1987 568 3566 637; baseline 0.015 -25"><span class='ocrx_word' id='word_1_515' title='bbox 1987 571 2171 626; x_wconf 78' lang='lat' dir='ltr'><strong>xerat,</strong></span> <span class='ocrx_word' id='word_1_516' title='bbox 2231 571 2336 617; x_wconf 91' lang='lat' dir='ltr'><strong>tam</strong></span> <span class='ocrx_word' id='word_1_517' title='bbox 2390 580 2575 637; x_wconf 88' lang='lat' dir='ltr'><strong>magna</strong></span> <span class='ocrx_word' id='word_1_518' title='bbox 2619 568 2966 637; x_wconf 84' lang='lat' dir='ltr'><strong>conﬂictatio,</strong></span> <span class='ocrx_word' id='word_1_519' title='bbox 3019 580 3125 627; x_wconf 88' lang='lat' dir='ltr'><strong>tam</strong></span> <span class='ocrx_word' id='word_1_520' title='bbox 3173 576 3455 632; x_wconf 87' lang='lat' dir='ltr'><strong>molestum</strong></span> <span class='ocrx_word' id='word_1_521' title='bbox 3503 596 3566 637; x_wconf 87' lang='lat' dir='ltr'><strong>ac</strong></span> 
     </span>
    </p>
   </div>
   <div class='ocr_carea' id='block_1_66' title="bbox 1981 652 3560 729">
    <p class='ocr_par' dir='ltr' id='par_1_66' title="bbox 1981 652 3560 729">
     <span class='ocr_line' id='line_1_66' title="bbox 1981 652 3560 729; baseline 0.014 -27"><span class='ocrx_word' id='word_1_522' title='bbox 1981 652 2184 719; x_wconf 88' lang='lat' dir='ltr'><strong>grande</strong></span> <span class='ocrx_word' id='word_1_523' title='bbox 2232 664 2519 711; x_wconf 86' lang='lat' dir='ltr'><strong>certamen.</strong></span> <span class='ocrx_word' id='word_1_524' title='bbox 2551 658 2631 712; x_wconf 85' lang='lat' dir='ltr'><strong>An</strong></span> <span class='ocrx_word' id='word_1_525' title='bbox 2662 660 2728 714; x_wconf 90' lang='lat' dir='ltr'><strong>ad</strong></span> <span class='ocrx_word' id='word_1_526' title='bbox 2770 661 2886 729; x_wconf 81' lang='lat' dir='ltr'><strong>ejus</strong></span> <span class='ocrx_word' id='word_1_527' title='bbox 2925 667 3404 721; x_wconf 81' lang='lat' dir='ltr'><strong>censummandum</strong></span> <span class='ocrx_word' id='word_1_528' title='bbox 3433 685 3560 724; x_wconf 86' lang='lat' dir='ltr'><strong>cur-</strong></span> 
     </span>
    </p>
   </div>
   <div class='ocr_carea' id='block_1_67' title="bbox 1982 730 3563 821">
    <p class='ocr_par' dir='ltr' id='par_1_67' title="bbox 1982 730 3563 821">
     <span class='ocr_line' id='line_1_67' title="bbox 1982 730 3563 821; baseline 0.013 -27"><span class='ocrx_word' id='word_1_529' title='bbox 1982 755 2102 795; x_wconf 86' lang='lat' dir='ltr'><strong>sum</strong></span> <span class='ocrx_word' id='word_1_530' title='bbox 2154 757 2337 811; x_wconf 86' lang='lat' dir='ltr'><strong>parum</strong></span> <span class='ocrx_word' id='word_1_531' title='bbox 2376 730 2547 803; x_wconf 82' lang='lat' dir='ltr'><strong>adhuc</strong></span> <span class='ocrx_word' id='word_1_532' title='bbox 2582 749 2785 813; x_wconf 89' lang='lat' dir='ltr'><strong>deerat,</strong></span> <span class='ocrx_word' id='word_1_533' title='bbox 2833 754 3045 821; x_wconf 84' lang='lat' dir='ltr'><strong>quando</strong></span> <span class='ocrx_word' id='word_1_534' title='bbox 3075 755 3205 811; x_wconf 89' lang='lat' dir='ltr'><strong>illud</strong></span> <span class='ocrx_word' id='word_1_535' title='bbox 3248 756 3431 813; x_wconf 87' lang='lat' dir='ltr'><strong>deerat</strong></span> <span class='ocrx_word' id='word_1_536' title='bbox 3475 762 3563 814; x_wconf 85' lang='lat' dir='ltr'><strong>ubi</strong></span> 
     </span>
    </p>
   </div>
   <div class='ocr_carea' id='block_1_68' title="bbox 1980 831 3561 914">
    <p class='ocr_par' dir='ltr' id='par_1_68' title="bbox 1980 831 3561 914">
     <span class='ocr_line' id='line_1_68' title="bbox 1980 831 3561 914; baseline 0.015 -32"><span class='ocrx_word' id='word_1_537' title='bbox 1980 840 2093 883; x_wconf 87' lang='lat' dir='ltr'><strong>erat</strong></span> <span class='ocrx_word' id='word_1_538' title='bbox 2142 831 2349 888; x_wconf 86' lang='lat' dir='ltr'><strong>futurus</strong></span> <span class='ocrx_word' id='word_1_539' title='bbox 2402 838 2587 891; x_wconf 76' lang='lat' dir='ltr'><strong>acrior</strong></span> <span class='ocrx_word' id='word_1_540' title='bbox 2606 849 2657 893; x_wconf 90' lang='lat' dir='ltr'><strong>et</strong></span> <span class='ocrx_word' id='word_1_541' title='bbox 2695 842 2960 896; x_wconf 86' lang='lat' dir='ltr'><strong>crudelior</strong></span> <span class='ocrx_word' id='word_1_542' title='bbox 3012 844 3300 902; x_wconf 78' lang='lat' dir='ltr'><strong>inimicus?</strong></span> <span class='ocrx_word' id='word_1_543' title='bbox 3330 849 3480 914; x_wconf 84' lang='lat' dir='ltr'><strong>Quod</strong></span> <span class='ocrx_word' id='word_1_544' title='bbox 3516 852 3561 905; x_wconf 88' lang='lat' dir='ltr'><strong>si</strong></span> 
     </span>
    </p>
   </div>
   <div class='ocr_carea' id='block_1_69' title="bbox 1983 918 3558 1008">
    <p class='ocr_par' dir='ltr' id='par_1_69' title="bbox 1983 918 3558 1008">
     <span class='ocr_line' id='line_1_69' title="bbox 1983 918 3558 1008; baseline 0.015 -38"><span class='ocrx_word' id='word_1_545' title='bbox 1983 918 2101 973; x_wconf 85' lang='lat' dir='ltr'><strong>ideo</strong></span> <span class='ocrx_word' id='word_1_546' title='bbox 2123 921 2314 976; x_wconf 89' lang='lat' dir='ltr'><strong>talibus</strong></span> <span class='ocrx_word' id='word_1_547' title='bbox 2340 925 2514 979; x_wconf 76' lang='lat' dir='ltr'><strong>verbis</strong></span> <span class='ocrx_word' id='word_1_548' title='bbox 2539 936 2715 981; x_wconf 88' lang='lat' dir='ltr'><strong>certus</strong></span> <span class='ocrx_word' id='word_1_549' title='bbox 2760 944 3084 1001; x_wconf 86' lang='lat' dir='ltr'><strong>securusque</strong></span> <span class='ocrx_word' id='word_1_550' title='bbox 3106 936 3394 1003; x_wconf 87' lang='lat' dir='ltr'><strong>gaudebat,</strong></span> <span class='ocrx_word' id='word_1_551' title='bbox 3434 940 3558 1008; x_wconf 85' lang='lat' dir='ltr'><strong>quia</strong></span> 
     </span>
    </p>
   </div>
   <div class='ocr_carea' id='block_1_70' title="bbox 1978 1008 3564 1085">
    <p class='ocr_par' dir='ltr' id='par_1_70' title="bbox 1978 1008 3564 1085">
     <span class='ocr_line' id='line_1_70' title="bbox 1978 1008 3564 1085; baseline 0.015 -23"><span class='ocrx_word' id='word_1_552' title='bbox 1978 1008 2046 1062; x_wconf 83' lang='lat' dir='ltr'><strong>de</strong></span> <span class='ocrx_word' id='word_1_553' title='bbox 2098 1009 2312 1065; x_wconf 73' lang='lat' dir='ltr'><strong>victoria</strong></span> <span class='ocrx_word' id='word_1_554' title='bbox 2367 1014 2525 1069; x_wconf 88' lang='lat' dir='ltr'><strong>futuri</strong></span> <span class='ocrx_word' id='word_1_555' title='bbox 2569 1020 2878 1076; x_wconf 84' lang='lat' dir='ltr'><strong>certaminis</strong></span> <span class='ocrx_word' id='word_1_556' title='bbox 2909 1021 2927 1053; x_wconf 76' lang='grc' dir='ltr'>ί</span> <span class='ocrx_word' id='word_1_557' title='bbox 2965 1035 3166 1078; x_wconf 87' lang='lat' dir='ltr'><strong>certum</strong></span> <span class='ocrx_word' id='word_1_558' title='bbox 3224 1042 3345 1083; x_wconf 89' lang='lat' dir='ltr'><strong>eum</strong></span> <span class='ocrx_word' id='word_1_559' title='bbox 3402 1043 3564 1085; x_wconf 79' lang='lat' dir='ltr'><strong>sect:-</strong></span> 
     </span>
    </p>
   </div>
   <div class='ocr_carea' id='block_1_71' title="bbox 1978 1101 3559 1188">
    <p class='ocr_par' dir='ltr' id='par_1_71' title="bbox 1978 1101 3559 1188">
     <span class='ocr_line' id='line_1_71' title="bbox 1978 1101 3559 1188; baseline 0.016 -37"><span class='ocrx_word' id='word_1_560' title='bbox 1978 1101 2318 1171; x_wconf 82' lang='lat' dir='ltr'><strong>rumquejaut</strong></span> <span class='ocrx_word' id='word_1_561' title='bbox 2344 1103 2537 1159; x_wconf 86' lang='lat' dir='ltr'><strong>fecerat</strong></span> <span class='ocrx_word' id='word_1_562' title='bbox 2563 1108 2687 1176; x_wconf 90' lang='lat' dir='ltr'><strong>,qui</strong></span> <span class='ocrx_word' id='word_1_563' title='bbox 2732 1110 2972 1165; x_wconf 87' lang='lat' dir='ltr'><strong>eamdem</strong></span> <span class='ocrx_word' id='word_1_564' title='bbox 3006 1115 3302 1181; x_wconf 83' lang='lat' dir='ltr'><strong>passionem</strong></span> <span class='ocrx_word' id='word_1_565' title='bbox 3336 1118 3444 1188; x_wconf 88' lang='lat' dir='ltr'><strong>jam</strong></span> <span class='ocrx_word' id='word_1_566' title='bbox 3485 1121 3559 1176; x_wconf 88' lang='lat' dir='ltr'><strong>illi</strong></span> 
     </span>
    </p>
   </div>
   <div class='ocr_carea' id='block_1_72' title="bbox 1980 1191 3556 1277">
    <p class='ocr_par' dir='ltr' id='par_1_72' title="bbox 1980 1191 3556 1277">
     <span class='ocr_line' id='line_1_72' title="bbox 1980 1191 3556 1277; baseline 0.015 -36"><span class='ocrx_word' id='word_1_567' title='bbox 1980 1191 2303 1245; x_wconf 77' lang='lat' dir='ltr'><strong>revelaverat</strong></span> <span class='ocrx_word' id='word_1_568' title='bbox 2331 1193 2634 1260; x_wconf 83' lang='lat' dir='ltr'><strong>imminere;</strong></span> <span class='ocrx_word' id='word_1_569' title='bbox 2665 1213 2769 1251; x_wconf 84' lang='lat' dir='ltr'><strong>non</strong></span> <span class='ocrx_word' id='word_1_570' title='bbox 2796 1214 2852 1253; x_wconf 91' lang='lat' dir='ltr'><strong>re</strong></span> <span class='ocrx_word' id='word_1_571' title='bbox 2879 1201 3201 1270; x_wconf 86' lang='lat' dir='ltr'><strong>plenissima,</strong></span> <span class='ocrx_word' id='word_1_572' title='bbox 3228 1208 3321 1260; x_wconf 88' lang='lat' dir='ltr'><strong>sed</strong></span> <span class='ocrx_word' id='word_1_573' title='bbox 3348 1224 3443 1277; x_wconf 84' lang='lat' dir='ltr'><strong>spe</strong></span> <span class='ocrx_word' id='word_1_574' title='bbox 3464 1212 3556 1264; x_wconf 89' lang='lat' dir='ltr'><strong>tir-</strong></span> 
     </span>
    </p>
   </div>
   <div class='ocr_carea' id='block_1_73' title="bbox 1978 1277 3551 1367">
    <p class='ocr_par' dir='ltr' id='par_1_73' title="bbox 1978 1277 3551 1367">
     <span class='ocr_line' id='line_1_73' title="bbox 1978 1277 3551 1367; baseline 0.017 -39"><span class='ocrx_word' id='word_1_575' title='bbox 1978 1277 2213 1332; x_wconf 87' lang='lat' dir='ltr'><strong>missima</strong></span> <span class='ocrx_word' id='word_1_576' title='bbox 2243 1279 2354 1336; x_wconf 74' lang='lat' dir='ltr'><strong>lucc</strong></span> <span class='ocrx_word' id='word_1_577' title='bbox 2375 1282 2528 1349; x_wconf 78' lang='lat' dir='ltr'><strong>dixit,</strong></span> <span class='ocrx_word' id='word_1_578' title='bbox 2560 1295 2614 1339; x_wconf 90' lang='lat' dir='ltr'><strong>et</strong></span> <span class='ocrx_word' id='word_1_579' title='bbox 2655 1288 2796 1356; x_wconf 85' lang='lat' dir='ltr'><strong>quod</strong></span> <span class='ocrx_word' id='word_1_580' title='bbox 2840 1288 3074 1345; x_wconf 86' lang='lat' dir='ltr'><strong>futurum</strong></span> <span class='ocrx_word' id='word_1_581' title='bbox 3125 1309 3242 1349; x_wconf 88' lang='lat' dir='ltr'><strong>esse</strong></span> <span class='ocrx_word' id='word_1_582' title='bbox 3286 1312 3551 1367; x_wconf 56' lang='lat' dir='ltr'><strong>praesum-</strong></span> 
     </span>
    </p>
   </div>
   <div class='ocr_carea' id='block_1_74' title="bbox 1977 1368 3551 1456">
    <p class='ocr_par' dir='ltr' id='par_1_74' title="bbox 1977 1368 3551 1456">
     <span class='ocr_line' id='line_1_74' title="bbox 1977 1368 3551 1456; baseline 0.017 -37"><span class='ocrx_word' id='word_1_583' title='bbox 1977 1368 2101 1434; x_wconf 85' lang='lat' dir='ltr'><strong>psit,</strong></span> <span class='ocrx_word' id='word_1_584' title='bbox 2135 1378 2381 1439; x_wconf 85' lang='lat' dir='ltr'><strong>tanquam</strong></span> <span class='ocrx_word' id='word_1_585' title='bbox 2410 1372 2599 1428; x_wconf 85' lang='lat' dir='ltr'><strong>factum</strong></span> <span class='ocrx_word' id='word_1_586' title='bbox 2616 1375 2774 1433; x_wconf 79' lang='lat' dir='ltr'><strong>fuerit</strong></span> <span class='ocrx_word' id='word_1_587' title='bbox 2802 1379 3071 1436; x_wconf 86' lang='lat' dir='ltr'><strong>iudicavit.</strong></span> <span class='ocrx_word' id='word_1_588' title='bbox 3094 1383 3146 1439; x_wconf 91' lang='lat' dir='ltr'><strong>Si</strong></span> <span class='ocrx_word' id='word_1_589' title='bbox 3160 1401 3287 1456; x_wconf 85' lang='lat' dir='ltr'><strong>ergo</strong></span> <span class='ocrx_word' id='word_1_590' title='bbox 3316 1387 3396 1443; x_wconf 86' lang='lat' dir='ltr'><strong>his</strong></span> <span class='ocrx_word' id='word_1_591' title='bbox 3426 1405 3551 1446; x_wconf 82' lang='lat' dir='ltr'><strong>ver-</strong></span> 
     </span>
    </p>
   </div>
   <div class='ocr_carea' id='block_1_75' title="bbox 1975 1454 3556 1549">
    <p class='ocr_par' dir='ltr' id='par_1_75' title="bbox 1975 1454 3556 1549">
     <span class='ocr_line' id='line_1_75' title="bbox 1975 1454 3556 1549; baseline 0.018 -41"><span class='ocrx_word' id='word_1_592' title='bbox 1975 1454 2059 1511; x_wconf 87' lang='lat' dir='ltr'><strong>bis</strong></span> <span class='ocrx_word' id='word_1_593' title='bbox 2082 1458 2239 1513; x_wconf 87' lang='lat' dir='ltr'><strong>etiam</strong></span> <span class='ocrx_word' id='word_1_594' title='bbox 2260 1459 2363 1516; x_wconf 85' lang='lat' dir='ltr'><strong>ltoc</strong></span> <span class='ocrx_word' id='word_1_595' title='bbox 2389 1461 2630 1530; x_wconf 84' lang='lat' dir='ltr'><strong>adderet,</strong></span> <span class='ocrx_word' id='word_1_596' title='bbox 2667 1476 2727 1521; x_wconf 90' lang='lat' dir='ltr'><strong>ut</strong></span> <span class='ocrx_word' id='word_1_597' title='bbox 2751 1468 2971 1535; x_wconf 81' lang='lat' dir='ltr'><strong>diceret,</strong></span> <span class='ocrx_word' id='word_1_598' title='bbox 2993 1470 3208 1528; x_wconf 86' lang='lat' dir='ltr'><strong>Nullum</strong></span> <span class='ocrx_word' id='word_1_599' title='bbox 3228 1454 3421 1533; x_wconf 30' lang='lat' dir='ltr'><strong>&#39;ltabeo</strong></span> <span class='ocrx_word' id='word_1_600' title='bbox 3441 1479 3556 1549; x_wconf 84' lang='lat' dir='ltr'><strong>jam</strong></span> 
     </span>
    </p>
   </div>
   <div class='ocr_carea' id='block_1_76' title="bbox 1976 1551 3555 1628">
    <p class='ocr_par' dir='ltr' id='par_1_76' title="bbox 1976 1551 3555 1628">
     <span class='ocr_line' id='line_1_76' title="bbox 1976 1551 3555 1628; baseline 0.017 -30"><span class='ocrx_word' id='word_1_601' title='bbox 1976 1556 2254 1613; x_wconf 85' lang='lat' dir='ltr'><strong>peceatum</strong></span> <span class='ocrx_word' id='word_1_602' title='bbox 2288 1551 2428 1606; x_wconf 88' lang='lat' dir='ltr'><strong>:hoc</strong></span> <span class='ocrx_word' id='word_1_603' title='bbox 2453 1567 2666 1623; x_wconf 87' lang='lat' dir='ltr'><strong>quoque</strong></span> <span class='ocrx_word' id='word_1_604' title='bbox 2697 1556 2843 1612; x_wconf 86' lang='lat' dir='ltr'><strong>illum</strong></span> <span class='ocrx_word' id='word_1_605' title='bbox 2894 1560 3307 1628; x_wconf 85' lang='lat' dir='ltr'><strong>intelligeremus</strong></span> <span class='ocrx_word' id='word_1_606' title='bbox 3353 1583 3459 1623; x_wconf 85' lang='lat' dir='ltr'><strong>non</strong></span> <span class='ocrx_word' id='word_1_607' title='bbox 3486 1570 3555 1625; x_wconf 81' lang='lat' dir='ltr'><strong>de</strong></span> 
     </span>
    </p>
   </div>
   <div class='ocr_carea' id='block_1_77' title="bbox 1973 1637 3555 1719">
    <p class='ocr_par' dir='ltr' id='par_1_77' title="bbox 1973 1637 3555 1719">
     <span class='ocr_line' id='line_1_77' title="bbox 1973 1637 3555 1719; baseline 0.015 -29"><span class='ocrx_word' id='word_1_608' title='bbox 1973 1637 2050 1691; x_wconf 89' lang='lat' dir='ltr'><strong>rei</strong></span> <span class='ocrx_word' id='word_1_609' title='bbox 2078 1637 2249 1705; x_wconf 79' lang='lat' dir='ltr'><strong>factae,</strong></span> <span class='ocrx_word' id='word_1_610' title='bbox 2281 1642 2376 1696; x_wconf 83' lang='lat' dir='ltr'><strong>sed</strong></span> <span class='ocrx_word' id='word_1_611' title='bbox 2419 1643 2485 1697; x_wconf 90' lang='lat' dir='ltr'><strong>de</strong></span> <span class='ocrx_word' id='word_1_612' title='bbox 2509 1645 2588 1699; x_wconf 88' lang='lat' dir='ltr'><strong>rei</strong></span> <span class='ocrx_word' id='word_1_613' title='bbox 2630 1644 2821 1703; x_wconf 68' lang='lat' dir='ltr'><strong>futurae</strong></span> <span class='ocrx_word' id='word_1_614' title='bbox 2853 1650 3178 1719; x_wconf 85' lang='lat' dir='ltr'><strong>perfectione</strong></span> <span class='ocrx_word' id='word_1_615' title='bbox 3224 1654 3442 1712; x_wconf 80' lang='lat' dir='ltr'><strong>dixisse.</strong></span> <span class='ocrx_word' id='word_1_616' title='bbox 3464 1657 3555 1714; x_wconf 91' lang='lat' dir='ltr'><strong>Sic</strong></span> 
     </span>
    </p>
   </div>
   <div class='ocr_carea' id='block_1_78' title="bbox 1973 1728 3559 1817">
    <p class='ocr_par' dir='ltr' id='par_1_78' title="bbox 1973 1728 3559 1817">
     <span class='ocr_line' id='line_1_78' title="bbox 1973 1728 3559 1817; baseline 0.015 -34"><span class='ocrx_word' id='word_1_617' title='bbox 1973 1728 2115 1783; x_wconf 88' lang='lat' dir='ltr'><strong>enim</strong></span> <span class='ocrx_word' id='word_1_618' title='bbox 2165 1730 2231 1784; x_wconf 84' lang='lat' dir='ltr'><strong>ad</strong></span> <span class='ocrx_word' id='word_1_619' title='bbox 2268 1733 2431 1802; x_wconf 89' lang='lat' dir='ltr'><strong>ipsius</strong></span> <span class='ocrx_word' id='word_1_620' title='bbox 2480 1750 2667 1792; x_wconf 90' lang='lat' dir='ltr'><strong>cursus</strong></span> <span class='ocrx_word' id='word_1_621' title='bbox 2711 1743 3224 1800; x_wconf 88' lang='lat' dir='ltr'><strong>consummationem</strong></span> <span class='ocrx_word' id='word_1_622' title='bbox 3262 1749 3559 1817; x_wconf 83' lang='lat' dir='ltr'><strong>pertinebat</strong></span> 
     </span>
    </p>
   </div>
   <div class='ocr_carea' id='block_1_79' title="bbox 1973 1818 3551 1902">
    <p class='ocr_par' dir='ltr' id='par_1_79' title="bbox 1973 1818 3551 1902">
     <span class='ocr_line' id='line_1_79' title="bbox 1973 1818 3551 1902; baseline 0.016 -32"><span class='ocrx_word' id='word_1_623' title='bbox 1973 1818 2174 1874; x_wconf 89' lang='lat' dir='ltr'><strong>nullum</strong></span> <span class='ocrx_word' id='word_1_624' title='bbox 2203 1821 2396 1878; x_wconf 83' lang='lat' dir='ltr'><strong>habere</strong></span> <span class='ocrx_word' id='word_1_625' title='bbox 2427 1836 2723 1894; x_wconf 88' lang='lat' dir='ltr'><strong>peceatum,</strong></span> <span class='ocrx_word' id='word_1_626' title='bbox 2744 1829 2890 1899; x_wconf 82' lang='lat' dir='ltr'><strong>quod</strong></span> <span class='ocrx_word' id='word_1_627' title='bbox 2937 1832 3021 1887; x_wconf 80' lang='lat' dir='ltr'><strong>isti</strong></span> <span class='ocrx_word' id='word_1_628' title='bbox 3052 1844 3258 1902; x_wconf 85' lang='lat' dir='ltr'><strong>putant,</strong></span> <span class='ocrx_word' id='word_1_629' title='bbox 3285 1853 3405 1894; x_wconf 90' lang='lat' dir='ltr'><strong>cum</strong></span> <span class='ocrx_word' id='word_1_630' title='bbox 3435 1838 3551 1896; x_wconf 75' lang='lat' dir='ltr'><strong>lucc</strong></span> 
     </span>
    </p>
   </div>
   <div class='ocr_carea' id='block_1_80' title="bbox 1972 1911 3547 1998">
    <p class='ocr_par' dir='ltr' id='par_1_80' title="bbox 1972 1911 3547 1998">
     <span class='ocr_line' id='line_1_80' title="bbox 1972 1911 3547 1998; baseline 0.015 -34"><span class='ocrx_word' id='word_1_631' title='bbox 1972 1911 2192 1978; x_wconf 87' lang='lat' dir='ltr'><strong>diceret,</strong></span> <span class='ocrx_word' id='word_1_632' title='bbox 2220 1914 2329 1983; x_wconf 91' lang='lat' dir='ltr'><strong>jam</strong></span> <span class='ocrx_word' id='word_1_633' title='bbox 2388 1918 2439 1971; x_wconf 90' lang='lat' dir='ltr'><strong>in</strong></span> <span class='ocrx_word' id='word_1_634' title='bbox 2481 1919 2571 1973; x_wconf 92' lang='lat' dir='ltr'><strong>illo</strong></span> <span class='ocrx_word' id='word_1_635' title='bbox 2616 1919 2782 1977; x_wconf 89' lang='lat' dir='ltr'><strong>fuisse</strong></span> <span class='ocrx_word' id='word_1_636' title='bbox 2825 1927 3547 1998; x_wconf 81' lang='lat' dir='ltr'><strong>completum;quemadmo-</strong></span> 
     </span>
    </p>
   </div>
   <div class='ocr_carea' id='block_1_81' title="bbox 1971 2000 3556 2087">
    <p class='ocr_par' dir='ltr' id='par_1_81' title="bbox 1971 2000 3556 2087">
     <span class='ocr_line' id='line_1_81' title="bbox 1971 2000 3556 2087; baseline 0.015 -33"><span class='ocrx_word' id='word_1_637' title='bbox 1971 2000 2096 2056; x_wconf 90' lang='lat' dir='ltr'><strong>dum</strong></span> <span class='ocrx_word' id='word_1_638' title='bbox 2145 2003 2212 2057; x_wconf 89' lang='lat' dir='ltr'><strong>ad</strong></span> <span class='ocrx_word' id='word_1_639' title='bbox 2243 2005 2406 2074; x_wconf 89' lang='lat' dir='ltr'><strong>ipsius</strong></span> <span class='ocrx_word' id='word_1_640' title='bbox 2454 2023 2640 2063; x_wconf 89' lang='lat' dir='ltr'><strong>cursus</strong></span> <span class='ocrx_word' id='word_1_641' title='bbox 2691 2015 3204 2070; x_wconf 76' lang='lat' dir='ltr'><strong>consummationem</strong></span> <span class='ocrx_word' id='word_1_642' title='bbox 3254 2021 3556 2087; x_wconf 85' lang='lat' dir='ltr'><strong>pertinebat</strong></span> 
     </span>
    </p>
   </div>
   <div class='ocr_carea' id='block_1_82' title="bbox 1970 2091 3546 2178">
    <p class='ocr_par' dir='ltr' id='par_1_82' title="bbox 1970 2091 3546 2178">
     <span class='ocr_line' id='line_1_82' title="bbox 1970 2091 3546 2178; baseline 0.016 -36"><span class='ocrx_word' id='word_1_643' title='bbox 1970 2091 2129 2144; x_wconf 89' lang='lat' dir='ltr'><strong>etiam</strong></span> <span class='ocrx_word' id='word_1_644' title='bbox 2172 2095 2221 2146; x_wconf 93' lang='lat' dir='ltr'><strong>in</strong></span> <span class='ocrx_word' id='word_1_645' title='bbox 2251 2096 2542 2151; x_wconf 89' lang='lat' dir='ltr'><strong>certamine</strong></span> <span class='ocrx_word' id='word_1_646' title='bbox 2571 2100 2828 2166; x_wconf 85' lang='lat' dir='ltr'><strong>passionis</strong></span> <span class='ocrx_word' id='word_1_647' title='bbox 2853 2101 3221 2160; x_wconf 77' lang='lat' dir='ltr'><strong>adversarium</strong></span> <span class='ocrx_word' id='word_1_648' title='bbox 3266 2122 3546 2178; x_wconf 86' lang='lat' dir='ltr'><strong>superare,</strong></span> 
     </span>
    </p>
   </div>
   <div class='ocr_carea' id='block_1_83' title="bbox 1970 2184 3557 2261">
    <p class='ocr_par' dir='ltr' id='par_1_83' title="bbox 1970 2184 3557 2261">
     <span class='ocr_line' id='line_1_83' title="bbox 1970 2184 3557 2261; baseline 0.014 -26"><span class='ocrx_word' id='word_1_649' title='bbox 1970 2184 2110 2251; x_wconf 91' lang='lat' dir='ltr'><strong>quod</strong></span> <span class='ocrx_word' id='word_1_650' title='bbox 2132 2186 2290 2239; x_wconf 88' lang='lat' dir='ltr'><strong>etiam</strong></span> <span class='ocrx_word' id='word_1_651' title='bbox 2321 2188 2417 2256; x_wconf 89' lang='lat' dir='ltr'><strong>ipsi</strong></span> <span class='ocrx_word' id='word_1_652' title='bbox 2446 2204 2667 2246; x_wconf 83' lang='lat' dir='ltr'><strong>necesse</strong></span> <span class='ocrx_word' id='word_1_653' title='bbox 2692 2200 2774 2246; x_wconf 87' lang='lat' dir='ltr'><strong>est</strong></span> <span class='ocrx_word' id='word_1_654' title='bbox 2802 2192 3082 2261; x_wconf 84' lang='lat' dir='ltr'><strong>fateantur,</strong></span> <span class='ocrx_word' id='word_1_655' title='bbox 3112 2213 3233 2254; x_wconf 91' lang='lat' dir='ltr'><strong>cum</strong></span> <span class='ocrx_word' id='word_1_656' title='bbox 3270 2201 3384 2255; x_wconf 72' lang='lat' dir='ltr'><strong>lucc</strong></span> <span class='ocrx_word' id='word_1_657' title='bbox 3404 2201 3557 2258; x_wconf 82' lang='lat' dir='ltr'><strong>dice-</strong></span> 
     </span>
    </p>
   </div>
   <div class='ocr_carea' id='block_1_84' title="bbox 1971 2277 3547 2362">
    <p class='ocr_par' dir='ltr' id='par_1_84' title="bbox 1971 2277 3547 2362">
     <span class='ocr_line' id='line_1_84' title="bbox 1971 2277 3547 2362; baseline 0.013 -34"><span class='ocrx_word' id='word_1_658' title='bbox 1971 2285 2070 2339; x_wconf 86' lang='lat' dir='ltr'><strong>ret,</strong></span> <span class='ocrx_word' id='word_1_659' title='bbox 2101 2277 2272 2333; x_wconf 76' lang='lat' dir='ltr'><strong>atllutc</strong></span> <span class='ocrx_word' id='word_1_660' title='bbox 2296 2279 2348 2333; x_wconf 89' lang='lat' dir='ltr'><strong>in</strong></span> <span class='ocrx_word' id='word_1_661' title='bbox 2372 2280 2464 2334; x_wconf 92' lang='lat' dir='ltr'><strong>illo</strong></span> <span class='ocrx_word' id='word_1_662' title='bbox 2482 2278 2644 2337; x_wconf 88' lang='lat' dir='ltr'><strong>fuisse</strong></span> <span class='ocrx_word' id='word_1_663' title='bbox 2666 2285 3038 2355; x_wconf 86' lang='lat' dir='ltr'><strong>complendum</strong></span> <span class='ocrx_word' id='word_1_664' title='bbox 3064 2307 3078 2343; x_wconf 89' lang='lat'><strong>:</strong></span> <span class='ocrx_word' id='word_1_665' title='bbox 3107 2290 3207 2344; x_wconf 91' lang='lat' dir='ltr'><strong>hoc</strong></span> <span class='ocrx_word' id='word_1_666' title='bbox 3226 2307 3355 2362; x_wconf 85' lang='lat' dir='ltr'><strong>ergo</strong></span> <span class='ocrx_word' id='word_1_667' title='bbox 3377 2300 3547 2347; x_wconf 82' lang='lat' dir='ltr'><strong>totum</strong></span> 
     </span>
    </p>
   </div>
   <div class='ocr_carea' id='block_1_85' title="bbox 1970 2367 3546 2452">
    <p class='ocr_par' dir='ltr' id='par_1_85' title="bbox 1970 2367 3546 2452">
     <span class='ocr_line' id='line_1_85' title="bbox 1970 2367 3546 2452; baseline 0.013 -33"><span class='ocrx_word' id='word_1_668' title='bbox 1970 2380 2069 2421; x_wconf 90' lang='lat' dir='ltr'><strong>nos</strong></span> <span class='ocrx_word' id='word_1_669' title='bbox 2096 2367 2321 2426; x_wconf 89' lang='lat' dir='ltr'><strong>dicimus</strong></span> <span class='ocrx_word' id='word_1_670' title='bbox 2344 2379 2468 2425; x_wconf 89' lang='lat' dir='ltr'><strong>tunc</strong></span> <span class='ocrx_word' id='word_1_671' title='bbox 2496 2371 2657 2428; x_wconf 72' lang='lat' dir='ltr'><strong>fuisse</strong></span> <span class='ocrx_word' id='word_1_672' title='bbox 2683 2374 2859 2430; x_wconf 86' lang='lat' dir='ltr'><strong>adhuc</strong></span> <span class='ocrx_word' id='word_1_673' title='bbox 2888 2378 3285 2447; x_wconf 77' lang='lat' dir='ltr'><strong>perﬁciendum,</strong></span> <span class='ocrx_word' id='word_1_674' title='bbox 3332 2385 3546 2452; x_wconf 85' lang='lat' dir='ltr'><strong>quando</strong></span> 
     </span>
    </p>
   </div>
   <div class='ocr_carea' id='block_1_86' title="bbox 1964 2454 3554 2534">
    <p class='ocr_par' dir='ltr' id='par_1_86' title="bbox 1964 2454 3554 2534">
     <span class='ocr_line' id='line_1_86' title="bbox 1964 2454 3554 2534; baseline 0.013 -26"><span class='ocrx_word' id='word_1_675' title='bbox 1964 2454 2073 2526; x_wconf 87' lang='lat' dir='ltr'><strong>jam</strong></span> <span class='ocrx_word' id='word_1_676' title='bbox 2104 2457 2171 2513; x_wconf 89' lang='lat' dir='ltr'><strong>de</strong></span> <span class='ocrx_word' id='word_1_677' title='bbox 2202 2459 2290 2514; x_wconf 90' lang='lat' dir='ltr'><strong>Dei</strong></span> <span class='ocrx_word' id='word_1_678' title='bbox 2320 2461 2674 2530; x_wconf 88' lang='lat' dir='ltr'><strong>promissione</strong></span> <span class='ocrx_word' id='word_1_679' title='bbox 2717 2465 2997 2534; x_wconf 78' lang='lat' dir='ltr'><strong>przelldens</strong></span> <span class='ocrx_word' id='word_1_680' title='bbox 3024 2475 3191 2524; x_wconf 89' lang='lat' dir='ltr'><strong>totum</strong></span> <span class='ocrx_word' id='word_1_681' title='bbox 3239 2471 3311 2526; x_wconf 89' lang='lat' dir='ltr'><strong>ita</strong></span> <span class='ocrx_word' id='word_1_682' title='bbox 3339 2472 3554 2529; x_wconf 86' lang='lat' dir='ltr'><strong>dicebat</strong></span> 
     </span>
    </p>
   </div>
   <div class='ocr_carea' id='block_1_87' title="bbox 1972 2548 3559 2630">
    <p class='ocr_par' dir='ltr' id='par_1_87' title="bbox 1972 2548 3559 2630">
     <span class='ocr_line' id='line_1_87' title="bbox 1972 2548 3559 2630; baseline 0.011 -30"><span class='ocrx_word' id='word_1_683' title='bbox 1972 2555 2219 2617; x_wconf 86' lang='lat' dir='ltr'><strong>tanquam</strong></span> <span class='ocrx_word' id='word_1_684' title='bbox 2265 2548 2450 2607; x_wconf 89' lang='lat' dir='ltr'><strong>fuisset</strong></span> <span class='ocrx_word' id='word_1_685' title='bbox 2502 2552 2767 2608; x_wconf 82' lang='lat' dir='ltr'><strong>effectum.</strong></span> <span class='ocrx_word' id='word_1_686' title='bbox 2794 2553 2874 2610; x_wconf 85' lang='lat' dir='ltr'><strong>Ad</strong></span> <span class='ocrx_word' id='word_1_687' title='bbox 2914 2556 3083 2627; x_wconf 88' lang='lat' dir='ltr'><strong>ipsius</strong></span> <span class='ocrx_word' id='word_1_688' title='bbox 3119 2560 3315 2630; x_wconf 88' lang='lat' dir='ltr'><strong>quippe</strong></span> <span class='ocrx_word' id='word_1_689' title='bbox 3366 2577 3559 2620; x_wconf 83' lang='lat' dir='ltr'><strong>cursus</strong></span> 
     </span>
    </p>
   </div>
   <div class='ocr_carea' id='block_1_88' title="bbox 1968 2641 3546 2721">
    <p class='ocr_par' dir='ltr' id='par_1_88' title="bbox 1968 2641 3546 2721">
     <span class='ocr_line' id='line_1_88' title="bbox 1968 2641 3546 2721; baseline 0.01 -29"><span class='ocrx_word' id='word_1_690' title='bbox 1968 2641 2480 2697; x_wconf 87' lang='lat' dir='ltr'><strong>consummationem</strong></span> <span class='ocrx_word' id='word_1_691' title='bbox 2528 2646 2863 2713; x_wconf 79' lang='lat' dir='ltr'><strong>pertinebat,</strong></span> <span class='ocrx_word' id='word_1_692' title='bbox 2911 2649 3070 2702; x_wconf 79' lang='lat' dir='ltr'><strong>e:iam</strong></span> <span class='ocrx_word' id='word_1_693' title='bbox 3126 2652 3267 2720; x_wconf 83' lang='lat' dir='ltr'><strong>quod</strong></span> <span class='ocrx_word' id='word_1_694' title='bbox 3328 2662 3546 2721; x_wconf 87' lang='lat' dir='ltr'><strong>peccata</strong></span> 
     </span>
    </p>
   </div>
   <div class='ocr_carea' id='block_1_89' title="bbox 1968 2727 3556 2805">
    <p class='ocr_par' dir='ltr' id='par_1_89' title="bbox 1968 2727 3556 2805">
     <span class='ocr_line' id='line_1_89' title="bbox 1968 2727 3556 2805; baseline 0.009 -24"><span class='ocrx_word' id='word_1_695' title='bbox 1968 2727 2268 2783; x_wconf 86' lang='lat' dir='ltr'><strong>dimittebat</strong></span> <span class='ocrx_word' id='word_1_696' title='bbox 2309 2730 2641 2788; x_wconf 86' lang='lat' dir='ltr'><strong>debitoribus</strong></span> <span class='ocrx_word' id='word_1_697' title='bbox 2674 2735 2802 2798; x_wconf 85' lang='lat' dir='ltr'><strong>suis.</strong></span> <span class='ocrx_word' id='word_1_698' title='bbox 2834 2743 2995 2805; x_wconf 86' lang='lat' dir='ltr'><strong>atque</strong></span> <span class='ocrx_word' id='word_1_699' title='bbox 3035 2738 3102 2791; x_wconf 81' lang='lat' dir='ltr'><strong>ita</strong></span> <span class='ocrx_word' id='word_1_700' title='bbox 3145 2739 3248 2793; x_wconf 88' lang='lat' dir='ltr'><strong>sibi</strong></span> <span class='ocrx_word' id='word_1_701' title='bbox 3278 2751 3335 2793; x_wconf 84' lang='lat' dir='ltr'><strong>ut</strong></span> <span class='ocrx_word' id='word_1_702' title='bbox 3371 2741 3556 2795; x_wconf 85' lang='lat' dir='ltr'><strong>dimit-</strong></span> 
     </span>
    </p>
   </div>
   <div class='ocr_carea' id='block_1_90' title="bbox 1971 2822 3554 2896">
    <p class='ocr_par' dir='ltr' id='par_1_90' title="bbox 1971 2822 3554 2896">
     <span class='ocr_line' id='line_1_90' title="bbox 1971 2822 3554 2896; baseline 0.006 -21"><span class='ocrx_word' id='word_1_703' title='bbox 1971 2828 2172 2875; x_wconf 85' lang='lat' dir='ltr'><strong>teretur</strong></span> <span class='ocrx_word' id='word_1_704' title='bbox 2199 2822 2383 2876; x_wconf 88' lang='lat' dir='ltr'><strong>orabat</strong></span> <span class='ocrx_word' id='word_1_705' title='bbox 2406 2824 2427 2855; x_wconf 80' lang='grc'>⁸</span> <span class='ocrx_word' id='word_1_706' title='bbox 2458 2839 2599 2894; x_wconf 89' lang='lat' dir='ltr'><strong>:qua</strong></span> <span class='ocrx_word' id='word_1_707' title='bbox 2642 2824 2847 2879; x_wconf 88' lang='lat' dir='ltr'><strong>Domini</strong></span> <span class='ocrx_word' id='word_1_708' title='bbox 2892 2827 3274 2896; x_wconf 70' lang='lat' dir='ltr'><strong>pollicitatione</strong></span> <span class='ocrx_word' id='word_1_709' title='bbox 3314 2831 3554 2885; x_wconf 82' lang='lat' dir='ltr'><strong>certissi-</strong></span> 
     </span>
    </p>
   </div>
   <div class='ocr_carea' id='block_1_91' title="bbox 1969 2912 3557 2989">
    <p class='ocr_par' dir='ltr' id='par_1_91' title="bbox 1969 2912 3557 2989">
     <span class='ocr_line' id='line_1_91' title="bbox 1969 2912 3557 2989; baseline 0.009 -26"><span class='ocrx_word' id='word_1_710' title='bbox 1969 2925 2088 2966; x_wconf 91' lang='lat' dir='ltr'><strong>mus</strong></span> <span class='ocrx_word' id='word_1_711' title='bbox 2109 2921 2241 2976; x_wconf 89' lang='lat' dir='ltr'><strong>erat,</strong></span> <span class='ocrx_word' id='word_1_712' title='bbox 2270 2912 2323 2969; x_wconf 88' lang='lat' dir='ltr'><strong>in</strong></span> <span class='ocrx_word' id='word_1_713' title='bbox 2344 2912 2436 2967; x_wconf 88' lang='lat' dir='ltr'><strong>illo</strong></span> <span class='ocrx_word' id='word_1_714' title='bbox 2456 2913 2582 2981; x_wconf 90' lang='lat' dir='ltr'><strong>line,</strong></span> <span class='ocrx_word' id='word_1_715' title='bbox 2611 2929 2767 2984; x_wconf 87' lang='lat' dir='ltr'><strong>quem</strong></span> <span class='ocrx_word' id='word_1_716' title='bbox 2784 2915 2956 2971; x_wconf 85' lang='lat' dir='ltr'><strong>adhuc</strong></span> <span class='ocrx_word' id='word_1_717' title='bbox 2978 2916 3210 2973; x_wconf 87' lang='lat' dir='ltr'><strong>futurum</strong></span> <span class='ocrx_word' id='word_1_718' title='bbox 3230 2919 3339 2989; x_wconf 88' lang='lat' dir='ltr'><strong>jam</strong></span> <span class='ocrx_word' id='word_1_719' title='bbox 3387 2920 3557 2978; x_wconf 77' lang='lat' dir='ltr'><strong>fiden-</strong></span> 
     </span>
    </p>
   </div>
   <div class='ocr_carea' id='block_1_92' title="bbox 1969 3002 3556 3084">
    <p class='ocr_par' dir='ltr' id='par_1_92' title="bbox 1969 3002 3556 3084">
     <span class='ocr_line' id='line_1_92' title="bbox 1969 3002 3556 3084; baseline 0.008 -27"><span class='ocrx_word' id='word_1_720' title='bbox 1969 3002 2269 3059; x_wconf 70' lang='lat' dir='ltr'><strong>dtrdicebat</strong></span> <span class='ocrx_word' id='word_1_721' title='bbox 2298 3005 2595 3074; x_wconf 87' lang='lat' dir='ltr'><strong>impletum,</strong></span> <span class='ocrx_word' id='word_1_722' title='bbox 2624 3007 2829 3062; x_wconf 88' lang='lat' dir='ltr'><strong>nullum</strong></span> <span class='ocrx_word' id='word_1_723' title='bbox 2870 3021 2930 3063; x_wconf 89' lang='lat' dir='ltr'><strong>se</strong></span> <span class='ocrx_word' id='word_1_724' title='bbox 2953 3009 3252 3067; x_wconf 88' lang='lat' dir='ltr'><strong>habiturum</strong></span> <span class='ocrx_word' id='word_1_725' title='bbox 3280 3027 3404 3068; x_wconf 87' lang='lat' dir='ltr'><strong>esse</strong></span> <span class='ocrx_word' id='word_1_726' title='bbox 3430 3028 3556 3084; x_wconf 87' lang='lat' dir='ltr'><strong>pec-</strong></span> 
     </span>
    </p>
   </div>
   <div class='ocr_carea' id='block_1_93' title="bbox 1968 3096 3546 3166">
    <p class='ocr_par' dir='ltr' id='par_1_93' title="bbox 1968 3096 3546 3166">
     <span class='ocr_line' id='line_1_93' title="bbox 1968 3096 3546 3166; baseline 0.008 -18"><span class='ocrx_word' id='word_1_727' title='bbox 1968 3104 2167 3149; x_wconf 84' lang='lat' dir='ltr'><strong>catum.</strong></span> <span class='ocrx_word' id='word_1_728' title='bbox 2200 3096 2353 3163; x_wconf 88' lang='lat' dir='ltr'><strong>Nam,</strong></span> <span class='ocrx_word' id='word_1_729' title='bbox 2388 3107 2444 3151; x_wconf 91' lang='lat' dir='ltr'><strong>ut</strong></span> <span class='ocrx_word' id='word_1_730' title='bbox 2492 3097 2593 3153; x_wconf 88' lang='lat' dir='ltr'><strong>alia</strong></span> <span class='ocrx_word' id='word_1_731' title='bbox 2636 3099 2900 3166; x_wconf 89' lang='lat' dir='ltr'><strong>omittam,</strong></span> <span class='ocrx_word' id='word_1_732' title='bbox 2949 3101 3114 3157; x_wconf 88' lang='lat' dir='ltr'><strong>miror</strong></span> <span class='ocrx_word' id='word_1_733' title='bbox 3142 3104 3185 3157; x_wconf 91' lang='lat' dir='ltr'><strong>si</strong></span> <span class='ocrx_word' id='word_1_734' title='bbox 3213 3120 3334 3158; x_wconf 88' lang='lat' dir='ltr'><strong>cum</strong></span> <span class='ocrx_word' id='word_1_735' title='bbox 3380 3105 3546 3161; x_wconf 80' lang='lat' dir='ltr'><strong>verba</strong></span> 
     </span>
    </p>
   </div>
   <div class='ocr_carea' id='block_1_94' title="bbox 1968 3189 3556 3259">
    <p class='ocr_par' dir='ltr' id='par_1_94' title="bbox 1968 3189 3556 3259">
     <span class='ocr_line' id='line_1_94' title="bbox 1968 3189 3556 3259; baseline 0.008 -18"><span class='ocrx_word' id='word_1_736' title='bbox 1968 3189 2054 3242; x_wconf 91' lang='lat' dir='ltr'><strong>illa</strong></span> <span class='ocrx_word' id='word_1_737' title='bbox 2099 3189 2325 3252; x_wconf 84' lang='lat' dir='ltr'><strong>diccbat,</strong></span> <span class='ocrx_word' id='word_1_738' title='bbox 2371 3206 2464 3259; x_wconf 86' lang='lat' dir='ltr'><strong>per</strong></span> <span class='ocrx_word' id='word_1_739' title='bbox 2513 3204 2629 3259; x_wconf 67' lang='lat' dir='ltr'><strong>qua:</strong></span> <span class='ocrx_word' id='word_1_740' title='bbox 2671 3191 2786 3246; x_wconf 91' lang='lat' dir='ltr'><strong>istis</strong></span> <span class='ocrx_word' id='word_1_741' title='bbox 2833 3193 2979 3248; x_wconf 83' lang='lat' dir='ltr'><strong>visus</strong></span> <span class='ocrx_word' id='word_1_742' title='bbox 3016 3203 3100 3248; x_wconf 88' lang='lat' dir='ltr'><strong>est</strong></span> <span class='ocrx_word' id='word_1_743' title='bbox 3124 3196 3326 3251; x_wconf 86' lang='lat' dir='ltr'><strong>nullum</strong></span> <span class='ocrx_word' id='word_1_744' title='bbox 3346 3197 3556 3253; x_wconf 83' lang='lat' dir='ltr'><strong>habuis-</strong></span> 
     </span>
    </p>
   </div>
   <div class='ocr_carea' id='block_1_95' title="bbox 1969 3282 3548 3351">
    <p class='ocr_par' dir='ltr' id='par_1_95' title="bbox 1969 3282 3548 3351">
     <span class='ocr_line' id='line_1_95' title="bbox 1969 3282 3548 3351; baseline 0.008 -18"><span class='ocrx_word' id='word_1_745' title='bbox 1969 3294 2027 3334; x_wconf 88' lang='lat' dir='ltr'><strong>se</strong></span> <span class='ocrx_word' id='word_1_746' title='bbox 2054 3292 2354 3350; x_wconf 86' lang='lat' dir='ltr'><strong>peceatum,</strong></span> <span class='ocrx_word' id='word_1_747' title='bbox 2382 3282 2490 3351; x_wconf 89' lang='lat' dir='ltr'><strong>jam</strong></span> <span class='ocrx_word' id='word_1_748' title='bbox 2522 3283 2692 3337; x_wconf 83' lang='lat' dir='ltr'><strong>fuerat</strong></span> <span class='ocrx_word' id='word_1_749' title='bbox 2718 3283 2788 3338; x_wconf 90' lang='lat' dir='ltr'><strong>ab</strong></span> <span class='ocrx_word' id='word_1_750' title='bbox 2817 3285 2910 3339; x_wconf 91' lang='lat' dir='ltr'><strong>illo</strong></span> <span class='ocrx_word' id='word_1_751' title='bbox 2945 3286 3153 3341; x_wconf 90' lang='lat' dir='ltr'><strong>ablatus</strong></span> <span class='ocrx_word' id='word_1_752' title='bbox 3188 3287 3278 3344; x_wconf 88' lang='lat' dir='ltr'><strong>ille</strong></span> <span class='ocrx_word' id='word_1_753' title='bbox 3299 3291 3548 3345; x_wconf 88' lang='lat' dir='ltr'><strong>stimulus</strong></span> 
     </span>
    </p>
   </div>
   <div class='ocr_carea' id='block_1_96' title="bbox 1966 3361 3537 3449">
    <p class='ocr_par' dir='ltr' id='par_1_96' title="bbox 1966 3361 3537 3449">
     <span class='ocr_line' id='line_1_96' title="bbox 1966 3361 3537 3449; baseline 0.006 -25"><span class='ocrx_word' id='word_1_754' title='bbox 1966 3370 2163 3435; x_wconf 83' lang='lat' dir='ltr'><strong>carnis,</strong></span> <span class='ocrx_word' id='word_1_755' title='bbox 2184 3369 2251 3425; x_wconf 89' lang='lat' dir='ltr'><strong>de</strong></span> <span class='ocrx_word' id='word_1_756' title='bbox 2276 3387 2383 3440; x_wconf 89' lang='lat' dir='ltr'><strong>quo</strong></span> <span class='ocrx_word' id='word_1_757' title='bbox 2403 3387 2429 3422; x_wconf 88' lang='lat' dir='ltr'><strong>a</strong></span> <span class='ocrx_word' id='word_1_758' title='bbox 2454 3372 2816 3429; x_wconf 88' lang='lat' dir='ltr'><strong>seauferendo</strong></span> <span class='ocrx_word' id='word_1_759' title='bbox 2845 3376 3123 3430; x_wconf 87' lang='lat' dir='ltr'><strong>Domiuttm</strong></span> <span class='ocrx_word' id='word_1_760' title='bbox 3151 3361 3537 3449; x_wconf 79' lang='lat' dir='ltr'><strong>terrogaverat,</strong></span> 
     </span>
    </p>
   </div>
   <div class='ocr_carea' id='block_1_97' title="bbox 1968 3465 3536 3539">
    <p class='ocr_par' dir='ltr' id='par_1_97' title="bbox 1968 3465 3536 3539">
     <span class='ocr_line' id='line_1_97' title="bbox 1968 3465 3536 3539; baseline 0.01 -28"><span class='ocrx_word' id='word_1_761' title='bbox 1968 3473 2387 3530; x_wconf 87' lang='lat' dir='ltr'><strong>responsumque</strong></span> <span class='ocrx_word' id='word_1_762' title='bbox 2431 3473 2746 3532; x_wconf 84' lang='lat' dir='ltr'><strong>acceperat,</strong></span> <span class='ocrx_word' id='word_1_763' title='bbox 2804 3465 3001 3535; x_wconf 66' lang='lat' dir='ltr'><strong>Suﬁicit</strong></span> <span class='ocrx_word' id='word_1_764' title='bbox 3047 3467 3135 3521; x_wconf 84' lang='lat' dir='ltr'><strong>tibi</strong></span> <span class='ocrx_word' id='word_1_765' title='bbox 3178 3471 3345 3539; x_wconf 82' lang='lat' dir='ltr'><strong>gratia</strong></span> <span class='ocrx_word' id='word_1_766' title='bbox 3380 3488 3536 3527; x_wconf 87' lang='lat' dir='ltr'><strong>mea:</strong></span> 
     </span>
    </p>
   </div>
   <div class='ocr_carea' id='block_1_98' title="bbox 1967 3551 3549 3633">
    <p class='ocr_par' dir='ltr' id='par_1_98' title="bbox 1967 3551 3549 3633">
     <span class='ocr_line' id='line_1_98' title="bbox 1967 3551 3549 3633; baseline 0.009 -29"><span class='ocrx_word' id='word_1_767' title='bbox 1967 3567 2087 3604; x_wconf 81' lang='lat' dir='ltr'><strong>nam</strong></span> <span class='ocrx_word' id='word_1_768' title='bbox 2114 3551 2279 3604; x_wconf 85' lang='lat' dir='ltr'><strong>virtus</strong></span> <span class='ocrx_word' id='word_1_769' title='bbox 2324 3552 2376 3606; x_wconf 86' lang='lat' dir='ltr'><strong>in</strong></span> <span class='ocrx_word' id='word_1_770' title='bbox 2403 3554 2696 3622; x_wconf 80' lang='lat' dir='ltr'><strong>inﬁrmitate</strong></span> <span class='ocrx_word' id='word_1_771' title='bbox 2723 3557 2981 3624; x_wconf 81' lang='lat' dir='ltr'><strong>perﬁcitur</strong></span> <span class='ocrx_word' id='word_1_772' title='bbox 3006 3558 3025 3628; x_wconf 94' lang='lat'>(</span> <span class='ocrx_word' id='word_1_773' title='bbox 3049 3558 3088 3611; x_wconf 88' lang='grc'><strong>11</strong></span> <span class='ocrx_word' id='word_1_774' title='bbox 3117 3558 3235 3613; x_wconf 81' lang='lat' dir='ltr'><strong>Cor.</strong></span> <span class='ocrx_word' id='word_1_775' title='bbox 3266 3577 3359 3627; x_wconf 78' lang='lat' dir='ltr'><strong>xu,</strong></span> <span class='ocrx_word' id='word_1_776' title='bbox 3383 3563 3478 3618; x_wconf 87' lang='lat'><strong>7-9</strong></span> <span class='ocrx_word' id='word_1_777' title='bbox 3500 3566 3549 3633; x_wconf 77' lang='lat'><strong>).</strong></span> 
     </span>
    </p>
   </div>
   <div class='ocr_carea' id='block_1_99' title="bbox 1968 3639 3556 3713">
    <p class='ocr_par' dir='ltr' id='par_1_99' title="bbox 1968 3639 3556 3713">
     <span class='ocr_line' id='line_1_99' title="bbox 1968 3639 3556 3713; baseline 0.009 -20"><span class='ocrx_word' id='word_1_778' title='bbox 1968 3639 2103 3695; x_wconf 75' lang='lat' dir='ltr'><strong>Huic</strong></span> <span class='ocrx_word' id='word_1_779' title='bbox 2143 3648 2289 3695; x_wconf 91' lang='lat' dir='ltr'><strong>tanto</strong></span> <span class='ocrx_word' id='word_1_780' title='bbox 2329 3643 2443 3695; x_wconf 84' lang='lat' dir='ltr'><strong>viro</strong></span> <span class='ocrx_word' id='word_1_781' title='bbox 2470 3644 2793 3712; x_wconf 77' lang='lat' dir='ltr'><strong>perﬁciendo</strong></span> <span class='ocrx_word' id='word_1_782' title='bbox 2834 3647 3194 3702; x_wconf 84' lang='lat' dir='ltr'><strong>necessarium</strong></span> <span class='ocrx_word' id='word_1_783' title='bbox 3237 3649 3352 3713; x_wconf 86' lang='lat' dir='ltr'><strong>fuit,</strong></span> <span class='ocrx_word' id='word_1_784' title='bbox 3385 3661 3441 3705; x_wconf 91' lang='lat' dir='ltr'><strong>ut</strong></span> <span class='ocrx_word' id='word_1_785' title='bbox 3480 3655 3556 3709; x_wconf 83' lang='lat' dir='ltr'><strong>ab</strong></span> 
     </span>
    </p>
   </div>
   <div class='ocr_carea' id='block_1_100' title="bbox 1967 3729 3546 3810">
    <p class='ocr_par' dir='ltr' id='par_1_100' title="bbox 1967 3729 3546 3810">
     <span class='ocr_line' id='line_1_100' title="bbox 1967 3729 3546 3810; baseline 0.009 -27"><span class='ocrx_word' id='word_1_786' title='bbox 1967 3729 2058 3783; x_wconf 89' lang='lat' dir='ltr'><strong>illo</strong></span> <span class='ocrx_word' id='word_1_787' title='bbox 2081 3731 2298 3800; x_wconf 75' lang='lat' dir='ltr'><strong>angelus</strong></span> <span class='ocrx_word' id='word_1_788' title='bbox 2325 3740 2523 3787; x_wconf 60' lang='lat' dir='ltr'><strong>satanas</strong></span> <span class='ocrx_word' id='word_1_789' title='bbox 2561 3748 2664 3787; x_wconf 85' lang='lat' dir='ltr'><strong>non</strong></span> <span class='ocrx_word' id='word_1_790' title='bbox 2709 3734 3024 3800; x_wconf 79' lang='lat' dir='ltr'><strong>auferretur,</strong></span> <span class='ocrx_word' id='word_1_791' title='bbox 3052 3751 3081 3789; x_wconf 90' lang='lat' dir='ltr'><strong>a</strong></span> <span class='ocrx_word' id='word_1_792' title='bbox 3113 3752 3222 3807; x_wconf 86' lang='lat' dir='ltr'><strong>quo</strong></span> <span class='ocrx_word' id='word_1_793' title='bbox 3269 3751 3546 3810; x_wconf 88' lang='lat' dir='ltr'><strong>propterea</strong></span> 
     </span>
    </p>
   </div>
   <div class='ocr_carea' id='block_1_101' title="bbox 1966 3820 3547 3895">
    <p class='ocr_par' dir='ltr' id='par_1_101' title="bbox 1966 3820 3547 3895">
     <span class='ocr_line' id='line_1_101' title="bbox 1966 3820 3547 3895; baseline 0.009 -20"><span class='ocrx_word' id='word_1_794' title='bbox 1966 3820 2410 3891; x_wconf 81' lang='lat' dir='ltr'><strong>colapltizabatur,</strong></span> <span class='ocrx_word' id='word_1_795' title='bbox 2455 3840 2521 3879; x_wconf 88' lang='lat' dir='ltr'><strong>ne</strong></span> <span class='ocrx_word' id='word_1_796' title='bbox 2552 3826 2912 3895; x_wconf 87' lang='lat' dir='ltr'><strong>magnitudine</strong></span> <span class='ocrx_word' id='word_1_797' title='bbox 2958 3828 3220 3884; x_wconf 83' lang='lat' dir='ltr'><strong>visionum</strong></span> <span class='ocrx_word' id='word_1_798' title='bbox 3258 3833 3547 3890; x_wconf 80' lang='lat' dir='ltr'><strong>extollere-</strong></span> 
     </span>
    </p>
   </div>
   <div class='ocr_carea' id='block_1_102' title="bbox 1965 3913 3542 3990">
    <p class='ocr_par' dir='ltr' id='par_1_102' title="bbox 1965 3913 3542 3990">
     <span class='ocr_line' id='line_1_102' title="bbox 1965 3913 3542 3990; baseline 0.008 -25"><span class='ocrx_word' id='word_1_799' title='bbox 1965 3920 2051 3966; x_wconf 87' lang='lat' dir='ltr'><strong>tttr</strong></span> <span class='ocrx_word' id='word_1_800' title='bbox 2077 3929 2092 3967; x_wconf 91' lang='lat'><strong>:</strong></span> <span class='ocrx_word' id='word_1_801' title='bbox 2121 3913 2350 3968; x_wconf 83' lang='lat' dir='ltr'><strong>claudet</strong></span> <span class='ocrx_word' id='word_1_802' title='bbox 2387 3916 2687 3984; x_wconf 88' lang='lat' dir='ltr'><strong>quisquam,</strong></span> <span class='ocrx_word' id='word_1_803' title='bbox 2731 3932 3049 3987; x_wconf 88' lang='lat' dir='ltr'><strong>quemquam</strong></span> <span class='ocrx_word' id='word_1_804' title='bbox 3094 3920 3181 3975; x_wconf 88' lang='lat' dir='ltr'><strong>vel</strong></span> <span class='ocrx_word' id='word_1_805' title='bbox 3229 3930 3412 3990; x_wconf 83' lang='lat' dir='ltr'><strong>putare</strong></span> <span class='ocrx_word' id='word_1_806' title='bbox 3457 3925 3542 3978; x_wconf 84' lang='lat' dir='ltr'><strong>vel</strong></span> 
     </span>
    </p>
   </div>
   <div class='ocr_carea' id='block_1_103' title="bbox 1962 4002 3543 4077">
    <p class='ocr_par' dir='ltr' id='par_1_103' title="bbox 1962 4002 3543 4077">
     <span class='ocr_line' id='line_1_103' title="bbox 1962 4002 3543 4077; baseline 0.008 -19"><span class='ocrx_word' id='word_1_807' title='bbox 1962 4002 2142 4059; x_wconf 79' lang='lat' dir='ltr'><strong>dicere</strong></span> <span class='ocrx_word' id='word_1_808' title='bbox 2171 4005 2398 4073; x_wconf 89' lang='lat' dir='ltr'><strong>positum</strong></span> <span class='ocrx_word' id='word_1_809' title='bbox 2417 4007 2515 4061; x_wconf 83' lang='lat' dir='ltr'><strong>sub</strong></span> <span class='ocrx_word' id='word_1_810' title='bbox 2547 4021 2712 4061; x_wconf 87' lang='lat' dir='ltr'><strong>onere</strong></span> <span class='ocrx_word' id='word_1_811' title='bbox 2742 4009 2898 4077; x_wconf 86' lang='lat' dir='ltr'><strong>hujus</strong></span> <span class='ocrx_word' id='word_1_812' title='bbox 2929 4010 3055 4065; x_wconf 68' lang='lat' dir='ltr'><strong>vita:</strong></span> <span class='ocrx_word' id='word_1_813' title='bbox 3079 4012 3147 4064; x_wconf 88' lang='lat' dir='ltr'><strong>ab</strong></span> <span class='ocrx_word' id='word_1_814' title='bbox 3183 4014 3329 4066; x_wconf 92' lang='lat' dir='ltr'><strong>omni</strong></span> <span class='ocrx_word' id='word_1_815' title='bbox 3366 4016 3543 4071; x_wconf 89' lang='lat' dir='ltr'><strong>omni-</strong></span> 
     </span>
    </p>
   </div>
   <div class='ocr_carea' id='block_1_104' title="bbox 1964 4097 2752 4166">
    <p class='ocr_par' dir='ltr' id='par_1_104' title="bbox 1964 4097 2752 4166">
     <span class='ocr_line' id='line_1_104' title="bbox 1964 4097 2752 4166; baseline 0.003 -17"><span class='ocrx_word' id='word_1_816' title='bbox 1964 4109 2036 4150; x_wconf 91' lang='lat' dir='ltr'><strong>no</strong></span> <span class='ocrx_word' id='word_1_817' title='bbox 2061 4097 2317 4151; x_wconf 91' lang='lat' dir='ltr'><strong>mundum</strong></span> <span class='ocrx_word' id='word_1_818' title='bbox 2343 4112 2462 4152; x_wconf 86' lang='lat' dir='ltr'><strong>esse</strong></span> <span class='ocrx_word' id='word_1_819' title='bbox 2489 4108 2704 4166; x_wconf 87' lang='lat' dir='ltr'><strong>peccato</strong></span> <span class='ocrx_word' id='word_1_820' title='bbox 2728 4099 2752 4151; x_wconf 89' lang='lat'><strong>?</strong></span> 
     </span>
    </p>
   </div>
   <div class='ocr_carea' id='block_1_105' title="bbox 2031 4187 3525 4268">
    <p class='ocr_par' dir='ltr' id='par_1_105' title="bbox 2031 4187 3525 4268">
     <span class='ocr_line' id='line_1_105' title="bbox 2031 4187 3525 4268; baseline 0.009 -27"><span class='ocrx_word' id='word_1_821' title='bbox 2031 4187 2122 4241; x_wconf 75' lang='lat'><strong>25.</strong></span> <span class='ocrx_word' id='word_1_822' title='bbox 2161 4187 2277 4241; x_wconf 91' lang='lat' dir='ltr'><strong>Sint</strong></span> <span class='ocrx_word' id='word_1_823' title='bbox 2318 4188 2439 4243; x_wconf 90' lang='lat' dir='ltr'><strong>licet</strong></span> <span class='ocrx_word' id='word_1_824' title='bbox 2478 4188 2716 4243; x_wconf 86' lang='lat' dir='ltr'><strong>homines</strong></span> <span class='ocrx_word' id='word_1_825' title='bbox 2745 4197 2889 4246; x_wconf 86' lang='lat' dir='ltr'><strong>tanta</strong></span> <span class='ocrx_word' id='word_1_826' title='bbox 2928 4193 3248 4250; x_wconf 81' lang='lat' dir='ltr'><strong>excellentes</strong></span> <span class='ocrx_word' id='word_1_827' title='bbox 3282 4189 3525 4268; x_wconf 87' lang='lat' dir='ltr'><strong>justitia,</strong></span> 
     </span>
    </p>
   </div>
   <div class='ocr_carea' id='block_1_106' title="bbox 1964 4277 3544 4359">
    <p class='ocr_par' dir='ltr' id='par_1_106' title="bbox 1964 4277 3544 4359">
     <span class='ocr_line' id='line_1_106' title="bbox 1964 4277 3544 4359; baseline 0.009 -28"><span class='ocrx_word' id='word_1_828' title='bbox 1964 4285 2023 4331; x_wconf 90' lang='lat' dir='ltr'><strong>ut</strong></span> <span class='ocrx_word' id='word_1_829' title='bbox 2057 4277 2124 4332; x_wconf 93' lang='lat' dir='ltr'><strong>ad</strong></span> <span class='ocrx_word' id='word_1_830' title='bbox 2165 4292 2260 4332; x_wconf 90' lang='lat' dir='ltr'><strong>eos</strong></span> <span class='ocrx_word' id='word_1_831' title='bbox 2295 4278 2362 4332; x_wconf 89' lang='lat' dir='ltr'><strong>de</strong></span> <span class='ocrx_word' id='word_1_832' title='bbox 2404 4279 2649 4333; x_wconf 89' lang='lat' dir='ltr'><strong>columna</strong></span> <span class='ocrx_word' id='word_1_833' title='bbox 2680 4280 2834 4336; x_wconf 91' lang='lat' dir='ltr'><strong>nobis</strong></span> <span class='ocrx_word' id='word_1_834' title='bbox 2876 4282 3119 4354; x_wconf 85' lang='lat' dir='ltr'><strong>loquatur</strong></span> <span class='ocrx_word' id='word_1_835' title='bbox 3144 4285 3287 4341; x_wconf 87' lang='lat' dir='ltr'><strong>Deus</strong></span> <span class='ocrx_word' id='word_1_836' title='bbox 3308 4327 3325 4354; x_wconf 93' lang='lat'><strong>,</strong></span> <span class='ocrx_word' id='word_1_837' title='bbox 3369 4292 3544 4359; x_wconf 89' lang='lat' dir='ltr'><strong>qualis</strong></span> 
     </span>
    </p>
   </div>
   <div class='ocr_carea' id='block_1_107' title="bbox 1965 4368 3544 4442">
    <p class='ocr_par' dir='ltr' id='par_1_107' title="bbox 1965 4368 3544 4442">
     <span class='ocr_line' id='line_1_107' title="bbox 1965 4368 3544 4442; baseline 0.009 -21"><span class='ocrx_word' id='word_1_838' title='bbox 1965 4368 2167 4439; x_wconf 72' lang='lat' dir='ltr'><strong>Moyses</strong></span> <span class='ocrx_word' id='word_1_839' title='bbox 2189 4377 2236 4424; x_wconf 90' lang='lat' dir='ltr'><strong>et</strong></span> <span class='ocrx_word' id='word_1_840' title='bbox 2259 4368 2430 4423; x_wconf 80' lang='lat' dir='ltr'><strong>Aaron</strong></span> <span class='ocrx_word' id='word_1_841' title='bbox 2456 4371 2509 4423; x_wconf 87' lang='lat' dir='ltr'><strong>in</strong></span> <span class='ocrx_word' id='word_1_842' title='bbox 2532 4373 2873 4427; x_wconf 72' lang='lat' dir='ltr'><strong>sacerdotibus</strong></span> <span class='ocrx_word' id='word_1_843' title='bbox 2894 4373 3036 4442; x_wconf 84' lang='lat' dir='ltr'><strong>ejus,</strong></span> <span class='ocrx_word' id='word_1_844' title='bbox 3064 4386 3113 4430; x_wconf 83' lang='lat' dir='ltr'><strong>et</strong></span> <span class='ocrx_word' id='word_1_845' title='bbox 3134 4375 3346 4434; x_wconf 82' lang='lat' dir='ltr'><strong>Samuel</strong></span> <span class='ocrx_word' id='word_1_846' title='bbox 3381 4382 3434 4435; x_wconf 85' lang='lat' dir='ltr'><strong>in</strong></span> <span class='ocrx_word' id='word_1_847' title='bbox 3463 4384 3544 4437; x_wconf 81' lang='lat' dir='ltr'><strong>his</strong></span> 
     </span>
    </p>
   </div>
   <div class='ocr_carea' id='block_1_108' title="bbox 1963 4459 3544 4538">
    <p class='ocr_par' dir='ltr' id='par_1_108' title="bbox 1963 4459 3544 4538">
     <span class='ocr_line' id='line_1_108' title="bbox 1963 4459 3544 4538; baseline 0.011 -28"><span class='ocrx_word' id='word_1_848' title='bbox 1963 4460 2048 4528; x_wconf 82' lang='lat' dir='ltr'><strong>qui</strong></span> <span class='ocrx_word' id='word_1_849' title='bbox 2066 4459 2301 4513; x_wconf 85' lang='lat' dir='ltr'><strong>invocant</strong></span> <span class='ocrx_word' id='word_1_850' title='bbox 2324 4476 2503 4514; x_wconf 79' lang='lat' dir='ltr'><strong>nautea</strong></span> <span class='ocrx_word' id='word_1_851' title='bbox 2523 4461 2633 4532; x_wconf 81' lang='lat' dir='ltr'><strong>ejus</strong></span> <span class='ocrx_word' id='word_1_852' title='bbox 2655 4477 2675 4525; x_wconf 87' lang='lat'><em>;</em></span> <span class='ocrx_word' id='word_1_853' title='bbox 2703 4462 2855 4533; x_wconf 88' lang='lat' dir='ltr'><strong>cujus</strong></span> <span class='ocrx_word' id='word_1_854' title='bbox 2880 4479 3083 4536; x_wconf 70' lang='lat' dir='ltr'><strong>magnte</strong></span> <span class='ocrx_word' id='word_1_855' title='bbox 3120 4467 3305 4525; x_wconf 87' lang='lat' dir='ltr'><strong>laudes</strong></span> <span class='ocrx_word' id='word_1_856' title='bbox 3333 4471 3544 4538; x_wconf 88' lang='lat' dir='ltr'><strong>pietatis</strong></span> 
     </span>
    </p>
   </div>
   <div class='ocr_carea' id='block_1_109' title="bbox 1962 4550 3540 4629">
    <p class='ocr_par' dir='ltr' id='par_1_109' title="bbox 1962 4550 3540 4629">
     <span class='ocr_line' id='line_1_109' title="bbox 1962 4550 3540 4629; baseline 0.008 -24"><span class='ocrx_word' id='word_1_857' title='bbox 1962 4559 2017 4605; x_wconf 86' lang='lat' dir='ltr'><strong>et</strong></span> <span class='ocrx_word' id='word_1_858' title='bbox 2057 4550 2372 4629; x_wconf 75' lang='lat' dir='ltr'><strong>innocentia:</strong></span> <span class='ocrx_word' id='word_1_859' title='bbox 2400 4552 2457 4607; x_wconf 92' lang='lat' dir='ltr'><strong>in</strong></span> <span class='ocrx_word' id='word_1_860' title='bbox 2484 4552 2756 4621; x_wconf 81' lang='lat' dir='ltr'><strong>Scriptura</strong></span> <span class='ocrx_word' id='word_1_861' title='bbox 2775 4555 3008 4610; x_wconf 87' lang='lat' dir='ltr'><strong>veridica</strong></span> <span class='ocrx_word' id='word_1_862' title='bbox 3037 4558 3391 4627; x_wconf 70' lang='lat' dir='ltr'><strong>praedicantur</strong></span> <span class='ocrx_word' id='word_1_863' title='bbox 3411 4603 3447 4629; x_wconf 48' lang='grc' dir='ltr'><strong>,λ</strong></span> <span class='ocrx_word' id='word_1_864' title='bbox 3471 4564 3540 4618; x_wconf 83' lang='lat' dir='ltr'><strong>ab</strong></span> 
     </span>
    </p>
   </div>
   <div class='ocr_carea' id='block_1_110' title="bbox 1967 4624 3542 4713">
    <p class='ocr_par' dir='ltr' id='par_1_110' title="bbox 1967 4624 3542 4713">
     <span class='ocr_line' id='line_1_110' title="bbox 1967 4624 3542 4713; baseline 0.01 -20"><span class='ocrx_word' id='word_1_865' title='bbox 1967 4624 2186 4696; x_wconf 85' lang='lat' dir='ltr'><strong>ineunte</strong></span> <span class='ocrx_word' id='word_1_866' title='bbox 2232 4642 2476 4711; x_wconf 88' lang='lat' dir='ltr'><strong>pueritia,</strong></span> <span class='ocrx_word' id='word_1_867' title='bbox 2509 4657 2575 4697; x_wconf 82' lang='lat' dir='ltr'><strong>ex</strong></span> <span class='ocrx_word' id='word_1_868' title='bbox 2604 4658 2708 4713; x_wconf 90' lang='lat' dir='ltr'><strong>quo</strong></span> <span class='ocrx_word' id='word_1_869' title='bbox 2751 4660 2873 4700; x_wconf 88' lang='lat' dir='ltr'><strong>eum</strong></span> <span class='ocrx_word' id='word_1_870' title='bbox 2911 4657 3080 4702; x_wconf 87' lang='lat' dir='ltr'><strong>mater</strong></span> <span class='ocrx_word' id='word_1_871' title='bbox 3105 4662 3284 4704; x_wconf 89' lang='lat' dir='ltr'><strong>votum</strong></span> <span class='ocrx_word' id='word_1_872' title='bbox 3327 4652 3542 4708; x_wconf 77' lang='lat' dir='ltr'><strong>solvens</strong></span> 
     </span>
    </p>
   </div>
   <div class='ocr_carea' id='block_1_111' title="bbox 1962 4730 3538 4801">
    <p class='ocr_par' dir='ltr' id='par_1_111' title="bbox 1962 4730 3538 4801">
     <span class='ocr_line' id='line_1_111' title="bbox 1962 4730 3538 4801; baseline 0.01 -18"><span class='ocrx_word' id='word_1_873' title='bbox 1962 4730 2014 4783; x_wconf 92' lang='lat' dir='ltr'><strong>in</strong></span> <span class='ocrx_word' id='word_1_874' title='bbox 2059 4732 2255 4801; x_wconf 91' lang='lat' dir='ltr'><strong>templo</strong></span> <span class='ocrx_word' id='word_1_875' title='bbox 2292 4732 2384 4786; x_wconf 87' lang='lat' dir='ltr'><strong>Dei</strong></span> <span class='ocrx_word' id='word_1_876' title='bbox 2412 4734 2711 4798; x_wconf 85' lang='lat' dir='ltr'><strong>constituit,</strong></span> <span class='ocrx_word' id='word_1_877' title='bbox 2739 4744 2796 4790; x_wconf 90' lang='lat' dir='ltr'><strong>et</strong></span> <span class='ocrx_word' id='word_1_878' title='bbox 2828 4750 3039 4791; x_wconf 83' lang='lat' dir='ltr'><strong>servum</strong></span> <span class='ocrx_word' id='word_1_879' title='bbox 3070 4738 3296 4794; x_wconf 84' lang='lat' dir='ltr'><strong>Domino</strong></span> <span class='ocrx_word' id='word_1_880' title='bbox 3322 4741 3538 4798; x_wconf 74' lang='lat' dir='ltr'><strong>dedica—</strong></span> 
     </span>
    </p>
   </div>
   <div class='ocr_carea' id='block_1_112' title="bbox 1962 4821 3540 4897">
    <p class='ocr_par' dir='ltr' id='par_1_112' title="bbox 1962 4821 3540 4897">
     <span class='ocr_line' id='line_1_112' title="bbox 1962 4821 3540 4897; baseline 0.01 -24"><span class='ocrx_word' id='word_1_881' title='bbox 1962 4823 2036 4876; x_wconf 74' lang='lat' dir='ltr'><strong>vit</strong></span> <span class='ocrx_word' id='word_1_882' title='bbox 2065 4839 2079 4876; x_wconf 85' lang='lat'><strong><em>:</em></strong></span> <span class='ocrx_word' id='word_1_883' title='bbox 2109 4823 2268 4876; x_wconf 84' lang='lat' dir='ltr'><strong>etiam</strong></span> <span class='ocrx_word' id='word_1_884' title='bbox 2299 4821 2368 4877; x_wconf 89' lang='lat' dir='ltr'><strong>de</strong></span> <span class='ocrx_word' id='word_1_885' title='bbox 2395 4823 2586 4879; x_wconf 88' lang='lat' dir='ltr'><strong>talibus</strong></span> <span class='ocrx_word' id='word_1_886' title='bbox 2614 4826 2870 4894; x_wconf 88' lang='lat' dir='ltr'><strong>scriptum</strong></span> <span class='ocrx_word' id='word_1_887' title='bbox 2896 4836 3012 4890; x_wconf 85' lang='lat' dir='ltr'><strong>est,</strong></span> <span class='ocrx_word' id='word_1_888' title='bbox 3042 4826 3121 4881; x_wconf 83' lang='lat' dir='ltr'><strong>Tu</strong></span> <span class='ocrx_word' id='word_1_889' title='bbox 3142 4831 3391 4897; x_wconf 82' lang='lat' dir='ltr'><strong>prapitius</strong></span> <span class='ocrx_word' id='word_1_890' title='bbox 3425 4850 3540 4888; x_wconf 86' lang='lat' dir='ltr'><strong>eras</strong></span> 
     </span>
    </p>
   </div>
   <div class='ocr_carea' id='block_1_113' title="bbox 1960 4903 3536 4983">
    <p class='ocr_par' dir='ltr' id='par_1_113' title="bbox 1960 4903 3536 4983">
     <span class='ocr_line' id='line_1_113' title="bbox 1960 4903 3536 4983; baseline 0.009 -25"><span class='ocrx_word' id='word_1_891' title='bbox 1960 4903 2093 4970; x_wconf 85' lang='lat' dir='ltr'><strong>illis,</strong></span> <span class='ocrx_word' id='word_1_892' title='bbox 2135 4913 2178 4959; x_wconf 90' lang='lat' dir='ltr'><strong>et</strong></span> <span class='ocrx_word' id='word_1_893' title='bbox 2215 4906 2475 4961; x_wconf 85' lang='lat' dir='ltr'><strong>vindicans</strong></span> <span class='ocrx_word' id='word_1_894' title='bbox 2516 4907 2568 4960; x_wconf 84' lang='lat' dir='ltr'><strong>in</strong></span> <span class='ocrx_word' id='word_1_895' title='bbox 2610 4924 2780 4962; x_wconf 87' lang='lat' dir='ltr'><strong>omnes</strong></span> <span class='ocrx_word' id='word_1_896' title='bbox 2806 4908 3094 4976; x_wconf 69' lang='lat' dir='ltr'><strong>a/fectianes</strong></span> <span class='ocrx_word' id='word_1_897' title='bbox 3133 4928 3306 4966; x_wconf 85' lang='lat' dir='ltr'><strong>eorum</strong></span> <span class='ocrx_word' id='word_1_898' title='bbox 3354 4914 3536 4983; x_wconf 83' lang='lat' dir='ltr'><strong>(Psnl.</strong></span> 
     </span>
    </p>
   </div>
   <div class='ocr_carea' id='block_1_114' title="bbox 1961 4995 3542 5069">
    <p class='ocr_par' dir='ltr' id='par_1_114' title="bbox 1961 4995 3542 5069">
     <span class='ocr_line' id='line_1_114' title="bbox 1961 4995 3542 5069; baseline 0.008 -20"><span class='ocrx_word' id='word_1_899' title='bbox 1961 5012 2158 5063; x_wconf 79' lang='lat' dir='ltr'><strong>xcvut,</strong></span> <span class='ocrx_word' id='word_1_900' title='bbox 2186 4995 2340 5067; x_wconf 84' lang='lat'><strong>6-8).</strong></span> <span class='ocrx_word' id='word_1_901' title='bbox 2393 4997 2446 5050; x_wconf 90' lang='lat' dir='ltr'><strong>lu</strong></span> <span class='ocrx_word' id='word_1_902' title='bbox 2493 4999 2630 5053; x_wconf 77' lang='lat' dir='ltr'><strong>ﬁlios</strong></span> <span class='ocrx_word' id='word_1_903' title='bbox 2676 5000 2871 5069; x_wconf 85' lang='lat' dir='ltr'><strong>quippe</strong></span> <span class='ocrx_word' id='word_1_904' title='bbox 2915 5001 3268 5057; x_wconf 88' lang='lat' dir='ltr'><strong>damnationis</strong></span> <span class='ocrx_word' id='word_1_905' title='bbox 3309 5006 3542 5063; x_wconf 80' lang='lat' dir='ltr'><strong>vindicat</strong></span> 
     </span>
    </p>
   </div>
   <div class='ocr_carea' id='block_1_115' title="bbox 1963 5084 3534 5162">
    <p class='ocr_par' dir='ltr' id='par_1_115' title="bbox 1963 5084 3534 5162">
     <span class='ocr_line' id='line_1_115' title="bbox 1963 5084 3534 5162; baseline 0.009 -24"><span class='ocrx_word' id='word_1_906' title='bbox 1963 5084 2129 5140; x_wconf 89' lang='lat' dir='ltr'><strong>iratus</strong></span> <span class='ocrx_word' id='word_1_907' title='bbox 2154 5104 2167 5139; x_wconf 90' lang='lat'><strong>:</strong></span> <span class='ocrx_word' id='word_1_908' title='bbox 2196 5086 2246 5139; x_wconf 90' lang='lat' dir='ltr'><strong>in</strong></span> <span class='ocrx_word' id='word_1_909' title='bbox 2274 5086 2410 5141; x_wconf 90' lang='lat' dir='ltr'><strong>lilios</strong></span> <span class='ocrx_word' id='word_1_910' title='bbox 2437 5097 2611 5141; x_wconf 89' lang='lat' dir='ltr'><strong>autem</strong></span> <span class='ocrx_word' id='word_1_911' title='bbox 2635 5090 2817 5157; x_wconf 74' lang='lat' dir='ltr'><strong>gratia:</strong></span> <span class='ocrx_word' id='word_1_912' title='bbox 2844 5089 3073 5145; x_wconf 84' lang='lat' dir='ltr'><strong>vindicat</strong></span> <span class='ocrx_word' id='word_1_913' title='bbox 3101 5094 3385 5162; x_wconf 83' lang='lat' dir='ltr'><strong>propitius,</strong></span> <span class='ocrx_word' id='word_1_914' title='bbox 3406 5097 3534 5155; x_wconf 89' lang='lat' dir='ltr'><strong>dum</strong></span> 
     </span>
    </p>
   </div>
   <div class='ocr_carea' id='block_1_116' title="bbox 2024 5237 3542 5306">
    <p class='ocr_par' dir='ltr' id='par_1_116' title="bbox 2024 5237 3542 5306">
     <span class='ocr_line' id='line_1_116' title="bbox 2024 5237 3542 5306; baseline 0.01 -20"><span class='ocrx_word' id='word_1_915' title='bbox 2024 5238 2041 5271; x_wconf 81' lang='grc' dir='ltr'><strong>ι</strong></span> <span class='ocrx_word' id='word_1_916' title='bbox 2077 5237 2214 5297; x_wconf 69' lang='lat' dir='ltr'><strong>editi,</strong></span> <span class='ocrx_word' id='word_1_917' title='bbox 2238 5237 2530 5306; x_wconf 64' lang='lat' dir='ltr'><strong>[uturitanti</strong></span> <span class='ocrx_word' id='word_1_918' title='bbox 2551 5238 2837 5306; x_wconf 71' lang='lat' dir='ltr'><strong>certtaninis.</strong></span> <span class='ocrx_word' id='word_1_919' title='bbox 2863 5243 3009 5306; x_wconf 77' lang='lat' dir='ltr'><strong>Abest</strong></span> <span class='ocrx_word' id='word_1_920' title='bbox 3026 5280 3040 5304; x_wconf 95' lang='lat'><strong>,</strong></span> <span class='ocrx_word' id='word_1_921' title='bbox 3063 5245 3200 5306; x_wconf 73' lang='lat' dir='ltr'><strong>tanti,</strong></span> <span class='ocrx_word' id='word_1_922' title='bbox 3221 5259 3252 5297; x_wconf 81' lang='lat' dir='ltr'><strong>a</strong></span> <span class='ocrx_word' id='word_1_923' title='bbox 3282 5254 3542 5302; x_wconf 86' lang='lat' dir='ltr'><strong>manuscri-</strong></span> 
     </span>
    </p>
   </div>
   <div class='ocr_carea' id='block_1_117' title="bbox 1961 5300 3541 5363">
    <p class='ocr_par' dir='ltr' id='par_1_117' title="bbox 1961 5300 3541 5363">
     <span class='ocr_line' id='line_1_117' title="bbox 1961 5300 3541 5363; baseline 0.009 -16"><span class='ocrx_word' id='word_1_924' title='bbox 1961 5306 2070 5363; x_wconf 76' lang='lat' dir='ltr'><strong>ptts.</strong></span> <span class='ocrx_word' id='word_1_925' title='bbox 2096 5324 2158 5363; x_wconf 50' lang='grc' dir='ltr'><strong>έ-</strong></span> <span class='ocrx_word' id='word_1_926' title='bbox 2182 5300 2342 5363; x_wconf 75' lang='lat' dir='ltr'><strong>Iulios</strong></span> <span class='ocrx_word' id='word_1_927' title='bbox 2369 5300 2514 5349; x_wconf 82' lang='lat' dir='ltr'><strong>libros</strong></span> <span class='ocrx_word' id='word_1_928' title='bbox 2531 5302 2747 5363; x_wconf 76' lang='lat' dir='ltr'><strong>attendes</strong></span> <span class='ocrx_word' id='word_1_929' title='bbox 2771 5318 2781 5361; x_wconf 78' lang='grc' dir='ltr'><strong>ι</strong></span> <span class='ocrx_word' id='word_1_930' title='bbox 2801 5300 3063 5354; x_wconf 84' lang='lat' dir='ltr'><strong>eculiarcm</strong></span> <span class='ocrx_word' id='word_1_931' title='bbox 3085 5300 3248 5356; x_wconf 79' lang='lat' dir='ltr'><strong>curam</strong></span> <span class='ocrx_word' id='word_1_932' title='bbox 3281 5324 3389 5359; x_wconf 90' lang='lat' dir='ltr'><strong>eum</strong></span> <span class='ocrx_word' id='word_1_933' title='bbox 3417 5300 3541 5363; x_wconf 82' lang='lat' dir='ltr'><strong>nou-</strong></span> 
     </span>
    </p>
   </div>
   <div class='ocr_carea' id='block_1_118' title="bbox 1959 5360 3540 5427">
    <p class='ocr_par' dir='ltr' id='par_1_118' title="bbox 1959 5360 3540 5427">
     <span class='ocr_line' id='line_1_118' title="bbox 1959 5360 3540 5427; baseline 0.003 -19"><span class='ocrx_word' id='word_1_934' title='bbox 1959 5360 2075 5408; x_wconf 79' lang='lat' dir='ltr'><strong>dum</strong></span> <span class='ocrx_word' id='word_1_935' title='bbox 2097 5360 2445 5427; x_wconf 75' lang='lat' dir='ltr'><strong>impendissent</strong></span> <span class='ocrx_word' id='word_1_936' title='bbox 2461 5360 2787 5427; x_wconf 80' lang='lat' dir='ltr'><strong>Benedictini,</strong></span> <span class='ocrx_word' id='word_1_937' title='bbox 2812 5363 2970 5427; x_wconf 76' lang='lat' dir='ltr'><strong>locum</strong></span> <span class='ocrx_word' id='word_1_938' title='bbox 3007 5376 3301 5427; x_wconf 70' lang='lat' dir='ltr'><strong>pmsentem</strong></span> <span class='ocrx_word' id='word_1_939' title='bbox 3326 5360 3540 5423; x_wconf 64' lang='grc' dir='ltr'><strong>οοιηπίιέ.</strong></span> 
     </span>
    </p>
   </div>
   <div class='ocr_carea' id='block_1_119' title="bbox 1959 5421 3539 5503">
    <p class='ocr_par' dir='ltr' id='par_1_119' title="bbox 1959 5421 3539 5503">
     <span class='ocr_line' id='line_1_119' title="bbox 1959 5421 3539 5503; baseline 0.006 -35"><span class='ocrx_word' id='word_1_940' title='bbox 1959 5428 2213 5503; x_wconf 46' lang='lat' dir='ltr'><strong>nigrantes.</strong></span> <span class='ocrx_word' id='word_1_941' title='bbox 2225 5421 2272 5467; x_wconf 88' lang='lat' dir='ltr'><strong>iu</strong></span> <span class='ocrx_word' id='word_1_942' title='bbox 2283 5428 2432 5503; x_wconf 47' lang='grc' dir='ltr'><strong>φωρ.</strong></span> <span class='ocrx_word' id='word_1_943' title='bbox 2443 5423 2629 5503; x_wconf 73' lang='lat' dir='ltr'><strong>quinto,</strong></span> <span class='ocrx_word' id='word_1_944' title='bbox 2643 5435 2802 5492; x_wconf 70' lang='lat' dir='ltr'><strong>seru).</strong></span> <span class='ocrx_word' id='word_1_945' title='bbox 2828 5423 2937 5483; x_wconf 75' lang='lat'><strong>299,</strong></span> <span class='ocrx_word' id='word_1_946' title='bbox 2966 5421 3075 5503; x_wconf 61' lang='lat' dir='ltr'><strong>nota</strong></span> <span class='ocrx_word' id='word_1_947' title='bbox 3095 5428 3185 5503; x_wconf 61' lang='lat' dir='ltr'><strong>(a),</strong></span> <span class='ocrx_word' id='word_1_948' title='bbox 3207 5432 3448 5493; x_wconf 77' lang='lat' dir='ltr'><strong>scripsere</strong></span> 
     </span>
    </p>
   </div>
   <div class='ocr_carea' id='block_1_120' title="bbox 1963 5481 3537 5590">
    <p class='ocr_par' dir='ltr' id='par_1_120' title="bbox 1963 5481 3537 5590">
     <span class='ocr_line' id='line_1_120' title="bbox 1963 5481 3537 5590; baseline 0.01 -61"><span class='ocrx_word' id='word_1_949' title='bbox 1963 5482 2121 5589; x_wconf 40' lang='lat' dir='ltr'><strong>editi?</strong></span> <span class='ocrx_word' id='word_1_950' title='bbox 2134 5481 2302 5590; x_wconf 43' lang='grc' dir='ltr'><strong>ἔπειξιῇ</strong></span> <span class='ocrx_word' id='word_1_951' title='bbox 2316 5482 2432 5590; x_wconf 63' lang='grc' dir='ltr'><strong>ιαπέὶ</strong></span> <span class='ocrx_word' id='word_1_952' title='bbox 2446 5481 2726 5533; x_wconf 68' lang='lat' dir='ltr'><strong>certaminis</strong></span> <span class='ocrx_word' id='word_1_953' title='bbox 2745 5496 2764 5545; x_wconf 84' lang='lat'><strong>,&#39;</strong></span> <span class='ocrx_word' id='word_1_954' title='bbox 2786 5481 2990 5548; x_wconf 82' lang='lat' dir='ltr'><strong>quorum</strong></span> <span class='ocrx_word' id='word_1_955' title='bbox 3007 5481 3265 5540; x_wconf 64' lang='lat' dir='ltr'><strong>lectionem</strong></span> <span class='ocrx_word' id='word_1_956' title='bbox 3291 5481 3342 5542; x_wconf 79' lang='lat' dir='ltr'><strong>et</strong></span> <span class='ocrx_word' id='word_1_957' title='bbox 3364 5481 3452 5544; x_wconf 79' lang='lat' dir='ltr'><strong>nos</strong></span> <span class='ocrx_word' id='word_1_958' title='bbox 3469 5481 3537 5545; x_wconf 67' lang='lat' dir='ltr'><strong>ibi</strong></span> 
     </span>
     <span class='ocr_line' id='line_1_121' title="bbox 1963 5554 2437 5590; baseline 0 -1"><span class='ocrx_word' id='word_1_959' title='bbox 1963 5554 2077 5590; x_wconf 65' lang='lat' dir='ltr'><strong>sec“</strong></span> <span class='ocrx_word' id='word_1_960' title='bbox 2100 5556 2117 5589; x_wconf 89' lang='grc' dir='ltr'><strong>ι</strong></span> <span class='ocrx_word' id='word_1_961' title='bbox 2162 5556 2174 5589; x_wconf 62' lang='grc' dir='ltr'><strong>ὁ</strong></span> <span class='ocrx_word' id='word_1_962' title='bbox 2304 5575 2316 5589; x_wconf 70' lang='grc' dir='ltr'><strong>ι</strong></span> <span class='ocrx_word' id='word_1_963' title='bbox 2426 5579 2437 5590; x_wconf 89' lang='grc'>.</span> 
     </span>
    </p>
   </div>
   <div class='ocr_carea' id='block_1_121' title="bbox 1960 5550 2437 5592">
    <p class='ocr_par' dir='ltr' id='par_1_121' title="bbox 1960 5550 2437 5592">
     <span class='ocr_line' id='line_1_122' title="bbox 1960 5550 2437 5592; baseline 0 0"><span class='ocrx_word' id='word_1_964' title='bbox 1960 5550 2117 5592; x_wconf 80' lang='lat' dir='ltr'><strong>secuti</strong></span> <span class='ocrx_word' id='word_1_965' title='bbox 2134 5554 2316 5590; x_wconf 77' lang='lat' dir='ltr'><strong>sumus.</strong></span> <span class='ocrx_word' id='word_1_966' title='bbox 2382 5550 2437 5592; x_wconf 80' lang='lat' dir='ltr'><strong>It.</strong></span> 
     </span>
    </p>
   </div>
   <div class='ocr_carea' id='block_1_122' title="bbox 2025 5602 3540 5674">
    <p class='ocr_par' dir='ltr' id='par_1_122' title="bbox 2025 5602 3540 5674">
     <span class='ocr_line' id='line_1_123' title="bbox 2025 5602 3540 5674; baseline 0.01 -24"><span class='ocrx_word' id='word_1_967' title='bbox 2025 5606 2044 5674; x_wconf 61' lang='grc' dir='ltr'>ξι</span> <span class='ocrx_word' id='word_1_968' title='bbox 2069 5603 2220 5674; x_wconf 48' lang='grc' dir='ltr'>ωίιιη</span> <span class='ocrx_word' id='word_1_969' title='bbox 2244 5609 2293 5674; x_wconf 85' lang='lat' dir='ltr'><strong>nt</strong></span> <span class='ocrx_word' id='word_1_970' title='bbox 2326 5602 2673 5656; x_wconf 78' lang='lat' dir='ltr'><strong>dimitterentur</strong></span> <span class='ocrx_word' id='word_1_971' title='bbox 2695 5606 2878 5659; x_wconf 87' lang='lat' dir='ltr'><strong>orabat.</strong></span> <span class='ocrx_word' id='word_1_972' title='bbox 2905 5615 3008 5660; x_wconf 64' lang='lat' dir='ltr'><strong>tm.</strong></span> <span class='ocrx_word' id='word_1_973' title='bbox 3033 5618 3213 5674; x_wconf 76' lang='lat' dir='ltr'><strong>autem,</strong></span> <span class='ocrx_word' id='word_1_974' title='bbox 3249 5619 3300 5663; x_wconf 80' lang='lat' dir='ltr'><strong>ut</strong></span> <span class='ocrx_word' id='word_1_975' title='bbox 3335 5611 3540 5665; x_wconf 79' lang='lat' dir='ltr'><strong>dimitto-</strong></span> 
     </span>
    </p>
   </div>
   <div class='ocr_carea' id='block_1_123' title="bbox 1965 5663 2297 5715">
    <p class='ocr_par' dir='ltr' id='par_1_123' title="bbox 1965 5663 2297 5715">
     <span class='ocr_line' id='line_1_124' title="bbox 1965 5663 2297 5715; baseline 0.003 -1"><span class='ocrx_word' id='word_1_976' title='bbox 1965 5671 2095 5714; x_wconf 79' lang='lat' dir='ltr'><strong>rctar</strong></span> <span class='ocrx_word' id='word_1_977' title='bbox 2118 5663 2297 5715; x_wconf 73' lang='lat' dir='ltr'><strong>orabat.</strong></span> 
     </span>
    </p>
   </div>
  </div>
