4002 6180
466 307 569 364 tu?

463 435 624 494 quem
655 418 824 491 diligit
849 419 1086 490 corripit,
1110 428 1165 475 et
1192 419 1423 491 tlagellat
1449 435 1662 477 omnem
1694 420 1859 476 lilium
1888 434 2048 490 quem

465 510 655 580 recipit
684 509 874 583 (Prov.
903 524 957 563 nt
979 550 993 574 ,
1028 509 1094 564 12
1115 552 1130 573 ,
1153 520 1200 563 et
1222 508 1376 564 Hebr.
1413 527 1482 566 xu
1505 551 1523 575 ,
1550 511 1638 581 6).
1672 509 1823 564 Nulla
1871 519 2048 564 autem

465 601 697 657 vindicta
721 642 737 667 ,
768 601 910 656 nulla
941 602 1207 670 correptio
1230 642 1245 666 ,
1288 602 1487 656 nullum
1529 602 1620 656 Dei
1649 602 1914 672 ﬂagellum
1951 601 2050 656 de-

466 692 623 748 betur
660 693 759 746 nisi
799 699 1015 761 pcecato
1037 733 1053 755 ,
1083 700 1309 762 excepto
1338 692 1434 746 illo
1458 693 1546 763 qui
1576 695 1628 747 in
1659 691 1865 762 flagella
1895 707 2051 761 para-

467 791 552 836 tus
571 791 671 847 est,
706 790 760 835 ut
780 781 1114 851 experiretur
1132 781 1309 835 omnia
1334 779 1637 837 secundum
1649 781 2049 835 similitudinem

464 875 580 930 sine
604 883 853 943 peccato,
877 883 933 927 ut
954 882 1100 929 esset
1127 881 1343 928 sanctus
1373 884 1674 929 sanctorum
1697 873 1949 929 sacerdos
1971 874 2052 927 in-

468 964 755 1034 terpellans
799 964 958 1019 ctiam
1005 979 1101 1034 pro
1148 964 1378 1027 sanctis,
1431 964 1521 1034 qui
1576 979 1681 1018 non
1724 962 2051 1018 mendaciter

465 1055 623 1110 etiam
654 1053 722 1110 de
750 1069 808 1110 se
834 1055 1059 1125 quisque
1098 1053 1282 1109 dicunt
1301 1095 1315 1120 ,
1348 1053 1555 1108 Dimitte
1592 1053 1734 1108 nobis
1757 1053 1924 1109 debita
1960 1069 2053 1106 no-

464 1157 590 1209 stra,
617 1147 746 1200 sicut
770 1155 819 1199 et
845 1161 938 1199 nos
967 1144 1264 1198 dimittimus
1291 1144 1595 1199 debitoribus
1631 1146 1812 1199 nostris
1837 1144 2047 1216 (Matth.

462 1236 665 1308 v1.12).
685 1235 839 1291 Unde
858 1245 910 1289 et
932 1235 1029 1304 ipsi
1048 1235 1135 1304 qui
1161 1243 1347 1289 contra
1365 1234 1482 1290 lucc
1495 1234 1783 1305 disputant,
1806 1250 1927 1289 cum
1945 1235 2052 1288 sint

465 1337 609 1381 casta
630 1326 754 1391 vita,
781 1325 1123 1395 moribusque
1148 1324 1459 1389 laudabiles,
1478 1339 1575 1379 nec
1595 1324 1834 1379 dubitent
1851 1323 2047 1390 facere,

463 1417 606 1487 quod
654 1417 727 1471 illi
766 1416 915 1471 diviti
946 1430 1042 1485 pro
1078 1414 1451 1485 consequenda
1482 1415 1588 1469 vita
1631 1424 1829 1471 aeterna
1866 1415 2051 1469 consi-

464 1508 593 1563 lium
637 1505 965 1577 requirenti,
997 1521 1117 1561 cum
1146 1522 1206 1561 se
1243 1505 1608 1576 respondisset
1630 1506 1737 1576 jam
1769 1506 1946 1560 omnia
1970 1505 2050 1559 le-

463 1598 543 1667 gis
569 1596 870 1667 implevisse
900 1596 1164 1658 mandata,
1197 1597 1453 1666 praecepit
1478 1595 1738 1651 Dominus
1764 1637 1779 1661 ,
1812 1594 1859 1650 si
1887 1595 2047 1650 vellet

464 1703 584 1746 esse
609 1689 895 1760 perfectus,
926 1689 1181 1745 venderet
1205 1689 1383 1746 omnia
1411 1704 1531 1760 quae
1558 1688 1786 1744 habebat
1812 1699 1867 1743 et
1899 1688 2052 1743 daret

465 1780 785 1848 pauperibus
808 1820 824 1845 ,
856 1778 1267 1849 thesaurumque
1294 1779 1605 1835 transferret
1630 1779 1682 1833 in
1708 1779 1901 1834 caelum
1936 1778 2047 1850 (Id.

463 1869 816 1941 x1:,20,2l)
853 1887 867 1923 :
916 1883 1075 1924 nemo
1118 1877 1297 1924 tamen
1335 1884 1521 1924 eorum
1570 1869 1731 1924 audet
1771 1869 1950 1924 dicere
1990 1884 2084 1934 se

463 1972 583 2014 esse
602 1959 719 2014 sine
746 1968 981 2027 peccato.
1013 1958 1198 2025 Quod,
1221 1959 1360 2013 sicut
1396 1957 1665 2014 credimus
1686 2001 1701 2026 ,
1732 1974 1836 2014 non
1875 1959 2049 2013 fallaci

462 2049 641 2104 animo
664 2047 848 2105 dicunt
873 2065 890 2103 :
919 2049 964 2103 si
984 2057 1160 2103 autem
1191 2048 1539 2113 mentiuntur,
1561 2063 1627 2103 eo
1650 2049 1765 2120 ipso
1792 2048 2052 2119 incipiunt

461 2138 546 2194 vel
575 2153 770 2208 augere
793 2180 811 2205 ,
837 2138 920 2193 vel
943 2138 1140 2194 habere
1166 2146 1463 2207 peccatum.
2012 2147 2016 2151 ‘

530 2228 758 2285 CAPUT
789 2229 948 2289 XVII.
969 2258 1040 2270 ——
1056 2228 1150 2284 26.
1175 2228 1344 2283 Tertia
1371 2230 1602 2299 quintio,
1624 2245 1714 2282 cur
1739 2245 1884 2284 nemo
1911 2230 1976 2284 sit
1997 2229 2051 2282 in

464 2321 559 2376 hac
581 2321 683 2376 vita
709 2322 815 2375 sine
842 2329 1064 2392 peccato.
1096 2320 1211 2375 Jam
1238 2335 1367 2391 ergo
1393 2320 1534 2391 quod
1565 2320 1683 2376 loco
1708 2321 1867 2376 tertio
1898 2320 2048 2390 posui

460 2411 754 2466 videamus.
782 2411 916 2466 Cum
937 2453 952 2477 ,
983 2412 1313 2466 voluntatem
1344 2410 1631 2466 humanam
1656 2412 1673 2444 ί
1702 2411 1869 2482 gratia
1899 2410 2049 2480 adju-

363 2543 375 2555 .
462 2512 622 2557 vante
664 2501 876 2563 divina,
923 2502 1039 2558 sine
1067 2512 1287 2573 peccato
1316 2501 1366 2555 in
1397 2502 1497 2557 hac
1527 2501 1634 2557 vita
1677 2502 1846 2571 possit
1887 2500 2048 2556 homo

461 2607 615 2655 esse.
660 2606 758 2647 cur
800 2608 906 2647 non
943 2592 1049 2658 sit,
1096 2606 1308 2661 possem
1341 2591 1589 2649 facillime
1616 2606 1679 2647 ac
1705 2594 2047 2647 veracissime

460 2684 805 2754 respondere,
837 2683 959 2754 quia
991 2683 1234 2738 homines
1261 2683 1447 2737 nolunt
1471 2701 1484 2736 :
1509 2682 1604 2737 sed
1628 2683 1673 2737 si
1701 2697 1768 2738 ex
1793 2697 1879 2737 me
1900 2698 2049 2752 quie-

459 2774 629 2838 ritur,
661 2789 824 2844 quare
867 2774 1083 2836 nolunt,
1115 2772 1255 2829 imus
1297 2773 1349 2828 iu
1380 2773 1616 2842 longum.
1664 2771 2045 2828 Verumtamen

453 2854 621 2919 etiam
668 2864 770 2920 hoc
796 2864 912 2919 sine
958 2862 1267 2934 prmjudicio
1295 2861 1648 2934 diligentioris
1691 2862 2050 2933 inquisitionis

459 2955 695 3011 breviter
736 2957 930 3011 dicam.
976 2955 1173 3011 Nolunt
1201 2955 1447 3009 homines
1477 2953 1653 3010 facere
1678 2954 1821 3025 quod
1843 2954 2046 3029 justum

458 3055 578 3114 est,
609 3048 722 3102 sive
747 3048 867 3116 quia
907 3047 1035 3102 latet
1062 3062 1129 3101 an
1163 3046 1364 3117 justum
1390 3046 1495 3112 sit,
1525 3046 1638 3101 sive
1666 3046 1788 3116 quia
1816 3061 1922 3100 non
1947 3046 2046 3102 de-

459 3142 639 3198 lectat.
679 3141 852 3196 Tanto
895 3140 1037 3195 enim
1078 3138 1310 3208 quidque
1350 3135 1720 3193 vehementius
1760 3138 2004 3194 volumus
2028 3181 2044 3208 ,

460 3241 660 3303 quanto
686 3230 886 3287 certius
910 3244 1069 3300 quam
1103 3228 1302 3284 bonum
1337 3225 1409 3283 sit
1434 3228 1709 3294 novimus,
1756 3242 1926 3299 eoque
1949 3230 2047 3284 dc-

462 3324 721 3379 lectamur
742 3320 1037 3377 ardentius.
1065 3320 1364 3390 Ignorantia
1395 3320 1553 3391 igitur
1576 3329 1631 3376 et
1660 3320 1941 3376 inﬁrmitas
1971 3322 2048 3376 vi-

463 3417 536 3471 tia
562 3424 683 3472 sunt
702 3456 716 3479 ,
747 3431 866 3486 qua:
891 3414 1189 3484 impediunt
1220 3415 1545 3470 voluntatem
1578 3431 1646 3470 ne
1675 3424 1951 3471 moveatur
1978 3415 2046 3471 ad

461 3507 759 3563 faciendum
785 3521 921 3577 opus
949 3506 1144 3562 bonum
1165 3548 1182 3573 ,
1208 3506 1293 3561 vel
1318 3506 1387 3561 ab
1418 3521 1582 3576 opere
1610 3507 1748 3562 malo
1776 3507 2046 3563 abstinen-

463 3597 610 3652 dum.
640 3596 705 3653 Ut
732 3605 908 3651 autem
937 3596 1233 3650 innotescat
1255 3595 1399 3666 quod
1430 3596 1661 3662 latebat,
1692 3606 1745 3651 et
1771 3612 1931 3651 suave
1956 3596 2049 3651 ﬁat

461 3676 603 3759 quod
629 3704 735 3743 non
761 3688 1095 3753 delectabat,
1137 3688 1323 3758 gratia:
1349 3688 1441 3743 Dei
1469 3698 1551 3743 est
1571 3731 1586 3755 ,
1618 3704 1735 3759 qua:
1771 3688 2044 3744 hominum

460 3780 676 3848 adjuvat
701 3780 998 3833 voluntates
1031 3796 1043 3832 :
1076 3794 1178 3848 qua
1207 3788 1264 3833 ut
1307 3792 1415 3833 non
1444 3778 1798 3848 adjuvantur,
1833 3779 1885 3832 in
1916 3778 2046 3847 ipsis

460 3871 642 3926 itidem
667 3868 825 3926 causa
847 3878 965 3936 est,
996 3885 1102 3923 non
1133 3869 1185 3923 in
1216 3869 1326 3923 Deo
1345 3909 1361 3932 ,
1390 3868 1504 3923 sive
1527 3867 1815 3924 damnandi
1842 3869 2050 3939 pra‘de-

460 3960 640 4016 stinati
669 3961 777 4015 sint
815 3967 1034 4029 propter
1061 3957 1391 4029 iniquitatem
1421 3958 1725 4028 superbiae;
1758 3958 1872 4013 sive
1912 3973 2047 4013 con~

463 4062 539 4108 tra
569 4053 736 4123 ipsam
766 4067 915 4107 suam
941 4050 1245 4120 superbiam
1270 4050 1541 4121 judicandi
1565 4059 1619 4104 et
1647 4049 1958 4117 erudiendi,
2001 4050 2045 4105 si

462 4142 555 4197 lilii
579 4142 684 4197 sint
703 4141 1083 4197 misericordiae
1103 4142 1145 4194 '.
1179 4140 1333 4197 Unde
1358 4140 1620 4197 Jeremias
1639 4156 1759 4197 cum
1785 4140 2043 4206 dixisset,

461 4234 605 4300 Scio,
638 4231 877 4298 Domine,
907 4233 1029 4302 quia
1054 4248 1156 4286 non
1183 4240 1255 4286 est
1278 4232 1330 4286 in
1355 4231 1555 4287 homine
1578 4232 1658 4286 uia
1682 4232 1810 4303 ejus,
1838 4248 1928 4286 nec
1953 4231 2048 4286 uiri

461 4333 533 4379 est
548 4334 602 4378 ut
618 4324 836 4378 ambulet
853 4333 897 4378 et
913 4324 1100 4394 dirigat
1116 4341 1314 4394 gressus
1329 4341 1469 4391 suos;
1485 4326 1739 4380 continuo
1752 4324 2043 4394 subjunxit,

463 4414 673 4484 Corripe
698 4430 777 4467 me
793 4455 809 4479 ,
831 4413 1085 4479 Domine;
1111 4425 1449 4469 verumtamen
1467 4416 1518 4469 in
1533 4416 1752 4485 judicio,
1779 4426 1825 4469 et
1850 4433 1951 4470 non
1991 4417 2045 4471 in

461 4508 636 4578 furore
659 4515 744 4561 tuo
772 4504 981 4578 (Jerem.
1007 4518 1042 4560 ι
1060 4547 1078 4574 ,
1101 4506 1173 4562 25
1188 4548 1203 4571 ,
1225 4506 1339 4577 24).
1371 4507 1642 4577 Tanquam
1668 4508 1902 4573 diceret,
1923 4507 2046 4562 Scio

462 4600 528 4654 ad
554 4599 946 4668 correptionem
974 4612 1145 4652 meam
1176 4598 1461 4669 pertinere,
1493 4600 1631 4670 quod
1663 4598 1838 4656 minus
1865 4600 1962 4656 abs
1992 4608 2046 4657 te

461 4691 711 4761 adjuvor,
743 4699 805 4746 ut
830 4689 1065 4760 perfecte
1089 4689 1385 4761 dirigantur
1412 4706 1626 4761 gressus
1653 4693 1756 4747 mei
1790 4711 1804 4746 :
1833 4708 2045 4748 verum-

463 4794 640 4838 tamen
672 4781 773 4836 hoc
797 4782 967 4851 ipsum
998 4781 1107 4836 noli
1135 4781 1214 4836 sic
1243 4796 1450 4836 mecum
1487 4796 1679 4851 agere,
1714 4784 2043 4853 tanquamiin

463 4874 643 4931 furore
670 4890 778 4945 quo
816 4874 1024 4944 iniquos
1067 4874 1320 4929 damnare
1361 4876 1623 4942 statuisti,
1666 4876 1760 4932 sed
1792 4887 2041 4949 tauquam

463 4968 514 5021 in
543 4967 773 5036 judicio,
801 4982 906 5038 quo
932 4966 1093 5022 doces
1133 4976 1250 5021 tuos
1276 4982 1380 5022 non
1408 4970 1704 5038 superbire.
1738 4970 1891 5026 Unde
1915 4972 2041 5027 alibi

463 5055 657 5111 dicitur
678 5097 694 5125 ,
730 5056 795 5110 Et
826 5056 1028 5128 judicia
1057 5065 1142 5110 tua
1169 5054 1478 5129 adjuvabunt
1507 5075 1585 5113 me
1614 5058 1634 5132 (
1659 5057 1801 5115 Psal.
1835 5076 1998 5116 cxvm
2023 5103 2038 5128 ,

464 5147 628 5215 ns).

528 5278 545 5352 4
580 5278 700 5352 talin
719 5277 970 5352 auferendi
992 5294 1124 5342 msu,
1148 5281 1383 5334 voluntate
1403 5280 1630 5352 humana.
1653 5285 2041 5352 castiganturex

463 5343 816 5402 nunuscriptls,
840 5343 923 5404 qui
947 5354 1123 5406 magno
1155 5357 1397 5395 consensu
1422 5345 1582 5396 ferunt
1604 5381 1618 5407 ,
1638 5346 1926 5397 voluntatem
1946 5346 2032 5397 ltu-

462 5413 787 5534 Vidine
804 5465 1168 5534 ινείξρβξλῑοξινί
1183 5479 1355 5534 omnes
1373 5465 1595 5534 Gallicani
1616 5477 1723 5534 Mss:
1744 5468 2042 5534 habeantu-

464 5522 1554 5604 stwgezeeeﬁteeeeamme.
1575 5531 1666 5604 se!
1681 5530 1844 5604 ειμθτξ.
1858 5522 2037 5604 enim

462 5597 572 5661 qua.
589 5585 1083 5658 omninmeditionum
1106 5589 1409 5660 superiorum
1429 5599 1521 5652 est,
1542 5590 1736 5645 lectioni
1758 5585 2041 5654 astipulatur

464 5643 762 5708 sulgenttus,
787 5644 910 5694 ιιι)το
932 5660 1083 5707 prum
1105 5650 1165 5699 ad
1200 5656 1452 5700 Mommum
1469 5685 1484 5708 ,
1518 5665 1623 5708 cap.
1649 5653 1737 5708 948,
1764 5668 1913 5708 quem
1936 5653 2041 5704 Ful-

464 5666 762 5708 ιιωμιιιιυδ,
788 5666 910 5694 nuru
932 5666 1083 5707 primo
1105 5666 1165 5699 au
1200 5666 1452 5700 nummum
1469 5685 1484 5711 ,
1518 5666 1623 5714 cap.
1649 5666 1710 5702 ‘55
1724 5692 1737 5714 ,
1764 5668 1913 5718 quem
1936 5666 2059 5713 Ful-~

462 5706 788 5779 gicntiilocum
811 5719 905 5779 non
926 5710 1195 5779 :nuexcusis
1215 5718 1399 5760 tantum
1418 5747 1433 5770 ,
1452 5713 1540 5779 sed
1565 5715 1713 5779 etiam
1738 5717 1783 5764 in
1807 5717 2038 5779 antiquis-

460 5767 586 5820 simo
603 5767 882 5818 corbeiensi
901 5767 1063 5819 codice
1087 5768 1349 5832 diligenter
1373 5767 1744 5836 esplot'avimus.
1772 5808 1777 5812 ι

1069 305 1157 361 DE
1187 305 1642 363 PECCA'I'ORUM
1682 301 1961 362 MERITIS
1999 302 2087 358 ET
2129 301 2552 371 REMISSIONE,
2594 301 2654 359 S.
2695 302 3063 361 AUGUSTINI

2223 418 2312 472 27.
2346 416 2550 472 Nullius
2589 417 2813 487 proinde
2852 420 3021 488 enlpte
3051 418 3295 477 humana:
3327 422 3379 478 in
3406 422 3575 483 Deum
3602 416 3744 484 refe-

2152 523 2241 562 ras
2269 522 2505 562 causam.
2554 508 2811 564 Vitiorum
2843 525 3069 581 namque
3105 513 3343 569 omnium
3385 516 3744 577 humanorum
3832 582 3838 595 ,

2152 614 2310 654 causa
2335 601 2579 670 superbia
2605 610 2706 656 est.
2740 601 2819 656 Ad
2847 602 2983 657 hanc
3006 605 3426 663 eonvincendam
3453 617 3612 682 atque
3641 631 3744 670 au-

2154 687 2424 744 ferendam
2455 690 2575 744 talis
2602 690 2859 746 medicina
2886 693 3098 748 caelitus
3123 696 3265 750 venit
3291 698 3393 753 :ad
3423 700 3621 757 elatum
3645 703 3746 758 ho-
3777 746 3782 750 .

2152 781 2349 834 minem
2393 796 2488 851 per
2524 783 2859 851 superbiam,
2911 786 3051 841 Deus
3094 787 3308 844 humilis
3336 790 3616 851 descendit
3644 812 3746 867 per

2154 869 2604 939 misericordiam,
2635 873 2859 942 gratiam
2889 874 3090 931 claram
3117 880 3559 955 manifestamque
3585 901 3707 943 com
3724 917 3747 929 ο

2152 959 2413 1022 mendaus
2444 959 2494 1014 in
2523 961 2639 1031 ipso
2679 962 2925 1031 homine,
2957 982 3115 1036 quem
3153 977 3296 1025 tanta
3327 987 3435 1041 prae
3464 976 3747 1048 participi-

2151 1049 2251 1105 bus
2291 1050 2402 1104 suis
2440 1051 2700 1108 charitate
2738 1056 2990 1126 suscepit.
3017 1056 3202 1128 Neque
3243 1062 3384 1117 enim
3428 1074 3484 1122 et
3513 1066 3628 1135 ipse
3671 1070 3746 1124 ita

2153 1139 2333 1196 Verbo
2363 1141 2453 1197 Dei
2482 1143 2832 1214 conjunctus,
2863 1157 2920 1201 ut
2947 1148 3061 1217 ipsa
3089 1150 3462 1221 conjunctione
3492 1172 3631 1213 unus
3675 1159 3746 1213 fi-

2152 1233 2253 1289 lius
2286 1234 2375 1289 Dei
2406 1243 2461 1289 et
2487 1235 2626 1290 idem
2656 1237 2771 1308 ipse
2798 1254 2932 1294 unus
2960 1240 3097 1296 filius
3120 1242 3353 1300 hominis
3379 1247 3564 1318 ﬂeret,
3599 1267 3745 1320 prae-

2151 1323 2462 1380 cedentibus
2485 1342 2595 1381 surc
2616 1329 2901 1385 voluntatis
2930 1334 3134 1388 meritis
3162 1333 3307 1391 fecit.
3339 1337 3512 1394 Unum
3539 1343 3745 1413 quippe

2151 1415 2297 1469 illum
2328 1430 2450 1471 esse
2477 1419 2756 1485 oportebat
2788 1437 2802 1475 :
2835 1430 3016 1477 essent
3043 1432 3221 1478 autem
3254 1434 3308 1481 et
3336 1428 3475 1495 duo,
3507 1440 3561 1487 et
3591 1441 3727 1503 tres,

2151 1513 2204 1560 et
2236 1506 2447 1575 plures,
2479 1507 2524 1561 si
2556 1507 2657 1562 hoc
2688 1508 2800 1564 fieri
2818 1520 3042 1580 posset,
3079 1528 3183 1568 non
3216 1531 3311 1586 per
3340 1518 3430 1574 Dei
3461 1524 3740 1593 proprium

2150 1593 2371 1659 donum,
2395 1596 2488 1651 sed
2516 1612 2610 1665 per
2635 1596 3113 1658 hominislibernm
3139 1606 3439 1662 arbitrium.
3473 1610 3585 1667 Iloc
3608 1628 3742 1686 ergo

2152 1688 2421 1755 praecipue
2444 1688 2867 1758 commendatur,
2886 1690 2988 1747 hoc
3013 1693 3065 1748 in
3092 1697 3368 1767 sapientiae
3389 1710 3550 1772 atque
3565 1706 3743 1761 scien-

2151 1775 2239 1831 tia:
2268 1775 2532 1832 thesauris
2561 1778 2614 1832 in
2640 1777 2857 1836 Christo
2884 1782 3228 1853 absconditis,
3260 1800 3514 1858 quantum
3546 1795 3738 1849 existi-

2151 1880 2301 1920 mare
2326 1865 2519 1931 audeo,
2544 1869 2808 1938 praecipue
2834 1871 3059 1928 docetur
3087 1883 3141 1930 et
3165 1877 3408 1935 discitur.
3439 1880 3563 1938 Ideo
3589 1886 3741 1954 quis-

2151 1969 2255 2024 que
2277 1965 2515 2010 nostrum
2540 1956 2739 2013 bonum
2765 1974 2899 2029 opus
2923 1965 3198 2034 suscipere
3217 2008 3233 2034 ,
3262 1982 3421 2039 agere
3440 2012 3456 2038 ,
3479 1972 3699 2043 implere
3723 2019 3738 2043 ,

2152 2062 2293 2101 mine
2340 2048 2475 2115 scit,
2511 2065 2652 2105 nunc
2679 2054 2887 2121 nescit,
2919 2048 3071 2110 nunc
3089 2056 3418 2129 delectatur,
3462 2077 3603 2121 nunc
3629 2082 3742 2123 non

2149 2135 2484 2205 delectatur,
2516 2147 2575 2193 ut
2600 2141 2817 2197 noverit
2843 2158 2948 2198 non
2975 2160 3087 2201 suae
3112 2147 3374 2206 facultatis
3394 2192 3409 2217 ,
3441 2154 3536 2210 sed
3568 2156 3742 2212 divini

2152 2228 2389 2282 muneris
2414 2242 2535 2284 esse
2560 2229 2642 2284 vel
2670 2231 2812 2301 quod
2850 2235 2987 2301 scit,
3016 2238 3099 2293 vel
3128 2241 3272 2310 quod
3309 2242 3600 2302 delectatur
3631 2266 3645 2302 ;
3676 2265 3743 2305 ac

2150 2316 2229 2371 sic
2250 2317 2318 2371 ab
2358 2318 2604 2374 elationis
2629 2322 2859 2376 vanitate
2887 2334 3104 2382 sanetur
3122 2370 3137 2395 ,
3169 2338 3223 2384 et
3250 2332 3385 2387 sciat
3421 2350 3580 2406 quam
3609 2354 3741 2394 vere

2152 2422 2259 2463 non
2286 2408 2354 2463 de
2382 2418 2522 2463 terra
2559 2410 2682 2477 ista,
2714 2413 2817 2468 sed
2838 2415 3185 2485 spiritualiter
3209 2419 3408 2477 dictum
3434 2404 3523 2493 sit,
3554 2404 3740 2482 Domi-

2151 2516 2246 2554 nus
2275 2500 2411 2554 dabit
2434 2503 2751 2571 suavitatem,
2770 2515 2816 2559 et
2839 2516 2973 2562 terra
2991 2519 3164 2565 nostra
3187 2512 3326 2568 dabit
3353 2515 3573 2585 fructum
3593 2537 3745 2576 suum

2150 2591 2322 2684 ςΡδαι.
2354 2610 2547 2649 uxxtv
2566 2636 2583 2664 ,
2614 2598 2724 2667 l3).
2756 2598 2927 2656 Tanto
2953 2612 3130 2660 autem
3160 2608 3330 2678 magis
3353 2609 3583 2669 delectat
3604 2628 3743 2684 opus

2149 2681 2347 2776 bonum
2368 2724 2387 2747 ,
2415 2694 2614 2754 quanto
2643 2690 2810 2760 magis
2851 2690 3088 2762 diligitur
3115 2695 3256 2752 Déus
3284 2714 3551 2758 summum
3580 2681 3745 2776 atiluo

2150 2772 2582 2833 incommutabile
2609 2777 2829 2847 bonum,
2852 2790 2907 2836 et
2925 2794 3112 2839 auctor
3140 2788 3608 2863 qualiumcumque
3640 2772 3739 2850 bo-

2149 2879 2340 2920 norum
2386 2868 2645 2923 omnium.
2681 2870 2752 2926 Ut
2792 2881 2970 2928 autem
3016 2874 3265 2946 diligatur
3295 2880 3468 2949 Deus,
3512 2884 3742 2941 charitas

2148 2955 2267 3025 ejus
2311 2956 2501 3025 diﬂusa
2545 2970 2617 3015 est
2660 2962 2713 3015 in
2759 2965 2993 3021 cordibus
3037 2970 3223 3024 nostris
3248 3012 3263 3037 ,
3314 2987 3420 3027 non
3465 2989 3560 3043 per
3599 2992 3698 3033 nos
3720 3018 3737 3044 ,

2150 3046 2246 3101 sed
2293 3064 2389 3121 per!
2413 3049 2660 3121 Spiritum
2689 3063 2916 3110 sanctum
2960 3058 3044 3128 qui
3072 3059 3222 3115 datus
3248 3072 3324 3117 est
3351 3064 3492 3119 nobis
3540 3065 3561 3137 (
3584 3065 3736 3123 Rom.

2151 3138 2356 3208 v,5).

2220 3228 2445 3287 CAPUT
2494 3233 2677 3290 XVIII.
2708 3266 2780 3278 --
2807 3238 2897 3295 28.
2943 3240 3185 3298 Voluntas
3231 3246 3363 3300 bona
3391 3265 3422 3301 a
3450 3247 3580 3305 Deo.
3630 3251 3738 3308 Sed

2147 3319 2391 3377 laborant
2430 3323 2675 3382 homines
2705 3329 2948 3388 invenire
2979 3334 3031 3387 in
3063 3345 3246 3392 nostra
3277 3340 3547 3397 voluntate
3566 3387 3582 3409 ,
3609 3346 3736 3414 quid

2147 3411 2273 3506 boni
2300 3414 2372 3468 sit
2400 3426 2658 3480 nostrum.
2686 3423 2828 3491 quod
2856 3425 3011 3480 nobis
3036 3442 3139 3482 non
3161 3429 3231 3483 sit
3249 3446 3317 3485 ex
3338 3432 3447 3487 Deo
3480 3451 3493 3487 :
3526 3444 3581 3489 et
3602 3411 3738 3506 quo-

2148 3503 2310 3597 modo
2332 3506 2558 3597 inveniri
2586 3512 2751 3579 possit
2775 3514 2977 3583 ignoro.
3010 3516 3246 3588 Excepto
3266 3522 3407 3577 enim
3428 3525 3569 3593 quod
3597 3503 3739 3597 dpe-

2146 3593 2316 3648 stolus
2344 3595 2452 3662 ait,
2485 3612 2604 3651 cum
2635 3598 2702 3655 de
2728 3601 2883 3657 bonis
2908 3603 3181 3661 hominum
3222 3609 3562 3680 loqueretur,
3599 3593 3739 3680 Quid

2147 3684 2280 3737 enim
2308 3684 2458 3740 [tabes
2496 3689 2631 3757 quod
2657 3706 2758 3744 non
2783 3695 3019 3763 accepisti
3035 3697 3061 3749 ?
3091 3697 3151 3752 Si
3179 3709 3346 3754 autem
3372 3711 3417 3755 et
3457 3706 3697 3773 accepisti
3718 3747 3734 3769 ,

2146 3774 2267 3865 quid
2290 3774 2525 3845 gloriaris
2544 3820 2560 3845 ,
2590 3782 2735 3849 quasi
2759 3799 2861 3837 non
2879 3788 3134 3855 acceperis
3163 3788 3204 3859 (I
3232 3790 3351 3845 Cor.
3384 3808 3433 3846 tv
3454 3834 3469 3859 ,
3505 3794 3595 3864 7)?
3617 3795 3735 3865 Ipsa

2147 3864 2305 3961 etiam
2333 3866 2483 3929 ratio,
2515 3883 2634 3936 quae
2661 3868 2729 3925 dc
2753 3871 2820 3926 iis
2847 3873 3005 3928 rebus
3033 3891 3064 3930 a
3097 3866 3290 3934 talibus
3315 3883 3500 3949 quales
3523 3864 3732 3953 sumus,

2149 3952 2269 4006 iniri
2298 3962 2495 4022 potest,
2516 3957 2803 4025 quemlibet
2828 3971 3068 4017 nostrum
3095 3976 3422 4035 quinrentem
3449 3971 3735 4028 vehemen-

2148 4050 2230 4096 ter
2254 4054 2502 4113 augustat
2519 4087 2534 4111 ,
2567 4062 2633 4102 ne
2658 4047 2736 4103 sic
2760 4048 3109 4108 defendamus
3132 4057 3354 4125 gratiam
3373 4099 3390 4126 ,
3420 4069 3477 4115 ut
3507 4061 3737 4119 liberum

2146 4136 2424 4191 arbitrium
2453 4137 2667 4196 auferre
2707 4141 3016 4210 videamur;
3046 4162 3229 4204 rursus
3254 4190 3269 4212 ,
3307 4166 3376 4206 ne
3402 4152 3624 4208 liberum
3655 4156 3741 4211 sic

2146 4240 2448 4282 asseramus
2466 4229 2768 4298 arbitrium,
2787 4241 2845 4288 ut
2868 4235 3097 4304 superba
3126 4237 3399 4308 impietate
3425 4242 3615 4313 ingrati
3637 4243 3740 4301 Dei

2146 4319 2329 4388 gratize
2354 4319 2675 4388 iudicemur.

2216 4409 2306 4464 29.
2339 4409 2576 4481 Namque
2606 4412 2734 4468 illud
2760 4413 3001 4484 Apostoli
3030 4417 3170 4488 quod
3196 4424 3631 4492 commemoravi,
3657 4428 3742 4483 sic

2146 4499 2435 4557 defendere
2457 4503 2670 4573 quidam
2698 4507 3003 4575 voluerunt,
3032 4518 3090 4565 ut
3112 4512 3374 4577 dicerent,
3399 4533 3419 4566 ι
3445 4516 3563 4571 ideo
3579 4519 3743 4586 quid-

2153 4611 2172 4643 ι
2219 4593 2343 4663 quid
2371 4595 2530 4648 etiam
2572 4595 2724 4651 boum
2752 4599 3038 4656 voluntatis
3063 4601 3223 4658 habet
3265 4603 3460 4673 homo,
3494 4607 3603 4663 Deo
3631 4618 3741 4665 trt-

2153 4701 2171 4734 ι
2219 4683 2487 4739 buendum
2513 4700 2653 4753 esse,
2686 4689 2808 4758 quia
2839 4700 2895 4744 ct
2919 4690 3021 4747 hoc
3048 4693 3099 4747 in
3132 4695 3224 4750 illo
3244 4711 3364 4751 esse
3396 4713 3501 4752 non
3529 4711 3736 4768 posset,

2151 4791 2170 4825 α
2218 4774 2260 4827 si
2292 4774 2451 4829 homo
2474 4776 2586 4846 ipse
2619 4794 2722 4832 non
2750 4790 2931 4836 esset:
2964 4797 3085 4837 cum
3109 4800 3238 4840 vero
3265 4798 3320 4840 ut
3343 4787 3413 4841 sit
3435 4789 3630 4859 aliquid
3654 4802 3746 4845 at-

2151 4883 2170 4916 ι
2216 4881 2319 4936 que
2345 4875 2402 4921 ut
2428 4867 2592 4922 homo
2621 4870 2724 4936 sit,
2752 4886 2858 4925 non
2906 4873 3097 4929 habeat
3124 4876 3223 4931 nisi
3252 4893 3280 4930 a
3316 4878 3423 4933 Deo
3442 4923 3457 4945 ,
3488 4896 3584 4935 cur
3623 4898 3740 4939 non

2152 4976 2169 5007 ι
2215 4958 2418 5013 auctori
2445 4961 2554 5014 Deo
2576 4962 2838 5018 tribuatur
2860 4965 3022 5019 etiam
3048 4967 3305 5038 quidquid
3334 4968 3387 5024 in
3418 4971 3508 5026 illo
3525 4980 3607 5027 est
3639 4972 3742 5025 bo.

2150 5068 2170 5101 ι
2217 5066 2298 5103 nae
2327 5051 2631 5118 voluntatis,
2649 5055 2791 5123 quod
2824 5070 2929 5109 non
2957 5068 3121 5114 esset.
3140 5060 3242 5114 nisi
3256 5068 3414 5116 esset
3439 5062 3490 5116 in
3519 5077 3623 5132 quo
3649 5078 3743 5120 cs-

2151 5157 2170 5191 ι
2216 5141 2336 5227 set?
2372 5160 2392 5194 ι
2426 5141 2530 5196 Sed
2563 5143 2664 5198 hoc
2692 5144 2852 5199 modo
2879 5148 3038 5203 etiam
3068 5149 3196 5203 illud
3232 5150 3334 5205 dici
3375 5159 3582 5221 potest,
3615 5168 3743 5210 ma-

2143 5227 2247 5284 lam
2277 5246 2487 5301 quoque
2509 5232 2836 5289 voluntatem
2855 5236 2964 5292 Deo
2990 5240 3193 5293 auctori
3216 5241 3551 5297 tribuendam
3573 5260 3585 5296 :
3606 5246 3745 5313 quia

2144 5335 2242 5375 nec
2279 5320 2389 5390 ipsa
2431 5336 2550 5377 esse
2591 5333 2772 5392 posset
2800 5325 2853 5380 in
2894 5325 3143 5393 homine,
3173 5330 3273 5383 nisi
3319 5332 3476 5386 homo
3501 5343 3646 5387 esset
3680 5335 3744 5390 in

2143 5424 2249 5479 quo
2292 5422 2468 5477 esset;
2510 5421 2567 5467 ut
2608 5422 2789 5470 autem
2837 5414 2998 5472 homo
3042 5418 3146 5485 sit,
3196 5419 3338 5475 Deus
3380 5430 3567 5477 auctor
3606 5433 3697 5479 est
3724 5444 3744 5483 :

2143 5499 2214 5555 ita
2244 5511 2297 5557 et
2323 5502 2438 5571 ejus
2482 5503 2638 5558 malre
2676 5506 3002 5577 voluntatis,
3031 5525 3151 5580 qua:
3181 5512 3281 5567 nisi
3324 5512 3593 5569 hominem
3633 5516 3748 5573 ha-

2142 5592 2289 5648 beret
2316 5594 2403 5650 ubi
2428 5604 2605 5659 esset,
2639 5612 2757 5653 esse
2785 5599 3008 5656 omnino
3032 5616 3138 5657 non
3169 5612 3349 5673 posset
3372 5605 3386 5636 ⁸
3408 5645 3423 5670 ,
3456 5605 3598 5676 quod
3630 5621 3745 5664 ne-

2142 5688 2220 5743 fas
2249 5698 2330 5744 est
2362 5687 2560 5744 dicere.

2215 5784 2228 5813 ι
2266 5787 2392 5842 ωιτη
2416 5779 2484 5833 ita
2505 5788 2548 5833 et
2565 5781 2669 5845 ejus
2697 5782 2873 5837 malam
2903 5785 3213 5852 roltmtatem,
3241 5803 3350 5855 qua:
3382 5790 3475 5843 uisi
3499 5792 3750 5850 hontiucm
