4002 6180
294 285 400 342 109

362 403 450 460 50.
479 402 822 474 Quapropter
851 403 950 460 nisi
976 403 1344 466 obtineamus,
1367 417 1473 456 non
1503 401 1678 458 solum
1706 403 1894 456 volun-

291 497 418 552 tatis
447 495 733 552 arbitrium
755 537 770 562 ,
801 496 944 566 quod
971 497 1074 550 huc
1119 506 1279 565 atque
1314 493 1438 548 illuc
1473 492 1694 548 liberum
1728 493 1892 548 ﬂecti-

289 595 418 654 tur,
459 596 628 658 atque
675 588 730 642 in
774 587 854 642 eis
895 586 1228 642 naturalibus
1275 583 1428 638 bonis
1465 593 1544 640 est
1569 625 1584 650 ,
1616 583 1810 654 quibus
1839 594 1892 638 et

287 681 430 734 mle
457 680 536 734 uti
567 679 743 734 malus
770 688 964 750 potest,
1004 679 1096 734 sed
1123 679 1282 734 etiam
1312 677 1638 732 voluntatem
1670 676 1886 742 bonam,

285 787 408 841 qua:
426 771 538 842 jam
581 771 636 826 in
662 773 742 826 eis
771 771 924 827 bonis
951 779 1032 826 est
1053 812 1067 836 ,
1100 784 1326 840 quorum
1357 783 1476 824 esse
1507 783 1631 824 usus
1653 785 1756 823 non
1794 786 1888 839 po-

243 877 246 880 ·
287 871 394 916 test
419 862 626 930 malus,
655 862 757 918 nisi
777 879 842 918 ex
873 862 983 916 Deo
1017 861 1171 916 nobis
1205 875 1323 915 esse
1346 875 1448 914 non
1483 875 1671 930 posse,
1707 861 1886 916 nescio

285 953 740 1022 quemadmodum
767 951 1120 1008 defendamus
1145 949 1284 1019 quod
1325 949 1522 1004 dictum
1569 958 1654 1006 est
1693 969 1705 1002 :
1749 951 1886 1015 Quid

283 1045 420 1098 enim
453 1045 612 1098 habes
636 1045 772 1114 quod
802 1061 901 1098 non
929 1043 1166 1112 accepisti
1193 1041 1220 1096 .9
1259 1039 1391 1095 Nam
1435 1029 1500 1095 si.
1523 1041 1676 1096 nobis
1718 1042 1882 1097 libera

285 1135 534 1206 quedam
565 1136 812 1190 voluntas
841 1151 907 1191 ex
933 1136 1044 1190 Deo
1071 1144 1186 1202 est,
1216 1149 1334 1204 qua:
1366 1133 1540 1189 adhuc
1565 1145 1740 1206 potest
1764 1149 1883 1189 esse

281 1228 370 1282 vel
407 1228 554 1282 bona
585 1227 670 1282 vel
698 1228 835 1282 mala
859 1244 875 1293 ;
907 1227 1044 1282 bona
1075 1243 1202 1283 vero
1225 1229 1470 1284 voluntas
1491 1243 1556 1284 ex
1581 1226 1732 1282 nobis
1753 1235 1836 1280 est
1865 1244 1879 1280 :

283 1319 478 1372 melius
513 1303 596 1372 est
626 1317 678 1374 id
708 1317 849 1389 quod
888 1333 920 1373 a
955 1319 1138 1386 nobis,
1169 1335 1330 1390 quam
1369 1319 1512 1390 quod
1538 1317 1604 1374 ab
1643 1318 1732 1372 illo
1775 1327 1876 1372 est.

281 1411 434 1478 Quod
465 1413 512 1466 si
539 1412 924 1470 absurdissime
950 1413 1164 1478 dicitur,
1193 1423 1404 1484 oportet
1423 1413 1688 1470 fateantur
1716 1413 1878 1466 etiam

281 1503 483 1556 bonam
511 1503 842 1558 voluntatem
885 1520 983 1559 nos
1012 1503 1263 1560 divinitus
1292 1505 1533 1574 adipisci.
1562 1507 1876 1574 Quanquam

279 1593 532 1647 voluntas
579 1595 775 1648 mirum
805 1595 848 1648 si
879 1603 1052 1665 potest
1088 1595 1142 1650 in
1183 1595 1360 1651 medio
1392 1595 1621 1666 quodam
1649 1597 1718 1650 ita
1743 1609 1873 1650 con-

279 1685 472 1740 sistere
497 1687 520 1750 ,”
543 1693 604 1739 ut
631 1700 728 1740 nec
753 1685 894 1740 bona
925 1701 1024 1740 nec
1051 1686 1188 1740 mala
1217 1687 1305 1741 sit.
1331 1686 1596 1740 Autenim
1615 1685 1875 1755 justitiam

277 1773 554 1846 diligimus
576 1817 594 1842 ,
623 1785 678 1830 et
707 1775 842 1830 bona
880 1783 1000 1843 est;
1028 1785 1084 1831 et
1105 1777 1152 1832 si
1185 1777 1354 1848 magis
1378 1777 1674 1848 diligimus,
1708 1775 1874 1845 magis

277 1869 416 1922 bona
446 1885 466 1930 ;
495 1869 542 1924 si
569 1869 746 1924 minus
767 1909 784 1935 ,
815 1869 992 1923 minus
1019 1867 1158 1924 bona
1181 1878 1264 1925 est
1296 1887 1310 1924 :
1342 1879 1433 1924 aut
1454 1869 1500 1926 si
1521 1869 1740 1925 omnino
1765 1885 1872 1924 non

279 1959 594 2030 diligimus,
641 1975 746 2015 non
787 1960 924 2015 bona
952 1969 1054 2016 est.
1097 1961 1226 2028 Quis
1273 1976 1399 2016 vero
1441 1961 1645 2016 dubitet
1694 1959 1874 2016 dicere

277 2051 610 2104 voluntatem
657 2051 804 2104 nullo
859 2050 1017 2106 modo
1054 2051 1312 2120 justitiam
1369 2050 1713 2122 diligentem,
1762 2066 1869 2106 non

275 2142 438 2196 modo
467 2156 590 2197 esse
615 2142 808 2196 malam
829 2183 845 2210 ,
872 2141 965 2198 sed
991 2143 1150 2197 etiam
1182 2143 1824 2212 pessimamvoluntatcm
1846 2143 1872 2197 τ

275 2232 332 2288 Si
369 2248 502 2302 ergo
533 2233 781 2288 voluntas
824 2242 914 2288 aut
955 2233 1092 2288 bona
1120 2244 1231 2300 est,
1275 2244 1366 2288 aut
1403 2235 1536 2287 mala
1560 2274 1574 2300 ,
1608 2243 1663 2289 et
1689 2233 1869 2305 utique

275 2323 468 2378 malam
493 2340 600 2378 non
624 2323 882 2379 habemus
923 2341 988 2380 ex
1023 2325 1132 2380 Deo
1161 2343 1176 2392 ;
1205 2334 1370 2380 restat
1395 2335 1450 2380 ut
1471 2327 1664 2382 bonam
1691 2327 1870 2382 volun-

275 2421 438 2468 tatem
465 2413 762 2468 habeamus
786 2430 850 2470 ex
875 2415 984 2470 Deo
1013 2433 1025 2468 :
1056 2416 1290 2486 alioquin
1314 2415 1529 2483 nescio,
1558 2430 1680 2471 cum
1711 2417 1778 2472 ab
1801 2433 1868 2474 co

275 2503 626 2570 justifieamur
647 2544 664 2570 ,
690 2519 798 2575 quo
822 2505 929 2560 alio
959 2521 1180 2561 munere
1207 2507 1373 2576 ipsius
1397 2506 1629 2578 gaudere
1665 2505 1865 2564 debea—

273 2611 416 2650 mus.
441 2595 511 2648 Et
543 2596 666 2649 hinc
701 2597 954 2666 scriptum
993 2597 1226 2652 arbitror
1247 2638 1262 2663 ,
1302 2597 1530 2652 Paratur
1555 2601 1788 2654 voluntas
1833 2617 1864 2654 a

277 2683 494 2738 Domino
523 2685 718 2758 (Prov.
746 2703 870 2754 Vill,
905 2687 1008 2759 55)
1043 2697 1138 2753 ;et
1169 2688 1222 2742 in
1257 2688 1482 2744 Psalmis
1506 2729 1522 2756 ,
1559 2690 1605 2744 Α
1643 2690 1864 2746 Domino

271 2792 474 2846 gressus
501 2777 722 2832 hominis
762 2778 1043 2848 dirigentur
1065 2819 1081 2846 ,
1120 2789 1170 2833 et
1197 2780 1329 2832 viam
1367 2781 1476 2850 ejus
1515 2781 1642 2834 volet
1673 2780 1860 2853 (Psal.

275 2883 444 2922 xxxvi
463 2911 478 2935 ,
518 2869 620 2940 23)
651 2885 666 2934 ;
694 2879 750 2925 et
774 2871 915 2941 quod
937 2872 1222 2942 Apostolus
1248 2872 1354 2940 ait,
1375 2871 1513 2928 Deus
1530 2883 1601 2927 est
1624 2875 1754 2928 enim
1778 2877 1865 2947 qui

273 2969 513 3028 aperatnr
541 2960 594 3013 in
617 2961 752 3016 vobis
771 2971 820 3014 et
851 2961 975 3016 velle
993 2973 1039 3016 et
1066 2963 1295 3032 operari,
1325 2979 1418 3034 pro
1448 2963 1579 3017 bona
1612 2964 1865 3020 voluntate

271 3049 536 3122 (Philipp.
567 3069 626 3117 tt,
649 3053 769 3124 13).
1219 3051 1222 3054 λ

341 3143 434 3197 51.
476 3143 738 3212 Quocirca
761 3144 1012 3216 quoniam
1035 3145 1175 3217 quod
1206 3161 1236 3200 a
1265 3147 1373 3203 Deo
1389 3163 1487 3204 nos
1523 3147 1810 3204 avertimus
1839 3191 1859 3220 ,

271 3247 515 3290 nostrum
535 3244 620 3291 est
637 3278 651 3302 ,
682 3247 736 3292 et
757 3239 874 3292 hcce
901 3247 982 3293 est
1001 3239 1245 3296 voluntas
1265 3241 1402 3294 mala
1434 3257 1448 3306 ;
1475 3241 1618 3312 quod
1649 3259 1774 3298 vero
1793 3243 1862 3300 ad

271 3327 440 3382 Deum
467 3343 566 3382 nos
590 3330 950 3385 convertimus
973 3371 988 3396 ,
1019 3331 1120 3386 nisi
1146 3331 1264 3400 ipso
1291 3333 1558 3388 excitante
1583 3342 1744 3405 atque
1768 3335 1863 3390 ad-

267 3420 484 3488 juvantc
529 3435 635 3474 non
675 3435 962 3489 possumus
986 3463 1002 3488 ,
1043 3431 1096 3476 et
1130 3421 1248 3477 htnc
1273 3430 1358 3478 est
1399 3422 1644 3479 voluntas
1673 3425 1812 3482 bona
1843 3445 1857 3482 :

267 3509 396 3579 quid
425 3509 682 3564 habemus
708 3512 848 3580 quod
869 3527 974 3566 non
999 3513 1343 3584 accepimus?
1367 3513 1422 3570 Si
1453 3523 1630 3570 autem
1651 3520 1860 3590 accepi-

269 3615 420 3664 mus,
447 3600 574 3670 quid
605 3601 915 3672 gloriamur,
938 3603 1087 3672 quasi
1111 3619 1214 3658 non
1241 3605 1645 3674 acceperimus?
1667 3609 1744 3662 Ac
1767 3624 1863 3678 per

271 3689 394 3754 hoc,
423 3703 476 3744 ut
497 3691 583 3761 qui
602 3692 870 3762 gloriatur,
889 3693 942 3747 in
967 3693 1184 3748 Domino
1203 3695 1446 3766 glorietur
1468 3696 1512 3766 (ι
1541 3697 1658 3752 Cor.
1681 3714 1720 3768 ι,
1743 3698 1858 3770 51),

269 3781 463 3851 quibus
489 3781 590 3836 hoc
619 3782 762 3838 Deus
786 3783 990 3840 donare
1035 3784 1294 3852 voluerit,
1335 3788 1453 3856 ejus
1481 3786 1861 3847 misericordia:

267 3882 388 3938 est,
420 3889 524 3928 non
553 3875 730 3929 meriti
760 3875 974 3932 illorum
1008 3895 1022 3932 :
1049 3877 1240 3948 quibus
1265 3888 1444 3933 autem
1464 3879 1728 3947 noluerit,
1768 3897 1864 3938 ve-

269 3968 444 4022 ritatis
469 3976 572 4022 est.
605 3967 756 4022 Justa
789 3983 1015 4040 namque
1046 3971 1414 4040 peccatoribus
1441 3987 1594 4042 pinna
1616 3971 1860 4044 debetur,

267 4062 520 4128 quoniam
571 4061 971 4116 misericordiam
1009 4074 1054 4116 et
1099 4063 1356 4120 veritatem
1403 4065 1570 4135 diligit
1613 4063 1862 4123 Dominus

271 4150 410 4206 Deus
437 4153 456 4224 (
481 4153 629 4208 Psal.
675 4170 874 4209 Lxxxut
897 4196 914 4222 ,
959 4154 1108 4230 12);
1150 4165 1205 4212 et
1228 4158 1573 4214 misericordia
1610 4169 1656 4216 et
1682 4162 1863 4216 veritas

271 4256 602 4322 occurrerunt
620 4247 714 4301 sibi
747 4245 932 4320 (Psal.
962 4265 1203 4318 uxxrv,
1233 4251 1294 4305 11
1315 4250 1376 4322 );
1405 4261 1460 4308 et
1491 4253 1739 4310 universa:
1770 4255 1864 4312 viz

273 4317 482 4390 Domini
523 4317 874 4392 misericordia
910 4349 958 4394 et
997 4317 1220 4412 veritas(
1245 4317 1394 4396 Psal.
1427 4357 1590 4412 utv,
1623 4343 1752 4417 10).
1798 4346 1864 4400 Et

273 4429 390 4498 quis
423 4430 656 4498 explicet
693 4445 850 4499 quam
877 4431 1068 4486 crebro
1097 4431 1210 4488 hinc
1248 4431 1354 4487 duo
1379 4433 1658 4504 conjuncta
1685 4435 1861 4492 divina

271 4517 542 4590 Scriptura
573 4529 960 4576 commemoret
982 4521 1320 4592 ?Aliquando
1344 4523 1506 4578 etiam
1532 4526 1747 4580 mutatis
1767 4542 1864 4580 no-

275 4611 506 4666 minibus
529 4651 546 4677 ,
581 4619 638 4664 ut
681 4613 846 4681 gratia
874 4627 971 4682 pro
1009 4613 1373 4668 misericordia
1403 4624 1632 4684 ponatur
1660 4633 1676 4670 :
1723 4617 1863 4674 unde

269 4711 356 4756 est
373 4743 390 4768 ,
417 4700 483 4756 Et
505 4703 724 4756 vidimus
743 4703 960 4776 gloriam
981 4706 1092 4776 ejus
1110 4747 1125 4774 ,
1157 4705 1372 4777 gloriam
1401 4717 1639 4778 tanquam
1675 4705 1862 4781 Unige-

269 4797 364 4849 uiti
403 4813 438 4850 a
475 4796 666 4862 Patre,
715 4801 918 4868 plenum
942 4800 1110 4871 gratia
1147 4809 1193 4853 et
1217 4801 1420 4854 veritate
1448 4799 1634 4875 (Joan.
1661 4819 1701 4870 t,
1729 4805 1795 4858 M
1815 4803 1858 4875 ).

265 4889 574 4958 Aliquando
605 4907 700 4960 pro
747 4891 968 4946 veritate
989 4891 1248 4960 judicium
1290 4909 1304 4946 :
1337 4893 1476 4948 sicut
1504 4902 1620 4958 est,
1653 4894 1860 4950 Miseri-

263 4982 498 5035 cordiae;
519 4991 566 5034 et
575 4981 834 5054 judicium
852 4984 1065 5037 cantabo
1089 4983 1216 5052 tibi,
1241 4981 1498 5057 Domine(
1523 4981 1665 5040 Psal.
1690 5000 1741 5052 c,
1779 4987 1856 5058 1).

261 5113 464 5164 habere:
495 5110 548 5163 in
563 5117 830 5180 quamet,
855 5126 956 5166 esse
1203 5127 1299 5180 non
1321 5123 1476 5180 posset
1491 5153 1508 5177 ,
1531 5117 1598 5168 ad
1617 5121 1863 5171 auctorem

257 5185 426 5246 Deum
457 5188 562 5226 esse
579 5176 582 5177 ⁷
597 5177 922 5246 νςῖενεῃαιιιηπ
949 5176 1116 5246 Ultima
1149 5176 1509 5246 isthaac'verba,
1525 5181 1590 5229 ad
1604 5187 1863 5246 auctorem

261 5245 426 5288 Deum
440 5251 544 5288 esse
556 5237 1240 5300 referendum,réxpunximus,
1257 5247 1482 5290 revocata
1497 5241 1682 5290 hucilla
1697 5241 1861 5292 lectio-

259 5315 354 5356 ne,
377 5307 446 5349 tta
465 5305 512 5350 et
533 5297 640 5358 eius
656 5297 804 5350 mala
826 5297 1106 5358 natiuitatis;
1127 5297 1349 5362 subaudi,
1373 5309 1502 5354 Deus
1515 5310 1682 5352 auctor
1701 5311 1822 5354 esset
1841 5316 1862 5356 :

261 5361 632 5436 quam‘quidem
655 5363 993 5473 .t.gerimusit1
1018 5363 1162 5412 editis
1177 5361 1357 5412 Am.Er.
1378 5369 1429 5413 et
1452 5364 1508 5436 in_
1523 5367 1748 5415 omnibus
1763 5377 1862 5414 ma-

263 5431 527 5473 nuscrmus
737 5435 815 5473 us.
840 5437 870 5473 e
892 5425 1072 5473 ambus
1107 5431 1272 5473 tamen
1293 5424 1510 5473 nonnulli
1525 5461 1540 5473 .
1565 5434 1698 5473 post.
1718 5425 1862 5473 nulla

263 5425 527 5494 amipli:
548 5424 815 5483 (amabas,
840 5437 870 5474 e
892 5425 1072 5486 quibus
1107 5431 1272 5496 tamen
1293 5424 1540 5486 nonnulli,
1565 5434 1698 5498 post,
1718 5425 1864 5478 mala!

259 5483 522 5535 uoluntatis
539 5519 556 5544 ,
601 5497 864 5548 perperam
901 5485 1098 5546 addunt,
1143 5493 1336 5538 nntium
1351 5499 1370 5537 :
1399 5499 1587 5538 necnon
1609 5491 1728 5537 intra
1751 5503 1864 5540 cun.

261 5519 564 5610 ῖιέιῗζὲῗῐῖᾇ
580 5519 1098 5610 Ηῶὶῖτῆῒᾶῑὲἷὲ
1113 5519 1860 5610 εἷεῖἲᾜεὶἱᾶἴῆπῶὥὲ

257 5607 476 5676 qmdatn
515 5609 905 5676 Parisiensianni
947 5609 1084 5676 itit-6,
1108 5611 1180 5676 sic
1220 5607 1534 5676 legitur:_lta
1555 5616 1598 5662 et
1622 5609 1858 5676 quidquid

259 5675 339 5742 est
361 5669 520 5742 male.
547 5669 822 5728 voluntatis,
845 5683 956 5742 quae
973 5669 1077 5722 nisi
1105 5669 1344 5724 hominém
1365 5671 1561 5724 haberet
1601 5669 1684 5724 ubi
1717 5669 1856 5736 esset,

259 5740 370 5782 esse
391 5740 583 5784 manna
599 5745 694 5784 non
715 5741 887 5796 posset.

752 5823 1022 5886 Ps'an.
1059 5821 1280 5882 XLIV.

1603 279 1804 338 LIBER
1841 280 2219 341 SECUNDUS.

3485 291 3586 348 170

2076 403 2164 460 32.
2196 403 2368 471 Quare
2407 413 2585 462 autem
2628 407 2747 462 illos
2773 406 2899 463 velit
2927 417 3240 466 convertere
3263 447 3282 478 ,
3326 407 3446 464 illos
3483 425 3580 480 pro

2003 497 2283 553 aversione
2327 499 2516 569 punire
2562 517 2575 553 :
2621 513 2924 570 quanquam
2969 509 3026 555 et
3075 501 3128 554 in
3173 499 3437 556 beneficio
3481 503 3580 554 tri-

2005 587 2218 644 buendo
2247 604 2403 645 nemo
2426 589 2570 660 juste
2599 589 2958 660 reprehendat
2979 590 3380 647 misericordem
3405 634 3421 658 ,
3453 601 3505 646 et
3531 593 3584 646 in

2000 678 2230 734 vindicta
2248 681 2564 748 exercenda,
2589 697 2745 736 nemo
2761 682 2904 753 juste
2917 682 3276 752 reprehendat
3299 699 3581 750 veracem;

1997 769 2138 826 sicut
2185 771 2236 826 in
2287 771 2392 826 illis
2437 773 2756 844 evangelicis
2818 773 3104 844 operariis,
3166 773 3283 828 aliis
3334 773 3580 843 placitam

1995 860 2298 918 mercedem
2327 863 2668 929 reddentem,
2700 865 2820 920 aliis
2845 866 3003 921 etiam
3036 881 3138 920 non
3167 865 3418 936 placitam
3467 865 3580 919 lar-

1992 954 2226 1024 gientem
2269 953 2478 1026 (Matth.
2520 972 2624 1022 xx,
2677 957 2744 1024 9,
2791 955 2918 1028 10),
2972 957 3150 1012 nullus
3200 957 3344 1026 juste
3391 956 3582 1026 culpa-

1993 1045 2128 1100 verit
2171 1064 2186 1101 :
2229 1047 2508 1102 consilium
2562 1056 2738 1102 tamen
2795 1048 3100 1104 occultioris
3145 1047 3364 1118 justitite
3411 1063 3578 1117 penes

1991 1139 2164 1208 ipsum
2195 1149 2296 1193 est.

2059 1227 2286 1286 CAPUT
2315 1229 2455 1285 XIX.
2481 1260 2554 1270 —
2579 1229 2682 1284 Per
2709 1231 2924 1302 gratiam
2947 1239 2992 1283 et
3021 1229 3239 1300 cognitio
3266 1230 3382 1284 boni
3409 1239 3456 1284 et
3481 1233 3574 1283 dc:-

1988 1320 2206 1374 lectatio.
2229 1319 2338 1375 Nos
2361 1329 2618 1390 quantum
2645 1335 2958 1376 concessum
2984 1327 3068 1374 est
3089 1319 3392 1389 sapiamus;
3419 1329 3472 1374 et
3494 1321 3546 1375 in
3564 1351 3580 1366 -

1989 1413 2319 1482 telligamus,
2368 1413 2412 1468 si
2461 1427 2781 1484 possumus,
2833 1413 3114 1468 Dominum
3161 1413 3327 1468 Deum
3373 1412 3572 1466 bonum

1985 1501 2106 1558 ideo
2151 1503 2311 1559 etiam
2359 1505 2557 1560 sanctis
2613 1505 2722 1559 suis
2765 1503 2990 1572 alicujus
3033 1503 3211 1572 operis
3258 1501 3390 1572 justi
3421 1503 3439 1534 ί
3466 1503 3572 1556 ali-

1983 1595 2196 1664 quando
2218 1611 2322 1650 non
2347 1597 2580 1650 tribuere
2603 1595 2688 1650 vel
2713 1603 2914 1650 certam
2944 1595 3242 1660 scientiam,
3272 1594 3354 1650 vel
3382 1593 3568 1649 victri-

1982 1699 2099 1740 cem
2127 1685 2536 1741 delcctationem
2554 1729 2568 1753 ,
2597 1694 2656 1740 ut
2673 1693 3000 1758 cognoscant
3023 1701 3128 1740 non
3149 1701 3178 1738 a
3205 1701 3264 1739 se
3285 1685 3414 1755 ipsis
3433 1726 3448 1752 ,
3472 1683 3570 1739 sed

1981 1777 2048 1830 ab
2090 1776 2180 1830 illo
2221 1777 2323 1832 sibi
2367 1791 2488 1832 esse
2537 1777 2746 1844 lucem,
2789 1791 2890 1847 qua
2937 1775 3302 1830 illuminentur
3331 1774 3570 1830 tenebra:

1979 1883 2166 1922 eorum
2193 1910 2207 1936 ,
2257 1877 2312 1924 et
2353 1869 2668 1924 suavitatem
2707 1883 2812 1939 qua
2841 1865 2931 1922 det
2959 1865 3188 1922 fructum
3232 1881 3386 1920 suum
3419 1873 3565 1918 terra

1975 1972 2183 2013 eorum.

2048 2051 2136 2106 55.
2168 2049 2302 2105 Cum
2331 2057 2510 2105 autem
2552 2050 2619 2105 ab
2665 2050 2757 2105 illo
2783 2051 2922 2105 illius
2949 2049 3270 2120 adjutorium
3295 2041 3559 2118 depreca-

1975 2155 2096 2194 mur
2118 2139 2184 2194 ad
2214 2139 2508 2198 faciendam
2552 2140 3041 2211 perticiendamque
3081 2139 3372 2210 justitiam,
3422 2137 3553 2209 quid

1973 2233 2115 2289 aliud
2142 2233 2511 2304 deprecamur,
2552 2247 2710 2303 quam
2739 2241 2795 2286 ut
2819 2233 3022 2301 aperiat
3064 2229 3204 2300 quod
3243 2230 3471 2296 latebat,
3506 2239 3562 2282 et

1973 2340 2136 2382 suave
2167 2325 2324 2381 faciat
2343 2325 2484 2396 quod
2521 2341 2628 2380 non
2655 2325 2987 2381 delectabat?
3007 2325 3128 2395 quia
3158 2333 3212 2379 et
3250 2324 3351 2378 hoc
3378 2323 3446 2377 ab
3467 2323 3560 2377 illo

1971 2431 2094 2473 esse
2121 2415 2516 2487 deprecandum
2537 2457 2554 2484 ,
2582 2417 2698 2486 ejus
2718 2419 2886 2487 gratia
2917 2415 3220 2479 didicimus,
3251 2413 3376 2468 dum
3397 2421 3557 2468 antea

1971 2507 2194 2574 lateret;
2226 2507 2344 2578 ejus
2383 2508 2553 2578 gratia
2589 2506 2892 2572 dileximus,
2919 2505 3044 2560 dum
3073 2515 3230 2560 antea
3267 2517 3376 2558 non
3404 2501 3558 2558 dele-

1970 2611 2140 2656 ctaret
2169 2619 2182 2656 :
2213 2611 2264 2654 ut
2284 2603 2369 2671 qui
2389 2602 2660 2674 gloriatur,
2683 2617 2788 2655 non
2818 2599 2873 2655 in
2900 2615 2977 2666 se,
3003 2598 3097 2655 sed
3127 2599 3179 2651 in
3205 2596 3424 2650 Domino
3444 2597 3559 2667 glo-

1969 2692 2146 2746 rietur.
2160 2692 2358 2746 Extolli
2378 2693 2573 2762 quippe
2599 2693 2651 2746 in
2677 2691 3003 2762 supetbiam,
3023 2687 3253 2760 propriae
3269 2687 3558 2743 voluntatis

1969 2794 2050 2839 est
2078 2783 2351 2840 hominum
2373 2826 2388 2850 ,
2431 2800 2537 2838 non
2584 2785 2762 2854 cperis
2789 2783 2885 2837 Dei
2928 2801 2940 2835 :
2984 2797 3156 2852 neque
3182 2782 3324 2835 enim
3352 2779 3417 2834 ad
3448 2779 3552 2835 hoc

1969 2891 2062 2931 eos
2091 2877 2362 2946 compellit
2390 2885 2482 2930 aut
2501 2877 2720 2946 adjuvat
2743 2875 2901 2929 Deus.
2931 2873 3192 2930 Praecedit
3221 2887 3348 2943 ergo
3363 2873 3416 2928 in
3447 2889 3546 2926 vo-

1967 2964 2171 3022 luntate
2195 2965 2428 3022 hominis
2452 2967 2718 3038 appetitus
2735 2965 2950 3037 quidam
2979 2965 3208 3036 propria:
3233 2965 3512 3035 potestatis
3536 3008 3551 3032 ,

1967 3064 2026 3111 ut
2051 3055 2142 3111 fiat
2171 3056 2483 3113 inobediens
2509 3073 2604 3128 per
2630 3055 2956 3127 superbiam.
2989 3055 3086 3110 Hic
3119 3065 3294 3110 autem
3340 3057 3552 3126 appeti-

1965 3147 2237 3203 tusetiam
2285 3151 2307 3181 ³
2351 3149 2396 3204 si
2445 3165 2551 3204 non
2582 3159 2758 3215 esset,
2801 3147 2931 3202 nihil
2969 3147 3252 3202 molestum
3297 3157 3466 3214 esset;
3499 3159 3556 3201 et

1964 3253 2088 3295 cum
2109 3239 2214 3295 hoc
2239 3237 2409 3294 voluit
2439 3239 2620 3307 homo,
2647 3241 2764 3295 sine
2789 3237 3098 3294 difficultate
3125 3238 3386 3294 noluisset
3413 3254 3428 3290 :
3460 3255 3552 3293 sc-

1965 3338 2146 3386 cutum
2174 3337 2258 3385 est
2282 3339 2457 3384 autem
2488 3345 2554 3385 ex
2575 3329 2748 3384 debita
2767 3329 2908 3400 justa
2935 3343 3090 3397 pmna
3119 3329 3222 3384 tale
3253 3329 3456 3396 vitium,
3491 3341 3548 3382 ιιι

1962 3421 2072 3492 jam
2098 3420 2378 3477 molestum
2405 3431 2546 3477 esset
2565 3421 2782 3477 obedire
2805 3421 3046 3490 justitiae.
3066 3421 3218 3488 Quod
3243 3421 3426 3476 vitium
3449 3422 3552 3476 nisi

1965 3516 2252 3586 adjuvantc
2279 3517 2448 3586 gratia
2485 3525 2786 3584 superetur,
2817 3513 2885 3570 ad
2907 3515 3169 3584 justitiam
3218 3531 3374 3570 nemo
3417 3529 3551 3569 con-

1965 3607 2225 3676 vertitur;
2257 3606 2358 3660 nisi
2396 3614 2652 3676 cperantc
2681 3606 2846 3676 gratia
2875 3615 3110 3672 sanetur,
3155 3605 3372 3674 justitite
3419 3621 3553 3676 pace

1967 3713 2126 3752 nemo
2153 3696 2463 3769 perfruitur.
2496 3696 2658 3767 Cujus
2692 3706 2870 3751 autem
2914 3697 3081 3768 gratia
3127 3697 3361 3751 vincitur
3383 3705 3436 3751 ct
3465 3711 3554 3750 sa-

1967 3798 2142 3852 natur,
2167 3789 2270 3843 nisi
2296 3787 2437 3842 illius
2464 3787 2548 3842 cui
2576 3785 2790 3852 dicitur,
2821 3785 3063 3841 Converte
3084 3803 3176 3841 nos
3195 3828 3210 3852 ,
3252 3785 3392 3839 Deus
3413 3789 3566 3841 sanis

1967 3887 2128 3932 totum
2165 3888 2474 3944 nostrarum,
2505 3887 2552 3932 et
2574 3888 2740 3932 averte
2763 3878 2894 3932 iram
2937 3887 3081 3932 tuam
3121 3895 3152 3932 a
3188 3877 3330 3932 nobis
3377 3875 3548 3948 (Psal.

1968 3987 2181 4038 Lxxxw,
2205 3971 2297 4042 5)?
2319 3969 2472 4040 Quod
2491 3979 2544 4026 et
2568 3972 2612 4026 si
2640 3969 2787 4036 facit,
2819 3971 3182 4026 misericordia
3217 3970 3360 4037 facit,
3383 3977 3439 4024 ut
3466 3971 3550 4022 di-

1966 4071 2137 4128 catur,
2167 4061 2222 4116 Ν
2225 4079 2290 4116 οη
2316 4063 2590 4116 secundum
2611 4071 2816 4132 peccata
2842 4069 3014 4114 nostra
3038 4061 3156 4132 fecit
3185 4060 3328 4113 nobis
3349 4101 3364 4124 ,
3393 4075 3554 4127 neque

1966 4153 2242 4208 secundum
2269 4153 2556 4222 iniquitates
2587 4160 2786 4204 nostras
2827 4151 3056 4204 retribuit
3081 4151 3221 4204 nobis
3241 4147 3414 4220 (Psal.
3442 4159 3562 4214 cn,‘

1969 4241 2081 4314 10).
2125 4243 2191 4297 Et
2229 4241 2421 4312 quibus
2448 4257 2555 4296 non
2589 4239 2750 4308 facit,
2777 4239 2978 4311 judicio
3006 4255 3111 4295 non
3143 4239 3286 4295 facit.
3319 4241 3387 4295 Et
3429 4243 3552 4311 quis

1968 4333 2109 4388 dicet
2135 4331 2244 4398 illi,
2289 4331 2426 4400 Quid
2449 4330 2657 4396 fecisti,
2705 4331 2790 4386 cui
2821 4329 3184 4386 misericordia
3215 4340 3270 4386 et
3291 4331 3552 4402 judicium

1967 4425 2053 4496 pia
2078 4429 2380 4480 sanctorum
2411 4431 2591 4478 mente
2619 4423 2900 4478 cantatur?
2919 4422 3122 4478 idcirco
3147 4424 3307 4479 etiam
3339 4436 3554 4480 sanctos

1967 4526 2021 4570 et
2048 4515 2231 4570 fideles
2261 4530 2385 4570 suos
2411 4516 2464 4568 in
2490 4513 2757 4584 aliquibus
2787 4515 2931 4569 vitiis
2976 4515 3178 4570 tardius
3205 4525 3388 4584 sanat,
3418 4527 3475 4571 ut
3500 4515 3554 4571 iu

1969 4605 2052 4663 his
2076 4624 2168 4664 eos
2193 4609 2368 4663 minus
2391 4623 2548 4679 quam
2581 4607 2862 4678 implenda:
2893 4627 2956 4663 ex
2981 4609 3126 4663 onmi
3157 4619 3307 4679 parte
3332 4609 3555 4679 justitiai

1968 4701 2184 4769 sufficit,
2216 4701 2448 4757 delectet
2473 4702 2708 4764 bonum,
2740 4701 2852 4756 sive
2894 4717 3014 4756 cum
3063 4701 3228 4766 latet,
3274 4703 3386 4755 sive
3430 4717 3553 4757 cum

1967 4795 2126 4848 etiam
2157 4791 2494 4848 manifestum
2522 4803 2609 4849 est
2638 4810 2652 4847 :
2687 4801 2742 4846 ut
2783 4801 3036 4862 quantum
3066 4791 3292 4861 pertinet
3319 4791 3383 4844 ad
3412 4793 3552 4846 inte-

1967 4885 2252 4954 gerrimam
2279 4884 2518 4954 regulam
2547 4883 2784 4938 veritatis
2825 4882 2940 4950 ejus
2961 4923 2976 4950 ,
3009 4897 3114 4935 non
3139 4879 3458 4950 justificetur
3499 4883 3554 4938 in

1967 4984 2258 5044 conSpectn
2287 4974 2402 5046 ejus
2427 4975 2602 5030 omnis
2630 4973 2834 5028 vivens.
2863 4973 2973 5028 Nec
3003 4971 3054 5026 in
3081 4985 3148 5026 eo
3175 4971 3292 5042 ipso
3319 4973 3432 5027 vult
3455 4989 3554 5028 nos

1969 5065 2299 5122 damnabiles
2343 5080 2489 5128 esse,
2537 5066 2632 5120 sed
2678 5065 2940 5128 humiles,
2973 5063 3355 5118 commendans
3399 5066 3554 5120 nobis

1967 5157 2211 5215 eamdem
2253 5159 2478 5228 gratiam
2527 5171 2678 5211 suam
2712 5175 2725 5210 :
2771 5171 2836 5210 ne
2867 5155 3172 5209 facilitatem
3215 5155 3268 5209 in
3305 5155 3554 5210 omnibus

1967 5249 2215 5314 assecuti,
2247 5260 2487 5304 nostrum
2519 5259 2763 5318 putemus
2810 5261 2931 5303 esse
2973 5246 3118 5318 quod
3164 5249 3280 5320 ejus
3310 5257 3426 5315 est;
3459 5249 3556 5320 qui

1967 5357 2120 5398 error
2141 5341 2366 5396 multum
2393 5351 2474 5397 est
2503 5339 2744 5410 religioni
2775 5341 3064 5411 pietatique
3091 5341 3413 5398 contrarius.
3443 5341 3556 5397 Nec

1968 5434 2090 5490 ideo
2117 5444 2292 5488 tamen
2321 5434 2372 5487 in
2401 5431 2604 5487 eisdem
2635 5433 2778 5487 vitiis
2799 5431 2952 5488 nobis
2983 5433 3401 5502 permanendum
3431 5447 3554 5488 esse

2031 5614 2068 5686 ’Δ
2083 5612 2200 5684 aliti
2220 5647 2235 5670 ,
2531 5612 2828 5676 Castigantur
2847 5613 3028 5664 auxilio
3059 5621 3140 5663 us.
3167 5615 3374 5667 Vaticani
3403 5612 3544 5664 cuius

1967 5683 2020 5724 et
2040 5681 2421 5738 Cygit‘annensis.

2031 5739 2050 5768 ⁸
2083 5744 2132 5786 tn
2171 5745 2272 5786 .uss.
2301 5733 2542 5788 nonnullis
2559 5736 2718 5802 deest,
2742 5735 2906 5790 etiam.

3073 5825 3292 5892 (Sila)
