4002 6178
360 340 494 399 πιιλτι

346 458 784 526 --~existimotnas,
817 457 911 515 sed
933 458 1188 514 adversus
1207 456 1376 528 ipsam
1399 454 1630 511 maxime
1650 451 1980 522 superbiam,

355 566 797 628 "propterquam
820 555 874 610 in
893 553 972 612 eis
1000 552 1367 620 humiliamur,
1387 559 1444 607 et
1469 562 1568 604 nos
1591 546 1872 619 vigilanter
1894 557 1988 599 co-

342 669 354 682 ι
399 659 688 712 nenmr,~'et
717 647 889 720 ipsum
915 647 1269 718 deprecemur
1295 644 1564 710 ardenter,
1598 639 1756 697 simul
1785 633 1986 692 intelli-

349 749 380 784 ίι
399 749 590 808 gentes
612 749 666 793 et
686 737 826 810 quod
853 738 928 794 sic
949 751 1228 804 conamur,
1253 733 1465 809 etquod
1497 734 1574 790 sic
1595 731 1947 802 deprecamur
1966 767 1982 793 ,

399 829 544 886 dono
559 829 699 884 illius
721 844 820 886 nos
841 830 1038 886 habere
1057 846 1072 886 :
1093 838 1148 884 ut
1163 829 1215 886 in
1237 828 1487 886 omnibus
1504 823 1686 880 nonad
1703 837 1800 878 nos
1815 818 1988 892 respi-

341 947 348 956 ·
384 923 624 985 cientes.
653 922 748 980 sed
775 937 986 980 sursum
1011 937 1104 980 eor
1128 923 1406 988 habentes,
1430 919 1657 977 Domino
1675 917 1784 974 Deo
1800 926 1986 972 nostro

344 1047 354 1053 -
392 1014 594 1079 gratias
619 1029 837 1083 agamus
858 1053 872 1078 ,
901 1022 1096 1070 etcum
1121 1013 1431 1085 gloriamur,
1476 1011 1528 1066 in
1558 1009 1649 1066 illo
1671 1007 1980 1080 gloriemur.

447 1097 682 1159 CAPUT
714 1103 909 1160 XX.—-—
923 1105 1011 1161 Si.
1029 1105 1110 1159 Ad
1118 1115 1348 1175 quartam
1361 1104 1683 1176 qumtionem
1695 1098 1981 1173 respondet,

375 1195 619 1260 nultum,
649 1204 855 1266 excepto
881 1195 1100 1264 Christo,
1130 1196 1306 1269 fuisse,
1329 1194 1407 1252 rei
1433 1210 1540 1251 esse
1564 1209 1731 1264 posse,
1762 1191 1848 1264 qni
1869 1189 1985 1245 nul-

397 1289 504 1340 tum
533 1285 715 1342 [wheat
740 1298 1020 1358 peccatum.
1048 1289 1308 1356 Quartum
1332 1286 1445 1358 jam
1495 1285 1621 1341 illud
1647 1289 1846 1351 restat,
1876 1297 1984 1353 quo

343 1401 350 1407 ·
397 1377 650 1448 explicito
681 1379 698 1412 ⁸
725 1387 981 1450 quantum
1005 1381 1220 1449 adjuvat
1250 1377 1540 1444 Dominus,
1571 1390 1750 1432 sermo
1774 1387 1984 1445 quoque

399 1467 501 1523 iste
523 1478 631 1524 tam
654 1469 890 1540 prolixus
915 1469 1125 1524 tandem
1150 1469 1432 1524 terminum
1455 1477 1662 1531 sumat,
1687 1477 1868 1521 utrum
1893 1461 1984 1534 qui

397 1558 618 1616 omnino
633 1575 902 1631 nunquam
918 1561 1079 1618 ullum
1092 1570 1368 1634 peccatum
1383 1560 1626 1618 habuerit
1641 1558 1984 1614 habiturusve

400 1651 490 1715 sit,
510 1665 616 1706 non
634 1650 810 1707 solum
831 1653 1110 1725 quisquam
1129 1662 1374 1710 natorum
1391 1652 1666 1708 hominum
1685 1651 1773 1716 sit,
1798 1663 1980 1705 verum

396 1742 557 1797 etiam
587 1744 820 1813 potuerit
842 1744 1130 1816 aliquando
1152 1758 1294 1812 esse,
1329 1743 1411 1800 vel
1440 1745 1626 1814 possit.
1661 1741 1813 1798 llunc
1840 1753 1986 1811 pror-

397 1848 492 1892 sus
515 1834 614 1890 nisi
647 1851 808 1890 unum
835 1835 1182 1892 mediatorcm
1210 1835 1306 1892 Dei
1325 1845 1380 1892 et
1406 1835 1682 1892 hominum
1710 1832 1982 1889 hominem

396 1925 666 1980 Christum
697 1925 880 1982 desum
899 1965 917 1992 ,
948 1926 1152 1982 nullum
1175 1927 1258 1982 vel
1283 1939 1436 1992 esse,
1469 1925 1554 1980 vel
1581 1923 1766 1989 fuisse,
1793 1923 1878 1980 vel
1903 1923 1983 1978 fu-

395 2024 740 2085 turum'esse,
768 2017 1127 2075 certissimum
1154 2027 1258 2075 est.
1303 2016 1455 2076 Unde
1489 2015 1600 2087 jam
1630 2015 1797 2071 multa
1838 2013 1981 2072 dixi-

393 2121 515 2163 mus
543 2107 611 2172 de
641 2107 912 2180 Baptismo
941 2109 1308 2180 parvulorum,
1341 2107 1431 2180 qui
1455 2107 1502 2162 si
1539 2105 1744 2161 nullum
1793 2119 1982 2176 pecea-

396 2206 508 2254 tum
536 2198 752 2268 bahent,
785 2215 891 2256 non
918 2199 1090 2254 solum
1125 2209 1249 2255 sunt
1289 2197 1535 2254 homines
1569 2195 1984 2278 innumerabiles

393 2289 511 2345 sine
537 2299 792 2359 peccato;
830 2305 1014 2347 verum
1050 2290 1210 2347 etiam
1240 2288 1453 2346 fuerunt
1475 2331 1492 2355 ,
1519 2297 1574 2344 et
1605 2297 1782 2344 erunt.
1813 2287 1982 2344 Porro

393 2377 440 2430 si
467 2379 730 2436 veraciter
759 2379 889 2436 illud
930 2379 1202 2445 constitit,
1253 2378 1393 2435 unde
1437 2377 1674 2433 secundo
1724 2378 1842 2432 loco
1871 2375 1982 2447 egi-

393 2483 536 2536 mus,
561 2467 827 2524 neminem
859 2483 980 2524 esse
1005 2469 1123 2534 sine
1149 2477 1368 2540 peccato
1407 2467 1635 2539 (Supra,
1683 2484 1775 2521 nu.
1803 2465 1858 2534 8,
1885 2463 1979 2540 9);

395 2561 638 2631 profecto
665 2576 764 2618 nec
787 2563 986 2631 parvuli
1013 2562 1130 2618 sine
1160 2572 1380 2633 peccato
1404 2569 1548 2616 sunt.
1581 2559 1658 2614 Ex
1687 2575 1794 2630 quo
1814 2559 1984 2614 conﬁ-

393 2657 552 2720 citur,
583 2655 684 2710 etsi
728 2654 1005 2726 quisquam
1037 2654 1090 2710 in
1120 2655 1218 2710 hac
1245 2658 1350 2709 vita
1404 2667 1526 2709 esse
1567 2652 1860 2722 potuisset,
1890 2649 1982 2721 qui

396 2751 592 2803 virtute
631 2747 702 2802 ita
751 2749 1116 2818 perﬁceretur,
1159 2759 1214 2802 ut
1249 2746 1316 2802 ad
1347 2755 1545 2802 tantam
1593 2742 1980 2814 plenitudinem

393 2842 612 2910 justitia:
641 2841 976 2909 perveniret,
1007 2856 1109 2912 qua
1139 2840 1338 2896 nullum
1365 2839 1584 2894 haberet
1609 2838 1830 2892 omnino
1861 2849 1983 2907 pec-

387 2940 569 2990 eatum
591 2972 606 2997 ,
633 2931 794 2986 luisse
825 2939 1000 2986 tamen
1031 2946 1152 2986 cum
1177 2940 1335 2984 antea
1371 2938 1732 3000 peccatorum,
1762 2927 1902 2983 unde
1929 2925 1983 2982 in

395 3023 558 3078 istam
590 3023 877 3076 novitatem
905 3023 1026 3076 vita:
1055 3024 1075 3054 ³
1103 3030 1523 3088 converteretur,
1549 3035 1654 3074 non
1681 3035 1803 3075 esse
1828 3018 1984 3074 dubi-

399 3114 638 3173 tandum.
673 3113 882 3169 Etenim
912 3112 964 3168 in
995 3113 1230 3169 secundo
1259 3114 1349 3167 illo
1377 3112 1498 3167 loco
1528 3112 1669 3166 aliud
1702 3111 1982 3182 quau‘eba-

389 3215 506 3272 tur,
535 3204 678 3260 aliud
707 3205 759 3259 in
787 3203 888 3259 hoc
912 3213 1103 3276 quarto
1139 3203 1467 3275 propositum
1494 3214 1596 3258 est.
1623 3203 1754 3257 Nam
1782 3202 1832 3256 in
1857 3201 1980 3268 illo,

393 3306 573 3354 utrum
599 3295 793 3368 aliquis
818 3297 871 3352 in
898 3296 999 3352 hac
1022 3297 1130 3352 vita
1155 3297 1220 3352 ad
1266 3295 1583 3368 perfectam,
1611 3312 1730 3368 qua:
1763 3309 1984 3366 prorsus

391 3386 512 3444 sine
537 3385 650 3444 ullo
678 3397 898 3459 peccato
939 3395 1050 3455 est,
1089 3390 1252 3443 vitam
1297 3389 1599 3459 perveniret
1639 3403 1734 3459 per
1757 3387 1982 3459 gratiam

393 3476 489 3533 Del
509 3516 527 3546 ,
567 3475 744 3532 studio
778 3475 1069 3532 voluntatis
1089 3517 1104 3546 ,
1137 3476 1242 3533 hoc
1282 3477 1658 3548 requirebatur
1687 3466 1708 3509 ί
1737 3495 1752 3532 :
1779 3477 1834 3531 in
1882 3477 1986 3532 hoc

389 3576 572 3624 autem
592 3575 805 3640 quarto,
831 3576 1006 3624 utrum
1035 3579 1180 3626 esset
1201 3569 1254 3624 in
1282 3569 1402 3623 ﬁliis
1423 3567 1722 3634 hominum,
1745 3569 1830 3622 vel
1856 3581 1980 3624 esse

393 3660 677 3732 potuisset,
704 3669 796 3716 aut
823 3668 1006 3732 posset
1030 3658 1074 3728 ⁸,
1115 3660 1205 3730 qui
1235 3675 1340 3715 non
1375 3676 1442 3716 ex
1472 3667 1692 3732 peccatu
1721 3659 1786 3714 ad
1812 3659 1975 3730 justi-

395 3749 522 3808 tiam
545 3749 986 3823 perfectissimam
1013 3751 1335 3821 perveniret,
1359 3749 1452 3807 sed
1481 3749 1628 3806 nullo
1647 3749 1866 3805 omnino
1893 3765 1985 3806 ua-

400 3857 562 3914 quam
591 3851 810 3914 peccato
836 3851 981 3900 esset
1002 3841 1313 3909 obstrictus,
1357 3839 1459 3898 hoc
1483 3842 1755 3912 quatritur.
1785 3840 1909 3898 Ideo
1937 3840 1984 3898 si

400 3938 492 3993 illa
520 3951 648 3994 vera
671 3944 827 4000 sunt,
857 3951 980 4008 qum
1017 3943 1124 3991 tam
1151 3933 1316 3992 multa
1360 3934 1430 3992 de
1459 3933 1690 4006 parvulis
1717 3933 1982 4001 diximus,

397 4043 501 4087 nec
539 4037 624 4086 est
662 4029 718 4084 in
750 4027 872 4084 filiis
909 4026 1188 4083 hominum
1230 4026 1546 4100 quisquam,
1577 4040 1679 4084 nec
1701 4025 1800 4082 fuit
1822 4068 1837 4093 ,
1884 4040 1986 4084 nee

392 4121 518 4188 erit,
547 4130 773 4191 excepto
801 4135 910 4176 uno
938 4119 1252 4188 Mediatore,
1283 4119 1336 4174 iu
1361 4133 1469 4190 quo
1496 4117 1651 4175 nobis
1676 4117 1984 4192 propitiatio

393 4223 451 4274 et
472 4213 786 4284 justiﬁratio
811 4213 986 4284 posita
1012 4222 1126 4280 est,
1157 4227 1256 4284 per
1290 4227 1450 4288 quam
1481 4211 1651 4278 ﬁnitis
1690 4211 1984 4274 inimicitiis

390 4315 730 4377 peccatorum
754 4304 1174 4362 reconciliantur-
1200 4303 1328 4358 Deo.
1356 4302 1474 4359 Non
1489 4303 1674 4375 itaque
1694 4303 1946 4382 abreest
1963 4343 1981 4370 ,

390 4405 655 4466 quantum
705 4399 954 4466 prtesenti
994 4410 1171 4453 caiisa:
1213 4393 1460 4458 sufﬁcere
1488 4394 1720 4462 videtur,
1767 4393 1837 4451 ab
1865 4395 1982 4464 ipso

387 4480 614 4542 exordio
635 4487 852 4555 generis
873 4485 1088 4540 humani
1118 4499 1288 4555 pauca
1328 4495 1608 4554 repetere,
1651 4485 1844 4556 quibus
1880 4485 1980 4539 ad-

389 4592 579 4634 versus
601 4576 844 4649 quaedam
863 4616 880 4644 ,
909 4590 1030 4647 quae
1072 4589 1291 4631 movere
1327 4583 1578 4646 possunt,
1609 4574 1836 4645 legentis
1859 4571 1980 4630 ani-

385 4683 514 4734 mus,
530 4666 867 4724 informatur.
1971 4665 1976 4674 '

462 4758 692 4818 CAPU')‘
739 4758 882 4814 .XXI.
921 4787 998 4800 —
1031 4755 1122 4814 35.
1163 4753 1330 4810 Adam
1367 4765 1418 4810 et
1469 4752 1579 4810 Eva
1633 4768 1653 4810 :
1699 4753 1982 4810 obedientia

392 4856 584 4912 homini
635 4855 949 4909 retreatenter
995 4849 1345 4906 commendata
1380 4865 1413 4902 α
1450 4845 1578 4902 Deo.
1625 4846 1978 4919 Posteaquam

390 4949 470 5005 illi
527 4948 686 5019 primi
736 4944 1012 5011 homines,
1063 4943 1147 4997 vir
1207 4955 1346 4998 unus
1396 4939 1606 5006 Adam,
1659 4949 1716 4994 et
1767 4953 1834 4994 ex
1888 4938 1981 4994 illo

390 5040 504 5094 Eva
535 5054 670 5095 uxor
693 5038 845 5109 ejus,
876 5044 1096 5106 accepto
1143 5033 1236 5088 Dei
1284 5043 1553 5102 praecepto
1590 5043 1810 5086 servare
1851 5029 1982 5086 obe~

389 5130 644 5186 dientiam
675 5130 994 5194 noluerunt,
1030 5126 1174 5198 justa
1217 5139 1312 5180 eus
1353 5137 1514 5201 pmna
1553 5138 1616 5177 ae
1643 5121 1822 5178 debita
1853 5136 1982 5176 con-

389 5231 575 5280 secma
618 5232 719 5278 est.
753 5221 844 5278 Sic
878 5221 1020 5276 enim
1061 5219 1419 5274 comminatus
1463 5215 1633 5270 fuerat
1683 5215 1976 5284 Dominus,

385 5316 532 5388 quod
563 5332 628 5374 ea
652 5317 738 5372 die
761 5331 864 5387 qua
892 5307 1112 5370 vetitum
1133 5313 1312 5370 cibum
1333 5309 1588 5378 ederent,
1613 5319 1784 5364 morte
1804 5323 1982 5364 more-

458 5541 478 5570 ι
513 5547 580 5591 tta
601 5551 715 5610 cum
737 5536 1426 5610 manuseﬁj-tjs._[ea‘pticato.]_
1753 5597 1766 5609 .
1804 5597 1835 5610 -.

453 5611 478 5638 ι
507 5611 626 5663 \‘ox,
652 5599 789 5663 vitm.
804 5602 944 5663 abest
965 5599 991 5648 ti
1011 5599 1265 5663 Gallicanis
1281 5599 1508 5663 nummus
1522 5599 1815 5663 manusdipt
1824 5599 1882 5647 is.

455 5665 478 5700 ⁸
504 5656 638 5722 ιονξ,
662 5662 820 5712 studio
840 5661 1102 5720 rotuntntis,
1129 5661 1496 5724 requirebatur;
1519 5656 1706 5720 deleto,
1727 5656 1836 5721 hoc,
1851 5657 1978 5724 quod

381 5729 438 5778 tn
453 5727 648 5779 ueteris
670 5724 750 5772 ιὶιιι
765 5725 806 5771 is
825 5729 999 5771 exstat.

447 5788 472 5822 δ
504 5796 608 5842 ita.
625 5789 852 5840 omittunt
871 5816 888 5847 ,
909 5789 989 5831 aut
1005 5789 1179 5841 posset.

1035 339 1124 398 DE
1163 333 1622 398 PECCATORUM
1660 330 1938 392 MERITIS
1974 331 2062 388 ET
2101 329 2525 400 BEMISSIONE,
2565 334 2624 390 S.
2667 333 3038 394 AUGUSTINI

3583 340 3692 400 1⁸12

2097 456 2303 504 rentur.
2345 447 2575 505 Proinde
2615 452 2738 522 quia
2783 451 2969 508 utendi
3011 452 3078 509 ad
3119 467 3299 510 escam
3347 457 3490 513 omni
3537 457 3686 528 ligno

2093 539 2236 611 quod
2265 540 2316 595 in
2347 542 2593 612 paradiso
2617 553 2753 611 erat,
2783 555 3100 616 acceperant
3129 556 3469 619 potestatem,
3494 551 3548 606 in
3573 566 3684 624 quo

2093 631 2254 688 etiam
2297 632 2498 706 lignum
2525 635 2649 692 vita:
2679 637 3014 709 plantat-erat
3053 641 3228 706 Deus;
3271 643 3341 698 ab
3379 643 3470 700 illo
3497 655 3680 702 autem

2092 722 2210 778 solo
2228 738 2322 780 eos
2345 726 2712 796 prohibuerat,
2735 728 2876 798 quod
2902 731 3188 802 appellavit
3209 734 3448 790 scientia:
3475 734 3599 791 boni
3627 744 3686 792 et

2093 815 2219 872 mali
2246 816 2396 887 (Cen.
2423 835 2458 875 ιι
2479 859 2495 884 ,
2527 818 2582 884 9,
2614 820 2682 877 i6
2703 861 2720 888 ,
2753 821 2846 894 l7)
2865 862 2880 888 ,
2913 839 3019 894 quo
3044 826 3262 881 nomine
3289 825 3682 896 signiﬁcaretur

2091 907 2434 977 experientize
2455 912 2862 981 consequentia,
2891 921 2945 969 et
2973 913 3098 984 quid
3126 914 3250 970 boui
3278 917 3542 972 custodita
3563 959 3581 985 ,
3622 927 3680 974 et

2091 997 2218 1068 quid
2262 999 2386 1056 mall
2415 1012 2596 1057 essent
2625 1011 2957 1075 transgressa
3005 1006 3366 1076 prohibitione
3406 1011 3617 1064 sensuri
3657 1024 3674 1063 :

2090 1099 2238 1146 recte
2281 1091 2521 1161 profecto
2573 1093 2942 1165 intelliguntur
2979 1105 3102 1152 ante
3147 1098 3433 1170 malignam
3476 1101 3679 1157 diaboli

2091 1184 2490 1252 persuasionem
2515 1185 2838 1244 abstinuisse
2865 1188 2986 1243 cibo
3010 1191 3192 1255 vetito,
3218 1200 3380 1262 atque
3401 1193 3479 1246 nsi
3507 1191 3679 1249 fuisse

2091 1275 2396 1340 concessis,
2426 1291 2490 1332 ac
2532 1291 2627 1348 per
2667 1278 2770 1334 hoc
2797 1288 2852 1335 et
2880 1280 3122 1348 expleris,
3153 1291 3211 1338 et
3238 1284 3504 1354 praecipue
3530 1286 3679 1355 ligno

2089 1364 2232 1420 vitm.
2251 1366 2386 1434 Quid
2408 1368 2551 1423 enim
2567 1369 2870 1437 absurdius,
2899 1385 3059 1442 quam
3081 1382 3137 1455 ut
3157 1374 3444 1430 credantur
3467 1391 3532 1430 ex
3555 1377 3680 1432 aliis

2090 1457 2370 1514 arboribus
2393 1459 2642 1516 alimenta
2671 1463 2996 1532 sumpsisse,
3027 1481 3133 1520 non
3175 1475 3356 1524 autem
3398 1469 3560 1524 etiam
3606 1483 3674 1525 ex

2089 1551 2182 1608 illo
2204 1551 2345 1622 quod
2375 1562 2431 1608 et
2470 1553 2716 1610 similiter
2751 1556 3072 1625 permissum
3113 1559 3318 1625 fuerat,
3350 1569 3404 1614 et
3447 1561 3676 1618 utilitate

2088 1643 2355 1713 praecipua
2395 1658 2492 1714 per
2515 1655 2731 1700 aetatum
2772 1647 2944 1703 labem
2977 1651 3167 1704 mutari
3197 1651 3238 1717 ',
3281 1653 3527 1718 quamvis
3553 1653 3674 1708 ani-

2087 1733 2246 1790 malia
2276 1751 2524 1806 corpora,
2555 1746 2718 1809 atque
2747 1739 2798 1794 in
2841 1749 3067 1796 mortem
3100 1751 3432 1799 veterascere
3460 1737 3564 1799 n'on
3591 1745 3671 1800 si-

2088 1826 2276 1894 nebat,
2307 1827 2546 1884 tribuens
2588 1829 2692 1885 ltue
2719 1831 2930 1902 corpori
2975 1833 3204 1886 humano
3229 1834 3297 1888 de
3322 1849 3422 1888 suo
3447 1847 3677 1902 corpore

2086 1919 2444 1986 beneﬁcium,
2489 1929 2546 1976 et
2589 1922 2812 1992 mystica
2865 1923 3255 1992 signiﬁcatione
3294 1925 3676 1984 demonstrans

2087 2011 2213 2082 quid
2241 2027 2340 2082 per
2362 2011 2700 2082 sapientiam,
2731 2013 2886 2084 cujus
2915 2015 3136 2086 ﬁguram
3170 2017 3433 2085 gestabat,
3461 2016 3679 2072 conifer-

2085 2111 2235 2158 retur
2258 2102 2453 2158 anima:
2477 2103 2759 2169 rationali,
2789 2113 2846 2158 ut
2871 2106 3126 2160 alimento
3147 2105 3264 2177 ejus
3291 2106 3550 2162 vivitieata
3578 2121 3677 2163 ne-

2088 2207 2356 2264 quaquam
2397 2194 2449 2248 in
2477 2193 2651 2250 labem
2697 2204 3032 2267 mortemque
3059 2197 3310 2268 nequitia:
3335 2197 3675 2253 verti-retur?

2084 2285 2272 2342 Merito
2301 2285 2447 2343 enim
2490 2285 2559 2342 de
2597 2285 2685 2341 illa
2718 2285 2934 2352 dicitur,
2979 2286 3197 2360 Lignnm
3236 2290 3350 2344 rita:
3373 2299 3448 2344 est
3473 2291 3672 2360 ample-

2085 2378 2334 2434 olentibus
2371 2394 2480 2432 eam
2526 2375 2708 2450 (Prov.
2759 2393 2851 2446 nt,
2904 2377 3014 2451 l8).
3059 2380 3210 2434 Sicut
3257 2380 3372 2435 hare
3419 2380 3581 2435 arbor
3619 2380 3674 2434 in

2085 2468 2382 2538 corporali,
2411 2468 2490 2524 sic
2518 2467 2608 2522 illa
2636 2469 2689 2523 in
2719 2469 2978 2539 spiritnaii
3020 2469 3268 2540 paradiso
3314 2487 3328 2525 :
3376 2471 3475 2526 ista
3517 2479 3674 2526 exte-

2086 2559 2265 2626 rioris,
2297 2559 2383 2614 illa
2413 2559 2684 2615 interioris
2714 2559 2945 2616 hominis
2971 2562 3216 2616 sensibus
3253 2562 3498 2632 pra-beas
3522 2561 3674 2632 vigo-

2086 2665 2222 2713 rem,
2271 2654 2389 2706 sine
2435 2650 2540 2705 ulla
2588 2651 2642 2705 in
2689 2651 2925 2707 deterius
2960 2655 3216 2723 temporis
3255 2656 3678 2710 commutatione

2087 2743 2322 2798 vitalem.
2345 2743 2660 2798 Serviebaut
2688 2744 2851 2814 igitur
2873 2745 2998 2809 Deo,
3033 2745 3384 2801 vehementer
3407 2746 3508 2801 sibi
3535 2763 3678 2802 como

2088 2836 2336 2891 mendata
2385 2837 2581 2907 pietate
2622 2837 2971 2906 obetlieutim,
3003 2851 3105 2918 qua
3150 2853 3254 2893 una
3284 2839 3479 2892 colitur
3509 2840 3673 2894 Dens.

2087 2930 2216 3000 Qua:
2236 2945 2331 3000 per
2358 2945 2416 2985 se
2439 2930 2552 3000 ipsa
2581 2940 2776 3001 quanta
2798 2931 2887 2996 sit,
2911 2947 3178 3002 quamque
3208 2931 3322 2987 sola
3347 2931 3581 2986 sufﬁciat
3605 2931 3675 2987 ad

2089 3024 2338 3078 tuendam
2369 3023 2680 3078 rationalem
2725 3022 2827 3078 sub
2875 3024 3134 3080 Creature
3179 3036 3514 3092 creanti-mn,
3565 3041 3674 3080 non

2087 3114 2260 3184 potuit
2285 3115 2630 3171 excellentius
2660 3116 2894 3170 intimari
2915 3157 2931 3182 ,
2971 3132 3130 3188 quam
3163 3130 3221 3172 ut
3257 3133 3286 3172 a
3329 3119 3468 3189 ligno
3495 3119 3674 3191 prohi-

2087 3204 2344 3260 berentur
2371 3218 2479 3260 non
2527 3206 2687 3260 malo.
2720 3207 2873 3262 Misit
2901 3207 3042 3263 enim
3075 3219 3130 3262 ut
3158 3209 3420 3264 bonorum
3451 3209 3676 3264 Creatnr

2089 3295 2180 3368 qui
2211 3294 2334 3352 fecit
2361 3297 2538 3353 omnia
2557 3338 2572 3363 ,
2601 3307 2646 3352 et
2674 3314 2786 3353 ecce
2815 3301 2946 3354 bona
2974 3299 3120 3354 rnttle
3149 3299 3302 3369 (Gen.
3329 3316 3372 3364 ι,
3397 3301 3512 3368 51),
3547 3301 3674 3354 mali

2087 3387 2286 3458 aliquid
2317 3387 2369 3444 in
2402 3387 2544 3445 illius
2586 3389 2746 3446 etiam
2777 3392 3075 3460 corporalis
3116 3392 3348 3462 paradisi
3398 3393 3676 3449 fertilitate

2087 3479 2374 3550 plautaret.
2403 3479 2508 3538 Sed
2535 3489 2594 3536 ut
2621 3482 2998 3538 ostenderetur
3028 3483 3252 3550 homini,
3280 3485 3363 3539 cui
3393 3495 3535 3540 esset
3573 3485 3677 3540 srb

2089 3567 2176 3624 tali
2209 3570 2434 3626 Domino
2461 3572 2740 3628 utilissima
2769 3574 3034 3639 servitus,
3057 3586 3313 3646 quantum
3343 3585 3482 3632 esset
3503 3576 3677 3632 'solius

2087 3659 2407 3718 obedientia:
2435 3661 2656 3727 bonum,
2690 3679 2850 3734 quam
2882 3664 3050 3719 solam
3075 3665 3144 3720 de
3170 3665 3370 3721 famulo
3398 3677 3671 3738 exegerat,

2086 3752 2172 3808 cui
2199 3753 2420 3809 obedire
2448 3769 2555 3809 non
2585 3763 2802 3826 propter
2832 3755 3000 3826 ipsius
3017 3755 3381 3821 dominannn,
3412 3757 3505 3812 sed
3553 3772 3678 3826 pro-

2087 3853 2208 3914 pter
2233 3844 2518 3902 servientis
2562 3846 2586 3878 ⁸
2632 3845 2914 3903 utilitatem
2965 3847 3140 3918 potius
3167 3849 3480 3920 expediret:
3508 3847 3578 3905 ab
3607 3865 3678 3904 eo

2087 3934 2232 4014 ligno
2270 3946 2398 3992 sunt
2436 3935 2716 4008 prohibiti,
2743 3953 2850 4010 quo
2874 3939 2918 3994 si
2946 3949 3226 3996 uterentur
3252 3956 3356 3997 non
3384 3940 3632 4012 prohibiti
3654 3983 3674 4007 ,

2087 4028 2220 4084 nihil
2275 4027 2399 4084 mali
2446 4029 2666 4086 omnino
2711 4041 3020 4101 paterentur
3066 4033 3186 4088 :‘nt
3227 4033 3368 4104 qunti
3421 4033 3510 4088 illu
3554 4043 3680 4104 past

2088 4119 2504 4192 prohibitionem
2547 4132 2758 4178 utentes
2798 4124 2936 4192 passi
2978 4133 3135 4192 sunt,
3184 4125 3314 4180 satis
3352 4123 3681 4195 intelligere-

2087 4216 2177 4266 tur
2199 4209 2344 4280 quod
2372 4211 2454 4267 eis
2483 4210 2584 4267 hoc
2613 4227 2718 4267 non
2749 4211 2987 4268 intulerit
3011 4213 3176 4270 arbor
3197 4214 3318 4270 cibo
3358 4214 3521 4270 noxio
3549 4226 3679 4286 per-

2087 4301 2286 4356 niciosa
2308 4342 2325 4367 ,
2355 4300 2451 4356 sed
2479 4311 2682 4358 tantum
2713 4302 3018 4360 obedientia
3048 4305 3265 4360 violata.

2155 4395 2387 4454 CAPUT
2427 4395 2594 4452 XXII.
2633 4425 2710 4438 —
2762 4397 2851 4454 30.
2901 4397 3082 4454 Statua
3125 4395 3344 4454 hominis
3387 4407 3504 4454 tmte
3553 4413 3678 4469 pec-

2084 4501 2276 4547 catum.
2331 4487 2482 4546 lianc
2538 4505 2668 4563 ergo
2726 4491 3038 4564 priusquam
3107 4489 3431 4560 violassent,
3497 4492 3678 4562 plaee-

2085 4577 2214 4639 bant
2253 4583 2396 4651 Deo,
2425 4591 2480 4639 et
2519 4583 2763 4656 placebat
2787 4583 2866 4639 eis
2906 4584 3080 4649 Dens;
3111 4594 3168 4641 et
3209 4586 3456 4656 quamvis
3479 4600 3676 4656 corpus

2084 4678 2316 4736 animale
2341 4661 2651 4750 gestarent,
2684 4678 2814 4734 nihil
2843 4678 3158 4736 inobedieus
3184 4679 3237 4735 in
3263 4680 3354 4734 illo
3389 4679 3678 4735 adversum

2083 4788 2144 4828 se
2169 4773 2370 4829 moveri
2393 4772 2714 4828 sentiebant.
2737 4771 2990 4828 Faciebat
3012 4771 3208 4842 quippe
3234 4772 3335 4827 hoc
3357 4772 3492 4828 Ordo
3511 4771 3678 4843 justi-

2087 4866 2195 4930 tite,
2223 4872 2284 4922 ut
2305 4866 2427 4936 quia
2457 4880 2644 4921 eorum
2674 4869 2848 4921 anima
2877 4863 3134 4919 famulum
3164 4879 3360 4935 corpus
3385 4879 3416 4920 a
3449 4865 3678 4920 Domino

2083 4967 2406 5028 acceperat,
2450 4956 2588 5013 sicut
2639 4957 2754 5028 ipsa
2796 4955 2974 5012 eidem
3011 4955 3241 5010 Domino
3291 4968 3430 5017 suo,
3471 4955 3545 5011 ita
3598 4956 3679 5012 itii

2083 5063 2279 5120 corpus
2305 5051 2422 5118 ejus
2448 5047 2726 5116 obediret,
2756 5055 2916 5118 atque
2959 5047 3240 5103 exhiberet
3260 5045 3384 5101 vitae
3428 5045 3504 5100 il‘i'.
3539 5061 3680 5104 eon-

2083 5157 2273 5213 gruum
2305 5142 2423 5198 sine
2450 5142 2559 5197 ulla
2599 5141 2902 5196 resistentia
2943 5139 3277 5195 famulitium.
3307 5139 3444 5198 lline
3469 5148 3524 5194 et
3547 5139 3679 5196 nudi

2084 5244 2258 5302 erant,
2292 5243 2345 5290 et
2375 5249 2480 5288 non
2506 5231 2988 5288 confundebantur.
3017 5231 3261 5286 Animam
3291 5232 3488 5302 quippe
3519 5237 3680 5284 ratiu-

2085 5328 2260 5382 nalem
2313 5326 2538 5380 naturali
2601 5324 2923 5380 verecundia
2981 5339 3123 5380 nunc
3173 5321 3370 5393 pudet,
3429 5322 3572 5393 quod
3621 5322 3678 5377 iu

2083 5435 2267 5485 carne,
2299 5419 2351 5474 iu
2378 5418 2528 5489 cujus
2555 5417 2862 5472 servitutem
2891 5415 2980 5488 ius
3003 5415 3278 5486 potestatis
3301 5415 3509 5487 accepit
3529 5455 3542 5478 ,
3576 5430 3680 5468 ne-

2083 5514 2196 5570 scio
2223 5527 2326 5584 qua
2351 5511 2658 5565 inﬁrmitate
2682 5507 3038 5566 efﬁcere-non
3065 5517 3261 5578 potest,
3294 5515 3350 5562 ut
3373 5521 3432 5563 se
3457 5505 3679 5561 nolente

2148 5721 2165 5748 ί
2200 5713 2306 5763 Sola
2327 5712 2475 5762 editio
2505 5717 2638 5779 imp,
2655 5723 2742 5779 per
2778 5713 2974 5779 atatim;
3001 5706 3190 5779 Dipsum
3207 5701 3406 5779 portari.

2148 5780 2170 5810 ⁸
2201 5783 2252 5826 in
2290 5765 2635 5837 utatittacriplis'
2655 5765 2732 5824 vel
2765 5779 2842 5823 cst
2859 5805 2874 5832 ,
2900 5765 3114 5834 diuitis;
3143 5769 3254 5832 Vel,
3274 5765 3464 5820 tum
