4002 6178
389 353 492 408 ΓΗ

386 479 492 520 non
534 469 854 518 moveantur
895 458 1168 524 membra,
1199 463 1254 513 et
1293 467 1354 512 se
1377 455 1589 512 volente
1627 461 1964 508 moveantur.

382 561 514 624 Qua:
545 561 766 622 prepter
791 551 896 606 hoc
925 549 978 604 in
1009 547 1196 620 quovis
1220 554 1390 612 casto,
1422 545 1614 600 merito
1635 542 1975 614 appellantur

385 645 632 718 pudenda
655 688 671 713 ,
703 643 845 716 quod
886 643 1146 698 adversus
1181 638 1454 694 dominam
1497 643 1730 691 mentem
1752 675 1768 702 ,
1817 634 1972 706 quasi

385 753 496 792 sum
523 735 630 789 siut
661 733 962 803 potestatis,
988 732 1124 785 sicut
1150 727 1356 784 libitum
1382 733 1498 792 est,
1523 725 1828 782 excitantur
1854 742 1870 778 :
1901 723 1976 779 id-

381 841 490 896 que
521 825 696 880 solum
727 823 866 894 juris
895 823 948 877 in
973 821 1060 876 his
1095 820 1294 876 habent
1322 817 1472 874 frena
1511 817 1746 884 virtutis,
1793 825 1852 870 ut
1899 816 1968 870 ad

385 918 688 973 immundus
715 925 770 970 et
799 915 1014 970 illicitas
1048 911 1420 982 corruptiones
1443 924 1506 965 ea
1549 909 1832 981 pervenire
1861 923 1972 964 non

381 1013 583 1064 sinant.
617 1008 742 1063 llrec
769 1008 928 1078 igitur
953 1005 1132 1062 carnis
1165 1003 1560 1070 inobcdientia,
1588 1017 1708 1073 quae
1755 1001 1808 1056 in
1855 1001 1972 1070 ipso

383 1113 532 1155 motu
561 1107 644 1156 est
663 1141 677 1164 ,
709 1099 920 1153 etiamsi
955 1097 1154 1151 habere
1181 1110 1288 1150 non
1316 1093 1656 1164 permittatur
1682 1091 1928 1146 effectum
1951 1131 1968 1155 ,

381 1209 490 1246 non
535 1195 654 1246 erat
691 1191 748 1244 in
799 1188 904 1243 illis
951 1187 1133 1257 primis
1187 1183 1540 1250 hominibus,
1582 1181 1797 1254 quando
1843 1181 1972 1236 nudi

379 1289 569 1348 erant,
599 1291 652 1336 et
681 1295 786 1336 non
824 1275 1308 1335 confundebantur.
1339 1274 1588 1331 Nondum
1631 1272 1830 1344 quippe
1856 1273 1974 1328 ani-

379 1389 470 1427 ma
515 1371 791 1427 rationalis
831 1367 1048 1424 domina
1097 1366 1278 1423 carnis
1327 1365 1642 1424 luobcdicns
1691 1364 1972 1418 exstiterat

381 1461 614 1518 Domino
635 1475 764 1530 suo,
802 1471 864 1517 ut
891 1475 1047 1532 pinna
1075 1459 1348 1529 reciproca
1377 1457 1772 1514 inobedientem
1800 1469 1966 1526 expe-

381 1557 580 1608 riretur
627 1567 844 1608 carnem
889 1551 1142 1606 famulam
1179 1563 1334 1606 suam
1375 1563 1498 1603 cum
1542 1561 1701 1602 sensu
1738 1544 1970 1616 quodam

379 1645 712 1700 confusionis
755 1655 810 1698 et
853 1643 1112 1700 molestiae
1149 1657 1300 1706 suae,
1351 1655 1508 1710 quem
1559 1653 1774 1694 sensum
1824 1646 1972 1693 certe

381 1737 498 1806 ipsa
523 1751 618 1805 per
643 1733 1052 1792 inobedientiam
1079 1747 1232 1788 suam
1271 1747 1376 1787 non
1403 1730 1584 1786 intulit
1613 1730 1742 1784 Deo.
1787 1729 1974 1800 Neque

383 1829 530 1882 enim
559 1828 666 1882 Deo
691 1826 994 1897 pudendum
1019 1833 1104 1882 est
1125 1835 1218 1880 aut
1239 1825 1526 1880 molestum
1549 1864 1566 1888 ,
1595 1823 1642 1878 si
1671 1836 1770 1876 nos
1789 1823 1838 1877 ei
1861 1839 1968 1876 non

379 1919 666 1974 obedimus
689 1959 706 1986 ,
747 1919 901 1989 cujus
937 1918 993 1973 in
1023 1932 1140 1973 'nos
1169 1931 1433 1972 summam
1473 1925 1790 1986 potestatem
1825 1917 1972 1972 nullo

381 2009 548 2064 modo
575 2007 814 2064 minuere
841 2008 1078 2064 valemus
1109 2025 1124 2062 :
1166 2007 1262 2062 sed
1307 2005 1462 2061 nobis
1507 2004 1814 2075 pudendum
1849 2012 1966 2072 est,

381 2099 528 2167 quod
554 2099 776 2166 imperio
801 2106 984 2152 nostro
1007 2113 1132 2153 caro
1159 2112 1264 2152 non
1293 2096 1490 2162 servit;
1517 2096 1640 2166 quia
1672 2097 1772 2152 hoc
1796 2096 1852 2152 fit
1875 2112 1972 2166 per

381 2189 746 2245 inﬁrmitatem
783 2205 939 2260 quam
981 2190 1250 2259 peccando
1277 2191 1604 2256 meruimus,
1644 2197 1970 2259 vocaturquc

385 2290 661 2350 peccatum
701 2281 946 2336 habitans
987 2282 1040 2335 in
1089 2281 1342 2336 membris
1388 2281 1588 2336 nostris
1642 2280 1818 2352 (Rom.
1860 2297 1966 2346 vn,

385 2373 492 2438 I7,
546 2371 680 2442 23).
732 2371 822 2427 Sic
881 2381 967 2427 est
1025 2381 1202 2427 autem
1259 2372 1361 2428 hoc
1414 2382 1728 2443 peccatum,
1787 2382 1846 2428 ut
1901 2374 1973 2429 sit

385 2477 542 2532 pmna
589 2464 814 2533 peccati.
859 2463 1096 2532 Denique
1137 2473 1482 2535 posteaquam
1543 2473 1628 2520 est
1689 2467 1778 2520 illa
1835 2467 1970 2521 facta

389 2553 780 2624 transgressio,
829 2561 884 2609 et
927 2555 1104 2608 anima
1149 2556 1460 2612 inobediens
1501 2572 1532 2611 a
1575 2558 1692 2628 lege
1735 2557 1820 2612 sui
1862 2559 1970 2612 Do-

383 2645 515 2698 mini
557 2659 750 2700 aversa
789 2653 906 2712 est,
947 2646 1146 2701 habere
1187 2648 1350 2716 CCBpiI
1394 2658 1578 2704 contra
1623 2663 1742 2702 eam
1785 2663 1972 2704 servus

385 2733 532 2802 ejus,
575 2735 677 2788 hoc
705 2745 787 2790 est
827 2751 1022 2805 corpus
1059 2737 1208 2805 ejus,
1251 2737 1422 2808 legem
1463 2737 1874 2804 iuobedientiae;
1917 2749 1972 2795 et

383 2825 570 2894 puduit
595 2827 716 2882 illos
737 2827 980 2884 homines
999 2829 1250 2884 uuditatis
1270 2844 1380 2884 suze
1401 2870 1418 2896 ,
1441 2831 1814 2885 animadverso
1833 2830 1888 2886 in
1911 2846 1972 2888 se

381 2927 530 2971 motu
549 2957 566 2981 ,
595 2933 754 2986 quem
783 2930 906 2973 ante
931 2933 1036 2974 non
1061 2928 1342 2974 senserant
1373 2937 1386 2972 :
1415 2935 1535 2990 qute
1576 2921 1970 2976 animadversio

381 3009 590 3076 apertio
613 3008 750 3064 dicta
779 3017 860 3064 est
883 3011 1158 3064 oculorum
1185 3009 1339 3081 (Gen.
1369 3027 1456 3078 ιιι,
1487 3009 1542 3085 7)
1570 3028 1584 3078 ;
1629 3026 1802 3082 neque
1826 3014 1968 3069 enim

381 3097 550 3152 oculis
577 3099 774 3154 clausis
818 3099 958 3154 inter
1005 3100 1122 3154 illas
1164 3101 1388 3156 arbores
1429 3101 1771 3158 oberrabant.
1803 3103 1892 3160 Sic
1917 3113 1972 3160 et

381 3187 450 3244 de
481 3189 628 3258 Agar
649 3190 906 3259 scriptum
933 3199 1046 3253 est,
1075 3191 1248 3259 Aperti
1287 3201 1406 3246 sunt
1440 3192 1576 3246 oculi
1601 3193 1710 3264 ejus
1729 3231 1748 3260 ,
1773 3201 1820 3247 et
1849 3193 1971 3248 vidit

381 3287 594 3348 puteum
643 3277 752 3351 (Id.
803 3295 926 3346 ιιι,
977 3281 1092 3351 l9).
1123 3281 1272 3336 Tunc
1315 3282 1390 3337 illi
1435 3282 1682 3338 homines
1723 3284 1970 3354 pudenda

379 3377 666 3424 texerunt:
695 3385 814 3441 qua:
838 3371 980 3426 Deus
1005 3371 1114 3428 illis
1131 3373 1370 3428 membra
1387 3414 1402 3440 ,
1437 3373 1536 3446 ipsi
1565 3389 1694 3430 vero
1725 3365 1968 3445 pudenda

377 3461 642 3518 fecerunt.
1089 3459 1092 3462 λ

449 3551 682 3610 CAPUT
719 3553 908 3610 XXIII.
929 3585 1003 3595 —
1030 3555 1122 3610 37.
1151 3552 1370 3610 Natum
1391 3555 1650 3626 corruptio
1679 3572 1770 3626 per
1793 3573 1971 3628 pecca-

381 3653 490 3697 tum
509 3683 524 3709 ,
569 3653 620 3699 et
663 3647 921 3700 renovatio
951 3664 1040 3717 per
1067 3645 1344 3703 Christum.
1375 3647 1450 3702 De
1478 3647 1578 3702 hac
1619 3647 1734 3718 lege
1765 3649 1968 3718 peccati

379 3735 616 3790 nascitur
639 3749 766 3790 caro
795 3739 996 3805 peccati
1017 3777 1034 3803 ,
1061 3735 1322 3805 expianda
1363 3751 1460 3806 per
1483 3737 1626 3793 illius
1658 3752 1968 3796 sacramen-

381 3834 514 3892 tum,
541 3827 632 3897 qui
661 3827 805 3882 venit
833 3829 886 3882 in
915 3828 1262 3884 similitudine
1291 3828 1468 3884 carnis
1493 3829 1728 3898 peccati,
1759 3839 1810 3884 ut
1839 3845 1966 3886 eva-

377 3925 566 3972 cuetur
587 3931 785 3986 corpus
818 3919 1018 3987 peccati
1050 3919 1225 3990 (Rom.
1254 3935 1370 3984 vm,
1398 3917 1478 3990 5),
1520 3919 1662 3989 quod
1692 3929 1745 3976 et
1772 3936 1968 3992 corpus

377 4005 570 4062 mortis
613 4005 774 4076 hujus
817 4008 1156 4079 appellatur:
1202 4009 1346 4066 unde
1387 4007 1642 4064 miserum
1695 4010 1965 4067 hominem

377 4111 482 4150 non
511 4097 704 4152 liberat
745 4099 844 4153 nisi
889 4100 1053 4170 gratia
1085 4100 1180 4156 Dei
1211 4116 1307 4170 per
1333 4099 1516 4156 Jesum
1560 4101 1828 4156 Christum
1862 4101 1968 4158 Do-

375 4189 578 4242 minum
622 4199 870 4244 nostrum
902 4189 1026 4262 (Id.
1053 4205 1159 4256 vu,
1189 4189 1281 4256 24,
1311 4189 1428 4263 25).
1462 4191 1552 4246 Sic
1593 4191 1738 4247 enim
1779 4189 1846 4246 ab
1884 4195 1966 4246 eis

377 4281 660 4336 transitum
703 4281 828 4336 fecit
871 4281 922 4336 iu
953 4293 1198 4354 posteros
1227 4283 1328 4336 ista
1373 4281 1460 4338 lex
1487 4281 1694 4336 initium
1738 4284 1962 4352 mortis,

373 4371 826 4441 quemadmodum
855 4372 1006 4428 labor
1024 4387 1131 4444 quo
1157 4371 1337 4427 cuncti
1367 4371 1612 4428 homines
1641 4371 1882 4428 laborant
1909 4373 1962 4429 in

375 4471 538 4530 terra,
567 4464 1018 4534 quemadmodum
1049 4465 1100 4519 in
1131 4463 1364 4521 feminas
1401 4467 1683 4538 parturitio
1711 4481 1830 4520 cum
1861 4465 1962 4520 do—

373 4552 602 4608 loribus.
631 4553 758 4608 Haec
779 4553 945 4622 enim,
973 4571 1094 4610 cum
1131 4555 1200 4612 de
1225 4565 1446 4626 peccato
1469 4567 1836 4628 arguerentur,
1867 4557 1962 4614 Dei

371 4645 640 4700 sententia
665 4654 996 4712 meruerunt,
1027 4661 1146 4716 qua:
1167 4663 1276 4702 non
1301 4649 1354 4704 in
1384 4646 1464 4702 eis
1489 4647 1618 4704 solis
1637 4689 1653 4716 ,
1681 4647 1774 4704 sed
1802 4647 1961 4704 etiam

371 4735 426 4789 in
443 4735 850 4790 successoribus
869 4749 1080 4804 eorum,
1108 4737 1160 4792 in
1187 4737 1306 4794 aliis
1325 4737 1516 4809 magis.
1545 4737 1598 4794 in
1620 4739 1738 4794 aliis
1763 4739 1956 4804 minus,

373 4833 552 4880 tamen
575 4825 628 4878 iu
653 4824 903 4882 omnibus
925 4825 1170 4882 videmus
1209 4827 1438 4898 impleri.
1469 4825 1599 4882 Cum
1639 4828 1818 4898 itaque
1847 4829 1961 4898 pri-

373 4929 584 4970 morum
607 4914 822 4970 illorum
847 4913 1124 4976 hominum
1151 4916 1312 4973 fuerit
1333 4918 1500 4988 prima
1516 4917 1719 4988 justitia
1741 4919 1962 4974 obedire

371 5008 504 5073 Deo,
531 5016 588 5062 et
614 5007 756 5062 hanc
785 5009 838 5063 in
864 5011 1122 5066 membris
1151 5011 1410 5066 adversus
1433 5011 1601 5081 legem
1631 5011 1824 5066 mentis
1849 5026 1960 5066 suae

369 5100 540 5171 legem
570 5101 1020 5172 concupiscentia
1045 5119 1150 5158 non
1183 5103 1416 5158 habere:
1450 5119 1593 5159 nunc
1617 5113 1740 5175 post
1773 5119 1960 5160 eorum

369 5205 650 5262 peccatum
693 5203 820 5248 nata
849 5209 914 5250 ex
944 5196 1024 5250 eis
1049 5202 1228 5249 nostra
1259 5193 1420 5250 carne
1447 5194 1681 5264 peccati,
1718 5207 1818 5264 pro
1843 5210 1960 5250 ma.
2001 5229 2006 5238 -

363 5295 476 5351 quo
517 5284 798 5339 obtinetur
831 5285 900 5340 ab
941 5284 1028 5340 his
1067 5285 1160 5356 qui
1201 5285 1456 5340 obediunt
1501 5285 1634 5352 Deo,
1681 5284 1961 5344 desideriis

365 5371 612 5438 ejusdem
643 5375 1092 5444 concupiscentia:
1139 5389 1246 5430 non
1290 5375 1538 5444 obedire,
1571 5385 1626 5432 et
1652 5377 1962 5448 cruciﬁgere

363 5463 426 5516 in
457 5477 514 5516 se
539 5479 762 5519 carnem
792 5481 914 5519 eum
953 5466 1290 5535 passionibus
1319 5475 1368 5521 at
1389 5467 1872 5536 concupiscentiis;
1905 5476 1962 5521 ut

365 5553 478 5607 sint
507 5552 632 5606 Jesu
663 5553 893 5622 Chnsti,
940 5557 1030 5626 qui
1073 5555 1174 5610 hoc
1221 5556 1274 5610 in
1313 5569 1410 5611 sua
1449 5569 1608 5612 cruce
1651 5557 1956 5628 liguravit',

361 5642 568 5714 quibus
589 5660 686 5716 per
721 5648 944 5715 gratiam
975 5663 1127 5703 suam
1163 5648 1310 5704 dedit
1352 5659 1668 5720 potestatem
1700 5650 1836 5708 filios
1868 5651 1958 5707 Dei

437 5753 456 5784 ι
489 5749 710 5806 Gallicani
733 5767 905 5808 omnes
923 5767 1046 5820 uss,
1072 5757 1124 5810 in
1140 5772 1227 5810 sua
1252 5773 1396 5810 carne
1418 5755 1658 5824 ﬁguratit.

1711 335 1911 394 LIBER
1951 335 2328 398 SECUNDUS.

3561 348 3663 405 ΓΜ

2081 451 2216 507 ﬁeri.
2247 451 2364 510 Non
2394 455 2534 510 enim
2566 457 2812 512 omnibus
2841 457 3144 515 hominibus
3169 457 3341 528 dedit,
3376 462 3475 520 sed
3503 473 3661 534 qttot-

2078 554 2206 617 quot
2229 559 2552 618 recepcrunt
2575 565 2720 616 eum,
2765 560 2821 606 ut
2854 551 2964 607 Deo
2995 561 3406 609 renascerentnr
3427 554 3654 627 spiritu.

2076 635 2166 706 qui
2194 637 2390 692 saeculo
2419 640 2528 694 nati
2562 649 2714 694 erant
2737 655 2917 698 carne.
2959 641 3048 697 Sic
3073 643 3314 700 enimde
3341 643 3428 700 his
3453 646 3652 702 dictum

2075 734 2195 781 est:
2229 727 2484 800 Quotquot
2512 739 2676 784 autem
2702 739 2992 802 receperunt
3017 749 3146 800 cuin,
3177 733 3318 787 dedit
3341 733 3416 789 cis
3441 743 3662 806 potesta-

2075 827 2174 872 tem
2199 820 2334 888 filios
2359 822 2454 875 Dei
2482 823 2611 891 ﬁeri.
2639 825 2728 894 qui
2759 842 2858 878 non
2889 841 2952 882 ea:
2975 841 3144 890 carne,
3171 813 3272 880 non
3303 844 3366 883 ex
3389 828 3659 900 sanguine,

2075 926 2175 962 non
2205 927 2266 964 cx
2293 912 2545 967 voluntate
2569 915 2692 982 viri,
2733 931 2834 968 non
2872 932 2935 970 ea:
2971 917 3224 972 voluntate
3252 919 3420 976 carnis
3437 959 3454 986 ,
3481 917 3572 974 sed
3595 935 3662 975 es

2075 995 2186 1052 Deo
2211 1001 2316 1054 nati
2343 1012 2480 1056 sunt.

2145 1091 2370 1148 CAPUT
2409 1093 2598 1149 XXIV.
2629 1125 2702 1136 —
2729 1097 2818 1152 58.
2849 1095 3211 1154 lncarnatione
3237 1097 3388 1156 Verbi
3410 1101 3545 1171 quod
3569 1118 3663 1158 no-

2074 1180 2152 1234 bis
2189 1183 2430 1237 collatum
2470 1187 2536 1239 sit
2564 1186 2878 1256 beneﬁcium.
2925 1189 3180 1246 Nativitas
3209 1190 3395 1246 Christi
3422 1193 3486 1247 de
3508 1210 3664 1248 carne

2075 1273 2128 1327 in
2154 1291 2251 1345 quo
2293 1286 2480 1331 nostra:
2505 1278 2686 1332 similis
2713 1289 2760 1332 et
2789 1279 3069 1334 dissimilis.
3102 1279 3357 1336 Fidelium
3387 1285 3534 1337 etiam
3564 1285 3662 1354 filii

2075 1365 2384 1436 baptizandi.
2426 1367 2650 1426 Secutus
2694 1381 2870 1426 autem
2915 1371 3146 1438 addidit,
3189 1371 3256 1426 Et
3303 1371 3515 1428 Verbum
3541 1391 3664 1430 caro

2075 1459 2264 1525 factum
2291 1467 2383 1523 est,
2417 1467 2461 1511 et
2489 1460 2731 1513 habitavit
2756 1461 2806 1514 in
2839 1462 2980 1515 nobis
3009 1461 3188 1533 (Jaan.
3221 1479 3260 1530 ι,
3293 1463 3478 1536 12-14)
3503 1481 3519 1520 :
3545 1474 3666 1520 tan-

2075 1561 2232 1616 quam
2261 1547 2466 1614 dicens,
2499 1549 2742 1620 Magnum
2769 1552 2983 1622 quidem
3015 1553 3116 1608 hoc
3139 1555 3192 1610 in
3220 1555 3304 1609 his
3335 1553 3530 1610 factum
3556 1566 3660 1622 est,

2075 1647 2136 1692 ut
2159 1639 2268 1694 Deo
2297 1651 2645 1697 nascerentur
2665 1659 2730 1698 ex
2759 1645 2890 1710 Deo,
2921 1647 3010 1716 qui
3051 1647 3196 1716 prius
3225 1649 3330 1702 nati
3357 1648 3567 1703 fuerant
3594 1664 3662 1703 ex

2075 1743 2239 1783 carne
2263 1729 2480 1794 sarculo,
2513 1733 2755 1802 quamvis
2779 1735 2940 1789 creati
2969 1735 3036 1790 ab
3063 1736 3179 1806 ipso
3203 1737 3310 1790 Deo
3339 1753 3354 1793 :
3385 1737 3478 1792 sed
3507 1739 3663 1808 longe

2075 1819 2369 1874 mirabilius
2405 1819 2602 1876 factum
2630 1833 2742 1890 est,
2773 1825 2914 1894 quod
2945 1840 3065 1879 cum
3107 1825 3224 1880 istis
3261 1835 3464 1881 naturze
3501 1827 3663 1883 fuerit

2077 1907 2220 1962 nasci
2252 1907 2320 1963 de
2348 1923 2510 1965 carne
2530 1951 2546 1976 ,
2579 1911 2821 1968 benelicii
2849 1928 2979 1968 vero
3005 1915 3150 1968 nasci
3183 1929 3248 1970 ex
3283 1915 3418 1982 Deo,
3447 1927 3666 1986 propter

2077 1995 2176 2051 hoc
2197 1997 2608 2068 impertiendum
2641 2001 2954 2058 beneﬁcium
2981 2046 2996 2071 ,
3025 2005 3118 2060 ille
3142 2007 3231 2078 qui
3275 2005 3342 2062 de
3371 2007 3480 2062 Deo
3507 2016 3665 2062 natu-

2073 2087 2256 2142 raliter
2277 2097 2432 2142 natus
2449 2100 2550 2158 est,
2575 2093 2719 2147 nasci
2741 2093 2900 2149 etiam
2927 2094 3346 2152 misericorditer
3367 2098 3384 2129 ⁸
3413 2097 3481 2152 de
3500 2113 3664 2155 carne

2074 2177 2321 2250 dignatus
2358 2192 2438 2236 est
2463 2200 2477 2238 :
2507 2183 2608 2238 hoc
2634 2195 2714 2241 est
2743 2187 2884 2240 enim
2907 2227 2922 2251 ,
2953 2185 3020 2240 Et
3057 2185 3275 2242 Verbum
3319 2205 3438 2244 caro
3466 2193 3662 2263 factum

2075 2280 2172 2338 est,
2203 2283 2250 2325 et
2281 2273 2518 2328 habitarit
2542 2275 2594 2329 in
2618 2277 2779 2332 nobis.
2810 2277 2914 2333 Per
2939 2279 3074 2344 hoc,
3115 2280 3323 2350 inquit,
3355 2279 3552 2337 factum
3579 2295 3666 2338 est.

2077 2369 2134 2415 ut
2157 2363 2273 2442 nati
2287 2363 2355 2420 de
2379 2379 2539 2420 Carne
2565 2381 2710 2433 caro,
2737 2377 2916 2438 postea
2948 2369 3215 2426 nascendo
3237 2369 3304 2425 de
3333 2372 3520 2442 spiritu
3549 2372 3664 2442 spi-

2075 2453 2214 2510 ritus
2241 2433 2504 2526 essemus,
2544 2465 2600 2513 et
2624 2433 2985 2516 habitaremus
3022 2461 3076 2517 in
3117 2461 3228 2516 Deo
3252 2479 3266 2516 :
3294 2433 3416 2534 quia
3443 2473 3495 2518 et
3525 2433 3668 2519 Deus

2076 2553 2234 2601 natus
2273 2545 2340 2601 de
2369 2547 2497 2614 Deo,
2531 2559 2713 2618 postea
2755 2550 2824 2607 de
2853 2567 3016 2608 carne
3052 2553 3322 2608 nascendo
3345 2568 3470 2608 caro
3495 2553 3667 2609 factum

2075 2645 2178 2702 est,
2207 2647 2260 2691 et
2289 2637 2547 2694 habitavit
2573 2641 2624 2694 in
2647 2642 2819 2696 nobis.
2845 2641 3078 2698 Verbum
3099 2644 3244 2698 enim
3267 2643 3408 2714 quod
3439 2659 3564 2700 caro
3585 2645 3666 2700 fa-

2076 2733 2220 2779 ctum
2242 2735 2346 2792 est,
2375 2727 2428 2781 in
2459 2729 2718 2800 principio
2744 2737 2889 2797 erat,
2922 2741 2978 2787 et
3003 2733 3140 2803 apud
3167 2733 3334 2788 Deum
3361 2735 3504 2790 Deus
3523 2747 3662 2790 erat.

2080 2815 2454 2872 Verumtamen
2496 2819 2606 2888 ipsa
2644 2821 2977 2891 participatio
3013 2821 3152 2876 illius
3191 2823 3244 2876 in
3276 2823 3527 2879 inferiora
3567 2841 3664 2880 no-

2075 2909 2207 2974 stra,
2235 2917 2295 2960 ut
2319 2917 2498 2964 nostra
2528 2917 2670 2964 esset
2691 2911 2744 2964 in
2776 2912 3054 2981 superiora
3085 2911 3249 2980 illius,
3276 2914 3448 2968 tenuit
3471 2929 3660 2984 quam-

2074 2996 2196 3052 dam
2228 3006 2282 3053 et
2310 2997 2362 3052 in
2391 3001 2568 3054 carnis
2595 3001 2870 3057 nativitate
2909 3002 3290 3059 medietatem:
3321 3013 3379 3058 ut
3413 3019 3512 3060 nos
3541 3006 3663 3076 qui-

2075 3087 2195 3143 dem
2228 3089 2337 3144 nati
2367 3105 2608 3146 essemus
2632 3091 2684 3146 in
2713 3107 2874 3148 carne
2901 3095 3132 3164 peccati,
3173 3095 3262 3151 ille
3287 3105 3466 3152 autem
3503 3097 3556 3151 in
3583 3098 3662 3152 si-

2075 3179 2373 3236 militudine
2398 3182 2575 3238 carnis
2601 3185 2799 3252 peccati
2825 3201 2841 3240 :
2869 3199 2968 3240 nos
2999 3201 3104 3240 non
3129 3187 3300 3242 solum
3331 3203 3399 3244 ex
3423 3203 3586 3244 carne
3605 3199 3662 3246 et

2075 3273 2354 3343 sanguine,
2382 3287 2566 3327 verum
2598 3275 2759 3330 etiam
2788 3291 2854 3330 ex
2875 3277 3148 3332 voluntate
3173 3278 3272 3332 viri
3298 3287 3354 3333 et
3379 3295 3446 3334 ex
3471 3281 3663 3336 volun-

2075 3371 2182 3419 tate
2206 3367 2383 3420 carnis
2403 3367 2457 3432 ²;
2489 3367 2577 3422 ille
2603 3375 2780 3422 autem
2805 3377 3008 3423 tantum
3031 3383 3098 3424 ex
3117 3383 3279 3425 carne
3303 3379 3360 3426 et
3381 3373 3660 3444 sanguine.

2075 3468 2184 3508 ιιοιι
2209 3471 2274 3508 ex
2303 3456 2572 3511 voluntate
2599 3457 2720 3522 viri,
2744 3467 2915 3526 neque
2943 3473 3010 3512 ex
3037 3459 3310 3514 voluntate
3333 3462 3530 3528 carnis,
3563 3463 3658 3517 sed

2073 3559 2140 3599 ex
2161 3545 2274 3600 Deo
2301 3555 2457 3600 natus
2481 3553 2582 3602 est.
2607 3547 2674 3602 Et
2697 3547 2814 3603 ideo
2841 3563 2940 3603 nos
2969 3549 3020 3603 in
3050 3559 3276 3605 mortem
3303 3563 3517 3623 propter
3535 3567 3664 3625 pec-

2073 3643 2272 3702 catum,
2304 3637 2392 3690 ille
2417 3645 2634 3707 propter
2657 3651 2756 3692 nos
2777 3639 2829 3691 in
2857 3649 3082 3693 mortem
3105 3641 3222 3695 siue
3245 3651 3482 3710 peccato.
3509 3645 3660 3699 Sicut

2071 3734 2248 3780 autem
2279 3727 2528 3781 inferiora
2556 3727 2707 3798 ejus,
2749 3729 2941 3798 quibus
2973 3729 3040 3784 ad
3073 3744 3171 3785 nos
3205 3731 3515 3799 descendit,
3549 3749 3658 3788 non

2072 3824 2217 3879 omni
2260 3823 2418 3879 modo
2455 3833 2729 3896 comquata
2771 3835 2896 3880 sunt
2939 3825 3282 3882 inferioribus
3323 3829 3556 3896 nostris,
3603 3831 3656 3884 in

2071 3915 2263 3986 quibus
2287 3930 2386 3970 nos
2414 3915 2503 3972 hic
2542 3919 2782 3972 invenit:
2809 3919 2888 3973 sic
2911 3925 2969 3973 et
2991 3921 3264 3990 superiora
3293 3929 3505 3987 nostra,
3536 3920 3660 3990 qui-

2071 4007 2170 4062 bus
2193 4006 2258 4062 ad
2287 4022 2409 4062 eum
2435 4007 2795 4074 ascendimus,
2831 4023 2936 4064 non
2963 4009 3388 4080 cochuahuntur
3408 4013 3657 4081 superio-

2069 4099 2216 4154 ribus
2245 4098 2382 4169 ejus.
2414 4098 2466 4154 in
2495 4099 2688 4170 quibus
2715 4115 2837 4156 eum
2864 4101 2973 4156 illic
3000 4101 3268 4158 inventuri
3309 4117 3515 4158 sumus.
3547 4103 3657 4160 Nos

2069 4191 2211 4245 enim
2243 4189 2410 4260 ipsius
2431 4189 2598 4260 gratia
2625 4188 2750 4244 facti
2781 4191 2982 4245 erimus
3013 4191 3104 4246 lilii
3138 4191 3266 4258 Dei,
3311 4193 3400 4248 ille
3439 4207 3660 4264 semper

2067 4289 2254 4336 natura
2279 4281 2558 4336 eratﬁlius
2586 4281 2683 4337 Dei
2709 4297 2723 4336 :
2755 4295 2855 4336 nos
2889 4283 3178 4353 aliquando
3203 4285 3448 4340 conversi
3475 4285 3659 4340 adh:r-

2067 4373 2302 4428 rebimus
2329 4373 2561 4444 impares
2599 4371 2746 4439 Deo,
2790 4372 2880 4429 ille
2917 4391 3184 4445 nunquam
3212 4391 3435 4432 aversus
3473 4387 3656 4432 manet

2067 4463 2286 4534 aequalis
2321 4463 2472 4520 Deo:
2499 4479 2600 4519 nos
2629 4463 2912 4536 participes
2953 4465 3074 4521 vita:
3118 4475 3369 4534 :cternaa,
3421 4467 3512 4524 ille
3539 4469 3648 4522 vita

2066 4561 2286 4608 aeterna.
2313 4553 2470 4608 Solus
2516 4569 2644 4624 ergo
2673 4553 2762 4610 ille
2808 4555 2968 4610 etiam
3017 4557 3178 4613 homo
3215 4556 3387 4613 factus
3431 4573 3654 4616 manens

2067 4645 2226 4712 Deus,
2260 4653 2534 4713 peceatum
2567 4646 2765 4700 nullum
2797 4645 2980 4702 habuit
3007 4661 3270 4718 unquam,
3300 4663 3398 4705 nee
3423 4651 3652 4720 sumpsit

2065 4752 2278 4792 carnem
2301 4738 2500 4808 peccati
2521 4737 2564 4803 ⁸,
2591 4740 2832 4810 quamvis
2853 4739 2920 4795 de
2939 4751 3176 4797 materna
3195 4753 3354 4798 carne
3377 4745 3577 4812 peccati
3599 4743 3644 4799 ⁸.

2065 4827 2216 4896 Quod
2241 4827 2382 4884 enim
2407 4829 2584 4884 carnis
2609 4829 2734 4886 inde
2767 4833 3031 4903 suscepit,
3064 4833 3115 4888 id
3147 4833 3381 4903 profecto
3405 4843 3498 4889 aut
3523 4849 3648 4892 sus-

2131 5025 2146 5058 ³
2181 5023 2346 5086 Abest,
2369 5021 2767 5086 misericorditer,
2789 5039 2818 5075 a
2843 5034 2948 5078 Mss.

2127 5085 2396 5160 {Plerique
2416 5093 2546 5160 Mss,
2567 5093 2629 5160 et
2657 5099 2723 5160 ea:
2754 5085 2992 5160 ωιτφωω
3029 5087 3223 5148 cm;
3243 5086 3464 5155 itemque
3499 5093 3648 5158 paulo

2129 5147 2904 5212 maequeexvoluptatccamis.
3377 5147 3396 5155 '
3499 5147 3518 5158 '

2129 5211 2331 5280 (Loco,
2355 5223 2442 5260 nec
2483 5207 2684 5272 smupsit
2722 5207 3404 5280 carnempeccatiwlerlque
3425 5219 3534 5266 Mss.
3561 5215 3650 5266 ba-

2064 5269 2326 5346 bent,_nce
2357 5269 2654 5346 cumncarue
2674 5271 2883 5346 peccati.
2927 5269 3068 5322 Forte
3101 5269 3224 5336 pro',
3261 5269 3414 5339 αἱμα
3449 5287 3648 5327 eui-item

2063 5334 2278 5399 peccati;
2297 5334 2518 5393 subaudi,
2539 5334 2724 5384 habm't.
3103 5334 3118 5336 “
3207 5334 3214 5335 “
3335 5334 3346 5339 “

2073 5463 2113 5472 ,.
2127 5395 2408 5472 ἭὲιὲᾹΕ
2424 5401 2782 5472 Ψνὲἕνϐξίέφὲἕ
2814 5393 3278 5472 νςςςριιςίεεπδοηίσι
3311 5397 3511 5472 codices.
3531 5399 3647 5472 690v

2066 5463 2118 5506 et
2139 5468 2266 5523 unus
2281 5455 2547 5506 casaleusis
2565 5458 2773 5523 abbatiae
2789 5455 2890 5523 ,de
2910 5457 3116 5523 materia
3137 5459 3297 5523 carnis
3327 5460 3527 5523 peccati.
3553 5455 3648 5510 ι·ρί

2065 5519 2360 5566 tustissimus
2387 5527 2550 5584 autem
2581 5519 2890 5584 corbeieusis
2909 5521 3176 5584 exterique
3197 5519 3418 5572 Callicani
3453 5523 3648 5574 codices

2065 5591 2256 5644 necnon
2271 5587 2373 5626 tres
2395 5579 2621 5644 vaticani,
2645 5585 2698 5644 et
2718 5587 2836 5642 quot
2856 5591 2882 5628 a
2902 5579 3280 5633 Lovauiensibus
3297 5585 3386 5634 visi
3408 5589 3650 5644 sunt,ltet—

2103 5641 2158 5688 ici
2183 5649 2387 5707 quatuor
2411 5641 2604 5698 ferunt,
2629 5641 2936 5707 (tantatanta
2967 5655 3114 5694 carne
3149 5645 3350 5707 peccati.
3385 5641 3556 5696 Confer
3588 5644 3648 5692 li-

2087 5713 2204 5768 u‘um
2222 5701 2442 5768 quintum}
2461 5711 2626 5768 contra
2649 5702 2899 5760 lulianum,
2923 5717 3026 5768 cap.
3051 5707 3114 5768 9;
3137 5701 3186 5757 et
3207 5706 3382 5756 librum
3401 5707 3643 5756 decimum

2068 5761 2130 5811 de
2153 5761 2326 5812 Genesi
2351 5766 2411 5812 ad
2427 5763 2674 5826 Litteram,
2699 5779 2780 5813 un.
2809 5767 2864 5814 18
2883 5775 2933 5816 et
2951 5761 3027 5817 20.

2115 5641 2158 5688 ci
2183 5649 2387 5701 quatuor
2411 5641 2604 5698 terunt,
2629 5641 2690 5690 de
2719 5641 2936 5691 materna
2967 5655 3114 5694 carne
