4002 6178
239 345 388 400 Ἲῖδ

284 453 585 527 cipieudum
615 450 907 530 mandavit,
935 461 1024 506 aut
1052 449 1388 520 suscipiendo
1419 449 1710 504 unmdavit.
1739 447 1869 504 Ideo

269 544 558 618 Virginem
578 550 823 611 matrem,
849 541 1090 612 nonlegc
1119 543 1295 596 carnis
1317 543 1542 611 peccati,
1565 542 1616 595 id
1643 548 1746 606 est,
1767 555 1870 594 non

255 634 727 711 'concupiscentia:
757 633 985 689 carnalis
1030 643 1176 688 motu
1205 635 1590 703 concipientem
1621 674 1636 697 ,
1667 630 1760 686 sed
1789 631 1871 701 pia

281 729 390 784 ﬁde
417 728 433 760 ¹
465 737 704 782 sanetum
732 739 950 796 germen
974 725 1024 778 in
1051 739 1108 779 se
1132 724 1242 780 ﬁeri
1274 733 1688 794 promerentem,
1715 738 1872 794 quam

281 821 508 894 eligeret
550 820 750 875 creavit
781 819 828 888 ',
859 817 926 874 de
971 835 1072 889 qua
1116 829 1389 874 crearetur
1433 818 1611 890 elegit.
1662 817 1874 887 Quanto

284 913 456 984 magis
479 927 607 984 ergo
647 927 774 967 caro
801 911 1004 982 peccati
1037 910 1356 982 baptizanda
1387 919 1469 967 est
1497 920 1715 982 propter
1743 925 1873 967 eva-

269 1004 516 1058 dendum
545 1003 566 1034 ³
590 1002 849 1073 judicium
871 1043 886 1068 ,
932 1001 977 1056 si
1025 1000 1291 1070 baptizata
1320 1012 1404 1056 est
1443 1017 1570 1058 caro
1598 1004 1714 1058 sine
1745 1017 1872 1072 pec-

251 1104 402 1150 '-cato
435 1105 652 1166 pmpter
683 1092 992 1148 imitationis
1020 1093 1360 1163 exemplum?

353 1183 582 1242 CAPUT
623 1183 790 1239 XXV.
813 1213 882 1225 —
909 1183 997 1240 59.
1025 1182 1250 1254 Objectio
1276 1181 1686 1254 Pelagianorum.
1713 1182 1867 1252 Quod

269 1284 460 1330 autem
509 1290 666 1344 supra
698 1274 1072 1345 respondimus
1107 1273 1362 1328 adversus
1402 1288 1498 1329 eos
1533 1273 1620 1343 qui
1649 1271 1869 1339 dicunt,

283 1367 348 1422 Si
377 1378 610 1440 pccca:or
634 1367 804 1440 genuit
842 1377 1150 1435 pcccatorem
1171 1408 1188 1434 ,
1226 1367 1401 1438 justus
1440 1382 1636 1438 quoque
1668 1366 1872 1438 justum

257 1459 483 1528 gignere
521 1456 687 1516 debuit
726 1455 943 1529 (Supra,
977 1474 1029 1511 ιι.
1061 1455 1187 1529 H):
1225 1457 1325 1512 hoc
1351 1457 1513 1512 etiam
1539 1455 1624 1511 his
1648 1471 1870 1526 respon-

279 1550 498 1614 demus,
536 1547 623 1618 qui
651 1546 868 1614 dicunt,
909 1547 977 1602 de
1005 1547 1220 1603 homine
1249 1547 1514 1616 baptizato
1545 1554 1729 1602 natum
1755 1545 1869 1617 jam

281 1641 427 1693 \‘tfilll
469 1639 793 1710 baptizatum
821 1639 1002 1694 haberi
1033 1639 1303 1694 debuisse.
1336 1637 1440 1693 Cur
1467 1639 1602 1693 enim
1625 1655 1756 1704 non,
1787 1637 1871 1692 in-

281 1732 471 1799 quiunt
490 1772 505 1795 ,
537 1731 588 1784 in
616 1730 797 1784 lumbis
827 1732 986 1801 patris
1010 1731 1089 1784 sui
1117 1731 1280 1803 potuit
1307 1731 1586 1801 baptizari,
1613 1731 1658 1785 si
1685 1746 1870 1785 secun-

282 1825 404 1876 dum
438 1823 719 1895 Epistulam
745 1840 857 1895 qua:
881 1823 949 1876 ad
991 1823 1229 1878 Ilebra’os
1258 1825 1446 1895 scripta
1475 1833 1576 1898 est,
1603 1826 1656 1880 in
1691 1825 1873 1880 lumbis

279 1915 498 1969 Abraluc
525 1913 648 1968 Levi
673 1915 832 1985 potuit
871 1915 1110 1969 decimari
1150 1913 1343 1987 (Hebr.
1385 1932 1490 1980 vu,
1523 1915 1578 1978 9,
1607 1915 1729 1986 10)?
1759 1915 1872 1971 [ioc

279 2006 369 2075 qui
411 2005 618 2073 dicunt,
645 2005 923 2061 attendant
953 2022 1056 2061 non
1085 2017 1364 2077 propterea
1396 2007 1523 2062 Levi
1553 2016 1732 2078 postea
1762 2023 1868 2062 non

278 2095 444 2152 fuisse
469 2095 812 2163 decimatum,
839 2097 962 2168 quia
986 2097 1094 2168 jam
1124 2094 1296 2153 fuerat
1322 2097 1614 2153 decimatas
1649 2097 1703 2152 in
1729 2097 1868 2152 lum-

280 2189 365 2244 his
393 2189 655 2255 Abrahaz;
685 2189 780 2246 scd
821 2189 944 2262 quia
992 2191 1071 2246 sic
1098 2189 1374 2247 ordinatus
1412 2201 1496 2246 est
1539 2190 1742 2245 honore
1785 2205 1870 2244 sa-

277 2283 521 2347 cerdotii,
547 2292 605 2338 ut
623 2283 892 2354 acciperet
911 2283 1167 2349 decimas,
1189 2297 1290 2338 n0n
1311 2283 1575 2354 prmberet
1600 2299 1613 2336 :
1635 2282 1869 2353 alioquin

278 2389 379 2434 nec
401 2375 580 2430 ueteri
613 2373 808 2429 fratres
831 2373 971 2445 ejus,
996 2374 1084 2444 qui
1109 2373 1159 2430 ei
1188 2374 1513 2443 praebebant,
1540 2372 1874 2428 deeimaren-

279 2482 385 2532 llll',
409 2466 531 2536 quia
559 2475 610 2521 et
639 2465 736 2535 ipsi
759 2465 812 2520 in
839 2463 1034 2521 lumbis
1051 2463 1283 2520 Abrahae
1301 2479 1329 2518 a
1353 2463 1742 2520 Melchisedech
1757 2463 1868 2535 jam

279 2556 488 2610 fuerant
514 2555 783 2613 decimati.

344 2645 440 2700 ιο.
471 2644 577 2701 Sed
617 2660 684 2700 ne
721 2645 842 2716 quis
885 2645 1062 2710 dicat,
1115 2653 1395 2716 propterea
1443 2653 1588 2701 recte
1635 2644 1872 2716 potuisse

277 2736 507 2793 Abrahae
539 2737 678 2794 ﬁlios
706 2737 980 2802 decimari,
1011 2738 1380 2810 quamvisjam
1411 2737 1634 2794 fuissent
1658 2737 1710 2792 in
1734 2737 1874 2792 lum-

275 2827 362 2883 bis
389 2829 558 2901 patris
584 2827 668 2884 sui
691 2827 942 2884 decimati
964 2870 980 2897 ,
1009 2829 1129 2900 quia
1159 2828 1443 2884 decimatio
1475 2829 1593 2884 talis
1618 2844 1707 2884 res
1731 2837 1868 2896 erat,

277 2935 394 2988 qum
423 2919 478 2974 in
503 2934 824 2990 unoquoque
847 2918 1066 2975 homine
1093 2913 1234 2989 saepe
1266 2919 1434 2974 fuerat
1452 2917 1744 2984 facienda‘,
1766 2919 1873 2973 sic-

265 3021 337 3065 -ιιι
357 3011 609 3066 Israelita:
631 3011 788 3066 annis
808 3011 1056 3066 omnibus
1075 3053 1089 3076 ,
1116 3011 1222 3065 imo
1243 3027 1308 3066 ex
1329 3009 1586 3067 fructibus
1623 3010 1870 3066 omnibus

275 3102 512 3158 decimas
539 3109 649 3157 tota
675 3101 780 3157 vita
811 3116 905 3157 sua
929 3101 1146 3157 crebras
1167 3101 1344 3156 solent
1368 3101 1608 3172 pratbere
1635 3099 1866 3167 Levitis;

277 3193 608 3266 Baptismum
639 3200 814 3246 autem
844 3192 947 3248 tale
970 3201 1364 3248 sacramentum
1391 3206 1512 3247 esse
1535 3190 1676 3264 quod
1701 3191 1869 3247 semel

276 3283 452 3350 datur,
483 3292 539 3340 et
560 3283 604 3338 si
633 3283 740 3354 jam
769 3282 872 3338 hoc
894 3291 1175 3353 acceperat
1203 3281 1460 3353 quisque,
1489 3297 1610 3338 cum
1637 3282 1690 3337 in
1719 3291 1869 3354 patre

275 3390 376 3430 suo
404 3381 580 3440 esset,
629 3374 840 3430 nonnisi
885 3373 1206 3444 baptizatum
1254 3371 1419 3428 fuisse
1470 3371 1866 3443 deputandum,

275 3484 396 3524 eum
428 3467 497 3524 de
531 3467 623 3523 illo
649 3467 736 3538 qui
762 3466 1060 3537 baptizatus
1087 3465 1258 3522 fuerat
1285 3471 1610 3538 gigneretur.
1639 3464 1739 3532 Qui
1769 3464 1868 3521 hoc

274 3559 406 3615 dicit
438 3557 528 3634 (ne
570 3557 662 3613 diu
701 3555 1020 3630 disputem),
1069 3556 1530 3614 circumcisionem
1577 3555 1864 3624 respiciat,

275 3666 398 3722 qum
428 3649 598 3706 semel
623 3649 802 3715 ﬁebat,
833 3657 888 3705 et
910 3657 1089 3705 tamen
1112 3648 1164 3704 in
1186 3648 1408 3720 singulis
1434 3647 1739 3718 singillatim
1770 3646 1866 3702 ﬁe-

275 3743 386 3798 hat.
413 3739 562 3798 Sicut
587 3757 714 3811 ergo
741 3749 983 3812 tempore
1022 3740 1163 3796 illius
1189 3739 1509 3796 sacramenti
1539 3739 1606 3795 de
1633 3739 1864 3794 circum-

279 3831 393 3887 ciso
413 3831 502 3902 qui
533 3839 866 3897 nasceretur,
879 3829 1340 3886 circumcidentlus
1365 3831 1459 3885 fuit
1485 3846 1498 3884 :
1526 3829 1604 3885 sic
1631 3844 1771 3886 nunc
1798 3828 1866 3884 de

273 3923 546 3995 baptizata
573 3923 664 3994 qui
688 3931 844 3978 natus
869 3920 1046 3990 fuerit,
1077 3921 1420 3992 baptizandus
1445 3930 1548 3977 est.

342 4016 433 4072 41.
462 4016 532 4070 At
554 4014 697 4070 enim
722 4013 1013 4086 Apostolus
1037 4013 1140 4076 ait,
1173 4010 1298 4067 Filii
1323 4013 1472 4068 uestri
1511 4013 1756 4069 immundi
1783 4031 1863 4070 es-

271 4115 402 4169 sent,
425 4121 561 4160 nunc
593 4114 761 4160 autent
785 4105 950 4161 sancti
975 4112 1095 4160 sunt
1124 4103 1170 4171 (l
1195 4103 1313 4159 Cor.
1351 4119 1456 4169 vn,
1492 4102 1621 4176 M):
1653 4115 1699 4160 et
1728 4106 1861 4171 ideo,

273 4197 792 4269 inquiunt,.ﬁdelium
817 4197 916 4267 ﬁlii
928 4196 1044 4268 jam
1071 4195 1319 4267 baptizari
1345 4195 1551 4250 minime
1569 4195 1860 4250 debuerunt.

273 4289 438 4344 uiror
463 4287 566 4344 hoc
594 4288 794 4355 dicere,
827 4289 919 4360 qui
949 4297 1144 4358 negant
1169 4297 1444 4358 peccatum
1471 4303 1535 4343 ex
1565 4287 1734 4342 Adam
1756 4289 1867 4342 ori-

271 4381 521 4453 ginaliter
545 4380 703 4436 trahi.
732 4379 788 4435 Si
826 4381 969 4435 enim
1007 4380 1146 4435 hanc
1168 4380 1406 4450 Apostoli
1437 4381 1754 4435 sententiam
1785 4385 1864 4434 sic

271 4472 574 4542 accipiunt,
617 4478 678 4525 ιιι
704 4469 924 4526 credant
947 4468 1016 4526 de
1045 4469 1288 4526 ﬁdelibus
1326 4471 1685 4526 sanctiﬁcatos
1723 4471 1864 4527 ﬁlios

272 4564 443 4632 nasci,
475 4577 572 4618 cur
595 4577 692 4618 eos
721 4561 881 4618 etiam
925 4561 1025 4634 ipsi
1050 4561 1310 4632 baptizari
1336 4574 1588 4632 oportere
1631 4580 1736 4619 non
1763 4565 1865 4619 dn-

271 4652 476 4725 bitant?
517 4653 622 4711 Cur
649 4652 879 4724 denique
917 4652 1106 4708 nolunt
1133 4651 1282 4709 fateri
1312 4653 1380 4710 de
1419 4664 1639 4724 parente
1675 4670 1864 4725 pecca-

271 4757 390 4802 tore
415 4744 627 4817 aliquod
653 4752 924 4824 peccatum
947 4743 1277 4814 originaliter
1305 4743 1464 4810 trahi,
1505 4744 1552 4800 si
1581 4744 1648 4802 de
1675 4758 1860 4802 sancto

269 4837 448 4908 aliqua
488 4837 744 4892 sanctitas
771 4833 1032 4890 trahitur?
1079 4833 1145 4889 Et
1168 4845 1350 4890 eontra
1379 4845 1614 4891 nostram
1645 4836 1858 4908 quidem

269 4945 380 4985 non
405 4938 490 4985 est
511 4928 898 4996 assertionem,
929 4928 1137 4983 etiamsi
1169 4943 1232 4982 ex
1265 4927 1510 4984 ﬁdelibus
1536 4931 1706 4986 sancti
1730 4946 1858 5001 pro.

263 5030 552 5091 vagantur,
581 5020 724 5092 quod
745 5035 842 5077 eos
871 5019 1116 5088 dicimus,
1145 5021 1190 5074 si
1214 5037 1324 5076 non
1356 5020 1706 5091 baptizantur,
1734 5039 1858 5095 per-

267 5128 394 5182 gere
423 5112 476 5167 in
504 5112 921 5181 damnationem,
944 5112 1136 5183 quibus
1161 5120 1215 5168 et
1237 5113 1333 5183 ipsi
1357 5126 1579 5184 regnum
1599 5115 1856 5172 caelorum

264 5203 650 5272 itercludttnt,
680 5206 922 5278 quamvis
965 5221 1058 5262 eos
1104 5205 1283 5262 dicant
1321 5223 1426 5260 non
1465 5205 1664 5263 habere
1693 5209 1856 5265 ullum

265 5297 355 5352 vel
379 5295 677 5367 proprium,
705 5297 789 5352 vel
817 5295 1074 5368 originale
1117 5305 1414 5366 peccatum.
1448 5297 1555 5352 Aut
1592 5297 1638 5352 si
1668 5299 1747 5354 eis
1776 5301 1855 5355 in-

309 5457 346 5521 -f
385 5461 436 5506 In
455 5462 586 5516 Mm,
606 5451 693 5506 sed
709 5452 814 5520 ipsa
829 5455 948 5521 ﬁde.

311 5519 350 5583 ’ξ
384 5530 486 5583 Arn.
513 5526 566 5569 et
588 5525 682 5576 εν..
707 5517 854 5582 φιωὴ
872 5517 1080 5583 elegerat
1097 5520 1294 5574 creauit.

329 5581 352 5650 ξ
376 5579 572 5650 Aliquot
583 5586 697 5650 quas.
707 5579 731 5650 ,ξ
743 5579 1091 5632 cucumam

327 5642 351 5672 ⁸
375 5641 544 5692 Plures
559 5649 685 5709 Mss...
711 5641 764 5691 in
786 5654 1066 5709 unoquoque
1095 5655 1222 5695 anno
1246 5646 1406 5708 [Iterat
1424 5647 1648 5709 facienda
1665 5661 1682 5706 ς
1701 5647 1852 5698 omis-

259 5715 338 5775 so,
362 5717 507 5775 sape,
522 5704 650 5775 quod
677 5704 844 5775 ceteri
867 5704 1388 5775 quocpteJuragtereunt
1413 5704 1433 5760 τ’
1451 5719 1502 5764 ct
1526 5712 1644 5760 itura
1663 5704 1764 5775 pro,
1786 5726 1850 5763 ex

267 5766 499 5832 fluctibus
513 5766 733 5830 {habent
755 5777 942 5828 omnes,
967 5778 1032 5814 ex
1053 5766 1289 5829 frugibus.

922 337 1008 394 DE
1049 335 1509 393 PECCATORL‘M
1551 335 1828 392 MERl‘TlS
1869 331 1955 390 ΕΤ
1990 330 2414 402 REMISSIONE,
2456 335 2514 390 S.
2557 334 2924 392 AUGUSTINI

3468 335 3572 396 17ῧ

1977 447 2194 518 dignum
2235 448 2460 514 \idetur,
2492 458 2550 504 ut
2574 449 2742 504 sancti
2787 451 3128 514 damnentur,
3173 451 3442 520 quomodo
3487 462 3572 509 est

1977 539 2193 611 dignum
2215 551 2272 595 ut
2299 556 2328 596 a
2356 557 2521 613 regno
2545 541 2636 598 Dei
2666 542 2834 597 sancti
2856 543 3207 612 separentur?
3236 543 3366 598 Illud
3393 543 3569 614 potius

1977 631 2288 698 attendant,
2337 633 2604 704 quomodo
2629 649 2736 689 non
2765 635 2834 690 de
2864 634 3234 706 peccatoribus
3261 637 3570 706 parentibus

1977 723 2222 779 trahatur
2262 724 2477 795 aliquod
2508 735 2782 795 peccatum
2805 767 2819 792 ,
2851 727 2896 780 si
2935 725 3003 781 de
3025 727 3226 782 sanctis
3247 728 3423 798 aliqua
3449 742 3574 783 san-

1977 815 2134 871 ctitas
2159 815 2386 870 trahitur
2413 826 2466 870 et
2489 816 2821 871 immunditia
2847 816 2914 872 de
2937 817 3247 873 immundis.
3271 817 3573 890 Utrumque

1977 905 2120 962 enim
2149 905 2303 974 dixit,
2335 907 2424 977 qui
2455 905 2618 973 dixit,
2643 906 2880 978 Alioquin
2911 909 3010 977 ﬁlii
3036 909 3188 962 vestri
3215 909 3466 965 immundi
3494 927 3572 966 es-

1976 1007 2117 1064 sent,
2150 1015 2284 1052 nunc
2326 1007 2491 1053 autem
2521 999 2684 1054 sancti
2723 1010 2860 1054 sunt.
2913 1001 3194 1070 Explicent
3235 1002 3396 1057 etiam
3433 1019 3571 1074 quo-
3644 989 3656 1025 ⁷

1978 1089 2138 1145 modo
2158 1089 2356 1158 justum
2381 1090 2470 1157 sit,
2503 1098 2564 1146 ut
2586 1093 2754 1146 sancti
2781 1107 2847 1146 ex
2879 1091 3130 1148 ﬁdelibus
3146 1100 3195 1149 (~I
3225 1095 3484 1150 nnmundi
3505 1112 3570 1150 ex

1977 1179 2282 1235 inﬁdelibus
2309 1181 2438 1248 nati,
2476 1183 2673 1251 pariter
2703 1193 2878 1238 tamen
2900 1223 2916 1248 ,
2961 1183 3010 1238 si
3036 1184 3290 1254 baptismi
3321 1200 3427 1240 non
3459 1185 3572 1241 fue-

1975 1270 2105 1338 rint,
2131 1285 2352 1342 regnum
2385 1271 2478 1326 Dei
2502 1287 2608 1327 non
2638 1273 3016 1343 permutantur
3035 1275 3254 1330 intrare.
3277 1275 3415 1344 Quid
3441 1291 3572 1347 ergo

1977 1361 2082 1418 illis
2105 1363 2202 1418 ista
2226 1364 2480 1419 sanctitas
2503 1365 2758 1434 prodest?
2780 1365 2912 1420 Nam
2943 1366 2990 1422 si
3009 1365 3252 1422 damnari
3279 1367 3572 1424 faterentur

1976 1453 2278 1510 immundos
2305 1470 2370 1510 ex
2403 1454 2704 1510 inﬁdelibus
2735 1466 2889 1513 natos
2913 1457 2954 1524 ⁸,
2984 1466 3203 1513 sanctos
3223 1467 3404 1514 autem
3433 1458 3574 1514 ﬁlios

1977 1544 2213 1603 ﬁdelium
2257 1547 2309 1602 in
2355 1547 2444 1602 Dei
2484 1547 2698 1618 quidem
2725 1562 2950 1619 regnum
2981 1549 3182 1605 intrare
3217 1563 3326 1604 non
3374 1564 3567 1619 posse,

1976 1639 2079 1695 nisi
2108 1637 2304 1695 fuerint
2329 1640 2600 1710 baptizati,
2624 1655 2730 1696 non
2758 1648 2935 1696 tamen
2957 1640 3225 1709 damnari,
3247 1641 3368 1712 quia
3399 1643 3569 1697 sancti

1975 1737 2122 1796 sunt,
2154 1738 2294 1784 esset
2320 1730 2726 1800 qualiscumque
2750 1729 3060 1786 distinctio:
3087 1745 3232 1786 nunc
3255 1746 3385 1786 vero
3413 1740 3570 1787 natos

1975 1816 2046 1873 de
2071 1818 2272 1874 sanctis
2294 1828 2530 1886 sanctos,
2558 1828 2614 1876 et
2635 1819 2704 1876 de
2730 1820 3018 1877 immundis
3047 1821 3372 1888 immundos,
3389 1837 3570 1894 mqua-

1975 1910 2098 1967 liter
2115 1910 2317 1979 dicunt,
2342 1921 2398 1967 et
2422 1911 2546 1979 quia
2582 1921 2858 1984 peccatum
2895 1929 3001 1968 non
3033 1914 3262 1979 habent,
3313 1930 3419 1971 non
3471 1916 3568 1971 da-

1975 2000 2169 2067 mnari,
2204 2010 2263 2056 et
2289 2002 2409 2072 quia
2450 2002 2776 2072 Baptismutn
2803 2020 2908 2058 non
2949 2003 3172 2072 habent,
3201 2021 3234 2060 a
3276 2006 3372 2063 Dei
3401 2022 3571 2078 regno

1975 2092 2233 2163 separari.
2262 2093 2412 2149 lianc
2439 2093 2818 2150 absurditatem
2850 2095 2974 2150 talia
3001 2096 3210 2168 ingenia
3251 2112 3357 2152 non
3385 2097 3571 2154 videre

1975 2186 2097 2256 quis
2124 2184 2345 2240 credat?

2047 2277 2135 2332 62.
2163 2276 2371 2334 Noslrtn
2400 2287 2609 2347 autem,
2644 2280 2752 2335 imo
2781 2280 2949 2350 ipsius
2975 2281 3216 2352 Apostoli
3252 2281 3568 2346 sententiae,

1975 2372 2064 2444 qui
2103 2371 2262 2438 dixit,
2295 2370 2378 2426 Ex
2403 2389 2505 2427 uno
2543 2389 2714 2428 omnes
2740 2373 2810 2427 ad
2836 2373 3335 2440 condemnationem;
3368 2382 3456 2440 et,
3487 2373 3574 2428 Ea:

1976 2483 2078 2522 uno
2113 2483 2282 2520 omnes
2310 2466 2378 2520 ad
2401 2467 2820 2538 justi/icationem
2847 2468 2966 2522 uiue
3007 2466 3195 2540 (Rom.
3226 2481 3276 2533 v,
3316 2466 3405 2533 i6,
3441 2465 3568 2537 18):

1975 2572 2134 2626 quam
2164 2571 2268 2610 non
2295 2557 2363 2610 sit
2389 2557 2718 2612 contrarium
2750 2557 2852 2612 hoc
2891 2557 3033 2627 quod
3074 2557 3180 2624 ait,
3223 2572 3345 2612 cum
3372 2557 3441 2613 de
3464 2557 3570 2613 alia

1976 2663 2036 2704 re
2055 2657 2254 2720 ageret,
2289 2647 2522 2720 Alioquin
2553 2649 2649 2719 ﬁlii
2675 2649 2824 2704 uestri
2842 2648 3093 2703 immundi
3115 2659 3296 2716 essent,
3320 2664 3458 2704 nunc
3481 2664 3572 2702 au-

1977 2749 2074 2794 tem
2099 2740 2260 2794 sancti
2284 2749 2422 2807 sunt,
2452 2741 2722 2809 paululum
2749 2740 2984 2795 attende.

2045 2831 2272 2888 CAPUT
2299 2831 2489 2888 XXVI.
2505 2863 2574 2874 -—
2591 2833 2939 2903 Sauctiﬁcatio
2963 2831 3234 2903 multiplex
3261 2832 3570 2888 Sacramen-

1977 2937 2079 2982 tum
2100 2927 2588 2981 cateclmmenorum.
2609 2926 2723 2982 Non
2745 2926 2902 2980 unius
2928 2925 3070 2982 modi
3089 2935 3170 2982 est
3183 2925 3566 2982 sanctillcatio:
3628 2957 3632 2962 -

1977 3034 2102 3074 nam
2141 3025 2196 3074 et
2242 3018 2657 3074 catechumenos
2682 3017 2975 3074 secundum
3019 3018 3302 3089 quemdam
3321 3017 3567 3089 gnodum

1975 3125 2131 3166 suum
2173 3125 2268 3181 per
2293 3110 2504 3181 signum
2533 3109 2731 3166 Christi
2757 3118 2812 3166 et
2846 3110 3142 3166 orationem
3172 3124 3363 3165 manus
3391 3109 3567 3179 impo-

1974 3201 2183 3258 sitionis
2207 3201 2230 3234 '
2257 3209 2384 3271 puto
2410 3200 2728 3256 sanctiﬁcari
2755 3219 2768 3256 :
2799 3212 2855 3257 et
2880 3199 3022 3271 quod
3052 3201 3341 3270 accipiunt,
3371 3213 3568 3270 quam-

1974 3292 2054 3348 vis
2095 3306 2202 3348 non
2241 3293 2311 3348 sit
2347 3305 2544 3364 corpus
2581 3291 2809 3358 Christi,
2854 3301 3095 3348 sanetum
3135 3302 3219 3348 est
3253 3301 3466 3360 tamen,
3511 3300 3571 3346 et

1972 3383 2211 3438 sanctius
2250 3397 2409 3454 quam
2454 3383 2558 3439 eihi
2603 3381 2796 3454 quibus
2835 3383 3050 3451 alimur,
3091 3382 3342 3454 quoniam
3389 3397 3570 3438 sacra-

1974 3483 2216 3532 mentum
2240 3484 2322 3532 est
2346 3473 2445 3548 (a).
2482 3475 2679 3532 Verum
2706 3485 2760 3532 et
2792 3476 2938 3547 ipsos
2962 3477 3132 3543 cibos,
3162 3477 3358 3546 quibus
3381 3475 3448 3531 ad
3472 3491 3570 3530 ne-

1974 3567 2282 3624 cessitatem
2311 3567 2673 3624 sustentanda:
2691 3567 2848 3638 hujus
2874 3567 2994 3622 vita:
3022 3567 3234 3634 alimur,
3249 3567 3565 3622 sanctiﬁcari

1972 3658 2113 3715 idem
2143 3659 2418 3730 apostolus
2449 3657 2618 3727 dixit,
2661 3673 2758 3730 per
2783 3658 3004 3715 verbum
3051 3659 3145 3714 Dei
3189 3669 3243 3715 et
3270 3659 3564 3714 orationem

1972 3749 2016 3822 (1
2043 3747 2176 3805 Tim.
2209 3767 2278 3817 tv,
2311 3751 2392 3824 5),
2417 3767 2521 3822 qua
2549 3766 2765 3808 oramus
2783 3794 2799 3818 ,
2827 3752 3008 3822 utique
3036 3760 3220 3807 nostra
3247 3752 3564 3822 corpuscula

1970 3839 2244 3898 refecturi.
2267 3840 2416 3897 Sicut
2440 3855 2568 3914 ergo
2593 3842 2692 3898 ista
2715 3842 2957 3899 ciborum
2985 3843 3337 3898 sanctiﬁcatio
3359 3857 3464 3896 non
3485 3841 3566 3897 ef-

1973 3931 2082 3987 ficit
2112 3941 2168 3987 ut
2195 3933 2335 4004 quod
2367 3933 2418 3988 in
2457 3948 2520 3990 os
2549 3933 2856 4000 intraverit,
2899 3951 3007 3992 non
3039 3936 3092 3992 in
3121 3943 3365 3992 ventrem
3403 3933 3564 3990 vadat

1969 4033 2025 4081 et
2045 4027 2096 4081 in
2113 4040 2384 4082 secessum
2405 4027 2679 4084 emittatur
2699 4044 2796 4100 per
2813 4031 3235 4100 corruptionem,
3255 4044 3359 4101 qua
3379 4030 3561 4086 omnia

1971 4125 2182 4174 terrena
2212 4119 2513 4187 solvuntur,
2546 4120 2687 4177 unde
2712 4129 2767 4176 et
2802 4120 2870 4176 ad
2909 4122 3066 4176 altam
3101 4136 3278 4178 escam
3305 4137 3426 4193 qua:
3453 4137 3560 4178 non

1969 4211 2349 4280 corrumpitur,
2381 4225 2482 4266 nos
2504 4211 2766 4268 Dominus
2790 4213 3110 4269 exhortatur
3129 4211 3304 4285 (lacn.
3325 4229 3400 4280 Vl,
3426 4213 3518 4285 27)
3542 4232 3559 4269 :

1969 4301 2043 4356 ita
2072 4301 2423 4359 sanctiﬁcatio
2447 4305 2839 4372 catechumeni,
2865 4305 2908 4360 si
2932 4320 3038 4361 non
3061 4305 3218 4362 fuerit
3237 4306 3558 4377 baptizatus,

1969 4407 2074 4446 non
2099 4391 2148 4447 ei
2177 4392 2318 4448 valet
2345 4392 2412 4448 ad
2439 4393 2742 4449 intrandum
2773 4394 2826 4450 in
2871 4411 3092 4468 regnum
3133 4396 3392 4453 caelorum
3413 4439 3427 4465 ,
3467 4406 3563 4452 aut

1967 4483 2034 4538 ad
2065 4491 2403 4553 peccatorum
2443 4486 2836 4542 remissionem.
2866 4489 2945 4544 Ae
2983 4503 3081 4560 per
3105 4487 3207 4544 hoc
3231 4498 3283 4544 et
3312 4489 3399 4544 illa
3431 4504 3561 4543 san-

1967 4573 2236 4640 ctiﬁcatio,
2267 4575 2653 4648 cujuscumque
2693 4579 2839 4634 modi
2865 4581 2956 4647 sit,
2987 4595 3146 4651 quam
3176 4581 3230 4636 in
3261 4580 3385 4636 ﬁliis
3421 4580 3560 4636 ﬁde-

1967 4663 2094 4718 lium
2133 4678 2253 4720 esse
2277 4665 2408 4720 dixit
2435 4665 2758 4738 Apostolus,
2789 4669 2855 4724 ad
2897 4670 3052 4725 istam
3077 4669 3146 4725 de
3187 4670 3454 4741 Baptismo
3501 4679 3562 4726 et

1965 4753 2034 4810 de
2062 4755 2266 4826 peccati
2287 4756 2496 4828 origine
2521 4757 2608 4813 vel
2633 4761 2950 4816 remissione
2969 4762 3317 4833 quaestionem
3337 4762 3560 4818 omnino

1965 4861 2070 4900 non
2101 4847 2349 4916 pertinet.
2377 4847 2508 4904 Nam
2534 4857 2589 4904 et
2611 4850 2868 4921 coniuges
2887 4851 3134 4908 inﬁdeles
3159 4853 3211 4906 in
3237 4853 3554 4923 conjugibus

1965 4936 2213 4995 ﬁdelibus
2242 4939 2566 4996 sanctiﬁcari
2603 4941 2733 4997 dicit
2771 4957 2838 4998 eo
2879 4943 2996 5014 ipso
3033 4944 3151 4999 loco
3181 4943 3250 4999 ita
3293 4935 3555 5014 loquens:

1963 5156 2053 5268 ‘08"
2073 5161 2121 5206 tn
2149 5156 2375 5208 erunibus
2389 5154 2498 5207 fere
2519 5159 2858 5222 manuscriptis
2894 5159 3059 5222 deest,
3083 5173 3150 5214 ea:
3167 5157 3445 5213 inﬁdelibus
3468 5174 3556 5212 na-

1959 5280 2390 5392 uegtnemigianus
2427 5287 2545 5342 ιιι,
2594 5287 2642 5332 ct
2679 5280 2946 5334 orationan
2982 5290 3033 5335 et
3075 5297 3250 5336 mmsis
3291 5283 3558 5352 cuneatio-

2025 5403 2098 5465 (a)
2133 5402 2435 5470 Accipiehant
2455 5403 2792 5470 mteebumeui
2823 5414 3182 5470 sacramentum
3216 5406 3349 5470 salis,
3373 5419 3468 5470 qua
3489 5405 3559 5458 de

1960 5465 3269 5550 t9.fasfasfttﬁL‘EImiasEs.aetates??-
3291 5465 3561 5550 {iter}?

1958 5652 2041 5718 qui
2063 5652 2209 5699 etiam
2232 5652 2358 5718 libro
2381 5652 2401 5701 1
2427 5652 2806 5718 emitessiouum,
2827 5665 2934 5718 cap.
2959 5655 3034 5715 ﬂ,
3059 5654 3126 5718 de
3141 5667 3233 5706 suo
3251 5665 3402 5718 tpsms
3422 5664 3561 5718 ente-

1959 5713 2254 5783 chttmeuatu
2276 5713 2499 5783 loquens,
2530 5720 2615 5783 «tit
2643 5715 2869 5783 signabar
2883 5713 3042 5780 ξηιηρ
3073 5717 3159 5780 ait,
3189 5713 3367 5783 «signa
3394 5717 3557 5768 crucis

1969 5792 1991 5819 ι
2015 5776 2136 5837 ejus,
2164 5781 2214 5824 et
2237 5775 2497 5827 condiebar
2521 5777 2629 5839 ejus
2655 5775 2776 5827 sale.
2803 5791 2826 5822 n
