4002 6178
455 312 552 372 ΠΤ

453 423 819 498 Sauriiﬁcatnr
843 425 974 483 enim
999 426 1075 481 uir
1099 425 1321 496 inﬁdelis
1349 427 1400 480 in
1423 439 1593 490 uxore,
1627 433 1669 478 et
1691 425 2034 493 sanctiﬁcatur

451 515 632 574 mulier
673 517 896 586 inﬁdelis
937 515 992 570 in
1017 517 1196 586 fratre.
1227 515 1460 586 Alioquin
1489 515 1584 583 [ilii
1615 515 1762 568 vestri
1789 513 2036 566 immundi

453 619 644 676 essent,
685 625 820 662 nunc
845 617 1014 664 autent
1054 609 1218 662 sancti
1245 619 1362 662 sunt
1392 608 1434 678 (Ι
1462 605 1579 662 Cor.
1605 611 1675 661 vlt
1697 648 1711 672 ,
1741 606 1849 679 14).
1881 606 1994 660 Non
2017 647 2034 672 ,

455 701 665 772 epinor,
696 699 977 770 quisquam
1005 705 1114 752 tam
1141 697 1429 753 inﬁdeliter
1455 697 1735 766 intelligit,
1764 695 2038 768 quodlibet

453 794 505 846 in
535 793 618 844 his
643 789 822 845 verbis
843 789 1122 860 intelligat,
1151 797 1210 844 ut
1233 789 1304 844 ob
1323 789 1426 843 hoc
1445 789 1712 843 existimet
1735 789 1894 842 etiam
1927 785 2054 840 tua;

455 885 612 937 ritum
657 897 762 936 non
801 883 1187 948 christianum,
1233 881 1354 951 quia
1394 880 1681 935 christiana
1718 881 1876 935 fuerit
1901 896 2038 936 uxor

453 975 590 1045 ejus,
613 989 786 1044 neque
808 975 918 1044 jam
943 975 1202 1044 baptizari
1228 985 1498 1044 oportere,
1529 985 1582 1030 et
1601 975 1666 1030 ad
1695 985 2036 1045 peccatorum

455 1065 822 1121 remissionem
862 1067 972 1135 jam
1023 1059 1368 1134 pervenisse,
1415 1074 1468 1120 et
1511 1065 1564 1119 in
1605 1080 1824 1134 regnum
1869 1063 2038 1119 caelo-

453 1173 572 1212 rum
601 1171 720 1212 esse
753 1157 1070 1212 intraturum
1089 1197 1104 1224 ,
1137 1157 1262 1228 quia
1289 1155 1646 1212 sanctiﬁcatus
1672 1155 1847 1212 dictus
1871 1166 1953 1212 est
1978 1155 2032 1209 in

458 1263 648 1304 uxore.

465 1407 476 1414 ο
503 1339 728 1396 CAPUT
746 1337 1124 1394 XXVIl.—45.
1145 1337 1313 1404 Quare
1329 1337 1738 1410 baptizenturqui
1745 1338 1860 1409 jam
1875 1337 1938 1391 de
1951 1337 2042 1390 ba-

453 1432 652 1502 ptizatis
668 1441 964 1486 nascuntur.
978 1431 1225 1502 Quisquis
1245 1446 1372 1486 vero
1388 1431 1560 1486 adhuc
1587 1441 1854 1495 movetur,
1872 1445 2038 1500 quare

453 1523 784 1592 baptizentur
811 1523 902 1592 qui
923 1523 1034 1592 jam
1059 1521 1130 1578 de
1165 1523 1448 1594 baptizatis
1467 1532 1772 1590 nascuntur,
1799 1523 1900 1577 hoc
1919 1523 2040 1594 bre-

453 1613 588 1667 viter
607 1613 852 1682 accipiat.
869 1611 1016 1668 Sicut
1035 1614 1308 1683 generatio
1333 1615 1507 1670 carnis
1537 1614 1738 1684 peccati
1761 1629 1856 1684 per
1875 1629 2036 1668 unum

451 1705 620 1760 Adam
631 1705 696 1760 ad
709 1705 1209 1761 condemnationem
1222 1705 1382 1760 trahit
1395 1721 1580 1762 omnes
1595 1706 1683 1776 qui
1700 1721 1764 1761 eo
1782 1703 1940 1760 modo
1957 1719 2041 1774 ge-

453 1803 726 1862 nerantur;
743 1796 822 1850 sic
839 1796 1111 1866 generatio
1131 1797 1346 1866 spiritus
1361 1797 1542 1867 gratiae
1564 1811 1658 1866 per
1675 1811 1833 1850 unum
1849 1795 2033 1854 Jesum

443 1883 718 1938 Christum
745 1883 810 1938 ad
835 1884 1269 1953 justiﬁcationem
1299 1886 1422 1940 vitae
1443 1895 1655 1940 aeterna:
1679 1885 1824 1939 ducit
1850 1898 2038 1940 omnes

453 1975 540 2044 qui
573 1989 638 2030 eo
667 1975 826 2030 modo
863 1975 1220 2044 prindestinati
1251 1985 1632 2046 regenerantur
1656 1976 1694 2029 ³.
1719 1974 2035 2030 Sacramen-

451 2076 562 2120 tunt
585 2075 762 2122 autem
791 2067 1043 2137 Baptismi
1073 2068 1309 2136 profecto
1338 2075 1729 2123 sacramentum
1754 2081 2038 2137 regenera-

453 2159 609 2214 tionis
633 2169 736 2213 est.
768 2159 1028 2227 Quocirca
1059 2160 1194 2214 sicut
1221 2160 1383 2215 homo
1406 2161 1496 2230 qui
1525 2175 1630 2216 non
1657 2161 1870 2226 vixerit,
1901 2159 2036 2214 mori

455 2263 560 2304 nun
590 2257 784 2318 potest,
813 2259 866 2304 et
889 2250 979 2320 qui
1008 2257 1249 2305 mortuus
1277 2265 1383 2305 non
1411 2250 1588 2317 fuerit,
1619 2265 1900 2320 resurgere
1929 2265 2034 2304 non

451 2351 626 2410 potest
653 2359 668 2395 :
701 2341 772 2396 ita
813 2343 904 2411 qui
935 2353 1088 2397 natus
1115 2357 1220 2396 non
1249 2341 1424 2410 fuerit,
1466 2343 1674 2398 renasci
1703 2358 1808 2396 non
1837 2349 2030 2414 potest.

452 2433 530 2488 lix
561 2448 666 2502 quo
693 2433 1002 2501 conﬁcitur,
1031 2435 1298 2488 neminem
1345 2433 1398 2488 in
1437 2447 1534 2488 suo
1567 2442 1788 2504 parente
1827 2433 2034 2488 renasci

453 2525 683 2592 potuisse
709 2537 814 2578 non
843 2532 1045 2578 natum.
1070 2523 1292 2593 Oportet
1309 2532 1510 2591 autem,
1534 2533 1590 2578 ut
1609 2525 1654 2580 si
1681 2533 1836 2579 natus
1853 2523 2030 2590 fuerit,

453 2623 762 2669 renascatur
790 2632 806 2669 :
836 2615 956 2685 quia
985 2615 1080 2670 nisi
1109 2615 1220 2685 quis
1251 2625 1398 2670 natus
1427 2615 1578 2685 fuerit
1603 2615 1788 2682 denuo,
1811 2631 1911 2669 non
1935 2632 2032 2686 po-

449 2715 540 2759 test
561 2706 726 2760 videre
749 2722 958 2776 regnum
989 2705 1082 2759 Dei
1113 2706 1288 2778 (Joan.
1321 2721 1398 2774 In,
1427 2707 1503 2776 5).
1539 2705 1758 2776 Oportet
1795 2707 1952 2776 igitur
1977 2714 2038 2760 ut

451 2797 796 2850 Sacramenta
822 2797 1272 2866 regenerationis,
1304 2813 1370 2851 ne
1409 2797 1524 2852 sine
1551 2798 1642 2852 illo
1671 2798 1808 2852 male
1834 2797 1902 2852 de
1933 2796 2032 2852 hac

451 2891 548 2942 vita
579 2897 736 2943 exeat
757 2930 772 2951 ,
799 2889 959 2942 etiam
991 2887 1242 2957 parvulus
1277 2889 1544 2945 imbuatur
1579 2905 1593 2942 :
1632 2887 1774 2960 quod
1817 2905 1924 2944 non
1973 2888 2032 2943 ﬁt

451 2981 546 3034 nisi
579 2981 630 3034 in
653 2979 1022 3034 remissionem
1045 2989 1401 3049 peccatorum.
1425 2979 1575 3048 Quod
1595 2981 1753 3036 etiam
1776 2980 1889 3050 ipso
1910 2979 2030 3036 loco

448 3070 686 3124 Christus
711 3070 964 3136 ostendit,
992 3085 1109 3125 cum
1133 3067 1491 3142 interrogatus
1518 3069 1786 3141 quomodo
1813 3079 2030 3140 possent

447 3161 543 3214 iita
570 3161 704 3226 ﬁeri,
737 3161 1176 3232 commemoravit
1201 3160 1324 3232 quid
1349 3161 1556 3234 Moyses
1585 3161 1769 3218 fecerit
1797 3163 1850 3217 in
1875 3161 2026 3218 exal-

446 3254 642 3308 tatione
669 3255 954 3324 serpentis.
977 3255 1110 3309 Cum
1133 3253 1310 3325 itaque
1327 3269 1423 3325 per
1449 3255 1700 3326 Baptismi
1723 3271 2029 3312 sacramen-

441 3355 552 3398 tum
579 3345 736 3399 murti
769 3345 964 3400 Christi
1003 3345 1400 3402 conlormentur
1429 3347 1685 3415 infantes,
1727 3365 1820 3404 cos
1851 3365 1882 3404 a
1909 3367 2026 3405 ser-

441 3436 620 3502 pentis
647 3450 828 3490 morsu
859 3435 1130 3491 fatendum
1175 3446 1258 3492 est
1300 3439 1546 3506 liberari,
1575 3439 1618 3493 si
1655 3455 1686 3495 a
1724 3441 2027 3497 christiana:

439 3526 561 3579 tidei
591 3526 774 3596 regula
802 3527 1050 3581 nolumus
1078 3526 1352 3583 aberrare.
1379 3527 1548 3597 Quem
1579 3539 1754 3586 tamen
1788 3547 2024 3587 morsum

437 3633 546 3670 non
575 3616 628 3670 in
655 3630 750 3670 sua
779 3617 886 3670 vita
916 3618 1150 3686 propria,
1181 3618 1274 3674 sed
1301 3617 1356 3673 in
1389 3619 1480 3675 illo
1501 3619 1584 3675 cui
1613 3621 1858 3692 primitus
1885 3622 2026 3678 inlli-

436 3719 558 3762 ctus
581 3717 683 3773 est,
716 3717 1054 3778 acceperunt.

511 3801 598 3854 44.
631 3799 858 3870 Objeclio
889 3799 1306 3873 Pelagianorum.
1326 3801 1507 3875 Neque
1533 3805 1662 3864 illud
1691 3807 1854 3874 fallat,
1883 3809 2025 3880 quod

440 3907 539 3947 nec
563 3893 808 3962 parenti‘
840 3905 957 3964 post
975 3897 1417 3952 conversionem'
1445 3898 1638 3955 obsunt
1667 3903 1876 3971 propria
1898 3919 2026 3973 pec-

435 3991 582 4038 cata:
605 3983 845 4051 «Quanto
861 3985 1002 4040 enim
1022 3987 1208 4056 magis,
1222 4006 1240 4040 ι
1265 3987 1528 4058 inquiunt,
1554 4009 1572 4043 ε
1586 3991 1692 4046 ﬁlio
1707 3993 1820 4064 ejus
1834 3995 2026 4052 obesse

438 4090 544 4126 non
565 4075 838 4144 possunt?»
856 4075 959 4132 Sed
977 4077 1064 4147 qui
1088 4079 1188 4132 hoc
1207 4080 1462 4145 sentiunt,
1478 4095 1583 4136 non
1601 4085 1880 4140 attendunt
1895 4087 2021 4157 quia

438 4169 572 4222 sicut
593 4169 820 4238 parenti,
844 4185 938 4241 per
956 4170 1054 4226 hoc
1067 4171 1208 4240 quod
1239 4173 1428 4243 Spiritu
1447 4186 1662 4231 renatus
1681 4186 1782 4244 est,
1809 4180 2020 4249 propria

462 4269 652 4315 reccata
667 4277 774 4315 non
787 4261 998 4328 obsunt;
1018 4263 1088 4318 ita
1101 4265 1188 4334 qui
1199 4265 1266 4320 de
1279 4265 1368 4320 illo
1387 4275 1540 4324 natus
1553 4280 1653 4334 est,
1671 4271 1770 4326 nisi
1790 4287 1854 4328 eo
1867 4273 2026 4328 modo

443 4361 780 4418 .enascatur,
811 4371 928 4424 qua:
956 4371 984 4409 a
1017 4367 1234 4425 parente
1261 4367 1424 4414 tracta
1447 4371 1591 4428 sunt,
1611 4363 1858 4420 oberunt.
1891 4365 2024 4436 Quia

435 4455 486 4498 et
515 4445 756 4501 iunovati
793 4458 1042 4517 parentes
1061 4493 1076 4516 ,
1107 4465 1212 4505 non
1238 4467 1302 4506 ex
1331 4453 1578 4522 primitiis
1619 4458 1886 4526 novitatis,
1931 4460 2026 4516 sed

437 4551 502 4588 cx
533 4537 776 4606 reliquiis
813 4541 1091 4595 vetustatis
1133 4541 1419 4598 carnaliter
1443 4545 1701 4616 gignunt;
1727 4557 1780 4603 et
1825 4547 1916 4604 lilii
1960 4567 2024 4606 ex

437 4639 716 4695 parentum
749 4629 952 4700 reliqua
980 4639 1242 4688 vetustate
1267 4633 1363 4688 toti
1390 4639 1618 4704 vetusti,
1649 4643 1706 4694 ct
1733 4639 1786 4693 in
1826 4642 2025 4708 peccati

433 4735 598 4773 carne
629 4720 974 4792 propagati‘,
1009 4723 1406 4779 damnationem
1435 4728 1602 4782 veteri
1643 4728 1846 4785 homini
1879 4733 2026 4786 debi-

439 4821 538 4864 tam
563 4810 914 4866 Sacramenta
936 4814 1226 4882 spiritualis
1247 4817 1267 4847 '
1289 4821 1708 4888 regenerationis
1729 4831 1782 4875 et
1803 4838 2026 4878 renova-

435 4901 594 4956 taouis
620 4903 874 4957 evadunt.
911 4903 1038 4960 Illud
1061 4921 1292 4978 namque
1321 4911 1604 4980 prmcipue,
1635 4923 1854 4984 propter
1877 4931 2024 4985 quie-

435 4993 636 5048 stiones
684 5009 802 5064 qua:
840 4996 906 5051 de
935 4996 1033 5052 hac
1071 5015 1132 5053 re
1161 5009 1316 5054 mota:
1347 5010 1474 5056 sunt
1501 5003 1580 5057 vel
1613 5006 1813 5060 moveri
1852 5007 2026 5064 adhuc

437 5093 658 5154 possunt
678 5126 693 5150 ,
724 5087 1002 5144 attendere
1044 5104 1106 5144 ac
1135 5091 1441 5147 meminisse
1471 5091 1758 5162 debemus,
1789 5104 2023 5153 tantum-

501 5243 519 5316 ξ
545 5249 662 5316 pug
689 5257 752 5293 ex
785 5247 1019 5316 Vaticanis
1053 5255 1156 5296 Mss.
1176 5285 1188 5306 ,
1225 5249 1310 5316 qui
1338 5261 1396 5316 eo
1425 5251 1568 5316 "torto
1599 5253 2022 5316 prmdestinmztur.

500 5305 682 5380 timui,
707 5303 836 5380 quod
870 5306 914 5356 si
946 5321 1032 5356 nec
1071 5303 1275 5380 intret-ui.
1311 5313 1476 5380 Abest,
1513 5312 1573 5370 si,
1599 5303 1625 5362 'a
1651 5303 2020 5380 ntanirseriitisi

435 5365 524 5474 ita!
541 5365 863 5474 (llutseqitettte
887 5383 1030 5418 versu
1052 5365 1258 5432 additur,
1297 5371 1439 5434 enim,
1465 5365 1578 5436 quin
1603 5365 2022 5438 particulideerai

457 5441 488 5474 ·ι
511 5439 540 5472 e
577 5441 590 5474 t
615 5441 672 5474 ts.

437 5437 488 5474 Ιὶὶ
511 5437 672 5476 I‘UIIIS.

501 5489 722 5563 flfuuse
745 5491 980 5540 Vaticanis
1000 5494 1354 5557 manuscriptis,
1397 5509 1500 5558 pro,
1541 5499 1908 5563 mure/sionem,
1935 5505 2021 5554 ha-

435 5547 540 5612 bet,
565 5551 918 5612 confessionem.

499 5611 530 5692 ἱ
541 5621 638 5692 int.
655 5611 745 5686 llr.’
761 5620 812 5661 et
834 5629 1006 5692 (mutes
1185 5619 1268 5666 lati
1290 5620 1452 5668 t'et.‘l~'.‘i
1476 5621 1521 5670 in
1537 5624 1724 5682 peccati
1741 5637 1886 5676 conm
1904 5641 1994 5692 pro
2009 5657 2020 5664 -

439 5671 630 5764 vagati;
653 5677 824 5744 ρῑιιίδ-ςι
851 5678 1096 5747 particula.
1127 5687 1186 5746 et.

547 5733 768 5797 t‘lcnqne
796 5745 918 5796 Vss,
945 5740 1186 5803 ηιμ-υκαι

599 5751 768 5796 cuque
797 5751 918 5796 tam,
945 5751 1200 5796 spn'tttt'ntt.

1793 307 1996 367 LIBEIl
2035 304 2406 366 SECUNDUS.

3637 314 3754 371 im

2145 419 2308 475 modo
2329 428 2666 490 peccatorum
2689 421 2924 476 omnium
2957 423 3166 493 plenam
3212 421 3618 500 perlectamquc'
3647 443 3738 484 re-

2145 511 2451 566 missionem
2481 510 2749 580 Baptismo
2779 512 2890 566 ﬁeri
2916 529 2931 578 ;
2961 511 3191 568 hominis
3219 531 3346 570 vero
3375 517 3538 590 ipsius
3567 519 3738 587 quali-

2145 610 2306 657 tatem
2335 617 2438 656 non
2472 612 2634 656 totam
2661 602 2914 658 continuo
2944 607 3263 660 commutari
3293 623 3305 658 :
3349 607 3443 661 sed
3487 607 3738 676 spiritua-

2146 693 2220 746 les
2251 693 2512 764 primitias
2551 694 2603 748 in
2641 695 2778 750 bene
2825 696 3224 764 proﬁcientibus
3269 699 3336 754 de
3373 700 3461 754 die
3507 701 3556 753 in
3589 699 3732 754 diem

2145 787 2378 842 novitate
2421 796 2695 844 crescente
2734 798 3061 843 commutare
3091 790 3143 843 in
3175 805 3233 844 se
3277 791 3427 860 quod.
3453 791 3740 846 carnaliter

2145 887 2295 932 vetus
2311 886 2411 943 est,
2437 878 2606 934 donec
2626 887 2790 934 totum
2811 879 2882 934 ita
2905 890 3214 947 renovetur,
3235 891 3292 936 ut
3311 883 3557 938 animalis
3574 885 3733 936 etiam

2146 969 2423 1025 infirmitas
2449 972 2688 1041 corporis
2718 971 2784 1026 ad
2808 973 3112 1030 iit-n'iitatem
3142 977 3470 1046 spiritualem
3495 977 3739 1031 iuwrru~

2146 1063 2488 1133 ptionemque
2517 1063 2814 1133 perveniat.

2216 1152 2440 1210 CAPUT
2479 1155 2717 1210 XXVIII.
2741 1186 2812 1196 —
2837 1156 2926 1213 45.
2953 1157 3060 1234 Lea:
3085 1161 3276 1228 peccati
3299 1161 3432 1214 dicta
3453 1171 3736 1232 peccatum.

2145 1245 2564 1316 Concupiscentia
2608 1247 2858 1317 quomodo
2917 1251 2970 1303 in
3013 1249 3281 1320 baptizatis
3321 1261 3575 1322 perempto
3626 1253 3736 1322 ejus

2147 1337 2280 1390 malo
2301 1346 2520 1390 maneat.
2546 1337 2670 1392 llaec
2692 1347 2870 1392 autem
2899 1339 2982 1394 lex
3008 1341 3236 1410 peccati,
3265 1342 3404 1411 quod
3425 1343 3582 1395 etiam
3613 1357 3738 1411 pec—

2146 1437 2323 1481 catum
2353 1428 2586 1497 appellat
2611 1429 2920 1498 Apostolus,
2943 1445 3063 1484 cum
3087 1431 3234 1498 dicit,
3272 1431 3392 1486 Non
3419 1449 3537 1502 ergo
3565 1443 3738 1504 regnet

2145 1527 2405 1587 peccatum
2433 1519 2484 1571 in
2513 1529 2671 1572 vestro
2694 1521 2898 1574 mortali
2921 1536 3130 1589 corpore
3153 1522 3220 1574 ad
3246 1523 3576 1576 obedientium
3599 1523 3734 1576 desi-

2145 1607 2297 1660 deriis
2318 1609 2425 1676 ejus
2443 1608 2616 1679 (Rom.
2636 1625 2707 1674 vt,
2729 1609 2840 1680 12),
2858 1625 2962 1665 non
2986 1610 3063 1666 sic
3083 1623 3262 1667 manet
3285 1613 3338 1668 in
3361 1613 3616 1668 membris
3643 1629 3736 1668 eo-

2145 1711 2264 1754 runt
2287 1698 2376 1768 qui
2403 1713 2470 1753 ex
2499 1715 2634 1770 aqua
2663 1709 2714 1755 et
2743 1701 2934 1771 spiritu
2975 1705 3146 1757 renati
3175 1713 3316 1772 sunt,
3351 1715 3598 1776 tauquam
3626 1724 3732 1761 non

2143 1787 2212 1840 sit
2235 1786 2353 1857 ejus
2382 1787 2522 1844 facta
2549 1789 2794 1845 remissio
2813 1833 2827 1856 ,
2857 1791 2947 1848 ubi
2975 1793 3193 1848 omnino
3225 1795 3376 1864 plena
3406 1803 3462 1850 et
3503 1796 3732 1866 perfecta

2145 1879 2204 1930 tit
2242 1877 2488 1934 remissio
2517 1888 2882 1950 peccatorum,
2911 1883 3160 1937 omnibus
3189 1883 3480 1940 inimicitiis
3511 1885 3732 1940 interfe-

2141 1969 2260 2036 ctis,
2285 1971 2477 2040 quibus
2502 1973 2880 2041 separabamur
2908 1988 2940 2027 a
2967 1974 3076 2029 Deo
3108 1995 3120 2027 :
3153 1975 3246 2030 sed
3275 1985 3456 2031 manet
3495 1977 3546 2030 in
3580 1989 3733 2032 vetu-

2142 2073 2279 2118 state
2323 2065 2500 2120 carnis
2548 2074 2800 2136 tanquam
2845 2079 3152 2139 superatum
3185 2078 3240 2126 et
3285 2079 3638 2140 peremptum,
3687 2071 3750 2125 si-

2142 2169 2247 2208 non
2280 2154 2476 2210 illicitis
2501 2157 2940 2214 consensionibus
2969 2159 3196 2230 quodam
3230 2161 3389 2216 modo
3425 2161 3740 2228 reviviscat,

2139 2255 2190 2298 et
2221 2245 2270 2299 in
2297 2260 2515 2316 regnum
2551 2249 2826 2316 proprium
2861 2249 3383 2322 dominationemque
3425 2261 3728 2307 revocetur.

2141 2334 2226 2388 Ab
2263 2333 2366 2390 hac
2393 2345 2570 2391 autem
2615 2347 2877 2395 vetustate
2906 2342 3118 2408 carnis,
3149 2343 3200 2396 in
3247 2359 3350 2413 qua
3379 2353 3460 2398 est
3507 2343 3588 2398 lex
3631 2344 3732 2397 ista

2139 2425 2343 2496 peccati
2365 2427 2448 2482 vel
2475 2435 2750 2496 peccatum
2785 2429 2896 2500 jam
2926 2431 3231 2500 remissum,
3263 2449 3434 2504 usque
3458 2433 3594 2489 adeo
3619 2435 3732 2504 Spi-

2139 2517 2273 2572 ritus
2297 2519 2406 2573 vita
2427 2517 2768 2588 discernitur,
2801 2521 2854 2576 in
2874 2522 3027 2592 cujus
3067 2525 3334 2580 novitate‘
3360 2526 3610 2596 baptizati
3638 2542 3733 2596 per

2137 2607 2234 2662 Dei
2273 2609 2500 2678 gratiam
2550 2623 2927 2682 renascuntur,
2958 2625 3018 2670 ut
3054 2632 3240 2687 parum
3279 2616 3436 2673 fuerit
3475 2615 3732 2690 ApoStolo

2137 2697 2337 2766 dicere,
2371 2699 2502 2754 tales
2526 2715 2634 2755 non
2663 2715 2784 2758 esse
2811 2703 2866 2758 in
2897 2715 3116 2774 peccato
3135 2747 3152 2772 ,
3181 2707 3284 2760 nisi
3311 2707 3472 2762 etiam
3501 2709 3726 2776 diceret,

2135 2787 2188 2841 in
2227 2788 2340 2857 ipsa
2368 2803 2528 2846 carne
2553 2791 2675 2846 illos
2713 2807 2820 2848 non
2851 2809 3004 2863 esse,
3035 2805 3318 2867 antequam
3349 2815 3412 2854 ex
3451 2801 3550 2855 hac
3579 2817 3729 2856 mor-

2136 2877 2227 2932 tali
2251 2879 2360 2934 vita
2400 2879 2712 2950 migrarent.
2754 2883 2855 2948 Qui
2892 2886 3024 2940 enim
3053 2887 3108 2940 in
3137 2903 3287 2942 carne
3325 2884 3471 2956 sunt,
3519 2889 3728 2961 inquit,

2133 2965 2244 3023 Deo
2265 2969 2463 3040 placere
2487 2987 2590 3026 non
2611 2984 2821 3044 possunt
2849 2991 2868 3030 :
2894 2992 2982 3031 vos
3008 2986 3177 3033 autem
3202 2996 3300 3034 non
3325 2981 3441 3035 estis
3473 2981 3524 3036 in
3553 2999 3724 3047 carne,

2132 3061 2222 3115 sed
2259 3063 2312 3117 in
2347 3064 2566 3135 spiritu;
2606 3067 2649 3121 si
2693 3077 2860 3123 tamen
2885 3069 3113 3140 Spiritus
3150 3071 3248 3126 Dei
3285 3072 3473 3128 habitat
3503 3075 3552 3128 in
3590 3075 3729 3130 vobis

2138 3148 2315 3224 (llam.
2335 3170 2445 3222 vm,
2471 3155 2525 3224 8,
2553 3156 2633 3226 9).
2657 3156 3039 3216 Verumtamen
3063 3163 3200 3218 sicut
3227 3164 3338 3236 ipsa
3357 3181 3518 3222 cat-ne
3536 3183 3724 3238 quam.-

2135 3245 2216 3300 vis
2233 3247 2563 3317 corruptibili
2580 3248 2718 3306 bene
2737 3260 2973 3320 utuntur,
2999 3254 3088 3324 qui
3114 3257 3352 3312 membra
3375 3257 3490 3327 ejus
3509 3259 3574 3312 ad
3601 3275 3728 3328 ope-

2133 3351 2190 3390 ra
2218 3337 2356 3392 bona
2387 3351 2724 3408 convertunt,
2761 3343 2812 3398 in
2840 3359 2942 3414 qua
2967 3360 3129 3404 carne
3159 3363 3262 3404 non
3291 3357 3436 3416 sunt,
3469 3350 3590 3420 quia
3619 3367 3728 3408 non

2131 3428 2423 3484 secundum
2452 3445 2569 3486 eam
2602 3433 2814 3503 sapiunt
2845 3439 3270 3506 neque-vivunt;
3317 3441 3453 3494 sicut
3496 3441 3726 3514 denique

2130 3520 2292 3576 etiam
2322 3531 2519 3590 morte,
2545 3539 2662 3594 quae
2693 3527 2846 3593 primi
2875 3529 3078 3597 pecea:i
3099 3545 3252 3600 poena
3281 3541 3382 3600 est,
3413 3533 3546 3589 bene
3569 3547 3728 3590 utun-

2133 3619 2238 3677 tur,
2267 3613 2354 3682 qui
2385 3628 2501 3668 eam
2531 3629 2628 3684 pro
2667 3613 2942 3684 fratribus,
2981 3635 3080 3691 pro
3109 3621 3231 3686 ﬁde,
3263 3639 3362 3694 pro
3391 3641 3726 3696 quacumque

2129 3714 2256 3755 Vera
2283 3710 2338 3756 et
2361 3703 2762 3774 sauetajustitia
2785 3703 2996 3763 fortiter
3019 3719 3073 3764 et
3101 3711 3360 3780 patienter
3389 3713 3722 3784 impendunt:

2133 3790 2210 3845 sic
2240 3789 2324 3844 illa
2356 3792 2516 3846 etiam
2544 3793 2659 3864 lege
2682 3797 2906 3865 peccati,
2939 3797 3078 3868 quod
3099 3799 3208 3868 jam
3237 3803 3519 3858 remissum
3549 3805 3599 3859 in
3629 3823 3720 3860 vc-

2135 3889 2328 3938 tustate
2355 3883 2532 3938 carnis
2555 3895 2758 3954 manet,
2787 3886 2924 3944 bene
2953 3900 3174 3945 utuntur
3202 3893 3470 3964 coniugati
3513 3895 3722 3962 ﬁdeles,

2131 3973 2218 4042 qui
2249 3991 2311 4028 ex
2335 3989 2400 4028 eo
2427 3975 2564 4045 quod
2595 3985 2722 4032 sunt
2749 3978 2800 4032 in
2825 3975 3021 4035 Christi
3049 3983 3302 4050 novitate,
3328 3984 3588 4041 dominari
3623 3989 3723 4042 sibi

2131 4063 2404 4120 libidinem
2433 4066 2650 4122 minime
2673 4069 2976 4138 patiuntur;
3004 4087 3066 4126 ex
3095 4088 3160 4128 eo
3189 4084 3366 4130 autem
3387 4078 3525 4148 quod
3549 4079 3722 4136 adhuc

2133 4155 2350 4210 trahunt
2391 4157 2520 4211 Atla:
2551 4168 2891 4228 vetustatem,
2926 4165 3322 4232 regenerandos
3353 4168 3726 4226 immortaliter

2133 4245 2272 4301 ﬁlios
2301 4247 2598 4302 mortaliter
2631 4249 2888 4319 generant
2917 4267 3036 4308 cum
3064 4269 3126 4309 ea
3157 4259 3445 4329 propagine
3491 4265 3716 4331 peccati,

2129 4354 2232 4409 qua
2265 4338 2340 4393 illi
2378 4339 2466 4410 qui
2497 4341 2670 4395 renati
2701 4350 2824 4397 sunt
2854 4344 3069 4400 obnoxii
3097 4363 3202 4403 non
3245 4359 3508 4420 tenentur,
3543 4364 3592 4409 et
3621 4372 3720 4426 qua

2132 4433 2204 4487 illi
2221 4431 2309 4503 qui
2333 4441 2623 4488 nascuntur
2642 4437 2972 4493 renascendo
2993 4439 3290 4499 solvuntur.
3314 4445 3573 4512 Quamdiu
3595 4465 3722 4518 ergo

2138 4534 2321 4580 manet
2349 4525 2432 4581 lex
2463 4528 3022 4600 concupiscentialitcr
3043 4534 3062 4564 ’
3085 4535 3138 4588 in
3167 4537 3444 4602 membris,
3473 4550 3722 4600 manente

2133 4616 2246 4686 ipsa
2283 4626 2462 4674 reatus
2487 4619 2602 4688 ejus
2631 4621 2884 4690 solvitur;
2927 4623 3020 4680 sed
3057 4627 3106 4682 ei
3147 4629 3387 4696 solvitur,
3417 4631 3505 4700 qui
3533 4631 3722 4687 Sacra-

2132 4718 2368 4762 mentmn
2384 4711 2800 4780 regenerationis
2817 4714 3022 4784 accepit
3036 4718 3390 4788 renovarique
3403 4718 3514 4788 jam
3533 4725 3715 4792 coepit.

2131 4797 2208 4852 lix
2226 4797 2313 4852 illa
2328 4797 2534 4854 ’autem
2555 4811 2802 4858 manente
2829 4805 3273 4874 concupiscentire
3295 4817 3554 4866 vetustate
3569 4815 3712 4884 quod

2133 4889 2390 4959 nascitur,
2420 4891 2623 4946 renasci
2655 4891 2856 4964 indiget
2883 4905 2938 4950 ut
2965 4907 3201 4952 sanetur.
3227 4897 3358 4967 Quia
3381 4913 3628 4970 parentes
3654 4909 3716 4960 li-
3801 4961 3805 4966 .

2130 4982 2278 5038 deles
2317 4993 2371 5039 et
2414 4985 2520 5040 nati
2559 4987 2844 5042 carnaliter
2868 4997 2922 5043 et
2957 4990 3127 5045 renati
3171 4993 3536 5061 Spirituatiter.
3583 4999 3719 5054 ﬁlios
3799 4973 3810 5060 ί

2131 5076 2414 5131 carnaliter
2441 5089 2766 5148 genumtttt;
2789 5079 2880 5134 ﬁlii
2900 5095 3026 5137 vero
3042 5092 3327 5154 antequam
3351 5105 3364 5142 ι
3395 5103 3720 5160 ιδιωοιιῑιιια,

2131 5167 2338 5222 renasci
2369 5169 2636 5238 quomodo
2666 5172 2978 5240 potuerunt?

2202 5258 2288 5313 46.
2331 5259 2439 5314 Nec
2477 5261 2705 5324 mireris,
2734 5262 2872 5331 quod
2901 5261 3026 5330 dixi,
3061 5279 3308 5324 manente
3329 5277 3710 5346 concupisca-

2195 5391 2211 5460 ξ
2237 5388 2458 5460 βηιιίεξειῃί
2476 5403 2650 5460 omnes
2669 5396 3005 5460 manuscripti.
3019 5397 3074 5460 in
3093 5401 3232 5460 cuius
3249 5405 3513 5458 nov-itarem.

2192 5451 2211 5480 ³
2236 5457 2283 5520 tn
2321 5451 2482 5520 editis,
2501 5451 2586 5520 _l_e._r
2605 5451 3066 5520 cortctqfisreu'tidis.
3138 5451 3238 5514 Sed
3268 5451 3275 5453 ὴ
3303 5451 3718 5520 itimut'oSIt-riori-

2128 5511 2220 5558 litt;
2245 5519 2429 5590 tantum
2452 5511 2966 5590 editionihnslegitur,
2992 5511 3353 5590 (aucupium—ti;
3377 5525 3414 5578 li
3433 5511 3716 5590 lJil‘i'iéii-

2127 5570 2354 5655 qualiter»
2597 5587 2696 5655 res!
2705 5570 2920 5655 intimus,
2938 5570 3112 5646 conca]
3121 5570 3462 5652 {renudati}
3478 5570 3560 5655 ’ἔξει-ι
3569 5570 3591 5640 »ί
3599 5596 3608 5640 l

2125 5645 2148 5678 κ
2163 5635 2356 5700 t-‘t'ltiunt
2377 5637 2588 5700 adhibuit
2613 5651 2776 5700 supra,
2797 5659 2842 5690 ll.
2877 5635 2948 5692 ll.

2135 5695 2213 5804 m3
2247 5695 2469 5746 αςιιιέωιηὶ
2503 5695 2684 5748 Μωρέ
2708 5695 2782 5750 tua
2805 5715 3016 5768 πηοτιγί
3061 5717 3110 5758 ct
3149 5710 3244 5758 duo
3280 5727 3306 5762 υ
3345 5714 3606 5774 κωῑὶυειιέις,
3647 5727 3716 5768 ππ

2182 5771 2226 5804 ο.

2125 5767 2226 5806 ιιιυ.

2573 5821 2600 5834 ιι..
