3984 6178
254 277 356 332 ιιι)

255 389 446 447 tialitcr
468 387 584 461 lege
604 385 811 461 peccati
838 392 1043 440 reatum
1070 380 1187 452 ejus
1211 381 1341 438 solvi
1365 396 1460 453 per
1486 381 1711 452 gratiam
1736 380 1837 437 Sa-

248 478 530 536 cramenti.
553 478 704 535 Sicut
725 476 868 533 enim
893 472 1031 530 facta
1059 481 1113 530 et
1135 474 1276 529 dicta
1303 481 1357 529 et
1375 473 1602 545 cogitata
1630 473 1832 543 iniqua,

249 578 508 643 quantum
533 568 601 623 ad
630 567 774 638 ipsos
816 574 992 619 motus
1017 563 1179 619 animi
1218 570 1273 618 et
1300 563 1540 633 corporis
1566 563 1834 633 pertinet,

244 662 360 731 jam
392 658 765 730 prmterierunt
783 663 836 710 et
857 668 963 709 non
984 661 1140 718 sunt;
1171 653 1251 708 eis
1275 648 1454 707 tamen
1478 651 1764 723 prmteritis
1784 659 1841 707 et

252 768 360 808 non
393 761 504 806 tum
530 747 880 806 existentibus
909 752 1090 801 reatus
1114 759 1303 799 eorum
1341 753 1555 808 manet,
1582 743 1684 799 nisi
1711 757 1839 812 pce-

258 853 497 901 catorum
541 838 855 896 remissione
885 835 1166 890 solvatur:
1194 833 1272 889 sic
1295 842 1479 889 contra
1513 833 1567 888 in
1608 832 1708 887 hac
1734 840 1840 889 nun

246 936 358 1003 jam
385 931 674 1003 prteterita,
703 929 796 984 sed
827 927 1001 982 adhuc
1034 934 1286 983 manente
1312 924 1430 996 lege
1452 925 1840 994 concupiscen-

253 1028 361 1088 tizn,
395 1031 577 1079 reatus
605 1021 723 1091 ejus
749 1019 993 1085 solvitur,
1023 1025 1078 1072 et
1113 1030 1219 1071 non
1247 1016 1381 1081 erit,
1410 1030 1530 1070 cum
1560 1014 1619 1069 ﬁt
1661 1015 1714 1070 in
1742 1014 1844 1069 Ba-

252 1118 449 1187 ptismo
470 1116 627 1186 plena
658 1113 903 1169 remissio
928 1119 1289 1184 peccatorum.
1328 1107 1569 1178 Denique
1592 1107 1638 1161 si
1667 1107 1842 1161 conti-

251 1224 363 1264 nuo
386 1213 744 1278 consequatur
767 1204 835 1259 ab
865 1203 964 1257 hac
988 1202 1095 1256 vita
1119 1199 1400 1271 emigratio
1418 1240 1434 1267 ,
1461 1214 1566 1252 non
1597 1197 1698 1253 erit
1722 1210 1842 1250 om-

254 1300 380 1355 nino
415 1298 558 1371 quod
588 1297 876 1353 obnoxium
905 1294 1177 1349 hominem
1204 1299 1404 1357 teneat,
1448 1289 1635 1345 solutis
1664 1287 1843 1344 omni-

251 1393 353 1448 bus
381 1407 499 1464 qua:
520 1392 790 1446 tenebant.
809 1387 958 1443 Sicut
983 1401 1112 1456 ergo
1140 1399 1248 1439 non
1272 1391 1355 1438 est
1382 1381 1598 1448 mirum,
1625 1387 1846 1450 praeter-

252 1485 449 1540 itorum
486 1482 773 1548 dictorum,
820 1478 1105 1545 factorum,
1148 1482 1311 1545 atque
1338 1471 1691 1544 cogitatorum
1722 1483 1844 1523 rea-

253 1585 367 1629 tum
407 1587 624 1628 manere
647 1580 772 1626 ante
803 1575 1140 1640 peccatorum
1170 1562 1539 1620 remissionem
1565 1577 1579 1613 :
1612 1560 1690 1615 sic
1712 1573 1843 1614 eon-

254 1679 335 1722 tra
368 1682 472 1722 non
499 1664 661 1721 debet
685 1678 808 1720 esse
835 1661 1028 1719 mirum
1052 1699 1067 1724 ,
1110 1656 1376 1712 manentis
1392 1650 1844 1722 concupiscentiae

254 1766 462 1812 reatum
493 1755 765 1825 praeterire
788 1759 911 1824 post
933 1757 1275 1822 peccatorum
1302 1744 1701 1801 remissionem.

325 1848 554 1906 CAPUT
593 1844 958 1904 XXIX—47.
990 1841 1178 1899 Omnes
1203 1836 1551 1911 praedestinati
1575 1851 1665 1908 per
1690 1850 1847 1887 unum

255 1939 582 1993 mediatorem
623 1935 881 1993 Christum
914 1941 962 1988 et
1002 1948 1094 2004 per
1130 1945 1286 1984 unam
1325 1926 1650 1996 eamdemque
1695 1923 1847 1992 ﬁdem

179 2029 190 2039 ’
252 2031 534 2084 salvantur.
565 2025 903 2081 Parvulorum
930 2038 1127 2093 quoque
1160 2019 1383 2075 salvator
1409 2016 1659 2071 Christus.
1699 2011 1851 2069 Chri-

253 2132 364 2177 stus
391 2122 542 2176 etiam
569 2121 742 2192 infans
766 2115 1058 2190 ignorantia
1081 2112 1245 2167 caruit
1279 2119 1326 2165 et
1345 2109 1502 2163 animi
1527 2107 1845 2176 inﬁrmitate.

257 2212 389 2280 Quae
417 2227 537 2267 cum
566 2211 636 2265 ita
662 2210 790 2274 sint,
817 2222 883 2263 ex
908 2220 1017 2277 quo
1041 2218 1140 2274 per
1162 2216 1325 2257 unum
1355 2199 1626 2255 hominem
1658 2210 1850 2266 pecca-

256 2317 371 2363 tum
425 2302 641 2359 intravit
692 2301 745 2356 in
802 2298 945 2354 hunc
995 2293 1275 2357 mundum,
1329 2300 1384 2346 et
1427 2304 1521 2361 per
1576 2297 1850 2359 peccatum

259 2378 512 2462 morsfet
541 2393 612 2449 ita
640 2393 691 2447 in
722 2405 909 2446 omnes
936 2388 1193 2463 homines
1225 2382 1527 2463 pertransiit
1568 2378 1589 2454 (
1617 2380 1767 2434 Rom.
1793 2394 1849 2445 γ,

258 2487 390 2559 i2),
414 2460 592 2555 usque
640 2482 693 2537 in
723 2481 883 2535 tinem
928 2460 1159 2532 carnalis
1203 2471 1358 2543 hujus
1396 2460 1759 2541 generationis
1796 2475 1854 2522 et

258 2574 625 2646 corruptibilis
645 2572 847 2636 smeuli,
870 2569 1023 2639 cujus
1047 2566 1138 2621 ﬁlii
1156 2564 1416 2637 generant
1436 2571 1488 2616 et
1508 2569 1849 2631 generantur,

240 2668 409 2725 nullo
434 2666 693 2722 existente
731 2660 947 2716 homine
980 2657 1050 2714 de
1081 2671 1188 2727 quo
1225 2654 1280 2708 in
1309 2652 1411 2708 hac
1432 2652 1536 2707 vita
1564 2650 1853 2705 constituto

261 2757 528 2813 veraciter
553 2754 656 2810 dici
680 2752 866 2821 possit,
891 2746 1035 2820 quod
1056 2737 1258 2801 nullum
1284 2742 1480 2797 habeat
1499 2739 1717 2795 omnino
1732 2752 1856 2809 pec-

260 2860 439 2913 catum
458 2889 475 2913 ,
501 2852 726 2917 excepto
751 2857 859 2898 uno
890 2838 1183 2897 Mediatore
1202 2876 1219 2905 ,
1249 2833 1342 2906 qui
1369 2848 1463 2888 nos
1489 2829 1729 2888 Creatori
1756 2840 1856 2884 no-

262 2950 379 2996 stro
420 2955 518 3011 per
543 2934 916 2994 remissionem
958 2927 1272 2986 reconciliat
1309 2931 1645 2999 peccatorum
1668 2938 1684 2979 ;
1711 2921 1855 2979 idem

264 3033 381 3105 ipse
407 3030 666 3085 Dominus
693 3033 878 3082 noster
917 3020 1058 3079 hanc
1083 3033 1232 3075 suam
1273 3015 1536 3071 medelam
1579 3014 1739 3069 nullis
1756 3029 1858 3105 Age-

264 3103 414 3178 neris
433 3117 651 3175 humani
674 3111 1000 3185 temporibus
1018 3118 1144 3165 ante
1163 3107 1407 3162 ultimum
1429 3106 1664 3161 futurum
1682 3103 1858 3159 adhuc

262 3198 521 3285 judicium
549 3204 833 3278 denegavit
869 3203 984 3270 eis,
1012 3215 1146 3273 quos
1186 3213 1284 3269 per
1318 3195 1669 3253 certissimam
1716 3209 1855 3265 prae-

264 3302 541 3360 scientiam
571 3308 627 3356 et
662 3296 896 3353 futuram
929 3288 1373 3349 beneﬁcentiam‘
1399 3301 1581 3342 secum
1605 3292 1858 3357 regnatu-

264 3410 356 3450 ros
382 3395 435 3448 in
456 3391 616 3447 vitam
636 3383 1039 3460 prmdestinavit
1055 3390 1332 3437 aeternam.
1359 3376 1601 3447 Namque
1629 3382 1752 3429 ante
1772 3389 1860 3427 na-

265 3488 526 3543 tivitatem
545 3482 725 3540 carnis
747 3477 1214 3544 inﬁrmitatemque
1242 3468 1509 3544 passionis
1527 3476 1581 3523 et
1607 3466 1857 3521 virtutem

244 3576 675 3638 resurrectionis
710 3588 853 3639 suae,
887 3584 1072 3627 earum
1101 3579 1279 3622 rerum
1306 3562 1601 3621 futurarum
1631 3559 1737 3616 ﬁde
1764 3573 1860 3615 eos

266 3674 356 3745 qui
389 3681 513 3727 tunc
541 3667 790 3730 fuerant,
825 3658 1143 3719 informabat
1179 3655 1248 3713 ad
1278 3652 1644 3710 hatreditatem
1671 3650 1858 3706 salutis

268 3740 519 3828 mternm;
555 3770 780 3831 quarum
808 3767 986 3809 rerum
1027 3746 1368 3820 praesentium
1415 3743 1520 3799 ﬁde
1557 3740 1862 3797 informavit

268 3868 367 3909 eos
390 3851 482 3923 qui
510 3864 633 3906 cum
662 3852 977 3918 gererentur
1000 3839 1258 3905 aderant,
1291 3844 1453 3906 atque
1485 3832 1694 3923 impleri
1723 3847 1863 3901 prae—

269 3921 755 4005 dicta—cernebant;
775 3946 999 4007 quarum
1016 3930 1175 3986 etiam
1198 3926 1589 3998 prmteritamm
1612 3921 1717 3977 ﬁde
1732 3921 1754 3953 ⁸
1769 3921 1862 3993 qui

269 4044 455 4104 postea
475 4029 715 4093 fuerunt,
737 4035 792 4082 et
812 4039 912 4080 nos
932 4023 1098 4094 ipsos,
1119 4027 1175 4075 et
1197 4018 1287 4092 qui
1313 4015 1507 4072 deinde
1532 4013 1694 4069 futuri
1713 4022 1861 4080 sunt,

274 4124 565 4180 informare
594 4134 699 4175 non
730 4123 923 4174 cessat.
964 4111 1081 4171 Una
1107 4125 1235 4181 ergo
1262 4108 1396 4163 ﬁdes
1424 4114 1509 4162 est
1536 4119 1655 4176 qua:
1676 4117 1864 4159 omnes

272 4217 450 4273 salvos
494 4213 638 4278 facit,
670 4211 760 4282 qui
790 4225 856 4266 ex
899 4204 1100 4264 carnali
1139 4200 1484 4276 generatione
1519 4196 1866 4271 spiritualiter

273 4311 626 4362 renascuntur
643 4301 686 4368 ⁸,
720 4299 1001 4355 terminata
1027 4295 1080 4349 in
1105 4309 1172 4350 eo
1200 4292 1290 4362 qui
1318 4292 1463 4347 venit
1482 4305 1579 4362 pro
1604 4287 1759 4343 nobis
1779 4286 1868 4358 ju-

273 4394 441 4451 dicari
462 4401 518 4449 et
544 4392 704 4456 mori,
726 4387 892 4462 judex
912 4386 1154 4444 vivorum
1178 4392 1233 4439 et
1252 4390 1608 4438 mortuorum.
1636 4379 1742 4437 Sed
1767 4378 1867 4435 hu-

270 4492 361 4557 jus
402 4482 564 4540 unius
606 4480 729 4536 ﬁdei
771 4484 869 4550 pro
912 4472 1313 4549 signiﬁcationis
1350 4474 1745 4543 opportunitate
1772 4486 1868 4543 per

275 4578 424 4636 varia
453 4586 693 4646 tempora
716 4577 1047 4628 sacramenta
1074 4568 1275 4622 variata
1293 4574 1438 4621 sunt.
1824 4610 1827 4619 ,

345 4669 438 4727 48.
488 4666 638 4722 idem
694 4664 811 4734 ipse
856 4662 1035 4733 itaque
1088 4658 1330 4713 Salvator
1385 4663 1469 4711 est
1522 4653 1865 4727 parvulorum

278 4775 440 4835 atque
492 4760 756 4830 majorum
784 4798 801 4824 ,
849 4754 918 4810 de
963 4766 1071 4825 quo
1111 4750 1362 4806 dixerunt
1417 4746 1646 4818 Angeli,
1700 4746 1868 4803 Natus

279 4866 352 4914 est
376 4855 512 4912 vobis
541 4852 692 4908 hodie
714 4849 939 4905 salvator
974 4848 992 4918 (
1014 4843 1142 4899 Luc.
1185 4859 1222 4899 ιι
1240 4884 1258 4911 ,
1289 4844 1346 4897 il
1370 4838 1392 4917 )
1418 4859 1431 4895 :
1461 4849 1518 4898 et
1557 4839 1624 4896 de
1652 4855 1760 4912 quo
1788 4839 1871 4894 di-

210 4953 225 4971 '
279 4961 424 5007 ctum
464 4956 546 5003 est
580 4945 648 5000 ad
685 4942 944 5014 virginem
988 4937 1204 4994 Mariam
1226 4977 1242 5003 ,
1291 4932 1504 4990 Vocabis
1540 4949 1721 4988 nomen
1757 4931 1871 5005 ejus

280 5042 498 5104 Iesum;
550 5037 661 5108 ipse
703 5035 837 5090 enim
884 5029 1079 5086 salvum
1129 5027 1282 5097 faciet
1337 5024 1583 5097 populum
1633 5038 1783 5077 suum
1837 5033 1872 5075 α

283 5130 501 5203 peccatis
533 5143 711 5186 eorum
731 5121 947 5194 (Matth.
977 5137 1015 5189 ι,
1043 5119 1137 5195 2i)
1173 5140 1188 5176 :
1219 5116 1308 5173 ubi
1329 5124 1512 5188 aperte
1535 5113 1871 5169 demonstra-

285 5236 397 5281 tum
420 5232 501 5280 est
519 5264 536 5287 ,
575 5235 698 5278 enm
730 5219 832 5274 hoc
860 5215 1096 5278 nomine,
1130 5226 1238 5284 quo
1258 5208 1554 5280 appellatus
1582 5213 1666 5262 cst
1692 5204 1866 5267 .lcsus.

352 5336 372 5369 ί
388 5332 529 5386 aditi.
543 5338 588 5383 ει
602 5327 922 5395 intimum
944 5314 1686 5395 WﬁFW-.°99‘EBP§E”
1701 5327 1876 5395 92'}?

287 5374 1132 5460 ωιηΐεὲῖἰιῖίιῖἆῐιὶῷιξέἰ-έιῖάεῑιι,
1157 5382 1357 5448 Belgici,
1378 5387 1424 5434 α
1445 5379 1662 5444 futuram
1698 5374 1874 5440 (tetuli-

289 5449 648 5517 eentiamfveL
670 5449 1068 5517 b2npftcientiam.

354 5503 537 5578 ῖῆἆίιῖ,
562 5503 937 5583 ίριὶιεὶετίιὶιινιιιιι
954 5520 1121 5561 rerum
1156 5503 1275 5573 ﬁde.
1312 5503 1477 5563 Abest,
1503 5511 1686 5560 rerum,
1722 5510 1753 5548 ιι
1776 5510 1877 5548 ma-

290 5584 567 5645 nuscriptis.
696 5639 724 5645 η
843 5643 880 5645 __
1012 5640 1049 5645 __
1101 5631 1115 5645 ,
1192 5626 1261 5645 Α,

359 5623 567 5693 ﬁcti?
580 5639 804 5692 omnibus
842 5643 950 5687 Mss.
1001 5640 1057 5684 At
1100 5631 1149 5689 in
1184 5625 1330 5693 editis
1362 5623 1658 5693 legebatur,
1691 5634 1774 5693 qui
1815 5633 1879 5673 ex

290 5683 480 5755 raw-iiii
502 5683 936 5767 "iéiié'r'iiiitineot
987 5683 1288 5761 spiritualem
1343 5683 1639 5737 "miscendo
1692 5683 1881 5733 actenu-

295 5781 393 5823 ιω.
1220 5818 1235 5849 Ι

939 268 1030 324 DE
1068 265 1533 325 PECCATORUM
1572 265 1786 322 MERIT
1792 265 1852 322 IS
1890 264 1979 320 ET
2019 264 2446 334 REMISSIONE,
2485 267 2545 323 S.
2585 267 2948 324 AUGUSTINI

3424 272 3529 331 £80

1944 390 2164 452 propter
2201 382 2426 439 salutem
2462 398 2621 454 quam
2651 382 2805 438 nobis
2847 383 3063 451 tribuit,
3103 386 3399 451 nominari;
3437 388 3529 446 Je-

1943 485 2036 526 sus
2072 471 2299 542 quippe,
2347 473 2513 528 latine
2555 472 2802 528 Salvator
2837 482 2940 529 est.
2981 473 3112 543 Quis
3135 484 3220 531 est
3260 478 3420 549 igitur
3436 480 3528 554 qui

1944 559 2137 616 audeat
2173 563 2351 618 dicere
2376 563 2656 620 Dominum
2690 562 2957 623 Christum
2996 575 3195 622 tantum
3239 568 3531 637 majoribus

1946 666 2052 706 non
2075 651 2236 706 etiam
2261 652 2495 721 parvulis
2513 664 2634 710 esse
2658 653 2884 711 Iesum?
2908 656 2997 727 qui
3022 656 3168 712 venit
3188 656 3240 713 in
3270 657 3522 717 similitu-

1947 739 2071 794 dine
2101 741 2277 795 caruis
2314 743 2539 812 peccati,
2589 750 2647 798 ut
2672 754 2955 801 evacuaret
2982 759 3176 815 corpus
3195 747 3399 818 peccati
3424 789 3441 816 ,
3477 749 3533 804 in

1946 845 2053 900 quo
2096 830 2463 887 inﬁrmissimo
2497 833 2627 887 nulli
2658 833 2778 891 usui
2819 836 3071 906 congruis
3100 838 3184 894 vel
3216 838 3421 895 idoneis
3446 839 3534 895 in-

1947 919 2218 977 fantilibus
2245 923 2521 991 membris,
2543 924 2719 979 anima
2751 924 3029 982 rationalis
3059 928 3351 983 miserabili
3388 930 3538 999 igno-

1946 1016 2119 1069 rantia
2161 1024 2541 1084 praegravatur.
2586 1014 2756 1083 Quam
2800 1017 2956 1087 plane
2999 1019 3352 1088 ignorantiam
3390 1021 3541 1076 nullo

1948 1105 2110 1159 modo
2150 1104 2468 1160 crediderim
2496 1104 2662 1162 fuisse
2696 1106 2748 1160 in
2778 1106 2981 1163 infante
3001 1109 3127 1175 illo,
3174 1110 3227 1163 in
3266 1126 3373 1178 quo
3397 1109 3535 1167 Ver-

1947 1194 2074 1249 bum
2114 1208 2242 1249 caro
2289 1193 2485 1249 factum
2514 1203 2628 1260 est,
2678 1204 2738 1251 ut
2783 1195 3053 1252 habitaret
3098 1197 3152 1252 in
3197 1200 3387 1265 nobis,
3434 1215 3537 1257 nec

1948 1286 2094 1341 illam
2142 1286 2308 1357 ipsius
2349 1285 2515 1341 animi
2562 1285 2925 1347 inﬁrmitatem
2962 1288 3014 1342 in
3056 1287 3274 1345 Christo
3317 1291 3536 1360 parvulo

1950 1375 2140 1431 fuerim
2174 1377 2512 1446 suspicatus,
2558 1392 2717 1448 quam
2761 1378 3002 1436 videmus
3046 1378 3098 1432 in
3125 1379 3383 1450 parvulis.
3432 1379 3537 1436 Per

1948 1467 2087 1522 hanc
2115 1467 2258 1522 enim
2283 1467 2443 1524 etiam
2464 1509 2479 1535 ,
2516 1483 2638 1523 cum
2666 1468 2897 1525 motibus
2940 1468 3393 1525 irrationabilibus
3418 1486 3537 1540 per-

1950 1557 2264 1625 turbantur,
2297 1558 2439 1612 nulla
2482 1559 2725 1625 ratione,
2773 1559 2917 1613 nullo
2944 1559 3199 1630 imperio,
3228 1559 3324 1615 sed
3351 1559 3536 1618 dolore

1949 1652 2232 1722 aliquando
2252 1655 2338 1709 vel
2365 1654 2567 1710 doloris
2600 1663 2806 1713 terrore
2827 1655 3148 1711 cohibentur
3180 1672 3195 1713 :
3229 1666 3288 1712 ut
3314 1659 3536 1719 omnino

1950 1743 2132 1803 videas
2177 1745 2318 1800 illius
2370 1744 2743 1802 iuobedicntim
2795 1747 2965 1817 ﬁlios,
3018 1764 3140 1822 qua:
3187 1759 3435 1807 movetur
3484 1750 3536 1806 in

1951 1836 2208 1891 membris
2233 1852 2534 1908 repugnans
2554 1837 2658 1909 legi
2689 1839 2920 1906 mentis,
2964 1854 3066 1895 nec
3084 1854 3205 1897 cum
3235 1841 3351 1896 vult
3378 1842 3533 1907 ratio,

1950 1929 2280 1997 conquiescit
2313 1947 2325 1984 :
2350 1944 2533 1985 verum
2564 1938 2618 1985 et
2646 1929 2759 1999 ipsa
2787 1945 2930 2002 stupe
2952 1931 3036 1986 vel
3065 1930 3252 1988 dolore
3273 1932 3533 2003 corporis,

1952 2025 2204 2090 tanquam
2256 2018 2555 2090 vapulando
2603 2021 2998 2090 compescitur,
3045 2020 3134 2076 vel
3172 2022 3533 2093 pavescendo,

1952 2109 2036 2163 vel
2068 2109 2156 2163 tali
2177 2108 2358 2181 aliquo
2381 2110 2544 2165 animi
2570 2120 2738 2177 motu,
2767 2126 2873 2166 non
2897 2120 3075 2168 tamen
3097 2112 3368 2169 voluntate
3398 2128 3535 2183 prce-

1955 2200 2185 2269 cipiente
2217 2201 2607 2272 comprimitur.
2635 2200 2741 2257 Sed
2768 2202 2889 2273 quia
2920 2202 2971 2257 in
2993 2217 3059 2259 eo
3087 2214 3202 2258 erat
3244 2204 3537 2259 similitudo

1954 2294 2134 2348 carnis
2164 2293 2402 2363 peccati,
2452 2297 2771 2351 mutationes
2800 2303 3012 2349 mtatum
3042 2296 3249 2365 perpeti
3280 2296 3445 2350 voluit
3469 2295 3538 2351 ab

1956 2383 2070 2454 ipsa
2105 2399 2329 2440 exorsus
2371 2383 2588 2438 infantia
2614 2424 2630 2450 ,
2664 2393 2721 2438 ut
2755 2384 2821 2437 ad
2850 2395 3077 2440 mortem
3110 2385 3350 2440 videatur
3377 2387 3538 2441 etiam

1956 2472 2286 2528 senescendo
2314 2472 2405 2527 illa
2430 2488 2555 2527 caro
2583 2475 2861 2543 pervenire
2886 2473 3125 2543 potuisse
3144 2516 3160 2542 ,
3210 2475 3308 2529 nisi
3330 2475 3540 2544 juvenis

1959 2564 2145 2621 fuisset
2187 2567 2414 2621 occisus.
2460 2564 2592 2634 Qua:
2640 2575 2814 2623 tamen
2858 2581 3006 2621 mors
3042 2564 3095 2620 in
3138 2582 3299 2621 carne
3340 2567 3539 2636 peccati

1960 2655 2337 2711 inobcdientia:
2365 2656 2382 2688 ¹
2412 2655 2589 2710 debita
2614 2655 2873 2720 redditur,
2898 2656 2950 2709 in
2995 2655 3338 2711 similitudine
3362 2666 3539 2713 autem

1959 2746 2138 2802 carnis
2164 2745 2368 2816 peccati
2392 2745 2711 2801 obedientiae
2754 2745 3027 2801 voluntate
3055 2755 3302 2817 suscepta
3331 2756 3430 2802 est.
3460 2747 3540 2805 Ad

1958 2852 2077 2894 eam
2113 2837 2310 2909 quippe
2344 2836 2515 2891 iturus
2543 2851 2767 2906 eamque
2792 2851 3082 2908 passurus,
3131 2836 3231 2891 hoc
3261 2838 3334 2891 ait
3363 2856 3375 2891 :
3408 2835 3541 2892 Ecce

1959 2927 2090 2983 venit
2125 2928 2358 2998 princeps
2404 2926 2582 2980 mundi
2622 2927 2802 2997 hujus,
2845 2934 2893 2980 et
2922 2926 2975 2980 in
3002 2943 3083 2980 nte
3114 2927 3245 2980 nihil
3283 2927 3494 2981 inveniet
3518 2944 3538 2981 :

1960 3022 2049 3081 sed
2078 3014 2327 3076 ut'sciant
2369 3034 2541 3074 omnes
2568 3020 2686 3091 quia
2721 3019 3026 3074 voluntatem
3053 3017 3224 3073 Patris
3251 3020 3346 3073 mei
3375 3019 3534 3091 facio,

1959 3114 2166 3185 surgite,
2182 3127 2354 3166 eamus
2364 3110 2480 3166 hinc
2493 3108 2784 3184 (Joan.xtv,
2800 3109 2889 3178 '50,
2903 3111 3014 3183 5i).
3030 3110 3124 3164 llis
3134 3110 3288 3164 dictis
3306 3111 3541 3180 perrexit

1960 3204 2028 3259 ad
2040 3204 2322 3259 indebitam
2336 3201 2758 3270 mortem,l'actus
2768 3201 3024 3257 obediens
3035 3217 3202 3272 usque
3213 3201 3277 3255 ad
3292 3212 3541 3258 mortem.

2032 3313 2259 3371 CAPUT
2286 3313 2623 3370 XXX—‘9.
2641 3311 2931 3385 Respondet
2950 3313 3018 3366 ad
3046 3312 3371 3384 objectionem
3391 3312 3543 3368 Pela-

1961 3408 2247 3478 gianorum.
2291 3404 2625 3477 QuaprOpter
2647 3404 2725 3460 illi
2750 3406 2837 3475 qui
2861 3404 3077 3471 dicunt,
3119 3403 3181 3458 Si
3206 3404 3356 3473 primi
3378 3404 3545 3458 homi-

1963 3499 2043 3553 nis
2079 3506 2283 3570 peccato
2320 3496 2515 3568 factum
2544 3504 2615 3550 est
2644 3504 2700 3551 ut
2728 3510 3038 3550 morerentur
3057 3536 3073 3563 ,
3116 3492 3303 3548 Christi
3330 3494 3548 3548 adventu

1962 3589 2104 3657 ﬁeret
2129 3598 2183 3642 ut
2223 3587 2479 3642 credentes
2515 3586 2570 3641 in
2594 3602 2708 3640 eum
2754 3601 2857 3640 non
2885 3598 3229 3647 moraremur;
3258 3594 3328 3645 ,ct
3349 3584 3549 3639 addunt

1963 3681 2114 3752 quasi
2143 3680 2437 3744 rationem,
2469 3678 2707 3733 dicentes
2728 3717 2745 3743 ,
2777 3674 2957 3748 Neque
2984 3676 3117 3730 enim
3149 3676 3549 3745 pramaricatoris

1966 3771 2295 3842 transgressio
2338 3769 2453 3841 plus
2501 3768 2644 3825 nobis
2690 3768 2901 3832 nocuit,
2946 3784 3098 3840 quam
3143 3767 3425 3823 incarnatio
3470 3770 3548 3823 vel

1963 3882 2021 3921 re
2033 3864 2243 3933 iemptio
2291 3846 2483 3934 priifuit
2510 3860 2796 3918 Saluatoris
2824 3877 2846 3917 :
2873 3875 2970 3918 cur
2994 3876 3102 3918 non
3129 3861 3304 3931 potius
3337 3862 3437 3916 hoc
3465 3870 3551 3916 at-

1966 3957 2211 4023 tendunt,
2238 3956 2342 4012 hoc
2364 3955 2605 4022 audiunt,
2637 3954 2737 4009 hoc
2760 3953 2878 4008 sine
2905 3952 3236 4009 dubitatione
3259 3954 3279 3984 ‘
3296 3952 3546 4018 credunt.

1965 4047 2109 4120 quod
2133 4046 2419 4118 Apostolus
2438 4046 2555 4101 sine
2573 4043 2916 4117 ambiguitate
2936 4042 3145 4098 locutus
3168 4052 3270 4109 est,
3302 4042 3433 4108 Quia
3457 4059 3549 4112 per

1968 4133 2221 4195 hominem
2243 4155 2379 4194 mors
2396 4178 2412 4205 ,
2438 4146 2485 4192 et
2514 4153 2605 4209 per
2630 4135 2883 4191 hominem
2902 4134 3195 4189 resurrectio
3217 4143 3548 4192 mortuorum.

1969 4227 2116 4285 Sicut
2140 4228 2274 4284 enim
2297 4228 2353 4283 in
2376 4226 2545 4283 Adam
2567 4242 2740 4283 omnes
2764 4226 3049 4281 moriuntur
3065 4265 3080 4290 ,
3107 4224 3179 4278 sic
3206 4234 3252 4279 et
3272 4224 3327 4279 in
3350 4224 3550 4280 Christo

1970 4338 2141 4377 oannes
2169 4320 2551 4388 viviﬁcabuntur
2579 4318 2621 4392 (ἰ
2650 4317 2769 4375 Cor.
2799 4333 2891 4385 xv,
2923 4316 3016 4383 21,
3042 4315 3176 4388 29.)?
3200 4316 3385 4388 Neque
3406 4318 3552 4373 enim

1969 4410 2224 4477 aliunde,
2266 4425 2427 4482 quam
2471 4409 2538 4465 de
2583 4408 2825 4478 corporis
2877 4407 3272 4463 resurrectione
3317 4407 3549 4463 dicebat.

1970 4501 2222 4559 Omnium
2249 4515 2378 4572 ergo
2396 4499 2637 4570 corporis
2665 4506 2890 4556 mortem
2921 4497 3112 4552 factam
3141 4512 3237 4567 per
3266 4513 3427 4552 unum
3453 4496 3552 4553 ho-

1972 4596 2172 4650 minem
2198 4592 2367 4659 dixit,
2411 4600 2467 4646 et
2492 4589 2731 4647 omnium
2758 4588 2998 4660 corporis
3026 4588 3468 4644 resurrectionem
3497 4588 3553 4644 in

1971 4686 2136 4741 vitam
2187 4693 2440 4738 aeternam
2488 4695 2584 4751 per
2629 4694 2793 4734 unum
2837 4676 3106 4733 Christum
3159 4678 3386 4735 futuram
3434 4692 3556 4734 esse

1974 4774 2236 4849 promisit.
2254 4770 2533 4842 Quomodo
2552 4785 2679 4840 ergo
2694 4771 2810 4842 plus
2825 4769 2968 4824 nobis
2990 4769 3159 4824 nocuit
3174 4768 3261 4822 ille
3277 4767 3554 4838 peccando,

1973 4884 2129 4938 quam
2172 4866 2265 4920 iste
2302 4863 2495 4935 profuit
2535 4861 2858 4927 redimendo,
2900 4876 3020 4916 cum
3065 4875 3161 4931 per
3196 4859 3337 4915 illius
3365 4874 3559 4930 pecca-

1978 4966 2089 5012 tum
2122 4955 2484 5027 temporaliter
2508 4952 2820 5017 moriamur,
2851 4966 2946 5021 per
2968 4950 3121 5005 istius
3148 4948 3560 5005 autenrredem-

1977 5048 2214 5118 ptionem
2255 5060 2362 5100 non
2402 5043 2469 5098 ad
2514 5042 2860 5113 temporalem
2899 5040 3061 5095 vitam
3089 5081 3105 5108 ,
3136 5040 3231 5096 sed
3269 5039 3336 5094 ad
3366 5055 3562 5110 perpe-

1980 5147 2123 5192 tuam
2166 5135 2546 5206 resurgamus?
2590 5133 2841 5188 Nostrum
2881 5147 3011 5200 ergo
3050 5146 3248 5202 corpus
3290 5142 3559 5187 mortuum

1979 5237 2065 5285 est
2101 5236 2316 5298 propter
2359 5233 2634 5297 peccatum
2657 5263 2674 5290 ,
2724 5222 2921 5281 Christi
2958 5233 3139 5279 autem
3168 5237 3364 5293 corpus
3388 5224 3561 5279 solum

1982 5328 2248 5376 mortuum
2300 5329 2382 5370 est
2425 5317 2541 5372 sine
2583 5324 2837 5386 peccato;
2891 5322 2951 5369 ut
2994 5313 3114 5369 fuso
3156 5315 3411 5385 sanguine
3448 5315 3565 5373 sine

1982 5411 2175 5480 culpa,
2228 5406 2467 5464 omnium
2513 5406 2785 5475 culparum
2828 5403 3181 5477 chirographa
3231 5405 3591 5477 delerenturL

1983 5502 2173 5572 quibus
2199 5500 2469 5556 debitores
2493 5497 2579 5569 qui
2607 5496 2660 5553 iu
2688 5512 2808 5553 eum
2839 5497 3082 5568 credunt,
3108 5511 3140 5553 s
3169 5495 3386 5555 diabolo
3409 5505 3562 5552 antea

2050 5658 2065 5689 ι
2094 5654 2280 5720 Aliquot
2300 5659 2429 5720 vss,
2454 5664 2579 5720 nunc
2599 5647 2950 5720 inopedientiat.

2053 5722 2072 5750 ¹
2098 5726 2147 5767 in
2170 5711 2293 5776 ᾖδε,
2314 5715 2413 5765 sine
2438 5711 2796 5775 ιὶἱθςριηίιεὶοηε.
