4002 6178
284 481 626 541 «tuebantur.
662 474 736 532 Et
769 472 892 531 ideo
913 513 931 541 ,
964 466 1066 527 llic
1098 477 1176 525 est
1196 511 1211 535 ,
1238 468 1344 534 sit,
1372 464 1581 537 sanguis
1604 480 1762 526 meus.
1790 463 1876 534 qui

283 590 376 649 pro
396 571 571 627 ntultis
589 566 879 639 eﬂ'undatur
891 565 944 621 in
960 561 1304 620 remissionem
1320 566 1639 631 peccatorum
1660 553 1874 630 (Matth.

284 680 453 729 xm,
483 662 602 733 ξε).
1072 706 1075 709 .

352 754 586 812 CAPUT
633 749 828 809 XXXI.
861 778 931 791 —
971 746 1061 806 50.
1090 745 1193 802 Cur
1233 761 1337 800 non
1374 743 1531 801 simul
1567 756 1657 815 per
1690 739 1877 810 Bapti-

280 864 447 904 smstm
476 862 595 901 cum
627 842 843 913 peccatis
864 856 1001 895 mors
1020 839 1169 893 etiam
1198 837 1313 909 ipsa
1340 835 1622 891 aboleatur.
1663 833 1881 889 Poterat

284 950 463 994 autem
501 938 667 990 etiam
693 935 797 988 hoc
835 933 1039 987 donare
1071 928 1412 986 credentibus
1437 966 1454 992 ,
1499 933 1560 981 ut
1594 938 1694 981 nec
1719 921 1875 976 istius

287 1030 673 1100 experirentur
714 1025 957 1095 corporis
999 1031 1227 1078 mortem
1260 1037 1274 1075 :
1303 1017 1398 1075 sed
1429 1017 1475 1074 si
1503 1017 1608 1074 hoc
1636 1015 1875 1079 fecisset,

284 1121 432 1178 carni
456 1119 706 1190 qumdam
728 1116 956 1172 felicitas
981 1113 1268 1169 adderetur
1290 1151 1305 1176 ,
1335 1110 1672 1166 minueretur
1699 1115 1877 1162 autem

285 1214 406 1268 fidei
450 1211 730 1267 fortitudo.
772 1209 865 1265 Sic
899 1207 1044 1264 enim
1091 1205 1336 1260 homines
1366 1211 1593 1259 mortem
1627 1200 1781 1255 istam
1812 1198 1879 1253 ti-

284 1316 456 1372 ment,
499 1314 557 1359 ut
590 1318 696 1358 non
725 1302 796 1357 ob
822 1300 967 1355 aliud
1008 1299 1187 1354 felices
1214 1297 1457 1352 dicerent
1485 1309 1604 1351 esse
1625 1290 1881 1349 Christia-

284 1411 408 1461 nos,
438 1395 540 1450 nisi
564 1392 707 1463 quod
736 1392 871 1445 mori
895 1389 1115 1445 omnino
1139 1403 1245 1442 non
1276 1393 1514 1456 possent.
1548 1384 1628 1440 Ac
1657 1398 1750 1451 per
1776 1381 1879 1435 hoc

285 1500 450 1541 nemo
487 1491 710 1554 propter
738 1482 882 1537 illam
910 1482 1070 1535 vitam
1091 1519 1108 1543 ,
1152 1491 1273 1549 quas
1299 1484 1422 1547 post
1461 1475 1616 1530 istam
1643 1478 1876 1528 mortem

284 1577 443 1632 beata
472 1575 651 1631 ftuura
688 1580 774 1629 est
797 1614 812 1639 ,
863 1587 959 1642 per
996 1569 1247 1625 virtutem
1286 1566 1446 1621 etiam
1471 1560 1878 1620 contemnenda:

289 1668 463 1737 ipsius
494 1665 685 1721 mortis
708 1662 776 1718 ad
801 1660 1001 1718 Christi
1027 1659 1250 1730 gratiam
1281 1656 1592 1719 festinaret;
1632 1652 1727 1708 sed
1760 1666 1881 1721 pro-

288 1771 408 1829 pter
434 1754 819 1813 removendam
857 1752 1047 1808 mortis
1073 1748 1374 1805 molestiam
1402 1745 1679 1802 delicatius
1704 1740 1882 1797 crede.

286 1860 438 1904 retur
479 1850 535 1904 in
574 1847 867 1902 Christum.
913 1843 1041 1900 Plus
1067 1856 1197 1912 ergo
1224 1838 1408 1910 gratiae
1447 1834 1731 1906 pratstitit,
1761 1832 1882 1903 plus

289 1940 538 1995 fidelibus
586 1938 698 1993 suis
740 1938 859 1991 sine
901 1933 1233 1990 dubitatione
1273 1928 1517 1984 donavit.
1560 1925 1696 1994 Quid
1736 1923 1880 1979 enim

290 2046 547 2102 magnum
570 2036 687 2083 erat
709 2069 725 2095 ,
768 2024 998 2081 videndo
1020 2037 1129 2079 non
1158 2020 1295 2076 mori
1332 2033 1427 2076 eos
1462 2016 1551 2089 qui
1575 2015 1879 2080 crederent,

288 2124 512 2180 credere
532 2137 595 2178 se
622 2137 726 2176 non
749 2118 1066 2174 moriturum
1085 2115 1110 2170 τ
1134 2115 1343 2184 Quanto
1362 2118 1445 2169 est
1464 2109 1658 2179 majus,
1681 2114 1881 2183 quanto

289 2217 486 2272 fortius
505 2256 519 2277 ,
553 2220 753 2283 quanto
774 2207 1125 2273 laudabilius,
1155 2209 1225 2262 ita
1251 2204 1512 2271 credere,
1540 2212 1599 2257 ut
1619 2214 1680 2257 se
1701 2206 1882 2268 speret

290 2310 587 2364 moriturus
626 2306 743 2360 sine
780 2302 888 2357 ﬁne
924 2297 1231 2356 victurum?
1273 2296 1511 2365 Denique
1535 2291 1640 2348 hoc
1666 2289 1882 2360 quibus-

289 2401 417 2455 du:
445 2399 498 2452 in
550 2398 659 2451 ﬁne
698 2394 988 2464 largietur.
1033 2399 1093 2445 ut
1132 2395 1361 2443 mortem
1408 2385 1564 2439 istam
1598 2379 1879 2452 repentina

288 2488 716 2545 commutatione
761 2498 867 2538 non
910 2481 1144 2537 sentiant
1170 2477 1283 2549 (a),
1325 2475 1417 2530 sed
1446 2473 1605 2532 simul
1645 2485 1764 2527 cum
1791 2484 1880 2527 re-

294 2580 639 2651 surgentibus
666 2576 960 2650 erapiantur
998 2573 1049 2629 in
1080 2572 1307 2626 nubibus
1334 2568 1544 2623 obviam
1575 2564 1789 2622 Christo
1825 2563 1879 2617 in

292 2686 419 2726 arra
443 2711 459 2735 ,
498 2677 553 2725 et
577 2660 656 2723 sic
684 2680 898 2736 semper
921 2678 1045 2719 cum
1075 2661 1299 2717 Domino
1324 2660 1503 2714 vivant
1529 2656 1571 2729 (l
1601 2655 1776 2711 Thess.
1806 2668 1881 2717 tv,

294 2764 411 2836 id).
461 2763 530 2817 Et
565 2768 714 2816 recte
746 2759 883 2825 illis,
932 2755 1055 2827 quin
1095 2770 1200 2811 non
1231 2760 1390 2809 erunt
1430 2751 1540 2822 jam
1569 2748 1768 2820 posteri
1794 2746 1884 2816 qui

297 2865 512 2924 gropter
541 2852 646 2907 hoc
674 2848 916 2915 credant,
947 2862 1051 2902 non
1080 2844 1348 2916 sperando
1372 2843 1512 2914 quod
1541 2856 1645 2897 non
1675 2839 1881 2904 vident,

294 2948 387 3001 5rd
430 2943 664 3000 amando
705 2939 848 3011 quod
874 2939 1074 2993 vident.
1117 2937 1247 3005 Qure
1288 2934 1420 2990 ﬁdes
1462 2940 1546 2989 est
1586 2930 1794 2986 enervis
1830 2936 1887 2984 et

294 3039 528 3105 debilis,
568 3050 671 3091 nec
718 3033 851 3089 fides
892 3031 1113 3087 omnino
1150 3026 1409 3092 dicenda,
1454 3020 1882 3097 quandoquidem

295 3131 430 3186 ﬁdes
456 3132 524 3183 ita
554 3126 770 3183 definita
797 3132 881 3180 est
911 3140 924 3179 :
958 3121 1111 3176 Fides
1153 3127 1227 3174 est
1266 3116 1579 3188 sperantium
1606 3114 1623 3147 ⁸
1652 3112 1886 3168 ειώειωια

294 3224 366 3275 tia
384 3260 404 3287 ,
432 3218 675 3277 canuit-tio
694 3228 866 3271 rerum
890 3228 1003 3285 qua
1030 3229 1133 3267 non
1161 3210 1414 3265 uidentur.
1468 3205 1617 3265 Unde
1645 3205 1803 3260 etiam
1830 3203 1884 3258 in

288 3313 504 3374 eadem.
531 3310 617 3366 ubi
646 3318 701 3365 et
730 3307 834 3363 hoc
854 3305 1114 3376 scriptum
1139 3311 1242 3369 est,
1263 3302 1329 3357 ad
1348 3301 1604 3357 ilcbrzeos
1622 3295 1879 3365 Epistula,

290 3420 416 3460 cum
453 3410 848 3473 consequenter
884 3403 1254 3455 enumerasset
1297 3392 1555 3465 quosdam
1581 3430 1599 3459 ,
1637 3390 1728 3460 qui
1773 3389 1885 3445 Deo

294 3495 401 3549 ﬁde
430 3495 743 3564 placuerunt
768 3508 784 3547 :
819 3488 1109 3547 Secundum
1132 3485 1303 3558 ﬁdem,
1332 3483 1525 3552 inquit,
1557 3489 1743 3537 mortus
1768 3486 1888 3533 sunt

296 3586 346 3639 lti
374 3601 568 3647 attines,
596 3599 713 3637 cum
750 3598 851 3637 non
883 3579 1192 3651 accepissent
1219 3575 1595 3649 promissioucs,
1623 3572 1712 3626 sed
1739 3572 1887 3642 longe

295 3693 384 3731 eas
410 3677 634 3731 ridentes
672 3683 722 3728 et
754 3669 1063 3736 salulantes,
1110 3678 1158 3725 et
1197 3667 1492 3738 conﬁtentes
1515 3664 1637 3736 quia
1665 3660 1886 3733 hospites

295 3778 344 3823 st
370 3766 625 3839 ρεηςνὶηἰ
644 3773 762 3820 sunt
784 3780 937 3834 super
965 3772 1173 3817 terram.
1215 3758 1284 3815 Et
1312 3757 1470 3827 paulo
1496 3764 1617 3827 post
1641 3753 1886 3810 eamdem

299 3859 422 3915 ﬁdei
455 3859 666 3913 laudem
711 3859 781 3911 ita
806 3854 1067 3914 canclusit
1090 3872 1105 3907 :
1132 3853 1199 3908 Et
1220 3866 1412 3916 omnes,
1440 3849 1628 3920 inquit,
1660 3847 1885 3902 testimo-

296 3952 439 4007 nium
480 3949 734 4005 consecuti
777 3960 867 4019 per
906 3946 1094 4017 ﬁdem,
1141 3961 1243 4000 non
1269 3943 1492 3998 tulerunt
1531 3940 1888 4012 promissiones

298 4042 396 4097 Dei
423 4059 443 4097 :
472 4059 564 4112 pro
585 4041 729 4095 nobis
753 4040 886 4094 enim
915 4038 1127 4092 meliora
1154 4033 1497 4106 providerunt,
1531 4048 1595 4087 ne
1617 4031 1727 4085 sine
1746 4029 1887 4084 nobis

299 4135 507 4205 perfecti
533 4134 894 4203 perﬁcerentur
921 4128 1105 4202 (fleor.
1136 4142 1223 4192 ιι,
1252 4127 1276 4182 1
1302 4165 1319 4192 ,
1351 4126 1420 4181 15
1439 4163 1455 4189 ,
1483 4122 1574 4189 39,
1603 4120 1720 4195 40).
1763 4121 1890 4177 llmc

297 4225 415 4281 laus
441 4224 563 4280 ﬁdei
596 4239 703 4278 non
733 4231 911 4287 esset,
943 4235 1048 4278 nec
1075 4219 1295 4274 omnino
1318 4258 1334 4284 ,
1366 4223 1427 4271 ut
1445 4214 1555 4285 jam
1585 4213 1729 4279 dixi,
1756 4211 1890 4268 ﬁdes

294 4325 458 4381 esset,
492 4316 537 4371 si
568 4314 814 4370 homines
833 4313 887 4368 in
913 4311 1183 4369 credendo
1206 4309 1424 4382 praemia
1449 4305 1676 4363 visibilis
1700 4320 1893 4373 seque-

298 4415 522 4472 rentur,
572 4404 675 4459 hoc
704 4410 823 4469 est,
868 4402 913 4457 si
945 4401 1193 4459 fidelibus
1231 4412 1439 4456 merces
1477 4394 1890 4452 immortalitatis

296 4498 354 4552 in
381 4497 481 4552 huc
502 4496 705 4550 saeculo
729 4494 1063 4550 redderetur.

368 4588 460 4644 5i.
492 4587 629 4642 liiuc
656 4596 706 4641 et
740 4585 855 4653 ipse
884 4585 1137 4639 Dominus
1170 4581 1309 4639 mori
1349 4580 1553 4648 voluit,
1580 4588 1670 4649 ut,
1699 4594 1891 4651 quem-

290 4680 589 4736 admodum
617 4677 687 4733 dc
717 4677 808 4732 illo
831 4677 1087 4745 scriptum
1115 4685 1231 4742 est,
1267 4691 1358 4746 per
1383 4684 1596 4731 mortem
1631 4679 1892 4729 moueret

291 4787 413 4825 cum
450 4770 539 4842 qui
578 4777 877 4841 potestatem
898 4767 1111 4822 habebat
1138 4765 1351 4832 mortis,
1390 4765 1448 4821 id
1485 4775 1580 4830 cst,
1611 4762 1890 4829 diabolum,

285 4871 347 4917 et
375 4861 615 4914 liberaret
644 4874 730 4913 eos
766 4858 853 4929 qui
897 4857 1075 4912 timore
1111 4858 1289 4912 mortis
1329 4873 1416 4926 per
1449 4864 1608 4911 totam
1636 4854 1790 4910 vitam
1820 4852 1895 4908 rei

290 4960 443 5006 erant
461 4951 717 5007 servitutis
756 4947 869 5022 (Id.
895 4964 955 5016 ιι,
989 4949 1057 5004 it
1078 4987 1093 5015 ,
1125 4948 1239 5019 15).
1289 4946 1402 5003 lioc
1431 4945 1737 5003 testimonio
1763 4945 1894 5001 satis

292 5046 464 5102 etiam
513 5043 648 5099 illud
690 5049 1056 5105 monstratur,
1104 5049 1161 5096 et
1197 5048 1426 5096 mortem
1469 5043 1625 5094 istam
1650 5037 1895 5109 corporis

292 5136 548 5208 principe
573 5143 737 5205 atque
761 5142 978 5189 auctore
1005 5132 1218 5189 diabolo
1241 5171 1258 5199 ,
1296 5130 1403 5189 hoc
1426 5140 1509 5187 εει
1529 5170 1546 5196 ,
1577 5144 1642 5186 ex
1675 5137 1895 5200 peccato

287 5226 567 5282 accidisse
593 5267 610 5291 ,
648 5222 791 5295 quod
817 5223 907 5278 i'le
944 5221 1245 5293 persuasit;
1289 5235 1462 5291 neque
1487 5219 1628 5276 enim
1656 5220 1727 5275 ob
1749 5219 1893 5273 aliud

286 5325 624 5388 potestatem
648 5313 849 5370 habere
875 5315 1063 5369 mortis
1099 5312 1380 5369 verissimo
1407 5312 1678 5368 diceretur
1709 5330 1722 5366 :
1757 5312 1896 5367 unde

362 5428 381 5459 ¹
402 5431 516 5496 bov.
535 5458 552 5483 ,
587 5423 957 5496 spermdom.
985 5432 1043 5496 At
1074 5431 1190 5496 ΑιιιἈ
1213 5424 1560 5496 ειη-εθι-ιιοειιιήὶ⁸
1586 5423 1897 5496 manuscriptl

283 5495 586 5538 mnstanter
601 5487 805 5549 habent,
826 5485 1142 5549 spuantium.
1161 5492 1242 5549 SA
1273 5485 1335 5534 ab
1366 5486 1631 5549 Augustino
1647 5485 1897 5549 citatur’iu

281 5556 524 5609 Tractatu
555 5548 618 5597 79
647 5551 694 5599 in
718 5544 910 5609 manu"
943 5561 994 5597 ιι.
1022 5548 1066 5609 i,
1093 5546 1207 5599 etin
1241 5544 1459 5596 tractatu
1473 5546 1550 5609 95,
1580 5558 1632 5594 n.
1657 5544 1704 5593 2.
1735 5553 1898 5609 Grajee

287 5619 398 5669 est,
439 5608 783 5673 clpizomenlm,
812 5609 939 5673 quod
959 5606 1083 5673 cum
1118 5610 1183 5673 sit
1207 5609 1411 5657 verbum
1434 5608 1669 5673 medium,
1707 5608 1771 5656 ab
1792 5606 1901 5658 aliis

282 5673 464 5725 active
480 5668 915 5734 accipiebatur,»
931 5668 1035 5720 aliis
1056 5669 1260 5734 passive.

360 5735 443 5793 (al
479 5728 597 5781 \ide
620 5733 703 5782 lib.
799 5728 1023 5796 bellum,
1050 5728 1156 5796 cap.
1179 5728 1269 5795 55;
1294 5736 1344 5782 et
1378 5737 1502 5792 ensi
1556 5730 1664 5790 195,
1699 5728 1758 5780 ad
1784 5738 1900 5781 lter-

284 5812 347 5847 ςι
356 5807 538 5844 tarem.

1601 349 1807 409 LIBER
1842 346 2217 408 SECUNDUS.

2644 410 2659 425 .
3469 359 3605 415 ηδτ

1993 463 2083 521 ille
2126 462 2217 535 qui
2260 461 2378 521 sine
2422 462 2530 520 ullo
2572 472 2795 538 peccato
2826 459 2914 523 vel
2955 457 3204 538 originali
3238 468 3321 527 vel
3356 473 3573 542 proprio

1985 555 2346 623 moriebatur,
2395 554 2558 625 dixit,
2601 556 2743 629 quod
2787 558 2944 629 paulo
2971 568 3098 617 ante
3133 564 3574 627 commemoravi,

1987 646 2120 704 Ecce
2145 648 2305 704 veni?
2336 649 2569 720 princeps
2600 649 2810 718 mundi,
2838 649 2891 705 id
2916 658 3030 718 est,
3057 650 3320 716 diabolus,
3354 654 3443 724 qui
3472 669 3589 726 [io--

1985 750 2230 798 testatem
2260 741 2491 798 habebat
2531 742 2748 806 mortis,
2781 753 2827 798 et
2854 743 2907 797 in
2945 760 3024 798 me
3065 742 3473 811 nihil'inaenict,
3521 747 3573 800 id
3608 770 3613 778 ι

1984 844 2066 892 est
2088 876 2102 901 ,
2135 835 2336 906 peccati
2359 877 2376 903 ,
2422 843 2641 906 propter
2667 836 2806 906 quod
2847 835 3090 892 homines
3133 838 3269 893 mori
3305 836 3452 895 fecit.
3503 839 3572 895 Et
3604 852 3605 855 ‘

1982 928 2137 998 quasi
2164 926 2433 983 diceretur
2449 928 2518 993 ei,
2537 927 2716 995 Quare
2743 943 2869 998 ergo
2895 928 3122 983 moreris
3143 929 3168 984 i
3199 929 3305 986 Sed
3325 940 3380 985 ut
3404 931 3571 985 sciant

1984 1035 2157 1074 manes
2188 1060 2204 1086 ,
2237 1019 2429 1090 inquit,
2457 1020 2577 1088 quia
2596 1020 2901 1077 voluntatem
2931 1018 3105 1075 Patris
3131 1023 3228 1077 mei
3253 1022 3385 1092 facio
3405 1064 3423 1090 ,
3449 1040 3571 1076 sur-

1982 1109 2105 1181 gite,
2136 1126 2308 1165 eamus
2333 1110 2450 1165 ltiuc
2481 1126 2499 1165 :
2529 1108 2580 1165 id
2608 1118 2712 1178 est,
2754 1118 2812 1165 ut
2835 1110 3038 1165 moriar
3057 1126 3162 1166 non
3190 1112 3393 1169 habens
3420 1127 3570 1171 mor-

1986 1201 2055 1255 tis
2076 1214 2292 1256 causam
2319 1200 2386 1255 de
2412 1210 2635 1271 peccato
2661 1201 2761 1256 sub
2804 1210 3023 1258 auctore
3066 1204 3310 1272 peccati,
3359 1203 3455 1259 sed
3500 1186 3571 1260 de

1983 1291 2291 1347 obedientia
2317 1300 2372 1347 et
2409 1292 2614 1361 justitia
2642 1291 2812 1347 factus
2844 1292 3103 1348 obedicns
3130 1309 3297 1369 usque
3321 1293 3389 1349 ad
3418 1308 3568 1350 mor-

1984 1393 2112 1442 tem.
2146 1386 2215 1441 Et
2250 1385 2351 1441 hoc
2375 1401 2503 1457 ergo
2545 1385 2635 1441 illo
2670 1386 2974 1443 testimonio
3010 1389 3433 1446 demonstratum
3462 1399 3567 1457 est.

1980 1484 2041 1531 et
2078 1476 2220 1546 quod
2254 1476 2500 1532 timorem
2531 1478 2720 1532 mortis
2752 1477 2936 1534 ﬁdeles
2960 1479 3218 1547 vincunt,
3247 1480 3313 1536 ad
3341 1495 3591 1552 agonem.

1984 1565 2152 1636 ipsius
2178 1566 2299 1623 ﬁdei
2330 1568 2601 1637 pertinuere
2624 1608 2639 1632 ,
2666 1569 2756 1638 qui
2787 1568 3027 1638 profecto
3057 1570 3418 1640 defuisset..si
3445 1580 3589 1629 mox;

1980 1666 2130 1713 esset
2152 1658 2434 1713 credentes
2458 1658 2826 1715 immortalitas
2849 1668 3154 1716 consecuta.

2053 1749 2280 1806 CAPUT
2305 1749 2521 1807 XXXII.
2535 1779 2608 1793 --
2629 1752 2720 1807 52.
2738 1750 2841 1807 Cur
2863 1752 3091 1808 Christus
3115 1767 3228 1825 post
3248 1758 3578 1813 resurrectio-

1983 1857 2100 1896 nem
2149 1842 2472 1912 prmsentiam
2512 1858 2660 1897 suam
2706 1843 2898 1898 mundo
2946 1844 3261 1901 subduxerit.
3318 1847 3575 1915 Quamvis

1984 1931 2165 2003 itaque
2188 1932 2355 1988 multa
2388 1932 2644 1989 Dominus
2665 1933 2893 1989 visibilis
2921 1934 3175 1992 miracula
3195 1934 3396 2004 fecerit,
3428 1938 3573 1994 unde

1984 2023 2100 2095 ipsa
2130 2024 2265 2079 ﬁdes
2290 2025 2436 2081 velut
2462 2025 2779 2096 quibusdam
2810 2027 3117 2096 primordiis
3160 2028 3573 2086 lactescentibus

1982 2115 2340 2184 germinant,
2386 2122 2445 2171 et
2484 2115 2538 2170 in
2580 2129 2734 2170 suum
2773 2116 2938 2171 robur
2977 2133 3046 2174 ex
3082 2118 3170 2174 illa
3207 2119 3569 2178 teneritudine

1988 2206 2313 2262 coalesceret
2344 2205 2515 2276 (tanto
2537 2215 2618 2261 est
2645 2207 2788 2262 enim
2813 2207 3018 2273 fortior,
3044 2219 3244 2281 quanto
3269 2213 3437 2284 magis
3457 2214 3570 2284 jam
3598 2239 3608 2257 ς

1984 2295 2089 2350 ista
2115 2310 2221 2351 non
2247 2295 2460 2367 qmerit}
2489 2312 2504 2350 :
2535 2305 2714 2353 tamen
2743 2297 2875 2354 illud
2914 2299 3057 2368 quod
3097 2302 3415 2370 promissum
3444 2316 3564 2374 spe-

1986 2400 2173 2443 ramus
2196 2427 2213 2454 ,
2263 2386 2602 2443 invisibiliter
2634 2388 2801 2442 voluit
2841 2390 3168 2460 exspectari,
3213 2394 3270 2448 ut
3304 2392 3480 2463 justus
3506 2406 3575 2451 ex

1986 2475 2095 2533 ﬁde
2113 2476 2317 2533 viveret
2336 2517 2351 2543 ,
2382 2477 2436 2532 in
2465 2486 2667 2533 tantum
2699 2487 2758 2534 ut
2783 2494 2882 2536 nec
2910 2481 3025 2551 ipse
3061 2483 3151 2554 qui
3190 2483 3277 2540 die
3304 2486 3459 2543 tertio
3478 2502 3568 2544 re-
3594 2526 3598 2530 -

1986 2568 2239 2636 surrexit,
2269 2567 2407 2624 inter
2432 2570 2678 2626 homines
2704 2585 2831 2648 esse
2852 2556 3100 2639 voluerit,
3126 2575 3219 2630 sed
3246 2575 3327 2632 eis
3354 2577 3601 2633 detuonw

1986 2666 2157 2713 strato
2178 2660 2231 2714 in
2247 2674 2341 2714 sua
2362 2674 2525 2717 carne
2540 2664 2949 2719 resurrectionis
2968 2667 3234 2736 exemplo,
3256 2682 3391 2739 quos
3414 2669 3572 2739 hujus

1986 2748 2066 2804 rei
2109 2757 2271 2805 testes
2300 2749 2498 2807 habere
2522 2750 2770 2821 dignatus
2798 2762 2913 2819 est,
2956 2754 3224 2810 incutiam
3252 2759 3576 2827 ascenderit,

1986 2837 2195 2894 illorum
2234 2852 2447 2909 quoque
2473 2851 2534 2896 se
2553 2842 2723 2897 oculis
2750 2842 3000 2899 auferens
3019 2883 3037 2911 ,
3079 2845 3317 2918 nihilque
3353 2848 3458 2905 tale
3485 2865 3579 2907 cu-

1984 2928 2233 3000 jusquam
2276 2944 2463 2986 eorum
2489 2933 2635 2987 carni
2667 2933 2778 3003 jam
2807 2935 3050 2992 tribuens
3071 2977 3088 3005 ,
3133 2939 3291 3009 quale
3334 2939 3388 2999 in
3415 2955 3605 2999 carne

1990 3022 2200 3092 pr0pria
2228 3020 2728 3092 detnonstraverut;
2769 3034 2829 3082 ut
2851 3037 2909 3084 ct
2937 3028 3036 3098 ipsi
3074 3044 3142 3085 ex
3170 3030 3274 3087 ﬁde
3303 3032 3591 3101 viverent,.

1982 3112 2211 3183 ejusque
2244 3112 2498 3184 iustitia),
2541 3116 2595 3171 in
2626 3127 2730 3188 qua
2767 3132 2833 3174 ex
2872 3120 2979 3175 ﬁde
3015 3120 3254 3189 vivitur,
3299 3125 3576 3194 przemlum

1984 3206 2131 3278 quod
2161 3217 2343 3278 postea
2370 3209 2475 3265 erit
2499 3209 2726 3279 visibile,
2753 3227 2896 3268 nunc
2920 3213 3130 3273 interim
3152 3230 3248 3285 per
3268 3218 3577 3288 patientiam

1988 3297 2328 3356 invisibiliter
2354 3309 2751 3373 exspectarent.
2778 3303 2861 3359 Ad
2888 3305 3032 3362 hunc
3066 3307 3392 3365 intellectum
3417 3308 3597 3367 credo

1988 3390 2155 3446 etiam
2202 3390 2333 3447 illud
2382 3407 2505 3450 esse
2546 3394 2921 3465 referendum,
2971 3398 3115 3469 quod
3160 3399 3235 3455 ait
3274 3400 3343 3456 de
3378 3400 3581 3472 Spiritu

1986 3492 2177 3539 sancto
2208 3501 2223 3539 :
2258 3482 2379 3540 Non
2413 3496 2577 3558 potest
2609 3488 2719 3561 ipse
2740 3490 2909 3546 venire
2929 3531 2946 3558 ,
2988 3492 3089 3547 nisi
3111 3508 3201 3565 ego
3227 3494 3420 3551 abiero.
3470 3497 3582 3553 lioc

1989 3574 2132 3631 enim
2159 3584 2275 3632 erat
2298 3576 2479 3634 dicere
2499 3616 2516 3646 ,
2565 3594 2672 3636 non
2701 3582 2944 3652 poteritis
2963 3583 3108 3653 justo
3132 3587 3310 3643 vivere
3344 3602 3412 3645 es
3452 3591 3577 3657 ﬁde,

1988 3665 2131 3736 quod
2159 3666 2228 3722 de
2254 3682 2380 3724 meo
2402 3667 2581 3735 dono,
2626 3671 2681 3726 id
2709 3680 2824 3739 est,
2856 3672 2926 3730 de
2958 3674 3162 3745 Spiritu
3199 3687 3386 3737 salicto
3415 3680 3577 3738 habe-

1988 3755 2115 3812 bitis
2138 3797 2155 3826 ,
2196 3758 2300 3815 nisi
2322 3774 2352 3814 a
2376 3760 2569 3817 vestris
2594 3763 2761 3818 oculis
2786 3764 2887 3820 hoc
2910 3766 3051 3836 quod
3082 3768 3360 3826 intuemini
3395 3771 3595 3828 abstu-

1990 3847 2124 3915 iero,
2153 3857 2212 3904 ut
2236 3850 2583 3920 spiritnaiiter
2609 3867 2705 3909 cor
2727 3862 2961 3909 vestrum
2993 3857 3277 3915 invisibilia
3310 3854 3579 3917 credendo

1991 3942 2256 4011 proﬁciat.
2307 3942 2458 4000 lianc
2485 3959 2551 4000 ex
2578 3944 2683 4001 ﬁde
2702 3946 2963 4016 justitiam
2991 3948 3311 4020 identidem,
3357 3951 3595 4025 loquens.

1990 4030 2059 4087 de
2090 4032 2294 4104 Spiritu
2318 4042 2540 4102 sancto,
2577 4036 2647 4091 ita
2679 4039 3019 4097 commendat
3049 4057 3064 4094 :
3096 4040 3230 4108 Ille,
3265 4044 3463 4113 inquit,
3493 4061 3592 4099 πμ

1990 4132 2109 4195 guet
2127 4124 2373 4178 mundum
2400 4126 2465 4180 de
2483 4138 2707 4195 peccato,
2730 4128 2795 4183 de
2817 4129 3053 4198 justitia,
3086 4140 3134 4185 et
3163 4131 3226 4186 de
3245 4133 3444 4204 judicio
3467 4150 3487 4191 :
3516 4136 3580 4192 dc

1992 4225 2196 4286 peccato
2215 4217 2418 4286 quidem
2434 4259 2453 4284 ,
2486 4219 2607 4288 quia
2631 4233 2733 4273 non
2758 4220 3082 4276 crediderunt
3114 4222 3167 4276 in
3205 4239 3317 4290 mc,-
3343 4225 3407 4280 de
3425 4226 3605 4298 justi..

1992 4311 2066 4365 tia
2087 4351 2102 4377 ,
2138 4311 2259 4383 quia
2298 4311 2367 4365 ad
2394 4310 2602 4367 Patrem
2638 4313 2769 4368 vado
2790 4353 2806 4377 ,
2852 4323 2901 4369 ct
2937 4314 3053 4386 jam
3098 4330 3200 4371 non
3239 4318 3465 4375 videbitis
3504 4338 3586 4376 me

1993 4400 2171 4471 (Joan.
2202 4417 2312 4469 xvi,
2344 4401 2522 4474 7-10).
2551 4401 2682 4472 Qua:
2709 4414 2793 4460 est
2821 4404 2918 4460 ista
2939 4404 3141 4476 justitia
3162 4450 3177 4477 ,
3199 4422 3301 4479 qua
3330 4423 3452 4465 eum
3477 4426 3614 4467 non,

1993 4492 2241 4550 viderent
2268 4495 2285 4528 ⁸
2313 4534 2331 4560 ,
2376 4493 2479 4550 nisi
2505 4502 2565 4550 ut
2585 4494 2763 4567 justus
2790 4512 2854 4553 ex
2882 4498 2986 4555 ﬁde
3017 4501 3219 4558 viveret
3242 4510 3471 4570 ,_etsnon
3498 4519 3613 4560 rem

1995 4584 2285 4655 spicientes
2311 4599 2431 4655 qua:
2459 4585 2737 4653 videntur,
2764 4587 2858 4666 sed
2883 4603 3003 4659 quas
3036 4605 3142 4647 non
3167 4592 3446 4662 videntur,
3477 4596 3586 4666 sps-

1995 4676 2099 4730 ritu
2122 4690 2187 4730 ex
2212 4675 2316 4731 ﬁde
2343 4677 2492 4745 spem
2519 4667 2741 4745 jushtite
2760 4664 3241 4750 exspectaremus?

2065 4763 2291 4821 CAPUT
2320 4764 3021 4840 XXXlll.—53.Rcspondet
3039 4769 3454 4842 ad'objectiouem
3475 4772 3579 4831 Pe.

1994 4855 2334 4926 lagianorum.
2374 4856 2476 4925 Qui
2507 4866 2681 4913 autem
2724 4858 2908 4914 dicunt
2937 4875 2953 4914 :
2984 4858 3046 4916 Si
3089 4871 3292 4930 peccato
3320 4876 3455 4919 mors
3479 4866 3613 4921 ista;

1996 4947 2224 5018 corporis
2250 4946 2515 5003 accidth
2531 4989 2557 5015 ,
2577 4965 2682 5005 non
2688 4950 2875 5033 ptiqus
2900 4960 3011 5022 post
3033 4951 3374 5013 remissionem
3403 4970 3587 5025 pecco.

1998 5045 2185 5102 torum,
2210 5053 2367 5108 quam
2392 5039 2704 5111 Redemptor
2722 5042 2866 5097 nobis
2887 5042 3075 5108 tribuit,
3104 5056 3413 5098 morerentur
3435 5061 3457 5101 .'
3476 5060 3591 5103 non

1998 5129 2299 5200 intelligunt
2338 5131 2721 5201 quomodovres
2745 5173 2762 5201 ,
2807 5147 3031 5203 quarum
3069 5141 3275 5190 reatum
3298 5175 3315 5200 ,
3356 5150 3426 5192 ne
3464 5147 3593 5208 post

1999 5219 2137 5278 hanc
2168 5222 2329 5277 vitam
2356 5222 2536 5278 obsint
2558 5264 2573 5288 ,
2603 5222 2744 5279 Dens
2762 5223 2953 5291 solvit,
2994 5233 3170 5280 tamen
3201 5239 3295 5282 eas
3317 5226 3383 5282 ad
3412 5236 3587 5285 certa—

1999 5329 2123 5368 men
2171 5313 2292 5369 ﬁdei
2333 5313 2461 5369 sinit
2500 5328 2750 5382 manere,
2800 5322 2859 5370 ut
2900 5331 2996 5387 per
3041 5317 3160 5372 ilias
3196 5319 3508 5375 erudiautur
3531 5330 3605 5379 et.

2000 5415 2353 5461 exerceantur
2402 5404 2744 5475 proﬁcientes
2789 5406 2842 5460 in
2890 5421 3062 5477 agone
3100 5407 3342 5479 iustitiae.
3400 5412 3609 5468 Posset.

2003 5498 2145 5552 enim
2181 5504 2235 5551 et
2257 5495 2395 5551 alius
2426 5496 2528 5552 hoc
2557 5512 2663 5553 non
2702 5497 3005 5570 intelligens
3030 5499 3212 5558 dicere
3235 5541 3252 5568 ,
3284 5502 3339 5557 Si
3370 5512 3590 5571 propter

2005 5598 2282 5656 peccatum
2322 5587 2456 5643 dixit
2494 5589 2632 5644 Deus
2674 5589 2915 5657 homini,
2968 5591 3033 5646 In
3083 5593 3268 5649 sudore
3304 5595 3467 5650 saltus
3514 5596 3595 5648 mi-

2003 5679 2119 5734 edes
2146 5696 2323 5747 partem
2355 5690 2511 5745 tuum,
2543 5689 2588 5734 et
2616 5681 2791 5751 spinas
2817 5692 2864 5737 et
2890 5685 3100 5741 tribulos
3122 5686 3280 5757 pariet
3307 5686 3392 5740 tibi
3418 5699 3546 5741 terra
3567 5701 3591 5739 ε.

2073 5770 2413 5845 ’ἐοι-ἰιριοηςὶδ
2436 5800 2537 5858 515.,
2562 5793 2798 5848 aderunt.
