  <div class='ocr_page' id='page_1' title='image "/cluster/home/n/w/nwhite01/storage/ocr_20150623/44/hvd.32044069687945/097.png"; bbox 0 0 3984 6178; ppageno 0'>
   <div class='ocr_carea' id='block_1_1' title="bbox 399 329 506 382">
    <p class='ocr_par' dir='ltr' id='par_1_1' title="bbox 399 329 506 382">
     <span class='ocr_line' id='line_1_1' title="bbox 399 329 506 382; baseline 0 -1"><span class='ocrx_word' id='word_1_1' title='bbox 399 329 506 382; x_wconf 59' lang='grc'><strong>13⁸5</strong></span> 
     </span>
    </p>
   </div>
   <div class='ocr_carea' id='block_1_2' title="bbox 391 429 1989 517">
    <p class='ocr_par' dir='ltr' id='par_1_2' title="bbox 391 429 1989 517">
     <span class='ocr_line' id='line_1_2' title="bbox 391 429 1989 517; baseline -0.015 -16"><span class='ocrx_word' id='word_1_2' title='bbox 391 457 560 517; x_wconf 82' lang='lat' dir='ltr'><strong>quare</strong></span> <span class='ocrx_word' id='word_1_3' title='bbox 586 451 644 502; x_wconf 81' lang='lat' dir='ltr'><strong>et</strong></span> <span class='ocrx_word' id='word_1_4' title='bbox 668 448 788 515; x_wconf 87' lang='lat' dir='ltr'><strong>post</strong></span> <span class='ocrx_word' id='word_1_5' title='bbox 825 435 1199 495; x_wconf 73' lang='lat' dir='ltr'><strong>remissionem</strong></span> <span class='ocrx_word' id='word_1_6' title='bbox 1241 432 1392 488; x_wconf 89' lang='lat' dir='ltr'><strong>labor</strong></span> <span class='ocrx_word' id='word_1_7' title='bbox 1431 429 1520 485; x_wconf 89' lang='lat' dir='ltr'><strong>hic</strong></span> <span class='ocrx_word' id='word_1_8' title='bbox 1561 431 1878 497; x_wconf 90' lang='lat' dir='ltr'><strong>permanet,</strong></span> <span class='ocrx_word' id='word_1_9' title='bbox 1929 431 1989 478; x_wconf 90' lang='lat' dir='ltr'><strong>et</strong></span> 
     </span>
    </p>
   </div>
   <div class='ocr_carea' id='block_1_3' title="bbox 397 513 1984 602">
    <p class='ocr_par' dir='ltr' id='par_1_3' title="bbox 397 513 1984 602">
     <span class='ocr_line' id='line_1_3' title="bbox 397 513 1984 602; baseline -0.014 -11"><span class='ocrx_word' id='word_1_10' title='bbox 397 513 516 592; x_wconf 61' lang='lat' dir='ltr'><strong>haec</strong></span> <span class='ocrx_word' id='word_1_11' title='bbox 539 513 683 591; x_wconf 80' lang='lat' dir='ltr'><strong>dura</strong></span> <span class='ocrx_word' id='word_1_12' title='bbox 704 540 761 589; x_wconf 90' lang='lat' dir='ltr'><strong>et</strong></span> <span class='ocrx_word' id='word_1_13' title='bbox 778 542 967 602; x_wconf 86' lang='lat' dir='ltr'><strong>aspera</strong></span> <span class='ocrx_word' id='word_1_14' title='bbox 990 526 1132 598; x_wconf 89' lang='lat' dir='ltr'><strong>parit</strong></span> <span class='ocrx_word' id='word_1_15' title='bbox 1163 525 1324 579; x_wconf 89' lang='lat' dir='ltr'><strong>etiam</strong></span> <span class='ocrx_word' id='word_1_16' title='bbox 1356 530 1495 577; x_wconf 89' lang='lat' dir='ltr'><strong>terra</strong></span> <span class='ocrx_word' id='word_1_17' title='bbox 1527 517 1762 574; x_wconf 88' lang='lat' dir='ltr'><strong>ﬁdelium</strong></span> <span class='ocrx_word' id='word_1_18' title='bbox 1781 517 1807 571; x_wconf 65' lang='grc' dir='ltr'><em>ἲ</em></span> <span class='ocrx_word' id='word_1_19' title='bbox 1853 513 1984 570; x_wconf 88' lang='lat' dir='ltr'><strong>Item</strong></span> 
     </span>
    </p>
   </div>
   <div class='ocr_carea' id='block_1_4' title="bbox 394 605 1988 698">
    <p class='ocr_par' dir='ltr' id='par_1_4' title="bbox 394 605 1988 698">
     <span class='ocr_line' id='line_1_4' title="bbox 394 605 1988 698; baseline -0.014 -17"><span class='ocrx_word' id='word_1_20' title='bbox 394 628 439 681; x_wconf 84' lang='lat' dir='ltr'><strong>si</strong></span> <span class='ocrx_word' id='word_1_21' title='bbox 491 633 710 698; x_wconf 80' lang='lat' dir='ltr'><strong>prepter</strong></span> <span class='ocrx_word' id='word_1_22' title='bbox 753 626 1028 692; x_wconf 86' lang='lat' dir='ltr'><strong>peccatum</strong></span> <span class='ocrx_word' id='word_1_23' title='bbox 1065 614 1266 670; x_wconf 88' lang='lat' dir='ltr'><strong>dictum</strong></span> <span class='ocrx_word' id='word_1_24' title='bbox 1297 619 1382 668; x_wconf 90' lang='lat' dir='ltr'><strong>est</strong></span> <span class='ocrx_word' id='word_1_25' title='bbox 1417 609 1626 666; x_wconf 89' lang='lat' dir='ltr'><strong>mulieri</strong></span> <span class='ocrx_word' id='word_1_26' title='bbox 1643 630 1674 673; x_wconf 91' lang='lat'><strong>,-</strong></span> <span class='ocrx_word' id='word_1_27' title='bbox 1705 605 1771 660; x_wconf 87' lang='lat' dir='ltr'><strong>In</strong></span> <span class='ocrx_word' id='word_1_28' title='bbox 1798 605 1988 678; x_wconf 83' lang='lat' dir='ltr'><strong>gemitu</strong></span> 
     </span>
    </p>
   </div>
   <div class='ocr_carea' id='block_1_5' title="bbox 397 702 1982 784">
    <p class='ocr_par' dir='ltr' id='par_1_5' title="bbox 397 702 1982 784">
     <span class='ocr_line' id='line_1_5' title="bbox 397 702 1982 784; baseline -0.012 -13"><span class='ocrx_word' id='word_1_29' title='bbox 397 717 562 782; x_wconf 81' lang='lat' dir='ltr'><strong>paries</strong></span> <span class='ocrx_word' id='word_1_30' title='bbox 589 713 744 784; x_wconf 81' lang='lat' dir='ltr'><strong>(Gen.</strong></span> <span class='ocrx_word' id='word_1_31' title='bbox 786 727 867 780; x_wconf 85' lang='grc' dir='ltr'>ιιι,</span> <span class='ocrx_word' id='word_1_32' title='bbox 901 709 990 778; x_wconf 86' lang='grc'><strong>19,</strong></span> <span class='ocrx_word' id='word_1_33' title='bbox 1020 705 1108 777; x_wconf 84' lang='grc'><strong>16)</strong></span> <span class='ocrx_word' id='word_1_34' title='bbox 1146 719 1286 762; x_wconf 89' lang='lat' dir='ltr'><strong>:cur</strong></span> <span class='ocrx_word' id='word_1_35' title='bbox 1304 702 1466 756; x_wconf 88' lang='lat' dir='ltr'><strong>etiam</strong></span> <span class='ocrx_word' id='word_1_36' title='bbox 1498 707 1616 770; x_wconf 89' lang='lat' dir='ltr'><strong>post</strong></span> <span class='ocrx_word' id='word_1_37' title='bbox 1640 704 1982 767; x_wconf 74' lang='lat' dir='ltr'><strong>peccatorum</strong></span> 
     </span>
    </p>
   </div>
   <div class='ocr_carea' id='block_1_6' title="bbox 400 785 1996 862">
    <p class='ocr_par' dir='ltr' id='par_1_6' title="bbox 400 785 1996 862">
     <span class='ocr_line' id='line_1_6' title="bbox 400 785 1996 862; baseline -0.014 0"><span class='ocrx_word' id='word_1_38' title='bbox 400 804 770 862; x_wconf 86' lang='lat' dir='ltr'><strong>remissionem</strong></span> <span class='ocrx_word' id='word_1_39' title='bbox 812 801 1022 857; x_wconf 71' lang='lat' dir='ltr'><strong>feminre</strong></span> <span class='ocrx_word' id='word_1_40' title='bbox 1051 795 1237 852; x_wconf 82' lang='lat' dir='ltr'><strong>ﬁdeles</strong></span> <span class='ocrx_word' id='word_1_41' title='bbox 1269 790 1489 849; x_wconf 89' lang='lat' dir='ltr'><strong>eosdem</strong></span> <span class='ocrx_word' id='word_1_42' title='bbox 1531 788 1748 844; x_wconf 82' lang='lat' dir='ltr'><strong>dolores</strong></span> <span class='ocrx_word' id='word_1_43' title='bbox 1775 785 1828 840; x_wconf 90' lang='lat' dir='ltr'><strong>in</strong></span> <span class='ocrx_word' id='word_1_44' title='bbox 1875 801 1996 856; x_wconf 87' lang='lat' dir='ltr'><strong>par-</strong></span> 
     </span>
    </p>
   </div>
   <div class='ocr_carea' id='block_1_7' title="bbox 397 886 1980 966">
    <p class='ocr_par' dir='ltr' id='par_1_7' title="bbox 397 886 1980 966">
     <span class='ocr_line' id='line_1_7' title="bbox 397 886 1980 966; baseline -0.015 -13"><span class='ocrx_word' id='word_1_45' title='bbox 397 895 644 953; x_wconf 88' lang='lat' dir='ltr'><strong>turiendo</strong></span> <span class='ocrx_word' id='word_1_46' title='bbox 689 893 1004 966; x_wconf 84' lang='lat' dir='ltr'><strong>patiuntur?</strong></span> <span class='ocrx_word' id='word_1_47' title='bbox 1047 890 1114 946; x_wconf 86' lang='lat' dir='ltr'><strong>Et</strong></span> <span class='ocrx_word' id='word_1_48' title='bbox 1143 897 1322 943; x_wconf 90' lang='lat' dir='ltr'><strong>tamen</strong></span> <span class='ocrx_word' id='word_1_49' title='bbox 1365 890 1576 940; x_wconf 90' lang='lat' dir='ltr'><strong>constat</strong></span> <span class='ocrx_word' id='word_1_50' title='bbox 1611 886 1832 950; x_wconf 76' lang='lat' dir='ltr'><strong>propter</strong></span> <span class='ocrx_word' id='word_1_51' title='bbox 1857 891 1980 948; x_wconf 88' lang='lat' dir='ltr'><strong>pec—</strong></span> 
     </span>
    </p>
   </div>
   <div class='ocr_carea' id='block_1_8' title="bbox 399 967 1989 1057">
    <p class='ocr_par' dir='ltr' id='par_1_8' title="bbox 399 967 1989 1057">
     <span class='ocr_line' id='line_1_8' title="bbox 399 967 1989 1057; baseline -0.015 -13"><span class='ocrx_word' id='word_1_52' title='bbox 399 998 602 1056; x_wconf 81' lang='lat' dir='ltr'><strong>catum,</strong></span> <span class='ocrx_word' id='word_1_53' title='bbox 642 984 786 1057; x_wconf 88' lang='lat' dir='ltr'><strong>quod</strong></span> <span class='ocrx_word' id='word_1_54' title='bbox 810 983 1156 1043; x_wconf 88' lang='lat' dir='ltr'><strong>admiserant,</strong></span> <span class='ocrx_word' id='word_1_55' title='bbox 1185 977 1357 1033; x_wconf 86' lang='lat' dir='ltr'><strong>illosa</strong></span> <span class='ocrx_word' id='word_1_56' title='bbox 1378 975 1488 1030; x_wconf 87' lang='lat' dir='ltr'><strong>Deo</strong></span> <span class='ocrx_word' id='word_1_57' title='bbox 1516 972 1719 1044; x_wconf 88' lang='lat' dir='ltr'><strong>primos</strong></span> <span class='ocrx_word' id='word_1_58' title='bbox 1744 967 1989 1022; x_wconf 82' lang='lat' dir='ltr'><strong>homines</strong></span> 
     </span>
    </p>
   </div>
   <div class='ocr_carea' id='block_1_9' title="bbox 402 1057 1990 1144">
    <p class='ocr_par' dir='ltr' id='par_1_9' title="bbox 402 1057 1990 1144">
     <span class='ocr_line' id='line_1_9' title="bbox 402 1057 1990 1144; baseline -0.013 -11"><span class='ocrx_word' id='word_1_59' title='bbox 402 1079 519 1134; x_wconf 77' lang='lat' dir='ltr'><strong>lure</strong></span> <span class='ocrx_word' id='word_1_60' title='bbox 560 1075 778 1133; x_wconf 86' lang='lat' dir='ltr'><strong>audisse</strong></span> <span class='ocrx_word' id='word_1_61' title='bbox 818 1083 977 1144; x_wconf 91' lang='lat' dir='ltr'><strong>atque</strong></span> <span class='ocrx_word' id='word_1_62' title='bbox 999 1070 1266 1127; x_wconf 82' lang='lat' dir='ltr'><strong>meruisse</strong></span> <span class='ocrx_word' id='word_1_63' title='bbox 1297 1083 1313 1121; x_wconf 88' lang='lat'><strong>:</strong></span> <span class='ocrx_word' id='word_1_64' title='bbox 1340 1080 1445 1123; x_wconf 91' lang='lat' dir='ltr'><strong>nec</strong></span> <span class='ocrx_word' id='word_1_65' title='bbox 1476 1062 1679 1120; x_wconf 86' lang='lat' dir='ltr'><strong>resistit</strong></span> <span class='ocrx_word' id='word_1_66' title='bbox 1702 1060 1786 1116; x_wconf 86' lang='lat' dir='ltr'><strong>his</strong></span> <span class='ocrx_word' id='word_1_67' title='bbox 1811 1057 1990 1114; x_wconf 84' lang='lat' dir='ltr'><strong>verbis</strong></span> 
     </span>
    </p>
   </div>
   <div class='ocr_carea' id='block_1_10' title="bbox 397 1149 1993 1236">
    <p class='ocr_par' dir='ltr' id='par_1_10' title="bbox 397 1149 1993 1236">
     <span class='ocr_line' id='line_1_10' title="bbox 397 1149 1993 1236; baseline -0.014 -10"><span class='ocrx_word' id='word_1_68' title='bbox 397 1159 564 1226; x_wconf 84' lang='lat' dir='ltr'><strong>divini</strong></span> <span class='ocrx_word' id='word_1_69' title='bbox 593 1167 750 1234; x_wconf 81' lang='lat' dir='ltr'><strong>libri,</strong></span> <span class='ocrx_word' id='word_1_70' title='bbox 798 1180 916 1236; x_wconf 67' lang='lat' dir='ltr'><strong>quae</strong></span> <span class='ocrx_word' id='word_1_71' title='bbox 940 1161 1092 1234; x_wconf 86' lang='lat' dir='ltr'><strong>posui</strong></span> <span class='ocrx_word' id='word_1_72' title='bbox 1117 1160 1184 1216; x_wconf 90' lang='lat' dir='ltr'><strong>de</strong></span> <span class='ocrx_word' id='word_1_73' title='bbox 1213 1159 1399 1215; x_wconf 88' lang='lat' dir='ltr'><strong>labore</strong></span> <span class='ocrx_word' id='word_1_74' title='bbox 1433 1152 1666 1210; x_wconf 87' lang='lat' dir='ltr'><strong>hominis</strong></span> <span class='ocrx_word' id='word_1_75' title='bbox 1695 1159 1751 1209; x_wconf 90' lang='lat' dir='ltr'><strong>et</strong></span> <span class='ocrx_word' id='word_1_76' title='bbox 1777 1149 1848 1206; x_wconf 90' lang='lat' dir='ltr'><strong>de</strong></span> <span class='ocrx_word' id='word_1_77' title='bbox 1869 1163 1993 1220; x_wconf 87' lang='lat' dir='ltr'><strong>par-</strong></span> 
     </span>
    </p>
   </div>
   <div class='ocr_carea' id='block_1_11' title="bbox 404 1241 1992 1322">
    <p class='ocr_par' dir='ltr' id='par_1_11' title="bbox 404 1241 1992 1322">
     <span class='ocr_line' id='line_1_11' title="bbox 404 1241 1992 1322; baseline -0.013 -8"><span class='ocrx_word' id='word_1_78' title='bbox 404 1260 660 1316; x_wconf 88' lang='lat' dir='ltr'><strong>tnritione</strong></span> <span class='ocrx_word' id='word_1_79' title='bbox 697 1253 959 1319; x_wconf 81' lang='lat' dir='ltr'><strong>ntulicris,</strong></span> <span class='ocrx_word' id='word_1_80' title='bbox 988 1252 1090 1308; x_wconf 89' lang='lat' dir='ltr'><strong>nisi</strong></span> <span class='ocrx_word' id='word_1_81' title='bbox 1121 1251 1210 1322; x_wconf 89' lang='lat' dir='ltr'><strong>qui</strong></span> <span class='ocrx_word' id='word_1_82' title='bbox 1237 1260 1458 1320; x_wconf 84' lang='lat' dir='ltr'><strong>prorsus</strong></span> <span class='ocrx_word' id='word_1_83' title='bbox 1481 1245 1688 1302; x_wconf 87' lang='lat' dir='ltr'><strong>alienus</strong></span> <span class='ocrx_word' id='word_1_84' title='bbox 1712 1257 1746 1298; x_wconf 90' lang='lat' dir='ltr'><strong>a</strong></span> <span class='ocrx_word' id='word_1_85' title='bbox 1771 1241 1878 1298; x_wconf 81' lang='lat' dir='ltr'><strong>ﬁde</strong></span> <span class='ocrx_word' id='word_1_86' title='bbox 1901 1252 1992 1294; x_wconf 90' lang='lat' dir='ltr'><strong>ca-</strong></span> 
     </span>
    </p>
   </div>
   <div class='ocr_carea' id='block_1_12' title="bbox 405 1342 1432 1408">
    <p class='ocr_par' dir='ltr' id='par_1_12' title="bbox 405 1342 1432 1408">
     <span class='ocr_line' id='line_1_12' title="bbox 405 1342 1432 1408; baseline -0.016 1"><span class='ocrx_word' id='word_1_87' title='bbox 405 1353 601 1408; x_wconf 85' lang='lat' dir='ltr'><strong>tholica</strong></span> <span class='ocrx_word' id='word_1_88' title='bbox 638 1350 840 1406; x_wconf 88' lang='lat' dir='ltr'><strong>eisdem</strong></span> <span class='ocrx_word' id='word_1_89' title='bbox 869 1345 1080 1402; x_wconf 82' lang='lat' dir='ltr'><strong>Litteris</strong></span> <span class='ocrx_word' id='word_1_90' title='bbox 1100 1342 1432 1398; x_wconf 79' lang='lat' dir='ltr'><strong>adversatur.</strong></span> 
     </span>
    </p>
   </div>
   <div class='ocr_carea' id='block_1_13' title="bbox 471 1421 1989 1501">
    <p class='ocr_par' dir='ltr' id='par_1_13' title="bbox 471 1421 1989 1501">
     <span class='ocr_line' id='line_1_13' title="bbox 471 1421 1989 1501; baseline -0.017 0"><span class='ocrx_word' id='word_1_91' title='bbox 471 1441 699 1501; x_wconf 80' lang='lat' dir='ltr'><strong>CAPUT</strong></span> <span class='ocrx_word' id='word_1_92' title='bbox 719 1438 961 1498; x_wconf 77' lang='lat' dir='ltr'><strong>XXXIV.</strong></span> <span class='ocrx_word' id='word_1_93' title='bbox 975 1435 1147 1492; x_wconf 75' lang='grc' dir='ltr'><strong>-5ι1.</strong></span> <span class='ocrx_word' id='word_1_94' title='bbox 1170 1431 1275 1490; x_wconf 85' lang='lat' dir='ltr'><strong>Cur</strong></span> <span class='ocrx_word' id='word_1_95' title='bbox 1284 1429 1490 1486; x_wconf 85' lang='lat' dir='ltr'><strong>remisso</strong></span> <span class='ocrx_word' id='word_1_96' title='bbox 1503 1435 1707 1500; x_wconf 85' lang='lat' dir='ltr'><strong>peccato</strong></span> <span class='ocrx_word' id='word_1_97' title='bbox 1724 1440 1872 1496; x_wconf 68' lang='lat' dir='ltr'><strong>pana</strong></span> <span class='ocrx_word' id='word_1_98' title='bbox 1890 1421 1989 1476; x_wconf 75' lang='lat' dir='ltr'><strong>ad-</strong></span> 
     </span>
    </p>
   </div>
   <div class='ocr_carea' id='block_1_14' title="bbox 401 1517 1994 1605">
    <p class='ocr_par' dir='ltr' id='par_1_14' title="bbox 401 1517 1994 1605">
     <span class='ocr_line' id='line_1_14' title="bbox 401 1517 1994 1605; baseline -0.016 -13"><span class='ocrx_word' id='word_1_99' title='bbox 401 1539 504 1592; x_wconf 76' lang='lat' dir='ltr'><strong>huc</strong></span> <span class='ocrx_word' id='word_1_100' title='bbox 527 1533 780 1605; x_wconf 72' lang='lat' dir='ltr'><strong>exigatur.</strong></span> <span class='ocrx_word' id='word_1_101' title='bbox 807 1531 1004 1586; x_wconf 82' lang='lat' dir='ltr'><strong>Verum</strong></span> <span class='ocrx_word' id='word_1_102' title='bbox 1034 1525 1157 1598; x_wconf 87' lang='lat' dir='ltr'><strong>quia</strong></span> <span class='ocrx_word' id='word_1_103' title='bbox 1185 1532 1240 1580; x_wconf 92' lang='lat' dir='ltr'><strong>et</strong></span> <span class='ocrx_word' id='word_1_104' title='bbox 1267 1522 1402 1578; x_wconf 85' lang='lat' dir='ltr'><strong>tales</strong></span> <span class='ocrx_word' id='word_1_105' title='bbox 1433 1535 1540 1574; x_wconf 90' lang='lat' dir='ltr'><strong>non</strong></span> <span class='ocrx_word' id='word_1_106' title='bbox 1556 1517 1781 1582; x_wconf 88' lang='lat' dir='ltr'><strong>desunt;</strong></span> <span class='ocrx_word' id='word_1_107' title='bbox 1797 1528 1994 1605; x_wconf 82' lang='lat' dir='ltr'><strong>quem-</strong></span> 
     </span>
    </p>
   </div>
   <div class='ocr_carea' id='block_1_15' title="bbox 396 1603 1988 1690">
    <p class='ocr_par' dir='ltr' id='par_1_15' title="bbox 396 1603 1988 1690">
     <span class='ocr_line' id='line_1_15' title="bbox 396 1603 1988 1690; baseline -0.015 -9"><span class='ocrx_word' id='word_1_108' title='bbox 396 1603 695 1682; x_wconf 79' lang='lat' dir='ltr'><strong>admodum</strong></span> <span class='ocrx_word' id='word_1_109' title='bbox 723 1621 804 1679; x_wconf 91' lang='lat' dir='ltr'><strong>eis</strong></span> <span class='ocrx_word' id='word_1_110' title='bbox 831 1619 931 1676; x_wconf 88' lang='lat' dir='ltr'><strong>hac</strong></span> <span class='ocrx_word' id='word_1_111' title='bbox 957 1615 1253 1690; x_wconf 69' lang='lat' dir='ltr'><strong>quatstione</strong></span> <span class='ocrx_word' id='word_1_112' title='bbox 1283 1609 1554 1683; x_wconf 86' lang='lat' dir='ltr'><strong>proposita</strong></span> <span class='ocrx_word' id='word_1_113' title='bbox 1579 1603 1988 1677; x_wconf 88' lang='lat' dir='ltr'><strong>respondemus,</strong></span> 
     </span>
    </p>
   </div>
   <div class='ocr_carea' id='block_1_16' title="bbox 401 1696 1993 1783">
    <p class='ocr_par' dir='ltr' id='par_1_16' title="bbox 401 1696 1993 1783">
     <span class='ocr_line' id='line_1_16' title="bbox 401 1696 1993 1783; baseline -0.016 -10"><span class='ocrx_word' id='word_1_114' title='bbox 401 1717 667 1783; x_wconf 85' lang='lat' dir='ltr'><strong>dicentes,</strong></span> <span class='ocrx_word' id='word_1_115' title='bbox 691 1721 816 1769; x_wconf 83' lang='lat' dir='ltr'><strong>ante</strong></span> <span class='ocrx_word' id='word_1_116' title='bbox 841 1707 1208 1766; x_wconf 82' lang='lat' dir='ltr'><strong>remissionem</strong></span> <span class='ocrx_word' id='word_1_117' title='bbox 1235 1717 1357 1760; x_wconf 87' lang='lat' dir='ltr'><strong>esse</strong></span> <span class='ocrx_word' id='word_1_118' title='bbox 1395 1699 1484 1757; x_wconf 89' lang='lat' dir='ltr'><strong>illa</strong></span> <span class='ocrx_word' id='word_1_119' title='bbox 1511 1696 1770 1769; x_wconf 90' lang='lat' dir='ltr'><strong>supplicia</strong></span> <span class='ocrx_word' id='word_1_120' title='bbox 1799 1708 1993 1766; x_wconf 85' lang='lat' dir='ltr'><strong>pecca-</strong></span> 
     </span>
    </p>
   </div>
   <div class='ocr_carea' id='block_1_17' title="bbox 403 1788 1996 1877">
    <p class='ocr_par' dir='ltr' id='par_1_17' title="bbox 403 1788 1996 1877">
     <span class='ocr_line' id='line_1_17' title="bbox 403 1788 1996 1877; baseline -0.014 -13"><span class='ocrx_word' id='word_1_121' title='bbox 403 1821 600 1874; x_wconf 85' lang='lat' dir='ltr'><strong>torum,</strong></span> <span class='ocrx_word' id='word_1_122' title='bbox 630 1816 752 1877; x_wconf 90' lang='lat' dir='ltr'><strong>post</strong></span> <span class='ocrx_word' id='word_1_123' title='bbox 778 1802 1148 1860; x_wconf 86' lang='lat' dir='ltr'><strong>remissionem</strong></span> <span class='ocrx_word' id='word_1_124' title='bbox 1185 1805 1364 1852; x_wconf 90' lang='lat' dir='ltr'><strong>autem</strong></span> <span class='ocrx_word' id='word_1_125' title='bbox 1392 1792 1683 1852; x_wconf 83' lang='lat' dir='ltr'><strong>certamina</strong></span> <span class='ocrx_word' id='word_1_126' title='bbox 1725 1788 1996 1848; x_wconf 82' lang='lat' dir='ltr'><strong>exercita-</strong></span> 
     </span>
    </p>
   </div>
   <div class='ocr_carea' id='block_1_18' title="bbox 396 1883 1996 1967">
    <p class='ocr_par' dir='ltr' id='par_1_18' title="bbox 396 1883 1996 1967">
     <span class='ocr_line' id='line_1_18' title="bbox 396 1883 1996 1967; baseline -0.013 -14"><span class='ocrx_word' id='word_1_127' title='bbox 396 1900 682 1967; x_wconf 76' lang='lat' dir='ltr'><strong>tionesque</strong></span> <span class='ocrx_word' id='word_1_128' title='bbox 703 1896 969 1965; x_wconf 89' lang='lat' dir='ltr'><strong>justorum</strong></span> <span class='ocrx_word' id='word_1_129' title='bbox 997 1909 1012 1946; x_wconf 89' lang='lat'><strong>:</strong></span> <span class='ocrx_word' id='word_1_130' title='bbox 1041 1891 1112 1946; x_wconf 88' lang='lat' dir='ltr'><strong>ita</strong></span> <span class='ocrx_word' id='word_1_131' title='bbox 1138 1898 1195 1944; x_wconf 92' lang='lat' dir='ltr'><strong>et</strong></span> <span class='ocrx_word' id='word_1_132' title='bbox 1216 1887 1322 1942; x_wconf 90' lang='lat' dir='ltr'><strong>illis</strong></span> <span class='ocrx_word' id='word_1_133' title='bbox 1341 1899 1477 1957; x_wconf 87' lang='lat' dir='ltr'><strong>quos</strong></span> <span class='ocrx_word' id='word_1_134' title='bbox 1505 1883 1575 1940; x_wconf 90' lang='lat' dir='ltr'><strong>de</strong></span> <span class='ocrx_word' id='word_1_135' title='bbox 1600 1889 1772 1938; x_wconf 89' lang='lat' dir='ltr'><strong>morte</strong></span> <span class='ocrx_word' id='word_1_136' title='bbox 1797 1893 1996 1950; x_wconf 75' lang='grc' dir='ltr'><strong>θοι-ρο·-</strong></span> 
     </span>
    </p>
   </div>
   <div class='ocr_carea' id='block_1_19' title="bbox 395 1976 1997 2051">
    <p class='ocr_par' dir='ltr' id='par_1_19' title="bbox 395 1976 1997 2051">
     <span class='ocr_line' id='line_1_19' title="bbox 395 1976 1997 2051; baseline -0.012 -7"><span class='ocrx_word' id='word_1_137' title='bbox 395 1989 480 2044; x_wconf 74' lang='lat' dir='ltr'><strong>ris</strong></span> <span class='ocrx_word' id='word_1_138' title='bbox 507 1987 758 2044; x_wconf 84' lang='lat' dir='ltr'><strong>similiter</strong></span> <span class='ocrx_word' id='word_1_139' title='bbox 785 1991 986 2049; x_wconf 81' lang='lat' dir='ltr'><strong>movet,</strong></span> <span class='ocrx_word' id='word_1_140' title='bbox 1034 1979 1364 2051; x_wconf 87' lang='lat' dir='ltr'><strong>respondere</strong></span> <span class='ocrx_word' id='word_1_141' title='bbox 1401 1976 1682 2040; x_wconf 86' lang='lat' dir='ltr'><strong>debemus,</strong></span> <span class='ocrx_word' id='word_1_142' title='bbox 1712 1979 1772 2028; x_wconf 88' lang='lat' dir='ltr'><strong>ut</strong></span> <span class='ocrx_word' id='word_1_143' title='bbox 1793 1987 1911 2028; x_wconf 88' lang='lat' dir='ltr'><strong>eam</strong></span> <span class='ocrx_word' id='word_1_144' title='bbox 1939 1976 1997 2027; x_wconf 83' lang='lat' dir='ltr'><strong>et</strong></span> 
     </span>
    </p>
   </div>
   <div class='ocr_carea' id='block_1_20' title="bbox 398 2071 1994 2150">
    <p class='ocr_par' dir='ltr' id='par_1_20' title="bbox 398 2071 1994 2150">
     <span class='ocr_line' id='line_1_20' title="bbox 398 2071 1994 2150; baseline -0.011 -16"><span class='ocrx_word' id='word_1_145' title='bbox 398 2085 628 2150; x_wconf 85' lang='lat' dir='ltr'><strong>peccato</strong></span> <span class='ocrx_word' id='word_1_146' title='bbox 654 2074 916 2131; x_wconf 87' lang='lat' dir='ltr'><strong>accidisse</strong></span> <span class='ocrx_word' id='word_1_147' title='bbox 945 2071 1229 2137; x_wconf 87' lang='lat' dir='ltr'><strong>fateamur,</strong></span> <span class='ocrx_word' id='word_1_148' title='bbox 1259 2077 1317 2124; x_wconf 91' lang='lat' dir='ltr'><strong>et</strong></span> <span class='ocrx_word' id='word_1_149' title='bbox 1354 2075 1476 2139; x_wconf 90' lang='lat' dir='ltr'><strong>post</strong></span> <span class='ocrx_word' id='word_1_150' title='bbox 1521 2074 1860 2138; x_wconf 85' lang='lat' dir='ltr'><strong>peccatorum</strong></span> <span class='ocrx_word' id='word_1_151' title='bbox 1905 2077 1994 2118; x_wconf 90' lang='lat' dir='ltr'><strong>re-</strong></span> 
     </span>
    </p>
   </div>
   <div class='ocr_carea' id='block_1_21' title="bbox 401 2156 1997 2236">
    <p class='ocr_par' dir='ltr' id='par_1_21' title="bbox 401 2156 1997 2236">
     <span class='ocr_line' id='line_1_21' title="bbox 401 2156 1997 2236; baseline -0.01 -10"><span class='ocrx_word' id='word_1_152' title='bbox 401 2169 739 2232; x_wconf 83' lang='lat' dir='ltr'><strong>missionem,</strong></span> <span class='ocrx_word' id='word_1_153' title='bbox 759 2177 817 2222; x_wconf 91' lang='lat' dir='ltr'><strong>ut</strong></span> <span class='ocrx_word' id='word_1_154' title='bbox 840 2179 1068 2236; x_wconf 89' lang='lat' dir='ltr'><strong>magnus</strong></span> <span class='ocrx_word' id='word_1_155' title='bbox 1097 2163 1256 2218; x_wconf 90' lang='lat' dir='ltr'><strong>timor</strong></span> <span class='ocrx_word' id='word_1_156' title='bbox 1281 2159 1399 2232; x_wconf 89' lang='lat' dir='ltr'><strong>ejus</strong></span> <span class='ocrx_word' id='word_1_157' title='bbox 1427 2174 1457 2214; x_wconf 89' lang='lat' dir='ltr'><strong>a</strong></span> <span class='ocrx_word' id='word_1_158' title='bbox 1487 2156 1892 2229; x_wconf 84' lang='lat' dir='ltr'><strong>proﬁcientibus</strong></span> <span class='ocrx_word' id='word_1_159' title='bbox 1905 2170 1997 2211; x_wconf 89' lang='lat' dir='ltr'><strong>su-</strong></span> 
     </span>
    </p>
   </div>
   <div class='ocr_carea' id='block_1_22' title="bbox 309 2246 1995 2330">
    <p class='ocr_par' dir='ltr' id='par_1_22' title="bbox 309 2246 1995 2330">
     <span class='ocr_line' id='line_1_22' title="bbox 309 2246 1995 2330; baseline -0.009 -13"><span class='ocrx_word' id='word_1_160' title='bbox 309 2260 316 2268; x_wconf 91' lang='grc'><em>’</em></span> <span class='ocrx_word' id='word_1_161' title='bbox 405 2269 644 2330; x_wconf 88' lang='lat' dir='ltr'><strong>peretur,</strong></span> <span class='ocrx_word' id='word_1_162' title='bbox 675 2257 742 2312; x_wconf 90' lang='lat' dir='ltr'><strong>ad</strong></span> <span class='ocrx_word' id='word_1_163' title='bbox 779 2263 1051 2312; x_wconf 83' lang='lat' dir='ltr'><strong>certamen</strong></span> <span class='ocrx_word' id='word_1_164' title='bbox 1091 2252 1250 2308; x_wconf 91' lang='lat' dir='ltr'><strong>nobis</strong></span> <span class='ocrx_word' id='word_1_165' title='bbox 1291 2250 1534 2306; x_wconf 86' lang='lat' dir='ltr'><strong>relictam</strong></span> <span class='ocrx_word' id='word_1_166' title='bbox 1562 2263 1684 2304; x_wconf 88' lang='lat' dir='ltr'><strong>esse</strong></span> <span class='ocrx_word' id='word_1_167' title='bbox 1707 2263 1815 2303; x_wconf 93' lang='lat' dir='ltr'><strong>non</strong></span> <span class='ocrx_word' id='word_1_168' title='bbox 1842 2246 1995 2302; x_wconf 90' lang='lat' dir='ltr'><strong>dedi-</strong></span> 
     </span>
    </p>
   </div>
   <div class='ocr_carea' id='block_1_23' title="bbox 405 2340 2000 2424">
    <p class='ocr_par' dir='ltr' id='par_1_23' title="bbox 405 2340 2000 2424">
     <span class='ocr_line' id='line_1_23' title="bbox 405 2340 2000 2424; baseline -0.009 -16"><span class='ocrx_word' id='word_1_169' title='bbox 405 2366 657 2424; x_wconf 88' lang='lat' dir='ltr'><strong>gnemur.</strong></span> <span class='ocrx_word' id='word_1_170' title='bbox 685 2348 742 2406; x_wconf 90' lang='lat' dir='ltr'><strong>Si</strong></span> <span class='ocrx_word' id='word_1_171' title='bbox 788 2351 933 2404; x_wconf 88' lang='lat' dir='ltr'><strong>enim</strong></span> <span class='ocrx_word' id='word_1_172' title='bbox 983 2360 1141 2416; x_wconf 89' lang='lat' dir='ltr'><strong>parva</strong></span> <span class='ocrx_word' id='word_1_173' title='bbox 1184 2344 1354 2400; x_wconf 90' lang='lat' dir='ltr'><strong>virtus</strong></span> <span class='ocrx_word' id='word_1_174' title='bbox 1393 2349 1540 2398; x_wconf 89' lang='lat' dir='ltr'><strong>esset</strong></span> <span class='ocrx_word' id='word_1_175' title='bbox 1578 2340 1723 2408; x_wconf 91' lang='lat' dir='ltr'><strong>ﬁdei,</strong></span> <span class='ocrx_word' id='word_1_176' title='bbox 1753 2355 1873 2412; x_wconf 84' lang='lat' dir='ltr'><strong>quae</strong></span> <span class='ocrx_word' id='word_1_177' title='bbox 1903 2353 2000 2411; x_wconf 88' lang='lat' dir='ltr'><strong>per</strong></span> 
     </span>
    </p>
   </div>
   <div class='ocr_carea' id='block_1_24' title="bbox 407 2431 1998 2510">
    <p class='ocr_par' dir='ltr' id='par_1_24' title="bbox 407 2431 1998 2510">
     <span class='ocr_line' id='line_1_24' title="bbox 407 2431 1998 2510; baseline -0.009 -12"><span class='ocrx_word' id='word_1_178' title='bbox 407 2441 754 2498; x_wconf 85' lang='lat' dir='ltr'><strong>dilectionem</strong></span> <span class='ocrx_word' id='word_1_179' title='bbox 799 2446 1072 2510; x_wconf 88' lang='lat' dir='ltr'><strong>operatur,</strong></span> <span class='ocrx_word' id='word_1_180' title='bbox 1119 2434 1309 2490; x_wconf 85' lang='lat' dir='ltr'><strong>mortis</strong></span> <span class='ocrx_word' id='word_1_181' title='bbox 1350 2441 1554 2488; x_wconf 86' lang='lat' dir='ltr'><strong>metum</strong></span> <span class='ocrx_word' id='word_1_182' title='bbox 1605 2431 1842 2496; x_wconf 77' lang='lat' dir='ltr'><strong>vincere,</strong></span> <span class='ocrx_word' id='word_1_183' title='bbox 1891 2445 1998 2485; x_wconf 93' lang='lat' dir='ltr'><strong>non</strong></span> 
     </span>
    </p>
   </div>
   <div class='ocr_carea' id='block_1_25' title="bbox 384 2512 1997 2600">
    <p class='ocr_par' dir='ltr' id='par_1_25' title="bbox 384 2512 1997 2600">
     <span class='ocr_line' id='line_1_25' title="bbox 384 2512 1997 2600; baseline -0.009 -11"><span class='ocrx_word' id='word_1_184' title='bbox 384 2512 561 2589; x_wconf 53' lang='lat' dir='ltr'><strong>&#39;essct</strong></span> <span class='ocrx_word' id='word_1_185' title='bbox 607 2539 756 2586; x_wconf 88' lang='lat' dir='ltr'><strong>tanta</strong></span> <span class='ocrx_word' id='word_1_186' title='bbox 793 2537 1088 2600; x_wconf 84' lang='lat' dir='ltr'><strong>martyrum</strong></span> <span class='ocrx_word' id='word_1_187' title='bbox 1131 2525 1332 2598; x_wconf 91' lang='lat' dir='ltr'><strong>gloria,</strong></span> <span class='ocrx_word' id='word_1_188' title='bbox 1365 2532 1466 2580; x_wconf 89' lang='lat' dir='ltr'><strong>nec</strong></span> <span class='ocrx_word' id='word_1_189' title='bbox 1489 2522 1750 2579; x_wconf 91' lang='lat' dir='ltr'><strong>Dominus</strong></span> <span class='ocrx_word' id='word_1_190' title='bbox 1773 2521 1997 2589; x_wconf 86' lang='lat' dir='ltr'><strong>diceret,</strong></span> 
     </span>
    </p>
   </div>
   <div class='ocr_carea' id='block_1_26' title="bbox 411 2613 1996 2697">
    <p class='ocr_par' dir='ltr' id='par_1_26' title="bbox 411 2613 1996 2697">
     <span class='ocr_line' id='line_1_26' title="bbox 411 2613 1996 2697; baseline -0.009 -17"><span class='ocrx_word' id='word_1_191' title='bbox 411 2625 667 2697; x_wconf 79' lang='lat' dir='ltr'><strong>Majorem</strong></span> <span class='ocrx_word' id='word_1_192' title='bbox 693 2625 788 2677; x_wconf 81' lang='lat' dir='ltr'><strong>hac</strong></span> <span class='ocrx_word' id='word_1_193' title='bbox 812 2621 1110 2677; x_wconf 81' lang='lat' dir='ltr'><strong>charitatem</strong></span> <span class='ocrx_word' id='word_1_194' title='bbox 1139 2633 1283 2673; x_wconf 87' lang='lat' dir='ltr'><strong>nemo</strong></span> <span class='ocrx_word' id='word_1_195' title='bbox 1309 2615 1476 2684; x_wconf 79' lang='lat' dir='ltr'><strong>habet,</strong></span> <span class='ocrx_word' id='word_1_196' title='bbox 1503 2629 1657 2687; x_wconf 83' lang='lat' dir='ltr'><strong>quam</strong></span> <span class='ocrx_word' id='word_1_197' title='bbox 1685 2623 1742 2668; x_wconf 84' lang='lat' dir='ltr'><strong>ut</strong></span> <span class='ocrx_word' id='word_1_198' title='bbox 1769 2613 1996 2668; x_wconf 86' lang='lat' dir='ltr'><strong>animant</strong></span> 
     </span>
    </p>
   </div>
   <div class='ocr_carea' id='block_1_27' title="bbox 407 2702 2000 2785">
    <p class='ocr_par' dir='ltr' id='par_1_27' title="bbox 407 2702 2000 2785">
     <span class='ocr_line' id='line_1_27' title="bbox 407 2702 2000 2785; baseline -0.009 -13"><span class='ocrx_word' id='word_1_199' title='bbox 407 2731 558 2772; x_wconf 82' lang='lat' dir='ltr'><strong>suam</strong></span> <span class='ocrx_word' id='word_1_200' title='bbox 597 2724 758 2785; x_wconf 81' lang='lat' dir='ltr'><strong>ponat</strong></span> <span class='ocrx_word' id='word_1_201' title='bbox 801 2729 894 2784; x_wconf 84' lang='lat' dir='ltr'><strong>pro</strong></span> <span class='ocrx_word' id='word_1_202' title='bbox 931 2710 1108 2766; x_wconf 87' lang='lat' dir='ltr'><strong>amicis</strong></span> <span class='ocrx_word' id='word_1_203' title='bbox 1148 2709 1254 2762; x_wconf 87' lang='lat' dir='ltr'><strong>suis</strong></span> <span class='ocrx_word' id='word_1_204' title='bbox 1281 2705 1462 2780; x_wconf 81' lang='lat' dir='ltr'><strong>(Joan.</strong></span> <span class='ocrx_word' id='word_1_205' title='bbox 1491 2721 1588 2771; x_wconf 80' lang='lat' dir='ltr'><strong>xv,</strong></span> <span class='ocrx_word' id='word_1_206' title='bbox 1621 2703 1735 2776; x_wconf 80' lang='grc'><strong>15).</strong></span> <span class='ocrx_word' id='word_1_207' title='bbox 1765 2702 1918 2772; x_wconf 85' lang='lat' dir='ltr'><strong>Quod</strong></span> <span class='ocrx_word' id='word_1_208' title='bbox 1945 2703 2000 2758; x_wconf 89' lang='lat' dir='ltr'><strong>in</strong></span> 
     </span>
    </p>
   </div>
   <div class='ocr_carea' id='block_1_28' title="bbox 414 2794 2002 2879">
    <p class='ocr_par' dir='ltr' id='par_1_28' title="bbox 414 2794 2002 2879">
     <span class='ocr_line' id='line_1_28' title="bbox 414 2794 2002 2879; baseline -0.009 -14"><span class='ocrx_word' id='word_1_209' title='bbox 414 2809 648 2879; x_wconf 84' lang='lat' dir='ltr'><strong>Epistola</strong></span> <span class='ocrx_word' id='word_1_210' title='bbox 695 2820 790 2862; x_wconf 90' lang='lat' dir='ltr'><strong>sua</strong></span> <span class='ocrx_word' id='word_1_211' title='bbox 842 2805 1075 2860; x_wconf 84' lang='lat' dir='ltr'><strong>Joannes</strong></span> <span class='ocrx_word' id='word_1_212' title='bbox 1130 2801 1203 2856; x_wconf 91' lang='lat' dir='ltr'><strong>ita</strong></span> <span class='ocrx_word' id='word_1_213' title='bbox 1253 2799 1418 2856; x_wconf 88' lang='lat' dir='ltr'><strong>dicit:</strong></span> <span class='ocrx_word' id='word_1_214' title='bbox 1443 2794 1593 2856; x_wconf 85' lang='lat' dir='ltr'><strong>Sicut</strong></span> <span class='ocrx_word' id='word_1_215' title='bbox 1641 2797 1734 2853; x_wconf 80' lang='lat' dir='ltr'><strong>ille</strong></span> <span class='ocrx_word' id='word_1_216' title='bbox 1779 2797 2002 2851; x_wconf 83' lang='lat' dir='ltr'><strong>animam</strong></span> 
     </span>
    </p>
   </div>
   <div class='ocr_carea' id='block_1_29' title="bbox 410 2889 2003 2972">
    <p class='ocr_par' dir='ltr' id='par_1_29' title="bbox 410 2889 2003 2972">
     <span class='ocr_line' id='line_1_29' title="bbox 410 2889 2003 2972; baseline -0.009 -15"><span class='ocrx_word' id='word_1_217' title='bbox 410 2917 559 2957; x_wconf 83' lang='lat' dir='ltr'><strong>suam</strong></span> <span class='ocrx_word' id='word_1_218' title='bbox 585 2915 680 2972; x_wconf 84' lang='lat' dir='ltr'><strong>pro</strong></span> <span class='ocrx_word' id='word_1_219' title='bbox 715 2897 859 2953; x_wconf 89' lang='lat' dir='ltr'><strong>nobis</strong></span> <span class='ocrx_word' id='word_1_220' title='bbox 889 2895 1077 2966; x_wconf 82' lang='lat' dir='ltr'><strong>posuit,</strong></span> <span class='ocrx_word' id='word_1_221' title='bbox 1106 2893 1180 2948; x_wconf 85' lang='lat' dir='ltr'><strong>sic</strong></span> <span class='ocrx_word' id='word_1_222' title='bbox 1220 2901 1268 2947; x_wconf 85' lang='lat' dir='ltr'><strong>et</strong></span> <span class='ocrx_word' id='word_1_223' title='bbox 1297 2907 1390 2946; x_wconf 89' lang='lat' dir='ltr'><strong>nos</strong></span> <span class='ocrx_word' id='word_1_224' title='bbox 1427 2889 1665 2948; x_wconf 88' lang='lat' dir='ltr'><strong>debemus</strong></span> <span class='ocrx_word' id='word_1_225' title='bbox 1687 2889 1886 2944; x_wconf 79' lang='lat' dir='ltr'><strong>animos</strong></span> <span class='ocrx_word' id='word_1_226' title='bbox 1909 2904 2003 2960; x_wconf 82' lang='lat' dir='ltr'><strong>pro</strong></span> 
     </span>
    </p>
   </div>
   <div class='ocr_carea' id='block_1_30' title="bbox 414 2979 2006 3065">
    <p class='ocr_par' dir='ltr' id='par_1_30' title="bbox 414 2979 2006 3065">
     <span class='ocr_line' id='line_1_30' title="bbox 414 2979 2006 3065; baseline -0.008 -18"><span class='ocrx_word' id='word_1_227' title='bbox 414 2991 654 3065; x_wconf 78' lang='lat' dir='ltr'><strong>fratribus</strong></span> <span class='ocrx_word' id='word_1_228' title='bbox 699 3003 890 3061; x_wconf 83' lang='lat' dir='ltr'><strong>ponere</strong></span> <span class='ocrx_word' id='word_1_229' title='bbox 929 2985 987 3057; x_wconf 88' lang='grc' dir='ltr'>(ι</span> <span class='ocrx_word' id='word_1_230' title='bbox 1009 2984 1168 3040; x_wconf 79' lang='lat' dir='ltr'><strong>Joau.</strong></span> <span class='ocrx_word' id='word_1_231' title='bbox 1195 2999 1253 3038; x_wconf 93' lang='grc' dir='ltr'><strong>ιιι</strong></span> <span class='ocrx_word' id='word_1_232' title='bbox 1274 3023 1290 3049; x_wconf 86' lang='grc'><em>,</em></span> <span class='ocrx_word' id='word_1_233' title='bbox 1324 2981 1437 3052; x_wconf 88' lang='grc'><strong>16).</strong></span> <span class='ocrx_word' id='word_1_234' title='bbox 1467 2979 1810 3051; x_wconf 82' lang='lat' dir='ltr'><strong>Nequaquam</strong></span> <span class='ocrx_word' id='word_1_235' title='bbox 1841 2979 2006 3050; x_wconf 79' lang='lat' dir='ltr'><strong>igitur</strong></span> 
     </span>
    </p>
   </div>
   <div class='ocr_carea' id='block_1_31' title="bbox 413 3069 2004 3150">
    <p class='ocr_par' dir='ltr' id='par_1_31' title="bbox 413 3069 2004 3150">
     <span class='ocr_line' id='line_1_31' title="bbox 413 3069 2004 3150; baseline -0.009 -11"><span class='ocrx_word' id='word_1_236' title='bbox 413 3085 468 3139; x_wconf 89' lang='lat' dir='ltr'><strong>in</strong></span> <span class='ocrx_word' id='word_1_237' title='bbox 495 3089 672 3140; x_wconf 82' lang='lat' dir='ltr'><strong>morte</strong></span> <span class='ocrx_word' id='word_1_238' title='bbox 706 3093 802 3150; x_wconf 92' lang='lat' dir='ltr'><strong>pro</strong></span> <span class='ocrx_word' id='word_1_239' title='bbox 823 3077 1028 3149; x_wconf 89' lang='lat' dir='ltr'><strong>justitia</strong></span> <span class='ocrx_word' id='word_1_240' title='bbox 1053 3071 1332 3131; x_wconf 80' lang='lat' dir='ltr'><strong>subeunda</strong></span> <span class='ocrx_word' id='word_1_241' title='bbox 1358 3071 1444 3128; x_wconf 92' lang='lat' dir='ltr'><strong>vel</strong></span> <span class='ocrx_word' id='word_1_242' title='bbox 1467 3070 1856 3128; x_wconf 89' lang='lat' dir='ltr'><strong>contemnenda</strong></span> <span class='ocrx_word' id='word_1_243' title='bbox 1888 3069 2004 3125; x_wconf 86' lang='lat' dir='ltr'><strong>lau-</strong></span> 
     </span>
    </p>
   </div>
   <div class='ocr_carea' id='block_1_32' title="bbox 414 3162 2006 3240">
    <p class='ocr_par' dir='ltr' id='par_1_32' title="bbox 414 3162 2006 3240">
     <span class='ocr_line' id='line_1_32' title="bbox 414 3162 2006 3240; baseline -0.009 -12"><span class='ocrx_word' id='word_1_244' title='bbox 414 3173 634 3229; x_wconf 88' lang='lat' dir='ltr'><strong>daretur</strong></span> <span class='ocrx_word' id='word_1_245' title='bbox 671 3169 936 3240; x_wconf 64' lang='lat' dir='ltr'><strong>praecipua</strong></span> <span class='ocrx_word' id='word_1_246' title='bbox 961 3165 1236 3238; x_wconf 87' lang='lat' dir='ltr'><strong>patientia,</strong></span> <span class='ocrx_word' id='word_1_247' title='bbox 1263 3164 1309 3220; x_wconf 90' lang='lat' dir='ltr'><strong>si</strong></span> <span class='ocrx_word' id='word_1_248' title='bbox 1341 3162 1534 3219; x_wconf 88' lang='lat' dir='ltr'><strong>mortis</strong></span> <span class='ocrx_word' id='word_1_249' title='bbox 1581 3175 1691 3218; x_wconf 91' lang='lat' dir='ltr'><strong>non</strong></span> <span class='ocrx_word' id='word_1_250' title='bbox 1716 3169 1862 3218; x_wconf 86' lang='lat' dir='ltr'><strong>esset</strong></span> <span class='ocrx_word' id='word_1_251' title='bbox 1888 3175 2006 3216; x_wconf 88' lang='lat' dir='ltr'><strong>ma-</strong></span> 
     </span>
    </p>
   </div>
   <div class='ocr_carea' id='block_1_33' title="bbox 413 3253 2006 3336">
    <p class='ocr_par' dir='ltr' id='par_1_33' title="bbox 413 3253 2006 3336">
     <span class='ocr_line' id='line_1_33' title="bbox 413 3253 2006 3336; baseline -0.008 -16"><span class='ocrx_word' id='word_1_252' title='bbox 413 3279 522 3336; x_wconf 86' lang='lat' dir='ltr'><strong>gna</strong></span> <span class='ocrx_word' id='word_1_253' title='bbox 559 3263 895 3332; x_wconf 90' lang='lat' dir='ltr'><strong>multumque</strong></span> <span class='ocrx_word' id='word_1_254' title='bbox 933 3260 1067 3316; x_wconf 88' lang='lat' dir='ltr'><strong>dura</strong></span> <span class='ocrx_word' id='word_1_255' title='bbox 1112 3255 1382 3314; x_wconf 85' lang='lat' dir='ltr'><strong>molestia.</strong></span> <span class='ocrx_word' id='word_1_256' title='bbox 1428 3253 1594 3324; x_wconf 88' lang='lat' dir='ltr'><strong>Cujus</strong></span> <span class='ocrx_word' id='word_1_257' title='bbox 1638 3253 1886 3310; x_wconf 89' lang='lat' dir='ltr'><strong>timorem</strong></span> <span class='ocrx_word' id='word_1_258' title='bbox 1913 3253 2006 3324; x_wconf 87' lang='lat' dir='ltr'><strong>qui</strong></span> 
     </span>
    </p>
   </div>
   <div class='ocr_carea' id='block_1_34' title="bbox 416 3345 2006 3424">
    <p class='ocr_par' dir='ltr' id='par_1_34' title="bbox 416 3345 2006 3424">
     <span class='ocr_line' id='line_1_34' title="bbox 416 3345 2006 3424; baseline -0.005 -16"><span class='ocrx_word' id='word_1_259' title='bbox 416 3357 582 3414; x_wconf 82' lang='lat' dir='ltr'><strong>vincit</strong></span> <span class='ocrx_word' id='word_1_260' title='bbox 607 3373 674 3412; x_wconf 84' lang='lat' dir='ltr'><strong>ex</strong></span> <span class='ocrx_word' id='word_1_261' title='bbox 701 3354 828 3420; x_wconf 88' lang='lat' dir='ltr'><strong>ﬁde,</strong></span> <span class='ocrx_word' id='word_1_262' title='bbox 856 3366 1104 3424; x_wconf 84' lang='lat' dir='ltr'><strong>magnam</strong></span> <span class='ocrx_word' id='word_1_263' title='bbox 1135 3349 1303 3420; x_wconf 86' lang='lat' dir='ltr'><strong>ipsius</strong></span> <span class='ocrx_word' id='word_1_264' title='bbox 1329 3347 1451 3404; x_wconf 90' lang='lat' dir='ltr'><strong>ﬁdei</strong></span> <span class='ocrx_word' id='word_1_265' title='bbox 1484 3352 1759 3416; x_wconf 88' lang='lat' dir='ltr'><strong>comparat</strong></span> <span class='ocrx_word' id='word_1_266' title='bbox 1779 3345 2006 3417; x_wconf 87' lang='lat' dir='ltr'><strong>gloriam</strong></span> 
     </span>
    </p>
   </div>
   <div class='ocr_carea' id='block_1_35' title="bbox 414 3437 2010 3520">
    <p class='ocr_par' dir='ltr' id='par_1_35' title="bbox 414 3437 2010 3520">
     <span class='ocr_line' id='line_1_35' title="bbox 414 3437 2010 3520; baseline -0.006 -17"><span class='ocrx_word' id='word_1_267' title='bbox 414 3449 718 3520; x_wconf 88' lang='lat' dir='ltr'><strong>justamque</strong></span> <span class='ocrx_word' id='word_1_268' title='bbox 759 3444 1084 3501; x_wconf 84' lang='lat' dir='ltr'><strong>mercedem.</strong></span> <span class='ocrx_word' id='word_1_269' title='bbox 1121 3439 1274 3498; x_wconf 88' lang='lat' dir='ltr'><strong>Unde</strong></span> <span class='ocrx_word' id='word_1_270' title='bbox 1322 3437 1626 3494; x_wconf 90' lang='lat' dir='ltr'><strong>mirandum</strong></span> <span class='ocrx_word' id='word_1_271' title='bbox 1668 3453 1774 3492; x_wconf 93' lang='lat' dir='ltr'><strong>non</strong></span> <span class='ocrx_word' id='word_1_272' title='bbox 1819 3446 1923 3505; x_wconf 90' lang='lat' dir='ltr'><strong>est,</strong></span> <span class='ocrx_word' id='word_1_273' title='bbox 1953 3445 2010 3493; x_wconf 88' lang='lat' dir='ltr'><strong>et</strong></span> 
     </span>
    </p>
   </div>
   <div class='ocr_carea' id='block_1_36' title="bbox 419 3521 2011 3608">
    <p class='ocr_par' dir='ltr' id='par_1_36' title="bbox 419 3521 2011 3608">
     <span class='ocr_line' id='line_1_36' title="bbox 419 3521 2011 3608; baseline -0.009 -12"><span class='ocrx_word' id='word_1_274' title='bbox 419 3548 648 3596; x_wconf 88' lang='lat' dir='ltr'><strong>mortem</strong></span> <span class='ocrx_word' id='word_1_275' title='bbox 678 3536 919 3608; x_wconf 89' lang='lat' dir='ltr'><strong>corporis</strong></span> <span class='ocrx_word' id='word_1_276' title='bbox 959 3549 1068 3590; x_wconf 93' lang='lat' dir='ltr'><strong>non</strong></span> <span class='ocrx_word' id='word_1_277' title='bbox 1113 3531 1280 3588; x_wconf 88' lang='lat' dir='ltr'><strong>fuisse</strong></span> <span class='ocrx_word' id='word_1_278' title='bbox 1307 3539 1622 3587; x_wconf 79' lang='lat' dir='ltr'><strong>eventuram</strong></span> <span class='ocrx_word' id='word_1_279' title='bbox 1651 3527 1877 3596; x_wconf 85' lang='lat' dir='ltr'><strong>homini,</strong></span> <span class='ocrx_word' id='word_1_280' title='bbox 1906 3521 2011 3582; x_wconf 85' lang='lat' dir='ltr'><strong>nisi</strong></span> 
     </span>
    </p>
   </div>
   <div class='ocr_carea' id='block_1_37' title="bbox 421 3621 2007 3702">
    <p class='ocr_par' dir='ltr' id='par_1_37' title="bbox 421 3621 2007 3702">
     <span class='ocr_line' id='line_1_37' title="bbox 421 3621 2007 3702; baseline -0.007 -16"><span class='ocrx_word' id='word_1_281' title='bbox 421 3629 787 3702; x_wconf 65' lang='lat' dir='ltr'><strong>praecessisset</strong></span> <span class='ocrx_word' id='word_1_282' title='bbox 814 3633 1114 3700; x_wconf 86' lang='lat' dir='ltr'><strong>peccatum,</strong></span> <span class='ocrx_word' id='word_1_283' title='bbox 1145 3623 1301 3694; x_wconf 88' lang='lat' dir='ltr'><strong>cujus</strong></span> <span class='ocrx_word' id='word_1_284' title='bbox 1339 3622 1500 3679; x_wconf 88' lang='lat' dir='ltr'><strong>etiam</strong></span> <span class='ocrx_word' id='word_1_285' title='bbox 1543 3621 1663 3676; x_wconf 90' lang='lat' dir='ltr'><strong>talis</strong></span> <span class='ocrx_word' id='word_1_286' title='bbox 1689 3635 1846 3690; x_wconf 77' lang='lat' dir='ltr'><strong>pmua</strong></span> <span class='ocrx_word' id='word_1_287' title='bbox 1875 3634 2007 3676; x_wconf 86' lang='lat' dir='ltr'><strong>con-</strong></span> 
     </span>
    </p>
   </div>
   <div class='ocr_carea' id='block_1_38' title="bbox 419 3715 2008 3794">
    <p class='ocr_par' dir='ltr' id='par_1_38' title="bbox 419 3715 2008 3794">
     <span class='ocr_line' id='line_1_38' title="bbox 419 3715 2008 3794; baseline -0.009 -15"><span class='ocrx_word' id='word_1_288' title='bbox 419 3729 764 3794; x_wconf 88' lang='lat' dir='ltr'><strong>sequeretur;</strong></span> <span class='ocrx_word' id='word_1_289' title='bbox 813 3728 870 3776; x_wconf 89' lang='lat' dir='ltr'><strong>et</strong></span> <span class='ocrx_word' id='word_1_290' title='bbox 914 3726 1036 3790; x_wconf 90' lang='lat' dir='ltr'><strong>post</strong></span> <span class='ocrx_word' id='word_1_291' title='bbox 1081 3715 1454 3772; x_wconf 86' lang='lat' dir='ltr'><strong>remissionem</strong></span> <span class='ocrx_word' id='word_1_292' title='bbox 1502 3721 1846 3785; x_wconf 87' lang='lat' dir='ltr'><strong>peccatorum</strong></span> <span class='ocrx_word' id='word_1_293' title='bbox 1888 3725 2008 3766; x_wconf 90' lang='lat' dir='ltr'><strong>eam</strong></span> 
     </span>
    </p>
   </div>
   <div class='ocr_carea' id='block_1_39' title="bbox 420 3802 2012 3878">
    <p class='ocr_par' dir='ltr' id='par_1_39' title="bbox 420 3802 2012 3878">
     <span class='ocr_line' id='line_1_39' title="bbox 420 3802 2012 3878; baseline -0.008 -10"><span class='ocrx_word' id='word_1_294' title='bbox 420 3812 672 3870; x_wconf 83' lang='lat' dir='ltr'><strong>ﬁdelibus</strong></span> <span class='ocrx_word' id='word_1_295' title='bbox 699 3811 938 3878; x_wconf 86' lang='lat' dir='ltr'><strong>evenire,</strong></span> <span class='ocrx_word' id='word_1_296' title='bbox 966 3816 1024 3864; x_wconf 90' lang='lat' dir='ltr'><strong>ut</strong></span> <span class='ocrx_word' id='word_1_297' title='bbox 1050 3807 1103 3863; x_wconf 92' lang='lat' dir='ltr'><strong>in</strong></span> <span class='ocrx_word' id='word_1_298' title='bbox 1131 3807 1247 3878; x_wconf 85' lang='lat' dir='ltr'><strong>ejus</strong></span> <span class='ocrx_word' id='word_1_299' title='bbox 1276 3806 1472 3861; x_wconf 92' lang='lat' dir='ltr'><strong>timore</strong></span> <span class='ocrx_word' id='word_1_300' title='bbox 1495 3802 1756 3859; x_wconf 90' lang='lat' dir='ltr'><strong>vincendo</strong></span> <span class='ocrx_word' id='word_1_301' title='bbox 1785 3815 2012 3858; x_wconf 81' lang='lat' dir='ltr'><strong>exerce-</strong></span> 
     </span>
    </p>
   </div>
   <div class='ocr_carea' id='block_1_40' title="bbox 422 3899 1120 3972">
    <p class='ocr_par' dir='ltr' id='par_1_40' title="bbox 422 3899 1120 3972">
     <span class='ocr_line' id='line_1_40' title="bbox 422 3899 1120 3972; baseline -0.011 -11"><span class='ocrx_word' id='word_1_302' title='bbox 422 3914 573 3961; x_wconf 87' lang='lat' dir='ltr'><strong>retur</strong></span> <span class='ocrx_word' id='word_1_303' title='bbox 599 3901 853 3959; x_wconf 81' lang='lat' dir='ltr'><strong>fortitudo</strong></span> <span class='ocrx_word' id='word_1_304' title='bbox 876 3899 1120 3972; x_wconf 77' lang='lat' dir='ltr'><strong>justitize.</strong></span> 
     </span>
    </p>
   </div>
   <div class='ocr_carea' id='block_1_41' title="bbox 493 3985 2012 4062">
    <p class='ocr_par' dir='ltr' id='par_1_41' title="bbox 493 3985 2012 4062">
     <span class='ocr_line' id='line_1_41' title="bbox 493 3985 2012 4062; baseline -0.009 -10"><span class='ocrx_word' id='word_1_305' title='bbox 493 3995 583 4052; x_wconf 83' lang='lat'><strong>55.</strong></span> <span class='ocrx_word' id='word_1_306' title='bbox 611 3994 752 4050; x_wconf 86' lang='lat' dir='ltr'><strong>Caro</strong></span> <span class='ocrx_word' id='word_1_307' title='bbox 778 3993 921 4050; x_wconf 89' lang='lat' dir='ltr'><strong>enim</strong></span> <span class='ocrx_word' id='word_1_308' title='bbox 950 4005 1073 4062; x_wconf 81' lang='lat' dir='ltr'><strong>quae</strong></span> <span class='ocrx_word' id='word_1_309' title='bbox 1099 3987 1274 4060; x_wconf 91' lang='lat' dir='ltr'><strong>primo</strong></span> <span class='ocrx_word' id='word_1_310' title='bbox 1301 3985 1442 4043; x_wconf 80' lang='lat' dir='ltr'><strong>iacta</strong></span> <span class='ocrx_word' id='word_1_311' title='bbox 1481 3995 1584 4049; x_wconf 88' lang='lat' dir='ltr'><strong>est,</strong></span> <span class='ocrx_word' id='word_1_312' title='bbox 1617 3999 1725 4041; x_wconf 91' lang='lat' dir='ltr'><strong>non</strong></span> <span class='ocrx_word' id='word_1_313' title='bbox 1745 3991 1862 4040; x_wconf 90' lang='lat' dir='ltr'><strong>erat</strong></span> <span class='ocrx_word' id='word_1_314' title='bbox 1885 3997 2012 4041; x_wconf 86' lang='lat' dir='ltr'><strong>caro</strong></span> 
     </span>
    </p>
   </div>
   <div class='ocr_carea' id='block_1_42' title="bbox 422 4073 2011 4159">
    <p class='ocr_par' dir='ltr' id='par_1_42' title="bbox 422 4073 2011 4159">
     <span class='ocr_line' id='line_1_42' title="bbox 422 4073 2011 4159; baseline -0.01 -15"><span class='ocrx_word' id='word_1_315' title='bbox 422 4086 652 4159; x_wconf 88' lang='lat' dir='ltr'><strong>peccati,</strong></span> <span class='ocrx_word' id='word_1_316' title='bbox 682 4085 734 4141; x_wconf 93' lang='lat' dir='ltr'><strong>in</strong></span> <span class='ocrx_word' id='word_1_317' title='bbox 784 4099 886 4156; x_wconf 90' lang='lat' dir='ltr'><strong>qua</strong></span> <span class='ocrx_word' id='word_1_318' title='bbox 931 4081 1102 4138; x_wconf 90' lang='lat' dir='ltr'><strong>uoluit</strong></span> <span class='ocrx_word' id='word_1_319' title='bbox 1141 4080 1301 4136; x_wconf 91' lang='lat' dir='ltr'><strong>homo</strong></span> <span class='ocrx_word' id='word_1_320' title='bbox 1348 4078 1488 4134; x_wconf 90' lang='lat' dir='ltr'><strong>inter</strong></span> <span class='ocrx_word' id='word_1_321' title='bbox 1524 4075 1744 4134; x_wconf 86' lang='lat' dir='ltr'><strong>delicias</strong></span> <span class='ocrx_word' id='word_1_322' title='bbox 1780 4073 2011 4146; x_wconf 88' lang='lat' dir='ltr'><strong>paradisi</strong></span> 
     </span>
    </p>
   </div>
   <div class='ocr_carea' id='block_1_43' title="bbox 423 4165 2013 4246">
    <p class='ocr_par' dir='ltr' id='par_1_43' title="bbox 423 4165 2013 4246">
     <span class='ocr_line' id='line_1_43' title="bbox 423 4165 2013 4246; baseline -0.009 -12"><span class='ocrx_word' id='word_1_323' title='bbox 423 4191 648 4234; x_wconf 86' lang='lat' dir='ltr'><strong>servare</strong></span> <span class='ocrx_word' id='word_1_324' title='bbox 687 4174 973 4246; x_wconf 87' lang='lat' dir='ltr'><strong>justitiam.</strong></span> <span class='ocrx_word' id='word_1_325' title='bbox 999 4171 1156 4231; x_wconf 89' lang='lat' dir='ltr'><strong>Unde</strong></span> <span class='ocrx_word' id='word_1_326' title='bbox 1201 4169 1388 4228; x_wconf 87' lang='lat' dir='ltr'><strong>statuit</strong></span> <span class='ocrx_word' id='word_1_327' title='bbox 1429 4169 1594 4234; x_wconf 88' lang='lat' dir='ltr'><strong>Deus,</strong></span> <span class='ocrx_word' id='word_1_328' title='bbox 1625 4176 1684 4223; x_wconf 90' lang='lat' dir='ltr'><strong>ut</strong></span> <span class='ocrx_word' id='word_1_329' title='bbox 1730 4175 1851 4238; x_wconf 91' lang='lat' dir='ltr'><strong>post</strong></span> <span class='ocrx_word' id='word_1_330' title='bbox 1895 4165 2013 4236; x_wconf 89' lang='lat' dir='ltr'><strong>ejus</strong></span> 
     </span>
    </p>
   </div>
   <div class='ocr_carea' id='block_1_44' title="bbox 422 4256 2012 4341">
    <p class='ocr_par' dir='ltr' id='par_1_44' title="bbox 422 4256 2012 4341">
     <span class='ocr_line' id='line_1_44' title="bbox 422 4256 2012 4341; baseline -0.008 -17"><span class='ocrx_word' id='word_1_331' title='bbox 422 4277 703 4341; x_wconf 86' lang='lat' dir='ltr'><strong>peccatum</strong></span> <span class='ocrx_word' id='word_1_332' title='bbox 753 4273 1043 4338; x_wconf 87' lang='lat' dir='ltr'><strong>propagata</strong></span> <span class='ocrx_word' id='word_1_333' title='bbox 1089 4278 1216 4318; x_wconf 89' lang='lat' dir='ltr'><strong>caro</strong></span> <span class='ocrx_word' id='word_1_334' title='bbox 1255 4260 1493 4333; x_wconf 85' lang='lat' dir='ltr'><strong>peccati,</strong></span> <span class='ocrx_word' id='word_1_335' title='bbox 1539 4259 1607 4314; x_wconf 89' lang='lat' dir='ltr'><strong>ad</strong></span> <span class='ocrx_word' id='word_1_336' title='bbox 1652 4256 2012 4328; x_wconf 79' lang='lat' dir='ltr'><strong>recipiendam</strong></span> 
     </span>
    </p>
   </div>
   <div class='ocr_carea' id='block_1_45' title="bbox 419 4349 2014 4430">
    <p class='ocr_par' dir='ltr' id='par_1_45' title="bbox 419 4349 2014 4430">
     <span class='ocr_line' id='line_1_45' title="bbox 419 4349 2014 4430; baseline -0.008 -16"><span class='ocrx_word' id='word_1_337' title='bbox 419 4359 682 4430; x_wconf 91' lang='lat' dir='ltr'><strong>justitiam</strong></span> <span class='ocrx_word' id='word_1_338' title='bbox 725 4357 998 4413; x_wconf 84' lang='lat' dir='ltr'><strong>laboribus</strong></span> <span class='ocrx_word' id='word_1_339' title='bbox 1038 4364 1094 4410; x_wconf 91' lang='lat' dir='ltr'><strong>et</strong></span> <span class='ocrx_word' id='word_1_340' title='bbox 1137 4352 1398 4410; x_wconf 90' lang='lat' dir='ltr'><strong>molestiis</strong></span> <span class='ocrx_word' id='word_1_341' title='bbox 1432 4351 1744 4407; x_wconf 88' lang='lat' dir='ltr'><strong>eniteretur.</strong></span> <span class='ocrx_word' id='word_1_342' title='bbox 1786 4349 2014 4419; x_wconf 90' lang='lat' dir='ltr'><strong>Propter</strong></span> 
     </span>
    </p>
   </div>
   <div class='ocr_carea' id='block_1_46' title="bbox 426 4439 2012 4518">
    <p class='ocr_par' dir='ltr' id='par_1_46' title="bbox 426 4439 2012 4518">
     <span class='ocr_line' id='line_1_46' title="bbox 426 4439 2012 4518; baseline -0.008 -11"><span class='ocrx_word' id='word_1_343' title='bbox 426 4452 532 4508; x_wconf 92' lang='lat' dir='ltr'><strong>hoc</strong></span> <span class='ocrx_word' id='word_1_344' title='bbox 553 4450 714 4507; x_wconf 87' lang='lat' dir='ltr'><strong>etiam</strong></span> <span class='ocrx_word' id='word_1_345' title='bbox 741 4449 810 4504; x_wconf 91' lang='lat' dir='ltr'><strong>de</strong></span> <span class='ocrx_word' id='word_1_346' title='bbox 834 4447 1082 4518; x_wconf 85' lang='lat' dir='ltr'><strong>paradiso</strong></span> <span class='ocrx_word' id='word_1_347' title='bbox 1107 4446 1361 4502; x_wconf 89' lang='lat' dir='ltr'><strong>dimissus</strong></span> <span class='ocrx_word' id='word_1_348' title='bbox 1392 4443 1562 4498; x_wconf 86' lang='lat' dir='ltr'><strong>Adam</strong></span> <span class='ocrx_word' id='word_1_349' title='bbox 1582 4443 1622 4508; x_wconf 76' lang='grc' dir='ltr'><strong>ί,</strong></span> <span class='ocrx_word' id='word_1_350' title='bbox 1648 4449 1833 4498; x_wconf 88' lang='lat' dir='ltr'><strong>contra</strong></span> <span class='ocrx_word' id='word_1_351' title='bbox 1862 4439 2012 4496; x_wconf 86' lang='lat' dir='ltr'><strong>Eden</strong></span> 
     </span>
    </p>
   </div>
   <div class='ocr_carea' id='block_1_47' title="bbox 427 4531 2016 4608">
    <p class='ocr_par' dir='ltr' id='par_1_47' title="bbox 427 4531 2016 4608">
     <span class='ocr_line' id='line_1_47' title="bbox 427 4531 2016 4608; baseline -0.009 -7"><span class='ocrx_word' id='word_1_352' title='bbox 427 4543 710 4608; x_wconf 87' lang='lat' dir='ltr'><strong>habitavit,</strong></span> <span class='ocrx_word' id='word_1_353' title='bbox 750 4541 804 4595; x_wconf 91' lang='lat' dir='ltr'><strong>id</strong></span> <span class='ocrx_word' id='word_1_354' title='bbox 833 4548 938 4606; x_wconf 85' lang='lat' dir='ltr'><strong>est,</strong></span> <span class='ocrx_word' id='word_1_355' title='bbox 966 4548 1153 4596; x_wconf 89' lang='lat' dir='ltr'><strong>contra</strong></span> <span class='ocrx_word' id='word_1_356' title='bbox 1187 4538 1369 4594; x_wconf 89' lang='lat' dir='ltr'><strong>sedem</strong></span> <span class='ocrx_word' id='word_1_357' title='bbox 1396 4535 1707 4592; x_wconf 89' lang='lat' dir='ltr'><strong>deliciarum</strong></span> <span class='ocrx_word' id='word_1_358' title='bbox 1732 4551 1746 4586; x_wconf 92' lang='lat'><strong>:</strong></span> <span class='ocrx_word' id='word_1_359' title='bbox 1770 4544 1829 4588; x_wconf 90' lang='lat' dir='ltr'><strong>ut</strong></span> <span class='ocrx_word' id='word_1_360' title='bbox 1853 4531 2016 4604; x_wconf 87' lang='lat' dir='ltr'><strong>signi-</strong></span> 
     </span>
    </p>
   </div>
   <div class='ocr_carea' id='block_1_48' title="bbox 429 4623 2012 4704">
    <p class='ocr_par' dir='ltr' id='par_1_48' title="bbox 429 4623 2012 4704">
     <span class='ocr_line' id='line_1_48' title="bbox 429 4623 2012 4704; baseline -0.009 -12"><span class='ocrx_word' id='word_1_361' title='bbox 429 4636 617 4692; x_wconf 89' lang='lat' dir='ltr'><strong>ﬁcaret</strong></span> <span class='ocrx_word' id='word_1_362' title='bbox 653 4631 797 4704; x_wconf 86' lang='lat' dir='ltr'><strong>quod</strong></span> <span class='ocrx_word' id='word_1_363' title='bbox 823 4632 877 4688; x_wconf 92' lang='lat' dir='ltr'><strong>in</strong></span> <span class='ocrx_word' id='word_1_364' title='bbox 905 4629 1200 4694; x_wconf 81' lang='lat' dir='ltr'><strong>laboribus,</strong></span> <span class='ocrx_word' id='word_1_365' title='bbox 1231 4627 1322 4699; x_wconf 87' lang='lat' dir='ltr'><strong>qui</strong></span> <span class='ocrx_word' id='word_1_366' title='bbox 1347 4635 1472 4682; x_wconf 90' lang='lat' dir='ltr'><strong>sunt</strong></span> <span class='ocrx_word' id='word_1_367' title='bbox 1500 4625 1711 4681; x_wconf 87' lang='lat' dir='ltr'><strong>deliciis</strong></span> <span class='ocrx_word' id='word_1_368' title='bbox 1731 4623 2012 4689; x_wconf 89' lang='lat' dir='ltr'><strong>contrarii,</strong></span> 
     </span>
    </p>
   </div>
   <div class='ocr_carea' id='block_1_49' title="bbox 429 4715 2016 4792">
    <p class='ocr_par' dir='ltr' id='par_1_49' title="bbox 429 4715 2016 4792">
     <span class='ocr_line' id='line_1_49' title="bbox 429 4715 2016 4792; baseline -0.008 -8"><span class='ocrx_word' id='word_1_369' title='bbox 429 4725 725 4784; x_wconf 87' lang='lat' dir='ltr'><strong>erudienda</strong></span> <span class='ocrx_word' id='word_1_370' title='bbox 753 4735 900 4782; x_wconf 88' lang='lat' dir='ltr'><strong>esset</strong></span> <span class='ocrx_word' id='word_1_371' title='bbox 945 4738 1072 4780; x_wconf 86' lang='lat' dir='ltr'><strong>caro</strong></span> <span class='ocrx_word' id='word_1_372' title='bbox 1117 4720 1342 4792; x_wconf 88' lang='lat' dir='ltr'><strong>peccati,</strong></span> <span class='ocrx_word' id='word_1_373' title='bbox 1373 4734 1495 4790; x_wconf 74' lang='lat' dir='ltr'><strong>qua:</strong></span> <span class='ocrx_word' id='word_1_374' title='bbox 1537 4718 1592 4772; x_wconf 91' lang='lat' dir='ltr'><strong>in</strong></span> <span class='ocrx_word' id='word_1_375' title='bbox 1636 4715 1844 4773; x_wconf 86' lang='lat' dir='ltr'><strong>deliciis</strong></span> <span class='ocrx_word' id='word_1_376' title='bbox 1881 4716 2016 4772; x_wconf 86' lang='lat' dir='ltr'><strong>obe-</strong></span> 
     </span>
    </p>
   </div>
   <div class='ocr_carea' id='block_1_50' title="bbox 427 4808 2012 4882">
    <p class='ocr_par' dir='ltr' id='par_1_50' title="bbox 427 4808 2012 4882">
     <span class='ocr_line' id='line_1_50' title="bbox 427 4808 2012 4882; baseline -0.007 -9"><span class='ocrx_word' id='word_1_377' title='bbox 427 4819 682 4875; x_wconf 84' lang='lat' dir='ltr'><strong>dieutiam</strong></span> <span class='ocrx_word' id='word_1_378' title='bbox 713 4831 819 4872; x_wconf 92' lang='lat' dir='ltr'><strong>non</strong></span> <span class='ocrx_word' id='word_1_379' title='bbox 847 4813 1081 4872; x_wconf 82' lang='lat' dir='ltr'><strong>servavit</strong></span> <span class='ocrx_word' id='word_1_380' title='bbox 1119 4822 1403 4882; x_wconf 88' lang='lat' dir='ltr'><strong>antequam</strong></span> <span class='ocrx_word' id='word_1_381' title='bbox 1447 4819 1594 4866; x_wconf 88' lang='lat' dir='ltr'><strong>esset</strong></span> <span class='ocrx_word' id='word_1_382' title='bbox 1629 4823 1756 4864; x_wconf 83' lang='lat' dir='ltr'><strong>caro</strong></span> <span class='ocrx_word' id='word_1_383' title='bbox 1785 4808 2012 4880; x_wconf 84' lang='lat' dir='ltr'><strong>peccati.</strong></span> 
     </span>
    </p>
   </div>
   <div class='ocr_carea' id='block_1_51' title="bbox 429 4897 2016 4988">
    <p class='ocr_par' dir='ltr' id='par_1_51' title="bbox 429 4897 2016 4988">
     <span class='ocr_line' id='line_1_51' title="bbox 429 4897 2016 4988; baseline -0.01 -19"><span class='ocrx_word' id='word_1_384' title='bbox 429 4913 581 4969; x_wconf 85' lang='lat' dir='ltr'><strong>Sicut</strong></span> <span class='ocrx_word' id='word_1_385' title='bbox 605 4925 735 4982; x_wconf 89' lang='lat' dir='ltr'><strong>ergo</strong></span> <span class='ocrx_word' id='word_1_386' title='bbox 775 4909 852 4964; x_wconf 91' lang='lat' dir='ltr'><strong>illi</strong></span> <span class='ocrx_word' id='word_1_387' title='bbox 895 4905 1052 4978; x_wconf 90' lang='lat' dir='ltr'><strong>primi</strong></span> <span class='ocrx_word' id='word_1_388' title='bbox 1092 4902 1337 4988; x_wconf 65' lang='lat' dir='ltr'><strong>homines</strong></span> <span class='ocrx_word' id='word_1_389' title='bbox 1381 4911 1572 4974; x_wconf 88' lang='lat' dir='ltr'><strong>postea</strong></span> <span class='ocrx_word' id='word_1_390' title='bbox 1593 4899 1738 4970; x_wconf 90' lang='lat' dir='ltr'><strong>juste</strong></span> <span class='ocrx_word' id='word_1_391' title='bbox 1764 4897 2016 4964; x_wconf 87' lang='lat' dir='ltr'><strong>vivendo,</strong></span> 
     </span>
    </p>
   </div>
   <div class='ocr_carea' id='block_1_52' title="bbox 429 4990 2020 5066">
    <p class='ocr_par' dir='ltr' id='par_1_52' title="bbox 429 4990 2020 5066">
     <span class='ocr_line' id='line_1_52' title="bbox 429 4990 2020 5066; baseline -0.008 -8"><span class='ocrx_word' id='word_1_392' title='bbox 429 5004 571 5061; x_wconf 87' lang='lat' dir='ltr'><strong>unde</strong></span> <span class='ocrx_word' id='word_1_393' title='bbox 620 5001 815 5058; x_wconf 88' lang='lat' dir='ltr'><strong>merito</strong></span> <span class='ocrx_word' id='word_1_394' title='bbox 858 4997 1153 5056; x_wconf 86' lang='lat' dir='ltr'><strong>creduntur</strong></span> <span class='ocrx_word' id='word_1_395' title='bbox 1198 5011 1290 5066; x_wconf 91' lang='lat' dir='ltr'><strong>per</strong></span> <span class='ocrx_word' id='word_1_396' title='bbox 1331 4991 1545 5050; x_wconf 88' lang='lat' dir='ltr'><strong>Domini</strong></span> <span class='ocrx_word' id='word_1_397' title='bbox 1591 4992 1904 5061; x_wconf 84' lang='lat' dir='ltr'><strong>sanguinem</strong></span> <span class='ocrx_word' id='word_1_398' title='bbox 1950 4990 2020 5046; x_wconf 89' lang='lat' dir='ltr'><strong>ab</strong></span> 
     </span>
    </p>
   </div>
   <div class='ocr_carea' id='block_1_53' title="bbox 429 5079 2018 5166">
    <p class='ocr_par' dir='ltr' id='par_1_53' title="bbox 429 5079 2018 5166">
     <span class='ocr_line' id='line_1_53' title="bbox 429 5079 2018 5166; baseline -0.009 -13"><span class='ocrx_word' id='word_1_399' title='bbox 429 5105 673 5154; x_wconf 75' lang='lat' dir='ltr'><strong>extremo</strong></span> <span class='ocrx_word' id='word_1_400' title='bbox 700 5091 963 5166; x_wconf 89' lang='lat' dir='ltr'><strong>supplicio</strong></span> <span class='ocrx_word' id='word_1_401' title='bbox 985 5089 1216 5154; x_wconf 88' lang='lat' dir='ltr'><strong>liberati,</strong></span> <span class='ocrx_word' id='word_1_402' title='bbox 1247 5103 1352 5144; x_wconf 90' lang='lat' dir='ltr'><strong>non</strong></span> <span class='ocrx_word' id='word_1_403' title='bbox 1385 5094 1564 5142; x_wconf 86' lang='lat' dir='ltr'><strong>tamen</strong></span> <span class='ocrx_word' id='word_1_404' title='bbox 1593 5085 1646 5140; x_wconf 93' lang='lat' dir='ltr'><strong>in</strong></span> <span class='ocrx_word' id='word_1_405' title='bbox 1669 5085 1754 5139; x_wconf 89' lang='lat' dir='ltr'><strong>illa</strong></span> <span class='ocrx_word' id='word_1_406' title='bbox 1773 5085 1879 5139; x_wconf 88' lang='lat' dir='ltr'><strong>vita</strong></span> <span class='ocrx_word' id='word_1_407' title='bbox 1902 5079 2018 5140; x_wconf 55' lang='lat' dir='ltr'><strong>mc?-</strong></span> 
     </span>
    </p>
   </div>
   <div class='ocr_carea' id='block_1_54' title="bbox 429 5175 2016 5256">
    <p class='ocr_par' dir='ltr' id='par_1_54' title="bbox 429 5175 2016 5256">
     <span class='ocr_line' id='line_1_54' title="bbox 429 5175 2016 5256; baseline -0.009 -11"><span class='ocrx_word' id='word_1_408' title='bbox 429 5195 658 5245; x_wconf 85' lang='lat' dir='ltr'><strong>ruerunt</strong></span> <span class='ocrx_word' id='word_1_409' title='bbox 697 5185 766 5241; x_wconf 90' lang='lat' dir='ltr'><strong>ad</strong></span> <span class='ocrx_word' id='word_1_410' title='bbox 813 5182 1116 5256; x_wconf 84' lang='lat' dir='ltr'><strong>paradisum</strong></span> <span class='ocrx_word' id='word_1_411' title='bbox 1147 5177 1386 5238; x_wconf 84' lang='lat' dir='ltr'><strong>revocari</strong></span> <span class='ocrx_word' id='word_1_412' title='bbox 1411 5195 1424 5233; x_wconf 93' lang='lat'>:</span> <span class='ocrx_word' id='word_1_413' title='bbox 1449 5177 1528 5233; x_wconf 88' lang='lat' dir='ltr'><strong>sic</strong></span> <span class='ocrx_word' id='word_1_414' title='bbox 1555 5184 1612 5232; x_wconf 86' lang='lat' dir='ltr'><strong>et</strong></span> <span class='ocrx_word' id='word_1_415' title='bbox 1637 5189 1766 5232; x_wconf 87' lang='lat' dir='ltr'><strong>caro</strong></span> <span class='ocrx_word' id='word_1_416' title='bbox 1791 5175 2016 5246; x_wconf 84' lang='lat' dir='ltr'><strong>peccati,</strong></span> 
     </span>
    </p>
   </div>
   <div class='ocr_carea' id='block_1_55' title="bbox 430 5267 2018 5346">
    <p class='ocr_par' dir='ltr' id='par_1_55' title="bbox 430 5267 2018 5346">
     <span class='ocr_line' id='line_1_55' title="bbox 430 5267 2018 5346; baseline -0.008 -11"><span class='ocrx_word' id='word_1_417' title='bbox 430 5279 643 5336; x_wconf 81' lang='lat' dir='ltr'><strong>etiamsi</strong></span> <span class='ocrx_word' id='word_1_418' title='bbox 673 5277 915 5335; x_wconf 89' lang='lat' dir='ltr'><strong>remissis</strong></span> <span class='ocrx_word' id='word_1_419' title='bbox 957 5275 1190 5346; x_wconf 86' lang='lat' dir='ltr'><strong>peccatis</strong></span> <span class='ocrx_word' id='word_1_420' title='bbox 1229 5273 1390 5328; x_wconf 90' lang='lat' dir='ltr'><strong>homo</strong></span> <span class='ocrx_word' id='word_1_421' title='bbox 1431 5271 1486 5327; x_wconf 90' lang='lat' dir='ltr'><strong>in</strong></span> <span class='ocrx_word' id='word_1_422' title='bbox 1529 5283 1592 5328; x_wconf 83' lang='lat' dir='ltr'><strong>ea</strong></span> <span class='ocrx_word' id='word_1_423' title='bbox 1625 5267 1771 5340; x_wconf 86' lang='lat' dir='ltr'><strong>juste</strong></span> <span class='ocrx_word' id='word_1_424' title='bbox 1799 5267 2018 5333; x_wconf 79' lang='lat' dir='ltr'><strong>vixerit,</strong></span> 
     </span>
    </p>
   </div>
   <div class='ocr_carea' id='block_1_56' title="bbox 429 5359 2019 5434">
    <p class='ocr_par' dir='ltr' id='par_1_56' title="bbox 429 5359 2019 5434">
     <span class='ocr_line' id='line_1_56' title="bbox 429 5359 2019 5434; baseline -0.009 -6"><span class='ocrx_word' id='word_1_425' title='bbox 429 5387 540 5428; x_wconf 82' lang='lat' dir='ltr'><strong>non</strong></span> <span class='ocrx_word' id='word_1_426' title='bbox 565 5371 820 5427; x_wconf 89' lang='lat' dir='ltr'><strong>continuo</strong></span> <span class='ocrx_word' id='word_1_427' title='bbox 840 5375 1079 5424; x_wconf 89' lang='lat' dir='ltr'><strong>meretur</strong></span> <span class='ocrx_word' id='word_1_428' title='bbox 1095 5381 1213 5422; x_wconf 87' lang='lat' dir='ltr'><strong>eam</strong></span> <span class='ocrx_word' id='word_1_429' title='bbox 1237 5373 1463 5420; x_wconf 81' lang='lat' dir='ltr'><strong>mortem</strong></span> <span class='ocrx_word' id='word_1_430' title='bbox 1485 5375 1592 5417; x_wconf 90' lang='lat' dir='ltr'><strong>non</strong></span> <span class='ocrx_word' id='word_1_431' title='bbox 1616 5359 1840 5434; x_wconf 86' lang='lat' dir='ltr'><strong>perpeti,</strong></span> <span class='ocrx_word' id='word_1_432' title='bbox 1859 5373 2019 5431; x_wconf 90' lang='lat' dir='ltr'><strong>quam</strong></span> 
     </span>
    </p>
   </div>
   <div class='ocr_carea' id='block_1_57' title="bbox 439 5457 1268 5535">
    <p class='ocr_par' dir='ltr' id='par_1_57' title="bbox 439 5457 1268 5535">
     <span class='ocr_line' id='line_1_57' title="bbox 439 5457 1268 5535; baseline -0.007 -18"><span class='ocrx_word' id='word_1_433' title='bbox 439 5465 597 5518; x_wconf 73' lang='lat' dir='ltr'><strong>traxit</strong></span> <span class='ocrx_word' id='word_1_434' title='bbox 625 5463 693 5519; x_wconf 90' lang='lat' dir='ltr'><strong>de</strong></span> <span class='ocrx_word' id='word_1_435' title='bbox 719 5459 1014 5535; x_wconf 86' lang='lat' dir='ltr'><strong>propagine</strong></span> <span class='ocrx_word' id='word_1_436' title='bbox 1041 5457 1268 5530; x_wconf 86' lang='lat' dir='ltr'><strong>peccati.</strong></span> 
     </span>
    </p>
   </div>
   <div class='ocr_carea' id='block_1_58' title="bbox 506 5546 2021 5623">
    <p class='ocr_par' dir='ltr' id='par_1_58' title="bbox 506 5546 2021 5623">
     <span class='ocr_line' id='line_1_58' title="bbox 506 5546 2021 5623; baseline -0.009 -12"><span class='ocrx_word' id='word_1_437' title='bbox 506 5552 598 5611; x_wconf 80' lang='lat'><strong>56.</strong></span> <span class='ocrx_word' id='word_1_438' title='bbox 625 5552 755 5609; x_wconf 81' lang='lat' dir='ltr'><strong>Tale</strong></span> <span class='ocrx_word' id='word_1_439' title='bbox 781 5548 978 5623; x_wconf 90' lang='lat' dir='ltr'><strong>aliquid</strong></span> <span class='ocrx_word' id='word_1_440' title='bbox 1005 5548 1159 5604; x_wconf 91' lang='lat' dir='ltr'><strong>nobis</strong></span> <span class='ocrx_word' id='word_1_441' title='bbox 1209 5547 1530 5602; x_wconf 86' lang='lat' dir='ltr'><strong>insinuatum</strong></span> <span class='ocrx_word' id='word_1_442' title='bbox 1571 5555 1654 5604; x_wconf 89' lang='lat' dir='ltr'><strong>est</strong></span> <span class='ocrx_word' id='word_1_443' title='bbox 1695 5546 1764 5603; x_wconf 88' lang='lat' dir='ltr'><strong>de</strong></span> <span class='ocrx_word' id='word_1_444' title='bbox 1792 5553 1904 5618; x_wconf 79' lang='lat' dir='ltr'><strong>patr</strong></span> <span class='ocrx_word' id='word_1_445' title='bbox 1915 5559 2021 5603; x_wconf 73' lang='lat' dir='ltr'><strong>tar-</strong></span> 
     </span>
    </p>
   </div>
   <div class='ocr_carea' id='block_1_59' title="bbox 433 5658 2022 5822">
    <p class='ocr_par' dir='ltr' id='par_1_59' title="bbox 433 5658 2022 5822">
     <span class='ocr_line' id='line_1_59' title="bbox 433 5658 2022 5822; baseline -0.008 -62"><span class='ocrx_word' id='word_1_446' title='bbox 433 5706 662 5822; x_wconf 49' lang='lat' dir='ltr'><strong>u‘LEditl</strong></span> <span class='ocrx_word' id='word_1_447' title='bbox 685 5739 704 5768; x_wconf 93' lang='lat'><strong>,</strong></span> <span class='ocrx_word' id='word_1_448' title='bbox 739 5704 803 5756; x_wconf 87' lang='lat' dir='ltr'><strong>de</strong></span> <span class='ocrx_word' id='word_1_449' title='bbox 836 5696 1068 5767; x_wconf 77' lang='lat' dir='ltr'><strong>paradiso</strong></span> <span class='ocrx_word' id='word_1_450' title='bbox 1106 5697 1288 5764; x_wconf 68' lang='lat' dir='ltr'><strong>eiectus</strong></span> <span class='ocrx_word' id='word_1_451' title='bbox 1358 5695 1514 5750; x_wconf 74' lang='lat' dir='ltr'><strong>«iam.</strong></span> <span class='ocrx_word' id='word_1_452' title='bbox 1571 5705 1624 5749; x_wconf 74' lang='lat' dir='ltr'><strong>.tt</strong></span> <span class='ocrx_word' id='word_1_453' title='bbox 1674 5703 1813 5759; x_wconf 53' lang='grc' dir='ltr'><strong>λιες»,</strong></span> <span class='ocrx_word' id='word_1_454' title='bbox 1854 5658 2022 5749; x_wconf 67' lang='lat' dir='ltr'><strong>dimis-</strong></span> 
     </span>
    </p>
   </div>
   <div class='ocr_carea' id='block_1_60' title="bbox 939 269 3054 374">
    <p class='ocr_par' dir='ltr' id='par_1_60' title="bbox 939 269 3054 374">
     <span class='ocr_line' id='line_1_60' title="bbox 939 269 3054 374; baseline -0.009 1"><span class='ocrx_word' id='word_1_455' title='bbox 939 269 953 284; x_wconf 31' lang='grc' dir='ltr'>ι</span> <span class='ocrx_word' id='word_1_456' title='bbox 1037 317 1126 374; x_wconf 74' lang='grc' dir='ltr'><strong>οε</strong></span> <span class='ocrx_word' id='word_1_457' title='bbox 1164 309 1624 374; x_wconf 70' lang='lat' dir='ltr'><strong>PECCATORUM</strong></span> <span class='ocrx_word' id='word_1_458' title='bbox 1662 305 1940 365; x_wconf 79' lang='lat' dir='ltr'><strong>MERITIS</strong></span> <span class='ocrx_word' id='word_1_459' title='bbox 1980 303 2069 360; x_wconf 85' lang='lat' dir='ltr'><strong>ET</strong></span> <span class='ocrx_word' id='word_1_460' title='bbox 2111 303 2540 370; x_wconf 77' lang='lat' dir='ltr'><strong>REHISSIONE,</strong></span> <span class='ocrx_word' id='word_1_461' title='bbox 2583 301 2642 359; x_wconf 89' lang='lat' dir='ltr'><strong>S.</strong></span> <span class='ocrx_word' id='word_1_462' title='bbox 2684 297 3054 358; x_wconf 74' lang='lat' dir='ltr'><strong>AUGUSTINI</strong></span> 
     </span>
    </p>
   </div>
   <div class='ocr_carea' id='block_1_61' title="bbox 3558 299 3666 354">
    <p class='ocr_par' dir='ltr' id='par_1_61' title="bbox 3558 299 3666 354">
     <span class='ocr_line' id='line_1_61' title="bbox 3558 299 3666 354; baseline -0.019 0"><span class='ocrx_word' id='word_1_463' title='bbox 3558 299 3666 354; x_wconf 70' lang='grc' dir='ltr'>ικι</span> 
     </span>
    </p>
   </div>
   <div class='ocr_carea' id='block_1_62' title="bbox 2091 413 3679 490">
    <p class='ocr_par' dir='ltr' id='par_1_62' title="bbox 2091 413 3679 490">
     <span class='ocr_line' id='line_1_62' title="bbox 2091 413 3679 490; baseline -0.004 -14"><span class='ocrx_word' id='word_1_464' title='bbox 2091 420 2192 477; x_wconf 89' lang='lat' dir='ltr'><strong>cha</strong></span> <span class='ocrx_word' id='word_1_465' title='bbox 2218 421 2381 478; x_wconf 87' lang='lat' dir='ltr'><strong>David</strong></span> <span class='ocrx_word' id='word_1_466' title='bbox 2405 421 2460 477; x_wconf 92' lang='lat' dir='ltr'><strong>in</strong></span> <span class='ocrx_word' id='word_1_467' title='bbox 2489 419 2629 476; x_wconf 89' lang='lat' dir='ltr'><strong>libro</strong></span> <span class='ocrx_word' id='word_1_468' title='bbox 2649 418 2979 490; x_wconf 70' lang='lat' dir='ltr'><strong>Regnorum,</strong></span> <span class='ocrx_word' id='word_1_469' title='bbox 3007 413 3075 470; x_wconf 88' lang='lat' dir='ltr'><strong>ad</strong></span> <span class='ocrx_word' id='word_1_470' title='bbox 3097 427 3253 484; x_wconf 85' lang='lat' dir='ltr'><strong>quem</strong></span> <span class='ocrx_word' id='word_1_471' title='bbox 3277 414 3531 484; x_wconf 85' lang='lat' dir='ltr'><strong>propheta</strong></span> <span class='ocrx_word' id='word_1_472' title='bbox 3553 428 3679 470; x_wconf 85' lang='lat' dir='ltr'><strong>cum</strong></span> 
     </span>
    </p>
   </div>
   <div class='ocr_carea' id='block_1_63' title="bbox 2095 503 3680 582">
    <p class='ocr_par' dir='ltr' id='par_1_63' title="bbox 2095 503 3680 582">
     <span class='ocr_line' id='line_1_63' title="bbox 2095 503 3680 582; baseline -0.003 -16"><span class='ocrx_word' id='word_1_473' title='bbox 2095 513 2292 568; x_wconf 89' lang='lat' dir='ltr'><strong>missus</strong></span> <span class='ocrx_word' id='word_1_474' title='bbox 2330 520 2489 579; x_wconf 87' lang='lat' dir='ltr'><strong>esset,</strong></span> <span class='ocrx_word' id='word_1_475' title='bbox 2523 511 2681 582; x_wconf 88' lang='lat' dir='ltr'><strong>eique</strong></span> <span class='ocrx_word' id='word_1_476' title='bbox 2725 515 2942 580; x_wconf 89' lang='lat' dir='ltr'><strong>propter</strong></span> <span class='ocrx_word' id='word_1_477' title='bbox 2971 514 3252 577; x_wconf 85' lang='lat' dir='ltr'><strong>peccatum</strong></span> <span class='ocrx_word' id='word_1_478' title='bbox 3279 504 3420 576; x_wconf 89' lang='lat' dir='ltr'><strong>quod</strong></span> <span class='ocrx_word' id='word_1_479' title='bbox 3446 503 3680 561; x_wconf 82' lang='lat' dir='ltr'><strong>admise-</strong></span> 
     </span>
    </p>
   </div>
   <div class='ocr_carea' id='block_1_64' title="bbox 2095 593 3678 668">
    <p class='ocr_par' dir='ltr' id='par_1_64' title="bbox 2095 593 3678 668">
     <span class='ocr_line' id='line_1_64' title="bbox 2095 593 3678 668; baseline -0.006 -10"><span class='ocrx_word' id='word_1_480' title='bbox 2095 612 2200 668; x_wconf 89' lang='lat' dir='ltr'><strong>rat,</strong></span> <span class='ocrx_word' id='word_1_481' title='bbox 2225 611 2480 659; x_wconf 90' lang='lat' dir='ltr'><strong>eventura</strong></span> <span class='ocrx_word' id='word_1_482' title='bbox 2520 600 2660 656; x_wconf 88' lang='lat' dir='ltr'><strong>mala</strong></span> <span class='ocrx_word' id='word_1_483' title='bbox 2697 615 2762 654; x_wconf 88' lang='lat' dir='ltr'><strong>ex</strong></span> <span class='ocrx_word' id='word_1_484' title='bbox 2809 595 3082 654; x_wconf 85' lang='lat' dir='ltr'><strong>iracundia</strong></span> <span class='ocrx_word' id='word_1_485' title='bbox 3109 595 3204 650; x_wconf 91' lang='lat' dir='ltr'><strong>Dei</strong></span> <span class='ocrx_word' id='word_1_486' title='bbox 3237 593 3678 662; x_wconf 86' lang='lat' dir='ltr'><strong>comminaretur,</strong></span> 
     </span>
    </p>
   </div>
   <div class='ocr_carea' id='block_1_65' title="bbox 2091 683 3647 762">
    <p class='ocr_par' dir='ltr' id='par_1_65' title="bbox 2091 683 3647 762">
     <span class='ocr_line' id='line_1_65' title="bbox 2091 683 3647 762; baseline -0.006 -14"><span class='ocrx_word' id='word_1_487' title='bbox 2091 692 2439 749; x_wconf 77' lang='lat' dir='ltr'><strong>confessione</strong></span> <span class='ocrx_word' id='word_1_488' title='bbox 2463 691 2666 762; x_wconf 86' lang='lat' dir='ltr'><strong>peccati</strong></span> <span class='ocrx_word' id='word_1_489' title='bbox 2687 689 2894 745; x_wconf 81' lang='lat' dir='ltr'><strong>veniam</strong></span> <span class='ocrx_word' id='word_1_490' title='bbox 2927 685 3142 752; x_wconf 88' lang='lat' dir='ltr'><strong>meruit,</strong></span> <span class='ocrx_word' id='word_1_491' title='bbox 3170 683 3528 756; x_wconf 86' lang='lat' dir='ltr'><strong>respondente</strong></span> <span class='ocrx_word' id='word_1_492' title='bbox 3551 700 3647 755; x_wconf 89' lang='lat' dir='ltr'><strong>pro</strong></span> 
     </span>
    </p>
   </div>
   <div class='ocr_carea' id='block_1_66' title="bbox 2095 773 3677 855">
    <p class='ocr_par' dir='ltr' id='par_1_66' title="bbox 2095 773 3677 855">
     <span class='ocr_line' id='line_1_66' title="bbox 2095 773 3677 855; baseline -0.007 -15"><span class='ocrx_word' id='word_1_493' title='bbox 2095 785 2252 854; x_wconf 89' lang='lat' dir='ltr'><strong>pheta</strong></span> <span class='ocrx_word' id='word_1_494' title='bbox 2277 782 2420 855; x_wconf 93' lang='lat' dir='ltr'><strong>quod</strong></span> <span class='ocrx_word' id='word_1_495' title='bbox 2451 784 2500 838; x_wconf 90' lang='lat' dir='ltr'><strong>ei</strong></span> <span class='ocrx_word' id='word_1_496' title='bbox 2540 780 2793 852; x_wconf 80' lang='lat' dir='ltr'><strong>ﬂagitium</strong></span> <span class='ocrx_word' id='word_1_497' title='bbox 2839 778 3152 848; x_wconf 89' lang='lat' dir='ltr'><strong>facinusque</strong></span> <span class='ocrx_word' id='word_1_498' title='bbox 3195 775 3480 831; x_wconf 90' lang='lat' dir='ltr'><strong>remissum</strong></span> <span class='ocrx_word' id='word_1_499' title='bbox 3503 775 3574 828; x_wconf 84' lang='lat' dir='ltr'><strong>sit</strong></span> <span class='ocrx_word' id='word_1_500' title='bbox 3599 773 3677 846; x_wconf 87' lang='lat' dir='ltr'><strong>(ll</strong></span> 
     </span>
    </p>
   </div>
   <div class='ocr_carea' id='block_1_67' title="bbox 2104 867 3684 948">
    <p class='ocr_par' dir='ltr' id='par_1_67' title="bbox 2104 867 3684 948">
     <span class='ocr_line' id='line_1_67' title="bbox 2104 867 3684 948; baseline -0.009 -12"><span class='ocrx_word' id='word_1_501' title='bbox 2104 881 2222 948; x_wconf 76' lang='lat' dir='ltr'><strong>Reg.</strong></span> <span class='ocrx_word' id='word_1_502' title='bbox 2257 893 2354 942; x_wconf 85' lang='lat' dir='ltr'><strong>xu,</strong></span> <span class='ocrx_word' id='word_1_503' title='bbox 2386 875 2474 947; x_wconf 78' lang='grc'><strong>15)</strong></span> <span class='ocrx_word' id='word_1_504' title='bbox 2512 892 2526 930; x_wconf 92' lang='lat'><strong>:</strong></span> <span class='ocrx_word' id='word_1_505' title='bbox 2564 883 2620 930; x_wconf 88' lang='lat' dir='ltr'><strong>et</strong></span> <span class='ocrx_word' id='word_1_506' title='bbox 2667 882 2846 928; x_wconf 89' lang='lat' dir='ltr'><strong>tamen</strong></span> <span class='ocrx_word' id='word_1_507' title='bbox 2890 878 3178 926; x_wconf 86' lang='lat' dir='ltr'><strong>consecuta</strong></span> <span class='ocrx_word' id='word_1_508' title='bbox 3221 876 3346 924; x_wconf 89' lang='lat' dir='ltr'><strong>sunt</strong></span> <span class='ocrx_word' id='word_1_509' title='bbox 3383 883 3502 938; x_wconf 77' lang='lat' dir='ltr'><strong>quae</strong></span> <span class='ocrx_word' id='word_1_510' title='bbox 3541 867 3684 922; x_wconf 84' lang='lat' dir='ltr'><strong>Deus</strong></span> 
     </span>
    </p>
   </div>
   <div class='ocr_carea' id='block_1_68' title="bbox 2096 957 3682 1033">
    <p class='ocr_par' dir='ltr' id='par_1_68' title="bbox 2096 957 3682 1033">
     <span class='ocr_line' id='line_1_68' title="bbox 2096 957 3682 1033; baseline -0.006 -13"><span class='ocrx_word' id='word_1_511' title='bbox 2096 974 2266 1022; x_wconf 76' lang='lat' dir='ltr'><strong>[uerat</strong></span> <span class='ocrx_word' id='word_1_512' title='bbox 2289 967 2668 1033; x_wconf 86' lang='lat' dir='ltr'><strong>comminatus,</strong></span> <span class='ocrx_word' id='word_1_513' title='bbox 2697 973 2758 1019; x_wconf 90' lang='lat' dir='ltr'><strong>ut</strong></span> <span class='ocrx_word' id='word_1_514' title='bbox 2785 963 2864 1018; x_wconf 87' lang='lat' dir='ltr'><strong>sic</strong></span> <span class='ocrx_word' id='word_1_515' title='bbox 2893 961 3266 1016; x_wconf 86' lang='lat' dir='ltr'><strong>humiliaretur</strong></span> <span class='ocrx_word' id='word_1_516' title='bbox 3293 973 3322 1012; x_wconf 92' lang='lat' dir='ltr'><strong>a</strong></span> <span class='ocrx_word' id='word_1_517' title='bbox 3350 957 3479 1012; x_wconf 64' lang='lat' dir='ltr'><strong>ﬁl‘c.</strong></span> <span class='ocrx_word' id='word_1_518' title='bbox 3504 957 3682 1024; x_wconf 85' lang='lat' dir='ltr'><strong>Quare</strong></span> 
     </span>
    </p>
   </div>
   <div class='ocr_carea' id='block_1_69' title="bbox 2093 1047 3681 1124">
    <p class='ocr_par' dir='ltr' id='par_1_69' title="bbox 2093 1047 3681 1124">
     <span class='ocr_line' id='line_1_69' title="bbox 2093 1047 3681 1124; baseline -0.006 -11"><span class='ocrx_word' id='word_1_519' title='bbox 2093 1067 2150 1113; x_wconf 88' lang='lat' dir='ltr'><strong>et</strong></span> <span class='ocrx_word' id='word_1_520' title='bbox 2197 1056 2284 1113; x_wconf 92' lang='lat' dir='ltr'><strong>hic</strong></span> <span class='ocrx_word' id='word_1_521' title='bbox 2329 1073 2436 1112; x_wconf 90' lang='lat' dir='ltr'><strong>non</strong></span> <span class='ocrx_word' id='word_1_522' title='bbox 2471 1055 2684 1124; x_wconf 90' lang='lat' dir='ltr'><strong>dicitur,</strong></span> <span class='ocrx_word' id='word_1_523' title='bbox 2715 1054 2771 1110; x_wconf 91' lang='lat' dir='ltr'><strong>Si</strong></span> <span class='ocrx_word' id='word_1_524' title='bbox 2820 1053 2960 1108; x_wconf 89' lang='lat' dir='ltr'><strong>Deus</strong></span> <span class='ocrx_word' id='word_1_525' title='bbox 3000 1059 3205 1123; x_wconf 77' lang='lat' dir='ltr'><strong>propte&#39;.</strong></span> <span class='ocrx_word' id='word_1_526' title='bbox 3245 1057 3520 1120; x_wconf 77' lang='lat' dir='ltr'><strong>peccatum</strong></span> <span class='ocrx_word' id='word_1_527' title='bbox 3549 1047 3681 1104; x_wconf 84' lang='lat' dir='ltr'><strong>illud</strong></span> 
     </span>
    </p>
   </div>
   <div class='ocr_carea' id='block_1_70' title="bbox 2096 1139 3685 1215">
    <p class='ocr_par' dir='ltr' id='par_1_70' title="bbox 2096 1139 3685 1215">
     <span class='ocr_line' id='line_1_70' title="bbox 2096 1139 3685 1215; baseline -0.006 -11"><span class='ocrx_word' id='word_1_528' title='bbox 2096 1149 2271 1204; x_wconf 85' lang='lat' dir='ltr'><strong>fuerat</strong></span> <span class='ocrx_word' id='word_1_529' title='bbox 2305 1149 2682 1215; x_wconf 85' lang='lat' dir='ltr'><strong>comminatus,</strong></span> <span class='ocrx_word' id='word_1_530' title='bbox 2711 1161 2808 1202; x_wconf 91' lang='lat' dir='ltr'><strong>cur</strong></span> <span class='ocrx_word' id='word_1_531' title='bbox 2853 1145 3078 1199; x_wconf 82' lang='lat' dir='ltr'><strong>dimisso</strong></span> <span class='ocrx_word' id='word_1_532' title='bbox 3123 1150 3342 1212; x_wconf 70' lang='lat' dir='ltr'><strong>peccato</strong></span> <span class='ocrx_word' id='word_1_533' title='bbox 3381 1139 3523 1210; x_wconf 88' lang='lat' dir='ltr'><strong>quod</strong></span> <span class='ocrx_word' id='word_1_534' title='bbox 3565 1147 3685 1195; x_wconf 89' lang='lat' dir='ltr'><strong>erat</strong></span> 
     </span>
    </p>
   </div>
   <div class='ocr_carea' id='block_1_71' title="bbox 2096 1229 3686 1310">
    <p class='ocr_par' dir='ltr' id='par_1_71' title="bbox 2096 1229 3686 1310">
     <span class='ocr_line' id='line_1_71' title="bbox 2096 1229 3686 1310; baseline -0.008 -14"><span class='ocrx_word' id='word_1_535' title='bbox 2096 1241 2328 1296; x_wconf 89' lang='lat' dir='ltr'><strong>minatus</strong></span> <span class='ocrx_word' id='word_1_536' title='bbox 2349 1238 2622 1310; x_wconf 76' lang='lat' dir='ltr'><strong>implevit?</strong></span> <span class='ocrx_word' id='word_1_537' title='bbox 2652 1238 2754 1293; x_wconf 87' lang='lat' dir='ltr'><strong>nisi</strong></span> <span class='ocrx_word' id='word_1_538' title='bbox 2780 1237 2904 1306; x_wconf 90' lang='lat' dir='ltr'><strong>quia</strong></span> <span class='ocrx_word' id='word_1_539' title='bbox 2931 1233 3252 1298; x_wconf 88' lang='lat' dir='ltr'><strong>rectissime,</strong></span> <span class='ocrx_word' id='word_1_540' title='bbox 3279 1231 3326 1286; x_wconf 90' lang='lat' dir='ltr'><strong>si</strong></span> <span class='ocrx_word' id='word_1_541' title='bbox 3357 1229 3556 1286; x_wconf 88' lang='lat' dir='ltr'><strong>dictum</strong></span> <span class='ocrx_word' id='word_1_542' title='bbox 3580 1229 3686 1285; x_wconf 89' lang='lat' dir='ltr'><strong>fue-</strong></span> 
     </span>
    </p>
   </div>
   <div class='ocr_carea' id='block_1_72' title="bbox 2093 1321 3681 1404">
    <p class='ocr_par' dir='ltr' id='par_1_72' title="bbox 2093 1321 3681 1404">
     <span class='ocr_line' id='line_1_72' title="bbox 2093 1321 3681 1404; baseline -0.009 -14"><span class='ocrx_word' id='word_1_543' title='bbox 2093 1335 2188 1402; x_wconf 91' lang='lat' dir='ltr'><strong>rit,</strong></span> <span class='ocrx_word' id='word_1_544' title='bbox 2220 1332 2631 1404; x_wconf 88' lang='lat' dir='ltr'><strong>respondebitur</strong></span> <span class='ocrx_word' id='word_1_545' title='bbox 2657 1329 3027 1385; x_wconf 90' lang='lat' dir='ltr'><strong>remissionem</strong></span> <span class='ocrx_word' id='word_1_546' title='bbox 3056 1325 3200 1380; x_wconf 88' lang='lat' dir='ltr'><strong>illam</strong></span> <span class='ocrx_word' id='word_1_547' title='bbox 3232 1323 3433 1394; x_wconf 86' lang='lat' dir='ltr'><strong>peccati</strong></span> <span class='ocrx_word' id='word_1_548' title='bbox 3463 1321 3681 1388; x_wconf 87' lang='lat' dir='ltr'><strong>factam,</strong></span> 
     </span>
    </p>
   </div>
   <div class='ocr_carea' id='block_1_73' title="bbox 2095 1412 3683 1496">
    <p class='ocr_par' dir='ltr' id='par_1_73' title="bbox 2095 1412 3683 1496">
     <span class='ocr_line' id='line_1_73' title="bbox 2095 1412 3683 1496; baseline -0.011 -14"><span class='ocrx_word' id='word_1_549' title='bbox 2095 1442 2166 1482; x_wconf 90' lang='lat' dir='ltr'><strong>ne</strong></span> <span class='ocrx_word' id='word_1_550' title='bbox 2192 1427 2354 1482; x_wconf 90' lang='lat' dir='ltr'><strong>homo</strong></span> <span class='ocrx_word' id='word_1_551' title='bbox 2373 1440 2407 1481; x_wconf 87' lang='lat' dir='ltr'><strong>a</strong></span> <span class='ocrx_word' id='word_1_552' title='bbox 2431 1421 2771 1496; x_wconf 90' lang='lat' dir='ltr'><strong>percipienda</strong></span> <span class='ocrx_word' id='word_1_553' title='bbox 2796 1421 2902 1475; x_wconf 88' lang='lat' dir='ltr'><strong>vita</strong></span> <span class='ocrx_word' id='word_1_554' title='bbox 2932 1415 3280 1488; x_wconf 79' lang='lat' dir='ltr'><strong>impediretur</strong></span> <span class='ocrx_word' id='word_1_555' title='bbox 3293 1423 3493 1469; x_wconf 64' lang='lat' dir='ltr'><strong>aeterna</strong></span> <span class='ocrx_word' id='word_1_556' title='bbox 3514 1429 3533 1478; x_wconf 83' lang='lat'><strong>;</strong></span> <span class='ocrx_word' id='word_1_557' title='bbox 3552 1412 3683 1468; x_wconf 90' lang='lat' dir='ltr'><strong>suh-</strong></span> 
     </span>
    </p>
   </div>
   <div class='ocr_carea' id='block_1_74' title="bbox 2096 1503 3684 1574">
    <p class='ocr_par' dir='ltr' id='par_1_74' title="bbox 2096 1503 3684 1574">
     <span class='ocr_line' id='line_1_74' title="bbox 2096 1503 3684 1574; baseline -0.011 0"><span class='ocrx_word' id='word_1_558' title='bbox 2096 1526 2339 1574; x_wconf 89' lang='lat' dir='ltr'><strong>secutum</strong></span> <span class='ocrx_word' id='word_1_559' title='bbox 2358 1531 2486 1572; x_wconf 89' lang='lat' dir='ltr'><strong>vero</strong></span> <span class='ocrx_word' id='word_1_560' title='bbox 2505 1513 2648 1570; x_wconf 90' lang='lat' dir='ltr'><strong>illius</strong></span> <span class='ocrx_word' id='word_1_561' title='bbox 2673 1508 3104 1567; x_wconf 87' lang='lat' dir='ltr'><strong>comminationis</strong></span> <span class='ocrx_word' id='word_1_562' title='bbox 3126 1504 3402 1572; x_wconf 72' lang='lat' dir='ltr'><strong>elfectum,</strong></span> <span class='ocrx_word' id='word_1_563' title='bbox 3428 1511 3488 1558; x_wconf 93' lang='lat' dir='ltr'><strong>ut</strong></span> <span class='ocrx_word' id='word_1_564' title='bbox 3513 1503 3684 1572; x_wconf 88' lang='lat' dir='ltr'><strong>pietas</strong></span> 
     </span>
    </p>
   </div>
   <div class='ocr_carea' id='block_1_75' title="bbox 2100 1583 3684 1664">
    <p class='ocr_par' dir='ltr' id='par_1_75' title="bbox 2100 1583 3684 1664">
     <span class='ocr_line' id='line_1_75' title="bbox 2100 1583 3684 1664; baseline -0.013 0"><span class='ocrx_word' id='word_1_565' title='bbox 2100 1608 2330 1664; x_wconf 91' lang='lat' dir='ltr'><strong>hominis</strong></span> <span class='ocrx_word' id='word_1_566' title='bbox 2374 1606 2428 1662; x_wconf 93' lang='lat' dir='ltr'><strong>in</strong></span> <span class='ocrx_word' id='word_1_567' title='bbox 2467 1604 2554 1661; x_wconf 88' lang='lat' dir='ltr'><strong>illa</strong></span> <span class='ocrx_word' id='word_1_568' title='bbox 2595 1601 2892 1658; x_wconf 87' lang='lat' dir='ltr'><strong>humilitate</strong></span> <span class='ocrx_word' id='word_1_569' title='bbox 2919 1583 3268 1654; x_wconf 80' lang='lat' dir='ltr'><strong>exerceretur</strong></span> <span class='ocrx_word' id='word_1_570' title='bbox 3293 1603 3456 1664; x_wconf 86' lang='lat' dir='ltr'><strong>atque</strong></span> <span class='ocrx_word' id='word_1_571' title='bbox 3491 1591 3684 1662; x_wconf 84' lang='lat' dir='ltr'><strong>proha-</strong></span> 
     </span>
    </p>
   </div>
   <div class='ocr_carea' id='block_1_76' title="bbox 2099 1693 3682 1767">
    <p class='ocr_par' dir='ltr' id='par_1_76' title="bbox 2099 1693 3682 1767">
     <span class='ocr_line' id='line_1_76' title="bbox 2099 1693 3682 1767; baseline -0.013 -9"><span class='ocrx_word' id='word_1_572' title='bbox 2099 1712 2267 1758; x_wconf 91' lang='lat' dir='ltr'><strong>retur.</strong></span> <span class='ocrx_word' id='word_1_573' title='bbox 2295 1700 2387 1758; x_wconf 92' lang='lat' dir='ltr'><strong>Sic</strong></span> <span class='ocrx_word' id='word_1_574' title='bbox 2409 1707 2465 1754; x_wconf 84' lang='lat' dir='ltr'><strong>et</strong></span> <span class='ocrx_word' id='word_1_575' title='bbox 2507 1707 2735 1754; x_wconf 87' lang='lat' dir='ltr'><strong>mortem</strong></span> <span class='ocrx_word' id='word_1_576' title='bbox 2781 1709 2864 1750; x_wconf 71' lang='lat' dir='ltr'><strong>cou</strong></span> <span class='ocrx_word' id='word_1_577' title='bbox 2877 1693 3023 1767; x_wconf 91' lang='lat' dir='ltr'><strong>poris</strong></span> <span class='ocrx_word' id='word_1_578' title='bbox 3061 1700 3117 1746; x_wconf 87' lang='lat' dir='ltr'><strong>et</strong></span> <span class='ocrx_word' id='word_1_579' title='bbox 3160 1697 3377 1760; x_wconf 90' lang='lat' dir='ltr'><strong>propter</strong></span> <span class='ocrx_word' id='word_1_580' title='bbox 3404 1695 3682 1757; x_wconf 88' lang='lat' dir='ltr'><strong>peccatum</strong></span> 
     </span>
    </p>
   </div>
   <div class='ocr_carea' id='block_1_77' title="bbox 2098 1777 3685 1858">
    <p class='ocr_par' dir='ltr' id='par_1_77' title="bbox 2098 1777 3685 1858">
     <span class='ocr_line' id='line_1_77' title="bbox 2098 1777 3685 1858; baseline -0.013 -6"><span class='ocrx_word' id='word_1_581' title='bbox 2098 1797 2240 1852; x_wconf 88' lang='lat' dir='ltr'><strong>Deus</strong></span> <span class='ocrx_word' id='word_1_582' title='bbox 2264 1794 2466 1852; x_wconf 89' lang='lat' dir='ltr'><strong>homini</strong></span> <span class='ocrx_word' id='word_1_583' title='bbox 2491 1791 2702 1858; x_wconf 83' lang='lat' dir='ltr'><strong>inﬂixit,</strong></span> <span class='ocrx_word' id='word_1_584' title='bbox 2720 1797 2776 1846; x_wconf 90' lang='lat' dir='ltr'><strong>et</strong></span> <span class='ocrx_word' id='word_1_585' title='bbox 2803 1795 2923 1858; x_wconf 89' lang='lat' dir='ltr'><strong>post</strong></span> <span class='ocrx_word' id='word_1_586' title='bbox 2949 1791 3288 1856; x_wconf 87' lang='lat' dir='ltr'><strong>peccatorum</strong></span> <span class='ocrx_word' id='word_1_587' title='bbox 3311 1777 3685 1836; x_wconf 87' lang='lat' dir='ltr'><strong>remissionem</strong></span> 
     </span>
    </p>
   </div>
   <div class='ocr_carea' id='block_1_78' title="bbox 2097 1871 3363 1960">
    <p class='ocr_par' dir='ltr' id='par_1_78' title="bbox 2097 1871 3363 1960">
     <span class='ocr_line' id='line_1_78' title="bbox 2097 1871 3363 1960; baseline -0.015 -16"><span class='ocrx_word' id='word_1_588' title='bbox 2097 1899 2322 1960; x_wconf 84' lang='lat' dir='ltr'><strong>prOpter</strong></span> <span class='ocrx_word' id='word_1_589' title='bbox 2343 1882 2700 1941; x_wconf 80' lang='lat' dir='ltr'><strong>exercendam</strong></span> <span class='ocrx_word' id='word_1_590' title='bbox 2721 1878 2982 1951; x_wconf 90' lang='lat' dir='ltr'><strong>justitiam</strong></span> <span class='ocrx_word' id='word_1_591' title='bbox 3013 1890 3120 1930; x_wconf 92' lang='lat' dir='ltr'><strong>non</strong></span> <span class='ocrx_word' id='word_1_592' title='bbox 3143 1871 3363 1928; x_wconf 90' lang='lat' dir='ltr'><strong>ademit.</strong></span> 
     </span>
    </p>
   </div>
   <div class='ocr_carea' id='block_1_79' title="bbox 2169 1963 3684 2035">
    <p class='ocr_par' dir='ltr' id='par_1_79' title="bbox 2169 1963 3684 2035">
     <span class='ocr_line' id='line_1_79' title="bbox 2169 1963 3684 2035; baseline -0.015 1"><span class='ocrx_word' id='word_1_593' title='bbox 2169 1977 2396 2035; x_wconf 87' lang='lat' dir='ltr'><strong>CAPUT</strong></span> <span class='ocrx_word' id='word_1_594' title='bbox 2415 1973 2812 2033; x_wconf 78' lang='lat' dir='ltr'><strong>XXXV.—57.</strong></span> <span class='ocrx_word' id='word_1_595' title='bbox 2839 1969 2960 2026; x_wconf 88' lang='lat' dir='ltr'><strong>Non</strong></span> <span class='ocrx_word' id='word_1_596' title='bbox 2985 1965 3346 2026; x_wconf 77' lang='lat' dir='ltr'><strong>declinandum</strong></span> <span class='ocrx_word' id='word_1_597' title='bbox 3373 1963 3427 2017; x_wconf 88' lang='lat' dir='ltr'><strong>in</strong></span> <span class='ocrx_word' id='word_1_598' title='bbox 3452 1963 3684 2016; x_wconf 72' lang='lat' dir='ltr'><strong>dextram</strong></span> 
     </span>
    </p>
   </div>
   <div class='ocr_carea' id='block_1_80' title="bbox 2099 2051 3684 2127">
    <p class='ocr_par' dir='ltr' id='par_1_80' title="bbox 2099 2051 3684 2127">
     <span class='ocr_line' id='line_1_80' title="bbox 2099 2051 3684 2127; baseline -0.015 0"><span class='ocrx_word' id='word_1_599' title='bbox 2099 2079 2188 2126; x_wconf 86' lang='lat' dir='ltr'><strong>aut</strong></span> <span class='ocrx_word' id='word_1_600' title='bbox 2256 2070 2310 2125; x_wconf 86' lang='lat' dir='ltr'><strong>in</strong></span> <span class='ocrx_word' id='word_1_601' title='bbox 2373 2067 2654 2123; x_wconf 79' lang='lat' dir='ltr'><strong>sinistram.</strong></span> <span class='ocrx_word' id='word_1_602' title='bbox 2704 2063 3006 2119; x_wconf 88' lang='lat' dir='ltr'><strong>Teneamus</strong></span> <span class='ocrx_word' id='word_1_603' title='bbox 3075 2071 3208 2127; x_wconf 88' lang='lat' dir='ltr'><strong>ergo</strong></span> <span class='ocrx_word' id='word_1_604' title='bbox 3253 2051 3684 2109; x_wconf 88' lang='lat' dir='ltr'><strong>indeclinabilem</strong></span> 
     </span>
    </p>
   </div>
   <div class='ocr_carea' id='block_1_81' title="bbox 2100 2145 3687 2218">
    <p class='ocr_par' dir='ltr' id='par_1_81' title="bbox 2100 2145 3687 2218">
     <span class='ocr_line' id='line_1_81' title="bbox 2100 2145 3687 2218; baseline -0.014 0"><span class='ocrx_word' id='word_1_605' title='bbox 2100 2160 2222 2218; x_wconf 87' lang='lat' dir='ltr'><strong>ﬁdei</strong></span> <span class='ocrx_word' id='word_1_606' title='bbox 2247 2159 2664 2216; x_wconf 87' lang='lat' dir='ltr'><strong>confessionem.</strong></span> <span class='ocrx_word' id='word_1_607' title='bbox 2695 2155 2853 2211; x_wconf 88' lang='lat' dir='ltr'><strong>Solus</strong></span> <span class='ocrx_word' id='word_1_608' title='bbox 2876 2165 3014 2207; x_wconf 90' lang='lat' dir='ltr'><strong>unus</strong></span> <span class='ocrx_word' id='word_1_609' title='bbox 3052 2156 3136 2205; x_wconf 86' lang='lat' dir='ltr'><strong>est</strong></span> <span class='ocrx_word' id='word_1_610' title='bbox 3179 2147 3268 2218; x_wconf 90' lang='lat' dir='ltr'><strong>qui</strong></span> <span class='ocrx_word' id='word_1_611' title='bbox 3311 2145 3431 2201; x_wconf 90' lang='lat' dir='ltr'><strong>sine</strong></span> <span class='ocrx_word' id='word_1_612' title='bbox 3465 2154 3687 2216; x_wconf 86' lang='lat' dir='ltr'><strong>peccato</strong></span> 
     </span>
    </p>
   </div>
   <div class='ocr_carea' id='block_1_82' title="bbox 2101 2237 3687 2312">
    <p class='ocr_par' dir='ltr' id='par_1_82' title="bbox 2101 2237 3687 2312">
     <span class='ocr_line' id='line_1_82' title="bbox 2101 2237 3687 2312; baseline -0.013 -3"><span class='ocrx_word' id='word_1_613' title='bbox 2101 2261 2259 2309; x_wconf 89' lang='lat' dir='ltr'><strong>natus</strong></span> <span class='ocrx_word' id='word_1_614' title='bbox 2283 2259 2367 2308; x_wconf 85' lang='lat' dir='ltr'><strong>est</strong></span> <span class='ocrx_word' id='word_1_615' title='bbox 2392 2252 2448 2306; x_wconf 89' lang='lat' dir='ltr'><strong>in</strong></span> <span class='ocrx_word' id='word_1_616' title='bbox 2475 2247 2824 2306; x_wconf 88' lang='lat' dir='ltr'><strong>similitudine</strong></span> <span class='ocrx_word' id='word_1_617' title='bbox 2848 2243 3028 2300; x_wconf 88' lang='lat' dir='ltr'><strong>carnis</strong></span> <span class='ocrx_word' id='word_1_618' title='bbox 3055 2239 3290 2312; x_wconf 88' lang='lat' dir='ltr'><strong>peccati,</strong></span> <span class='ocrx_word' id='word_1_619' title='bbox 3321 2237 3437 2294; x_wconf 89' lang='lat' dir='ltr'><strong>sine</strong></span> <span class='ocrx_word' id='word_1_620' title='bbox 3465 2244 3687 2306; x_wconf 84' lang='lat' dir='ltr'><strong>peccato</strong></span> 
     </span>
    </p>
   </div>
   <div class='ocr_carea' id='block_1_83' title="bbox 2101 2335 3687 2412">
    <p class='ocr_par' dir='ltr' id='par_1_83' title="bbox 2101 2335 3687 2412">
     <span class='ocr_line' id='line_1_83' title="bbox 2101 2335 3687 2412; baseline -0.013 -11"><span class='ocrx_word' id='word_1_621' title='bbox 2101 2345 2235 2401; x_wconf 87' lang='lat' dir='ltr'><strong>vixit</strong></span> <span class='ocrx_word' id='word_1_622' title='bbox 2271 2345 2412 2400; x_wconf 85' lang='lat' dir='ltr'><strong>inter</strong></span> <span class='ocrx_word' id='word_1_623' title='bbox 2454 2343 2628 2398; x_wconf 89' lang='lat' dir='ltr'><strong>aliena</strong></span> <span class='ocrx_word' id='word_1_624' title='bbox 2672 2347 2912 2412; x_wconf 88' lang='lat' dir='ltr'><strong>peccata,</strong></span> <span class='ocrx_word' id='word_1_625' title='bbox 2941 2335 3058 2392; x_wconf 90' lang='lat' dir='ltr'><strong>sine</strong></span> <span class='ocrx_word' id='word_1_626' title='bbox 3084 2341 3306 2406; x_wconf 88' lang='lat' dir='ltr'><strong>peccato</strong></span> <span class='ocrx_word' id='word_1_627' title='bbox 3335 2338 3580 2386; x_wconf 91' lang='lat' dir='ltr'><strong>mortuus</strong></span> <span class='ocrx_word' id='word_1_628' title='bbox 3603 2336 3687 2382; x_wconf 88' lang='lat' dir='ltr'><strong>est</strong></span> 
     </span>
    </p>
   </div>
   <div class='ocr_carea' id='block_1_84' title="bbox 2103 2421 3688 2510">
    <p class='ocr_par' dir='ltr' id='par_1_84' title="bbox 2103 2421 3688 2510">
     <span class='ocr_line' id='line_1_84' title="bbox 2103 2421 3688 2510; baseline -0.014 -15"><span class='ocrx_word' id='word_1_629' title='bbox 2103 2447 2324 2510; x_wconf 89' lang='lat' dir='ltr'><strong>propter</strong></span> <span class='ocrx_word' id='word_1_630' title='bbox 2361 2445 2544 2492; x_wconf 90' lang='lat' dir='ltr'><strong>nostra</strong></span> <span class='ocrx_word' id='word_1_631' title='bbox 2577 2441 2814 2506; x_wconf 86' lang='lat' dir='ltr'><strong>peccata.</strong></span> <span class='ocrx_word' id='word_1_632' title='bbox 2846 2429 2970 2485; x_wconf 82' lang='lat' dir='ltr'><strong>Non</strong></span> <span class='ocrx_word' id='word_1_633' title='bbox 3008 2427 3314 2482; x_wconf 77' lang='lat' dir='ltr'><strong>declinemus</strong></span> <span class='ocrx_word' id='word_1_634' title='bbox 3358 2423 3413 2478; x_wconf 86' lang='lat' dir='ltr'><strong>in</strong></span> <span class='ocrx_word' id='word_1_635' title='bbox 3456 2421 3688 2476; x_wconf 75' lang='lat' dir='ltr'><strong>dextram</strong></span> 
     </span>
    </p>
   </div>
   <div class='ocr_carea' id='block_1_85' title="bbox 2105 2513 3690 2584">
    <p class='ocr_par' dir='ltr' id='par_1_85' title="bbox 2105 2513 3690 2584">
     <span class='ocr_line' id='line_1_85' title="bbox 2105 2513 3690 2584; baseline -0.012 0"><span class='ocrx_word' id='word_1_636' title='bbox 2105 2538 2195 2584; x_wconf 86' lang='lat' dir='ltr'><strong>aut</strong></span> <span class='ocrx_word' id='word_1_637' title='bbox 2227 2529 2282 2584; x_wconf 86' lang='lat' dir='ltr'><strong>in</strong></span> <span class='ocrx_word' id='word_1_638' title='bbox 2317 2528 2596 2583; x_wconf 83' lang='lat' dir='ltr'><strong>sinistram.</strong></span> <span class='ocrx_word' id='word_1_639' title='bbox 2629 2525 2686 2579; x_wconf 87' lang='lat' dir='ltr'><strong>in</strong></span> <span class='ocrx_word' id='word_1_640' title='bbox 2711 2523 2990 2579; x_wconf 86' lang='lat' dir='ltr'><strong>dexteram</strong></span> <span class='ocrx_word' id='word_1_641' title='bbox 3020 2521 3162 2573; x_wconf 88' lang='lat' dir='ltr'><strong>enim</strong></span> <span class='ocrx_word' id='word_1_642' title='bbox 3200 2513 3497 2578; x_wconf 89' lang='lat' dir='ltr'><strong>declinare,</strong></span> <span class='ocrx_word' id='word_1_643' title='bbox 3519 2521 3602 2567; x_wconf 90' lang='lat' dir='ltr'><strong>est</strong></span> <span class='ocrx_word' id='word_1_644' title='bbox 3629 2525 3690 2566; x_wconf 90' lang='lat' dir='ltr'><strong>se</strong></span> 
     </span>
    </p>
   </div>
   <div class='ocr_carea' id='block_1_86' title="bbox 2105 2592 3690 2694">
    <p class='ocr_par' dir='ltr' id='par_1_86' title="bbox 2105 2592 3690 2694">
     <span class='ocr_line' id='line_1_86' title="bbox 2105 2592 3690 2694; baseline -0.013 -15"><span class='ocrx_word' id='word_1_645' title='bbox 2105 2622 2280 2694; x_wconf 90' lang='lat' dir='ltr'><strong>ipsum</strong></span> <span class='ocrx_word' id='word_1_646' title='bbox 2308 2620 2556 2690; x_wconf 90' lang='lat' dir='ltr'><strong>decipere</strong></span> <span class='ocrx_word' id='word_1_647' title='bbox 2581 2615 2809 2673; x_wconf 89' lang='lat' dir='ltr'><strong>dicendo</strong></span> <span class='ocrx_word' id='word_1_648' title='bbox 2827 2629 2890 2671; x_wconf 91' lang='lat' dir='ltr'><strong>se</strong></span> <span class='ocrx_word' id='word_1_649' title='bbox 2905 2626 3023 2668; x_wconf 88' lang='lat' dir='ltr'><strong>esse</strong></span> <span class='ocrx_word' id='word_1_650' title='bbox 3040 2610 3158 2666; x_wconf 89' lang='lat' dir='ltr'><strong>sine</strong></span> <span class='ocrx_word' id='word_1_651' title='bbox 3193 2592 3414 2678; x_wconf 83' lang='lat' dir='ltr'><strong>peccato</strong></span> <span class='ocrx_word' id='word_1_652' title='bbox 3437 2621 3451 2658; x_wconf 90' lang='lat'><strong>:</strong></span> <span class='ocrx_word' id='word_1_653' title='bbox 3476 2604 3528 2658; x_wconf 91' lang='lat' dir='ltr'><strong>iu</strong></span> <span class='ocrx_word' id='word_1_654' title='bbox 3555 2601 3690 2658; x_wconf 86' lang='lat' dir='ltr'><strong>sini-</strong></span> 
     </span>
    </p>
   </div>
   <div class='ocr_carea' id='block_1_87' title="bbox 2105 2704 3686 2781">
    <p class='ocr_par' dir='ltr' id='par_1_87' title="bbox 2105 2704 3686 2781">
     <span class='ocr_line' id='line_1_87' title="bbox 2105 2704 3686 2781; baseline -0.014 -12"><span class='ocrx_word' id='word_1_655' title='bbox 2105 2722 2272 2770; x_wconf 89' lang='lat' dir='ltr'><strong>stram</strong></span> <span class='ocrx_word' id='word_1_656' title='bbox 2307 2719 2506 2776; x_wconf 89' lang='lat' dir='ltr'><strong>autem,</strong></span> <span class='ocrx_word' id='word_1_657' title='bbox 2535 2725 2634 2781; x_wconf 87' lang='lat' dir='ltr'><strong>per</strong></span> <span class='ocrx_word' id='word_1_658' title='bbox 2657 2707 2840 2762; x_wconf 89' lang='lat' dir='ltr'><strong>nescio</strong></span> <span class='ocrx_word' id='word_1_659' title='bbox 2863 2717 3022 2775; x_wconf 89' lang='lat' dir='ltr'><strong>quam</strong></span> <span class='ocrx_word' id='word_1_660' title='bbox 3055 2713 3358 2772; x_wconf 87' lang='lat' dir='ltr'><strong>perversam</strong></span> <span class='ocrx_word' id='word_1_661' title='bbox 3387 2704 3444 2752; x_wconf 93' lang='lat' dir='ltr'><strong>ct</strong></span> <span class='ocrx_word' id='word_1_662' title='bbox 3468 2709 3686 2764; x_wconf 89' lang='lat' dir='ltr'><strong>pravam</strong></span> 
     </span>
    </p>
   </div>
   <div class='ocr_carea' id='block_1_88' title="bbox 2107 2785 3690 2868">
    <p class='ocr_par' dir='ltr' id='par_1_88' title="bbox 2107 2785 3690 2868">
     <span class='ocr_line' id='line_1_88' title="bbox 2107 2785 3690 2868; baseline -0.014 -8"><span class='ocrx_word' id='word_1_663' title='bbox 2107 2803 2446 2861; x_wconf 86' lang='lat' dir='ltr'><strong>securitatem</strong></span> <span class='ocrx_word' id='word_1_664' title='bbox 2487 2815 2547 2856; x_wconf 89' lang='lat' dir='ltr'><strong>se</strong></span> <span class='ocrx_word' id='word_1_665' title='bbox 2584 2807 2833 2868; x_wconf 87' lang='lat' dir='ltr'><strong>tanquam</strong></span> <span class='ocrx_word' id='word_1_666' title='bbox 2874 2795 3092 2864; x_wconf 89' lang='lat' dir='ltr'><strong>impune</strong></span> <span class='ocrx_word' id='word_1_667' title='bbox 3115 2790 3250 2846; x_wconf 87' lang='lat' dir='ltr'><strong>dare</strong></span> <span class='ocrx_word' id='word_1_668' title='bbox 3277 2787 3528 2860; x_wconf 89' lang='lat' dir='ltr'><strong>peccatis.</strong></span> <span class='ocrx_word' id='word_1_669' title='bbox 3571 2785 3690 2839; x_wconf 87' lang='lat' dir='ltr'><strong>Vias</strong></span> 
     </span>
    </p>
   </div>
   <div class='ocr_carea' id='block_1_89' title="bbox 2107 2877 3690 2968">
    <p class='ocr_par' dir='ltr' id='par_1_89' title="bbox 2107 2877 3690 2968">
     <span class='ocr_line' id='line_1_89' title="bbox 2107 2877 3690 2968; baseline -0.014 -15"><span class='ocrx_word' id='word_1_670' title='bbox 2107 2897 2250 2954; x_wconf 90' lang='lat' dir='ltr'><strong>enim</strong></span> <span class='ocrx_word' id='word_1_671' title='bbox 2269 2911 2384 2968; x_wconf 75' lang='lat' dir='ltr'><strong>qua:</strong></span> <span class='ocrx_word' id='word_1_672' title='bbox 2404 2911 2437 2949; x_wconf 92' lang='lat' dir='ltr'><strong>a</strong></span> <span class='ocrx_word' id='word_1_673' title='bbox 2457 2893 2646 2948; x_wconf 72' lang='lat' dir='ltr'><strong>dextris</strong></span> <span class='ocrx_word' id='word_1_674' title='bbox 2667 2899 2784 2946; x_wconf 89' lang='lat' dir='ltr'><strong>sunt</strong></span> <span class='ocrx_word' id='word_1_675' title='bbox 2807 2887 2942 2943; x_wconf 88' lang='lat' dir='ltr'><strong>novit</strong></span> <span class='ocrx_word' id='word_1_676' title='bbox 2970 2885 3239 2950; x_wconf 84' lang='lat' dir='ltr'><strong>Dominus,</strong></span> <span class='ocrx_word' id='word_1_677' title='bbox 3268 2881 3361 2954; x_wconf 89' lang='lat' dir='ltr'><strong>qui</strong></span> <span class='ocrx_word' id='word_1_678' title='bbox 3399 2879 3546 2935; x_wconf 90' lang='lat' dir='ltr'><strong>solus</strong></span> <span class='ocrx_word' id='word_1_679' title='bbox 3571 2877 3690 2934; x_wconf 83' lang='lat' dir='ltr'><strong>sine</strong></span> 
     </span>
    </p>
   </div>
   <div class='ocr_carea' id='block_1_90' title="bbox 2107 2976 3695 3059">
    <p class='ocr_par' dir='ltr' id='par_1_90' title="bbox 2107 2976 3695 3059">
     <span class='ocr_line' id='line_1_90' title="bbox 2107 2976 3695 3059; baseline -0.016 -13"><span class='ocrx_word' id='word_1_680' title='bbox 2107 2997 2329 3059; x_wconf 86' lang='lat' dir='ltr'><strong>peccato</strong></span> <span class='ocrx_word' id='word_1_681' title='bbox 2352 2994 2455 3052; x_wconf 89' lang='lat' dir='ltr'><strong>est,</strong></span> <span class='ocrx_word' id='word_1_682' title='bbox 2485 2993 2542 3040; x_wconf 90' lang='lat' dir='ltr'><strong>et</strong></span> <span class='ocrx_word' id='word_1_683' title='bbox 2561 2992 2741 3038; x_wconf 90' lang='lat' dir='ltr'><strong>nostra</strong></span> <span class='ocrx_word' id='word_1_684' title='bbox 2762 2985 2940 3050; x_wconf 88' lang='lat' dir='ltr'><strong>potest</strong></span> <span class='ocrx_word' id='word_1_685' title='bbox 2957 2976 3138 3031; x_wconf 89' lang='lat' dir='ltr'><strong>delere</strong></span> <span class='ocrx_word' id='word_1_686' title='bbox 3166 2979 3418 3044; x_wconf 84' lang='lat' dir='ltr'><strong>peccata;</strong></span> <span class='ocrx_word' id='word_1_687' title='bbox 3446 2983 3695 3041; x_wconf 64' lang='lat' dir='ltr'><strong>perversa&#39;</strong></span> 
     </span>
    </p>
   </div>
   <div class='ocr_carea' id='block_1_91' title="bbox 2107 3057 3690 3146">
    <p class='ocr_par' dir='ltr' id='par_1_91' title="bbox 2107 3057 3690 3146">
     <span class='ocr_line' id='line_1_91' title="bbox 2107 3057 3690 3146; baseline -0.016 -11"><span class='ocrx_word' id='word_1_688' title='bbox 2107 3057 2278 3134; x_wconf 72' lang='lat' dir='ltr'><strong>autem</strong></span> <span class='ocrx_word' id='word_1_689' title='bbox 2317 3085 2436 3132; x_wconf 87' lang='lat' dir='ltr'><strong>sunt</strong></span> <span class='ocrx_word' id='word_1_690' title='bbox 2473 3089 2586 3146; x_wconf 76' lang='lat' dir='ltr'><strong>qua:</strong></span> <span class='ocrx_word' id='word_1_691' title='bbox 2621 3090 2656 3127; x_wconf 82' lang='grc' dir='ltr'><strong>ιι</strong></span> <span class='ocrx_word' id='word_1_692' title='bbox 2692 3071 2912 3126; x_wconf 83' lang='lat' dir='ltr'><strong>sinistris</strong></span> <span class='ocrx_word' id='word_1_693' title='bbox 2955 3065 3135 3139; x_wconf 78' lang='lat' dir='ltr'><strong>(Prov.</strong></span> <span class='ocrx_word' id='word_1_694' title='bbox 3167 3079 3244 3130; x_wconf 89' lang='lat' dir='ltr'><strong>tv,</strong></span> <span class='ocrx_word' id='word_1_695' title='bbox 3270 3060 3399 3134; x_wconf 74' lang='grc'><strong>27),</strong></span> <span class='ocrx_word' id='word_1_696' title='bbox 3445 3057 3690 3114; x_wconf 71' lang='lat' dir='ltr'><strong>amicitia:</strong></span> 
     </span>
    </p>
   </div>
   <div class='ocr_carea' id='block_1_92' title="bbox 2108 3148 3694 3240">
    <p class='ocr_par' dir='ltr' id='par_1_92' title="bbox 2108 3148 3694 3240">
     <span class='ocr_line' id='line_1_92' title="bbox 2108 3148 3694 3240; baseline -0.015 -15"><span class='ocrx_word' id='word_1_697' title='bbox 2108 3184 2230 3226; x_wconf 89' lang='lat' dir='ltr'><strong>cum</strong></span> <span class='ocrx_word' id='word_1_698' title='bbox 2259 3167 2514 3240; x_wconf 90' lang='lat' dir='ltr'><strong>peccatis.</strong></span> <span class='ocrx_word' id='word_1_699' title='bbox 2551 3164 2711 3221; x_wconf 84' lang='lat' dir='ltr'><strong>Tales</strong></span> <span class='ocrx_word' id='word_1_700' title='bbox 2751 3161 2914 3218; x_wconf 90' lang='lat' dir='ltr'><strong>etiam</strong></span> <span class='ocrx_word' id='word_1_701' title='bbox 2957 3159 3034 3214; x_wconf 90' lang='lat' dir='ltr'><strong>illi</strong></span> <span class='ocrx_word' id='word_1_702' title='bbox 3059 3155 3242 3228; x_wconf 74' lang='lat' dir='ltr'><strong>uiginti</strong></span> <span class='ocrx_word' id='word_1_703' title='bbox 3273 3167 3533 3208; x_wconf 90' lang='lat' dir='ltr'><strong>annorum</strong></span> <span class='ocrx_word' id='word_1_704' title='bbox 3564 3148 3694 3204; x_wconf 84' lang='lat' dir='ltr'><strong>ado-</strong></span> 
     </span>
    </p>
   </div>
   <div class='ocr_carea' id='block_1_93' title="bbox 2111 3240 3692 3328">
    <p class='ocr_par' dir='ltr' id='par_1_93' title="bbox 2111 3240 3692 3328">
     <span class='ocr_line' id='line_1_93' title="bbox 2111 3240 3692 3328; baseline -0.012 -11"><span class='ocrx_word' id='word_1_705' title='bbox 2111 3259 2393 3316; x_wconf 89' lang='lat' dir='ltr'><strong>lescentuli</strong></span> <span class='ocrx_word' id='word_1_706' title='bbox 2433 3258 2656 3328; x_wconf 89' lang='lat' dir='ltr'><strong>ﬁguram</strong></span> <span class='ocrx_word' id='word_1_707' title='bbox 2705 3253 2829 3310; x_wconf 88' lang='lat' dir='ltr'><strong>novi</strong></span> <span class='ocrx_word' id='word_1_708' title='bbox 2869 3249 3054 3322; x_wconf 78' lang='lat' dir='ltr'><strong>pOpuli</strong></span> <span class='ocrx_word' id='word_1_709' title='bbox 3100 3247 3498 3318; x_wconf 71' lang='lat' dir='ltr'><strong>praemiserunt,</strong></span> <span class='ocrx_word' id='word_1_710' title='bbox 3521 3240 3692 3312; x_wconf 86' lang='lat' dir='ltr'><strong>quiin</strong></span> 
     </span>
    </p>
   </div>
   <div class='ocr_carea' id='block_1_94' title="bbox 2111 3333 3692 3420">
    <p class='ocr_par' dir='ltr' id='par_1_94' title="bbox 2111 3333 3692 3420">
     <span class='ocr_line' id='line_1_94' title="bbox 2111 3333 3692 3420; baseline -0.016 -12"><span class='ocrx_word' id='word_1_711' title='bbox 2111 3359 2308 3408; x_wconf 88' lang='lat' dir='ltr'><strong>terram</strong></span> <span class='ocrx_word' id='word_1_712' title='bbox 2349 3344 2719 3420; x_wconf 86' lang='lat' dir='ltr'><strong>promissionis</strong></span> <span class='ocrx_word' id='word_1_713' title='bbox 2756 3343 3044 3404; x_wconf 87' lang='lat' dir='ltr'><strong>intrarunt,</strong></span> <span class='ocrx_word' id='word_1_714' title='bbox 3073 3338 3162 3408; x_wconf 91' lang='lat' dir='ltr'><strong>qui</strong></span> <span class='ocrx_word' id='word_1_715' title='bbox 3199 3349 3299 3392; x_wconf 91' lang='lat' dir='ltr'><strong>nec</strong></span> <span class='ocrx_word' id='word_1_716' title='bbox 3337 3335 3391 3390; x_wconf 92' lang='lat' dir='ltr'><strong>in</strong></span> <span class='ocrx_word' id='word_1_717' title='bbox 3419 3333 3692 3388; x_wconf 85' lang='lat' dir='ltr'><strong>dexteram</strong></span> 
     </span>
    </p>
   </div>
   <div class='ocr_carea' id='block_1_95' title="bbox 2111 3421 3692 3499">
    <p class='ocr_par' dir='ltr' id='par_1_95' title="bbox 2111 3421 3692 3499">
     <span class='ocr_line' id='line_1_95' title="bbox 2111 3421 3692 3499; baseline -0.015 0"><span class='ocrx_word' id='word_1_718' title='bbox 2111 3458 2213 3499; x_wconf 90' lang='lat' dir='ltr'><strong>nec</strong></span> <span class='ocrx_word' id='word_1_719' title='bbox 2239 3443 2290 3498; x_wconf 92' lang='lat' dir='ltr'><strong>in</strong></span> <span class='ocrx_word' id='word_1_720' title='bbox 2318 3441 2588 3496; x_wconf 85' lang='lat' dir='ltr'><strong>sinistram</strong></span> <span class='ocrx_word' id='word_1_721' title='bbox 2625 3435 2754 3492; x_wconf 88' lang='lat' dir='ltr'><strong>dicti</strong></span> <span class='ocrx_word' id='word_1_722' title='bbox 2789 3441 2914 3490; x_wconf 91' lang='lat' dir='ltr'><strong>sunt</strong></span> <span class='ocrx_word' id='word_1_723' title='bbox 2951 3429 3251 3486; x_wconf 79' lang='lat' dir='ltr'><strong>declinasse</strong></span> <span class='ocrx_word' id='word_1_724' title='bbox 3277 3424 3376 3498; x_wconf 84' lang='grc' dir='ltr'><strong>(α).</strong></span> <span class='ocrx_word' id='word_1_725' title='bbox 3409 3423 3524 3480; x_wconf 81' lang='lat' dir='ltr'><strong>Non</strong></span> <span class='ocrx_word' id='word_1_726' title='bbox 3551 3421 3692 3478; x_wconf 89' lang='lat' dir='ltr'><strong>enim</strong></span> 
     </span>
    </p>
   </div>
   <div class='ocr_carea' id='block_1_96' title="bbox 2111 3517 3697 3606">
    <p class='ocr_par' dir='ltr' id='par_1_96' title="bbox 2111 3517 3697 3606">
     <span class='ocr_line' id='line_1_96' title="bbox 2111 3517 3697 3606; baseline -0.015 -17"><span class='ocrx_word' id='word_1_727' title='bbox 2111 3532 2299 3606; x_wconf 90' lang='lat' dir='ltr'><strong>viginti</strong></span> <span class='ocrx_word' id='word_1_728' title='bbox 2323 3545 2584 3588; x_wconf 89' lang='lat' dir='ltr'><strong>annorum</strong></span> <span class='ocrx_word' id='word_1_729' title='bbox 2605 3537 2734 3583; x_wconf 68' lang='lat' dir='ltr'><strong>tetas</strong></span> <span class='ocrx_word' id='word_1_730' title='bbox 2755 3520 3112 3594; x_wconf 87' lang='lat' dir='ltr'><strong>comparanda</strong></span> <span class='ocrx_word' id='word_1_731' title='bbox 3128 3527 3213 3574; x_wconf 90' lang='lat' dir='ltr'><strong>est</strong></span> <span class='ocrx_word' id='word_1_732' title='bbox 3237 3517 3557 3573; x_wconf 72' lang='lat' dir='ltr'><strong>innocentia:</strong></span> <span class='ocrx_word' id='word_1_733' title='bbox 3577 3529 3697 3584; x_wconf 85' lang='lat' dir='ltr'><strong>par-</strong></span> 
     </span>
    </p>
   </div>
   <div class='ocr_carea' id='block_1_97' title="bbox 2111 3605 3696 3688">
    <p class='ocr_par' dir='ltr' id='par_1_97' title="bbox 2111 3605 3696 3688">
     <span class='ocr_line' id='line_1_97' title="bbox 2111 3605 3696 3688; baseline -0.016 -4"><span class='ocrx_word' id='word_1_734' title='bbox 2111 3605 2358 3684; x_wconf 87' lang='lat' dir='ltr'><strong>vulorum</strong></span> <span class='ocrx_word' id='word_1_735' title='bbox 2385 3642 2398 3680; x_wconf 90' lang='lat'>:</span> <span class='ocrx_word' id='word_1_736' title='bbox 2421 3622 2540 3688; x_wconf 90' lang='lat' dir='ltr'><strong>sed,</strong></span> <span class='ocrx_word' id='word_1_737' title='bbox 2569 3621 2622 3676; x_wconf 93' lang='lat' dir='ltr'><strong>ni</strong></span> <span class='ocrx_word' id='word_1_738' title='bbox 2649 3619 2824 3687; x_wconf 87' lang='lat' dir='ltr'><strong>fallor,</strong></span> <span class='ocrx_word' id='word_1_739' title='bbox 2854 3616 2941 3672; x_wconf 89' lang='lat' dir='ltr'><strong>hic</strong></span> <span class='ocrx_word' id='word_1_740' title='bbox 2980 3625 3233 3670; x_wconf 89' lang='lat' dir='ltr'><strong>numerus</strong></span> <span class='ocrx_word' id='word_1_741' title='bbox 3277 3609 3560 3679; x_wconf 84' lang='lat' dir='ltr'><strong>mysticum</strong></span> <span class='ocrx_word' id='word_1_742' title='bbox 3597 3605 3696 3659; x_wconf 84' lang='lat' dir='ltr'><strong>ali-</strong></span> 
     </span>
    </p>
   </div>
   <div class='ocr_carea' id='block_1_98' title="bbox 2113 3699 3696 3790">
    <p class='ocr_par' dir='ltr' id='par_1_98' title="bbox 2113 3699 3696 3790">
     <span class='ocr_line' id='line_1_98' title="bbox 2113 3699 3696 3790; baseline -0.015 -17"><span class='ocrx_word' id='word_1_743' title='bbox 2113 3717 2240 3790; x_wconf 88' lang='lat' dir='ltr'><strong>qnid</strong></span> <span class='ocrx_word' id='word_1_744' title='bbox 2260 3713 2542 3771; x_wconf 85' lang='lat' dir='ltr'><strong>adumbrat</strong></span> <span class='ocrx_word' id='word_1_745' title='bbox 2569 3720 2624 3767; x_wconf 91' lang='lat' dir='ltr'><strong>et</strong></span> <span class='ocrx_word' id='word_1_746' title='bbox 2651 3715 2887 3765; x_wconf 85' lang='lat' dir='ltr'><strong>resonat.</strong></span> <span class='ocrx_word' id='word_1_747' title='bbox 2923 3705 3088 3760; x_wconf 78' lang='lat' dir='ltr'><strong>Vetus</strong></span> <span class='ocrx_word' id='word_1_748' title='bbox 3117 3705 3261 3758; x_wconf 85' lang='lat' dir='ltr'><strong>enim</strong></span> <span class='ocrx_word' id='word_1_749' title='bbox 3291 3699 3696 3754; x_wconf 81' lang='lat' dir='ltr'><strong>Testamentum</strong></span> 
     </span>
    </p>
   </div>
   <div class='ocr_carea' id='block_1_99' title="bbox 2115 3792 3700 3879">
    <p class='ocr_par' dir='ltr' id='par_1_99' title="bbox 2115 3792 3700 3879">
     <span class='ocr_line' id='line_1_99' title="bbox 2115 3792 3700 3879; baseline -0.016 -15"><span class='ocrx_word' id='word_1_750' title='bbox 2115 3810 2167 3864; x_wconf 81' lang='lat' dir='ltr'><strong>iu</strong></span> <span class='ocrx_word' id='word_1_751' title='bbox 2193 3808 2428 3879; x_wconf 86' lang='lat' dir='ltr'><strong>quinque</strong></span> <span class='ocrx_word' id='word_1_752' title='bbox 2467 3801 2636 3874; x_wconf 80' lang='lat' dir='ltr'><strong>Moysi</strong></span> <span class='ocrx_word' id='word_1_753' title='bbox 2675 3799 2829 3857; x_wconf 85' lang='lat' dir='ltr'><strong>libris</strong></span> <span class='ocrx_word' id='word_1_754' title='bbox 2857 3796 3100 3862; x_wconf 88' lang='lat' dir='ltr'><strong>excellit,</strong></span> <span class='ocrx_word' id='word_1_755' title='bbox 3126 3792 3334 3848; x_wconf 81' lang='lat' dir='ltr'><strong>Novum</strong></span> <span class='ocrx_word' id='word_1_756' title='bbox 3360 3800 3538 3845; x_wconf 89' lang='lat' dir='ltr'><strong>autem</strong></span> <span class='ocrx_word' id='word_1_757' title='bbox 3566 3802 3700 3858; x_wconf 88' lang='lat' dir='ltr'><strong>qua-</strong></span> 
     </span>
    </p>
   </div>
   <div class='ocr_carea' id='block_1_100' title="bbox 2115 3877 3697 3966">
    <p class='ocr_par' dir='ltr' id='par_1_100' title="bbox 2115 3877 3697 3966">
     <span class='ocr_line' id='line_1_100' title="bbox 2115 3877 3697 3966; baseline -0.015 -10"><span class='ocrx_word' id='word_1_758' title='bbox 2115 3877 2236 3956; x_wconf 84' lang='lat' dir='ltr'><strong>tuor</strong></span> <span class='ocrx_word' id='word_1_759' title='bbox 2262 3895 2671 3966; x_wconf 78' lang='lat' dir='ltr'><strong>Evangeliorum</strong></span> <span class='ocrx_word' id='word_1_760' title='bbox 2695 3890 3013 3946; x_wconf 87' lang='lat' dir='ltr'><strong>auctoritate</strong></span> <span class='ocrx_word' id='word_1_761' title='bbox 3036 3883 3350 3960; x_wconf 68' lang='lat' dir='ltr'><strong>prtefulget;</strong></span> <span class='ocrx_word' id='word_1_762' title='bbox 3380 3881 3470 3952; x_wconf 87' lang='lat' dir='ltr'><strong>qui</strong></span> <span class='ocrx_word' id='word_1_763' title='bbox 3489 3877 3697 3936; x_wconf 88' lang='lat' dir='ltr'><strong>numeri</strong></span> 
     </span>
    </p>
   </div>
   <div class='ocr_carea' id='block_1_101' title="bbox 2113 3975 3701 4064">
    <p class='ocr_par' dir='ltr' id='par_1_101' title="bbox 2113 3975 3701 4064">
     <span class='ocr_line' id='line_1_101' title="bbox 2113 3975 3701 4064; baseline -0.014 -17"><span class='ocrx_word' id='word_1_764' title='bbox 2113 4005 2213 4064; x_wconf 90' lang='lat' dir='ltr'><strong>per</strong></span> <span class='ocrx_word' id='word_1_765' title='bbox 2253 4005 2313 4045; x_wconf 90' lang='lat' dir='ltr'><strong>se</strong></span> <span class='ocrx_word' id='word_1_766' title='bbox 2359 3985 2693 4057; x_wconf 86' lang='lat' dir='ltr'><strong>multiplicati</strong></span> <span class='ocrx_word' id='word_1_767' title='bbox 2735 3982 2804 4042; x_wconf 87' lang='lat' dir='ltr'><strong>ad</strong></span> <span class='ocrx_word' id='word_1_768' title='bbox 2848 3981 3093 4037; x_wconf 88' lang='lat' dir='ltr'><strong>vicenum</strong></span> <span class='ocrx_word' id='word_1_769' title='bbox 3131 3975 3701 4048; x_wconf 80' lang='lat' dir='ltr'><strong>perveniuntzquater</strong></span> 
     </span>
    </p>
   </div>
   <div class='ocr_carea' id='block_1_102' title="bbox 2115 4061 3701 4152">
    <p class='ocr_par' dir='ltr' id='par_1_102' title="bbox 2115 4061 3701 4152">
     <span class='ocr_line' id='line_1_102' title="bbox 2115 4061 3701 4152; baseline -0.016 -12"><span class='ocrx_word' id='word_1_770' title='bbox 2115 4061 2258 4140; x_wconf 80' lang='lat' dir='ltr'><strong>enim</strong></span> <span class='ocrx_word' id='word_1_771' title='bbox 2285 4079 2455 4152; x_wconf 89' lang='lat' dir='ltr'><strong>quini,</strong></span> <span class='ocrx_word' id='word_1_772' title='bbox 2488 4077 2572 4133; x_wconf 90' lang='lat' dir='ltr'><strong>vel</strong></span> <span class='ocrx_word' id='word_1_773' title='bbox 2599 4073 2882 4148; x_wconf 87' lang='lat' dir='ltr'><strong>quinquies</strong></span> <span class='ocrx_word' id='word_1_774' title='bbox 2909 4069 3182 4142; x_wconf 87' lang='lat' dir='ltr'><strong>quaterni,</strong></span> <span class='ocrx_word' id='word_1_775' title='bbox 3205 4065 3390 4138; x_wconf 91' lang='lat' dir='ltr'><strong>viginti</strong></span> <span class='ocrx_word' id='word_1_776' title='bbox 3418 4072 3564 4120; x_wconf 85' lang='lat' dir='ltr'><strong>sunt.</strong></span> <span class='ocrx_word' id='word_1_777' title='bbox 3593 4061 3701 4116; x_wconf 84' lang='lat' dir='ltr'><strong>Ta-</strong></span> 
     </span>
    </p>
   </div>
   <div class='ocr_carea' id='block_1_103' title="bbox 2114 4152 3698 4241">
    <p class='ocr_par' dir='ltr' id='par_1_103' title="bbox 2114 4152 3698 4241">
     <span class='ocr_line' id='line_1_103' title="bbox 2114 4152 3698 4241; baseline -0.015 -14"><span class='ocrx_word' id='word_1_778' title='bbox 2114 4171 2184 4228; x_wconf 89' lang='lat' dir='ltr'><strong>lis</strong></span> <span class='ocrx_word' id='word_1_779' title='bbox 2227 4168 2473 4241; x_wconf 90' lang='lat' dir='ltr'><strong>populus,</strong></span> <span class='ocrx_word' id='word_1_780' title='bbox 2505 4174 2564 4222; x_wconf 93' lang='lat' dir='ltr'><strong>ut</strong></span> <span class='ocrx_word' id='word_1_781' title='bbox 2592 4163 2838 4236; x_wconf 84' lang='lat' dir='ltr'><strong>praedixi,</strong></span> <span class='ocrx_word' id='word_1_782' title='bbox 2871 4159 3112 4216; x_wconf 90' lang='lat' dir='ltr'><strong>eruditus</strong></span> <span class='ocrx_word' id='word_1_783' title='bbox 3150 4158 3204 4212; x_wconf 92' lang='lat' dir='ltr'><strong>in</strong></span> <span class='ocrx_word' id='word_1_784' title='bbox 3241 4169 3410 4225; x_wconf 90' lang='lat' dir='ltr'><strong>regno</strong></span> <span class='ocrx_word' id='word_1_785' title='bbox 3438 4152 3698 4208; x_wconf 65' lang='lat' dir='ltr'><strong>caelorum.</strong></span> 
     </span>
    </p>
   </div>
   <div class='ocr_carea' id='block_1_104' title="bbox 2116 4243 3698 4332">
    <p class='ocr_par' dir='ltr' id='par_1_104' title="bbox 2116 4243 3698 4332">
     <span class='ocr_line' id='line_1_104' title="bbox 2116 4243 3698 4332; baseline -0.015 -13"><span class='ocrx_word' id='word_1_786' title='bbox 2116 4277 2214 4332; x_wconf 90' lang='lat' dir='ltr'><strong>per</strong></span> <span class='ocrx_word' id='word_1_787' title='bbox 2241 4260 2347 4317; x_wconf 87' lang='lat' dir='ltr'><strong>duo</strong></span> <span class='ocrx_word' id='word_1_788' title='bbox 2374 4259 2737 4322; x_wconf 84' lang='lat' dir='ltr'><strong>Testamenta,</strong></span> <span class='ocrx_word' id='word_1_789' title='bbox 2769 4253 2936 4309; x_wconf 81' lang='lat' dir='ltr'><strong>Vetus</strong></span> <span class='ocrx_word' id='word_1_790' title='bbox 2957 4257 3011 4306; x_wconf 90' lang='lat' dir='ltr'><strong>et</strong></span> <span class='ocrx_word' id='word_1_791' title='bbox 3030 4248 3258 4314; x_wconf 86' lang='lat' dir='ltr'><strong>Novum,</strong></span> <span class='ocrx_word' id='word_1_792' title='bbox 3288 4261 3396 4301; x_wconf 90' lang='lat' dir='ltr'><strong>non</strong></span> <span class='ocrx_word' id='word_1_793' title='bbox 3424 4243 3698 4299; x_wconf 82' lang='lat' dir='ltr'><strong>declinans</strong></span> 
     </span>
    </p>
   </div>
   <div class='ocr_carea' id='block_1_105' title="bbox 2117 4334 3701 4420">
    <p class='ocr_par' dir='ltr' id='par_1_105' title="bbox 2117 4334 3701 4420">
     <span class='ocr_line' id='line_1_105' title="bbox 2117 4334 3701 4420; baseline -0.013 -11"><span class='ocrx_word' id='word_1_794' title='bbox 2117 4355 2172 4409; x_wconf 89' lang='lat' dir='ltr'><strong>in</strong></span> <span class='ocrx_word' id='word_1_795' title='bbox 2197 4353 2472 4408; x_wconf 85' lang='lat' dir='ltr'><strong>dexteram</strong></span> <span class='ocrx_word' id='word_1_796' title='bbox 2493 4349 2720 4420; x_wconf 91' lang='lat' dir='ltr'><strong>superba</strong></span> <span class='ocrx_word' id='word_1_797' title='bbox 2750 4341 3166 4418; x_wconf 59' lang='lat' dir='ltr'><strong>praesumptione</strong></span> <span class='ocrx_word' id='word_1_798' title='bbox 3180 4337 3424 4411; x_wconf 68' lang='lat' dir='ltr'><strong>iustitiae,</strong></span> <span class='ocrx_word' id='word_1_799' title='bbox 3445 4350 3620 4406; x_wconf 85' lang='lat' dir='ltr'><strong>neque</strong></span> <span class='ocrx_word' id='word_1_800' title='bbox 3645 4334 3701 4388; x_wconf 91' lang='lat' dir='ltr'><strong>in</strong></span> 
     </span>
    </p>
   </div>
   <div class='ocr_carea' id='block_1_106' title="bbox 2119 4429 3699 4504">
    <p class='ocr_par' dir='ltr' id='par_1_106' title="bbox 2119 4429 3699 4504">
     <span class='ocr_line' id='line_1_106' title="bbox 2119 4429 3699 4504; baseline -0.014 -5"><span class='ocrx_word' id='word_1_801' title='bbox 2119 4443 2390 4499; x_wconf 86' lang='lat' dir='ltr'><strong>sinistram</strong></span> <span class='ocrx_word' id='word_1_802' title='bbox 2415 4455 2602 4496; x_wconf 88' lang='lat' dir='ltr'><strong>secura</strong></span> <span class='ocrx_word' id='word_1_803' title='bbox 2618 4436 2974 4492; x_wconf 86' lang='lat' dir='ltr'><strong>delectatione</strong></span> <span class='ocrx_word' id='word_1_804' title='bbox 2992 4431 3198 4504; x_wconf 88' lang='lat' dir='ltr'><strong>peccati</strong></span> <span class='ocrx_word' id='word_1_805' title='bbox 3217 4431 3258 4500; x_wconf 57' lang='grc' dir='ltr'>ξ,</span> <span class='ocrx_word' id='word_1_806' title='bbox 3283 4429 3335 4483; x_wconf 92' lang='lat' dir='ltr'><strong>in</strong></span> <span class='ocrx_word' id='word_1_807' title='bbox 3361 4437 3556 4482; x_wconf 87' lang='lat' dir='ltr'><strong>terram</strong></span> <span class='ocrx_word' id='word_1_808' title='bbox 3575 4440 3699 4496; x_wconf 85' lang='lat' dir='ltr'><strong>pro-</strong></span> 
     </span>
    </p>
   </div>
   <div class='ocr_carea' id='block_1_107' title="bbox 2119 4519 3708 4594">
    <p class='ocr_par' dir='ltr' id='par_1_107' title="bbox 2119 4519 3708 4594">
     <span class='ocr_line' id='line_1_107' title="bbox 2119 4519 3708 4594; baseline -0.013 -6"><span class='ocrx_word' id='word_1_809' title='bbox 2119 4531 2392 4588; x_wconf 88' lang='lat' dir='ltr'><strong>missionis</strong></span> <span class='ocrx_word' id='word_1_810' title='bbox 2421 4527 2640 4584; x_wconf 88' lang='lat' dir='ltr'><strong>iutrabit</strong></span> <span class='ocrx_word' id='word_1_811' title='bbox 2663 4544 2676 4578; x_wconf 90' lang='lat'>:</span> <span class='ocrx_word' id='word_1_812' title='bbox 2697 4526 2784 4581; x_wconf 90' lang='lat' dir='ltr'><strong>ubi</strong></span> <span class='ocrx_word' id='word_1_813' title='bbox 2809 4525 2920 4594; x_wconf 84' lang='lat' dir='ltr'><strong>jam</strong></span> <span class='ocrx_word' id='word_1_814' title='bbox 2969 4530 3187 4594; x_wconf 81' lang='lat' dir='ltr'><strong>peceata</strong></span> <span class='ocrx_word' id='word_1_815' title='bbox 3225 4519 3447 4574; x_wconf 88' lang='lat' dir='ltr'><strong>ulterius</strong></span> <span class='ocrx_word' id='word_1_816' title='bbox 3476 4531 3586 4591; x_wconf 72' lang='lat' dir='ltr'><strong>nec</strong></span> <span class='ocrx_word' id='word_1_817' title='bbox 3608 4530 3708 4569; x_wconf 86' lang='lat' dir='ltr'><strong>no-</strong></span> 
     </span>
    </p>
   </div>
   <div class='ocr_carea' id='block_1_108' title="bbox 2121 4609 3709 4692">
    <p class='ocr_par' dir='ltr' id='par_1_108' title="bbox 2121 4609 3709 4692">
     <span class='ocr_line' id='line_1_108' title="bbox 2121 4609 3709 4692; baseline -0.013 -11"><span class='ocrx_word' id='word_1_818' title='bbox 2121 4625 2206 4680; x_wconf 87' lang='lat' dir='ltr'><strong>bis</strong></span> <span class='ocrx_word' id='word_1_819' title='bbox 2227 4622 2473 4680; x_wconf 88' lang='lat' dir='ltr'><strong>donanda</strong></span> <span class='ocrx_word' id='word_1_820' title='bbox 2495 4630 2766 4692; x_wconf 87' lang='lat' dir='ltr'><strong>optemus,</strong></span> <span class='ocrx_word' id='word_1_821' title='bbox 2797 4632 2896 4673; x_wconf 89' lang='lat' dir='ltr'><strong>nec</strong></span> <span class='ocrx_word' id='word_1_822' title='bbox 2934 4617 2986 4671; x_wconf 91' lang='lat' dir='ltr'><strong>in</strong></span> <span class='ocrx_word' id='word_1_823' title='bbox 3028 4615 3184 4670; x_wconf 89' lang='lat' dir='ltr'><strong>nobis</strong></span> <span class='ocrx_word' id='word_1_824' title='bbox 3223 4610 3492 4683; x_wconf 85' lang='lat' dir='ltr'><strong>punienda</strong></span> <span class='ocrx_word' id='word_1_825' title='bbox 3521 4609 3709 4663; x_wconf 81' lang='lat' dir='ltr'><strong>timea-</strong></span> 
     </span>
    </p>
   </div>
   <div class='ocr_carea' id='block_1_109' title="bbox 2121 4699 3707 4785">
    <p class='ocr_par' dir='ltr' id='par_1_109' title="bbox 2121 4699 3707 4785">
     <span class='ocr_line' id='line_1_109' title="bbox 2121 4699 3707 4785; baseline -0.013 -11"><span class='ocrx_word' id='word_1_826' title='bbox 2121 4733 2262 4785; x_wconf 90' lang='lat' dir='ltr'><strong>mus,</strong></span> <span class='ocrx_word' id='word_1_827' title='bbox 2293 4716 2360 4772; x_wconf 89' lang='lat' dir='ltr'><strong>ab</strong></span> <span class='ocrx_word' id='word_1_828' title='bbox 2387 4715 2481 4770; x_wconf 90' lang='lat' dir='ltr'><strong>illo</strong></span> <span class='ocrx_word' id='word_1_829' title='bbox 2509 4711 2869 4781; x_wconf 81' lang='lat' dir='ltr'><strong>Redemptore</strong></span> <span class='ocrx_word' id='word_1_830' title='bbox 2894 4707 3126 4772; x_wconf 87' lang='lat' dir='ltr'><strong>liberati,</strong></span> <span class='ocrx_word' id='word_1_831' title='bbox 3157 4707 3249 4777; x_wconf 90' lang='lat' dir='ltr'><strong>qui</strong></span> <span class='ocrx_word' id='word_1_832' title='bbox 3279 4721 3384 4760; x_wconf 85' lang='lat' dir='ltr'><strong>non</strong></span> <span class='ocrx_word' id='word_1_833' title='bbox 3411 4699 3707 4758; x_wconf 84' lang='lat' dir='ltr'><strong>venumda-</strong></span> 
     </span>
    </p>
   </div>
   <div class='ocr_carea' id='block_1_110' title="bbox 2122 4795 3710 4878">
    <p class='ocr_par' dir='ltr' id='par_1_110' title="bbox 2122 4795 3710 4878">
     <span class='ocr_line' id='line_1_110' title="bbox 2122 4795 3710 4878; baseline -0.011 -13"><span class='ocrx_word' id='word_1_834' title='bbox 2122 4819 2208 4866; x_wconf 90' lang='lat' dir='ltr'><strong>tus</strong></span> <span class='ocrx_word' id='word_1_835' title='bbox 2227 4808 2328 4864; x_wconf 88' lang='lat' dir='ltr'><strong>sub</strong></span> <span class='ocrx_word' id='word_1_836' title='bbox 2353 4815 2596 4878; x_wconf 84' lang='lat' dir='ltr'><strong>peccato,</strong></span> <span class='ocrx_word' id='word_1_837' title='bbox 2627 4803 2855 4860; x_wconf 89' lang='lat' dir='ltr'><strong>redemit</strong></span> <span class='ocrx_word' id='word_1_838' title='bbox 2885 4801 3044 4857; x_wconf 77' lang='lat' dir='ltr'><strong>Israel</strong></span> <span class='ocrx_word' id='word_1_839' title='bbox 3074 4799 3145 4855; x_wconf 89' lang='lat' dir='ltr'><strong>ab</strong></span> <span class='ocrx_word' id='word_1_840' title='bbox 3173 4799 3424 4854; x_wconf 90' lang='lat' dir='ltr'><strong>omnibus</strong></span> <span class='ocrx_word' id='word_1_841' title='bbox 3455 4795 3710 4866; x_wconf 79' lang='lat' dir='ltr'><strong>iniquita-</strong></span> 
     </span>
    </p>
   </div>
   <div class='ocr_carea' id='block_1_111' title="bbox 2123 4887 3708 4972">
    <p class='ocr_par' dir='ltr' id='par_1_111' title="bbox 2123 4887 3708 4972">
     <span class='ocr_line' id='line_1_111' title="bbox 2123 4887 3708 4972; baseline -0.011 -14"><span class='ocrx_word' id='word_1_842' title='bbox 2123 4902 2266 4958; x_wconf 89' lang='lat' dir='ltr'><strong>tibus</strong></span> <span class='ocrx_word' id='word_1_843' title='bbox 2295 4895 2432 4972; x_wconf 86' lang='lat' dir='ltr'><strong>ejus,</strong></span> <span class='ocrx_word' id='word_1_844' title='bbox 2473 4900 2586 4956; x_wconf 88' lang='lat' dir='ltr'><strong>sive</strong></span> <span class='ocrx_word' id='word_1_845' title='bbox 2624 4897 2839 4969; x_wconf 88' lang='lat' dir='ltr'><strong>propria</strong></span> <span class='ocrx_word' id='word_1_846' title='bbox 2871 4893 3187 4966; x_wconf 88' lang='lat' dir='ltr'><strong>cujusquam</strong></span> <span class='ocrx_word' id='word_1_847' title='bbox 3204 4893 3226 4924; x_wconf 79' lang='grc'>⁸</span> <span class='ocrx_word' id='word_1_848' title='bbox 3250 4891 3354 4946; x_wconf 84' lang='lat' dir='ltr'><strong>vita</strong></span> <span class='ocrx_word' id='word_1_849' title='bbox 3379 4887 3708 4954; x_wconf 89' lang='lat' dir='ltr'><strong>commissis,</strong></span> 
     </span>
    </p>
   </div>
   <div class='ocr_carea' id='block_1_112' title="bbox 2129 4990 2820 5064">
    <p class='ocr_par' dir='ltr' id='par_1_112' title="bbox 2129 4990 2820 5064">
     <span class='ocr_line' id='line_1_112' title="bbox 2129 4990 2820 5064; baseline -0.012 -14"><span class='ocrx_word' id='word_1_850' title='bbox 2129 4995 2244 5050; x_wconf 86' lang='lat' dir='ltr'><strong>sive</strong></span> <span class='ocrx_word' id='word_1_851' title='bbox 2265 4992 2596 5064; x_wconf 82' lang='lat' dir='ltr'><strong>originaliter</strong></span> <span class='ocrx_word' id='word_1_852' title='bbox 2615 4990 2820 5046; x_wconf 89' lang='lat' dir='ltr'><strong>tractis.</strong></span> 
     </span>
    </p>
   </div>
   <div class='ocr_carea' id='block_1_113' title="bbox 2194 5071 3714 5140">
    <p class='ocr_par' dir='ltr' id='par_1_113' title="bbox 2194 5071 3714 5140">
     <span class='ocr_line' id='line_1_113' title="bbox 2194 5071 3714 5140; baseline -0.009 -1"><span class='ocrx_word' id='word_1_853' title='bbox 2194 5083 2419 5140; x_wconf 76' lang='lat' dir='ltr'><strong>CAPUT</strong></span> <span class='ocrx_word' id='word_1_854' title='bbox 2440 5079 2848 5137; x_wconf 75' lang='lat' dir='ltr'><strong>XXXVl.——58.</strong></span> <span class='ocrx_word' id='word_1_855' title='bbox 2867 5078 2948 5132; x_wconf 77' lang='lat' dir='ltr'><strong>An</strong></span> <span class='ocrx_word' id='word_1_856' title='bbox 2967 5078 3139 5132; x_wconf 82' lang='lat' dir='ltr'><strong>anima</strong></span> <span class='ocrx_word' id='word_1_857' title='bbox 3157 5092 3222 5132; x_wconf 80' lang='lat' dir='ltr'><strong>ea:</strong></span> <span class='ocrx_word' id='word_1_858' title='bbox 3239 5074 3463 5130; x_wconf 75' lang='lat' dir='ltr'><strong>traduce.</strong></span> <span class='ocrx_word' id='word_1_859' title='bbox 3487 5071 3552 5126; x_wconf 84' lang='lat' dir='ltr'><strong>In</strong></span> <span class='ocrx_word' id='word_1_860' title='bbox 3565 5072 3714 5127; x_wconf 74' lang='lat' dir='ltr'><strong>rebus</strong></span> 
     </span>
    </p>
   </div>
   <div class='ocr_carea' id='block_1_114' title="bbox 2124 5248 3718 5390">
    <p class='ocr_par' dir='ltr' id='par_1_114' title="bbox 2124 5248 3718 5390">
     <span class='ocr_line' id='line_1_114' title="bbox 2124 5248 3718 5390; baseline -0.007 -78"><span class='ocrx_word' id='word_1_861' title='bbox 2124 5261 2457 5390; x_wconf 48' lang='grc' dir='ltr'><strong>μὲεἳῗέιίαιιιί</strong></span> <span class='ocrx_word' id='word_1_862' title='bbox 2491 5267 2716 5326; x_wconf 87' lang='lat' dir='ltr'><strong>quatuor,</strong></span> <span class='ocrx_word' id='word_1_863' title='bbox 2750 5266 2803 5310; x_wconf 89' lang='lat' dir='ltr'><strong>et</strong></span> <span class='ocrx_word' id='word_1_864' title='bbox 2825 5266 2932 5310; x_wconf 91' lang='lat' dir='ltr'><strong>tres</strong></span> <span class='ocrx_word' id='word_1_865' title='bbox 2963 5254 3174 5308; x_wconf 65' lang='lat' dir='ltr'><strong>Vaticani</strong></span> <span class='ocrx_word' id='word_1_866' title='bbox 3210 5253 3420 5313; x_wconf 88' lang='lat' dir='ltr'><strong>codices,</strong></span> <span class='ocrx_word' id='word_1_867' title='bbox 3462 5248 3718 5303; x_wconf 80' lang='lat' dir='ltr'><strong>dilectione</strong></span> 
     </span>
    </p>
   </div>
   <div class='ocr_carea' id='block_1_115' title="bbox 2185 5337 2326 5376">
    <p class='ocr_par' dir='ltr' id='par_1_115' title="bbox 2185 5337 2326 5376">
     <span class='ocr_line' id='line_1_115' title="bbox 2185 5337 2326 5376; baseline -0.014 -1"><span class='ocrx_word' id='word_1_868' title='bbox 2185 5337 2326 5376; x_wconf 74' lang='grc' dir='ltr'>εειιιι.</span> 
     </span>
    </p>
   </div>
   <div class='ocr_carea' id='block_1_116' title="bbox 2189 5372 3718 5443">
    <p class='ocr_par' dir='ltr' id='par_1_116' title="bbox 2189 5372 3718 5443">
     <span class='ocr_line' id='line_1_116' title="bbox 2189 5372 3718 5443; baseline -0.01 -7"><span class='ocrx_word' id='word_1_869' title='bbox 2189 5372 2307 5436; x_wconf 48' lang='grc' dir='ltr'><strong>δ’δίιὲ</strong></span> <span class='ocrx_word' id='word_1_870' title='bbox 2343 5397 2516 5435; x_wconf 85' lang='lat' dir='ltr'><strong>omnes</strong></span> <span class='ocrx_word' id='word_1_871' title='bbox 2557 5379 2780 5443; x_wconf 83' lang='lat' dir='ltr'><strong>Gallicani</strong></span> <span class='ocrx_word' id='word_1_872' title='bbox 2811 5379 3143 5443; x_wconf 68' lang='lat' dir='ltr'><strong>manuscripti.</strong></span> <span class='ocrx_word' id='word_1_873' title='bbox 3181 5383 3238 5443; x_wconf 59' lang='grc' dir='ltr'><strong>Α).</strong></span> <span class='ocrx_word' id='word_1_874' title='bbox 3273 5375 3420 5434; x_wconf 88' lang='lat' dir='ltr'><strong>editi,</strong></span> <span class='ocrx_word' id='word_1_875' title='bbox 3461 5372 3718 5436; x_wconf 70' lang='lat' dir='ltr'><strong>adusque.</strong></span> 
     </span>
    </p>
   </div>
   <div class='ocr_carea' id='block_1_117' title="bbox 2123 5439 3718 5505">
    <p class='ocr_par' dir='ltr' id='par_1_117' title="bbox 2123 5439 3718 5505">
     <span class='ocr_line' id='line_1_117' title="bbox 2123 5439 3718 5505; baseline -0.011 -8"><span class='ocrx_word' id='word_1_876' title='bbox 2123 5455 2220 5498; x_wconf 69' lang='lat' dir='ltr'><strong>ttat!</strong></span> <span class='ocrx_word' id='word_1_877' title='bbox 2255 5449 2380 5498; x_wconf 88' lang='lat' dir='ltr'><strong>forte</strong></span> <span class='ocrx_word' id='word_1_878' title='bbox 2413 5460 2532 5496; x_wconf 89' lang='lat' dir='ltr'><strong>voce</strong></span> <span class='ocrx_word' id='word_1_879' title='bbox 2563 5445 2632 5494; x_wconf 87' lang='lat' dir='ltr'><strong>uti</strong></span> <span class='ocrx_word' id='word_1_880' title='bbox 2673 5442 2828 5494; x_wconf 89' lang='lat' dir='ltr'><strong>uoluit</strong></span> <span class='ocrx_word' id='word_1_881' title='bbox 2854 5439 3143 5505; x_wconf 76' lang='lat' dir='ltr'><strong>Augustinus</strong></span> <span class='ocrx_word' id='word_1_882' title='bbox 3172 5439 3222 5489; x_wconf 80' lang='grc' dir='ltr'><strong>οὶ</strong></span> <span class='ocrx_word' id='word_1_883' title='bbox 3267 5451 3449 5505; x_wconf 70' lang='lat' dir='ltr'><strong>eorum</strong></span> <span class='ocrx_word' id='word_1_884' title='bbox 3479 5447 3718 5505; x_wconf 74' lang='lat' dir='ltr'><strong>errorem,</strong></span> 
     </span>
    </p>
   </div>
   <div class='ocr_carea' id='block_1_118' title="bbox 2123 5495 3724 5577">
    <p class='ocr_par' dir='ltr' id='par_1_118' title="bbox 2123 5495 3724 5577">
     <span class='ocr_line' id='line_1_118' title="bbox 2123 5495 3724 5577; baseline -0.009 -19"><span class='ocrx_word' id='word_1_885' title='bbox 2123 5495 2208 5577; x_wconf 50' lang='lat' dir='ltr'><strong>frti</strong></span> <span class='ocrx_word' id='word_1_886' title='bbox 2231 5495 2440 5577; x_wconf 71' lang='lat' dir='ltr'><strong>proprize</strong></span> <span class='ocrx_word' id='word_1_887' title='bbox 2455 5495 2586 5577; x_wconf 33' lang='lat' dir='ltr'><strong>sita:</strong></span> <span class='ocrx_word' id='word_1_888' title='bbox 2608 5515 2804 5577; x_wconf 64' lang='lat' dir='ltr'><strong>peccata</strong></span> <span class='ocrx_word' id='word_1_889' title='bbox 2827 5495 3246 5577; x_wconf 38' lang='grc' dir='ltr'>ιιοιιῖἰιιίὡςυξίιιιιιη</span> <span class='ocrx_word' id='word_1_890' title='bbox 3260 5498 3408 5577; x_wconf 65' lang='lat' dir='ltr'><strong>etiam</strong></span> <span class='ocrx_word' id='word_1_891' title='bbox 3441 5495 3608 5547; x_wconf 74' lang='lat' dir='ltr'><strong>tntau‘i</strong></span> <span class='ocrx_word' id='word_1_892' title='bbox 3631 5496 3724 5544; x_wconf 83' lang='lat' dir='ltr'><strong>tri-</strong></span> 
     </span>
    </p>
   </div>
   <div class='ocr_carea' id='block_1_119' title="bbox 2125 5561 3402 5630">
    <p class='ocr_par' dir='ltr' id='par_1_119' title="bbox 2125 5561 3402 5630">
     <span class='ocr_line' id='line_1_119' title="bbox 2125 5561 3402 5630; baseline -0.012 -8"><span class='ocrx_word' id='word_1_893' title='bbox 2125 5561 2363 5622; x_wconf 66' lang='lat' dir='ltr'><strong>suebant.</strong></span> <span class='ocrx_word' id='word_1_894' title='bbox 2390 5569 2509 5619; x_wconf 81' lang='lat' dir='ltr'><strong>vide</strong></span> <span class='ocrx_word' id='word_1_895' title='bbox 2531 5561 2695 5630; x_wconf 78' lang='lat' dir='ltr'><strong>supra,</strong></span> <span class='ocrx_word' id='word_1_896' title='bbox 2721 5565 2807 5618; x_wconf 86' lang='lat' dir='ltr'><strong>lib.</strong></span> <span class='ocrx_word' id='word_1_897' title='bbox 2837 5568 2988 5630; x_wconf 39' lang='grc' dir='ltr'>ιλιιη.</span> <span class='ocrx_word' id='word_1_898' title='bbox 3013 5561 3196 5623; x_wconf 69' lang='lat'><strong>22,31,</strong></span> <span class='ocrx_word' id='word_1_899' title='bbox 3219 5563 3296 5618; x_wconf 70' lang='grc' dir='ltr'><strong>ω,</strong></span> <span class='ocrx_word' id='word_1_900' title='bbox 3323 5561 3402 5608; x_wconf 73' lang='lat' dir='ltr'><strong>et.</strong></span> 
     </span>
    </p>
   </div>
   <div class='ocr_carea' id='block_1_120' title="bbox 2179 5619 3724 5708">
    <p class='ocr_par' dir='ltr' id='par_1_120' title="bbox 2179 5619 3724 5708">
     <span class='ocr_line' id='line_1_120' title="bbox 2179 5619 3724 5708; baseline -0.012 -26"><span class='ocrx_word' id='word_1_901' title='bbox 2575 5619 2767 5708; x_wconf 54' lang='lat' dir='ltr'><strong>videtur</strong></span> <span class='ocrx_word' id='word_1_902' title='bbox 2801 5619 3052 5680; x_wconf 66' lang='lat' dir='ltr'><strong>iu&#39;locum</strong></span> <span class='ocrx_word' id='word_1_903' title='bbox 3073 5619 3206 5708; x_wconf 41' lang='lat' dir='ltr'><strong>tium.</strong></span> <span class='ocrx_word' id='word_1_904' title='bbox 3221 5637 3342 5708; x_wconf 69' lang='grc' dir='ltr'><strong>ιιιν,</strong></span> <span class='ocrx_word' id='word_1_905' title='bbox 3382 5621 3466 5708; x_wconf 45' lang='lat' dir='ltr'><strong>tibi</strong></span> <span class='ocrx_word' id='word_1_906' title='bbox 3499 5619 3724 5708; x_wconf 47' lang='lat' dir='ltr'><strong>clunibus</strong></span> 
     </span>
    </p>
   </div>
   <div class='ocr_carea' id='block_1_121' title="bbox 2127 5683 3724 5758">
    <p class='ocr_par' dir='ltr' id='par_1_121' title="bbox 2127 5683 3724 5758">
     <span class='ocr_line' id='line_1_121' title="bbox 2127 5683 3724 5758; baseline -0.011 -14"><span class='ocrx_word' id='word_1_907' title='bbox 2127 5683 2212 5758; x_wconf 81' lang='lat' dir='ltr'><strong>qui</strong></span> <span class='ocrx_word' id='word_1_908' title='bbox 2235 5683 2261 5742; x_wconf 68' lang='grc' dir='ltr'><strong><em>ὁ</em></strong></span> <span class='ocrx_word' id='word_1_909' title='bbox 2285 5683 2616 5758; x_wconf 75' lang='lat' dir='ltr'><strong>viginti_ant_tis</strong></span> <span class='ocrx_word' id='word_1_910' title='bbox 2632 5697 2684 5758; x_wconf 79' lang='lat' dir='ltr'><strong>et</strong></span> <span class='ocrx_word' id='word_1_911' title='bbox 2705 5703 2849 5758; x_wconf 80' lang='lat' dir='ltr'><strong>supra</strong></span> <span class='ocrx_word' id='word_1_912' title='bbox 2870 5687 3110 5758; x_wconf 80' lang='lat' dir='ltr'><strong>numerati</strong></span> <span class='ocrx_word' id='word_1_913' title='bbox 3126 5691 3257 5758; x_wconf 67' lang='lat' dir='ltr'><strong>sunt,</strong></span> <span class='ocrx_word' id='word_1_914' title='bbox 3281 5683 3423 5758; x_wconf 83' lang='lat' dir='ltr'><strong>morti</strong></span> <span class='ocrx_word' id='word_1_915' title='bbox 3450 5697 3497 5732; x_wconf 86' lang='lat' dir='ltr'><strong>ut</strong></span> <span class='ocrx_word' id='word_1_916' title='bbox 3520 5683 3724 5752; x_wconf 70' lang='lat' dir='ltr'><strong>deserto</strong></span> 
     </span>
    </p>
   </div>
   <div class='ocr_carea' id='block_1_122' title="bbox 2129 5742 3724 5817">
    <p class='ocr_par' dir='ltr' id='par_1_122' title="bbox 2129 5742 3724 5817">
     <span class='ocr_line' id='line_1_122' title="bbox 2129 5742 3724 5817; baseline -0.012 -9"><span class='ocrx_word' id='word_1_917' title='bbox 2129 5742 2367 5808; x_wconf 59' lang='lat' dir='ltr'><strong>obeundi</strong></span> <span class='ocrx_word' id='word_1_918' title='bbox 2392 5753 2606 5817; x_wconf 87' lang='lat' dir='ltr'><strong>addictis,</strong></span> <span class='ocrx_word' id='word_1_919' title='bbox 2623 5742 2846 5803; x_wconf 74' lang='lat' dir='ltr'><strong>dccrc&#39;vit</strong></span> <span class='ocrx_word' id='word_1_920' title='bbox 2867 5757 2995 5802; x_wconf 83' lang='lat' dir='ltr'><strong>Deus</strong></span> <span class='ocrx_word' id='word_1_921' title='bbox 3015 5759 3222 5802; x_wconf 74' lang='lat' dir='ltr'><strong>caeteros</strong></span> <span class='ocrx_word' id='word_1_922' title='bbox 3238 5748 3286 5798; x_wconf 89' lang='lat' dir='ltr'><strong>in</strong></span> <span class='ocrx_word' id='word_1_923' title='bbox 3311 5754 3492 5798; x_wconf 86' lang='lat' dir='ltr'><strong>terram</strong></span> <span class='ocrx_word' id='word_1_924' title='bbox 3515 5742 3724 5809; x_wconf 70' lang='grc' dir='ltr'>ιιιοιιιὶιρ</span> 
     </span>
    </p>
   </div>
  </div>
