4002 6178
273 355 373 410 185

267 464 516 531 obscuris,
532 464 618 518 uti
644 463 927 534 Scriptura:
946 478 1046 517 non
1067 461 1330 534 adjuvant,
1350 461 1569 515 cavenda
1591 459 1862 533 judicandi

271 556 548 612 (sanctitas.
583 553 869 625 Scriptura:
890 555 1044 608 claro:
1066 554 1121 608 in
1141 553 1220 608 his
1243 567 1355 622 qua
1374 550 1676 606 ad'salntem
1700 567 1864 605 neces-

270 628 678 706 sariasuntNon
691 649 832 703 enim
850 662 1034 719 parum
1050 646 1362 717 paginarum
1375 645 1671 700 divinarum
1688 656 1863 699 aucto-

270 744 413 798 ritati
449 742 769 812 veritatique
796 748 1094 804 cesserunt,
1119 738 1209 809 qui
1237 739 1337 793 etsi
1365 738 1651 793 noluerunt
1672 738 1862 792 litteris

268 836 380 889 suis
406 842 595 904 aperte
615 832 938 902 exprimere,
963 831 1195 900 parvulis
1221 830 1589 884 remissionem
1623 842 1863 883 necessa-

268 927 403 980 riam
434 934 798 995 peccatorum,
827 921 1255 992 redemptionem
1284 931 1463 976 tamen
1483 921 1562 975 eis
1582 935 1716 992 opus
1741 934 1862 976 esse

268 1019 503 1074 confessi
524 1027 667 1072 sunt.
688 1016 808 1071 Alio
819 1017 1015 1087 quippe
1030 1016 1213 1082 verbo,
1234 1015 1393 1071 etiam
1412 1015 1528 1085 ipso
1544 1014 1609 1077 de
1622 1012 1863 1069 christia-

271 1126 334 1164 na
356 1109 663 1165 eruditione
675 1108 1011 1185 deprompta,
1037 1108 1172 1162 nihil
1186 1108 1328 1162 aliud
1345 1108 1565 1162 omnino
1585 1106 1855 1163 dixerunt.

268 1201 374 1257 Nec
403 1201 757 1257 dubitandum
797 1210 880 1255 est
906 1203 923 1232 ¹
957 1200 1040 1254 his
1066 1200 1154 1271 qui
1198 1199 1377 1254 divina
1408 1200 1604 1269 scripta
1634 1198 1861 1254 fideliter

266 1296 487 1365 legunt,
539 1292 772 1347 fideliter
810 1290 1053 1358 audiunt,
1100 1289 1328 1346 ﬁdeliter
1369 1297 1574 1356 tenent,
1607 1289 1750 1360 quod
1793 1288 1860 1343 ab

266 1385 354 1439 illa
383 1398 552 1438 carne
579 1398 698 1452 qua:
727 1382 874 1451 prius
904 1380 1430 1451 voluntate'peccati
1463 1380 1598 1434 facta
1625 1388 1707 1434 est
1734 1393 1859 1434 caro

267 1474 497 1543 peccati,
545 1473 803 1542 deinceps
852 1487 950 1542 per
996 1470 1394 1528 successionem
1444 1480 1753 1527 transeunte
1804 1471 1856 1526 in

263 1579 458 1619 omnes
512 1563 904 1633 proscriptione
948 1561 1241 1633 iniquitatis
1287 1572 1341 1617 et
1378 1562 1567 1616 mortis
1611 1576 1737 1617 caro
1790 1562 1860 1616 sit

262 1664 560 1724 propagata
606 1653 832 1723 peccati,
874 1661 1097 1722 excepta
1139 1667 1244 1707 una
1294 1650 1647 1706 similitudine
1679 1652 1860 1706 carnis

264 1745 493 1817 peccati,
524 1760 645 1815 qua:
669 1752 847 1799 tamen
875 1759 979 1799 non
1003 1751 1168 1811 esset,
1195 1742 1299 1798 nisi
1324 1750 1467 1798 esset
1493 1750 1547 1798 et
1570 1757 1696 1798 caro
1727 1757 1856 1812 pec-

263 1837 389 1892 cati.
864 1832 873 1839 ”
1282 1903 1288 1909 ο

333 1926 429 1983 59.
456 1926 532 1982 De
552 1927 729 1981 anima
755 1941 901 1992 vero,
925 1935 1102 1981 utrum
1130 1933 1185 1982 et
1205 1926 1319 1997 ipsa
1346 1925 1536 1982 eodem
1563 1925 1724 1980 modo
1740 1940 1859 1996 pro-

260 2029 481 2090 pagata,
509 2026 658 2073 reatu
707 2019 798 2088 qui
840 2018 890 2073 ei
933 2006 1232 2073 dimittatur
1270 2018 1525 2073 obstricta
1552 2017 1620 2072 sit
1647 2017 1859 2087 (neque

263 2111 406 2164 enim
445 2124 733 2179 possumus
779 2109 979 2175 dicere,
1020 2110 1189 2164 solam
1228 2124 1443 2165 carnem
1492 2111 1720 2181 parvuli,
1748 2125 1856 2165 non

263 2202 428 2256 etiam
470 2200 704 2254 animam
753 2199 992 2270 indigere
1038 2199 1332 2256 Salvatoris
1380 2208 1436 2255 et
1481 2200 1859 2271 Redemptoris

262 2292 485 2355 auxilio,
517 2290 855 2361 alienamque
877 2290 944 2345 ab
964 2306 1025 2346 ea
1052 2306 1170 2346 esse
1193 2292 1482 2363 gratiarum
1511 2292 1721 2347 actione
1737 2308 1854 2363 qua:

261 2386 319 2440 in
350 2384 583 2439 Psalmis
610 2391 714 2451 est,
748 2383 837 2438 ubi
870 2382 1095 2454 legimus
1119 2391 1173 2439 et
1195 2383 1443 2452 dicimus,
1476 2383 1715 2452 Benedic,
1739 2386 1851 2439 ani-

262 2491 349 2529 ma
375 2491 505 2538 mea,
532 2472 807 2528 Dominum
824 2490 845 2540 ,°
865 2483 910 2527 et
938 2460 1044 2527 noli
1067 2473 1291 2529 oblivisci
1313 2491 1484 2529 omnes
1505 2476 1856 2531 retributiones

260 2567 374 2627 eius
398 2581 418 2620 :
437 2566 525 2635 qui
543 2565 793 2634 propitias
820 2565 877 2633 ﬁt
901 2565 1131 2620 omnibus
1156 2566 1500 2637 iniquitatibus
1522 2568 1636 2632 tuis,
1669 2569 1757 2640 qui
1770 2586 1854 2622 sa—

261 2667 351 2710 παι
388 2674 563 2711 omnes
606 2658 876 2729 languores
915 2666 1048 2726 tuos,
1077 2658 1165 2729 qui
1203 2659 1402 2713 redimit
1445 2659 1509 2714 de
1534 2661 1856 2731 corruptione

444 2793 938 2860 introduce_re__aetate
952 2795 1189 2860 iuniores,
1223 2796 1308 2860 qui
1337 2805 1502 2860 .tosue,
1539 2812 1675 2854 uin.
1715 2799 1765 2860 ϐ,
1802 2800 1852 2859 8,

536 2863 644 2904 non
665 2854 942 2907 declinasse
953 2853 993 2904 'a
1015 2857 1152 2921 lege,
1176 2853 1271 2909 nec
1295 2859 1357 2909 ad
1377 2853 1637 2911 dexteram
1666 2853 1762 2914 nec
1793 2853 1854 2912 ad

324 3017 344 3047 ι
368 3023 468 3064 Am.
492 3022 568 3066 Er.
596 3023 651 3079 et
670 3025 805 3079 uss,
830 3030 952 3070 esse.

321 3078 345 3110 ι
366 3078 502 3140 ειιιιί,
532 3077 798 3143 uoluptate.
818 3087 939 3130 'n'es
957 3087 1084 3143 uss,
1108 3079 1364 3135 adiuuate.

1627 346 1827 403 LlBL‘li
1866 344 2181 402 TERTIUS.

3458 368 3561 425 {86

1972 457 2123 551 vitam
2151 467 2287 511 tuam
2311 455 2477 530 [PsaL
2503 462 2572 516 cn
2592 504 2603 527 ,
2622 462 2767 538 24])
2790 480 2892 521 :an
2920 468 3080 525 etiam
3109 486 3214 529 non
3246 490 3557 551 propagata,

1971 561 2037 640 eo
2058 548 2173 640 ipso
2209 564 2316 619 quo
2360 552 2506 606 carni
2545 556 2747 622 peccati
2775 562 3111 629 aggravanda
3144 548 3556 640 miscetur,ﬁjani

1971 638 2136 734 ipsius
2183 642 2388 709 peccati
2431 645 2748 703 remissione
2790 660 2841 704 et
2885 665 2979 706 sua
3025 655 3396 728 redemptione
3425 638 3559 734 opus

1970 728 2181 795 habeat,
2217 732 2322 787 Deo
2366 749 2463 803 per
2501 750 2760 793 summam
2803 744 3190 811 przescientiam
3225 728 3554 822 ‘judicante,

1969 822 2059 891 qui
2109 824 2427 891 parvuli’ab
2481 828 2584 882 isto
2631 841 2779 887 reatu
2834 851 2939 890 non
2986 851 3295 897 mereantur
3331 845 3555 913 absolvi,

1970 912 2129 968 etiam
2157 918 2245 985 qui
2274 918 2506 974 nondum
2536 922 2644 976 nati
2673 924 2806 997 nihil
2843 928 3033 986 alicubi
3076 937 3290 1005 propria
3322 954 3415 991 sua
3447 912 3553 993 vita

1969 1005 2209 1075 cgernnt‘
2228 1008 2310 1061 vel
2346 1008 2471 1064 boni
2498 1011 2582 1065 vel
2609 1014 2735 1069 mali
2763 1033 2776 1070 :
2801 1027 2853 1071 et
2882 1023 3152 1088 quomodo
3180 1025 3316 1080 Deus
3345 1029 3555 1084 etiamsi

1969 1109 2075 1148 non
2099 1093 2168 1149 de
2194 1096 2413 1153 traduce
2447 1100 2654 1157 animas
2692 1114 2860 1171 creat,
2886 1123 2990 1163 non
3032 1111 3101 1165 sit
3144 1121 3318 1169 tamen
3365 1128 3551 1171 auctor

1969 1195 2148 1242 reatus
2177 1188 2434 1256 ejusdem,
2466 1203 2689 1265 propter
2709 1213 2866 1267 quem
2893 1200 3190 1271 redemptio
3221 1205 3555 1264 Sacramenti

1970 1280 2267 1334 necessaria
2295 1291 2378 1337 est
2401 1291 2455 1338 et
2475 1286 2668 1342 animae
2692 1291 2893 1358 parvuli
2912 1292 2932 1322 ³
2956 1309 2970 1344 :
2996 1308 3182 1365 magna
3205 1313 3313 1366 qua
3326 1299 3429 1354 stio
3449 1311 3551 1360 est.

1966 1371 2232 1441 aliamque
2249 1372 2660 1444 disputationem
2683 1378 2971 1451 desiderat,
2990 1400 3055 1440 eo
3074 1371 3273 1453 tamen,
3297 1400 3553 1461 quantum

1965 1462 2217 1531 arbitror,
2240 1465 2605 1554 moderamine
2625 1478 2994 1545 temperatam,
3020 1487 3078 1533 nt
3096 1481 3264 1550 magis
3283 1483 3555 1554 inquisitio

1965 1562 2119 1604 cauta
2150 1552 2416 1629 laudetur,
2440 1571 2599 1626 quam
2637 1563 2964 1633 praecipitata
3001 1552 3429 1637 reprehendatur
3461 1589 3545 1627 as-

1965 1641 2153 1696 sertio.
2178 1642 2277 1698 Ubi
2306 1644 2451 1699 enim
2494 1646 2561 1703 de
2590 1664 2649 1704 re
2676 1651 3054 1710 obscurissima
3080 1657 3403 1728 disputatur,
3444 1678 3550 1717 non

1963 1732 2337 1803 adjuvantibus
2361 1732 2664 1795 divinarum
2691 1741 3084 1814 Scripturarum
3106 1752 3268 1805 certis
3288 1752 3554 1824 clarisque

1962 1821 2328 1892 documentis,
2360 1829 2615 1887 cohibere
2642 1846 2701 1892 se
2727 1833 2888 1889 debet
2918 1836 3151 1892 humana
3179 1821 3551 1912 praesumptio,

1964 1914 2097 1968 nihil
2122 1914 2325 1972 faciens
2344 1919 2395 1973 in
2415 1931 2621 1990 partem
2650 1924 2869 1980 alteram
2892 1927 3231 1987 declinando.
3256 1933 3384 1988 Etsi
3407 1935 3549 1989 enim

1963 2004 2236 2074 quodlibet
2265 2008 2477 2076 horum,
2508 2015 2953 2081 quemadmodum
2980 2020 3336 2078 demonstrari
3367 2034 3422 2079 et
3449 2041 3545 2080 ex-

1964 2094 2149 2163 plicari
2203 2098 2394 2165 possit,
2447 2100 2723 2171 ignorem;
2772 2105 2898 2161 illud
2955 2117 3131 2164 tamen
3180 2113 3362 2179 credo,
3403 2114 3550 2184 quod

1965 2186 2125 2240 etiam
2156 2185 2281 2243 hinc
2308 2188 2610 2246 divinorum
2637 2194 2971 2266 eloquiorum
2997 2200 3292 2257 clarissima
3322 2207 3548 2261 auctori-

1964 2285 2044 2331 tas
2067 2285 2233 2344 esset,
2262 2280 2305 2334 si
2338 2281 2500 2337 homo
2529 2283 2580 2338 id
2603 2285 2720 2340 sine
2749 2286 3029 2357 dispendio
3057 2294 3334 2361 promissa:
3360 2296 3548 2352 salutis

1964 2371 2209 2440 ignorare
2252 2388 2356 2428 non
2388 2385 2587 2444 posset.
2627 2378 2802 2434 Habes
2830 2381 3184 2451 elaboratum,
3209 2387 3409 2442 utinam
3443 2398 3548 2443 tam

1960 2463 2302 2518 commodum
2341 2482 2500 2536 quam
2546 2471 2830 2538 prolixum,
2860 2488 2958 2542 pro
2999 2476 3132 2533 meis
3163 2478 3362 2534 viribus
3390 2494 3547 2549 opus,

1961 2550 2115 2621 cujus
2138 2554 2496 2622 prolixitatem
2528 2557 2758 2616 fortasse
2787 2561 3151 2634 defenderem,
3180 2568 3282 2623 nisi
3314 2569 3364 2626 id
3393 2586 3550 2627 vere-

1961 2655 2051 2695 rer
2079 2641 2253 2699 facere
2281 2644 2625 2703 defendendo
2648 2651 2928 2720 prolixius.

1960 2834 2247 2947 “nimiielgici
2270 2844 2378 2889 Mss.
2400 2847 2452 2891 et
2472 2841 2568 2892 duo
2586 2855 2648 2893 ex
2666 2817 2913 2896 Gallicanis
2932 2884 2946 2909 ,
2988 2862 3076 2912 per
3113 2863 3253 2903 suam
3288 2852 3552 2916 praxim-

2023 2909 2357 3037 [ξιξείξᾳεζιμιξ⁸
2387 2962 2725 3037 parvulorum.
2761 2974 2817 3019 At
2836 2975 2962 3037 _Mss.
2985 3006 3001 3032 ,
3054 2969 3138 3033 qui
3188 2975 3394 3037 paruuli.

2026 3019 2047 3102 ἶ
2073 3018 2446 3102 ¹Ἰξῗ¹ζίί1ξ¹έ⁵ηῆὲη
2465 3027 2756 3102 ﬁmum
2777 3018 2846 3102 εξι
2868 3018 3170 3102 uiduitate
3189 3018 3411 3102 93W}
3432 3050 3549 3102 ωρ-

1962 3077 2064 3142 ple,
2089 3077 2274 3133 auctor.
2299 3077 2444 3147 aditi,
2462 3077 2737 3140 necessaria

254 3177 3530 3384 Ἦ

1848 3431 1983 3491 SEU

1148 3535 1252 3597 AD
1292 3536 1637 3602 EUMDEM
1677 3542 2260 3613 MARCELLINUM
2306 3555 2713 3635 EPISTOLA,

320 3654 370 3705 In
387 3667 478 3719 qua
496 3654 796 3717 Augustinus
810 3652 897 3719 _Pel

260 3864 566 3922 Clarissima
614 3867 726 3935 filio
763 3865 1139 3932 Musaniano,
1180 3868 1517 3925 Aucusrmus
1568 3873 1853 3945 episcOpus,

330 3973 501 4012 seruus
519 3955 711 4013 Chriin
720 3974 1074 4028 servorumque
1087 3958 1293 4025 Christi,
1314 3963 1366 4013 in
1380 3960 1598 4018 Domino
1618 3966 1855 4022 salutem.

329 4048 555 4105 CAPUT
597 4049 882 4105 PRIMUM.
921 4080 994 4090 —
1043 4052 1094 4105 1.
1135 4049 1375 4122 Pelagius
1425 4056 1737 4111 existimatus
1783 4059 1860 4112 vir

258 4153 482 4197 sanctus.
544 4141 676 4213 Ejus
716 4143 1050 4212 expositiones
1091 4143 1144 4196 in
1187 4141 1433 4198 Paulum.
1488 4145 1566 4201 De
1605 4150 1860 4217 quaestio-

261 4236 415 4289 nibus
468 4251 605 4305 quas
672 4234 802 4289 milii
867 4250 1224 4306 proposueras
1258 4278 1272 4301 ,
1330 4246 1387 4291 ut
1445 4236 1512 4292 ad
1557 4247 1608 4293 te
1660 4239 1858 4308 aliquid

262 4328 558 4382 scriberem
590 4327 847 4382 adversus
872 4342 965 4383 eos
993 4327 1084 4398 qui
1111 4327 1294 4383 dicunt
1316 4328 1484 4384 Adam
1516 4329 1723 4385 etiamsi
1751 4346 1855 4386 non

263 4424 561 4485 peccasset,
608 4416 775 4472 fuisse
822 4418 1135 4472 moriturum
1161 4459 1177 4486 ,
1227 4432 1327 4473 nec
1368 4434 1434 4474 ex
1477 4418 1593 4488 ejus
1639 4430 1858 4490 peccato

260 4505 552 4577 quidquam
602 4506 669 4560 ad
719 4506 836 4576 ejus
880 4515 1125 4576 posteros
1172 4506 1514 4579 propagando
1561 4510 1854 4576 transisse,

260 4601 496 4655 maxime
526 4607 748 4669 propter
774 4599 1099 4669 Baptismum
1129 4600 1496 4669 parvulorum,
1524 4616 1682 4670 quem
1708 4615 1857 4656 more

260 4690 503 4759 piissimo
528 4698 689 4760 atque
717 4701 957 4745 materno
984 4691 1230 4745 universa
1259 4689 1559 4761 frequentat
1580 4691 1816 4748 Ecclesia
1836 4734 1852 4758 ,

256 4793 310 4836 et
335 4780 480 4857 quod
505 4782 561 4836 in
588 4781 689 4836 hac
719 4783 824 4836 vita
854 4782 987 4849 sint,
1042 4781 1260 4849 fuerint,
1308 4781 1575 4853 futurique
1616 4784 1724 4839 sint
1760 4784 1857 4839 filii

255 4874 545 4928 hominum
584 4872 791 4927 nullum
837 4873 1102 4928 habentes
1134 4872 1352 4929 omnino
1391 4882 1700 4943 peccatum,
1744 4873 1856 4943 jam

251 4966 391 5021 duos
423 4965 673 5036 prolixos
712 4965 1044 5020 absolveram
1076 4965 1242 5020 libros
1268 4982 1282 5021 :
1327 4966 1519 5035 quibus
1553 4967 1681 5021 mihi
1713 4968 1857 5022 visus

252 5070 401 5120 sum,
425 5069 536 5108 non
564 5052 779 5122 quidem
808 5055 1056 5110 omnibus
1087 5055 1324 5110 omnium
1355 5056 1654 5111 occurrisse
1682 5057 1733 5110 in
1757 5056 1857 5113 hac

246 5161 414 5201 causa
433 5146 670 5201 motibus
684 5145 1001 5213 animorum,
1019 5147 1163 5217 quod
1175 5148 1303 5203 vela
1318 5163 1426 5214 me,
1449 5149 1576 5203 vela
1590 5165 1854 5221 quoquam

249 5248 437 5292 utrum
463 5235 579 5290 fieri
604 5237 775 5308 possit
800 5237 1008 5307 ignoro,
1038 5238 1147 5292 imo
1174 5236 1285 5292 fieri
1313 5253 1418 5293 non
1446 5253 1603 5309 posse
1627 5254 1730 5294 non
1757 5240 1858 5296 du-

253 5329 410 5394 bito;
440 5328 536 5381 sed
577 5337 757 5383 tamen
795 5329 968 5398 egisse
1005 5328 1226 5399 aliquid,
1266 5344 1373 5400 quo
1409 5330 1477 5385 de
1506 5329 1590 5385 his
1626 5331 1787 5386 rebus
1823 5347 1856 5388 a

248 5417 552 5489 majoribus
584 5417 793 5471 tradita:
841 5418 965 5472 fidei
1011 5418 1323 5473 defensores
1361 5427 1546 5474 contra
1590 5420 1856 5476 novitates

244 5525 447 5564 eorum
476 5508 570 5579 qui
596 5509 755 5564 aliter
779 5510 1042 5575 sentiunt,
1077 5524 1182 5563 non
1214 5510 1446 5564 inermes
1476 5525 1855 5579 usquequaque

247 5601 642 5656 consisterent.
670 5598 867 5654 Verum
902 5609 1019 5667 post
1048 5601 1396 5670 paucissimas
1425 5600 1540 5655 dies
1570 5600 1669 5671 legi
1704 5601 1855 5655 Pela-

245 5695 321 5764 gii
352 5692 601 5764 quadam
631 5691 854 5759 scripta,
878 5691 975 5745 viri
1002 5700 1058 5745 ut
1080 5692 1237 5744 audin
1264 5691 1452 5755 sancti,
1478 5698 1531 5746 et
1557 5708 1661 5745 non
1692 5706 1853 5760 parvo

248 5792 511 5850 provectu
543 5781 846 5855 christiani,
885 5798 1001 5852 ιιυίη
1045 5780 1097 5841 in
1144 5782 1289 5838 Pauli
1328 5782 1551 5853 apostoli
1598 5782 1852 5853 epistolas

964 3654 994 3750 il
1017 3658 2182 3750 amcqplalzfucqgem‘izneritiset
2205 3673 2280 3750 de
2314 3677 2619 3750 parvulorum
2657 3684 2892 3750 Baptismo
2917 3700 3128 3750 errores,
3160 3691 3266 3742 sive
3299 3692 3554 3746 nonnullas

320 3665 370 3705 In
387 3667 478 3719 qua
496 3665 796 3717 sugusunus
816 3665 994 3766 Peﬁit
1017 3665 1142 3705 eirea
1159 3665 1479 3731 quaestionem
1500 3665 1565 3710 de
1592 3668 1902 3738 peccatorum
1920 3670 2107 3742 meritis
2131 3680 2182 3721 et
2215 3673 2280 3725 de
2314 3677 2619 3737 parvulorum
2657 3684 2892 3745 Baptismo
2917 3700 3112 3742 errores
3160 3691 3220 3741 δῑι

257 3723 422 3766 contra
455 3723 715 3779 peccatum
749 3716 874 3780 orig:
957 3730 1006 3776 e,
1048 3729 1171 3780 quas
1200 3717 1285 3768 ille
1320 3731 1425 3770 suis
1442 3734 1495 3770 in
1515 3722 1710 3771 Paulum
1734 3733 2119 3789 expositionibus
2140 3736 2457 3801 lnsperserat,
2482 3748 2934 3806 argumentationes
2953 3725 3220 3815 redarguit.

1964 3884 2324 3953 expositiones
2367 3888 2710 3952 brevissimas
2753 3900 3088 3956 continerent
3121 3902 3198 3974 (α)
3237 3923 3251 3960 :
3289 3914 3445 3976 atque
3477 3906 3549 3961 ibi

1962 3976 2230 4065 comperi,
2252 3993 2375 4033 cum
2405 3981 2471 4035 ad
2506 3982 2651 4040 illum
2672 3990 2905 4046 venisset
2926 3991 3119 4059 locum,
3148 3995 3236 4049 ubi
3258 3995 3384 4051 dicit
3408 3997 3554 4065 Apo-

1961 4064 2149 4130 stolas,
2180 4083 2275 4137 per
2296 4086 2457 4126 unum
2477 4073 2744 4133 hominem
2767 4091 3040 4149 peccatum
3061 4084 3287 4139 intrasse
3311 4088 3362 4140 in
3387 4103 3546 4142 mun-

1962 4152 2109 4222 dum,
2129 4166 2183 4211 et
2203 4174 2297 4228 per
2311 4170 2586 4230 peccatum
2613 4177 2863 4235 mortem,
2877 4179 3034 4242 atque
3061 4172 3131 4228 ita
3163 4175 3216 4229 in
3235 4190 3422 4232 omnes
3450 4177 3554 4232 lto-

1963 4245 2136 4300 mines
2155 4247 2328 4321 (Rom.
2353 4268 2410 4321 v,
2437 4254 2524 4328 12)
2553 4261 2925 4327 pertransisse,
2954 4264 3235 4332 quamdam
3257 4281 3441 4321 eorum
3463 4282 3553 4322 ar-

1962 4339 2411 4405 gumentationem
2426 4346 2513 4413 qui
2529 4359 2723 4418 negant
2743 4352 2995 4420 parvulos
3011 4364 3282 4423 peccatum
3300 4358 3556 4428 originale

1963 4437 2175 4498 gestare
2202 4448 2215 4484 :
2250 4447 2409 4502 quam
2442 4436 2610 4492 fateor
2636 4439 2689 4494 in
2718 4441 2824 4496 illis
2852 4451 2957 4497 tam
3002 4444 3174 4516 longis
3198 4449 3555 4506 voluminibus

1965 4521 2102 4575 meis
2130 4537 2234 4576 non
2266 4524 2469 4595 refelli,
2512 4530 2633 4598 quia
2676 4532 2729 4586 in
2770 4543 3004 4591 mentem
3035 4538 3165 4593 mibi
3192 4541 3412 4596 omnino
3447 4558 3553 4597 non

1965 4621 2206 4681 venerat,
2233 4628 2552 4690 quemquam
2580 4638 2736 4692 posse
2768 4627 2891 4682 talia
2914 4631 3150 4700 cOgitare
3174 4672 3189 4697 ,
3234 4633 3317 4687 vel
3354 4633 3553 4690 dicere.

1965 4703 2299 4776 Quapropter
2338 4714 2587 4781 quoniam
2616 4715 2690 4770 illi
2720 4719 2893 4787 operi,
2934 4721 3077 4790 quod
3100 4759 3105 4765 «
3112 4722 3224 4791 jam
3262 4732 3411 4780 certo
3450 4725 3556 4780 fine

1967 4795 2531 4864 concluseram,‘nihil
2579 4805 2776 4863 addere
2816 4809 2997 4877 volui;
3040 4819 3095 4867 et
3139 4811 3305 4882 ipsam
3352 4815 3554 4870 eisdem

1968 4890 2144 4945 verbis
2169 4893 2363 4962 quibus
2392 4910 2510 4951 eam
2542 4897 2668 4968 legi,
2695 4909 2749 4955 et
2777 4903 2901 4972 quid
2929 4903 3057 4959 mibi
3083 4914 3267 4960 contra
3289 4905 3553 4976 videatur,

1966 4979 2091 5037 huic
2119 4986 2367 5053 epistola!
2385 4988 2728 5047 inserendum
2758 4996 2961 5064 putavi.

2036 5075 2260 5135 CAPUT
2298 5080 2455 5135 Il.—-
2481 5083 2537 5137 2.
2578 5084 2808 5157 Objectio
2854 5087 3072 5160 Pelagii.
3105 5087 3322 5144 Parvuli
3360 5090 3412 5145 in
3451 5108 3560 5146 rre-

1964 5168 2187 5225 dentium
2211 5182 2258 5227 et
2286 5174 2514 5244 ﬁdelium
2542 5194 2751 5233 numero
2780 5179 3026 5249 deputati.
3072 5181 3161 5237 Sic
3185 5197 3314 5254 ergo
3344 5183 3433 5238 illa
3469 5200 3557 5239 ar-

1961 5266 2293 5331 gumentatio
2341 5269 2512 5337 posita
2551 5278 2634 5324 est
2676 5287 2692 5325 :
2728 5269 2797 5324 lli
2849 5281 3037 5336 autem,
3071 5272 3260 5342 inquit,
3291 5275 3377 5346 qui
3421 5289 3548 5330 ron-

1963 5364 2043 5408 tra
2089 5358 2349 5411 traducem
2402 5360 2593 5430 peccati
2644 5372 2792 5427 sunt,
2840 5364 2913 5416 ila
2949 5364 3090 5417 illam
3129 5365 3431 5436 impugnare
3471 5366 3551 5419 ni-

1962 5456 2172 5502 tuntur:
2192 5448 2255 5503 Si
2276 5449 2422 5516 Adio,
2451 5450 2715 5521 inquiunt,
2744 5465 3001 5525 peccatum
3029 5457 3181 5510 etiam
3210 5474 3309 5511 non
3340 5474 3555 5528 peccan-

2025 5608 2105 5682 (a)_
2118 5606 2295 5682 Pelagii
2319 5606 2366 5656 in
2379 5605 2583 5682 funium
2595 5610 3100 5682 eorumentarioscitat
3111 5619 3336 5682 mercator
3355 5626 3401 5659 in
3423 5619 3558 5662 Com-

1962 5668 2357 5734 monitorio,'cap.
2379 5668 2426 5728 Ξ,
2451 5677 2504 5719 et
2523 5671 2794 5734 sententias
2813 5669 2940 5722 illius
2960 5674 3139 5722 ibidem
3165 5676 3339 5734 [refert
3364 5681 3554 5730 inuitas,

1960 5745 2072 5795 qua:
2097 5732 2298 5795 totidem
2309 5730 2428 5795 fere
2452 5732 2616 5795 verbis
2639 5730 2867 5795 leguntur
2893 5735 2937 5783 in
2973 5730 3336 5785 Coztinwiitariis
3359 5736 3553 5784 nomine

1964 5792 2234 5857 Hieronymi
2261 5792 2381 5844 falso
2400 5808 2417 5852 ι
2436 5793 2675 5843 ul‘ulicutis.
