4002 6178
448 326 545 376 tR'i

443 441 567 493 usus
595 435 784 494 nocuit,
813 449 932 504 ergo
957 441 1006 488 et
1031 429 1220 488 Christi
1237 429 1440 504 iustitia
1464 429 1617 486 etiam
1642 443 1746 484 non
1786 427 2030 484 crederm-

447 537 535 582 trs
577 527 818 596 prodest;
864 525 984 598 quia
1027 525 1280 591 similiter,
1330 525 1434 580 imo
1481 531 1532 580 et
1567 522 1730 593 magis
1767 521 1892 577 dicit
1941 537 2032 593 per

441 635 595 671 mmm
614 616 822 684 saluari,
841 631 993 687 quam
1011 632 1102 688 per
1117 631 1276 670 unum
1294 623 1410 670 ante
1424 615 1696 685 perierunt.
1721 612 1857 668 Huic
1874 627 2030 684 ergo,

442 719 498 761 ut
540 708 688 773 dixi,
731 717 1044 780 argumento
1072 709 1128 764 in
1157 707 1262 764 illis
1293 706 1500 762 duobus
1529 705 1678 762 libris
1705 718 1840 776 quos
1864 703 1932 760 ad
1973 711 2028 759 te

439 800 650 868 scripsi,
683 799 812 852 nihil
840 798 1110 869 respondi,
1134 812 1310 870 neque
1337 795 1390 852 id
1425 796 1556 852 mihi
1593 809 1811 868 prorsus
1839 793 2026 850 redar-

439 887 704 956 gncndnm
753 888 1023 958 proposui.
1055 887 1206 944 Nunc
1249 901 1378 957 ergo
1415 885 1562 957 prius
1599 885 1730 941 illud
1767 883 2027 952 attendo,

439 979 885 1047 quemadmodum
898 994 1020 1034 cum
1039 979 1242 1044 dicunt,
1263 977 1463 1034 SiAdte
1481 989 1744 1049 peccatum
1763 977 1911 1031 etiam
1927 992 2032 1032 non

442 1073 758 1141 precantibus
779 1081 938 1135 nocet,
954 1081 998 1125 et
1015 1069 1199 1126 Christi
1210 1070 1412 1142 justitia
1427 1070 1579 1124 etiam
1595 1085 1695 1124 non
1715 1067 2030 1124 credentibus

442 1164 677 1232 pt'odesl,
708 1163 1147 1220 absurdissimum
1179 1162 1362 1232 utique
1401 1171 1458 1218 et
1496 1161 1840 1217 falsissimum
1877 1159 2028 1231 judi-

440 1263 582 1316 cant,
611 1262 667 1307 nt
691 1252 886 1308 Chriin
907 1253 1114 1322 justitia
1139 1254 1300 1310 etiam
1326 1267 1431 1308 non
1457 1253 1798 1308 credentibus
1823 1252 2026 1322 prosit;

441 1347 580 1398 unde
601 1353 790 1415 putant
809 1345 1020 1409 conﬁci,
1049 1361 1148 1402 nec
1178 1346 1334 1418 primi
1356 1345 1588 1402 hominis
1607 1355 1880 1416 peccatum
1904 1359 2030 1414 par-

442 1437 586 1492 vulis
612 1453 716 1492 non
749 1439 1091 1508 peccantibus
1115 1453 1313 1494 nocere
1339 1437 1598 1512 potuisse,
1621 1439 1760 1493 sicut
1791 1445 1848 1493 et
1879 1435 2032 1493 Citri-

439 1529 506 1580 sti
527 1527 728 1596 justitia
757 1528 1012 1600 prodesse
1043 1529 1165 1585 ullis
1193 1544 1300 1585 non
1329 1528 1669 1586 credentibus
1695 1543 1805 1585 non
1833 1537 2026 1598 potest.

442 1618 630 1674 Dicant
670 1621 882 1691 itaque,
915 1620 1113 1677 Christi
1149 1620 1358 1694 iustitia
1405 1620 1535 1694 quid
1579 1620 1860 1692 baptizatis
1906 1635 2030 1690 par-

439 1713 576 1768 vulis
623 1716 792 1784 prosit
827 1731 842 1768 :
876 1713 1056 1770 dicant
1097 1715 1317 1770 omnino
1359 1715 1504 1788 quod
1527 1715 1733 1772 volunt.
1775 1713 2028 1770 Profecto

439 1803 605 1869 enim,
649 1802 697 1857 si
744 1817 803 1859 se
845 1803 1177 1860 Christianos
1223 1819 1348 1861 esse
1399 1805 1788 1868 meminerunt,
1833 1802 2031 1874 aliquid

443 1896 697 1966 prodesse
719 1913 823 1954 non
845 1898 1140 1970 ambigunt.
1163 1898 1453 1967 Quodlibet
1478 1898 1638 1970 igitur
1658 1896 1846 1968 prosit,
1867 1895 2034 1968 prod-

440 2002 582 2054 esse,
605 1989 742 2044 sicut
767 1989 928 2046 etiam
956 1990 1058 2060 ipsi
1083 1999 1356 2058 asserunt,
1390 2003 1498 2047 non
1535 1989 1878 2060 credentibus
1922 2003 2030 2044 non

441 2088 635 2150 potest.
677 2080 829 2138 Unde
871 2091 1136 2154 coguntur
1176 2082 1431 2154 parvulos
1475 2082 1772 2152 baptizatos
1814 2081 1868 2136 in
1907 2094 2032 2136 cre-

441 2171 680 2228 dentium
727 2189 956 2230 numero
1009 2173 1291 2244 deputare;
1336 2181 1394 2230 et
1437 2174 1742 2231 auctoritati
1784 2180 1986 2228 sanch
2013 2172 2030 2204 ⁸

454 2263 651 2335 ubique
693 2265 946 2322 Ecclesia
970 2267 1313 2334 consentire,
1357 2281 1478 2337 ([1133
1515 2266 1755 2322 ﬁdelium
1799 2280 1895 2322 eos
1937 2279 2034 2320 no-

445 2353 591 2412 mine
635 2369 741 2408 non
784 2366 970 2412 censet
1009 2355 1296 2428 indignos,
1341 2355 1536 2426 quibus
1577 2355 1784 2424 justitia
1831 2353 2030 2412 Christi

444 2445 604 2498 etiam
633 2445 928 2500 secundum
959 2445 1091 2502 istos
1135 2446 1390 2516 prodesse
1431 2447 1646 2502 nonnisi
1688 2447 2033 2502 credentibus

445 2543 647 2603 posset.
687 2534 839 2591 Sicut
875 2550 1005 2607 ergo
1045 2551 1232 2592 eorum
1275 2551 1370 2606 per
1396 2552 1531 2608 quos
1559 2547 1932 2600 renascuntur,
1954 2537 2034 2607 ju-

444 2627 604 2682 stititn
629 2627 850 2698 spiritus
879 2630 1232 2698 responsione
1257 2645 1355 2685 sua
1383 2629 1578 2699 trajicit
1605 2629 1658 2684 in
1697 2643 1794 2685 eos
1835 2627 1993 2684 ﬁdem
2013 2671 2030 2696 ,

444 2733 604 2787 quam
631 2719 904 2776 voluntate
935 2721 1147 2792 propria
1174 2711 1410 2776 nondum
1452 2720 1650 2776 habere
1691 2728 1982 2790 potuerunt
2014 2738 2031 2777 :

446 2809 525 2866 sic
550 2825 735 2868 eorum
763 2827 860 2882 per
883 2828 1016 2884 quos
1041 2821 1356 2882 nascuntur,
1377 2827 1503 2868 caro
1529 2813 1731 2885 peccati
1759 2813 1952 2884 trajicit
1977 2812 2030 2868 in

359 2894 363 2897 ’
443 2919 539 2958 eos
568 2918 786 2970 noxam,
815 2919 972 2977 quam
999 2906 1233 2961 nondum
1261 2907 1368 2962 vita
1391 2907 1606 2977 propria
1630 2912 2030 2962 contraxerunt.

445 2994 516 3050 Et
551 2997 689 3052 sicut
731 3011 824 3052 eos
864 2997 989 3052 vitae
1015 2999 1232 3066 spiritus
1261 2999 1314 3053 in
1344 2998 1558 3054 Christo
1582 3009 1862 3068 regenerst
1903 2997 2034 3054 ﬁde-

443 3085 544 3149 les,
575 3085 653 3140 sic
676 3100 771 3140 eos
797 3100 994 3156 corpus
1021 3087 1212 3143 mortis
1252 3087 1304 3140 in
1335 3087 1504 3142 Adam
1534 3095 1882 3158 generaverat
1908 3102 2063 3158 pec-,

444 3191 696 3232 catores:
727 3179 814 3232 illa
839 3180 983 3234 enim
1011 3177 1241 3234 carnalis
1263 3179 1539 3249 generatio
1581 3187 1686 3245 est,
1733 3177 1850 3234 haec
1875 3179 2036 3249 spiri-

445 3267 604 3322 tualis
648 3285 664 3324 :
701 3267 788 3322 illa
833 3267 960 3324 facit
1002 3269 1142 3323 ﬁlios
1185 3269 1386 3335 carnis,
1423 3267 1543 3324 lucc
1585 3269 1726 3324 ﬁlios
1763 3270 2028 3339 Spiritus:

445 3357 538 3413 illa
570 3357 710 3412 ﬁlios
733 3359 940 3424 mortis,
978 3359 1094 3414 hare
1122 3359 1260 3414 ﬁlios
1301 3360 1744 3426 resurrectionis;
1773 3361 1860 3416 illa
1893 3361 2030 3419 ﬁlios

444 3451 654 3514 stcculi,
683 3451 797 3508 haec
825 3451 965 3509 ﬁlios
993 3453 1122 3519 Dei;
1155 3453 1245 3510 illa
1273 3455 1412 3510 ﬁlios
1437 3456 1550 3521 irte,
1578 3456 1693 3512 haec
1717 3455 1854 3510 ﬁlios
1877 3454 2034 3512 mise-

446 3542 726 3610 ricordiae;
760 3559 822 3600 ac
848 3560 944 3616 per
969 3544 1072 3601 hoc
1099 3545 1186 3601 ilia
1219 3556 1438 3617 peccato
1464 3547 1712 3618 originali
1746 3547 2028 3619 obligatos,

444 3632 546 3690 ista
577 3636 752 3691 omnis
778 3639 979 3706 peccati
1006 3637 1221 3694 vinculo
1248 3638 1521 3695 liberatos.

517 3725 570 3780 3.
612 3725 892 3783 Postremo
915 3728 981 3784 ad
1011 3729 1066 3784 id
1089 3729 1232 3800 quod
1268 3731 1540 3788 intellectu
1568 3732 2030 3804 perspicacissimo

443 3816 654 3886 assequi
699 3832 806 3872 non
831 3818 1106 3884 valemus,
1145 3822 1462 3876 auctoritate
1503 3822 1681 3877 divina
1725 3824 2030 3880 consentire

443 3919 718 3976 cogamur.
762 3907 909 3964 Bene
948 3909 1090 3980 quod
1130 3909 1230 3981 ipsi
1272 3926 1373 3968 nos
1404 3912 1730 3982 admonent,
1767 3913 2028 3985 justitiam

442 3998 644 4054 Christi
671 3999 771 4054 nisi
799 3999 1140 4058 credentibus
1167 4001 1420 4072 prodesse
1443 4018 1550 4060 non
1578 4019 1756 4076 posse,
1793 4013 1847 4061 et
1871 4007 2032 4076 prod-

441 4105 564 4146 esse
591 4093 790 4162 aliquid
823 4093 1058 4165 parvulis
1085 4097 1449 4152 conﬁtentur:
1482 4097 1644 4164 unde,
1687 4107 1746 4154 ut
1773 4098 2026 4166 diximus,

442 4198 664 4240 necesse
688 4195 772 4242 est
794 4201 890 4242 eos
914 4187 1209 4258 baptizatos
1233 4189 1286 4244 in
1304 4188 1636 4246 credentium
1663 4205 1889 4248 numero
1910 4192 2028 4248 sine

443 4276 547 4329 nlla
575 4278 1008 4347 tergiversatione
1043 4281 1391 4337 constituant.
1413 4280 1822 4354 Consequenter
1842 4283 2024 4355 igitur,

441 4365 486 4420 si
519 4382 622 4421 non
647 4367 1000 4440 baptizentur,
1021 4372 1162 4427 inter
1184 4388 1279 4428 eos
1304 4375 1396 4446 qui
1428 4389 1534 4430 non
1561 4377 1806 4443 credunt,
1833 4385 2022 4444 erunt;

441 4471 506 4510 ne
531 4470 626 4524 per
649 4456 750 4512 hoc
775 4473 874 4514 nec
896 4461 1055 4514 vitam
1083 4462 1373 4526 habebunt,
1397 4465 1492 4520 sed
1519 4466 1596 4520 ira
1625 4467 1715 4522 Dei
1745 4475 1923 4522 manet
1946 4481 2032 4522 su-

442 4561 538 4616 per
561 4562 688 4614 eos;
711 4550 961 4620 quoniam
991 4554 1078 4624 qui
1107 4571 1208 4609 non
1232 4556 1391 4611 credit
1421 4555 1580 4622 Filio,
1602 4575 1705 4614 non
1731 4559 1928 4614 habebit
1947 4561 2026 4616 ri-

443 4649 564 4704 tmn,
590 4640 680 4695 sed
697 4641 776 4696 ira
796 4641 892 4697 Dei
905 4653 1072 4698 monet
1085 4663 1236 4712 super
1253 4662 1365 4702 eum
1383 4662 1403 4702 :
1421 4657 1472 4702 et
1487 4647 1706 4720 iudicati
1727 4659 1880 4717 sunt;
1901 4667 2028 4723 quo-

441 4730 582 4784 niam
607 4732 694 4802 qui
720 4748 821 4788 non
847 4735 1026 4799 credit,
1054 4736 1172 4808 jam
1199 4737 1462 4810 judicatus
1485 4747 1558 4794 est
1602 4740 1798 4812 (Joan.
1831 4759 1910 4809 ut,
1933 4741 2024 4811 36,

443 4823 512 4878 18
546 4825 564 4891 )
589 4841 602 4879 :
633 4833 689 4880 et
715 4825 1248 4895 condemnabuntur;
1276 4830 1526 4899 quoniam
1556 4833 1643 4900 qui
1671 4833 1938 4890 crediderit
1974 4847 2022 4892 et

448 4915 724 4985 l’ttplt'zalus
751 4921 924 4992 fuerit.
947 4919 1118 4976 salvus
1143 4925 1279 4988 erit;
1311 4924 1398 4994 qui
1425 4934 1592 4980 autem
1616 4941 1715 4980 non
1737 4928 2024 4996 crediderit,

442 5009 855 5066 condentnabitnr
881 5011 1070 5078 (Marc.
1097 5029 1212 5082 xvi,
1237 5015 1349 5087 16).
1371 5016 1486 5072 Jam
1514 5034 1656 5074 nunc
1677 5019 1888 5076 videant
1917 5021 2024 5087 isti,

407 5111 544 5178 mna
585 5102 788 5170 justitia
835 5113 1042 5162 tentent
1078 5109 1161 5164 vel
1191 5119 1455 5165 conentur
1492 5127 1772 5182 asserere,
1809 5130 1916 5170 non
1959 5115 2026 5170 ad

444 5191 608 5248 vitam
648 5205 923 5264 aeternam,
969 5199 1063 5256 sed
1109 5200 1174 5255 ad
1225 5201 1359 5256 iram
1401 5201 1496 5257 Dei
1525 5203 1822 5272 pertinere.
1853 5215 1907 5260 et
1944 5206 2027 5263 di~

443 5281 640 5340 γίιιίιυι
669 5286 892 5355 prdit-ari
916 5297 1076 5361 atque
1103 5290 1340 5346 damnari
1371 5293 1614 5348 homines
1641 5295 1730 5364 qui
1758 5295 1874 5352 sine
1901 5312 2026 5366 pec-

441 5383 563 5428 cato
588 5385 744 5444 sunt;
777 5381 820 5434 si
863 5383 1309 5451 quemadmodum
1351 5386 1649 5456 proprium,
1701 5393 1774 5444 ita
1817 5391 2020 5447 nullum

443 5465 498 5521 in
525 5466 603 5522 eis
629 5479 714 5524 est
739 5471 897 5527 etiam
927 5475 1184 5546 originale
1208 5487 1502 5548 peccatum.

507 5686 521 5716 ί
551 5690 597 5734 tn
635 5687 973 5756 mantus-iptio
1004 5687 1251 5753 plerisque
1285 5689 1363 5742 vel
1402 5692 1562 5751 deest,
1598 5699 1904 5756 nuctorttatt;
1939 5694 2018 5747 vel

443 5746 600 5802 deost,
626 5753 820 5797 sanare.

1082 321 1173 377 DE
1209 315 1668 376 PECCATORUM
1705 314 1982 372 MERITIS
2009 313 2098 371 ET
2127 313 2562 387 REMISSXONE,
2601 319 2660 377 S.
2701 320 3078 382 AUGUSTINI

3617 321 3718 382 188

2206 429 2260 486 4.
2289 427 2408 504 iam
2437 431 2676 498 ueteris,
2701 447 2820 506 qua:
2847 433 3092 508 Pelagius
3116 434 3351 492 insinuat
3386 448 3482 492 eos
3513 434 3719 505 dicere.

2134 520 2224 590 qui
2249 529 2436 577 contra
2462 523 2722 594 ogiginale
2747 533 3018 592 peccatum
3040 524 3337 596 disputant,
3364 525 3421 580 in
3450 525 3556 582 illis
3583 525 3722 582 duo-

2135 609 2236 666 bus
2260 612 2454 683 prolixi
2483 614 2590 670 mei
2613 614 2791 684 operis
2815 615 2968 671 libris
2990 617 3154 683 satis,
3181 627 3437 687 quantum
3464 616 3719 685 arbitror,

2135 701 2472 773 dilucideque
2493 705 2768 775 respondi.
2790 705 2942 774 Quod
2963 705 3063 762 etsi
3083 705 3399 778 quibusdam
3421 705 3506 762 vel
3531 721 3718 776 parum

2133 797 2217 853 vel
2246 797 2531 854 obscurum
2563 798 2865 864 videbitur,
2891 797 3022 854 dent
3045 800 3253 854 veniam
3276 840 3291 862 ,
3317 807 3371 854 et
3394 806 3720 868 componant

2133 904 2256 947 eum
2285 891 2398 956 eis,
2425 892 2514 962 qui
2540 889 2766 948 fortasse
2795 891 2926 948 illud
2963 907 3071 948 non
3105 893 3230 962 quia
3259 907 3444 962 parum
3473 897 3558 946 est
3577 933 3591 955 .
3624 887 3720 949 sed

2133 981 2258 1053 quia
2290 983 2542 1047 nimium,
2572 981 2973 1053 reprehendunt
3005 1001 3021 1040 :
3051 993 3107 1040 et
3129 983 3219 1056 qui
3242 999 3328 1048 ea,
3355 999 3473 1054 qua!
3500 997 3598 1052 pro
3624 997 3724 1037 na-

2141 1082 2260 1130 tura
2288 1077 2646 1146 qutcstionum
2674 1077 2906 1134 dilucide
2935 1077 3073 1133 dicta
3101 1076 3376 1140 existimo,
3407 1075 3584 1132 adhuc
3611 1089 3723 1133 non

2134 1169 2476 1242 intelligunt,
2517 1187 2624 1228 non
2667 1173 2796 1228 mihi
2833 1171 3234 1229 calumnientur
3271 1186 3370 1240 pro
3397 1171 3722 1243 negligentia

2132 1261 2222 1318 vel
2264 1277 2363 1334 pro
2394 1279 2530 1320 mete
2571 1264 2840 1321 facultatis
2883 1263 3194 1334 indigentia,
3226 1262 3320 1318 sed
3350 1264 3514 1319 Deum
3545 1261 3728 1332 potius

2131 1368 2232 1426 pro
2254 1355 2562 1423 accipienda
2589 1355 2939 1428 intelligentia
2966 1355 3340 1426 deprecentur.

2205 1443 2432 1504 CAPUT
2469 1445 2555 1504 111.
2596 1477 2670 1489 -
2711 1447 2766 1504 5.
2814 1445 3058 1519 Pelagius
3087 1445 3326 1500 laudatus
3364 1459 3399 1497 a
3438 1442 3720 1499 nonnullis.

2129 1533 2446 1606 Argumenta
2493 1547 2671 1594 contra
2713 1549 2970 1610 peccatum
3015 1537 3227 1609 originis
3243 1577 3260 1602 ,
3305 1550 3422 1606 quo
3477 1533 3724 1606 Pelagius

2133 1627 2188 1682 in
2214 1626 2587 1684 Commentario
2623 1647 2714 1686 suo
2759 1631 3018 1702 proponit.
3057 1628 3438 1685 Verumtamen
3476 1642 3572 1684 nos
3610 1642 3722 1684 non

2135 1717 2468 1790 negligenter
2495 1728 2708 1790 Oportet
2734 1721 3016 1778 attendere
3034 1761 3051 1787 ,
3083 1721 3246 1776 istum
3265 1760 3282 1786 ,
3318 1719 3457 1774 sicut
3479 1733 3600 1773 enm
3626 1717 3724 1790 qui

2135 1817 2399 1865 noverunt
2420 1811 2727 1880 loquuntur,
2749 1811 2947 1867 bonum
2968 1827 3032 1866 ac
3051 1812 3068 1844 ²
3092 1808 3490 1881 medicandum
3512 1809 3714 1877 virum,

2135 1895 2276 1954 banc
2302 1901 2817 1968 argumentationem
2859 1910 3046 1958 contra
3089 1899 3296 1971 peccati
3335 1899 3722 1969 propaginem,

2135 2003 2243 2046 non
2265 2005 2332 2047 ex
2358 1993 2574 2064 propria
2603 1992 2850 2049 intulisse
2876 2007 3128 2062 persona,
3160 1990 3254 2048 sed
3279 1991 3406 2062 quid
3436 1989 3509 2046 illi
3536 1990 3722 2048 dicant

2133 2082 2224 2154 qui
2254 2098 2372 2138 eam
2401 2099 2508 2138 non
2553 2085 2852 2154 approbant
2896 2083 3213 2149 intimasse,
3258 2097 3359 2138 nec
3399 2083 3573 2140 solum
3616 2081 3724 2152 hoc

2135 2173 2280 2244 quod
2322 2173 2485 2250 modo
2521 2176 2774 2245 proposui
2813 2175 2970 2246 eique
3008 2172 3301 2245 respondi,
3330 2188 3514 2228 verum
3554 2173 3723 2229 etiam

2135 2273 2328 2320 ctetera
2353 2265 2547 2335 quibus
2573 2281 2659 2321 me
2689 2265 2742 2321 in
2779 2265 2884 2322 illis
2925 2265 3076 2320 libris
3108 2264 3217 2336 jam
3257 2263 3597 2335 respondisse
3632 2279 3726 2320 re-

2134 2355 2293 2410 colui.
2323 2355 2454 2412 Nam
2483 2371 2604 2410 cum
2625 2355 2870 2422 dixisset,
2901 2353 2964 2412 Si
2993 2355 3140 2420 Δότε,
3169 2355 3432 2425 inquiunt,
3463 2364 3729 2424 peccatum

2135 2445 2287 2500 etiam
2304 2462 2404 2500 non
2422 2446 2737 2514 peccantibus
2751 2447 2942 2514 nocuit,
2953 2463 3074 2520 ergo
3093 2457 3139 2500 et
3155 2445 3552 2518 Christijurtitia
3571 2447 3728 2501 etiam

2135 2554 2237 2592 non
2257 2538 2570 2595 credentibus
2590 2539 2821 2612 prodest;
2840 2539 2981 2610 quod
3006 2541 3058 2594 in
3083 2539 3148 2594 iis
3167 2553 3287 2610 quin
3310 2537 3582 2609 respondi,
3605 2553 3731 2595 cer-

2141 2628 2226 2684 nis
2253 2644 2410 2700 qnam
2436 2645 2542 2685 non
2579 2631 2753 2688 solum
2778 2647 2885 2686 non
2906 2640 3174 2702 expugnet
3197 2628 3337 2700 quod
3363 2628 3608 2696 dicimus,
3624 2629 3730 2688 sed

2143 2719 2304 2774 etiam
2323 2736 2421 2774 nos
2439 2721 2723 2776 admoneat
2736 2721 2860 2793 quid
2883 2721 3122 2776 dicamus
3137 2722 3160 2754 ³
3180 2737 3194 2774 :
3227 2730 3442 2776 secutus
3460 2719 3729 2790 adiunxit,

2137 2805 2337 2864 Deinde
2361 2808 2523 2874 aiunt,
2555 2809 2620 2867 Si
2644 2809 2936 2882 Baptismns
2962 2809 3170 2864 ntundat
3195 2819 3453 2879 antiquum
3477 2808 3608 2863 illud
3635 2808 3732 2864 de-

2138 2897 2334 2965 lictum,
2367 2899 2454 2968 qui
2478 2898 2542 2954 de
2565 2899 2760 2955 duobus
2782 2899 3048 2970 baptizatis
3070 2901 3177 2954 nati
3198 2899 3406 2970 fuerint,
3427 2897 3603 2952 debent
3627 2900 3731 2957 hoc

2135 3005 2308 3044 carere
2337 3001 2538 3061 peccato
2555 3006 2576 3046 :
2603 3008 2705 3046 non
2731 2991 2863 3046 enim
2891 3000 3162 3062 potuerunt
3183 2990 3254 3044 ad
3281 2999 3508 3060 posteros
3549 2998 3728 3045 trans-

2139 3079 2358 3146 mittere,
2383 3081 2520 3150 quod
2542 3081 2642 3153 ipsi
2665 3081 2871 3136 minime
2895 3081 3195 3137 habuerunt.
3232 3079 3378 3136 Illud
3403 3095 3598 3150 quoque
3629 3095 3730 3134 ac-

2136 3169 2287 3234 cedit,
2317 3171 2528 3242 inquit,
2558 3173 2681 3244 quia
2721 3173 2768 3228 si
2803 3173 2974 3226 anima
3015 3189 3113 3228 non
3157 3181 3231 3227 est
3269 3187 3334 3228 ea:
3368 3174 3603 3235 traduce,
3630 3173 3730 3228 sed

2133 3257 2246 3316 sola
2281 3261 2562 3335 caro,~ipsa
2590 3271 2784 3340 tantum
2813 3263 2959 3318 habet
2983 3251 3240 3317 traducem
3281 3263 3492 3334 peccati,
3514 3254 3568 3316 'et
3609 3263 3730 3332 ipsa

2133 3353 2244 3408 sola
2274 3369 2472 3422 pinnam
2494 3362 2711 3408 meretur
2743 3368 2765 3410 :
2805 3353 3054 3424 injustam
3082 3369 3189 3408 esse
3209 3353 3450 3417 dicentes,
3477 3361 3532 3406 ut
3573 3351 3732 3407 hodie

2135 3451 2258 3496 nata
2281 3442 2453 3497 anima
2473 3459 2574 3497 non
2591 3459 2654 3498 ea:
2679 3459 2848 3498 massa
2864 3441 3010 3506 Ade,
3045 3450 3147 3495 tant
3166 3443 3428 3509 antiquum
3463 3453 3732 3512 peccatum

2133 3543 2297 3604 portet
2324 3535 2566 3590 alienum.
2593 3533 2781 3590 Dicunt
2803 3535 2973 3597 etiam,
3002 3533 3190 3604 inquit,
3221 3533 3364 3588 nulla
3387 3535 3580 3588 ratione
3605 3549 3734 3588 con-

2131 3625 2324 3690 cedi,ut
2343 3625 2478 3683 Deus
2496 3627 2584 3700 qui
2607 3627 2818 3698 propria
2840 3635 3047 3698 peccata
3063 3625 3288 3693 remittit,
3307 3626 3514 3697 imputet
3529 3625 3728 3680 aliena.

2205 3717 2258 3772 6.
2301 3717 2553 3786 Videsne,
2593 3717 2857 3782 obsecro,
2897 3715 3348 3788 quemadmodum
3399 3715 3503 3772 hoe
3545 3724 3728 3770 totum

2133 3809 2400 3880 Pelagius,
2426 3825 2532 3866 non
2560 3825 2625 3867 ex
2648 3825 2764 3875 sna,
2794 3809 2888 3866 sed
2915 3825 2983 3865 ex
3002 3808 3230 3864 aliorum
3257 3823 3480 3878 persona
3510 3806 3729 3864 indide-

2131 3900 2204 3955 rit
2229 3899 2442 3970 scriptis
2465 3900 2598 3968 suis,
2629 3914 2801 3967 usuue
2822 3899 2957 3954 adeo
2983 3900 3158 3955 sciens
3187 3898 3324 3954 hanc
3352 3897 3533 3954 nescio
3559 3911 3730 3966 quam

2131 4005 2254 4046 esse
2287 3989 2575 4046 novitatem
2601 4033 2616 4058 ,
2644 4007 2764 4058 qua:
2792 4000 2976 4046 contra
3004 3989 3274 4058 antiquam
3307 3987 3556 4044 Ecclesirc
3585 3987 3728 4043 insi-

2129 4088 2240 4136 tam
2279 4081 2586 4151 opinionem
2627 4096 2820 4137 sonare
2868 4095 3008 4136 nunc
3047 4080 3304 4150 coeperit,
3337 4087 3396 4134 ut
3437 4093 3555 4134 eam
3602 4077 3729 4148 ipso

2131 4171 2376 4228 conﬁteri
2395 4182 2489 4228 aut
2516 4171 2924 4236 verecundatns,
2948 4179 3040 4226 aut
3063 4171 3263 4226 veritus
3289 4168 3468 4225 fuerit.
3494 4171 3556 4224 Et
3579 4167 3728 4226 forte

2132 4261 2236 4318 hoc
2257 4263 2372 4334 ipse
2393 4279 2500 4319 non
2521 4263 2706 4329 sentit,
2724 4262 2864 4334 quod
2886 4263 3004 4318 sine
3025 4272 3244 4332 peccato
3265 4271 3514 4316 nascatur
3533 4259 3724 4328 homo,

2129 4354 2216 4408 cui
2246 4353 2439 4409 fatetur
2464 4353 2828 4411 necessarium
2867 4367 2987 4408 esse
3025 4352 3356 4424 Baptismum
3378 4392 3394 4414 ,
3433 4352 3486 4406 in
3516 4365 3621 4422 quo
3657 4349 3731 4407 ﬁt

2130 4444 2377 4499 remissio
2401 4453 2742 4514 peccatorum
2769 4462 2784 4499 :
2813 4452 2868 4499 et
2892 4443 2916 4476 ⁸
2943 4442 3084 4513 quod
3113 4443 3230 4498 sine
3254 4451 3474 4514 peccato
3497 4441 3730 4498 damno-

2129 4541 2218 4589 tur
2237 4532 2418 4599 ,homo
2440 4575 2456 4599 ,
2491 4549 2649 4604 quem
2681 4547 2898 4590 necesse
2924 4542 3006 4590 est
3031 4549 3137 4588 non
3176 4533 3500 4602 baptizatum
3525 4531 3578 4586 in
3610 4547 3729 4589 non

2130 4623 2470 4681 credentibus
2505 4625 2779 4696 deputari;
2808 4627 2932 4696 quia
2969 4627 3153 4696 utique
3184 4624 3458 4696 Scriptum
3485 4639 3732 4696 evange-

2132 4715 2234 4772 lica
2263 4715 2445 4772 fallere
2470 4731 2575 4772 non
2617 4724 2791 4788 potest
2815 4758 2832 4780 ,
2875 4717 2930 4772 in
2969 4731 3075 4788 qua
3117 4715 3452 4786 apertissime
3489 4715 3684 4785 legitur
3711 4759 3728 4782 ,

2133 4807 2235 4874 Qui
2275 4825 2376 4864 non
2403 4809 2691 4876 crediderit,
2735 4808 3161 4865 condemnabitur
3197 4847 3214 4863 .
3255 4815 3548 4878 postremo,
3577 4810 3734 4879 quod

2129 4901 2248 4958 sine
2285 4910 2504 4972 peccato
2543 4902 2718 4973 imago
2761 4901 2855 4957 Dei
2893 4916 3001 4956 non
3044 4899 3356 4956 admittatur
3396 4898 3466 4954 ad
3497 4913 3732 4968 regnum

2129 4991 2248 5058 Dei,
2277 4993 2524 5061 quoniam
2554 4993 2651 5047 nisi
2678 4992 2792 5064 quis
2812 5001 3016 5046 renatus
3035 4993 3188 5062 fuerit
3210 5005 3274 5045 ea:
3292 5005 3427 5058 aqua
3444 4996 3490 5042 et
3509 4989 3726 5056 spiritu,

2195 5085 2212 5117 ί
2233 5083 2456 5147 gallicani
2487 5096 2662 5147 omnes
2682 5083 2990 5147 manuscrlpti
3006 5083 3256 5147 omittunt,
3293 5078 3503 5147 bonum;
3523 5085 3737 5133 retenta

2129 5145 2440 5218 nihilominus
2471 5147 2522 5218 in
2546 5145 2794 5218 plerisque
2815 5141 3172 5218 praepositione,
3195 5155 3289 5218 ac,
3306 5141 3388 5214 vel
3519 5149 3735 5204 amata,

2129 5207 2252 5276 utin
2271 5205 2561 5276 quibusdam
2576 5205 2787 5270 legatur,
2806 5205 2870 5256 ad
2891 5205 3257 5276 praedicmtdun}
3277 5205 3451 5276 uirum.

2192 5269 2214 5300 ³
2239 5259 2408 5338 Plures
2437 5277 2564 5338 Mss,
2701 5259 2988 5338 gemma
3031 5267 3160 5338 quod
3194 5264 3428 5338 didm,
3451 5261 3538 5338 sed
3575 5259 3734 5338 etiam

2127 5301 2496 5416 marum
2352 5301 2408 5319 ω
2440 5301 3003 5416 pici-'53:}:
3031 5301 3180 5392 ἶιὲἱῖο
3194 5301 3732 5391 ἶιὶζὲἰζᾛαΐφῖὸἲιῐὲ

2127 5391 2316 5441 addunt
2331 5405 2348 5451 ;
2372 5406 2476 5454 pro,
2491 5391 2696 5442 accedit.
3044 5391 3047 5392 ⁷

2191 5453 2213 5524 ε
2233 5452 2480 5524 Particulo,
2495 5460 2559 5524 et,
2583 5454 2732 5524 abest_
2747 5463 2774 5500 a
2793 5451 3154 5524 manuscriptis;
3177 5447 3462 5524 sedettstat
3481 5446 3730 5524 in

2127 5521 2330 5579 quarum
2369 5517 2672 5579 antiquiores
2703 5512 2830 5579 duo,
2858 5524 2956 5562 Αιιι.
2983 5512 3146 5579 θιλειςέ
3173 5513 3246 5562 sic
3275 5512 3480 5571 habent,
3512 5513 3560 5560 et
3583 5512 3732 5579 ,σφα

2126 5566 2762 5647 sitte‘puptisnto'dmnnetur
2785 5566 2957 5647 homo;
2977 5581 3030 5624 et
3050 5572 3442 5647 infrahpostrento

2128 5634 2369 5697 Baptisms
2399 5637 2556 5700 imago
2583 5635 2684 5695 Dei,
2711 5644 2828 5693 etc.,
2865 5635 3014 5690 male.
3056 5649 3114 5686 ac
3133 5634 3486 5685 reluctantibus
3505 5639 3730 5693 utroque

2127 5695 2234 5746 loco
2255 5701 2608 5762 manuscriptis,
2627 5699 2708 5762 qui
2727 5711 2837 5749 cum
2853 5705 2963 5747 Lor.
2985 5704 3262 5748 constanter
3277 5695 3462 5757 ferunt,
3486 5693 3582 5747 siut
3603 5706 3732 5760 pec-

2567 5731 2608 5760 δ,
2627 5731 2708 5760 11111
2727 5731 2837 5749 \“III
2857 5731 2939 5747 IN'
2952 5733 2963 5745 α
2986 5731 3133 5748 κνησιο

2128 5764 2250 5807 atto.
