4002 6178
141 348 209 404 ιςο
1484 335 1689 395 LIBER
1724 336 2046 396 τεῐιτιυε.

146 477 204 513 ιιι
224 464 391 530 potest
408 455 698 510 introirein
722 469 937 526 regnum
964 451 1061 508 Dei
1088 450 1267 524 (lacn.
1294 447 1373 517 ut,
1402 448 1464 519 ὃ)
1493 466 1509 503 :
1538 457 1701 518 atque

144 555 181 603 ts
201 548 279 602 vel
308 545 367 601 in
397 555 663 601 sternam
680 554 912 600 mortem
934 543 1050 599 sine
1074 550 1296 613 peccato
1317 539 1699 611 praecipitetur,

144 641 191 692 rei
226 637 372 707 quod
423 646 515 692 est
552 636 857 700 absurdius,
904 645 1053 690 extra
1100 648 1325 706 regnum
1375 633 1469 688 Dei
1511 631 1707 686 habeat

138 734 258 785 dum
278 738 551 784 tteruam
576 745 590 791 ;
617 743 738 784 cum
765 727 1019 782 Dominus
1044 726 1340 797 praedicens
1359 724 1487 796 quid
1513 723 1626 779 suis
1646 723 1702 778 in

135 825 211 875 tne
232 821 482 876 dicturus
527 820 627 883 sit,
693 818 886 884 Venite,
941 818 1187 873 benedicti
1218 816 1392 871 Patris
1418 817 1515 871 mei
1536 858 1552 881 ,
1577 830 1697 886 per-

131 914 248 981 cipit:
267 930 493 983 regnum
526 912 664 982 wall
691 912 830 965 nobis
854 920 1087 979 paratum
1111 917 1185 963 est
1208 910 1270 962 ab
1304 908 1450 963 initio
1485 906 1664 961 mundi
1685 947 1702 973 ,

131 1004 534 1058 manifestarth
557 1004 721 1057 etiam
747 1003 870 1073 quid
897 1002 1165 1071 sitipsum
1208 1015 1431 1071 regnum
1459 999 1599 1069 quod
1626 998 1707 1052 di-

131 1097 294 1162 cebat,
323 1096 397 1148 ita
426 1094 764 1149 concludens
789 1135 804 1157 ,
833 1091 923 1149 Sic
950 1093 1090 1146 ibunt
1129 1091 1211 1147 illi
1246 1092 1299 1146 in
1340 1091 1707 1146 ambustionem

133 1198 343 1241 uernam
362 1228 381 1254 ,
401 1187 541 1259 justi
564 1198 733 1253 autent
774 1186 829 1240 in
866 1186 1019 1240 vitam
1047 1195 1290 1240 aeternam
1314 1184 1529 1254 (Matth.
1558 1162 1670 1240 ut;
1688 1226 1704 1251 ,

133 1278 332 1347 38,46).
368 1278 504 1332 Hzrc
528 1292 658 1347 ergo
680 1285 737 1332 et
770 1278 872 1330 alia
901 1292 1020 1347 qua
1040 1277 1202 1330 istum
1226 1284 1525 1345 sequuntur
1552 1291 1708 1331 erro-

132 1386 259 1432 rem,
306 1370 542 1425 nimium
591 1384 845 1439 perversa
892 1378 948 1424 et
997 1370 1305 1425 christiana!
1356 1367 1707 1440 repugnantia

133 1460 351 1524 veritati,
393 1460 566 1515 credo
602 1459 746 1530 quod
775 1461 858 1515 vir
882 1461 973 1516 ille
1003 1469 1108 1515 tam
1136 1460 1348 1531 egregie
1385 1459 1709 1516 christianus

134 1552 331 1605 omnino
358 1567 472 1605 non
499 1553 718 1606 sentiat.
744 1550 857 1608 Sed
882 1552 993 1607 lieri
1022 1563 1196 1621 potest
1222 1561 1280 1606 ut
1297 1553 1456 1607 etiam
1484 1550 1709 1607 istorum

135 1641 447 1709 agnmentis
469 1683 484 1705 ,
520 1642 613 1711 qui
654 1653 844 1697 contra
883 1643 1088 1712 peccati
1134 1643 1407 1699 traducem
1428 1642 1707 1708 sentiunt,

136 1733 282 1787 adhuc
303 1732 543 1788 fortasse
568 1733 641 1788 ita
668 1741 963 1796 moveatur,
995 1742 1055 1788 ut
1072 1733 1258 1788 audire
1279 1733 1363 1788 vel
1393 1748 1557 1788 nosse
1583 1731 1710 1803 quid

134 1836 294 1877 contra
317 1838 420 1879 eos
444 1822 679 1888 dicatur,
704 1834 978 1894 exspectet
1009 1843 1022 1878 :
1045 1834 1101 1881 et
1122 1825 1245 1882 ideo
1264 1826 1391 1897 quid
1414 1827 1487 1881 illi
1507 1825 1709 1890 dicant,

135 1917 205 1979 eos
227 1924 414 1968 contra
447 1912 657 1982 peccati
682 1914 954 1970 traducem
990 1915 1245 1980 sentiunt,
1276 1930 1377 1971 nec
1404 1923 1585 1972 tacere
1613 1934 1710 1970 ro-

141 2003 233 2069 luit,
260 2014 311 2057 ut
338 2004 578 2073 qumstio
603 2003 935 2060 discutienda
958 2006 1334 2070 insinuaretur,
1363 2015 1417 2062 et
1435 2024 1464 2060 a
1486 2022 1712 2078 persona

139 2108 215 2148 sua
238 2094 491 2159 removit,
521 2109 590 2149 ne
618 2094 724 2150 hoc
748 2097 905 2151 etiam
929 2097 1041 2167 ipse
1069 2099 1268 2154 sentire
1288 2099 1637 2168 judicaretur.

192 2183 414 2241 CAPUT
444 2184 538 2239 IV.
558 2214 630 2227 -—
661 2186 717 2241 7.
749 2184 906 2240 Iesus
948 2189 1098 2242 etiam
1137 2190 1411 2258 infantium
1437 2189 1586 2246 Iesus
1613 2198 1708 2245 est.

138 2273 344 2329 Ostendit
356 2285 551 2330 veteres
568 2276 700 2331 nihil
716 2277 969 2333 dubitasse
983 2279 1047 2333 de
1060 2280 1301 2352 originali
1315 2282 1588 2354 infantium
1605 2298 1714 2352 pec—
1776 2288 1780 2290 ⁷

135 2378 251 2421 ceto.
270 2368 386 2439 Ego
408 2377 591 2421 autem
615 2369 717 2423 etsi
742 2370 987 2426 refellere
1017 2372 1236 2426 istorum
1267 2382 1579 2443 argumenta
1605 2389 1712 2429 non

136 2458 342 2519 taleam,
364 2458 525 2512 video
543 2468 723 2513 tamen
740 2460 1108 2516 inhaerendum
1129 2477 1249 2519 esse
1267 2464 1331 2519 iis
1360 2478 1480 2535 qua:
1497 2466 1548 2519 in
1566 2456 1710 2522 scri-

134 2550 288 2614 pturis
301 2557 428 2601 sunt
454 2549 818 2617 apertissima,
837 2561 896 2605 ut
921 2567 989 2607 ex
1019 2553 1101 2609 his
1126 2556 1434 2613 revelentur
1451 2556 1708 2623 obscura;

134 2648 216 2692 sat
234 2641 278 2692 si
307 2655 464 2694 mens
488 2640 729 2695 nondum
746 2650 830 2696 est
848 2643 1056 2710 idonea,
1087 2660 1207 2714 quae
1237 2649 1403 2714 possit
1422 2664 1485 2703 ea
1517 2648 1595 2704 vel
1617 2648 1712 2702 de-

136 2740 416 2785 ntonstrata
461 2746 724 2797 cernere,
773 2734 853 2787 vel
898 2734 1142 2790 abstrusa
1190 2738 1544 2809 investigare,
1593 2740 1712 2794 sine

138 2820 231 2874 ulla
262 2821 609 2877 hzesitatione
646 2822 952 2878 credantur.
988 2824 1124 2893 Quid
1168 2837 1344 2882 autem
1374 2830 1610 2900 apertius
1637 2837 1715 2884 tot

140 2914 393 2983 tantisque
435 2914 764 2970 testimoniis
793 2915 1093 2970 divinorum
1121 2918 1451 2988 eloquiorum
1470 2961 1484 2983 ,
1520 2920 1713 2989 quibus

141 3004 510 3059 dilueidissime
532 3014 790 3075 apparet,
816 3022 914 3062 nec
942 3017 1137 3078 praeter
1168 3009 1365 3065 Christi
1400 3007 1712 3067 societatem

139 3094 198 3147 ad
221 3096 379 3149 vitam
409 3096 749 3168 salutemque
775 3111 1029 3153 a-ternam
1069 3115 1227 3170 posse
1260 3118 1579 3172 quemquam
1611 3103 1715 3158 ho-

144 3186 328 3240 minum
378 3188 662 3256 pervenire
684 3229 699 3252 ,
732 3203 833 3244 nec
868 3189 1049 3245 divino
1081 3191 1282 3261 judicio
1324 3192 1519 3263 injuste
1555 3207 1715 3264 posse

139 3277 360 3346 aliquem
392 3277 659 3341 damnari,
685 3278 791 3334 hoc
815 3290 918 3348 est,
944 3283 1012 3337 ab
1041 3283 1127 3337 illa
1152 3285 1260 3338 vlta
1286 3294 1341 3340 et
1365 3284 1537 3341 salute
1561 3302 1718 3357 sepa-

138 3373 272 3425 rari?
297 3370 453 3427 Unde
496 3374 554 3425 tit
594 3386 930 3444 emisi-quens
974 3384 1032 3429 ut
1074 3377 1325 3445 quoniam
1370 3377 1500 3433 nihil
1544 3380 1719 3450 agitur

137 3460 292 3525 aliud,
324 3475 450 3515 cum
481 3463 686 3530 parvuli
716 3463 1067 3532 baptizantur,
1089 3466 1191 3520 nisi
1222 3477 1279 3521 ut
1308 3467 1717 3540 incorporenlur

136 3552 406 3617 Ecclesiae,
438 3552 493 3606 id
528 3561 639 3619 est,
664 3551 863 3609 Christi
892 3558 1101 3627 corpori
1129 3559 1486 3630 membrisque
1510 3563 1719 3618 socien-

135 3651 247 3708 tur;
274 3642 621 3697 manifestum
649 3643 719 3698 sit
739 3659 834 3697 eos
853 3646 918 3700 ad
940 3646 1358 3716 damnationem,
1388 3652 1489 3706 nisi
1518 3652 1619 3708 hoc
1640 3653 1719 3708 eis

134 3736 383 3789 collatum
404 3734 564 3790 fuerit
586 3736 627 3803 ⁸,
658 3736 945 3805 pertinere.
976 3738 1091 3793 Non
1120 3749 1296 3796 autem
1325 3742 1566 3800 damnari
1595 3759 1721 3816 pos-

136 3832 276 3887 sent,
299 3824 348 3878 si
376 3834 653 3894 peccatum
675 3827 856 3897 utique
886 3842 990 3882 non
1017 3829 1294 3886 haberent.
1340 3833 1453 3889 Hoc
1478 3835 1600 3905 quia
1633 3837 1721 3891 illa

133 3924 264 3969 uas
310 3915 459 3969 nulla
485 3914 541 3969 in
559 3917 666 3971 vita
692 3918 905 3987 propria
931 3920 953 3951 ⁸
981 3921 1300 3977 contrahere
1335 3925 1524 3993 potuit,
1554 3934 1722 3981 restat

137 4005 434 4075 intelligere
483 4006 572 4062 vel
618 4009 664 4062 si
708 4008 810 4063 hoc
850 4008 1088 4065 nondum
1143 4028 1424 4082 possumus
1447 4056 1463 4082 ,
1532 4017 1721 4073 saltem

135 4096 381 4161 credere,
400 4098 618 4153 trahere
647 4100 895 4169 parvulos
922 4102 1178 4171 originale
1208 4114 1501 4173 peccatum.

206 4187 261 4239 8.
287 4187 367 4241 Ac
389 4201 489 4256 per
511 4188 614 4243 hoc
633 4189 682 4243 si
705 4189 940 4259 ambigui
960 4192 1157 4261 aliquid
1190 4194 1389 4251 habent
1410 4198 1572 4253 verba
1591 4213 1722 4269 apo-

136 4277 324 4332 stolica
367 4277 564 4344 quibus
605 4278 775 4345 dicit,
819 4278 925 4336 Per
964 4298 1124 4337 unum
1168 4284 1422 4342 hominem
1464 4301 1725 4361 peccatum

138 4370 344 4423 intravit
368 4371 425 4423 in
454 4370 703 4426 mundum
725 4414 742 4439 ,
766 4382 818 4428 et
858 4391 947 4444 per
974 4385 1232 4446 peccatum
1259 4396 1394 4436 mors
1414 4424 1430 4448 ,
1473 4392 1518 4437 et
1558 4384 1629 4437 ita
1669 4386 1723 4440 in

139 4475 312 4514 omnes
346 4461 580 4515 beatius
619 4465 908 4533 pertransiit
933 4465 1109 4536 (Rom.
1140 4483 1206 4534 ν,
1242 4467 1368 4544 12),
1399 4483 1726 4545 possuntque

142 4550 197 4603 in
235 4550 392 4604 aliam
420 4550 547 4606 duci
577 4555 957 4624 transferrique
983 4561 1303 4615 sententiam
1344 4580 1357 4616 :
1391 4566 1647 4635 numquid
1672 4576 1728 4624 et

141 4642 269 4694 illud
295 4641 603 4711 ambiguum
626 4652 735 4709 est,
767 4643 888 4700 Nisi
910 4648 1024 4719 quis
1041 4662 1248 4706 renatus
1276 4654 1427 4719 fuerit
1447 4673 1508 4710 ea:
1527 4674 1658 4730 aqua
1679 4669 1727 4714 et

140 4734 340 4828 spiritu,
356 4751 470 4828 non
491 4745 655 4828 potest
680 4738 873 4828 intrare
895 4740 949 4794 in
967 4758 1180 4814 regnum
1202 4744 1300 4801 Dei
1324 4748 1505 4818 (Joan.
1529 4770 1606 4818 ιιι,
1629 4755 1727 4828 5)?

449 4837 504 4880 et
537 4827 670 4883 illud
693 4869 711 4895 ,
756 4827 968 4886 Vocabis
1008 4851 1191 4892 nomen
1228 4839 1340 4908 ejus
1370 4841 1586 4909 Iesum;
1621 4822 1730 4917 ipse

137 4915 269 4968 enim
315 4916 516 4971 salvum
552 4919 702 4985 faciet
750 4922 995 4992 populum
1032 4941 1180 4980 suum
1223 4945 1256 4980 a
1298 4934 1514 4999 peccatis
1555 4915 1729 4991 eorum

138 5002 356 5059 math.
383 5020 436 5071 ι,
475 5006 606 5077 2t)?
637 5007 903 5080 Numquid
947 5014 1107 5070 etiam
1148 5016 1312 5086 illud,
1344 5022 1476 5087 Quia
1512 5042 1615 5079 non
1657 5039 1730 5083 est

136 5113 264 5165 opus
292 5102 437 5155 sanis
462 5100 709 5170 medicus,
735 5104 826 5159 sed
850 5112 1210 5179 (egrotantibus
1239 5111 1349 5185 (Id.
1375 5133 1446 5184 ts,
1473 5119 1594 5191 12);
1628 5121 1730 5177 hoc

206 5296 682 5391 immune
701 5302 1056 5391 θὲἑοῖξὲτέέἐξνὲι
1076 5314 1237 5391 fcerit

194 5363 822 5447 JE‘EELW‘I‘ETXL"?
842 5363 1307 5447 ννορνίαὲῖὧέιίἆιηί
1334 5393 1449 5431 vero
1470 5395 1559 5447 sex
1599 5391 1729 5447 Mss.

147 5419 1725 5509 ἰξῑαιῖιῑίεῖξιετειῖ·“έῐξιῖιαῖίῖιῖ-ῑ

144 5481 392 5558 ﬁngeris
404 5481 673 5538 tutantibus
694 5481 947 5567 peccatum
969 5481 1733 5573 agilia?)riii,"'aui“;i.$$§1

147 5555 246 5602 με.
270 5555 357 5597 ³1η
379 5562 430 5597 ιιι
445 5563 654 5607 οοτιοτε
676 5560 815 5603 acun-
839 5563 955 5607 Hlttc
973 5573 1021 5607 tn
1057 5566 1257 5607 emsmla
1282 5566 1390 5607 9W-
1413 5568 1472 5607 ad
1511 5569 1709 5607 \‘imlmn

146 5555 357 5657 ﬁ“;
379 5555 430 5597 in
445 5563 654 5614 eoflore
676 5560 815 5603 actam
839 5558 955 5631 Hinc
973 5561 1021 5611 in
1057 5555 1259 5635 epistola
1282 5555 1390 5624 9J7,
1413 5555 1473 5619 ad
1495 5555 1729 5631 finalem,

150 5638 331 5693 .‘...._'
344 5613 1023 5693 ἮῈἿΨἯΨῬΠΆ.
1038 5638 1062 5669 ’
1092 5629 1265 5693 ιιζέιυίιρ
1291 5646 1313 5674 ι
1336 5629 1510 5690 prioris
1529 5631 1732 5693 aliwius

144 5672 325 5777 :32,
340 5683 491 5747 quam
516 5672 701 5723 nullam
717 5680 964 5787 gropriam
986 5672 1381 5748 singuli'b—aber'e‘
1396 5672 1722 5753 ἱὲὶιῐῶἶιῖίὲῗῒ

270 5744 436 5787 itura.
457 5734 541 5785 id).
573 5738 620 5787 1.
641 5748 690 5784 ιι.
756 5741 797 5787 ι.

270 5734 436 5797 arpra,
457 5734 541 5785 lib.
573 5738 620 5798 1,
641 5748 690 5784 ιι.
717 5734 797 5787 31.

3290 349 3395 406 190

1811 457 1923 513 est,
1956 448 2079 518 quia
2105 463 2210 503 non
2235 458 2320 506 est
2343 453 2676 509 necessarius
2698 454 2852 511 Iesus
2881 458 2898 489 ³
2926 457 3006 511 eis
3035 460 3121 529 qui
3155 475 3261 516 non
3294 460 3394 514 ha-

1810 536 1937 593 bent
1969 549 2274 608 peccatum,
2310 541 2406 597 sed
2439 544 2519 598 eis
2544 545 2636 614 qui
2665 545 2903 602 solvendi
2931 559 3054 603 sunt
3082 566 3109 603 ιι
3136 550 3399 623 peccato?

1812 628 2075 700 Numquid
2096 632 2258 686 etiam
2282 632 2433 698 illud,
2461 632 2592 702 Quia
2621 636 2721 691 nisi
2751 638 3187 695 manducaverint
3216 640 3395 696 homi-

1812 736 1912 776 nes
1955 737 2173 778 csrnem
2219 724 2370 795 ejus,
2416 724 2519 781 hoc
2559 736 2673 794 est,
2720 731 3006 800 participes
3035 731 3159 787 lacti
3201 734 3427 791 fuerint”

1811 813 2053 881 corporis
2083 813 2233 883 ejus,
2276 830 2384 870 non
2427 815 2699 872 habebunt
2743 820 2905 874 vitam
2944 820 3120 887 (Joan.
3151 839 3235 885 v1,
3268 822 3397 895 Si)?

1813 902 1906 957 llis
1933 913 2092 974 atque
2124 905 2429 974 hujusmodi
2455 908 2593 973 aliis,
2626 924 2744 977 qum
2772 926 2914 965 nunc
2937 923 3217 981 praetereo,
3251 917 3397 968 testi.

1812 996 2008 1051 mouiis
2036 996 2216 1051 divina
2239 999 2354 1053 luce
2374 1000 2708 1068 clarissimis,
2739 1003 2912 1057 divina
2937 1007 3251 1060 auctoritate
3275 1022 3395 1062 cer-

1813 1088 2033 1142 tissimis
2052 1127 2068 1154 ,
2101 1102 2277 1144 nonne
2314 1091 2513 1144 veritas
2538 1092 2654 1146 sine
2682 1092 2785 1145 ulla
2814 1093 3158 1163 ambiguitate
3187 1109 3398 1164 procra-

1813 1188 1943 1243 mat,
1961 1195 2064 1234 non
2084 1181 2254 1234 solum
2276 1181 2326 1234 in
2350 1196 2571 1251 regnum
2598 1182 2690 1236 Dei
2712 1198 2818 1236 non
2844 1183 3134 1253 baptizatos
3153 1186 3398 1255 parvulos

1815 1273 2015 1328 intrare
2064 1289 2169 1328 non
2219 1288 2394 1342 posse,
2438 1275 2532 1328 sed
2582 1290 2684 1329 nec
2729 1275 2891 1329 vitam
2940 1287 3194 1330 aeternam
3242 1292 3400 1345 posse

1816 1365 2014 1419 habere
2041 1373 2233 1434 praeter
2258 1363 2456 1421 Christi
2485 1368 2678 1435 corpus
2698 1407 2713 1433 ,
2746 1367 2831 1421 cui
2862 1375 2920 1420 ut
2961 1367 3400 1436 incorpurcntnr,

1813 1464 2151 1512 sacramento
2185 1441 2534 1526 'Baptisntatis
2578 1458 2923 1513 imbuuntur?
2966 1457 3155 1514 Nonne
3206 1461 3402 1516 veritas

1813 1549 1931 1603 sine
1961 1550 2064 1603 ulla
2093 1549 2425 1604 dubitatione
2468 1558 2696 1605 testatur
2719 1591 2732 1614 ,
2767 1565 2864 1605 eos
2907 1566 3013 1604 non
3059 1551 3127 1605 ob
3164 1550 3305 1605 aliud
3334 1551 3405 1605 ad

1814 1638 1996 1695 Iesum
2018 1680 2033 1706 ,
2061 1639 2165 1696 hoc
2190 1647 2306 1705 est,
2334 1640 2402 1694 ad
2430 1641 2753 1696 salvatorem
2784 1650 2837 1695 et
2863 1642 2927 1696 ad
2953 1642 3218 1697 medicum
3244 1642 3402 1698 Chri-

1815 1739 1955 1785 stum
1986 1730 2086 1799 piis
2114 1731 2432 1800 gestantium
2458 1733 2705 1785 manibus
2743 1730 2908 1799 ferri,
2940 1734 3041 1788 nisi
3067 1742 3124 1787 ut
3157 1748 3252 1802 per
3283 1749 3405 1790 me-

1816 1818 2045 1874 dicinam
2072 1821 2535 1876 Sacramentorum
2566 1822 2682 1892 ejus
2718 1825 2927 1891 possint
2964 1839 2992 1876 a
3020 1822 3223 1893 peccati
3252 1834 3408 1895 pule

1816 1911 2032 1967 sanari?
2071 1910 2149 1984 (a)
2175 1912 2311 1980 Quid
2342 1927 2472 1983 ergo
2490 1922 2809 1968 cunctamur
2831 1914 3071 1981 Apostoli
3116 1917 3274 1970 verba
3298 1956 3312 1978 ,
3337 1914 3409 1971 de

1816 2002 2009 2073 quibus
2038 2000 2176 2056 forte
2202 2003 2606 2067 dubitabamus,
2634 2005 2794 2058 etiam
2834 2004 2951 2072 ipsa.
2972 2005 3053 2061 sic
3081 2004 3402 2074 intelligere,

1817 2101 1876 2148 ut
1902 2093 1984 2147 his
2004 2103 2297 2163 congruant
2324 2095 2662 2162 testimoniis,
2690 2096 2759 2151 de
2786 2096 2979 2166 quibus
3012 2097 3256 2152 dubitare
3294 2111 3404 2151 non

1818 2199 2103 2255 possumus
2123 2184 2148 2238 ?

1888 2274 1942 2330 9.
1966 2275 2284 2345 Quanquam
2316 2283 2427 2330 toto
2450 2277 2568 2346 ipso
2595 2277 2715 2332 loco
2737 2319 2751 2343 ,
2787 2277 2877 2333 ubi
2911 2293 3004 2347 per
3032 2280 3189 2334 unius
3212 2294 3407 2349 pecca-

1819 2375 1931 2422 tum
1968 2368 2260 2422 multorum
2284 2369 2785 2425 condemnationem
2807 2412 2822 2438 ,
2861 2379 2917 2426 et
2944 2387 3037 2439 per
3062 2373 3219 2426 unius
3250 2372 3404 2443 justi-

1819 2459 1945 2512 tiam
1988 2460 2277 2513 mttltorum
2318 2459 2756 2528 justilicationem
2806 2462 3093 2532 Apostolus
3142 2462 3407 2532 loquitur,

1818 2549 1949 2603 nihil
1973 2550 2101 2603 mihi
2123 2549 2362 2605 rideatur
2384 2552 2638 2621 ambigui,
2661 2552 2764 2606 nisi
2790 2552 2933 2622 quod
2957 2554 3067 2618 ait,
3100 2553 3265 2606 Adam
3289 2558 3403 2624 for-

1819 2656 1952 2694 mam
1984 2642 2146 2712 futuri
2172 2641 2350 2711 (llam.
2373 2656 2430 2708 ν,
2454 2643 2565 2711 ii).
2594 2643 2708 2697 Hoc
2730 2643 2874 2697 enim
2899 2656 3081 2697 revera
3107 2660 3212 2697 non
3236 2644 3408 2698 solum

1820 2731 1943 2787 huic
1964 2733 2244 2787 sententia:
2273 2733 2552 2797 convenit,
2583 2749 2683 2804 qua
2711 2734 3027 2803 intelligitur
3058 2733 3264 2788 futuros
3289 2735 3409 2804 ejus

1820 2832 2061 2895 posteros
2091 2840 2154 2878 es
2181 2824 2368 2879 eadem
2391 2824 2559 2878 forma
2590 2827 2611 2859 ³
2637 2840 2757 2879 cum
2788 2836 3010 2894 peccato
3036 2840 3157 2880 esse
3180 2841 3408 2895 genera-

1821 2925 1939 2980 tos;
1970 2913 2068 2970 sed
2108 2915 2267 2969 etiam
2310 2915 2365 2968 in
2404 2915 2538 2968 alios
2577 2923 2631 2969 et
2671 2916 2803 2970 alios
2846 2916 3147 2971 intellectus
3187 2923 3410 2983 possunt

1821 3007 1939 3062 haec
1961 3008 2124 3064 verba
2162 3007 2375 3062 deduci.
2413 3006 2545 3061 Nam
2578 3015 2633 3062 et
2672 3023 2771 3062 nos
2800 3007 2943 3062 aliud
2976 3006 3098 3060 inde
3125 3006 3412 3074 aliquando

1821 3100 2069 3166 diximus,
2098 3109 2154 3154 et
2178 3099 2323 3154 aliud
2352 3099 2578 3154 fortasse
2607 3098 2850 3154 dicemus
2872 3140 2886 3162 ,
2916 3101 3054 3167 quod
3085 3109 3261 3152 tamen
3289 3096 3413 3153 huic

1821 3192 2112 3248 intellectui
2134 3207 2239 3247 non
2261 3193 2331 3246 sit
2355 3191 2641 3247 adversum
2673 3191 2865 3264 (Epist.
2896 3191 3019 3258 157,
3047 3207 3096 3245 n.
3122 3191 3227 3255 20;
3255 3205 3414 3260 supra

1822 3285 1912 3340 lib.
1937 3286 1988 3348 ι,
2014 3301 2067 3339 n.
2097 3285 2163 3339 i3
2184 3302 2198 3349 ;
2221 3285 2381 3356 infra,
2407 3285 2470 3339 tle
2488 3285 2698 3356 Nuptiis
2720 3294 2764 3337 et
2785 3283 3222 3355 Concupiscentia,
3243 3283 3328 3337 lib.
3352 3280 3409 3349 2,

1822 3393 1875 3431 ιι.
1903 3375 2001 3441 46,
2030 3385 2076 3430 et
2098 3385 2274 3430 contra
2296 3375 2593 3440 Jnltanum,
2622 3376 2709 3430 lib.
2733 3377 2799 3441 ὅ,
2823 3393 2875 3429 n.
2908 3376 2963 3447 9)
2991 3394 3006 3430 :
3035 3384 3090 3429 et
3116 3376 3229 3443 ipse
3254 3374 3410 3428 Pela—

1823 3469 1940 3539 gius
1966 3483 2074 3522 non
2107 3482 2216 3522 uno
2245 3466 2406 3522 modo
2430 3467 2480 3521 id
2502 3467 2767 3535 exposuit.
2799 3467 3000 3521 Czrtera
3030 3482 3160 3520 vero
3188 3480 3306 3536 qua:
3334 3465 3409 3519 ibi

1823 3560 2073 3615 dicuntur
2090 3600 2105 3625 ,
2137 3558 2496 3628 si‘diligeuter
2523 3557 2868 3612 advertantur
2892 3566 3051 3626 atque
3080 3564 3409 3622 tractentur,

1824 3649 1961 3705 sicut
1992 3650 2043 3703 in
2070 3650 2244 3719 primo
2270 3648 2497 3702 duorum
2525 3648 2737 3701 illorum
2766 3646 2904 3701 libro
2934 3655 3219 3715 utcumque
3239 3659 3407 3701 cona-

1824 3745 1911 3793 tus
1931 3755 2070 3806 snm,
2089 3738 2297 3793 etiamsi
2320 3737 2705 3792 subobscurum
2731 3737 2939 3806 pariunt
2965 3750 3141 3790 rerum
3174 3736 3410 3805 ipsarum

1826 3829 2143 3885 necessitate
2186 3843 2530 3893 sermonem,
2578 3842 2685 3882 non
2737 3837 2911 3882 tamen
2960 3836 3209 3896 poterunt
3247 3827 3412 3882 alium

1824 3935 2043 3978 scnsum
2072 3921 2291 3985 habere,
2317 3920 2416 3975 nisi
2436 3936 2530 3990 per
2550 3934 2707 3990 quem
2738 3918 2931 3974 factum
2953 3928 3033 3973 est
3049 3928 3106 3973 ut
3124 3919 3414 3986 antiquitus

1828 4015 2074 4069 universa
2089 4013 2325 4068 Ecclesia
2358 4013 2634 4080 retineret,
2655 4011 2839 4066 ﬁdeles
2867 4011 3114 4080 parvulos
3139 4008 3413 4078 originalis

1829 4105 2028 4175 peccati
2040 4104 2409 4160 remissionem
2423 4119 2518 4172 per
2531 4102 2723 4157 Christi
2738 4102 2806 4155 Ba
2814 4108 3060 4171 ptismum
3073 4107 3411 4154 consecutos.

1898 4195 2126 4252 CAPUT
2166 4195 2228 4248 V.
2257 4221 2328 4235 —-
2352 4194 2439 4249 10.
2476 4190 3109 4262 Τειιίιιιοηὶιιηιϋειρνίαηὶ.
3141 4188 3291 4244 Unde
3304 4203 3414 4244 non

1830 4287 2100 4343 immerito
2120 4287 2308 4342 beatus
2335 4286 2629 4358 Cyprianus
2653 4284 2782 4339 satis
2812 4284 3047 4339 ostendit
3066 4325 3080 4345 ,
3108 4297 3267 4353 quam
3306 4281 3413 4336 hoc

1830 4381 1900 4435 ab
1924 4381 2074 4435 initio
2101 4378 2363 4450 creditum
2383 4386 2437 4432 et
2463 4376 2789 4432 intellectum
2812 4384 2988 4430 servet
3014 4373 3250 4430 Ecclesia
3282 4391 3298 4428 :
3325 4373 3415 4444 qui

1832 4489 1952 4529 cum
1977 4472 2244 4543 parvulos
2288 4486 2317 4525 a
2365 4478 2607 4524 materno
2655 4477 2809 4523 utero
2857 4467 3258 4523 recentissimos
3304 4465 3417 4535 jam

1833 4564 2056 4619 idoneos
2088 4562 2154 4616 ad
2185 4560 2582 4631 percipiendum
2610 4558 2812 4615 Christi
2846 4557 3176 4627 Baptismum
3205 4570 3419 4611 assere-

1833 4667 1918 4714 ret
1935 4700 1950 4724 ,
1981 4657 2234 4727 quoniam
2259 4655 2536 4710 consultus
2561 4656 2727 4708 fuerat
2747 4693 2764 4720 ,
2792 4660 2970 4706 utrum
3000 4651 3100 4705 hoc
3125 4657 3248 4703 ante
3272 4659 3419 4703 octa-

1833 4765 1957 4803 vum
1989 4748 2128 4802 diem
2157 4747 2275 4803 ﬁeri
2305 4746 2562 4801 deberet:
2590 4753 2847 4815 quantum
2871 4742 3061 4813 potuit,
3086 4747 3310 4794 conatus
3334 4748 3416 4793 est

1833 4855 1929 4896 eos
1953 4839 2324 4893 demonstrare
2357 4835 2661 4907 perfectos;
2692 4851 2758 4889 ne
2788 4834 2906 4903 quis
2930 4831 3080 4901 quasi
3113 4844 3208 4900 pro
3234 4842 3419 4882 nume-

1835 4944 1898 4985 ro
1924 4929 1946 4961 ³
1966 4929 2203 4995 dierum,
2231 4929 2352 4998 quia
2381 4936 2572 4983 octavo
2597 4934 2751 4980 antea
2792 4920 3305 4980 eirenmcidehantur
3332 4916 3418 4972 in-

1838 5021 2029 5088 fantes,
2053 5037 2148 5077 eos
2167 5020 2342 5076 adhuc
2362 5019 2712 5090 perliciendos
2731 5017 3062 5072 existimaret
3085 5010 3417 5084 (Cyprianus,

1772 5155 1797 5175 ς
1837 5114 2007 5184 Epist.
2034 5116 2123 5179 64,
2153 5118 2220 5169 ad
2247 5111 2484 5184 Fidum).
2515 5111 2622 5168 Sed
2646 5109 2670 5145 ⁸
2696 5125 2818 5165 cum
2849 5121 3096 5178 magnum
3131 5103 3210 5159 eis
3234 5101 3421 5157 deleu-

1838 5206 2006 5262 siouis
2030 5206 2382 5276 patrocinium
2424 5201 2799 5274 prmstitisset,
2840 5197 2909 5251 ab
2953 5194 3197 5266 originali
3238 5203 3416 5247 tamen

1839 5308 2059 5369 peccato
2084 5313 2177 5354 eos
2202 5301 2466 5352 immunes
2493 5312 2596 5351 non
2626 5308 2745 5349 esse
2771 5289 3051 5346 confessus
3078 5295 3197 5343 est:
3222 5286 3344 5357 quia
3373 5285 3421 5356 si

1839 5393 1944 5452 hoc
1990 5403 2223 5464 negaret,
2253 5392 2420 5462 ipsius
2446 5386 2701 5460 Baptismi
2729 5399 2967 5449 causam,
3015 5390 3233 5455 propter
3261 5393 3421 5450 quem

1902 5509 1922 5545 ί
1947 5508 2381 5571 Manuscrlpti,,non
2401 5511 2472 5571 est
2492 5501 2786 5571 necessarius
2807 5515 2893 5562 ets,
2920 5502 3116 5562 omisso,
3138 5506 3295 5551 usus.

1905 5574 1925 5606 ι
1954 5580 2051 5619 Αιιι.
2081 5579 2133 5622 et
2156 5569 2248 5627 FIr.,
2278 5577 2323 5621 et
2345 5569 2514 5620 eadem
2536 5569 2709 5630 roman.

1904 5635 1928 5668 ⁸
1952 5633 2166 5683 Νηιηυῖιί
2187 5639 2313 5689 Mss,
2338 5645 2397 5681 ne
2419 5630 2525 5693 quis
2548 5645 2650 5695 ipso
2667 5642 2882 5679 numero.

1906 5697 1927 5725 ‘
1950 5695 2051 5742 Sola
2073 5696 2218 5743 t't’iilllt
2244 5703 2372 5746 ιον..
2407 5702 2473 5742 lt.

1902 5757 1974 5817 (η)
2009 5766 2086 5806 "It!
2112 5767 2274 5819 ιιιίοειιι
2305 5767 2442 5820 ωιιιι
2468 5757 2499 5807 ὅ
2524 5756 2568 5805 in
2596 5754 2714 5806 edit.
2744 5764 2838 5801 .tm.
2869 5761 2915 5803 ut
2937 5749 3010 5798 Er.
