4002 6178
506 248 510 253 ’
568 283 660 339 ποι
1194 274 1283 330 nc
1324 265 1782 328 reccsronuu
1813 257 2088 319 MEltl’l‘lS
2130 256 2216 313 er
2256 234 2688 315 REMISSIONE.
2730 253 2790 311 s.
2830 250 3199 311 sucusruu

565 389 963 463 percipiendum
990 401 1088 443 eos
1126 384 1475 449 defendebat,
1509 379 1763 436 auferret.
1793 376 1958 431 Potes
1979 373 2149 463 ipsam

562 462 841 553 epistolam
878 478 1155 534 memorati
1181 475 1435 547 martyris
1459 474 1526 529 de
1552 466 1893 540 Baptizandis
1917 462 2151 536 parvulis

564 575 761 646 legere,
786 574 830 627 si
859 571 1091 627 volueris
1113 587 1127 623 :
1153 583 1325 640 neque
1345 568 1487 623 enim
1514 570 1689 636 potest
1712 561 1902 617 deesse
1920 555 2151 614 Cartha-

565 663 700 734 gini.
729 661 929 725 Verum
959 661 1012 715 in
1050 660 1187 715 hanc
1219 660 1380 716 etiam
1416 665 1683 722 nostram,
1710 660 1969 724 quantum
2010 662 2151 719 prae-

564 757 702 813 senti
738 755 1019 827 quaestioni
1053 753 1185 809 satis
1224 753 1395 807 visum
1425 757 1538 817 est,
1567 762 1736 819 pauca
1775 744 1899 800 inde
1927 740 2154 798 transfe-

565 847 731 904 renda
762 847 1052 903 arbritatus
1077 860 1217 910 sum,
1244 859 1363 914 qua:
1388 841 1683 915 prudenter
1708 837 1946 894 attende.
1978 835 2154 903 Quan-

565 950 672 994 tum
692 955 827 1005 vero,
857 935 1029 1008 inquit
1047 977 1061 1000 ,
1093 935 1162 989 ad
1197 950 1401 989 causam
1426 931 1703 1001 infantium
1744 928 1957 998 pertth
1983 967 1999 993 ,
2026 940 2152 996 quos

566 1028 740 1084 dixisti
767 1029 901 1082 intra
935 1026 1211 1081 secundum
1246 1022 1327 1079 uel
1357 1022 1560 1081 tertium
1592 1020 1728 1075 diem
1750 1034 1849 1089 quo
1888 1016 1997 1070 nati
2035 1021 2152 1070 sunt

565 1121 883 1187 constitutos,
902 1117 1148 1188 baptizari
1164 1132 1264 1170 non
1283 1122 1534 1186 oportere,
1550 1120 1596 1166 et
1615 1107 2032 1166 considerandam
2050 1120 2156 1160 esse

568 1213 727 1282 legem
768 1207 1161 1264 circumsisionis
1199 1204 1421 1275 antiquae
1443 1243 1458 1269 ,
1489 1210 1545 1256 ut
1583 1201 1719 1255 intra
1755 1207 1985 1252 octauum
2022 1195 2154 1248 diem

569 1302 793 1373 eumqui
819 1310 969 1355 natus
991 1308 1066 1355 est
1103 1295 1466 1369 baptizandum
1504 1300 1550 1348 et
1590 1287 2012 1360 sanctiﬁcandum
2053 1302 2156 1340 non

574 1404 817 1466 putares;
860 1390 1007 1462 longe
1046 1389 1189 1444 aliud
1231 1388 1286 1442 in
1321 1386 1534 1441 concilio
1575 1392 1747 1439 nostra
1779 1382 1941 1435 uisum
1967 1385 2058 1433 est.
2087 1374 2158 1430 In

575 1488 672 1540 hoc
696 1486 827 1540 enim
853 1483 986 1554 quod
1011 1492 1065 1536 tu
1092 1480 1305 1552 putabas
1346 1494 1451 1533 esse
1488 1474 1807 1549 faciendum,
1847 1485 1992 1526 nemo
2031 1484 2158 1522 con-

570 1578 762 1640 sensit;
789 1574 878 1629 sed
898 1573 1115 1629 uniuersi
1142 1568 1308 1643 potius
1325 1568 1705 1641 judicaeimus,
1737 1563 1866 1619 nulli
1897 1561 2158 1615 hominum

572 1677 694 1722 nato
731 1664 1127 1722 misericordiam
1152 1660 1253 1716 Dei
1277 1672 1326 1718 et
1361 1659 1580 1732 gratiam
1614 1653 1983 1726 denegandam.
2018 1649 2158 1704 Nam

571 1774 691 1813 cum
710 1756 958 1811 Dominus
985 1756 1039 1809 in
1069 1752 1349 1824 Evangelia
1365 1766 1460 1805 suo
1488 1749 1645 1813 dicat,
1678 1764 1700 1799 ί
1732 1746 1900 1803 Filius
1927 1742 2158 1799 hominis

582 1867 601 1900 σ
641 1863 744 1902 non
770 1847 914 1902 venit
939 1846 1148 1902 animas
1171 1842 1449 1898 hominum
1475 1838 1729 1911 perdere,
1754 1835 1852 1892 sed
1886 1835 2095 1890 salvare
2131 1849 2152 1884 ι

576 1938 728 2011 (an.
761 1954 842 2003 rx,
863 1936 954 2009 56)
989 1955 1003 1990 :
1030 1944 1275 2006 quantum
1301 1933 1355 1987 in
1391 1930 1535 1987 nobis
1560 1936 1666 1995 est,
1696 1928 1741 1982 si
1768 1927 1881 1997 ﬁeri
1906 1924 2157 1996 potuerit,

575 2030 720 2084 nulla
764 2030 935 2084 anima
979 2026 1233 2099 perdenda
1279 2034 1374 2080 est.
1425 2021 1745 2078 Advertisne
1795 2018 1923 2090 quid
1975 2018 2157 2086 dicat,

573 2118 1019 2190 quemadmodum
1050 2116 1263 2182 sentiat,
1291 2129 1400 2169 non
1427 2120 1629 2167 tantum
1651 2110 1821 2177 carni,
1847 2108 1943 2164 sed
1966 2108 2161 2164 animas

575 2227 786 2281 quoque
806 2209 1023 2264 infantis
1044 2207 1319 2263 exitiabile
1342 2221 1463 2261 esse
1485 2212 1645 2274 atque
1664 2200 2020 2268 mortiferum,
2044 2200 2162 2255 sine

576 2305 713 2358 illo‘
746 2302 962 2358 salutari
1002 2300 1348 2356 Sacramento
1385 2297 1538 2355 exire
1575 2297 1643 2350 de
1685 2294 1787 2350 hac
1824 2293 1971 2349 vita?
2007 2292 2162 2351 Unde

418 2392 429 2413 ‘
525 2429 528 2432 ~
578 2395 624 2448 si
660 2395 769 2463 jam
815 2392 945 2447 nihil
986 2390 1127 2446 aliud
1166 2390 1406 2456 diceret,
1435 2386 1735 2457 intelligere
1760 2393 2004 2441 nostrum
2031 2383 2161 2450 fuit,

577 2487 693 2542 sine
735 2495 952 2555 peccato
998 2484 1230 2539 animam
1279 2480 1455 2553 perire
1501 2493 1608 2534 non
1654 2492 1833 2550 posse.
1887 2476 1994 2533 Sed
2039 2477 2164 2533 vide

581 2580 742 2650 paulo
771 2586 891 2649 post
919 2576 1211 2632 defendens
1249 2572 1607 2630 innocentiam
1632 2570 1974 2642 parvulorum
1995 2610 2011 2635 ,
2035 2568 2163 2640 quid

581 2681 760 2727 tamen
789 2671 856 2727 de
882 2670 987 2726 illis
1012 2668 1349 2739 apertissime
1374 2666 1625 2722 fateatur.
1655 2663 1905 2720 Cmterum
1928 2663 1973 2718 si
2000 2662 2165 2717 homi—

578 2780 704 2829 nes,
752 2761 956 2833 inquit,
996 2760 1241 2832 impedire
1272 2756 1471 2832 aliquid
1505 2756 1574 2811 ad
1609 2755 2009 2812 consecutionem
2046 2770 2164 2825 gra-

583 2856 669 2908 tia:
691 2862 888 2924 posset,
921 2852 1083 2924 magis
1119 2851 1322 2906 adultos
1362 2858 1409 2905 et
1449 2856 1706 2921 procedas
1729 2855 1776 2900 et
1801 2846 2016 2917 majores
2042 2852 2165 2898 natu

587 2954 786 3016 possent
806 2944 1047 3012 impedire
1078 2950 1282 3014 peccata
1301 2940 1556 3012 graviora.
1581 2936 1747 2992 Porro
1766 2945 1933 2990 autem
1951 2935 1997 2989 si
2017 2934 2167 2990 etiam

582 3035 892 3106 grauissimis
933 3034 1253 3088 delictoribus
1288 3040 1336 3086 et
1367 3032 1422 3085 in
1460 3030 1628 3083 Deum
1660 3028 1874 3082 multum
1903 3035 2021 3081 ante
2045 3043 2165 3096 ρει-τ

584 3123 842 3189 cantibus,
881 3139 995 3177 cum
1030 3132 1202 3194 postea
1229 3120 1571 3186 crediderint,
1612 3119 1820 3173 remissa
1849 3125 2166 3188 peccatorum

589 3219 744 3270 datur
788 3224 835 3271 et
879 3214 1141 3286 Baptismo
1183 3217 1204 3247 ³
1248 3222 1395 3284 atque
1433 3212 1597 3284 gratia
1640 3227 1786 3265 nemo
1828 3208 2119 3281 prohibetur
2148 3224 2169 3264 :

586 3317 773 3376 quanto
814 3307 975 3377 magis
1023 3305 1276 3379 prohiberi
1320 3320 1420 3359 non
1461 3301 1605 3357 debet
1633 3301 1805 3371 infans
1828 3341 1844 3367 ,
1883 3301 1969 3370 qui
1996 3315 2170 3361 recens

587 3406 734 3451 natus
760 3396 887 3451 nihil
916 3396 1156 3467 peccavit,
1195 3394 1295 3449 nisi
1332 3391 1467 3463 quod
1491 3391 1766 3446 secundum
1792 3388 1958 3443 Adam
1986 3404 2164 3443 carna-

588 3490 702 3544 liter
738 3498 889 3543 natus
929 3487 1221 3558 contagium
1258 3485 1435 3539 mortis
1477 3482 1698 3553 antiqua:
1725 3481 1889 3553 prima
1915 3480 2171 3536 nativitate

587 3578 880 3633 contraxit?
908 3576 1009 3643 Qui
1050 3578 1118 3632 ad
1163 3576 1423 3632 remissam
1461 3583 1779 3645 peccatorum
1825 3571 2172 3640 accipiendam

591 3671 687 3723 hoc
728 3670 839 3738 ipso
889 3669 1091 3741 facilius
1133 3667 1155 3699 ⁸
1180 3667 1395 3733 accedit,
1426 3663 1561 3736 quod
1596 3663 1677 3719 illi
1714 3663 2038 3718 remittuntur
2068 3678 2172 3721 non

591 3763 799 3833 propria
818 3802 833 3826 ,
861 3762 950 3817 sed
976 3761 1143 3815 aliena
1169 3767 1393 3830 peccata.

666 3855 753 3908 ll.
784 3852 946 3909 Vides
972 3859 1170 3923 quanta
1199 3850 1389 3906 fiducia
1428 3864 1495 3905 ex
1534 3848 1749 3919 antiqua
1787 3857 1843 3903 et
1880 3847 2173 3910 indubitata

596 3945 720 4000 fidei
749 3943 930 4015 regula
958 3943 1040 3997 vir
1080 3950 1256 3997 tantus
1291 3941 1391 3995 ista
1425 3939 1705 4009 loquatur?
1728 3938 1831 4005 Qui
1861 3938 1977 3994 haec
2003 3938 2173 3994 docu-

595 4043 772 4092 menta
813 4032 1111 4090 certissima
1147 4031 1269 4086 ideo
1298 4030 1555 4100 protulit,
1603 4037 1662 4084 ut
1705 4027 1837 4084 illud
1878 4028 2020 4100 quod
2060 4037 2178 4083 erat

597 4128 880 4191 incertum,
904 4123 1046 4179 unde
1063 4121 1407 4178 consuluerat
1434 4120 1523 4176 ille
1548 4119 1633 4176 cui
1659 4119 1939 4187 rescribit,
1953 4128 2008 4174 et
2037 4119 2177 4173 unde

603 4219 814 4274 concilii
836 4217 1111 4274 decretum
1136 4214 1481 4271 constitutum
1503 4227 1624 4269 esse
1643 4211 1665 4244 δ
1690 4199 2092 4276 commemorat,
2120 4219 2178 4265 ut

598 4311 805 4366 scilicet
838 4310 997 4365 etiam
1033 4318 1158 4364 ante
1192 4316 1439 4363 octavum
1479 4305 1623 4360 diem
1648 4320 1713 4360 ex
1753 4320 1860 4376 quo
1894 4304 1984 4360 die
2022 4313 2177 4359 natus

595 4410 741 4455 esset
764 4400 935 4454 infans
955 4441 969 4464 ,
1000 4414 1121 4454 eum
1143 4438 1160 4464 ,
1193 4399 1238 4452 si
1263 4397 1572 4463 alierretur,
1600 4397 1872 4467 baptizare
1897 4410 2054 4451 nemo
2078 4395 2177 4449 du-

596 4490 811 4556 bitaret,
840 4505 932 4559 per
959 4490 1074 4544 ha‘c
1096 4488 1429 4543 ﬁrmamenta
1465 4488 1801 4559 probaretur.
1830 4487 2010 4558 Neque
2034 4488 2177 4542 enim

601 4582 705 4638 hoc
744 4591 870 4636 tunc
909 4581 1061 4651 quasi
1110 4595 1306 4635 novum
1349 4587 1443 4635 aut
1478 4581 1625 4650 quasi
1654 4580 1828 4650 aliqua
1858 4582 2173 4652 cujusquam

596 4673 1017 4729 contradictione
1045 4673 1330 4742 pulsatum,
1357 4671 1584 4727 concilio
1612 4674 1944 4729 statuebatur
1963 4689 2060 4730 seu
2088 4676 2180 4729 lir—

575 4765 851 4843 ‘mabatur
869 4806 884 4830 ,
910 4762 1049 4835 quod
1075 4763 1314 4819 obstricti
1341 4762 1581 4833 originali
1612 4773 1829 4834 peccato
1870 4775 2180 4822 tenerentur

598 4858 827 4914 infantes
859 4876 872 4912 :
906 4856 1000 4912 sed
1024 4872 1145 4913 cum
1175 4856 1285 4912 illic
1316 4856 1419 4911 alia
1447 4856 1468 4888 ⁵
1493 4858 1813 4914 consultatio
1838 4870 2173 4927 versaretur,

576 4950 653 5030 :et
676 4951 1081 5020 disceptaretur,
1112 4958 1335 5021 propter
1363 4950 1530 5019 legem
1559 4950 1789 5006 carnalis
1816 4952 2180 5009 circumcisio-

560 5031 706 5139 )nis,
740 5055 917 5098 utrum
946 5056 1041 5098 eos
1066 5051 1120 5097 et
1142 5051 1266 5099 ante
1295 5051 1535 5097 octavum
1559 5042 1696 5097 diem
1724 5043 1993 5114 baptizare
2020 5061 2176 5118 opor-

605 5144 769 5200 teret;
797 5134 916 5190 ideo
944 5134 991 5190 ei
1021 5134 1108 5204 qui
1138 5134 1240 5189 hoc
1265 5133 1509 5205 negabat,
1547 5150 1705 5190 nemo
1733 5138 2027 5206 consensit,
2055 5141 2178 5211 quia

666 5368 681 5401 ¹
713 5367 897 5432 Aliquot
912 5375 1000 5419 tias
1027 5404 1043 5431 ,
1069 5366 1167 5420 sive
1188 5366 1301 5418 ulla.

664 5432 685 5496 ξ
710 5430 848 5489 editi,
875 5436 920 5480 et
935 5444 967 5480 a
985 5430 1245 5494 neptuno.
1272 5438 1475 5496 senss,
1498 5437 1558 5496 ct_
1573 5431 1826 5496 captismo.

666 5492 687 5558 ξ
714 5499 812 5558 Am.
833 5498 907 5558 Er.
935 5501 987 5558 et
1027 5492 1114 5542 stas
1145 5533 1155 5548 ,
1192 5492 1593 5558 accipimtdamin
1615 5492 1702 5544 lioc
1724 5494 1827 5557 ipso
1848 5495 2054 5558 facilius.

665 5553 686 5583 δ
707 5553 1016 5602 Corbeiensis
1059 5566 1203 5603 venas
1234 5555 1407 5611 codex,
1436 5555 1683 5605 decretum
1723 5553 2029 5609 consentitam
2061 5573 2180 5611 esse.

607 5612 687 5661 Alii
714 5612 935 5675 plerique
950 5622 1075 5675 Mss.
1101 5614 1345 5664 decretum
1369 5618 1673 5666 consensisse.

666 5675 687 5705 ⁵
709 5684 805 5721 Am.
832 5673 883 5724 et
912 5681 1004 5734 ἤδη,
1029 5673 1131 5724 illa.

3739 250 3856 313 {92

2256 366 2368 438 jam
2409 381 2516 421 non
2551 363 2937 423 consulendum
2968 379 3068 422 nec
3102 359 3512 434 disceptandum
3544 361 3600 430 ιη.
3629 363 3727 420 sed
3750 364 3853 421 llr-

2265 473 2412 513 mum
2454 467 2768 527 certumque
2795 456 3120 524 habebatur,
3152 455 3387 511 animam
3425 453 3586 513 saluti
3626 464 3850 514 aeterna

2258 550 2550 625 perituram
2567 589 2583 615 ,
2613 548 2660 603 si
2689 549 2827 604 hanc
2853 547 3017 605 vitam
3044 550 3163 603 sine
3186 546 3326 602 illius
3352 543 3686 602 Sacramenti
3709 561 3850 604 con-

2258 640 2534 696 secutione
2559 639 2737 695 (iniret
2768 658 2783 696 :
2809 638 3050 710 quamvis
3072 638 3141 693 ab
3159 647 3314 694 utero
3339 635 3694 694 recentissimi
3715 653 3847 707 par-

2258 729 2368 785 vuli
2406 729 2522 785 solo
2561 738 2712 785 reatu
2750 737 2935 785 essent
2972 728 3175 799 peccati
3218 726 3497 799 originalis
3538 728 3783 784 obstricti
3826 747 3842 785 :

2258 836 2427 893 quare
2465 821 2573 877 illis
2610 821 2712 877 etsi
2753 820 2921 876 multo
2951 820 3188 889 facilior,
3219 818 3360 890 quod
3387 818 3684 875 alienorum
3703 861 3719 885 ,
3748 820 3845 877 sed

2268 921 2448 968 tamen
2468 920 2614 970 esset
2633 912 2936 969 necessaria
2961 911 3207 968 remissio
3230 918 3591 981 peccatorum.
3614 910 3710 967 His
3728 927 3847 968 cer-

2261 1006 2332 1061 tis
2368 1006 2454 1060 illa
2494 1004 2699 1062 incerta
2742 1004 2811 1060 de
2847 1012 3038 1060 octavo
3079 1003 3166 1059 die
3193 1004 3422 1073 quaestio
3447 1002 3704 1059 dissoluta
3732 1012 3846 1069 est,

2260 1105 2418 1168 atque
2446 1097 2498 1151 in
2524 1097 2753 1152 concilio
2772 1095 3092 1167 jndicatum,
3116 1094 3318 1149 homini
3338 1105 3482 1161 nato,
3508 1109 3578 1150 ne
3603 1093 3659 1149 in
3687 1103 3851 1150 aeter-

2260 1202 2388 1242 num
2418 1194 2622 1257 pereat,
2655 1186 2801 1240 omni
2838 1185 2925 1241 die
2949 1184 3148 1240 debere
3175 1184 3415 1241 succurri
3441 1185 3463 1216 ¹
3496 1200 3512 1238 :
3539 1198 3659 1239 cum
3686 1183 3848 1239 etiam

2260 1279 2330 1336 de
2354 1280 2465 1350 ipsa
2495 1279 2697 1335 carnali
2723 1276 3132 1334 circumcisione
3157 1276 3296 1331 ratio
3323 1275 3673 1339 redderetur,
3703 1273 3852 1346 quod

2260 1371 2449 1426 umbra
2484 1376 2631 1427 esset
2664 1368 2827 1424 futuri
2871 1386 2886 1424 :
2930 1382 3038 1427 non
3064 1381 3171 1438 quo
3197 1366 3220 1398 ⁸
3247 1366 3666 1437 intelligeremus
3683 1365 3852 1420 etiam

2260 1461 2590 1531 Baptismum
2634 1470 2825 1517 octavo
2870 1475 2940 1517 ex
2975 1474 3082 1531 quo
3118 1468 3279 1516 natus
3315 1468 3399 1515 est
3435 1459 3598 1513 homo
3621 1457 3709 1514 die
3730 1457 3855 1514 dari

2262 1562 2516 1622 oportere
2536 1593 2551 1617 ,
2581 1550 2675 1607 sed
2705 1565 2802 1607 nos
2830 1551 2885 1605 in
2914 1548 3111 1606 Christi
3138 1550 3535 1607 resurrectione
3560 1547 3856 1620 spirituali-

2265 1651 2351 1699 ter
2373 1642 2722 1709 circumcidi,
2750 1643 2841 1714 qui
2867 1642 3027 1698 tertio
3066 1641 3280 1712 quidem
3321 1650 3442 1712 post
3468 1640 3611 1697 diem
3637 1641 3851 1710 passio-

2262 1737 2367 1802 nis,
2393 1736 2444 1791 in
2472 1736 2661 1791 diebus
2687 1744 2867 1791 tamen
2892 1733 3371 1800 hebdomadarum,
3393 1733 3586 1804 quibus
3607 1743 3852 1805 tempora

2262 1828 2667 1900 provolvuntur,
2699 1834 2918 1895 octavo,
2949 1826 3054 1883 hoc
3077 1834 3161 1883 est
3178 1867 3196 1895 ,
3226 1835 3349 1898 post
3371 1826 3647 1883 sabbatum
3674 1827 3859 1899 primo

2262 1919 2350 1974 die
2376 1934 2406 1974 a
2432 1919 2656 1974 mortuis
2682 1917 2999 1975 resurrexit.

2334 2008 2560 2065 CAPUT
2599 2008 2688 2064 Vl.
2715 2036 2787 2050 -
2817 2008 2904 2064 12.
2939 2007 3224 2065 Consensus
3249 2009 3471 2063 omnium
3510 2010 3645 2064 circa
3671 2026 3862 2079 pecca-

2264 2110 2367 2155 tum
2396 2101 2662 2171 originale.
2715 2102 2780 2156 Et
2820 2116 2965 2157 nunc
3006 2101 3190 2157 nescio
3212 2099 3365 2171 cujus
3388 2115 3542 2157 novre
3565 2100 3590 2134 ⁵
3610 2100 3862 2172 disputa-

2265 2192 2426 2247 tionis
2463 2192 2683 2248 audacia
2726 2191 2939 2262 quidam
2968 2191 3123 2248 nobis
3171 2189 3346 2247 facere
3369 2199 3630 2247 conantur
3670 2192 3869 2248 incero

2265 2293 2411 2350 tum,
2443 2284 2586 2354 quod
2628 2284 2862 2354 majores
2907 2285 3076 2340 nostri
3118 2284 3184 2341 ad
3231 2284 3566 2340 dissolvenda
3605 2285 3861 2356 quaedam

2265 2389 2385 2445 qum
2410 2374 2680 2429 nonnullis
2719 2374 3035 2430 videbantur
3060 2375 3263 2431 incerta
3282 2415 3299 2440 ,
3336 2383 3587 2445 tanquam
3614 2375 3865 2430 certissi-

2265 2480 2410 2520 mum
2442 2465 2802 2535 proferebant.
2832 2464 3059 2534 Quando
3086 2465 3230 2520 enim
3271 2464 3516 2535 primitus
3539 2464 3643 2520 hoc
3670 2465 3864 2536 dispu-

2267 2556 2369 2610 tari
2414 2556 2665 2624 cmperit,
2714 2558 2919 2613 nescio.
2950 2556 3080 2612 Illud
3127 2565 3302 2612 tamen
3346 2557 3493 2626 scio,
3520 2557 3661 2627 quod
3690 2559 3863 2614 etiam

2266 2654 2484 2701 sanctus
2511 2645 2896 2718 Hieronymus,
2942 2648 3031 2718 qui
3078 2647 3342 2718 hodieque
3366 2648 3421 2703 in
3462 2646 3653 2705 litteris
3689 2650 3867 2705 eccle-

2267 2736 2498 2791 siasticis
2539 2737 2561 2768 ⁸
2604 2745 2712 2791 tam
2761 2735 3071 2793 excellentis
3113 2737 3372 2792 doctrina:
3397 2736 3537 2792 fama
3580 2752 3642 2793 ac
3668 2738 3863 2794 labore

2267 2835 2540 2892 versatur,
2573 2825 2639 2881 ad
2669 2826 2923 2898 quasdam
2962 2826 3250 2884 solvendas
3280 2826 3334 2882 in
3379 2826 3491 2883 suis
3532 2827 3681 2883 libris
3701 2842 3861 2898 quae-

2268 2918 2493 2987 stiones,
2524 2919 2683 2974 etiam
2713 2919 2815 2974 hoc
2851 2919 3207 2976 certissimum
3233 2919 3450 2976 adhibet
3470 2920 3586 2975 sine
3608 2920 3713 2975 ulla
3739 2921 3856 2976 dis-

2268 3009 2571 3078 ceptatione
2616 3009 3018 3066 documentum.
3063 3011 3194 3067 Nam
3222 3012 3274 3066 in
3315 3027 3382 3067 eo
3409 3012 3550 3082 quod
3577 3013 3630 3067 in
3661 3012 3861 3070 Jonam

2270 3098 2587 3170 prophetam
2634 3101 2883 3170 scripsit,
2931 3118 3053 3158 cum
3081 3102 3149 3157 ad
3196 3118 3320 3159 eum
3357 3104 3592 3160 venisset
3633 3104 3811 3161 locum
3840 3150 3859 3175 ,

2270 3193 2359 3247 ubi
2388 3203 2876 3250 commemorantur
2913 3196 3074 3251 etiam
3104 3196 3308 3266 parvuli
3334 3196 3539 3266 jejunio
3566 3197 3807 3268 castigati
3843 3217 3862 3255 :

2272 3282 2473 3357 Major,
2504 3285 2702 3355 inquit,
2728 3295 2850 3340 tetas
2879 3287 3080 3357 incipit,
3111 3296 3159 3340 et
3187 3303 3343 3358 usque
3362 3287 3431 3340 ad
3458 3287 3701 3342 minorem
3735 3304 3866 3358 per-

2272 3377 2425 3431 venit.
2470 3375 2661 3431 Nullus
2689 3382 2823 3432 enim
2851 3378 3036 3449 absque
3073 3388 3309 3449 peccato,
3352 3396 3442 3434 nec
3469 3382 3513 3433 si
3547 3382 3695 3434 unius
3738 3382 3866 3452 qui-

2274 3467 2389 3521 dem
2426 3468 2529 3521 diei
2565 3469 2716 3540 fuerit
2744 3468 2843 3523 vita
2885 3470 3028 3538 ejus,
3071 3478 3118 3524 et
3156 3469 3491 3524 numerabiles
3529 3472 3653 3525 anni
3684 3470 3708 3503 ⁸
3745 3473 3870 3527 vita

2274 3559 2416 3614 illius
2456 3558 2576 3633 (Job
2609 3576 2733 3628 xtv,
2776 3560 2857 3631 5).
2902 3560 2966 3617 Si
3002 3562 3135 3616 enim
3176 3562 3338 3616 stella:
3365 3562 3570 3617 munda:
3596 3579 3698 3618 non
3738 3574 3870 3619 sunt

2274 3649 2327 3702 in
2359 3658 2625 3721 conspectu
2665 3648 2789 3716 Dei,
2819 3658 3010 3721 quanto
3037 3651 3198 3722 magis
3224 3652 3402 3705 vermis
3435 3661 3483 3706 et
3513 3655 3723 3721 putredo
3744 3652 3866 3723 (Id.

2275 3754 2416 3804 xxv,
2444 3740 2505 3804 5,
2540 3740 2622 3811 6).
2651 3749 2698 3794 et
2725 3741 2762 3794 ii
2781 3740 2868 3811 qui
2893 3750 3095 3810 peccato
3115 3739 3418 3807 oﬂ'endentis
3438 3742 3600 3796 Adam
3631 3754 3874 3798 tenentur

2277 3831 2480 3885 obnoxii
2509 3829 2747 3903 (Hieron.
2796 3848 2947 3902 super
2987 3848 3102 3903 cap.
3132 3833 3168 3888 3
3188 3832 3397 3905 lente)?
3424 3833 3579 3890 Hunc
3622 3834 3873 3891 doctissi-

2277 3937 2422 3976 mum
2470 3922 2643 3977 virum
2687 3922 2734 3977 si
2783 3922 2934 3979 facile
2980 3923 3311 3995 interrogare
3349 3939 3654 3994 possemus,
3697 3942 3871 3997 quam

2278 4012 2477 4067 multos
2536 4013 2815 4083 utriusque
2875 4013 3072 4085 linguae
3126 4014 3427 4070 divinarum
3466 4015 3871 4086 Scripturarum

2279 4113 2595 4161 tractatores
2621 4114 2677 4161 et
2700 4104 3111 4160 Christianarum
3139 4104 3556 4176 disputationum
3574 4106 3873 4176 scriptores

2279 4205 2758 4262 commemoraret,
2785 4195 2876 4265 qui
2900 4210 3006 4250 non
3036 4194 3176 4250 aliud
3197 4237 3212 4264 ,
3239 4211 3305 4252 ex
3325 4212 3431 4267 quo
3452 4197 3643 4252 Christi
3671 4197 3875 4254 Eccle-

2281 4286 2358 4338 sia
2388 4293 2471 4339 est
2508 4285 2795 4341 constituta
2816 4328 2831 4353 ,
2862 4295 3175 4352 senserunt,
3213 4301 3320 4341 non
3345 4287 3490 4343 aliud
3513 4303 3544 4343 a
3573 4289 3876 4358 majoribus
3909 4309 3923 4318 ο

2283 4384 2636 4446 acceperunt,
2668 4391 2774 4430 non
2797 4375 2940 4431 aliud
2968 4378 3194 4447 posteris
3213 4377 3582 4433 tradiderunt?
3601 4378 3715 4449 Ego
3740 4383 3880 4451 qui-

2281 4466 2404 4521 dem
2444 4466 2686 4536 quamvis
2725 4466 2882 4537 longe
2918 4467 3166 4537 pauciora
3208 4468 3467 4538 legerim,
3496 4484 3601 4524 non
3644 4472 3881 4528 memini

2283 4572 2371 4613 me
2403 4557 2545 4611 aliud
2572 4556 2838 4613 audivisse
2860 4572 2893 4611 a
2918 4556 3236 4614 Christianis
3253 4599 3269 4623 ,
3294 4559 3386 4629 qui
3414 4570 3696 4630 utrumque
3718 4563 3882 4617 acci-

2281 4648 2436 4719 piunt
2463 4647 2897 4716 Testamentum,
2940 4663 3047 4703 non
3073 4650 3248 4705 solum
3286 4650 3340 4705 in
3384 4652 3646 4707 catholica
3676 4652 3884 4711 Eccle-

2284 4742 2395 4806 sia,
2426 4756 2611 4796 verum
2636 4741 2796 4796 etiam
2841 4742 2895 4797 in
2933 4742 3174 4813 qualibet
3212 4742 3406 4800 haeresi
3451 4744 3538 4800 vel
3580 4746 3888 4806 schisman

2282 4831 2618 4895 constitutis;
2647 4846 2752 4887 non
2782 4833 2999 4888 memini
3029 4848 3116 4890 me
3142 4833 3286 4889 aliud
3332 4834 3524 4905 legisse
3562 4836 3700 4906 apud
3734 4853 3838 4893 eos
3865 4882 3885 4907 ,

2283 4939 2418 4995 quos
2442 4924 2508 4980 de
2551 4924 2634 4979 his
2660 4925 2819 4980 rebus
2859 4925 3060 4995 aliquid
3108 4927 3403 4983 scribentes
3443 4928 3622 4998 legere
3666 4933 3823 5000 potui
3862 4973 3887 5003 ,

2348 5078 2372 5146 t
2394 5077 2521 5146 Apud
2543 5083 2674 5138 Lov.,
2700 5090 2806 5140 pro,
2828 5090 2917 5128 nec
2940 5076 3335 5144 disceptandum,
3359 5080 3639 5146 legebatur,
3661 5095 3753 5134 nec
3770 5083 3895 5138 dis-

2728 5213 3034 5271 succurrere.
3052 5208 3106 5254 At
3127 5216 3299 5271 omnes
3462 5203 3630 5271 gallici
3647 5242 3663 5266 ,
3693 5206 3898 5271 Belgici

2287 5267 2339 5310 et
2362 5262 2586 5323 Vaticani,
2612 5261 2818 5325 debere;
2843 5265 3038 5313 tametsi
3055 5277 3121 5315 et
3142 5263 3239 5314 illis
3254 5267 3446 5329 quidam
3462 5261 3664 5331 habent,
3682 5261 3900 5321 succuri-

2286 5334 2510 5433 ηςϐὲόίιὶ
2526 5419 2543 5444 ,
2574 5395 2670 5433 non
2700 5384 2846 5448 quod;
2870 5387 3155 5437 Concinnius
3175 5389 3545 5452 Cygirannensis
3571 5391 3749 5453 codex,
3784 5406 3899 5446 non

2288 5456 2616 5580 mirantum
2638 5509 2856 5580 quisque
3032 5522 3170 5580 ηοιῖα-

2350 5569 2371 5634 ξ
2398 5574 2445 5615 In
2481 5575 2582 5616 Mss.
2604 5602 2619 5627 ,
2652 5569 2737 5634 qui
2777 5569 3019 5634 hodieque
3050 5571 3174 5622 inter
3207 5570 3393 5634 litteras
3413 5574 3767 5629 ecclesiasticae

2353 5628 2499 5701 ‘_Am.
2542 5636 2626 5701 t-‘r._
2658 5628 3086 5701 pluresquehtssq
3123 5642 3167 5701 et
3198 5633 3569 5689 innumerabiles
3592 5639 3708 5690 anni
3730 5628 3753 5690 :7
3773 5656 3901 5693 (nar;

2291 5703 2366 5751 ru;
2383 5698 2433 5738 te
2458 5704 2561 5754 pro,
2582 5698 2626 5742 et
2655 5692 3022 5744 tlimtmerat'iles
3045 5694 3179 5745 tnmi.
