4002 6178
161 307 240 364 es
475 375 482 384 ι
1335 347 1340 352 .
1525 293 1727 350 Lmen
1769 295 2086 358 TERTIUS.

163 423 222 494 ῃί
269 419 594 490 Scripturas
631 416 918 490 canonicas
969 417 1353 482 sequerentur,
1399 408 1481 462 vel
1507 407 1656 478 sequi
1685 420 1746 462 se

1853 332 1901 352 u
1921 332 1938 354 ι
1955 332 1968 354 ι
1982 332 2086 358 uo.
3336 336 3356 386 Ι

1853 425 1954 514 nec.
1979 413 2023 464 si
2063 415 2208 514 unius
2241 419 2440 514 quidem
2464 422 2563 478 diei
2585 425 2738 496 fuerit
2771 431 2871 486 vita
2897 434 3008 504 ejus
3029 433 3172 507 (Job.
3207 455 3294 495 11v
3314 484 3328 508 ,

159 511 464 574 cederent,
497 508 712 564 credive
738 505 1049 561 voluissent.
1079 499 1232 558 Unde
1269 501 1424 555 nobis
1454 500 1554 554 hoc
1583 514 1748 568 nego-
1853 500 1980 567 Quis
2028 507 2157 560 enim
2199 509 2498 579 gloriabitur
2523 527 2713 574 castum
2750 539 2804 577 se
2845 499 3148 582 habet-acor
3169 572 3182 595 ,
3213 499 3438 601 aut'qztis

155 609 264 660 term
317 612 557 674 repente
600 600 884 656 emerserit
925 599 1124 652 nescio.
1167 594 1300 648 Nam
1345 601 1468 648 ante
1519 605 1744 662 parvum

151 709 360 766 tempus
391 695 476 766 (a)
521 710 552 747 a
595 691 912 762 quibusdam
945 687 1250 744 transitorie
1293 682 1739 754 colloquentibus,

147 791 336 844 cursim
382 787 520 842 mihi
570 801 726 839 aures
775 783 1076 855 perstricta:
1104 789 1262 844 sunt,
1305 793 1423 832 cum
1470 776 1578 831 illic
1603 774 1744 844 apud

144 881 524 950 Carthaginem
563 889 836 941 essemus,
881 891 980 927 non
1025 871 1138 925 ideo
1183 868 1420 940 parvulos
1462 867 1740 937 baptizari,

147 983 194 1024 ut
227 969 586 1024 remissionem
623 967 878 1034 accipiant
921 971 1236 1034 peccatorum
1256 999 1270 1024 ,
1319 959 1407 1013 sed
1431 967 1481 1011 ut
1509 957 1740 1025 sanctiﬁ-

149 1075 312 1118 rentur
341 1065 396 1116 in
423 1061 652 1117 Christo.
683 1059 796 1127 Qua
823 1058 1054 1111 novitate
1081 1062 1352 1123 permotus
1371 1089 1388 1117 ,
1416 1065 1468 1105 et
1495 1051 1618 1120 quia
1642 1063 1744 1119 op-

149 1167 432 1227 portunum
466 1169 576 1208 non
611 1152 787 1206 fuitut
815 1159 998 1204 contra
1028 1143 1226 1215 aliquin
1255 1146 1520 1208 (ligurem,
1553 1153 1604 1196 ct
1635 1157 1740 1198 non

149 1247 272 1302 tales
313 1247 572 1300 homines
604 1251 756 1298 erant
803 1241 872 1294 de
919 1254 1145 1310 quorum
1198 1251 1374 1291 essem
1430 1236 1742 1290 auctoritate

148 1341 440 1404 sollicitus,
472 1337 629 1390 facile
669 1335 770 1388 hoc
807 1335 857 1386 in
887 1331 1166 1386 transactis
1213 1337 1372 1398 atque
1400 1327 1614 1380 abolitis
1644 1325 1740 1379 ha-

149 1432 250 1486 bui.
275 1432 342 1484 Et
371 1443 504 1484 ecce
531 1435 718 1484 contra
749 1424 1038 1480 Ecclesiam
1062 1424 1078 1453 ¹
1099 1421 1206 1492 jam
1233 1419 1408 1474 studio
1431 1417 1738 1472 ﬂammante

151 1523 478 1587 defenditur,
509 1533 640 1573 ecce
666 1515 949 1570 scribendo
979 1515 1136 1568 etiam
1164 1511 1437 1566 memoria:
1466 1523 1740 1564 commen-

150 1614 320 1675 datur,
343 1625 478 1666 ecce
503 1623 594 1663 res
627 1608 682 1662 in
711 1605 812 1660 hoc
841 1603 1159 1659 discriminis
1185 1601 1465 1656 adducitur
1487 1639 1502 1663 ,
1534 1607 1590 1653 ut
1616 1599 1739 1654 hinc

149 1705 292 1757 etiam
323 1719 354 1754 a
385 1701 650 1754 fratribus
675 1696 1060 1760 consolamur,
1081 1709 1206 1748 ecce
1232 1701 1419 1747 contra
1464 1691 1738 1761 disputare

149 1804 292 1864 atque
311 1792 562 1847 scribere
590 1789 850 1859 cogimur.

211 1884 438 1940 CAPUT
483 1882 598 1936 \‘ll.
627 1909 699 1922 --
737 1880 824 1934 15.
851 1877 1108 1932 Jovimani
1145 1891 1304 1931 error.
1347 1873 1734 1945 Disputatorum

153 1977 476 2040 quorumlibet
499 1975 764 2030 sententiae
789 1989 890 2026 non
911 1979 1152 2041 tanquam
1175 1970 1450 2022 auctoritas
1469 1967 1730 2021 canonica.

151 2069 416 2123 Peccatum
439 2067 696 2138 originale
721 2064 968 2135 quomodo
990 2063 1232 2116 alienum.
1265 2059 1452 2114 Omnes
1487 2061 1540 2112 in
1567 2058 1735 2111 Adam

149 2180 266 2216 unus
291 2163 450 2215 homo
473 2161 690 2228 fuimus.
717 2159 856 2210 Ante
881 2169 1078 2224 paucos
1105 2167 1276 2206 annos
1304 2152 1488 2204 llomte
1515 2149 1730 2220 quidam

147 2256 338 2310 exstitit
363 2252 688 2308 Jovinianus
711 2292 724 2312 ,
753 2249 844 2318 qui
875 2243 1374 2302 sanctimonialibus
1411 2243 1572 2297 etiam
1601 2251 1733 2295 aita-

147 2355 192 2398 te
205 2346 310 2412 jam
339 2339 773 2412 provectioribus
796 2337 1006 2407 nuptias
1035 2333 1364 2404 persuasisse
1386 2333 1598 2396 dicitur,
1623 2346 1728 2384 non

143 2437 410 2492 illiciendo
437 2451 550 2506 quo
575 2447 758 2487 earum
789 2431 1016 2501 aliquam
1046 2429 1240 2483 ducere
1262 2425 1426 2480 vellet
1469 2439 1686 2478 uxorem
1711 2465 1725 2487 ,

141 2529 226 2582 sed
265 2526 602 2598 disputando
644 2525 880 2594 virgines
923 2519 1274 2575 sanctimonia
1299 2519 1320 2549 ⁸
1345 2518 1550 2572 dicatas
1595 2515 1728 2568 nihil

143 2623 360 2690 amplius
405 2619 658 2673 ﬁdelibus
695 2615 990 2684 conjngatis
1032 2611 1172 2679 apud
1203 2611 1370 2664 Deum
1397 2608 1592 2662 habere
1619 2621 1730 2661 me-

144 2713 384 2765 ritorum.
437 2707 720 2778 Nunquam
763 2715 940 2759 tamen
970 2703 1020 2758 ei
1067 2702 1168 2755 hoc
1196 2709 1556 2754 connnentum
1583 2697 1732 2751 venit

147 2803 192 2856 in
219 2809 486 2864 mentem,
517 2809 576 2852 ut
597 2812 842 2852 asserere
868 2803 1152 2850 conaretur
1177 2793 1291 2846 sine
1330 2791 1570 2860 originali
1599 2803 1726 2858 pec-

147 2905 252 2948 cito
291 2895 442 2948 nasci
477 2893 756 2946 hominum
806 2889 960 2942 ﬁlios.
993 2887 1058 2941 Et
1083 2887 1264 2955 utique
1302 2885 1346 2938 si
1393 2883 1494 2936 hoc
1522 2891 1730 2936 astrue-

147 2996 246 3050 ret,
271 2985 448 3040 midto
493 2981 782 3053 proclivius
825 2977 1260 3034 vellent‘l'eminie
1303 2974 1542 3038 nubere,
1591 2971 1728 3026 fetus

149 3077 524 3130 arundissimos
564 3073 837 3145 pariturae.
893 3069 1056 3139 Hujus
1096 3083 1226 3122 sane
1255 3067 1482 3135 scripta,
1519 3078 1640 3117 nam
1671 3071 1726 3116 et

147 3169 372 3223 scribere
411 3181 576 3219 ausus
619 3172 733 3229 est,
763 3177 884 3216 cum
915 3161 1106 3214 fratres
1131 3157 1198 3211 ad
1225 3157 1608 3226 Hieronymum
1634 3168 1724 3207 re-

145 3259 362 3314 fellenda
403 3259 711 3321 misissent,
737 3269 842 3309 non
873 3253 1044 3307 solum
1077 3251 1128 3304 in
1155 3250 1234 3305 eis
1263 3249 1394 3303 nihil
1431 3247 1536 3302 tale
1577 3262 1728 3301 com-

143 3354 303 3420 perit,
333 3367 524 3404 verum
549 3349 712 3404 etiam
743 3347 810 3400 ad
853 3343 1096 3416 quaedam
1139 3341 1258 3412 ejus
1283 3355 1416 3395 vana
1446 3337 1724 3394 refutanda

141 3445 236 3500 hoc
263 3457 521 3514 tanquam
549 3440 904 3497 certissimum
947 3435 1016 3491 de
1059 3433 1288 3488 hominis
1332 3431 1572 3502 originali
1601 3444 1727 3501 pec-

139 3547 252 3593 cato
271 3580 288 3604 ,
319 3537 470 3591 unde
500 3535 682 3605 utique
713 3547 812 3587 nec
853 3532 1023 3601 ipsum
1051 3528 1296 3583 dubitare
1319 3524 1606 3589 credebat,
1641 3523 1726 3576 in-

141 3639 214 3686 ter
241 3629 415 3683 multa
441 3643 536 3683 sua
571 3626 892 3680 documenta
931 3619 1264 3692 deprompsit
1300 3617 1539 3690 (Hieron.
1577 3615 1664 3670 lib.
1689 3614 1728 3668 2

141 3731 312 3774 contra
365 3717 726 3781 Jouinianum,
787 3714 940 3785 paulo
984 3719 1099 3784 post
1137 3709 1382 3782 initium).
1436 3707 1494 3762 1d
1521 3705 1726 3777 agentis

141 3811 248 3866 hac
275 3810 444 3864 verba
474 3819 594 3863 sunt
623 3824 636 3860 :
669 3827 688 3860 ι
729 3807 832 3873 Qui
859 3805 980 3858 dicit
1001 3819 1086 3870 se,
1118 3821 1139 3855 ι
1165 3801 1364 3871 inquit,
1399 3817 1420 3852 ι
1450 3800 1504 3853 in
1527 3797 1728 3854 Christo

145 3921 164 3954 ι
205 3919 442 3964 manere,
491 3901 630 3955 debet
672 3901 802 3953 sicut
840 3899 928 3952 ille
965 3895 1266 3961 ambulavit,
1312 3902 1360 3948 et
1399 3894 1508 3965 ipse
1551 3891 1728 3946 ambu-

145 4013 162 4044 ι
205 3995 314 4049 lare
345 4013 366 4046 ι
402 3992 448 4066 (l
476 3992 634 4046 Joan.
675 4007 712 4047 ιι
732 4033 746 4056 ,
781 3990 859 4062 6).
891 3988 1064 4060 Eligat
1111 3985 1430 4041 adversarius
1465 4000 1492 4038 ε
1531 3983 1727 4039 duobus

139 4089 268 4154 quod
309 4087 416 4139 calt
441 4126 456 4150 ,
499 4085 749 4154 cptionem
785 4083 833 4136 ei
862 4083 1060 4160 damus.
1089 4079 1266 4134 Manet
1299 4079 1354 4132 in
1375 4076 1578 4133 Christo
1601 4117 1617 4144 ,
1657 4093 1726 4130 an

142 4195 236 4232 non
265 4185 440 4232 manet
457 4177 484 4230 .’
513 4175 576 4231 Si
603 4184 804 4240 manet,
837 4175 908 4228 ita
932 4189 1048 4244 ergo
1073 4171 1289 4226 ambulet
1311 4181 1366 4225 ut
1389 4169 1636 4225 Christus.
1663 4169 1725 4224 Si

143 4279 298 4322 autem
323 4267 654 4323 temerarium
677 4275 748 4320 est
773 4307 787 4326 ,
829 4259 1206 4318 similitudinem
1248 4262 1490 4315 uirtutum
1518 4259 1728 4313 Domini

145 4359 397 4425 polliceri,
427 4373 530 4410 non
568 4365 734 4410 manet
757 4357 812 4410 in
835 4355 1066 4420 Christo,
1093 4355 1214 4425 quia
1237 4369 1339 4407 non
1367 4351 1647 4423 ingreditur
1670 4359 1727 4403 ut

143 4451 382 4507 Christus.
429 4449 533 4504 Ille
561 4459 822 4520 peccatum
859 4465 960 4501 non
1003 4447 1151 4518 fecit,
1201 4461 1358 4516 neque
1383 4446 1610 4498 inventus
1653 4452 1726 4498 est

143 4545 280 4599 dolus
299 4545 352 4597 in
381 4559 470 4596 ore
505 4543 618 4612 ejus
637 4583 653 4607 ,
681 4541 766 4610 qui
791 4555 906 4592 cum
929 4537 1308 4592 maledicerctur
1327 4577 1342 4602 ,
1379 4553 1480 4590 non
1507 4535 1726 4589 remale-

143 4635 290 4701 ὤιξε,
329 4644 378 4688 et
403 4644 646 4703 tanquam
674 4647 837 4702 agnus
871 4645 1042 4684 coram
1092 4627 1356 4694 tondente,
1387 4629 1460 4682 sic
1485 4643 1585 4682 non
1605 4643 1727 4698 ape-

141 4727 232 4781 ruit
263 4743 324 4780 os
347 4742 502 4780 suum
531 4723 687 4793 (Isai.
717 4725 806 4778 ιιιι
827 4766 841 4790 ,
883 4723 950 4788 9,
975 4731 1020 4776 et
1045 4721 1067 4776 Ι
1089 4720 1232 4774 Petr.
1261 4737 1330 4788 ιι,
1362 4720 1466 4786 22,
1495 4719 1626 4793 25);
1657 4719 1726 4773 ad

141 4833 278 4884 quem
301 4817 440 4870 venit
477 4816 710 4886 princeps
735 4813 910 4868 mundi
934 4813 1106 4878 istius,
1139 4821 1185 4866 et
1210 4811 1396 4865 invenit
1433 4812 1485 4864 in
1514 4828 1571 4865 eo
1598 4811 1725 4865 nihil

139 4905 310 4974 μου.
339 4921 473 4972 xrv,
501 4905 624 4974 50);
667 4905 756 4974 qui
794 4919 908 4958 cum
955 4912 1213 4973 peccatum
1239 4919 1340 4956 non
1369 4903 1592 4973 fecisset,
1633 4917 1724 4969 pro

139 5001 274 5053 nobis
319 5009 591 5071 peccatum
637 5015 750 5051 cum
781 4999 900 5067 fecit
945 4995 1079 5050 Deus
1123 4995 1186 5068 (ll
1219 4995 1426 5064 Conv,
1453 4995 1565 5067 2i).
1613 4995 1725 5051 Nos

139 5101 328 5156 autem,
379 5089 542 5160 juxta
597 5086 886 5156 Epistolam
932 5087 1148 5154 Jacobi,
1196 5104 1216 5138 ι
1263 5087 1423 5140 multa
1462 5103 1725 5157 peccamus

155 5199 374 5238 tonum
405 5201 426 5234 ι
463 5179 668 5253 (Jacobi
687 5197 740 5235 nt
761 5221 777 5248 ,
799 5180 890 5246 2),
915 5191 960 5234 et
987 5197 1130 5235 nemo
1168 5179 1386 5233 mundus
1413 5195 1446 5232 α
1477 5179 1723 5247 peccatis,

193 5317 214 5388 ξ
241 5315 394 5388 abest
469 5325 638 5366 contra
675 5312 967 5374 Ecclesium,
1005 5315 1066 5363 ab
1102 5314 1326 5363 omnibus
1371 5327 1524 5376 μορε
1557 5325 1726 5361 mauu-

143 5386 552 5551 ethugq
595 5435 925 5490 sanctimonia:
951 5449 970 5486 :
1013 5446 1258 5500 corrupte.
1317 5437 1432 5488 Vide
1467 5441 1630 5486 Enarr.
1677 5438 1728 5486 in

189 5501 741 5626 (libyaitgofgedimus,
764 5560 875 5619 411,
900 5573 1008 5610 cum
1031 5560 1156 5625 apud
1179 5560 1513 5626 Carthaginem
1535 5521 1731 5613 collatio

137 5623 525 5677 m'Donatistis
545 5625 833 5690 haberetur.
849 5631 958 5690 _Qt_to
981 5623 1203 5690 tempore
1227 5623 1473 5690 Pelagium
1511 5635 1538 5670 a
1576 5636 1634 5690 se
1657 5627 1730 5690 vi.

137 5694 469 5802 ἓωαιαιςιιω
507 5682 822 5751 Augustinus,
849 5685 988 5746 intra,
1025 5682 1234 5734 in‘libro
1255 5685 1321 5736 de
1339 5682 1492 5734 Ccstis
1531 5682 1728 5750 Pelagii,

1848 595 2065 662 confidet
2091 602 2333 656 mundum
2352 621 2404 658 se
2427 623 2532 662 esse
2551 627 2581 662 a
2610 615 2827 680 peccatis
2857 615 3036 690 (Prov.
3064 637 3133 675 xx
3163 665 3176 686 ,
3211 621 3309 694 9)?
3338 595 3437 679 Τε-

1847 699 2119 777 uenturque
2154 693 2227 746 rei
2270 695 2320 748 in
2355 697 2734 758 similitudinem
2777 712 3202 777 prtevaricationis
3245 693 3432 775 Adam.

1851 773 1998 830 Unde
2022 787 2068 831 et
2097 779 2262 877 Dauid
2289 786 2443 852 dicit,
2479 808 2498 841 ι
2535 790 2664 848 Ecce
2704 795 2755 850 in
2777 773 3130 868 iniquitatibus
3160 773 3428 877 conceptus

1852 883 1872 919 ι
1916 883 2060 1032 5:311,
2112 883 2157 926 et
2187 875 2240 928 in
2267 877 2460 934 delictis
2499 885 2726 957 concepit
2766 905 2843 941 me
2877 901 3036 945 mater
3055 911 3162 948 mea
3199 917 3218 950 ι
3251 875 3426 969 (Psal.

1852 974 1910 1025 L,
2005 1001 2018 1014 .

1845 974 1910 1025 1.,
1941 974 2018 1025 Ἰ).

1917 1054 2001 1108 14.
2037 1055 2160 1112 llzcc
2183 1074 2286 1114 non
2331 1062 2450 1118 ideo
2476 1073 2922 1140 commemoravi,
2955 1077 3094 1144 quod
3140 1080 3431 1150 disputato-

1845 1158 1960 1248 rum
1989 1153 2343 1248 quorumlibet
2373 1159 2656 1214 sententiis
2685 1170 2933 1233 tanquam
2963 1169 3215 1224 canonica
3246 1184 3430 1228 aucto-

1843 1240 1999 1292 ritate
2027 1240 2286 1310 nitamur;
2318 1247 2412 1300 sed
2455 1257 2510 1302 ut
2549 1265 2831 1322 appareat,
2865 1257 2930 1311 ab
2971 1257 3119 1313 initio
3169 1279 3334 1332 usque
3363 1267 3430 1322 ad

1843 1339 2082 1396 praesens
2133 1341 2339 1403 tempus
2373 1351 2479 1407 quo
2529 1340 2628 1395 ista
2675 1345 2880 1398 novitas
2919 1357 3032 1401 orta
3077 1359 3185 1416 cst,
3219 1351 3319 1407 hoc
3361 1355 3431 1411 de

1842 1419 2080 1489 originali
2113 1437 2325 1490 peccato
2350 1429 2490 1498 apud
2534 1431 2785 1490 Ecclesiae
2815 1437 2972 1492 tidem
3009 1448 3148 1495 tanta
3176 1455 3430 1499 constan-

1843 1509 1911 1563 tia
1942 1513 2262 1568 custoditum
2283 1559 2298 1583 ,
2329 1527 2385 1572 ut
2413 1519 2481 1573 ab
2509 1521 2584 1574 eis
2604 1525 2690 1592 qui
2712 1525 2974 1581 dominica
3005 1539 3290 1587 tractarent
3317 1536 3431 1589 clo-

1841 1603 1996 1672 quia,
2052 1607 2218 1675 magis
2271 1610 2624 1668 certissimum
2665 1615 2992 1684 proferretur
3037 1621 3100 1674 ad
3150 1623 3250 1678 alia
3294 1625 3424 1682 falsa

1837 1693 2145 1764 refutanda,
2174 1715 2333 1770 quam
2380 1702 2432 1756 id
2479 1711 2726 1776 tanquam
2755 1708 2944 1763 falsum
2997 1713 3214 1768 refutari
3240 1716 3430 1772 abali-

1837 1799 1944 1854 quo
1975 1794 2291 1845 tentaretur.
2333 1792 2596 1850 Caeterum
2625 1798 2675 1852 in
2702 1798 2909 1854 Sanctis
2953 1807 3222 1861 canonicis
3252 1807 3427 1866 Libris

1836 1875 1978 1946 viget
2009 1879 2164 1948 hujus
2190 1886 2468 1939 sententia:
2500 1887 2794 1944 clarissima
2818 1901 2872 1946 et
2899 1893 3202 1961 plenissima
3232 1910 3424 1954 aucto-

1836 1969 1967 2023 ritas
2012 1988 2026 2025 :
2068 1973 2263 2028 clamat
2291 1977 2580 2046 Apostolus
2601 2020 2614 2044 ,
2639 1979 2752 2038 ,Per
2776 1998 2928 2036 mium
2966 1985 3217 2040 hominem
3243 2007 3423 2058 pecca-

1835 2069 1940 2112 tum
1961 2062 2160 2116 intravit
2183 2065 2234 2118 in
2256 2067 2500 2121 mundum
2521 2110 2535 2133 ,
2560 2079 2605 2123 et
2625 2087 2715 2142 per
2732 2083 2989 2140 peccatum
3017 2093 3149 2130 mors
3164 2095 3184 2144 ;
3201 2089 3247 2132 et
3272 2081 3343 2135 ita
3368 2084 3422 2137 in

1836 2165 2008 2204 omnes
2040 2151 2266 2208 homines
2308 2159 2626 2226 pertransiit,
2666 2161 2720 2214 in
2749 2179 2847 2231 quo
2885 2180 3056 2218 ontnes
3094 2181 3426 2236 peccaverunt

1837 2241 2012 2314 (Rom.
2058 2259 2128 2311 ν,
2175 2243 2287 2316 12).
2333 2245 2482 2303 Unde
2511 2265 2614 2306 nec
2655 2249 2782 2306 illud
2829 2255 3029 2324 liquide
3073 2259 3174 2313 dici
3204 2271 3418 2330 potest,

1831 2335 1971 2404 quod
2005 2348 2278 2406 peccatum
2315 2342 2448 2396 Adae
2495 2344 2652 2398 etiam
2680 2362 2785 2400 non
2831 2352 3170 2416 peccantibus
3199 2359 3420 2422 nocuit,

1831 2441 1952 2481 cum
1999 2428 2276 2499 Scriptura
2304 2431 2480 2496 dicat.
2522 2437 2573 2489 iu
2611 2453 2709 2507 quo
2737 2455 2908 2493 omnes
2940 2456 3285 2510 peccaverunt.
3313 2448 3422 2505 Nec

1831 2518 1909 2573 sic
1939 2519 2187 2576 dicuntur
2216 2523 2316 2579 ista
2342 2525 2514 2582 aliena
2543 2539 2756 2597 peccata
2780 2572 2793 2596 ,
2827 2542 3074 2603 tanquam
3106 2539 3322 2594 omnino
3353 2543 3420 2597 ad

1833 2613 2081 2680 parvulos
2125 2630 2232 2668 non
2271 2617 2571 2684 pertineant
2602 2637 2616 2672 :
2647 2621 2910 2692 siquidem
2938 2627 2987 2677 in
3028 2627 3196 2683 Adam
3235 2647 3423 2688 omnes

1833 2709 1958 2756 tunc
2001 2713 2392 2773 peccaverunt,
2438 2707 2648 2778 quando
2691 2711 2743 2763 in
2779 2710 2894 2780 ejus
2923 2723 3109 2769 natura
3135 2717 3223 2772 illa
3263 2721 3420 2775 insita

1833 2791 1886 2845 vi
1907 2808 2010 2862 qua
2039 2795 2056 2826 ³
2083 2809 2179 2849 eos
2222 2795 2441 2866 gignere
2469 2805 2708 2868 poterat,
2736 2801 2910 2857 adhuc
2937 2819 3124 2860 omnes
3164 2809 3252 2861 ille
3282 2825 3420 2864 unus

1829 2880 2042 2937 fuerunt
2068 2900 2082 2936 :
2106 2885 2198 2938 sed
2229 2886 2478 2942 dicuntur
2504 2889 2674 2943 aliena
2693 2931 2706 2954 ,
2729 2893 2850 2961 quia
2879 2895 3112 2948 nondum
3151 2898 3248 2966 ipsi
3289 2915 3416 2970 age-

1829 2974 1957 3029 bant
1981 2977 2112 3031 vitas
2141 2978 2416 3048 proprias,
2449 2979 2542 3036 sed
2583 2981 2839 3052 quidquid
2864 2998 2979 3040 erat
3006 2989 3055 3044 in
3087 2987 3259 3044 futura
3289 3007 3416 3060 pro-

1831 3069 2020 3138 pagine
2040 3111 2055 3132 ,
2083 3070 2190 3123 vita
2223 3071 2380 3126 unius
2405 3071 2638 3126 hominis
2665 3077 2993 3132 continebat.

1897 3158 2125 3217 CAPUT
2152 3161 2286 3217 Vill.
2317 3193 2385 3204 -
2407 3165 2489 3220 l5.
2512 3163 2658 3221 Unde
2679 3184 2892 3226 errores.
2917 3173 3211 3226 Similitudo
3235 3191 3265 3227 a
3291 3191 3420 3244 pra!-

1829 3251 1970 3355 putio
1991 3253 2418 3320 circumcisorum,
2439 3264 2488 3310 et
2515 3258 2660 3324 palea
2684 3257 2923 3326 frumenti
2937 3264 3198 3330 petita.—
3227 3265 3412 3334 Nulla,

1827 3346 2086 3412 inquiunt,
2105 3346 2300 3399 ratione
2320 3348 2626 3416 conceditur,
2644 3357 2698 3402 ut
2719 3349 2854 3406 Deus
2869 3355 2953 3422 qui
2977 3358 3182 3426 propria
3205 3371 3414 3427 peccata

1825 3434 2050 3498 remittit,
2078 3435 2287 3505 imputet
2313 3437 2496 3491 aliena.
2529 3437 2790 3508 Remittil,
2809 3444 2900 3497 sed
2925 3447 3111 3512 spiritu
3142 3465 3417 3519 regenera-

1829 3525 1916 3589 tis,
1935 3540 2040 3579 non
2057 3541 2216 3581 carne
2233 3531 2499 3597 generatis
2525 3549 2538 3584 :
2563 3532 2790 3602 imputat
2809 3550 2938 3590 vero
2957 3553 3059 3592 non
3083 3540 3191 3610 jam
3218 3547 3411 3614 aliena,

1828 3616 1923 3671 sed
1967 3619 2200 3686 propria.
2234 3620 2418 3675 Aliena
2450 3622 2645 3692 quippe
2673 3633 2858 3692 erant,
2889 3629 3186 3700 quandolii
3229 3636 3318 3704 qui
3350 3651 3416 3692 ea

1829 3715 2112 3777 propagata
2139 3716 2444 3779 portarent,
2477 3711 2711 3768 nomium
2741 3727 2896 3773 erant
2925 3736 2940 3773 :
2968 3734 3108 3776 nunc
3134 3735 3262 3778 vero
3293 3737 3412 3779 eur-

1827 3797 1934 3852 nali
1977 3799 2322 3872 generatione
2365 3800 2475 3870 jam
2504 3817 2688 3858 eorum
2737 3817 2896 3874 sunt,
2941 3810 3134 3880 quibus
3179 3813 3408 3872 nondun:

1827 3891 2087 3963 spirituali
2108 3895 2509 3964 regeneratione
2533 3895 2750 3953 diruisse
2775 3909 2934 3959 sunt.

1901 3985 1990 4040 16.
2032 3984 2138 4040 Sed
2180 3987 2224 4040 si
2247 3986 2566 4056 Baptismus,
2611 3990 2886 4060 inquiunt,
2914 3999 3124 4049 mundat
3152 3999 3413 4066 antiquum

1829 4075 1959 4129 illud
1988 4075 2258 4144 delictum,
2299 4079 2385 4146 qui
2409 4079 2472 4132 de
2495 4079 2688 4133 duobus
2728 4081 2993 4150 baptizatis
3039 4087 3146 4138 nati
3185 4090 3409 4160 fuerint,

1828 4164 2008 4219 debent
2051 4165 2144 4219 hoc
2187 4182 2359 4220 carere
2395 4177 2618 4236 peccato.
2672 4169 2791 4223 Non
2846 4172 2977 4225 enim
3027 4185 3295 4244 potuerunt
3345 4180 3416 4232 ad

1828 4265 2054 4326 posteros
2101 4259 2465 4324 transmittere,
2515 4258 2653 4328 quod
2695 4261 2796 4330 ipsi
2851 4263 3055 4318 minime
3112 4265 3409 4326 habuerunt.

1827 4349 1967 4405 Ecce
2001 4348 2142 4404 unde
2172 4349 2487 4421 plerumque
2516 4353 2841 4408 convalescit
2869 4371 3022 4410 error
3043 4399 3056 4424 ,
3090 4373 3209 4414 cum
3242 4359 3414 4416 homi-

1827 4457 1926 4497 nes
1965 4442 2140 4498 idonei
2169 4453 2292 4496 sunt
2319 4444 2401 4498 bis
2447 4444 2606 4498 rebus
2635 4443 3058 4517 interrogandis,
3102 4452 3292 4521 quibus
3335 4455 3414 4509 in-

1828 4535 2131 4604 telligendis
2174 4549 2278 4588 non
2305 4545 2428 4590 sunt
2468 4535 2666 4592 idonei.
2696 4537 2794 4592 Cui
2837 4539 2978 4593 enim
3024 4543 3286 4611 auditori,
3332 4547 3412 4600 vel

1825 4629 2016 4699 quibus
2060 4627 2318 4698 explicem
2363 4629 2569 4696 verbis,
2619 4632 2890 4700 quomodo
2937 4635 3178 4689 mortalia
3225 4637 3410 4692 vitiosa

1827 4719 2111 4791 primordia
2139 4735 2244 4775 non
2268 4721 2446 4776 obsint
2471 4722 2569 4788 eis,
2598 4723 2688 4793 qui
2717 4725 2837 4778 aliis
2863 4725 3166 4795 primordiis
3196 4729 3413 4784 humor-

1828 4811 2022 4865 talibus
2075 4809 2308 4864 inchoati
2349 4819 2506 4876 sunt;
2559 4820 2615 4866 et
2655 4823 2842 4878 tamen
2896 4814 3071 4871 obsint
3121 4816 3231 4882 eis,
3277 4834 3413 4888 quos

1827 4901 1986 4955 iidem
2029 4901 2155 4972 ipsi,
2198 4901 2389 4970 quibus
2431 4901 2541 4971 jam
2573 4917 2678 4956 non
2725 4903 2955 4972 obsunt,
2984 4921 3050 4961 ex
3095 4906 3296 4960 eisdem
3335 4911 3412 4961 vi-

1829 4995 1979 5050 tiosis
2002 4995 2304 5065 primordiis
2330 4997 2743 5066 generaverint?
2769 4998 3034 5068 quomodo
3071 4999 3122 5053 id
3151 4999 3413 5071 intelligat

1828 5086 2025 5152 homo,
2067 5086 2222 5156 cujus
2267 5086 2646 5142 tardiusculam
2689 5096 2922 5142 mentem
2955 5087 3173 5157 impedit
3219 5099 3273 5144 et
3301 5105 3412 5144 sua:

1828 5176 2108 5233 sententia:
2140 5177 2524 5247 prtejudicium,
2551 5186 2604 5232 et
2626 5178 2934 5247 pervicacia:
2951 5177 3278 5248 gravissima:
3305 5183 3414 5236 vin-

1828 5267 2044 5324 culum?
2093 5267 2472 5322 Verumtamen
2541 5267 2586 5321 si
2634 5267 2892 5323 adversus
2939 5283 3034 5325 eos
3088 5269 3219 5324 mihi
3269 5285 3413 5327 esset

1831 5375 1988 5416 causa
2029 5359 2130 5415 ista
2177 5369 2456 5428 suscepta,
2489 5357 2580 5428 qui
2621 5359 2837 5413 omnino
2880 5361 3129 5430 parvulos
3159 5361 3411 5432 baptizari

1832 5451 2151 5525 prohibent,
2198 5458 2288 5504 aut
2331 5447 2597 5518 superlan
2636 5449 2892 5518 baptizari
2927 5453 3284 5520 contendunt,
3334 5456 3414 5510 di-

1897 5564 1914 5595 ί
1937 5561 2074 5634 aditi,
2499 5559 2799 5634 castigantttr
2834 5574 2896 5634 ex
2937 5565 3290 5634 manttjsqiptis,
3329 5567 3412 5628 qui

1834 5631 1998 5694 tamen
2029 5624 2106 5673 hic
2125 5623 2206 5694 sic
2247 5620 2569 5694 dissentiunt,
2613 5620 2667 5671 tit
2709 5620 2789 5672 alii
2823 5624 3026 5694 ferant,
3067 5620 3211 5694 insita
3244 5620 3312 5694 vis
3343 5620 3414 5694 ist

1832 5684 2054 5808 qua;
2094 5684 2207 5745 alii,
2253 5684 2397 5735 insita
2439 5684 2483 5736 ri
2527 5684 2578 5734 in
2619 5697 2715 5748 qua
2730 5699 2750 5749 ;
2791 5685 2872 5736 alii
2915 5687 3144 5751 tandem,
3191 5687 3332 5739 insita
3367 5686 3414 5738 ul
