3994 6178
542 292 646 347 195

539 412 725 460 certus
744 417 838 458 eos
857 416 924 458 ex
954 397 1200 455 ﬁdelibus
1224 404 1411 464 natos,
1439 402 1723 466 parentum
1749 393 1999 448 meritum
2027 405 2127 447 ne-

539 497 778 554 cessario
799 491 1054 562 consequi
1081 507 1096 545 :
1125 498 1252 544 tunc
1278 487 1529 544 deberem
1555 484 1624 541 ad
1663 485 1800 539 hanc
1823 483 2130 555 opinionem

537 583 956 645 convincendam
982 581 1300 636 laboriosius
1329 578 1570 635 fortassis
1593 587 1651 634 et
1673 576 1954 648 operosius
1981 575 2130 630 exci-

542 679 665 735 tari.
695 675 846 734 Tunc
870 674 915 728 si
937 673 1067 728 mihi
1093 671 1234 742 apud
1254 672 1474 728 obtusos
1495 679 1554 727 et
1574 669 1935 725 contentiosos
1949 707 1966 733 ,
2004 681 2134 738 pro-

472 766 477 770 ’
543 780 661 840 pter
685 781 865 822 rermn
904 749 1116 820 naturai
1133 761 1548 828 obscuritatem,
1575 759 1861 816 difficultas
1885 757 2135 813 refellen-

539 859 593 914 di
623 858 752 912 falsa
779 864 835 911 et
860 853 1217 926 persuadendi
1252 867 1376 908 vera
1408 851 1717 916 resisteret,
1747 849 1814 904 ad
1853 847 1968 903 haec
1995 846 2134 904 forte

539 963 662 1017 quan
689 947 740 1001 in
765 961 864 1000 usu
885 952 1047 1014 atque
1076 944 1128 998 in
1162 950 1408 1013 promptu
1455 949 1638 996 essent
1655 939 1899 1008 exempla
1939 936 2134 992 confu-

537 1053 726 1108 gerem
757 1053 774 1093 :
801 1035 1142 1105 vicissimque
1171 1035 1588 1102 interrogarem,
1632 1037 1691 1084 ut
1715 1029 1840 1100 quia
1876 1043 1972 1084 eos
2017 1043 2136 1083 mo-

541 1137 696 1184 veret
733 1126 1001 1198 quomodo
1031 1133 1303 1196 peceatum
1330 1121 1474 1196 quod
1520 1121 1804 1176 mundatur
1833 1135 1930 1190 per
1953 1119 2137 1191 Bapti-

540 1237 715 1275 smum
737 1259 754 1286 ,
787 1227 1000 1274 maneat
1027 1219 1078 1271 in
1106 1217 1186 1272 eis
1229 1231 1364 1286 quos
1392 1213 1674 1285 genuerint
1714 1211 2000 1284 baptizati;
2031 1209 2133 1280 ipsi

540 1312 869 1379 cxiiiicarent
906 1307 1173 1378 quomodo
1203 1305 1524 1376 prasputium
1551 1303 1694 1374 quod
1722 1317 1818 1372 per
1845 1301 2132 1356 circumci-

539 1403 746 1456 sionem
773 1401 1046 1466 aufertur,
1095 1406 1306 1452 maneat
1343 1396 1396 1450 in
1444 1395 1524 1452 eis
1551 1409 1686 1464 quos
1714 1393 1997 1464 genuerint
2023 1393 2132 1447 cir-

541 1491 792 1556 cumcisi;
835 1488 1105 1560 quomodo
1149 1487 1310 1544 etiam
1342 1487 1490 1556 palea
1517 1500 1636 1556 quae
1681 1499 1848 1555 opere
1893 1483 2130 1538 humano

541 1591 686 1635 tanta
729 1575 1002 1649 diligentia
1052 1588 1365 1649 separatur,
1393 1583 1610 1632 maneat
1651 1575 1706 1630 in
1734 1575 1910 1630 fructu
1946 1573 2132 1645 quide

541 1683 766 1744 purgato
788 1681 822 1726 ιι
839 1671 964 1726 ilico
991 1671 1244 1725 nascitur.

613 1761 838 1820 CAPUT
879 1760 968 1816 ΙΧ.
1017 1791 1091 1802 -
1138 1761 1226 1816 l7.
1275 1758 1398 1815 Non
1442 1774 1640 1827 semper
1677 1756 1940 1814 christiani
1989 1755 2132 1811 chri-

541 1855 734 1910 sliauos
753 1895 768 1918 ,
801 1870 958 1922 neque
983 1851 1211 1906 mandati
1239 1849 1509 1905 mandatos
1549 1850 1783 1922 gignunt.
1812 1848 1906 1904 His
1930 1856 1986 1904 et
2010 1847 2132 1902 tali-

547 1947 649 2002 bus
715 1944 941 1999 forsitan
987 1953 1273 2013 utcumque
1319 1956 1547 1996 conarer
1591 1939 1852 2010 exemplis
1906 1953 2130 2011 persua-

541 2033 672 2091 dere
715 2024 1051 2098 homiuibds,
1093 2033 1185 2102 qui
1234 2031 1596 2086 mundationis
1643 2030 1991 2086 Sacramenta
2037 2043 2132 2084 su-

541 2127 748 2197 perfluo
783 2127 904 2180 filiis
944 2124 1320 2180 mandatorum
1358 2123 1641 2179 crederent
1678 2122 1939 2190 adhiberi,
1971 2137 2130 2192 quam

543 2226 700 2272 recto
757 2215 981 2272 consilio
1049 2215 1432 2284 baptizatorum
1474 2213 1679 2284 parvuli
1725 2213 2062 2282 baptizentur
2107 2229 2124 2268 :

549 2323 815 2378 quamque
843 2307 860 2340 ⁸
891 2305 1003 2361 fieri
1053 2306 1224 2378 possit
1258 2314 1311 2359 ut
1365 2303 1568 2359 homini
1601 2304 1816 2358 habenti
1843 2312 2129 2374 utrumque

542 2412 760 2462 semen,
787 2405 843 2452 et
871 2396 1058 2450 mortis
1085 2397 1138 2450 in
1163 2409 1354 2462 carne,
1377 2404 1432 2450 et
1447 2393 1862 2448 immortalitatis
1889 2395 1943 2448 in
1969 2394 2132 2464 spiri-

543 2498 622 2552 tu,
655 2505 759 2542 non
776 2487 916 2541 obsit
935 2495 1246 2558 rcgenerato
1265 2501 1360 2556 per
1383 2485 1628 2556 spiritum
1646 2527 1661 2551 ,
1679 2487 1822 2555 quod
1842 2485 1991 2541 obest
2017 2485 2134 2555 ejus

541 2579 655 2635 lilio
681 2588 934 2650 generato
981 2594 1076 2647 per
1100 2593 1352 2644 carnem;
1381 2579 1558 2650 sitque
1604 2579 1658 2633 in
1684 2577 1788 2633 isto
1818 2577 2135 2633 remissione

540 2660 876 2738 mundatum,
898 2671 1040 2742 quod
1053 2672 1122 2724 sit
1135 2671 1294 2725 etiam
1317 2671 1372 2724 in
1387 2669 1478 2723 illo
1497 2669 1657 2723 simili
1675 2667 2013 2734 remissione,
2041 2682 2136 2722 ve-

539 2765 619 2820 int
643 2764 1084 2829 circumcisione,
1113 2763 1258 2818 velut
1300 2761 1638 2817 trituratione
1683 2775 1748 2816 ac
1766 2760 2132 2828 ventilatione,

540 2855 929 2910 mundandum.
959 2853 1109 2909 Nunc
1139 2868 1288 2917 vero.
1316 2851 1747 2924 quandoquidem
1777 2866 1897 2908 cum
1924 2850 2134 2921 eisagi-

538 2961 682 3013 mus,
713 2945 802 3016 qui
833 2945 1156 2999 confitentur
1183 2942 1568 3014 baptizatorum
1591 2943 1730 2998 ﬁlios
1763 2942 2132 3014 baptizandos;

539 3044 742 3108 quanto
760 3035 950 3088 melius
961 3035 1038 3088 sic
1053 3033 1282 3105 agimus,
1299 3045 1354 3087 ut
1371 3032 1632 3097 dicamus,
1647 3031 1756 3087 Vos
1771 3033 1859 3104 qui
1870 3033 2132 3100 asseritis,

541 3129 610 3183 de
639 3125 941 3182 hominibus
965 3141 998 3180 a
1031 3114 1240 3196 peccati
1290 3123 1408 3180 labe
1459 3123 1730 3178 inundatis
1772 3125 1892 3180 sine
1917 3130 2136 3193 peccato

542 3221 689 3276 nasci
718 3220 856 3273 filios
875 3217 1142 3282 debuisse,
1162 3233 1258 3272 cur
1274 3231 1380 3270 non
1403 3216 1697 3280 attenditis,
1719 3230 1785 3271 eo
1806 3214 1965 3270 modo
1986 3214 2136 3270 vobis

543 3327 702 3384 posse
727 3310 829 3366 dici
851 3352 866 3376 ,
898 3311 964 3364 de
987 3308 1292 3364 christianis
1322 3307 1634 3378 parentibus
1663 3306 1986 3362 christianos
2035 3319 2136 3360 na-

543 3405 622 3461 sci
645 3404 779 3459 ﬁlios
804 3399 1091 3457 debuisse?
1129 3397 1236 3456 Cur
1263 3414 1391 3470 ergo
1429 3414 1524 3454 eos
1559 3397 1876 3452 christianos
1905 3395 2018 3452 fieri
2043 3395 2139 3450 de~

547 3497 678 3554 bere
701 3493 972 3551 censetis?
1000 3492 1268 3562 Numquid
1313 3493 1366 3547 in
1393 3506 1580 3547 eorum
1612 3489 1922 3560 parentibus
1941 3503 2136 3558 corpus

543 3587 893 3643 christianum
935 3600 1039 3640 non
1083 3593 1237 3650 erat,
1281 3585 1474 3655 quibus
1511 3581 1710 3637 dictum
1755 3591 1871 3648 est,
1913 3578 2136 3637 Nescitis

544 3679 664 3750 quia
687 3693 899 3751 corpora
918 3686 1082 3732 vestra
1102 3675 1324 3730 membra
1343 3685 1458 3730 sunt
1481 3673 1670 3730 Christi
1695 3673 1737 3748 (l
1759 3671 1878 3729 Cor.
1901 3689 1974 3737 v1,
2003 3671 2137 3744 l5)?

544 3771 628 3826 An
673 3767 810 3825 forte
835 3783 1028 3838 corpus
1069 3767 1285 3839 quidem
1325 3767 1674 3822 christianum
1718 3765 1787 3821 de
1829 3765 2138 3821 christianis

546 3862 858 3934 parentibus
886 3871 1067 3916 natum
1107 3869 1191 3915 est
1213 3899 1230 3925 ,
1259 3858 1355 3914 sed
1394 3873 1500 3914 non
1527 3857 1876 3913 cbristianam
1901 3857 2136 3913 animam

546 3953 792 4026 accepit?
841 3953 954 4008 lloc
993 3967 1125 4007 vero
1176 3949 1346 4006 multo
1383 3959 1468 4006 est
1511 3949 1812 4004 mirabilius
1851 3964 1867 4003 :
1908 3963 2138 4018 namque

547 4047 858 4104 utrumlibet
906 4045 974 4102 de
1015 4045 1192 4101 anima
1230 4041 1506 4110 sentiatis,
1551 4042 1678 4113 quia
1731 4039 1972 4112 profecto
2014 4054 2136 4094 cum

547 4138 805 4210 Apostolo
835 4151 940 4192 non
969 4151 1088 4192 eam
1118 4133 1338 4191 creditis
1371 4143 1657 4204 antequam
1705 4139 2012 4189 nasceretur
2035 4132 2137 4186 ali-

547 4231 677 4302 quid
719 4231 894 4301 egisse
935 4228 1064 4285 boni
1099 4237 1192 4282 aut
1227 4227 1392 4293 mali;
1439 4235 1532 4281 aut
1574 4225 1640 4280 de
1667 4224 1888 4280 traduce
1912 4234 2136 4280 attracta

551 4330 654 4386 est,
681 4331 735 4375 et
755 4321 1002 4376 similiter
1025 4327 1084 4373 ut
1107 4333 1304 4390 corpus
1331 4319 1398 4374 de
1423 4316 1732 4393 christianis
1757 4316 2132 4385 christianum,

551 4413 728 4469 anima
753 4413 914 4468 etiam
941 4411 964 4444 ³
1007 4411 1296 4469 christiana
1343 4424 1465 4465 esse
1488 4409 1704 4474 debuit;
1733 4418 1824 4464 aut
1849 4425 1880 4464 a
1919 4407 2136 4465 Christo

551 4513 763 4568 creata,
789 4503 870 4557 vel
909 4503 960 4556 in
1002 4502 1294 4557 christiano
1331 4515 1592 4572 corpore,
1638 4501 1729 4556 vel
1760 4509 1976 4571 propter
2001 4499 2140 4556 chri-

550 4594 782 4651 stianum
822 4609 1052 4664 corpus.
1113 4591 1404 4648 christiana
1445 4591 1632 4648 debuit
1674 4606 1770 4648 seu
1818 4591 1990 4648 creari
2040 4605 2137 4646 seu

553 4685 712 4742 mitti.
737 4683 851 4740 Nisi
897 4681 1036 4739 forte
1081 4681 1304 4746 dicetis,
1335 4678 1658 4737 christianos
1704 4679 1948 4736 homines
1987 4678 2136 4736 chri-

549 4766 780 4833 stianum
807 4789 1004 4844 corpus
1028 4774 1247 4846 gignere
1279 4773 1553 4844 potuisse,
1585 4782 1640 4828 et
1668 4771 1840 4843 ipsum
1865 4771 2135 4827 Christum

549 4874 784 4926 animam
825 4867 1170 4923 christianam
1215 4881 1320 4922 non
1364 4865 1602 4936 potuisse
1662 4878 1966 4934 procreare.
2029 4864 2138 4920 Cc-

551 4963 664 5019 tlite
689 4961 710 4992 ³
735 4961 914 5030 itaque
941 4957 1188 5022 veritati,
1213 4965 1270 5013 et
1286 4957 1463 5012 videte
1483 4955 1604 5026 quia
1633 4956 1774 5011 sicut
1795 4953 1911 5012 ﬁeri
1933 4955 2132 5025 potuit,

551 5050 696 5124 quod
743 5059 800 5106 ct
820 5065 916 5106 vos
945 5047 1214 5114 fatemini,
1258 5059 1316 5101 ut
1341 5045 1408 5102 de
1431 5045 1732 5102 cbristianis
1759 5062 1864 5100 non
1889 5044 2138 5102 christia-

551 5161 688 5209 nus,
715 5143 786 5199 de
813 5141 1068 5197 membris
1099 5137 1294 5196 Christi
1322 5155 1427 5195 non
1459 5139 1757 5193 membrum
1781 5137 2020 5205 Christi;
2052 5146 2136 5192 at-

553 5250 662 5306 que
684 5242 744 5289 ut
763 5247 1104 5290 occurramus
1133 5233 1292 5288 etiam
1315 5229 1590 5296 omnibus,
1607 5228 1700 5301 qui
1729 5229 1852 5285 licet
1879 5227 2036 5298 falso,
2059 5237 2138 5284 ta-

555 5343 679 5384 men
725 5342 1060 5398 quocumque
1102 5325 1375 5397 religionis
1429 5325 1646 5403 nomine
1685 5322 2024 5390 detinentur,
2069 5322 2138 5378 de

557 5422 880 5477 consecratis
926 5437 1034 5474 non
1071 5429 1446 5485 consecratus;
1486 5419 1558 5473 ita
1584 5417 1744 5473 etiam
1795 5415 1942 5484 fieri,
1989 5424 2046 5470 ut
2071 5413 2139 5470 de

620 5537 636 5567 ί
659 5539 732 5597 Fr.
756 5540 806 5597 et
836 5538 969 5597 nov...
983 5545 1270 5597 quanquam.
1295 5532 1614 5597 Fmentiantur
1639 5544 1704 5597 es
1735 5531 2088 5594 manuscriptis.

617 5598 640 5628 ί
664 5596 801 5652 Mlti,
829 5593 902 5643 sic
940 5591 1302 5647 aniwt'etiam.
1345 5595 1618 5657 nedundat,
1657 5591 1769 5657 sic,
1817 5604 1914 5644 nec
1957 5591 2036 5644 est
2087 5594 2141 5643 in

556 5659 908 5718 mnuscri;.tls.

624 5723 644 5752 ⁵
667 5727 720 5771 tn
743 5715 870 5776 uss,
894 5715 1100 5769 credin.

1177 283 1265 338 DE
1302 279 1762 338 PFCCATORUM
1801 273 2080 333 MERiTlS
2119 275 2206 331 ET
2245 273 2678 345 ltEMlSSIONE,
2717 276 2774 334 S.
2820 275 3193 335 AUGUSTI-Nl

3721 277 3860 334 {36

2243 391 2512 451 mundatis
2535 408 2642 450 nou
2685 395 2972 452 mundatus
2999 403 3269 450 nascatur.
3309 393 3446 462 Quid
3477 398 3862 467 respondebi-

2241 487 2342 551 tis,
2370 501 2538 557 quare
2576 485 2647 542 de
2684 485 2990 544 cbristianis
3021 500 3127 542 non
3165 485 3490 546 christianos
3529 495 3799 544 nascatur
3827 527 3851 552 .

2239 579 2340 635 nisi
2361 577 2484 650 quia
2501 595 2606 634 non
2629 577 2755 636 facit
2777 580 3072 650 generatio,
3091 578 3187 634 sed
3215 579 3548 650 regeneratio
3573 579 3854 634 christia-

2238 670 2376 726 nos?
2403 671 2550 726 lianc
2571 669 2732 741 igitur
2757 670 2907 726 vobis
2950 670 3158 727 reddite
3201 670 3463 726 rationem
3483 711 3504 738 ,
3531 673 3656 741 quia
3679 671 3858 727 simi-

2238 761 2364 818 liter
2379 777 2412 816 a
2437 762 2672 832 peccatis
2701 776 2859 817 nemo
2883 761 3173 828 nascendo,
3203 762 3298 817 sed
3323 777 3514 818 omnes
3537 778 3854 818 renascen—

2237 854 2308 910 do
2336 853 2676 909 mandantur.
2705 855 2784 909 Ac
2799 868 2894 924 per
2913 853 3016 910 hoc
3039 855 3108 910 de
3132 854 3434 911 hominibus
3459 855 3582 910 ideo
3607 854 3848 910 munda-

2241 947 2340 1012 tis,
2364 945 2614 1016 quoniam
2637 947 2857 1008 renatis.
2885 945 3052 1002 homo
3075 947 3164 1016 qui
3191 947 3430 1004 nascit'tr
3452 957 3770 1003 renascatur
3791 947 3842 1011 ί.

2238 1045 2300 1094 ut
2337 1038 2498 1092 etiam
2547 1036 2662 1106 ipse
2695 1036 3002 1092 mandetur.
3036 1037 3338 1092 Pctuerunt
3377 1028 3521 1092 enim
3570 1045 3842 1108 parentes

2237 1129 2306 1186 ad
2335 1139 2579 1201 posteros
2619 1131 3014 1195 transmittere,
3060 1129 3204 1201 quod
3234 1131 3332 1200 ipsi
3375 1130 3592 1205 minime
3621 1129 3841 1185 habue-

2239 1231 2396 1287 runt;
2448 1237 2556 1276 non
2601 1221 2774 1277 solum
2830 1221 2968 1276 sicut
2993 1220 3258 1276 frumenta
3309 1221 3548 1290 paleam,
3603 1229 3660 1276 et
3688 1235 3844 1291 pra-

2236 1315 2442 1384 putinm
2468 1314 2816 1370 circumcisus
2849 1333 2862 1369 :
2889 1313 2985 1370 sed
3011 1315 3173 1370 etiam
3190 1355 3208 1382 ,
3231 1313 3375 1384 quod
3403 1323 3460 1371 et
3487 1330 3584 1370 vos
3607 1315 3798 1372 dicitis
3815 1355 3837 1381 ,

2237 1404 2423 1460 ﬁdeles
2483 1404 2848 1460 infidelitatem
2910 1405 2964 1458 in
3031 1414 3276 1474 posteros
3319 1404 3621 1474 trajiciunt;
3675 1404 3840 1476 quod

2237 1512 2344 1552 non
2381 1505 2466 1552 cst
2496 1496 2608 1566 jam
2647 1496 2856 1552 illorum
2910 1511 3008 1567 per
3049 1497 3296 1566 spiritum
3339 1503 3782 1566 regeneratorum
3815 1537 3838 1560 .

2235 1587 2332 1644 sed
2383 1602 2490 1658 quo
2528 1587 2581 1642 in
2636 1603 2800 1650 carne
2854 1587 3093 1658 generati
3146 1596 3308 1654 sunt,
3367 1587 3607 1642 mortalis
3659 1586 3840 1642 semi-

2235 1680 2322 1735 nis
2354 1681 2564 1736 vitium.
2602 1679 2735 1735 Nam
2793 1679 2974 1752 utique
3010 1693 3144 1750 quos
3183 1679 3436 1748 parvulos
3488 1693 3588 1751 per
3623 1677 3836 1734 Sacra-

2235 1781 2474 1826 mentum
2496 1770 2730 1826 ﬁdelium
2768 1769 2953 1826 ﬁdeles
2980 1769 3249 1825 faciendos
3285 1785 3408 1826 esse
3437 1769 3712 1840 judicatis.
3741 1771 3840 1825 in-

2235 1861 2420 1919 ﬁdeles
2441 1869 2596 1918 natos
2613 1879 2681 1918 ex
2700 1863 3008 1932 parentibus
3022 1861 3267 1918 fidelibus
3291 1876 3398 1917 non
3425 1861 3650 1933 negatis.

2306 1955 2532 2013 CAPUT
2557 1954 2626 2011 Χ.
2645 1984 2721 1997 -——
2745 1956 2832 2010 18.
2859 1955 3046 2009 Anima
3073 1971 3196 2009 num
3215 1969 3278 2010 ea:
3299 1953 3524 2008 traduce.
3556 1955 3628 2010 At
3649 1953 3842 2021 enim,

2241 2065 2263 2101 ι
2307 2047 2353 2103 si
2384 2048 2560 2102 anima
2591 2060 2696 2101 non
2733 2054 2818 2102 est
2853 2061 2922 2100 ex
2951 2044 3191 2112 traduce,
3235 2043 3332 2100 sed
3373 2045 3490 2100 sola
3531 2059 3680 2112 caro,
3707 2045 3840 2114 ipsa

2241 2158 2264 2193 ι
2309 2149 2514 2195 tantum
2535 2138 2695 2194 habet
2716 2139 2986 2194 traducem
3014 2138 3238 2208 peccati,
3259 2145 3318 2192 et
3334 2137 3448 2207 ipsa
3471 2136 3584 2191 sola
3607 2151 3839 2206 penam

2240 2249 2264 2284 4
2307 2242 2548 2288 meretur
2583 2248 2597 2284 :
2647 2249 2669 2284 ι
2702 2229 2805 2286 hoc
2834 2229 2978 2286 enim
3009 2230 3265 2296 sentiunt,
3298 2247 3318 2280 ι
3355 2229 3609 2299 iniustum
3638 2243 3762 2285 esse
3809 2248 3836 2282 ι

2236 2323 2494 2388 dicentes,
2530 2341 2550 2374 ι
2596 2331 2656 2376 ut
2683 2321 2842 2376 hodie
2868 2330 2994 2376 nata
3021 2321 3197 2375 anima
3227 2336 3332 2376 non
3361 2335 3428 2376 ex
3456 2333 3631 2374 massa
3665 2318 3840 2386 Adae,

2241 2431 2262 2466 ι
2309 2423 2416 2468 tam
2439 2414 2716 2485 antiquum
2735 2421 3012 2482 peccatum
3039 2421 3214 2482 portet
3232 2411 3487 2466 alienum.
3515 2428 3536 2462 ι
3567 2409 3836 2475 Attende,

2235 2507 2464 2562 obsecro
2493 2513 2567 2570 te,
2596 2501 3048 2574 quemadmodum
3089 2503 3510 2574 circumspectus
3537 2501 3621 2556 vir
3661 2499 3840 2556 Pela-

2234 2599 2354 2670 gius
2386 2598 2539 2672 (nam
2579 2613 2649 2654 ex
2674 2597 2791 2666 ejus
2828 2596 2966 2652 libro
2991 2595 3108 2650 lucc
3132 2609 3254 2665 qua:
3285 2595 3447 2650 modo
3474 2594 3628 2666 posui
3655 2593 3840 2650 verba

2237 2689 2583 2760 transcripsi)
2621 2687 2792 2744 sensit
2819 2703 2980 2758 quam
3021 2687 3075 2741 in
3114 2685 3320 2742 difficili
3361 2686 3434 2742 de
3471 2686 3648 2740 anima
3675 2701 3840 2757 qua:-

2235 2784 2412 2838 stione
2435 2791 2695 2836 versetur.
2723 2777 2840 2834 Non
2868 2779 3010 2834 enim
3046 2777 3142 2844 ait,
3164 2777 3288 2848 quia
3308 2777 3485 2833 anima
3512 2792 3617 2832 non
3645 2786 3839 2834 estex

2235 2874 2490 2940 traduce,
2519 2871 2636 2939 sed,
2665 2889 2686 2926 ι
2733 2870 2781 2926 si
2821 2872 2998 2926 anima
3028 2885 3134 2925 non
3161 2883 3248 2926 eSt
3278 2885 3346 2925 ex
3373 2869 3591 2925 traduce
3619 2886 3636 2924 :
3675 2887 3697 2922 ι
3731 2885 3836 2924 re-

2235 2967 2475 3022 ctissime
2502 2963 2702 3019 faciens
2739 2963 2810 3018 de
2851 2977 2912 3018 re
2940 2971 3048 3017 tam
3076 2961 3324 3029 obscura,
3353 2962 3422 3018 de
3459 2977 3563 3032 qua
3593 2961 3738 3017 nulla
3766 2961 3834 3018 in

2238 3055 2528 3125 Seripturis
2569 3054 2772 3109 sanctis
2803 3061 2948 3108 certa
2973 3062 3029 3109 et
3070 3062 3257 3123 aperta
3299 3053 3597 3109 testimonia
3627 3068 3834 3124 possu-

2239 3162 2358 3203 mus
2386 3145 2647 3210 invenire,
2674 3153 2766 3200 aut
2803 3143 3119 3200 difficillime
3167 3159 3470 3215 possumus,
3509 3154 3838 3202 cunctanter

2237 3238 2382 3310 loqui
2427 3237 2603 3307 potius
2624 3251 2784 3306 quam
2823 3235 3070 3292 fidenter.
3100 3237 3436 3307 Quapropter
3471 3251 3572 3307 ego
3609 3251 3836 3306 quoque

2239 3329 2363 3386 huic
2383 3329 2738 3400 propositioni
2763 3343 2868 3384 non
2893 3329 3150 3398 praecipiti
3169 3329 3468 3383 assertione
3489 3329 3792 3398 respondeo
3809 3345 3830 3382 :

2239 3422 2296 3479 Si
2325 3423 2502 3476 anima
2547 3437 2654 3476 non
2684 3429 2769 3477 est
2792 3437 2856 3475 ex
2899 3419 3298 3492 traduce,.ergo
3325 3407 3447 3491 quae
3491 3421 3590 3476 ista
3617 3421 3832 3490 iustitia

2237 3523 2342 3580 est,
2369 3523 2428 3567 ut
2453 3525 2645 3568 recens
2672 3519 2854 3566 creata
2889 3521 2945 3567 et
2969 3510 3038 3566 ab
3074 3509 3220 3564 omni
3251 3511 3446 3567 delicto
3473 3526 3694 3581 prorsus
3725 3495 3839 3566 im-

2237 3604 2436 3669 munis,
2462 3603 2531 3658 ab
2575 3602 2722 3658 omni
2765 3603 2970 3672 peccati
3017 3601 3332 3672 contagione
3379 3603 3590 3671 penitus
3633 3603 3832 3670 libera,

2241 3695 2520 3766 passiones
2545 3694 2726 3750 carnis
2752 3693 3104 3762 diversasque
3125 3695 3428 3758 cruciatus,
3457 3704 3532 3760 et,
3561 3693 3705 3766 quod
3737 3705 3836 3752 est

2240 3785 2571 3852 horribilius,
2592 3786 2752 3840 etiam
2771 3785 3074 3840 daemonum
3093 3785 3338 3841 incursus
3367 3785 3419 3840 in
3446 3787 3680 3856 parvulis
3703 3801 3834 3842 sus-

2239 3879 2415 3936 tinere
2442 3877 2702 3950 cogatur?
2731 3876 2918 3948 Neque
2943 3878 3088 3934 enim
3126 3877 3326 3950 aliquid
3369 3877 3562 3934 horum
3589 3894 3718 3935 caro
3747 3879 3834 3936 sic

2241 3971 2460 4043 patitur,
2488 3979 2544 4024 ut
2583 3983 2694 4025 non
2731 3968 2808 4026 ibi
2831 3968 3010 4025 anima
3048 3970 3226 4040 potius
3253 3985 3372 4040 qua:
3397 3971 3528 4026 vivit
3549 3987 3613 4026 ac
3636 3973 3828 4040 sentit,

2240 4079 2428 4135 poenas
2455 4063 2586 4118 luat.
2615 4062 2728 4118 Hoc
2753 4063 2894 4118 enim
2920 4062 2966 4118 si
2987 4061 3188 4131 justum
3209 4063 3528 4130 ostenditur,
3555 4064 3636 4121 sic
3659 4065 3832 4122 etiam

2239 4154 2452 4213 ostendi
2483 4163 2660 4226 potest
2687 4169 2792 4226 qua
2827 4153 3034 4224 iustitia
3071 4153 3124 4209 in
3163 4169 3326 4210 carne
3365 4169 3582 4226 quoque
3615 4158 3830 4227 peccati

2240 4250 2434 4306 sulcat
2479 4247 2740 4319 originale
2781 4253 3079 4318 peccatum.
3111 4246 3450 4318 Baptismatis
3487 4259 3832 4305 sacramento

2240 4351 2298 4398 et
2337 4341 2526 4413 gratim
2567 4339 2913 4396 miseratione
2939 4337 3326 4396 mandandum.
3357 4339 3418 4396 Si
3464 4349 3646 4396 autem
3693 4339 3830 4414 illud

2239 4431 2454 4489 ostendi
2480 4446 2589 4487 non
2617 4437 2814 4502 potest,
2855 4443 3032 4500 neque
3075 4428 3180 4484 hoc
3223 4444 3382 4500 posse
3421 4429 3670 4485 arbitror.
3713 4431 3832 4486 Aut

2239 4539 2371 4596 ergo
2409 4532 2694 4593 utrumque
2735 4521 3002 4578 occultum
3049 4519 3310 4589 feramus,
3339 4530 3396 4578 et
3439 4537 3544 4578 nos
3581 4522 3831 4579 homines

2239 4633 2361 4674 esse
2401 4615 2834 4682 meruinerimus;
2870 4623 2966 4671 aut
2998 4614 3134 4671 alias
3173 4613 3319 4670 aliud
3363 4614 3434 4671 de
3461 4615 3636 4670 anima
3663 4629 3827 4688 optio.

2240 4711 2288 4766 si
2331 4721 2555 4766 necesse
2575 4707 2862 4774 videbitur,
2889 4707 3098 4764 cautela
3123 4707 3303 4764 sobria
3339 4707 3664 4778 disputando
3701 4720 3832 4764 mo-

2241 4801 2458 4856 liamur.
3803 4838 3817 4848 .

2311 4890 2541 4950 CAPUT
2570 4889 2836 4947 illa-19.
2861 4888 3080 4944 Acutae
3107 4887 3286 4946 mortis
3307 4885 3438 4958 quis.
3469 4885 3621 4943 Nunc
3649 4895 3834 4944 tamen

2242 4983 2372 5042 illud
2395 4982 2538 5054 quod
2555 4983 2632 5038 ait
2648 4979 2958 5051 Apostolus,
2982 4978 3089 5035 Per
3106 4995 3264 5033 unum
3291 4976 3541 5034 licitam
3569 4988 3837 5050 peccatum

2241 5077 2447 5132 intrauit
2475 5083 2532 5130 tn
2573 5073 2838 5138 mundum,
2871 5081 2916 5126 et
2943 5088 3034 5143 per
3070 5081 3332 5144 peccatum
3359 5085 3533 5136 mors;
3572 5079 3622 5124 et
3661 5069 3739 5124 ita
3775 5071 3836 5124 iis

2244 5187 2418 5230 omnes
2431 5169 2655 5224 hostium
2671 5165 2982 5240 pertransiit,
2994 5166 3050 5219 in
3067 5180 3166 5237 quo
3181 5179 3354 5219 omnes
3375 5171 3726 5232 paeana-snt;
3749 5161 3832 5216 sic

2244 5262 2608 5332 accipiamus,
2649 5273 2720 5314 ne
2749 5265 2834 5311 tot
2863 5256 3130 5328 tantisque
3155 5253 3506 5324 apertissimis
3526 5251 3831 5307 divinarum

2243 5353 2633 5422 Scripturarum
2653 5346 2993 5414 testimoniis,
3007 5346 3200 5418 quibus
3211 5343 3468 5400 docemur
3480 5352 3672 5414 prteter
3682 5340 3838 5396 Chri-

2244 5443 2790 5510 stlsocictatem,qutn
2807 5438 2966 5492 inillo
2977 5447 3168 5492 etcum
3187 5436 3282 5491 illo
3292 5437 3510 5502 t,eum
3522 5435 3838 5490 Sacramen-

2245 5537 2315 5594 tis
2326 5513 2442 5608 eius
2454 5533 2824 5600 imbuimur,et
2834 5531 2950 5602 eius
2963 5529 3220 5586 membris
3229 5529 3652 5601 incorporamur,
3662 5526 3830 5583 vitam

2311 5711 2330 5744 ί
2355 5713 2428 5762 ste
2441 5721 2540 5760 sm.
2561 5716 2616 5762 et
2634 5713 2743 5760 uss.
2769 5715 2824 5758 st
2842 5712 2975 5772 Lov.,
2997 5701 3283 5758 renascitur.
