4002 6178
234 266 350 322 137

226 405 577 476 salutemque
612 413 871 462 atcrnam
898 403 1119 475 adipisci
1147 407 1416 465 nemiuem
1462 424 1639 479 posse,
1667 409 1828 466 nimis

229 500 555 567 insipienter
602 507 760 571 atque
822 497 1109 555 infeliciter
1166 515 1463 572 repugnare
1504 501 1827 570 judieemur.

227 590 420 662 Neque
448 592 595 647 enim
621 592 728 646 alio
745 606 908 647 sensu
929 590 1127 646 dictum
1155 600 1240 647 est
1275 591 1343 647 ad
1385 591 1679 659 Romanos,
1724 591 1828 647 Per

229 699 392 738 mm
435 683 694 738 houu'nem
735 694 1000 751 peccatum
1039 683 1093 737 in
1120 684 1366 737 mundum
1394 683 1621 750 intravit,
1652 691 1700 737 et
1736 700 1829 755 per

229 783 501 844 peccatum
553 788 728 836 mors;
779 782 929 843 atque
985 773 1059 827 ita
1097 773 1153 827 in
1200 788 1374 827 omnes
1434 774 1660 828 homines
1706 790 1824 844 per-

229 863 437 917 transiit
467 876 490 917 :
515 878 677 930 quam
726 863 817 918 illo
863 879 972 933 quo
1010 863 1210 919 dictum
1256 873 1341 918 est
1384 862 1453 919 ad
1489 863 1821 932 Corinthios,

230 954 335 1010 Per
361 954 622 1009 hominem
663 970 819 1017 mors,
849 964 896 1008 et
941 970 1031 1024 per
1073 955 1324 1009 hominem
1351 956 1647 1009 resurrectio
1689 971 1826 1008 mor-

228 1055 434 1101 tuorum
462 1061 485 1098 :
511 1045 644 1099 sicut
682 1045 815 1098 enim
845 1046 897 1098 in
939 1045 1107 1099 Adam
1149 1061 1320 1100 omnes
1346 1046 1650 1113 moriuntur,
1678 1046 1752 1100 sic
1775 1055 1824 1101 et

229 1136 284 1189 in
305 1134 511 1191 Christo
537 1151 713 1189 onmes
740 1134 1146 1203 viviﬁcabuntur.
1174 1133 1341 1189 Nemo
1361 1136 1555 1205 quippe
1577 1136 1818 1204 ambigit,

230 1226 332 1283 hoc
360 1228 433 1280 ibi
464 1227 534 1282 de
559 1227 802 1297 corporis
831 1238 1005 1281 morte
1023 1227 1245 1291 dictum,
1266 1228 1517 1296 quoniam
1545 1226 1614 1282 de
1643 1240 1821 1282 resur-

226 1321 473 1375 rectione
499 1319 747 1390 corporis
772 1334 961 1388 magna
1000 1317 1238 1388 Apostoli
1278 1318 1574 1375 intentione
1592 1319 1821 1389 quaestio

225 1410 548 1464 versabatur
575 1426 590 1465 :
618 1418 675 1465 et
699 1409 821 1464 ideo
843 1409 1053 1464 videtur
1096 1408 1165 1463 ibi
1207 1408 1275 1463 de
1299 1418 1518 1478 peccato
1561 1409 1813 1477 tacuisse,

225 1500 345 1570 quia
375 1516 486 1552 non
512 1509 630 1555 erat
658 1499 885 1569 quaestio
912 1497 978 1553 de
1012 1498 1237 1568 jttstilia.
1270 1498 1365 1553 llic
1392 1509 1569 1553 autem
1608 1498 1672 1553 ad
1704 1498 1816 1553 Ro-

227 1604 417 1644 manos
464 1599 750 1659 utrumque
801 1589 1031 1658 posuit',
1072 1597 1129 1644 et
1185 1598 1468 1658 utrumque
1520 1588 1818 1645 diutissime

225 1682 648 1747 commendavit,
685 1692 961 1751 peccatum
996 1682 1048 1736 in
1073 1680 1264 1745 Adam,
1285 1680 1543 1750 justitiam
1578 1682 1630 1736 in
1655 1678 1814 1736 Chri-

224 1786 339 1841 sto;
372 1785 433 1831 et
476 1785 706 1830 mortem
746 1775 800 1830 in
831 1774 1020 1838 Adam,
1047 1783 1102 1830 et
1126 1775 1287 1829 vitam
1320 1775 1375 1828 iu
1412 1773 1625 1829 Christo
1653 1791 1668 1829 :
1695 1789 1816 1846 quas

224 1868 403 1923 etruria
437 1868 599 1922 verba
627 1865 894 1922 sermonis
922 1866 1224 1937 apostolici,
1257 1874 1512 1935 quantum
1541 1865 1687 1935 potui
1722 1880 1812 1920 sa-

224 1958 400 2027 tisque
430 1958 603 2012 visum
634 1968 738 2021 est,
766 1956 819 2011 in
845 1957 1035 2026 primo,
1068 1966 1126 2011 ut
1144 1956 1256 2026 jam
1282 1955 1414 2023 dixi,
1439 1954 1669 2011 duorum
1694 1956 1815 2011 illo-

223 2064 337 2104 rum
369 2049 515 2104 libro
555 2056 918 2117 perscrutatus
942 2049 1148 2116 aperui.

289 2139 383 2195 20.
404 2140 723 2207 Quanquam
749 2139 908 2192 etiam
931 2137 1003 2192 ibi
1024 2137 1091 2192 ad
1107 2136 1413 2192 Corinthios
1434 2136 1609 2192 locum
1636 2138 1810 2208 ipsum

222 2230 287 2286 de
325 2229 731 2286 resurrectione
758 2230 849 2284 diu
881 2238 1159 2283 tractatum
1195 2229 1272 2283 sic
1300 2228 1357 2284 in
1386 2229 1490 2284 ﬁne
1525 2229 1806 2286 concluse-

221 2321 320 2388 rit,
369 2331 430 2376 ut
470 2335 572 2375 nos
614 2320 855 2375 dubitare
903 2335 1007 2374 non
1055 2320 1285 2384 sineret,
1331 2329 1555 2374 mortem
1597 2335 1809 2391 quoque

220 2417 467 2483 corporis
496 2414 691 2469 merito
713 2412 972 2467 accidisse
1001 2412 1222 2481 peccati.
1244 2411 1377 2466 Cum
1398 2411 1539 2466 enim
1561 2411 1804 2475 dixisset,

222 2506 437 2578 Oportet
486 2506 814 2575 corruptibile
857 2505 953 2558 hoc
1008 2504 1217 2557 induere
1262 2503 1711 2575 incorruptionem,
1759 2512 1807 2559 et

218 2597 432 2651 mortale
468 2596 567 2650 hoc
604 2595 814 2649 induere
839 2593 1287 2647 immortalitatem.
1330 2592 1457 2647 Cum
1494 2604 1663 2647 autem
1694 2610 1808 2647 cor-

216 2689 457 2757 ruptibile
476 2688 574 2741 hoc
599 2687 834 2741 indutum
874 2686 1025 2755 fuerit
1050 2684 1492 2753 incarruptioncm,
1519 2693 1565 2738 ει
1593 2685 1807 2738 mortale

219 2779 310 2835 ltoc
349 2778 819 2843 immortalitatem;
851 2760 969 2829 tunc
1010 2776 1118 2844 fiet,
1149 2775 1339 2844 inquit,
1369 2792 1532 2830 sermo
1559 2776 1648 2845 qui
1675 2779 1805 2829 scrt-

219 2879 328 2939 plus
351 2880 447 2932 est,
477 2869 729 2939 Absorpta
757 2878 831 2923 est
858 2884 992 2923 mors
1018 2869 1072 2922 in
1098 2866 1375 2921 victoriam.
1408 2864 1504 2921 Ubi
1531 2879 1624 2928 est,
1642 2884 1800 2934 mors,

218 2960 425 3012 uictoria
477 2958 639 3012 tua'?
676 2959 761 3012 ubi
804 2967 913 3022 est,
956 2974 1112 3022 mors,
1163 2958 1367 3012 aculeus
1413 2958 1569 3012 tuus?
1607 2956 1803 3012 deinde

218 3032 468 3118 subje'cit,
513 3049 732 3102 Aculcus
768 3058 938 3101 autem
976 3048 1153 3101 mortis
1195 3057 1269 3101 est
1310 3057 1607 3118 peccatum;
1644 3047 1802 3102 uirtus

217 3154 330 3193 sero
376 3140 590 3209 peccati,
622 3137 705 3192 lea:
742 3138 793 3211 (Ι
837 3137 956 3193 Cor.
1001 3153 1095 3203 xv,
1139 3138 1230 3202 2|,
1276 3137 1369 3203 2'2,
1410 3137 1623 3208 53-56).
1666 3138 1800 3206 Quia

216 3244 366 3300 ergo,
405 3230 548 3283 sicut
575 3229 815 3298 Apostoli
853 3228 1186 3298 apertissima
1225 3229 1389 3283 verba
1417 3228 1710 3296 declarant,
1735 3243 1802 3283 eo

217 3320 596 3374 absorbebitur
634 3334 781 3373 mors
808 3320 858 3372 in
894 3318 1193 3382 victoriam,
1220 3334 1326 3389 quo
1354 3319 1704 3389 corruptibile
1746 3328 1801 3374 et

215 3410 443 3464 mortale
474 3410 576 3464 hoc
620 3408 804 3464 induet
843 3409 1291 3477 incorruptionem
1324 3418 1379 3463 et
1423 3409 1799 3464 immortalita-

216 3508 361 3565 tem;
407 3500 461 3553 id
488 3509 590 3563 est,
612 3514 719 3569 quo
742 3497 1023 3552 viviﬁcabil
1056 3498 1197 3553 Deus
1222 3505 1279 3553 et
1306 3500 1546 3555 mortalia
1574 3515 1798 3570 corpora

213 3602 419 3659 nostra,
444 3602 662 3662 propter
688 3590 1074 3646 inhabitantem
1102 3591 1355 3661 Spiritum
1376 3588 1502 3662 ejus
1526 3593 1577 3647 in
1606 3593 1797 3648 nobis:

212 3684 554 3737 manifestum
584 3690 669 3737 est
704 3692 758 3737 et
787 3681 942 3752 hujus
973 3683 1160 3737 mortis
1184 3684 1446 3752 corporis,
1471 3699 1591 3753 quas
1619 3698 1800 3739 resur-

212 3772 444 3829 rectioni
484 3774 724 3844 corporis
751 3773 1019 3829 contraria
1061 3781 1164 3840 est,
1193 3773 1436 3829 aculeum
1481 3775 1643 3831 fuisse
1672 3791 1800 3848 pec-

210 3874 389 3917 eatum
425 3880 440 3918 :
480 3864 724 3918 aculeum
771 3873 948 3919 autem
998 3878 1105 3935 quo
1152 3878 1298 3919 mors
1349 3864 1487 3921 laeta
1539 3874 1644 3933 est,
1687 3881 1797 3923 non

211 3972 369 4027 quem
398 3972 547 4012 mors
572 3955 735 4012 fecit:
763 3965 983 4026 peccato
1002 3957 1143 4012 enim
1175 3957 1455 4027 morimur,
1486 3974 1592 4014 non
1622 3970 1798 4017 morte

210 4061 517 4116 peccamus.
545 4046 637 4102 Sic
662 4048 840 4119 itaque
861 4047 1061 4103 dictum
1086 4056 1190 4114 est,
1220 4049 1425 4105 aculeus
1447 4052 1641 4116 mortis,
1663 4066 1798 4123 quo-

210 4137 372 4194 modo
414 4138 621 4210 lignum
661 4139 805 4204 Viue,
833 4153 940 4194 non
970 4138 1111 4209 quod
1155 4138 1388 4195 hominis
1426 4140 1535 4196 vita
1574 4139 1792 4208 laceret,

213 4229 307 4286 led
346 4245 458 4300 quo
502 4229 614 4285 vita
659 4229 891 4287 hominis
926 4230 1076 4288 ﬁeret
1117 4249 1132 4286 :
1176 4241 1233 4288 et
1276 4233 1546 4303 quomodo
1590 4234 1794 4304 lignum

212 4321 471 4387 Ieiunia,
496 4336 594 4393 per
621 4324 761 4391 quod
787 4324 1010 4379 scientia
1040 4322 1193 4379 ﬁeret
1235 4324 1491 4394 hominis,
1520 4340 1624 4381 non
1650 4328 1793 4397 quod

209 4425 303 4482 per
327 4426 480 4471 suam
528 4413 809 4468 scientiam
836 4413 1019 4471 iecerit
1048 4414 1071 4447 ⁸
1099 4414 1280 4471 homo.
1304 4416 1398 4473 Sic
1431 4432 1558 4488 ergo
1587 4425 1643 4472 et
1667 4434 1796 4473 acu-

212 4502 329 4558 leus
354 4504 568 4568 mortis,
585 4519 694 4573 quo
711 4519 858 4561 mors
888 4507 1023 4561 laeta
1042 4516 1145 4573 est,
1164 4521 1269 4562 non
1291 4523 1449 4577 quem
1472 4524 1620 4565 mors
1644 4510 1792 4566 fecit.

210 4592 295 4647 Sic
338 4593 484 4649 enim
516 4593 747 4649 dicimus
791 4602 847 4649 et
889 4596 1138 4666 poculum
1191 4598 1407 4666 mortis,
1447 4614 1555 4670 quo
1601 4600 1793 4672 aliquis

209 4694 452 4739 mortuus
476 4683 568 4750 sit,
598 4685 683 4740 vel
712 4686 849 4741 mori
877 4686 1063 4756 possit,
1090 4702 1201 4743 non
1223 4689 1363 4758 quod
1391 4691 1625 4746 moriens
1649 4708 1795 4747 mor-

206 4786 399 4832 tuusve
434 4776 744 4833 confecerit.
779 4779 1013 4835 Aculeus
1055 4780 1233 4850 itaque
1276 4780 1465 4837 mortis
1510 4792 1787 4854 peccatum

202 4877 304 4936 est,
340 4869 548 4940 peccati
579 4868 815 4942 puuctu‘
858 4871 1232 4927 mortiﬁcatum
1263 4882 1344 4927 est
1388 4889 1556 4945 genus
1599 4875 1790 4933 huma-

197 4977 351 5017 num.
401 4962 542 5030 Quid
595 4961 769 5018 adhuc
814 4963 1103 5034 qumrimus
1147 4964 1300 5033 cujus
1352 4967 1569 5033 mortis,
1610 4976 1788 5025 utrum

196 5055 415 5120 animm,
450 5069 522 5109 an
548 5055 831 5124 corporis?
879 5063 1054 5111 utrum
1086 5057 1271 5128 primae
1296 5073 1398 5128 qua
1436 5075 1579 5116 nunc
1602 5076 1790 5118 omnes

192 5146 480 5212 morimur,
526 5162 594 5201 an
642 5146 891 5201 Secundae
941 5164 1044 5217 qua
1090 5157 1218 5204 tunc
1264 5150 1411 5221 impii
1458 5153 1791 5211 morientur?

191 5233 351 5290 Nulla
391 5252 561 5292 causa
583 5247 666 5292 est
703 5236 1010 5307 exagitandi
1048 5240 1421 5310 quaestionem,
1462 5244 1641 5299 nullus
1681 5251 1790 5300 t'er-

259 5388 380 5461 fttic
401 5395 513 5440 use.
526 5389 732 5461 cuidam
751 5390 1285 5461 _adduat,_ct‘utrumque
1305 5397 1543 5461 exprimit.

256 5452 279 5483 ²
295 5454 612 5525 parerga-imi
637 5452 727 5502 hoc
751 5452 859 5525 loco
881 5462 939 5525 et
950 5455 1076 5525 jut‘ra
1100 5452 1436 5525 post,_n'nc'ei
1455 5460 1673 5525 dicetur;
1695 5464 1785 5515 bs-

190 5511 328 5572 beut,
361 5513 455 5578 tibi
473 5511 738 5578 est,_mors,
754 5515 989 5578 contentio
1005 5523 1087 5565 tua
1101 5511 1131 5567 '?
1150 5511 1241 5568 sed
1267 5528 1429 5572 tamen
1448 5511 1668 5577 secundo
1679 5511 1786 5578 loco

187 5585 303 5637 tum
319 5575 486 5631 editis,
522 5585 549 5625 ι
560 5574 613 5625 bi
631 5584 719 5637 est,
740 5589 886 5636 mors,
915 5577 1115 5631 victoria
1132 5586 1215 5631 tua
1237 5580 1262 5633 ?

253 5635 514 5700 ἔκϐηθιιίιὶ
539 5644 669 5697 3153.,
693 5635 889 5700 faceret.

248 5697 274 5733 δ
292 5700 491 5761 Aliquot
512 5705 647 5763 me,
668 5697 866 5764 peccato
880 5706 1126 5764 punctum.

1615 272 1819 343 LIBER
1859 274 2158 335 TERTIUS

3413 310 3515 367 198

1935 393 2235 489 giversandi
2284 398 2464 465 locus;
2513 403 2751 473 Apostoli
2779 405 2938 463 verba
2970 410 3161 481 quibus
3205 415 3256 471 id
3304 422 3517 489 agebat.

1936 481 2259 582 interrogata
2303 491 2672 560 respondent:
2718 495 2843 551 Cum
2890 504 3102 557 mortale
3150 506 3265 569 hoc,
3317 481 3509 582 inquit,

1932 571 2154 630 induerit
2193 578 2637 649 immortalitatem,
2677 595 2795 641 tunc
2836 590 2920 657 ﬁet
2955 608 3116 647 sermo
3162 598 3250 666 qui
3289 571 3509 674 scriptu;

1932 673 2024 764 est,
2055 667 2305 739 Absorpta
2350 680 2420 727 est
2465 691 2599 730 mors
2640 678 2692 731 in
2736 680 3011 735 victorimn.
3061 683 3160 739 Ubi
3205 700 3306 753 est,
3355 667 3510 764 mors,

1931 753 2142 811 victoria
2173 761 2300 815 tua?
2338 762 2423 816 ubi
2450 775 2543 830 est,
2576 784 2731 834 mors,
2755 772 2960 826 aculeus
2985 778 3138 831 tuus?
3177 779 3395 838 Aculeus
3418 753 3511 839 au:-

1929 853 2026 899 tem
2066 851 2240 905 mortis
2278 862 2353 907 est
2391 867 2680 925 peccatum;
2718 862 2873 915 virtus
2901 880 3015 917 vero
3061 872 3267 935 peccati,
3301 873 3400 928 lca.
3432 876 3511 933 De

1927 943 2317 997 resurrectione
2344 948 2585 1014 corporis
2610 951 2817 1019 agebat,
2838 968 2941 1023 qua
2970 957 3340 1017 absorbebitnr
3360 982 3506 1023 mors

1928 1025 1983 1081 in
2028 1029 2328 1099 victoriam,
2356 1048 2479 1089 cum
2508 1041 2734 1095 mortale
2762 1040 2864 1097 hoe
2890 1045 3117 1101 lnducrit
3145 1049 3511 1110 immortalita-

1928 1124 2055 1173 tem.
2088 1118 2237 1176 Tune
2275 1122 2377 1191 ipsi
2419 1127 2577 1181 morti
2611 1130 2967 1201 insultabitur,
2996 1152 3113 1204 qua:
3154 1139 3206 1193 in
3236 1141 3508 1201 victoriam

1924 1213 2349 1268 resurrectione‘
2394 1220 2638 1288 corporis
2671 1223 3061 1281 absorhehitur.
3093 1229 3241 1286 Tunc
3280 1233 3330 1288 ci
3358 1237 3506 1293 dice-

1926 1308 2028 1367 tur,
2065 1300 2165 1357 Ubi
2190 1314 2290 1372 est,
2318 1323 2477 1375 mors,
2500 1309 2707 1365 victoria
2735 1314 2863 1368 tua?
2888 1316 2972 1369 ubi
2999 1330 3090 1381 est,
3119 1337 3274 1389 mors,
3306 1328 3509 1379 aculeus

1923 1396 2078 1450 tuus?
2117 1397 2273 1454 Morti
2298 1417 2427 1472 ergo
2470 1404 2712 1474 corporis
2762 1404 2863 1461 hoc
2908 1408 3136 1465 dicetur.
3179 1414 3326 1470 lianc
3363 1419 3503 1474 cnim

1920 1484 2228 1543 absorbebit
2259 1490 2544 1548 victoriosa
2575 1495 2963 1563 inmortalitas,
3000 1517 3119 1557 cum
3152 1508 3374 1562 mortale
3404 1508 3508 1565 hoc

1921 1574 2370 1669 immortalitatem
2417 1585 2684 1642 inductur.
2731 1587 2915 1657 Morti,
2968 1593 3212 1663 inquam,
3260 1601 3505 1669 corporis

1920 1663 2264 1725 hocsdicctur
2308 1691 2322 1729 :
2373 1672 2470 1730 Ubi
2523 1686 2596 1731 est
2636 1678 2843 1733 uictoria
2887 1690 2996 1749 tua,
3039 1700 3140 1754 qua
3189 1663 3376 1744 omnes
3424 1689 3504 1746 sic

1917 1756 2125 1814 viceras
2137 1761 2180 1827 ’,
2211 1772 2269 1816 ut
2296 1765 2454 1820 etiam
2479 1767 2573 1822 Dei
2594 1767 2759 1825 Filius
2789 1780 2962 1827 tecum
2984 1777 3315 1846 confligeret,
3342 1788 3502 1853 teque

1918 1861 2023 1900 non
2069 1850 2301 1917 vitando,
2335 1855 2429 1909 sed
2482 1860 2822 1929 suscipiendo
2867 1866 3186 1932 superaret?
3217 1850 3500 1933 Vicisti‘sn

1916 1939 2288 2010 morientibus,
2319 1946 2457 2001 victa
2497 1963 2556 2003 cs
2597 1950 2646 2004 in
2689 1938 3107 2023 resurgentib‘us.
3140 1958 3368 2015 Victoria
3410 1973 3499 2020 tua

1915 2044 2019 2099 qua
2040 2032 2394 2091 absorbueras
2409 2052 2633 2104 corpora
2663 2043 3023 2112 morientium,
3046 2051 3350 2117 temporalis
3370 2052 3497 2109 luit:

1915 2120 2134 2176 victoria
2179 2134 2393 2192 nostra,
2439 2144 2540 2196 qua
2572 2130 2628 2184 in
2668 2133 2982 2201 corporibus
3021 2135 3271 2206 absorpta
3311 2156 3370 2195 es
3408 2158 3493 2196 re-

1914 2214 2265 2283 surgentium,
2298 2228 2496 2274 :eterna
2523 2222 2805 2277 constabit.
2860 2223 2958 2280 Ubi
3001 2236 3072 2280 est
3109 2230 3315 2286 aculeus
3340 2234 3499 2288 tuus?
3540 2210 3558 2227 ’

1913 2300 2017 2357 hoc
2040 2314 2143 2371 est,
2170 2320 2467 2376 peccatum,
2500 2323 2606 2380 quo
2644 2313 2822 2381 puncti
2851 2323 2906 2369 et
2934 2319 3176 2372 venenati
3204 2335 3409 2389 sumus,
3441 2334 3500 2378 ut

1912 2402 1966 2449 te
2009 2397 2169 2451 etiam
2213 2399 2264 2452 in
2311 2402 2505 2456 nostris
2546 2406 2861 2474 corporibus
2906 2407 3151 2478 ﬁgeres',
3193 2420 3248 2466 et
3287 2427 3348 2468 ea
3390 2424 3497 2470 tam

1911 2483 2070 2557 longo
2100 2495 2340 2558 tempore
2384 2493 2727 2561 possideres?
2766 2495 2984 2551 Aculcus
3025 2509 3195 2554 autent
3222 2504 3397 2558 mortis
3422 2515 3498 2560 est

1910 2586 2206 2644 peccatum;
2245 2580 2401 2634 virtus
2429 2598 2546 2637 vero
2574 2586 2786 2654 peccati,
2812 2585 2914 2643 lex.
2942 2587 3290 2646 Peccavimus
3311 2594 3364 2648 in
3392 2612 3500 2650 uno

1908 2679 2130 2734 omnes;
2178 2680 2234 2722 ut
2278 2686 2614 2727 morercmur
2659 2676 2712 2728 in
2759 2692 2865 2729 uno
2914 2692 3149 2735 oniues:
3191 2684 3497 2752 accepimus

1908 2754 2099 2827 legem,
2131 2774 2235 2814 non
2267 2772 2326 2814 ut
2353 2763 2727 2820 emendatione
2755 2765 3033 2823 ﬁniremus
3076 2783 3372 2841 peccatum,
3400 2778 3495 2831 sed

1905 2858 1963 2902 ut
1995 2854 2416 2922 transgressione
2442 2870 2784 2927 augeremus.
2814 2857 2926 2915 Lex
2946 2863 3088 2916 enim
3123 2863 3419 2921 subintravit
3439 2878 3495 2923 ut

1906 2941 2187 2998 abundaret
2210 2958 2494 3015 peccatum,
2519 2960 2573 3004 et
2606 2951 2856 3006 conclusit
2900 2954 3171 3024 Scriptura
3196 2959 3369 3013 omnia
3401 2962 3495 3016 sub

1907 3046 2130 3120 peccato.
2157 3038 2259 3093 Sed
2292 3038 2398 3094 Deo
2424 3041 2636 3117 gratias,
2662 3044 2750 3113 qui
2774 3044 2913 3099 dedit
2941 3046 3086 3101 nobis
3109 3049 3366 3105 victoriam
3403 3069 3493 3123 per

1905 3125 2182 3182 Dominum
2229 3141 2456 3186 nostrum
2497 3131 2675 3188 Jesum
2703 3134 2961 3191 Christum
3004 3135 3057 3210 (Ι
3087 3137 3203 3194 Cor.
3247 3158 3331 3207 xv,
3373 3143 3492 3215 57),

1905 3228 1964 3274 ιιι
1983 3222 2066 3274 ubi
2085 3223 2359 3277 abundauit
2385 3236 2667 3296 peccatum,
2685 3230 3117 3298 superabundant
3136 3235 3297 3303 gratia
3314 3234 3490 3305 (Rom.

1905 3324 1959 3375 ν,
1991 3309 2082 3382 ‘20)
2109 3322 2269 3383 atque
2298 3322 2352 3366 ut
2390 3317 2657 3386 promissio
2686 3334 2751 3372 ea:
2792 3319 2895 3388 ﬁde
2916 3319 3042 3376 Iesu
3071 3321 3259 3378 Christi
3287 3326 3494 3382 daretur

1904 3402 2215 3460 credentibus
2233 3405 2427 3477 (Colat.
2460 3424 2534 3475 ut,
2564 3408 2678 3481 22),
2709 3418 2766 3466 et
2791 3412 3122 3468 vinceremus
3144 3425 3369 3471 mortem
3398 3434 3493 3488 per

1904 3492 2258 3551 immortalem
2288 3500 2756 3566 resurrecﬁonem,
2789 3510 2843 3556 et
2868 3503 3112 3560 aculeum
3151 3505 3268 3576 ejus
3297 3523 3485 3578 pecca-

1903 3595 2015 3642 tum
2049 3603 2145 3657 per
2169 3589 2451 3659 gratuitam
2469 3592 2926 3659 justiﬁcationem.

1973 3679 2198 3737 CAPUT
2215 3682 2496 3738 Xll.—2-l.
2518 3682 2836 3755 Prceceptum
2866 3685 2930 3740 de
2953 3696 3259 3742 menstruata
3277 3690 3489 3745 muliere

1901 3788 2003 3827 non
2045 3774 2369 3845 attingenda,
2402 3791 2504 3829 non
2529 3785 2604 3830 est
2638 3776 2855 3848 ﬁgurate
2882 3778 3252 3847 accipiendum.
3299 3781 3491 3836 Sacra-

1900 3872 2183 3918 mentorum
2218 3868 2504 3920 necessitas.
2533 3864 2702 3922 Nemo
2730 3868 2905 3937 itaque
2928 3868 2994 3923 de
3020 3868 3120 3926 hac
3146 3871 3432 3926 refellatur
3449 3882 3508 3928 et

1900 3951 2066 4007 fallat.
2083 3951 2283 4009 Omnes
2300 3953 2487 4010 adimit
2504 3966 2664 4026 atque
2680 3955 2850 4011 aufert
2870 3957 2969 4013 iste
2989 3968 3185 4013 sancta:
3201 3959 3487 4029 Scriptura:

1900 4058 2092 4100 sensus
2110 4043 2422 4100 manifestus
2432 4045 2700 4116 ambages.
2714 4046 3170 4113 Quemadmodum
3191 4048 3258 4102 ab
3278 4049 3485 4120 origine

1901 4134 2127 4190 trahitur
2153 4150 2301 4191 mors
2328 4135 2381 4190 in
2408 4150 2633 4204 corpore
2660 4138 2845 4190 mortis
2872 4138 3048 4204 hujus,
3070 4138 3148 4193 sic
3181 4139 3247 4193 ab
3279 4141 3486 4210 origine

1899 4233 2126 4281 tractum
2165 4234 2250 4281 cst
2295 4234 2571 4296 peccatum
2616 4226 2669 4281 in
2714 4226 2813 4283 hac
2856 4242 3017 4283 carne
3064 4230 3308 4299 peccati;
3362 4247 3488 4300 pro-

1897 4325 2018 4388 pter
2043 4316 2185 4387 quod
2213 4316 2508 4373 sanandum
2531 4358 2547 4382 ,
2575 4325 2631 4372 et
2658 4319 2945 4390 propagine
2974 4328 3281 4388 attractum,
3309 4334 3363 4378 et
3392 4339 3488 4377 vo-

1899 4407 2103 4463 luntate
2142 4416 2377 4473 auctum,
2405 4416 2564 4479 atque
2602 4408 2669 4464 ad
2710 4410 2877 4478 ipsam
2907 4426 3120 4467 carnem
3164 4417 3486 4471 resuscitan-

1898 4498 2042 4566 dam,
2067 4500 2305 4555 medicus
2323 4500 2467 4556 venit
2489 4501 2543 4556 in
2564 4500 2911 4557 similitudine
2933 4503 3111 4560 curuis
3137 4508 3338 4573 peccati
3359 4524 3374 4571 ;
3394 4509 3484 4578 qui

1896 4606 2006 4650 non
2046 4600 2129 4648 est
2164 4607 2300 4664 opus
2324 4594 2503 4661 sanis,
2532 4593 2627 4650 sed
2653 4598 3063 4662 mgrotautibus;
3092 4614 3191 4652 nec
3217 4602 3359 4653 venit
3388 4616 3485 4651 vn-

1895 4700 2023 4741 care
2042 4684 2217 4756 justas
2236 4726 2254 4751 ,
2282 4685 2377 4742 sed
2403 4696 2712 4757 peccatores
2743 4687 2761 4757 (
2786 4686 2952 4741 Marc.
2984 4705 3040 4751 ιι,
3077 4690 3141 4743 l7
3167 4689 3207 4757 ).
3252 4689 3487 4745 Proinde

1894 4777 2037 4850 quod
2084 4779 2160 4833 ait
2199 4778 2524 4849 Apostolus,
2552 4792 2673 4833 cum
2721 4777 2904 4834 ﬁdeles
2946 4791 3189 4840 mouere;
3225 4787 3284 4834 ut
3315 4795 3372 4834 se.
3415 4779 3484 4835 ah

1895 4868 2199 4925 inﬁdelibus
2224 4868 2539 4939 conjugibus
2566 4884 2670 4923 non
2702 4868 3087 4940 disjungerent,
3119 4869 3483 4939 Sarutiﬁcatns

1895 4970 1969 5015 est
1994 4961 2128 5015 enim
2146 4960 2223 5014 vir
2240 4958 2462 5029 inﬁdelis
2482 4960 2534 5013 in
2559 4976 2733 5023 uxore,
2764 4969 2809 5012 et
2847 4960 3162 5027 sancti/tenta
3201 4971 3269 5014 cst
3304 4961 3484 5013 mulier

1893 5051 2117 5123 inﬁdelis
2141 5053 2194 5108 in
2221 5056 2416 5124 fratre:
2452 5052 2678 5122 alioquin
2705 5053 2801 5121 [Idi
2828 5061 2974 5105 vestr:
3012 5053 3259 5106 immundi
3287 5063 3482 5117 essent;

1894 5163 2030 5201 nunc
2053 5154 2221 5201 autem
2240 5145 2402 5201 sancti
2423 5154 2539 5199 sunt
2563 5144 2601 5213 (Ι
2629 5143 2747 5198 Cor.
2775 5159 2868 5207 vn,
2901 5144 2992 5214 Η)
3026 5159 3043 5197 :
3067 5155 3155 5196 aut
3184 5145 3260 5199 sic
3288 5156 3365 5198 cst
3394 5162 3482 5197 ac-

1894 5235 2220 5308 cipiendum,
2249 5234 2694 5308 quemadmodum
2740 5241 2793 5288 et
2836 5249 2935 5287 nos
2962 5232 3091 5286 alibi
3115 5232 3215 5301 (De
3237 5234 3482 5289 Sermone

1893 5329 2103 5387 Domini
2127 5331 2178 5384 in
2206 5338 2391 5395 monte,
2420 5324 2506 5382 lib.
2533 5327 2584 5394 l,
2614 5343 2666 5379 ιι.
2699 5326 2814 5393 45),
2841 5336 2894 5380 et
2920 5326 3165 5396 Pelagius
3186 5343 3304 5381 cum
3332 5344 3476 5381 eam-

1957 5464 1974 5495 ¹
1998 5462 2073 5513 sio
2107 5467 2215 5511 Mss.
2239 5458 2357 5509 ιζᾶίιί
2383 5470 2519 5515 vero,
2542 5454 2920 5507 resurrectionis.

1954 5525 1976 5555 ³
1999 5524 2135 5587 Editi,
2164 5520 2323 5587 Morti,
2358 5519 2573 5587 inquam,
2612 5518 2829 5587 corporis
2864 5524 2978 5587 tunc
3003 5517 3191 5587 dicetur
3227 5531 3245 5568 :
3277 5516 3365 5569 tbi
3384 5525 3472 5576 est,

1891 5578 2252 5653 morsttjic'toria
2267 5578 2368 5653 tua,
2391 5578 2483 5653 qua
2498 5580 2577 5653 hic
2598 5578 2757 5651 onuics
2780 5578 3095 5653 derivet-as?

1955 5649 1977 5681 ³
1997 5641 2135 5708 Editi,
2164 5651 2213 5695 ιιι
2230 5641 2375 5696 etiam
2396 5641 2447 5694 in
2475 5642 2647 5695 nostris
2670 5642 2947 5708 corporibus
2970 5641 3113 5705 ﬁeres
3164 5641 3472 5704 Cet-rigantur

1893 5707 2108 5762 subsidio
2130 5716 2353 5759 veterum
2383 5715 2485 5757 διεδ.
