3994 6178
474 256 479 263 ·
493 240 601 295 203

497 351 596 405 bus
630 349 742 405 suis
768 349 892 420 quid
919 350 1139 415 evitare,
1181 359 1235 405 et
1275 350 1399 421 quid
1426 360 1678 421 appetere
1715 351 1939 418 debeat;
1969 369 2074 423 quo

497 457 593 512 per
621 441 847 497 liberum
874 441 1153 496 arbitrium
1182 442 1497 499 naturaliter
1524 444 1766 511 insitum,
1796 446 1934 499 viam
1979 445 2074 500 de-

497 540 843 585 monstratam
871 528 1206 599 ingrediens,
1244 532 1584 588 continenter
1615 541 1670 588 et
1712 532 1857 602 juste
1892 542 1947 588 et
1985 535 2074 604 pie

496 621 726 677 vivendo
759 621 825 675 ad
864 621 1072 676 beatam
1101 621 1448 693 eamdemque
1475 632 1728 679 aeternam
1757 624 1918 680 vitam
1948 639 2072 695 per-

495 714 675 768 venire
703 721 989 767 mtreatur.

548 804 789 860 CAPUT
825 803 912 859 111.
946 834 1020 845 -
1055 806 1108 862 5.
1152 804 1331 861 Gratia
1354 822 1471 863 vero
1498 808 1687 864 donum
1715 809 1941 881 Spiritus
1961 826 2073 866 san-

492 895 577 959 cti,
605 910 704 965 quo
734 895 792 964 ﬁt
821 896 873 948 in
901 895 1069 949 animo
1097 894 1363 952 delectatio
1388 906 1433 953 et
1458 898 1658 954 dilectio
1680 898 1816 954 boni.
1842 900 1948 955 Nos
1977 915 2072 956 au-

496 992 598 1040 tem
625 986 853 1042 dicimus
878 986 1167 1043 humanam
1194 989 1519 1045 voluntatem
1547 992 1625 1047 sic
1649 991 1901 1047 divinitus
1922 992 2071 1061 adju-

489 1079 601 1134 vari
626 1077 691 1132 ad
726 1077 1021 1133 faciendam
1060 1078 1318 1150 justitiam
1342 1121 1359 1148 ,
1391 1091 1447 1136 ut
1471 1091 1665 1151 prmter
1689 1084 1832 1153 quod
1860 1097 2070 1141 creatus

496 1176 574 1225 est
598 1168 760 1224 homo
794 1183 913 1225 cum
943 1170 1112 1226 libero
1156 1172 1380 1228 arbitrio
1412 1173 1701 1231 voluntatis
1721 1216 1736 1242 ,
1768 1185 2069 1246 praeterque

493 1258 787 1313 doctrinam
825 1275 926 1330 qua
965 1260 1014 1315 ei
1057 1262 1357 1332 praecipitur
1392 1264 1838 1335 quemadmodum
1892 1266 2070 1322 vivere

494 1349 702 1415 debeat,
730 1351 951 1420 accipiat
978 1351 1233 1421 Spiritum
1262 1362 1523 1419 sanctum,
1554 1367 1659 1426 quo
1687 1356 1778 1411 [lat
1801 1357 1853 1411 in
1889 1356 2068 1412 animo

492 1439 608 1509 ejus
629 1440 912 1496 delectatio
939 1442 1260 1514 dilectioque
1289 1445 1483 1500 summi
1508 1446 1648 1501 illius
1672 1455 1833 1518 atque
1866 1448 2067 1504 incom-

491 1530 762 1585 mutabilis
791 1531 915 1587 boni
937 1533 1077 1603 quod
1105 1534 1244 1589 Deus
1264 1543 1365 1601 est,
1392 1537 1554 1592 etiam
1580 1553 1721 1594 nunc
1742 1553 1863 1592 cum
1893 1539 2069 1596 adhuc

492 1636 589 1690 per
611 1620 771 1676 iidem
798 1623 1119 1689 ambulatur,
1144 1626 1379 1680 nondum
1412 1642 1507 1697 per
1525 1628 1757 1697 speciem
1780 1628 1848 1700 (ll
1870 1627 1987 1685 Cor.
2012 1646 2065 1696 v,

493 1712 593 1781 7):
628 1721 685 1767 ut
727 1712 827 1767 hac
872 1713 971 1769 sibi
1016 1715 1163 1771 velut
1206 1717 1364 1771 arrha
1408 1718 1531 1773 data
1572 1720 1784 1789 gratuiti
1831 1722 2066 1778 muneris

488 1805 791 1859 inardescat
819 1805 1079 1861 inhaerere
1103 1807 1368 1877 Creatori,
1400 1817 1564 1880 atque
1593 1811 1951 1868 inflammatur
1979 1829 2068 1870 ac-

488 1894 681 1950 cedere
708 1895 775 1950 ad
806 1896 1262 1967 participationem
1312 1899 1452 1955 illius
1478 1901 1587 1956 veri
1621 1901 1867 1968 luminis;
1910 1911 1967 1957 ut
2000 1920 2063 1959 ex

490 1985 580 2040 illo
606 1985 653 2040 ei
686 1985 822 2041 bene
849 1986 956 2051 sit,
991 2002 1021 2041 a
1049 2001 1156 2057 quo
1186 1986 1351 2044 habet
1376 1998 1433 2043 ut
1453 1990 1538 2045 sit.
1568 1990 1698 2045 Nam
1738 2008 1908 2063 neque
1936 1993 2067 2050 libe-

488 2093 606 2132 rum
632 2077 907 2132 arbitrium
938 2078 1223 2150 quidquam
1251 2080 1352 2136 nisi
1382 2081 1448 2135 ad
1479 2082 1805 2152 peceandum
1833 2085 1993 2150 valet,
2019 2085 2065 2142 si

487 2168 651 2222 lateat
686 2167 925 2223 veritatis
961 2167 1043 2223 via
1071 2186 1083 2222 :
1114 2178 1169 2225 et
1196 2186 1315 2225 cum
1343 2171 1396 2226 id
1423 2173 1564 2243 quod
1591 2174 1854 2244 agendum
1879 2185 1931 2231 et
1956 2193 2067 2247 quo

489 2258 766 2314 nitendum
796 2268 878 2314 est
903 2260 1128 2330 cmperit
1155 2275 1261 2315 non
1288 2261 1488 2328 latere,
1520 2264 1623 2317 nisi
1648 2268 1807 2319 etiam
1842 2266 2069 2321 delectet

490 2357 547 2404 et
569 2359 798 2415 ametur,
829 2364 934 2405 non
962 2352 1155 2421 agitur,
1184 2367 1290 2408 non
1312 2354 1616 2423 suscipitur,
1651 2372 1756 2411 non
1784 2358 1920 2414 bene
1943 2359 2067 2413 vivi-

488 2448 595 2494 tur.
636 2439 705 2496 Ut
729 2447 905 2495 autem
944 2440 1232 2512 diligatur,
1274 2442 1507 2499 charitas
1551 2445 1642 2501 Dei
1674 2445 1985 2503 diﬂ‘uuditur
2015 2452 2064 2503 in

480 2529 741 2587 cordibus
780 2532 1013 2600 nostris,
1060 2547 1166 2586 non
1199 2549 1293 2603 per
1336 2534 1612 2591 arbitrium
1654 2536 1881 2593 liberum
1924 2540 2067 2610 quod

488 2621 658 2692 surgit
686 2636 749 2677 es
779 2623 952 2690 nobis,
984 2621 1077 2678 sed
1104 2638 1200 2692 per
1219 2623 1474 2697 Spiritum
1502 2636 1746 2685 sanctum
1776 2629 1870 2701 qui
1912 2629 2066 2689 datus

478 2722 565 2769 est
593 2713 748 2772 nobis
778 2715 952 2787 (Rom.
979 2732 1033 2780 v,
1065 2716 1145 2789 5).

556 2806 783 2863 CAPUT
826 2806 1069 2865 lV.—6.
1094 2808 1341 2867 Doctrina
1368 2814 1489 2886 legis
1527 2816 1634 2872 sine
1659 2817 1938 2888 viviﬁcante
1971 2819 2071 2893 api-

482 2899 606 2962 ritu,
655 2898 823 2952 littera
865 2908 937 2954 est
979 2901 1226 2958 occidens.
1277 2903 1525 2960 Doctrina
1568 2909 1763 2979 quippe
1808 2909 1918 2976 illa,
1962 2926 2067 2981 qua

487 2988 795 3044 mandatum
841 2990 1139 3065 accipimus,
1170 2994 1502 3051 continenter
1544 3006 1795 3069 recteque
1831 3000 2064 3069 vivendi,

487 3076 664 3134 littera
690 3085 772 3134 est
795 3078 1064 3146 occidens,
1097 3080 1197 3136 nisi
1227 3081 1365 3138 adsit
1390 3084 1659 3142 viviticans
1689 3088 1929 3158 spiritus.
1955 3089 2064 3147 Nc-

485 3185 592 3240 que
620 3170 760 3226 enim
790 3170 907 3227 solo
937 3171 1028 3227 illo
1058 3173 1216 3229 modo
1243 3173 1644 3247 intelligendum
1686 3188 1770 3236 est
1811 3183 1953 3252 quod
1984 3183 2063 3240 le-

486 3261 680 3331 gimus,
706 3261 897 3317 Littera
920 3264 1135 3332 occidit,
1167 3265 1373 3337 spiritus
1399 3276 1562 3323 autem
1593 3271 1810 3341 uiviﬁcat
1839 3273 1917 3344 ('ll
1943 3274 2061 3332 Cor.

487 3368 561 3418 ιιι,
590 3352 683 3425 6);
710 3361 767 3408 ut
791 3352 988 3423 aliquid
1010 3353 1233 3424 ﬁgurate
1254 3356 1529 3426 scriptum,
1556 3361 1706 3430 cujus
1732 3372 1812 3417 est
1835 3362 2062 3421 absurda

485 3445 804 3515 proprietas,
836 3461 941 3500 non
989 3447 1311 3517 accipiamus
1352 3450 1489 3505 sicut
1525 3451 1699 3508 littera
1745 3465 1920 3521 sonat,
1969 3458 2063 3513 sed

484 3534 628 3589 aliud
655 3534 795 3605 quod
826 3535 1086 3605 signiﬁcat
1111 3537 1376 3594 intuentes
1399 3580 1416 3605 ,
1442 3540 1749 3597 interiorem
1792 3543 2062 3602 hominem

483 3625 743 3697 spirituali
775 3625 1119 3698 intelligentia
1147 3630 1440 3686 nutriamus
1467 3650 1481 3687 :
1511 3634 1761 3703 quoniam
1791 3652 1968 3707 sapere
1988 3655 2063 3693 se-

482 3721 701 3775 cundum
729 3738 929 3776 carnem
953 3739 1087 3777 mors
1113 3732 1183 3777 est
1202 3766 1215 3791 ,
1253 3741 1429 3796 sapere
1454 3736 1620 3781 autem
1643 3731 1917 3784 secundum
1953 3733 2061 3803 spi-

481 3812 637 3865 ritum
672 3812 772 3865 uita
810 3821 856 3864 et
894 3828 996 3882 pax
1023 3812 1197 3883 (Rom.
1246 3829 1371 3879 vin,
1403 3816 1477 3887 6).
1511 3816 1667 3872 Velut
1698 3820 1743 3873 si
1786 3820 2060 3893 quisquam

481 3903 648 3960 multa
676 3919 794 3975 quae
823 3904 1017 3976 scripta
1046 3917 1169 3961 sunt
1198 3906 1248 3962 in
1276 3905 1494 3964 Cantico
1522 3910 1847 3968 canticorum
1872 3928 2061 3970 carna-

481 3996 604 4050 liter
640 3995 883 4067 accipiat,
913 4012 1020 4050 non
1066 3996 1132 4051 ad
1175 3997 1451 4055 luminosa:
1492 3999 1767 4060 charitatis
1811 4003 2057 4075 fructum,

481 4085 575 4141 sed
599 4082 666 4141 ad
696 4085 991 4142 libidinosa:
1019 4087 1320 4159 cupiditatis
1346 4090 1616 4149 allectum.
1642 4093 1761 4150 Non
1790 4111 1918 4168 ergo
1946 4099 2062 4155 solo

478 4178 573 4233 illo
598 4176 757 4232 modo
786 4177 1188 4250 intelligendum
1219 4190 1300 4238 est
1326 4183 1468 4253 quod
1497 4184 1572 4240 ait
1599 4186 1888 4257 Apostolus
1910 4230 1925 4256 ,
1952 4189 2062 4246 Lit-

479 4279 586 4320 tera
629 4268 811 4322 occidit
837 4308 852 4334 ,
882 4269 1090 4338 spiritus
1134 4281 1300 4326 autem
1346 4273 1564 4344 uivi/icat
1591 4292 1611 4331 :
1636 4278 1730 4333 sed
1757 4280 1917 4336 etiam
1947 4282 2057 4347 illo,

478 4369 651 4426 eoque
677 4356 763 4411 vel
790 4358 1018 4412 maxime
1041 4399 1057 4426 ,
1089 4375 1194 4429 quo
1216 4361 1231 4392 ¹
1260 4363 1599 4432 apertissime
1623 4367 1729 4422 alio
1760 4368 1879 4425 loco
1908 4370 2058 4439 dicit,

482 4444 950 4516 Concupiscentiam
978 4448 1287 4516 nesciebant,
1331 4452 1430 4507 nisi
1454 4452 1537 4508 lea:
1560 4456 1764 4525 diceret,
1797 4458 1921 4515 Non
1945 4478 2063 4517 can-

480 4533 727 4603 cupisces.
770 4534 837 4589 Et
876 4536 1031 4605 paulo
1075 4547 1195 4607 post
1221 4540 1296 4594 ait
1326 4558 1340 4596 :
1373 4541 1650 4600 Occasione
1693 4560 1899 4620 accepta
1946 4570 2063 4624 pec-

478 4632 650 4678 catum
676 4641 766 4695 per
789 4625 1082 4697 mandatum
1110 4628 1291 4700 fefellit
1310 4648 1407 4698 me,
1430 4642 1480 4687 et
1497 4652 1588 4707 per
1605 4637 1739 4691 illud
1755 4642 1934 4696 occidit
1951 4642 2056 4713 (Id.

480 4731 575 4781 vn,
610 4715 664 4781 7,
697 4716 809 4787 H).
846 4718 985 4773 Ecce
1013 4719 1137 4789 quid
1166 4729 1281 4790 est,
1315 4722 1506 4780 Littera
1534 4728 1737 4784 occidit.
1781 4732 1848 4788 Et
1884 4735 2061 4805 utique

479 4822 585 4862 non
619 4806 842 4879 ﬁgurate
864 4808 1065 4878 aliquid
1092 4810 1284 4867 dicitur
1303 4814 1346 4882 ³,
1381 4816 1521 4885 quod
1562 4819 1930 4890 accipiendum
1957 4839 2061 4880 non

478 4899 548 4954 sit
578 4899 868 4955 secundum
899 4899 1091 4956 littera:
1111 4909 1323 4970 senum,
1347 4920 1468 4960 cum
1499 4906 1709 4977 dicitur,
1739 4910 1861 4968 Non
1881 4931 2064 4970 concu-

481 4990 642 5061 pisces
683 5006 702 5045 :
746 4989 843 5046 sed
870 4991 1267 5061 apertissimum
1310 4996 1822 5074 saluberrimumque
1864 5022 2064 5075 praece-

483 5089 628 5149 ptum
656 5090 767 5149 est,
797 5081 943 5152 quod
984 5080 1031 5137 si
1075 5083 1195 5154 quis
1236 5085 1556 5157 impleverit,
1602 5091 1805 5147 nullum
1851 5094 2060 5152 habebit

481 5171 700 5226 omnino
726 5184 1023 5250 peccatum.
1052 5173 1184 5231 Nam
1206 5176 1310 5234 hoc
1335 5177 1456 5235 ideo
1479 5180 1640 5252 elegit
1666 5183 1953 5254 Apostolus
1966 5203 2061 5258 ge-

482 5264 663 5319 nerale
691 5264 1095 5350 quiddam,_quo
1122 5276 1311 5325 cuncta
1336 5272 1649 5341 complexus
1675 5286 1777 5341 est,
1811 5286 2061 5350 tanquam

481 5353 598 5409 haec
640 5364 784 5411 esset
830 5370 933 5412 vox
965 5341 1113 5430 legis
1157 5359 1226 5416 ab
1253 5362 1398 5417 omni
1445 5374 1665 5434 peccato
1710 5341 2057 5440 prohibentis,

544 5490 564 5561 ξ
590 5485 728 5561 [alii],
753 5487 899 5561 quod.
917 5490 1088 5542 melius
1110 5500 1235 5556 3133.,
1254 5508 1367 5561 quo.

480 5548 809 5663 m;callicani
847 5563 1018 5603 omnes
1054 5548 1365 5621 mantusiaiipti
1412 5561 1664 5623 omittunt,
1711 5560 1895 5629 aliquid
1930 5564 1983 5619 di
1997 5566 2064 5617 ci-

1415 237 1501 291 DE
1543 236 1808 293 SPlRlTU
1849 237 1935 293 ET
1966 236 2283 297 LITTERA.
2326 239 2381 293 S.
2424 239 2796 297 AUGUSTINI

3660 258 3769 312 εξοθ

2181 351 2321 420 quod
2347 353 2419 406 ait
2441 394 2455 420 ,
2487 352 2606 407 Non
2635 358 2949 426 concupisces
2969 377 2987 424 ;
3013 375 3184 433 neque
3210 366 3353 422 enim
3380 364 3540 425 ullum
3567 386 3770 441 pecca—

2185 448 2293 494 tum
2315 442 2418 496 nisi
2438 445 2863 513 concupiscendo
2878 452 3226 508 committitur
3246 475 3261 508 :
3284 458 3504 524 proinde
3517 477 3634 531 quas
3658 463 3768 520 hoc

2185 528 2423 599 prmeipit
2443 573 2458 599 ,
2486 532 2622 587 bona
2649 544 2703 590 et
2729 536 3007 595 laudabilis
3036 541 3118 597 lex
3149 554 3252 601 est.
3280 546 3384 601 Sed
3416 549 3503 605 ubi
3536 528 3768 612 sanctus

2179 632 2286 673 non
2326 619 2540 689 adjuvat
2582 623 2831 693 Spiritus,
2884 629 3149 701 inspirans
3190 650 3288 703 pro
3330 641 3766 710 concupiscentia

2176 709 2318 764 mala
2358 715 2835 783 concupiscentiam
2884 720 3109 790 bonam,
3153 725 3255 782 hoc
3297 739 3399 796 est,
3445 709 3763 794 charitatem

2178 797 2481 857 ditl'undens
2533 804 2585 857 in
2632 807 2884 866 cordibus
2932 815 3166 882 nostris;
3225 820 3463 888 proiecto
3505 826 3596 882 illa
3651 830 3761 897 lex,

2178 892 2420 961 quamvis
2448 895 2606 963 bona,
2630 909 2784 969 auget
2808 903 3142 969 prohibendo
3171 908 3493 972 desiderium
3520 892 3761 980 malumi

2177 982 2313 1037 sicut
2333 999 2484 1055 aqua:
2514 986 2771 1060 impetus,
2799 993 2844 1047 si
2874 994 2928 1049 in
2956 1010 3072 1052 eam
3102 1009 3306 1069 partem
3337 1019 3443 1061 non
3471 1021 3645 1067 cesset
3673 1013 3762 1068 iu-

2177 1072 2363 1139 ﬂuere,
2391 1077 2760 1163 vehementior
2783 1083 2844 1139 ﬁt
2870 1086 3021 1169 obice
3061 1096 3340 1164 opposito,
3369 1099 3519 1169 cujus
3559 1107 3762 1163 molem

2174 1174 2296 1217 cum
2318 1154 2555 1234 evicerit,
2590 1171 2790 1242 majore
2814 1168 3030 1233 cuinulo
3077 1154 3452 1254 praecipitatus.
3472 1192 3763 1251 violentius

2177 1268 2272 1322 per
2304 1271 2467 1325 prona
2503 1262 2850 1329 provolvitur.
2881 1266 3075 1325 Nescio
3101 1287 3205 1341 quo
3238 1277 3380 1331 enim
3425 1282 3604 1348 modo,
3653 1284 3762 1341 hoc

2182 1342 2353 1412 ipsum
2381 1348 2522 1417 quod
2547 1355 2957 1433 concupiscitur,
2985 1360 3044 1414 ﬁt
3063 1362 3348 1431 jucundius
3373 1368 3499 1426 dum
3525 1342 3756 1433 velatur.

2173 1433 2243 1488 Et
2266 1433 2366 1490 hoc
2390 1449 2472 1492 est
2498 1440 2638 1509 quod
2662 1442 2794 1499 fallit
2822 1459 3091 1515 peccatum
3116 1469 3210 1522 per
3234 1458 3560 1530 mandatum,
3583 1474 3636 1519 et
3659 1481 3760 1535 per

2172 1522 2301 1579 illud
2328 1527 2700 1596 occidit,cum
2743 1536 2954 1593 accedit
2982 1541 3141 1596 etiam
3189 1522 3588 1620 praivaricatio,
3631 1522 3758 1627 qua:

2171 1613 2313 1669 nulla
2344 1626 2425 1672 est
2446 1619 2534 1674 ubi
2563 1621 2645 1678 lex
2662 1639 2769 1679 non
2798 1638 2880 1682 est
2912 1629 3084 1701 (Rom.
3114 1613 3327 1706 mis).

2239 1704 2660 1808 cauum—7.
2687 1713 2821 1783 Quid
2836 1720 2917 1775 hic
2930 1727 3261 1782 tractandum.
3278 1704 3385 1788 Sed
3400 1743 3562 1792 totum
3578 1737 3757 1808 ipsum

2173 1798 2478 1865 aposwlica:
2498 1803 2734 1872 epistolae
2750 1807 2944 1880 locum,
2975 1814 3019 1869 si
3046 1816 3236 1886 placet,
3254 1798 3674 1897 consideremus,
3697 1840 3757 1886 et

2172 1887 2309 1943 sicut
2332 1890 2584 1950 Dominus
2612 1896 2874 1968 adjuverit
2899 1913 3304 1972 pertractemus.
3338 1913 3469 1970 Volo
3498 1919 3638 1973 enim
3657 1960 3672 1983 ,
3703 1923 3756 1976 si

2171 1990 2414 2053 potuero,
2446 1986 2813 2049 demonstrare
2842 1996 2970 2051 illud
2999 2001 3142 2069 quod
3167 2003 3243 2058 ait
3283 2006 3590 2078 Apostolus,
3637 2011 3756 2067 Lit-

2173 2085 2280 2129 tera
2305 2078 2486 2132 occidit
2505 2121 2519 2145 ,
2551 2083 2759 2153 spiritus
2787 2097 2954 2143 autem
2982 2091 3229 2161 uiviﬁcat,
3264 2090 3375 2153 non
3410 2099 3477 2155 de
3516 2100 3759 2173 ﬁguratis

2172 2164 2527 2224 locutionibus
2554 2171 2773 2241 dictum,
2799 2181 3038 2247 quamvis
3082 2192 3134 2238 et
3174 2185 3321 2243 illinc
3341 2190 3359 2221 ¹
3398 2164 3760 2263 congrbeuter

2173 2258 2491 2350 accipiatur;
2516 2263 2609 2317 sed
2636 2267 2812 2334 potius
2840 2268 2906 2324 de
2935 2271 3050 2343 lege
3075 2284 3261 2346 aperte
3283 2281 3424 2350 quod
3451 2258 3647 2340 malum
3668 2296 3761 2342 est

2174 2344 2505 2412 prohibente.
2528 2351 2678 2420 Quod
2696 2369 2816 2410 cum
2838 2344 3138 2432 ostendero,
3159 2344 3397 2436 profecto
3422 2375 3760 2434 manifestius

2170 2437 2465 2505 apparebit,
2491 2440 2627 2498 bene
2656 2446 2834 2504 vivere
2856 2448 3050 2507 donum
3072 2469 3191 2512 esse
3217 2458 3452 2535 divinum
3478 2482 3491 2519 :
3517 2480 3620 2520 non
3643 2475 3761 2523 tan~

2174 2534 2284 2580 tum
2314 2530 2436 2599 quia
2465 2532 2665 2589 homini
2692 2537 2836 2594 Deus
2866 2541 3013 2599 dedit
3049 2546 3276 2604 liberum
3304 2530 3603 2624 arbitrium,
3632 2560 3760 2617 sine

2171 2630 2276 2686 quo
2304 2634 2403 2675 nec
2430 2623 2569 2679 male
2593 2642 2691 2682 nec
2714 2628 2849 2687 bene
2868 2634 3091 2704 vivitur;
3116 2655 3216 2696 nec
3243 2649 3443 2699 tantum
3472 2650 3590 2718 quia
3612 2666 3759 2720 prm-

2171 2716 2382 2779 ccptum
2427 2713 2611 2784 dedit,
2643 2734 2749 2788 quo
2792 2722 2981 2780 doceat
3007 2731 3453 2802 quemadmodum
3478 2713 3547 2793 sit
3571 2713 3759 2798 viven-

2171 2798 2297 2854 dum
2338 2819 2352 2855 :
2381 2804 2478 2859 sed
2505 2810 2627 2876 quia
2656 2825 2750 2879 per
2776 2798 3040 2883 Spiritum,
3061 2798 3300 2879 sanctum
3338 2826 3582 2887 ditl‘undit
3616 2834 3756 2889 cha-

2173 2889 2381 2947 ritatcm
2397 2894 2448 2948 in
2465 2897 2717 2957 cordibus
2743 2917 2928 2960 eorum
2950 2924 3082 2977 quos
3099 2917 3364 2981 prmscivit
3388 2929 3446 2975 ut
3472 2924 3756 2992 praedesti-

2171 2992 2341 3050 naret,
2368 2987 2766 3055 praedestinavit
2784 3002 2843 3050 ut
2867 3010 3099 3070 vocaret,
3117 3008 3326 3063 vocavit
3343 3019 3398 3064 ut
3413 2987 3752 3084 justiﬁcaret,

2165 3073 2472 3141 justiﬁcavit
2497 3090 2553 3135 ut
2575 3083 2894 3153 gloriticaret
2922 3090 3035 3160 (Id.
3073 3110 3187 3162 vin,
3229 3097 3320 3164 29,
3367 3073 3481 3175 ὅδ).
3510 3105 3622 3162 Hoc
3648 3073 3751 3164 au:

2176 3175 2279 3220 tem
2310 3182 2430 3223 cum
2458 3176 2784 3244 apparuerit,
2808 3179 3033 3251 videbis,
3053 3194 3110 3238 ut
3137 3188 3406 3257 existimo,
3426 3192 3614 3249 fruStra
3640 3197 3753 3253 diei

2170 3255 2265 3310 illa
2293 3265 2495 3315 tantum
2524 3276 2646 3319 esse
2684 3267 2955 3335 possibilia
3003 3274 3121 3331 sine
3163 3255 3427 3351 exemplo,
3484 3298 3604 3355 quae
3650 3287 3754 3344 Dei

2169 3366 2330 3422 opera
2359 3364 2517 3423 sunt;
2544 3359 2680 3414 sicut
2697 3361 2766 3417 de
2783 3365 2971 3420 cameli
2995 3371 3217 3425 transitu
3245 3388 3338 3442 per
3357 3374 3596 3433 foramen
3620 3395 3755 3436 acus

2168 3450 2724 3519 commemoravimus,
2759 3462 2813 3508 et
2838 3471 3186 3530 quzecumque
3212 3464 3311 3518 alia
3338 3478 3462 3521 sunt
3485 3471 3623 3539 apud
3648 3487 3754 3529 nos

2170 3534 2517 3603 impossibilia
2542 3579 2555 3604 ,
2588 3541 2725 3610 apud
2757 3544 2922 3599 Deum
2961 3557 3138 3605 autem
3166 3550 3337 3610 facilia
3372 3574 3385 3609 :
3415 3568 3468 3613 et
3493 3534 3611 3615 ideo
3638 3579 3751 3618 non

2170 3624 2453 3709 inter‘hzec
2484 3628 2767 3688 humanam
2790 3634 3143 3706 deputandum
3173 3658 3290 3701 esse
3310 3646 3584 3718 justitiam,
3605 3655 3751 3723 quod

2171 3730 2275 3771 non
2292 3716 2360 3772 ad
2373 3719 2489 3786 Dei,
2503 3721 2677 3814 sedad
2691 3722 2920 3784 hominis
2934 3745 3067 3801 opus
3082 3735 3346 3803 pertinere
3361 3716 3581 3808 debeati
3599 3716 3753 3814 cujus

2169 3807 2489 3878 perfectio,si
2502 3822 2581 3867 est
2597 3813 2650 3868 in
2665 3813 2761 3871 hac
2776 3818 2873 3872 vita
2892 3822 3172 3891 possibilis,
3191 3829 3391 3884 nullam
3407 3847 3524 3888 esse
3536 3807 3750 3891 causam

2166 3910 2264 3952 cur
2272 3898 2389 3954 sine
2403 3904 2647 3974 exemplo
2661 3920 2779 3962 esse
2794 3910 3174 3971 credaturJloc
3186 3933 3312 3989 ergo
3326 3919 3524 3977 frustra
3536 3925 3753 3993 dici,sa-

2169 3989 2235 4044 tis
2249 3991 2624 4060 elucebit,cum
2640 4007 2692 4053 et
2708 3999 2874 4070 ipsam
2894 4005 3441 4078 bumanamjustitiam
3453 3989 3750 4086 operationi

2171 4082 2262 4137 Dei
2290 4083 2622 4143 tribuendam
2653 4106 2771 4147 esse
2799 4095 3084 4168 claruerit,
3116 4098 3356 4171 quamvis
3384 4123 3487 4164 non
3515 4109 3604 4165 iiat
3630 4113 3752 4169 sine

2170 4172 2398 4230 hominis
2426 4177 2693 4237 voluntate
2729 4195 2823 4238 :et
2857 4186 2976 4241 ideo
3010 4189 3124 4259 ejus
3160 4193 3541 4261 perfectionem
3583 4201 3747 4257 etiam

2166 4261 2222 4319 in
2240 4263 2338 4321 hac
2355 4268 2458 4322 vita
2479 4284 2598 4326 esse
2622 4274 2946 4343 possibilem,
2969 4295 3160 4350 negare
3181 4299 3284 4338 non
3303 4292 3751 4362 possumus;quia

2168 4360 2343 4415 omnia
2388 4363 2657 4430 possibilia
2707 4377 2830 4422 sunt
2872 4369 2981 4426 Deo
3010 4370 3200 4446 (Marc.
3233 4391 3290 4444 ι,
3329 4377 3458 4452 27),
3488 4381 3602 4437 sive
3626 4360 3751 4453 quae

2169 4447 2292 4502 facit
2311 4451 2422 4505 sola
2453 4467 2545 4506 sua
2578 4455 2865 4525 voluntate,
2898 4460 3010 4515 sive
3035 4478 3152 4531 qua:
3173 4447 3580 4535 cooperantibus
3598 4488 3754 4529 crea-

2174 4551 2305 4596 tum
2331 4556 2443 4596 sua:
2467 4544 2824 4603 voluntatibus
2850 4564 2880 4603 a
2918 4565 2976 4605 se
3011 4552 3123 4606 ﬁeri
3156 4568 3314 4623 posse
3338 4561 3632 4615 constituit.
3669 4564 3752 4618 Ac

2170 4648 2264 4702 per
2306 4633 2407 4688 hoc
2428 4635 2683 4706 quidquid
2711 4653 2894 4695 eorum
2922 4659 3029 4697 non
3070 4646 3220 4712 facit,
3249 4648 3364 4704 sine
3392 4654 3639 4723 exemplo
3664 4666 3752 4711 est

2168 4726 2379 4797 quidem
2418 4732 2471 4782 in
2500 4730 2752 4799 operibus
2772 4730 2957 4796 factis;
2981 4736 3074 4790 sed
3101 4740 3237 4808 apud
3268 4741 3433 4797 Deum
3471 4754 3527 4799 et
3551 4746 3602 4800 in
3628 4747 3751 4817 ejus

2170 4818 2366 4874 virtute
2397 4819 2553 4875 habet
2577 4836 2790 4877 causam
2816 4838 2919 4894 qua
2950 4824 3063 4881 ﬁeri
3104 4830 3305 4898 possit,
3338 4841 3393 4888 et
3429 4834 3480 4888 in
3515 4835 3631 4904 ejus
3656 4852 3748 4891 sa-

2170 4908 2368 4976 pientia
2398 4925 2564 4981 quare
2594 4927 2699 4968 non
2730 4912 2925 4969 factum
2956 4917 3024 4971 sit
3048 4935 3063 4972 :
3090 4934 3210 4989 qua:
3247 4936 3404 4979 causa
3427 4926 3637 4982 etiamsi
3661 4926 3745 4981 la-

2171 5009 2278 5057 teat
2297 5002 2588 5073 hominem,
2614 5021 2722 5061 non
2745 5021 2803 5062 se
2821 5008 3164 5066 obliviscatur
3186 5027 3307 5070 esse
3332 5015 3622 5086 hominem,
3645 5035 3749 5077 nec

2171 5104 2447 5166 propterea
2479 5098 2587 5152 Deo
2613 5096 2704 5153 det
2731 5099 3083 5170 insipientiam
3104 5144 3118 5168 ,
3146 5106 3270 5175 quia
3299 5123 3402 5162 non
3428 5110 3585 5178 plene
3606 5114 3753 5183 capit

2170 5186 2286 5257 ejus
2310 5187 2642 5258 sapientiam.

2241 5277 2294 5331 8.
2332 5277 2560 5333 Attende
2587 5280 2745 5349 igitur
2770 5282 3083 5352 Apostolum
3107 5284 3172 5340 ad
3196 5288 3464 5345 Romanos
3482 5292 3752 5362 explican-

2174 5377 2301 5434 tem,
2332 5368 2566 5438 satisque
2600 5382 2982 5430 monstrantem
3012 5376 3154 5445 quod
3184 5376 3400 5448 scripsit
3441 5381 3507 5435 ad
3555 5382 3749 5439 Corin-

2198 5634 2215 5677 ι
2237 5567 2411 5679 iustitia,
2427 5576 2472 5620 et
2487 5568 2605 5622 illic.
2621 5572 2989 5635 Cygirannensis
3002 5581 3104 5635 Ms.,
3124 5581 3169 5626 et
3190 5575 3279 5628 sic.
3296 5576 3384 5630 Alii
3396 5586 3594 5645 quatuor
3615 5586 3745 5639 uss»

2170 5641 2197 5677 c
2239 5642 2251 5677 ι
2294 5643 2309 5677 ι
2365 5664 2376 5676 .
