4002 6178
214 364 326 420 205

216 478 381 544 thios,
405 476 599 532 Littera
628 479 834 544 accidit,
866 478 1069 547 spiritus
1093 487 1258 531 autem
1288 479 1521 546 viri/teat,
1552 474 1628 531 sic
1649 477 1815 544 magis

215 567 615 637 accipiendum,
631 568 1079 638 quemadmodum
1096 584 1252 638 supra
1271 568 1500 622 diximus
1520 583 1535 633 ;
1563 569 1812 637 quoniam

216 659 344 729 legis
373 658 561 713 littera
599 673 721 729 qua:
768 658 926 714 docet
971 673 1077 713 non
1116 673 1239 714 esse
1262 657 1607 728 peccandum,
1631 658 1676 712 si
1702 658 1812 728 Spi-

215 754 346 806 ritus
375 751 663 807 viviﬁcans
707 751 869 819 desit,
897 752 1089 806 occidit
1123 770 1137 806 :
1166 751 1288 807 sciri
1331 752 1472 808 enim
1515 750 1640 806 facit
1687 767 1812 821 pec-

213 852 387 895 catum
419 843 599 911 potius
628 858 787 912 quam
810 844 1009 909 caveri,
1032 853 1085 898 et
1108 842 1228 898 ideo
1257 843 1424 913 magis
1449 844 1627 913 augeri
1653 858 1810 913 quam

217 934 402 1000 minui,
435 934 564 1004 quia
602 935 758 989 malae
784 934 1228 1005 concupiscentiae
1253 935 1413 990 etiam
1445 935 1811 1006 praevaricatio

218 1026 342 1097 legis
386 1027 625 1081 accedit.

280 1117 513 1173 CAPUT
554 1117 643 1172 Vl.
664 1118 804 1174 —9.
835 1116 1154 1171 Abundantia
1174 1116 1346 1172 delicti
1372 1133 1461 1190 per
1481 1116 1658 1188 legem.
1700 1118 1810 1173 Vo-

215 1208 323 1261 lens
349 1222 485 1277 ergo
512 1208 808 1276 Apostolus
840 1208 1219 1264 commendare
1246 1209 1470 1280 gratiam
1493 1250 1508 1277 ,
1547 1225 1666 1282 qua:
1714 1225 1810 1280 per

213 1300 390 1354 λεςυω
420 1298 698 1355 Christum
738 1301 986 1356 omnibus
1021 1302 1263 1371 gentibus
1309 1303 1485 1367 venit,
1528 1319 1597 1358 ne
1639 1302 1807 1359 Judaei

213 1390 468 1445 adversus
478 1399 706 1446 crateras
726 1399 912 1461 gentes
927 1392 994 1447 de
1017 1401 1231 1462 accepta
1253 1393 1368 1464 lege
1384 1407 1442 1449 se
1453 1394 1772 1449 extollerent
1790 1411 1803 1459 ;

215 1492 565 1550 posteaquam
600 1480 736 1535 dixit
766 1492 1039 1551 peccatum
1068 1491 1123 1539 et
1150 1495 1375 1539 mortem
1405 1499 1497 1556 per
1520 1500 1685 1540 unum
1712 1485 1807 1540 ho-

214 1573 411 1627 minem
439 1573 673 1628 intrasse
700 1574 753 1627 in
780 1588 950 1651 genus
975 1574 1285 1642 humanum,
1313 1587 1365 1630 et
1391 1591 1488 1645 per
1511 1592 1673 1632 unum
1705 1576 1804 1630 ho-

213 1664 407 1717 minem
423 1662 688 1732 justitiam
718 1672 773 1717 et
788 1664 949 1718 vitam
976 1672 1253 1730 :cternam,
1275 1665 1421 1720 illum
1452 1665 1643 1732 Adam,
1664 1665 1804 1721 hunc

211 1755 481 1809 Christum
522 1755 859 1825 apertissime
882 1755 1185 1822 insinuans,
1218 1757 1293 1812 ait
1322 1774 1333 1811 :
1364 1756 1472 1812 Lex
1493 1767 1661 1811 autem
1683 1758 1804 1815 sub-

210 1849 408 1901 intravit
435 1856 493 1901 ut
513 1846 794 1902 abundaret
821 1846 1093 1914 delictum;
1122 1848 1208 1902 ubi
1231 1857 1395 1902 autem
1416 1848 1689 1919 abundavit
1715 1849 1805 1903 de-

214 1940 377 1991 lirtum
398 1979 414 2002 ,
457 1937 885 2011 superabundavit
931 1938 1099 2009 gratia
1127 1954 1145 1992 :
1174 1948 1227 1993 ut
1255 1939 1677 2011 quemadmodum
1719 1956 1802 1994 re-

212 2031 376 2097 gnavit
419 2038 683 2097 peccatum
720 2028 774 2082 in
813 2036 1022 2083 mortem
1043 2029 1081 2094 ⁸,
1115 2029 1188 2082 sic
1227 2039 1275 2082 et
1312 2030 1475 2100 gratia
1515 2038 1685 2100 regnet
1715 2046 1805 2099 per

211 2123 452 2193 justitiam
477 2123 532 2174 in
556 2122 711 2174 vitam
737 2103 977 2175 aileruam
1002 2136 1091 2190 per
1125 2119 1304 2176 Jesum
1328 2119 1581 2175 Christum
1622 2120 1801 2176 Domi-

211 2231 325 2267 num
354 2224 608 2268 nostrum.
644 2212 848 2268 Deinde
876 2228 1150 2284 opponens
1175 2214 1273 2269 sibi
1292 2214 1402 2285 ipse
1427 2216 1798 2285 qumstioncm,

212 2304 342 2368 Quid
365 2320 489 2374 ergo
516 2303 761 2370 dicemus,
808 2304 1014 2374 inquit?
1051 2304 1464 2360 Permanebimus
1489 2306 1542 2360 in
1567 2318 1793 2379 peccato,

211 2406 261 2448 ut
283 2398 452 2466 gratia
478 2395 741 2449 abundet?
780 2396 940 2449 Absit.
972 2395 1114 2451 Vidit
1137 2396 1280 2452 enim
1316 2412 1347 2451 a
1391 2396 1652 2466 perversis
1683 2413 1802 2467 pcr-

211 2500 357 2541 verse
403 2499 566 2556 posse
615 2485 783 2556 accipi
825 2485 967 2555 quod
1004 2485 1233 2554 dixerat,
1263 2485 1373 2541 Lex
1407 2488 1704 2541 subintravit
1747 2497 1802 2541 ut

209 2576 488 2629 abundaret
519 2576 793 2639 delictum;
818 2576 909 2630 ubi
929 2586 1098 2631 autem
1121 2577 1394 2632 abundavit
1422 2578 1679 2645 delictum,
1708 2596 1799 2634 su-

211 2665 574 2742 perabundavit
598 2667 762 2736 gratia
789 2667 810 2697 ²
840 2684 850 2718 :
884 2676 1132 2737 tanquam
1162 2666 1376 2738 dixerit,
1406 2679 1622 2742 propter
1637 2671 1814 2726 abun-

209 2734 442 2811 dantiam
469 2734 654 2828 gratia:
679 2758 933 2827 prodesse
963 2734 1262 2828 peccatum.
1305 2734 1422 2814 Hoc
1454 2734 1677 2826 dilueus,
1713 2777 1798 2817 rc-

210 2849 441 2918 spondit,
501 2847 643 2903 Absit
680 2865 701 2904 :
738 2858 899 2920 atque
950 2849 1194 2920 subjecit,
1244 2850 1346 2917 Qui
1386 2853 1570 2906 mortui
1615 2868 1791 2907 sumus

212 2950 445 3009 peccato,
494 2940 747 3010 quomodo
795 2941 1014 2996 vivemus
1056 2943 1110 2995 in
1153 2944 1255 2997 eo?
1285 2943 1405 2999 Hoc
1426 2950 1528 3010 est,
1573 2959 1694 2999 cum
1744 2946 1796 3001 id

213 3031 519 3100 praestiterit
542 3033 731 3103 gratia,
760 3042 820 3088 ut
849 3050 1181 3091 moraremur
1206 3047 1424 3107 peccato
1446 3079 1459 3103 ,
1488 3038 1613 3109 quid
1654 3038 1796 3096 aliud

210 3121 494 3188 faciemus,
526 3124 573 3178 si
615 3122 858 3180 vivemus
886 3125 937 3180 in
963 3141 1058 3192 eo,
1087 3126 1190 3181 nisi
1231 3139 1288 3182 ut
1312 3128 1497 3199 gratiae
1525 3128 1692 3184 simus
1720 3130 1799 3183 iu-

210 3213 380 3283 grati‘l
406 3212 592 3284 Neque
618 3216 761 3270 enim
790 3218 877 3286 qui
908 3217 1089 3273 laudat
1128 3218 1447 3276 beneﬁcium
1475 3220 1755 3276 medicina:
1780 3264 1793 3288 ,

208 3304 464 3373 prodesse
490 3308 707 3362 morbos
730 3307 859 3363 dicit
883 3317 936 3364 et
960 3310 1199 3378 vulnera,
1232 3326 1261 3365 a
1288 3311 1481 3383 quibus
1502 3312 1589 3367 illa
1620 3312 1796 3368 homi-

208 3412 328 3452 nem
364 3408 521 3453 sanat
554 3417 567 3451 :
599 3399 693 3455 sed
719 3411 918 3471 quanto
944 3401 1235 3472 majoribus
1260 3404 1524 3460 medicina
1554 3405 1798 3462 laudibus
1826 3448 1831 3451 -

210 3488 551 3556 praedicatur,
604 3499 751 3546 tanto
790 3494 957 3563 magis
1002 3496 1370 3565 vituperantur
1411 3505 1465 3552 et
1512 3496 1799 3553 hortentur

210 3580 424 3634 vulnera
451 3588 509 3635 et
536 3583 729 3648 morbi,
757 3597 786 3637 a
816 3584 1008 3653 quibus
1049 3585 1237 3642 liberat
1272 3601 1391 3658 qua:
1429 3587 1499 3642 ita
1531 3587 1794 3644 laudatur.

208 3669 296 3725 Sic
318 3671 437 3726 laus
466 3681 521 3728 ct
549 3673 857 3743 przcdicatio
886 3676 1071 3747 gratia:
1101 3678 1421 3749 vituperatio
1448 3687 1502 3735 et
1528 3679 1798 3735 damnatio

208 3771 292 3818 est
334 3763 675 3822 delictorum.
726 3767 1144 3826 Demonstranda
1187 3771 1330 3826 enim
1373 3771 1548 3827 fuerat
1598 3773 1797 3828 homini

208 3853 420 3911 {reditas
460 3856 731 3928 languoris
757 3858 897 3930 ejus,
937 3861 1023 3916 cui
1054 3871 1240 3918 contra
1268 3863 1600 3934 iniquitatem
1645 3880 1795 3920 suam

210 3962 306 4002 nec
335 3958 663 4020 pmceptum
688 3963 930 4031 sanctan
955 3964 1005 4011 et
1029 3955 1226 4011 bonum
1254 3957 1471 4028 profuit,
1496 3974 1602 4030 quo
1630 3962 1799 4031 magis

208 4048 358 4093 aucta
388 4049 471 4095 est
510 4040 762 4112 iniquitas
788 4059 945 4115 quam
976 4046 1213 4115 minuta;
1244 4049 1671 4121 quandoquidem
1713 4055 1798 4110 lex

209 4131 546 4199 subintravit,
575 4141 636 4187 ut
660 4134 954 4192 abundaret
985 4137 1276 4208 delictum;
1306 4150 1363 4196 ut
1387 4158 1453 4198 eo
1482 4144 1640 4198 modo
1665 4160 1797 4200 con-

208 4222 375 4277 victus
401 4233 564 4295 atque
587 4227 842 4284 confusus
864 4271 879 4295 ,
913 4230 1120 4287 videret
1155 4249 1262 4288 non
1295 4244 1498 4290 tantum
1524 4236 1795 4293 doctorem

210 4313 306 4368 sibi
331 4328 455 4370 esse
481 4320 860 4387 necessarium,
885 4337 1071 4378 verum
1100 4324 1258 4380 etiam
1283 4325 1577 4397 adjutorem
1604 4328 1794 4397 Deum,

211 4416 239 4455 a
264 4419 368 4473 quo
396 4406 517 4474 ejus
544 4406 733 4464 itinera
761 4410 1078 4483 dirigantur,
1108 4430 1176 4471 ne
1204 4415 1509 4473 dominetur
1541 4419 1587 4474 ci
1623 4421 1796 4476 omnis

212 4496 459 4568 iniquitas
489 4499 659 4571 (Psal.
691 4518 872 4572 cxvm,
901 4507 1050 4579 155),
1085 4517 1138 4564 et
1168 4508 1523 4581 confugiendo
1546 4511 1611 4567 ad
1638 4529 1795 4584 opem

209 4587 401 4645 divina:
429 4592 813 4651 misericordize
840 4610 1057 4655 sanetur
1081 4618 1094 4654 :
1125 4609 1283 4672 atque
1305 4603 1375 4658 ita
1397 4605 1487 4659 ubi
1509 4605 1797 4662 abundavit

209 4678 481 4748 delictum,
510 4688 907 4755 superabundet
934 4691 1125 4762 gratia,
1156 4708 1262 4750 non
1281 4696 1552 4765 peccantis
1579 4698 1791 4763 merito,

208 4769 299 4823 sed
321 4772 692 4832 subvenientis
715 4778 937 4835 auxilio.

276 4861 366 4917 10.
408 4863 812 4937 Consequenter
839 4873 1081 4930 eamdem
1120 4875 1437 4932 medicinam
1466 4879 1518 4933 in
1551 4882 1796 4949 passione

206 4958 258 5005 et
279 4957 677 5015 resurrectione
702 4959 896 5018 Christi
924 4966 1150 5037 mystice
1174 4966 1587 5027 demonstratam
1616 4974 1793 5047 osten-

203 5044 283 5100 dit
306 5048 616 5119 Apostolus,
638 5052 820 5111 dicens
843 5074 858 5113 :
883 5057 961 5111 An
982 5060 1227 5131 ignoratis
1246 5062 1482 5133 quoniam
1501 5044 1798 5138 quicumque

201 5138 447 5206 baptizati
473 5157 650 5198 sumus
675 5146 729 5198 in
767 5146 964 5202 Christo
1002 5148 1157 5217 Iesu,
1187 5151 1241 5205 in
1269 5164 1427 5209 morte
1452 5155 1608 5226 ipsius
1634 5156 1798 5228 bapti-

198 5231 307 5283 sati
328 5233 548 5287 sumus?
585 5233 878 5307 Consepulti
917 5257 1034 5311 ergo
1066 5258 1240 5297 sumus
1262 5244 1339 5298 illi
1364 5262 1453 5316 per
1479 5244 1796 5316 Baptismum

198 5322 257 5374 in
286 5332 500 5377 mortem
519 5363 535 5390 ,
568 5333 622 5378 ut
645 5330 1071 5399 quemadmodum
1108 5336 1324 5390 surrexit
1353 5337 1580 5394 Christus
1603 5356 1634 5392 a
1661 5358 1795 5394 mor-

200 5413 309 5467 tuis
329 5432 420 5485 per
441 5417 659 5489 gloriam
695 5420 884 5489 Patris,
926 5424 997 5479 ita
1034 5438 1081 5480 et
1110 5445 1199 5483 nos
1227 5429 1279 5483 in
1306 5433 1523 5486 novitate
1549 5435 1663 5488 vita:
1690 5452 1798 5488 ain.

199 5504 455 5589 ﬁglcmus.
485 5509 547 5563 Si
571 5513 702 5567 enim
725 5517 1056 5587 complantati
1072 5520 1260 5590 fuimus
1284 5521 1605 5579 similitudini
1624 5530 1799 5583 mortis

268 5728 290 5809 ξ
776 5739 1087 5809 manuscripti
1122 5742 1380 5803 omittunt,
1420 5758 1471 5796 tu
1504 5755 1717 5800 mortem.

268 5790 290 5821 ²
308 5795 447 5853 ιλιι,
472 5794 893 5856 superabundant
910 5790 1082 5860 gratia.

1652 355 1855 414 LIBER
1898 356 2095 417 UNL'S.

3402 377 3507 431 296

1924 478 2051 543 eius,
2077 481 2164 533 sed
2198 492 2241 535 et
2270 486 2283 513 ¹
2329 487 2700 541 resurrectionis
2748 490 2967 545 erimus:
3000 491 3094 546 hoc
3119 493 3360 560 scientes,
3389 513 3507 564 qum

1921 579 2057 623 vetus
2086 571 2235 626 homo
2257 584 2423 629 noster
2442 578 2593 632 simul
2611 580 2885 649 cruciﬁxus
2909 592 3001 650 est,
3027 592 3080 636 ut
3098 597 3365 639 evacuatur
3383 604 3503 641 cor-

1921 675 2015 728 pus
2045 665 2288 730 peccati’,
2317 677 2370 719 ut
2399 667 2532 721 ultra
2558 687 2661 725 non
2688 673 2961 728 serviamus
2986 685 3207 744 peccato.
3237 676 3339 744 Qui
3369 679 3501 733 enim

1920 761 2143 804 mortuus
2171 764 2264 820 est,
2280 755 2590 824 jusii/icatus
2615 769 2687 815 est
2709 779 2740 813 a
2766 774 2990 829 peccato.
3029 764 3089 818 Si
3110 777 3280 820 autem
3320 773 3507 823 mortui

1918 857 2090 896 sumus
2118 860 2230 897 cum
2272 844 2500 914 Christo,
2534 852 2782 908 credimus
2822 857 2941 926 quia
2972 857 3124 913 simul
3146 859 3361 914 vivemus
3389 877 3500 913 cum

1917 931 2006 986 illo
2029 950 2047 996 ;
2081 936 2286 991 scientes
2312 941 2431 1008 quia
2460 940 2687 998 Christus
2720 961 2929 1017 surgens
2965 964 2997 1001 a
3031 953 3242 1005 mortuis
3259 952 3375 1022 jam
3402 971 3500 1007 non

1917 1026 2149 1094 moritur,
2179 1039 2223 1082 et
2241 1046 2374 1085 mors
2404 1033 2447 1085 ei
2475 1034 2611 1087 ultra
2639 1053 2739 1090 non
2766 1038 3104 1093 dominabitur
3124 1040 3164 1094 ⁸.
3196 1041 3345 1106 Quod
3371 1040 3503 1097 enim

1916 1127 2138 1172 mortuus
2158 1131 2230 1174 est
2251 1134 2473 1193 peccato,
2506 1135 2731 1182 mortuus
2756 1140 2827 1182 est
2854 1132 3006 1184 semel
3032 1146 3052 1185 :
3080 1132 3216 1201 quod
3240 1145 3403 1187 autent
3430 1152 3503 1189 υς-

1915 1208 2001 1276 vit,
2027 1210 2142 1264 vivit
2161 1210 2284 1266 Deo.
2310 1212 2394 1267 Ita
2423 1225 2470 1269 et
2497 1234 2582 1272 vos
2605 1220 2882 1276 existimate
2911 1238 2993 1276 vos
3020 1235 3241 1278 mortuos
3260 1242 3367 1280 esse
3388 1244 3500 1297 per-

1914 1308 2026 1353 cato
2050 1342 2065 1367 ,
2105 1302 2265 1357 vivere
2305 1314 2471 1360 autem
2500 1307 2605 1363 Deo
2633 1310 2685 1364 in
2732 1309 2931 1367 Christo
2958 1312 2993 1366 J
2998 1332 3084 1368 esu
3116 1314 3291 1390 (llam.
3318 1333 3373 1382 v,
3400 1317 3500 1372 20-

1914 1405 1988 1455 vl,
2020 1392 2129 1462 ll).
2151 1393 2350 1465 Nempe
2374 1399 2503 1453 satis
2519 1400 2693 1456 elucet
2721 1405 2974 1473 mysterio
3000 1406 3289 1462 Dominicu:
3316 1411 3502 1464 mortis

1912 1487 1965 1534 et
1992 1486 2397 1542 resurrectionis
2428 1490 2704 1559 ﬁguratum
2744 1494 2865 1548 vita}
2892 1507 3088 1551 nostra:
3117 1500 3309 1553 veteris
3339 1515 3497 1556 occa-

1912 1585 2049 1647 sum,
2083 1583 2136 1629 et
2173 1589 2418 1633 exortum
2450 1597 2622 1648 novat,
2657 1583 3183 1659 demonstratamque
3211 1591 3498 1661 iniquitatis

1911 1665 2255 1723 abolitionem
2304 1674 2811 1746 renovationemque
2849 1677 3087 1747 justiti-.13.
3137 1679 3290 1736 Unde
3338 1681 3498 1753 igitur

1911 1755 2013 1811 hoc
2043 1767 2246 1815 tantum
2275 1760 2589 1835 beneﬁcium
2635 1766 2837 1822 homini
2882 1783 2974 1839 per
3021 1769 3251 1826 litteram
3292 1772 3425 1842 legis
3452 1781 3496 1842 *,

1911 1847 2009 1900 nisi
2041 1864 2134 1916 per
2156 1850 2312 1906 {idem
2343 1852 2466 1910 Jesu
2495 1855 2732 1940 Christi?

1978 1938 2206 1996 CAPUT
2250 1942 2357 1997 Vll.
2387 1975 2457 1985 -—-
2486 1938 2745 2003 lliBona
2778 1966 2932 2021 opera
2970 1968 3033 2006 ea:
3068 1969 3166 2021 quo
3198 1955 3338 2023 {ante
3382 1971 3495 2008 ma-

1908 2040 2045 2083 nent.
2076 2030 2203 2088 llaec
2231 2036 2480 2105 cogitatio
2513 2051 2693 2094 sancta
2723 2050 2900 2096 servat
2938 2042 3075 2098 ﬁlios
3102 2044 3409 2113 hominum,
3441 2045 3492 2099 in

1909 2124 2237 2191 protectione
2262 2126 2467 2183 alarum
2507 2129 2601 2185 Dei
2637 2145 2934 2200 sperantes,
2969 2144 3027 2188 ut
3062 2135 3394 2192 inebricntur
3425 2138 3492 2191 ah

1910 2214 2148 2272 ubertate
2176 2217 2366 2273 domus
2385 2220 2522 2289 ejus,
2565 2230 2620 2277 et
2647 2229 2884 2282 torrente
2922 2226 3205 2296 voluptatis
3232 2227 3348 2300 ejus
3389 2245 3489 2299 po-

1908 2313 2086 2362 tentur
2107 2307 2128 2340 ⁸
2157 2326 2170 2363 :
2199 2312 2447 2380 quoniam
2473 2314 2614 2383 apud
2638 2315 2806 2386 ipsum
2834 2326 2915 2372 est
2944 2316 3063 2373 fons
3091 2319 3230 2387 vitas,
3259 2306 3390 2375 et'in
3412 2319 3493 2375 lu-

1906 2398 2050 2454 mine
2076 2399 2192 2471 ejus
2234 2401 2533 2460 videbimus
2575 2406 2789 2474 lumen;
2822 2409 2908 2478 qui
2956 2410 3240 2480 prartcndil.
3282 2411 3493 2466 miscri-

1905 2489 2140 2546 cordiam
2166 2506 2315 2549 suam
2343 2495 2637 2553 scientibus
2665 2515 2787 2554 cum
2809 2541 2825 2566 ,
2853 2510 2909 2556 ct
2944 2501 3203 2572 justitiam
3246 2517 3395 2559 suam
3427 2506 3494 2559 iis

1904 2580 1994 2649 qui
2040 2591 2188 2637 recto
2231 2594 2354 2641 sunt
2391 2587 2574 2645 corde.
2615 2588 2799 2662 Neque
2828 2592 2973 2648 enim
3001 2594 3123 2664 quia
3152 2595 3364 2663 sciunt,
3394 2596 3488 2652 sed

1903 2672 2065 2727 etiam
2096 2683 2152 2730 ut
2180 2676 2352 2732 sciant
2379 2693 2524 2747 eum,
2550 2683 2831 2751 pra3tendit
2858 2684 3275 2741 misericordiam
3306 2702 3489 2743 suam:

1905 2777 2003 2816 nec
2031 2766 2154 2834 quia
2185 2768 2316 2822 recti
2354 2779 2478 2824 sunt
2525 2772 2723 2838 corde,
2774 2774 2868 2829 sed
2911 2776 3069 2831 etiam
3115 2787 3172 2832 ut
3210 2781 3341 2834 recti
3383 2782 3491 2836 sint

1903 2852 2095 2921 corde,
2127 2858 2407 2925 praetendit
2445 2859 2701 2930 justitiam
2744 2879 2925 2933 suam,
2964 2881 3065 2937 qua
3107 2866 3364 2938 justilicat
3391 2869 3492 2925 int-

1904 2945 2046 3015 pium
2079 2946 2188 3020 (Id.
2221 2964 2291 3015 ιν,
2323 2950 2401 3021 5).
2428 2951 2556 3017 uice
2595 2955 2846 3025 cogitatio
2875 2972 2980 3013 non
3020 2958 3176 3014 ellert
3216 2960 3269 3016 in
3298 2977 3487 3033 super.

1903 3035 2118 3105 hiam‘;
2145 3040 2289 3110 quod
2327 3042 2512 3099 vitium
2539 3045 2736 3113 oritur,
2768 3063 2889 3103 cum
2920 3050 3019 3105 sibi
3048 3053 3274 3125 quisque
3312 3056 3489 3127 pradi-

1903 3127 1999 3193 dit,
2028 3145 2193 3202 seque
2223 3133 2324 3188 sibi
2361 3135 2427 3190 ad
2459 3136 2744 3194 vivendum
2783 3153 2941 3212 caput
2989 3142 3133 3199 facit.
3172 3145 3290 3216 Quo
3341 3157 3487 3204 motu

1905 3222 2173 3277 receditur
2199 3223 2267 3278 ab
2292 3225 2384 3280 illo
2412 3226 2555 3284 fonte
2581 3231 2722 3299 vitm,
2750 3232 2902 3303 cujus
2928 3234 3091 3292 solius
3122 3236 3313 3293 haustu
3333 3239 3487 3309 justi-

1903 3312 1973 3365 tia
2004 3310 2222 3383 bibitur,
2259 3315 2399 3372 bona
2441 3320 2644 3375 scilicet
2674 3321 2812 3391 vita;
2845 3334 2897 3380 et
2925 3324 2993 3380 ab
3021 3325 3112 3381 illo
3137 3327 3490 3385 incommuta-

1904 3401 1995 3457 bili
2017 3404 2236 3476 lumine,
2256 3408 2408 3480 cujus
2429 3412 2830 3485 participatione
2857 3416 3033 3472 anima
3063 3419 3338 3476 rationalis
3358 3436 3491 3492 quo-

1904 3493 2025 3549 dam
2082 3498 2241 3553 modo
2293 3504 2603 3557 accenditur
2666 3514 2723 3560 ut
2773 3507 2843 3562 sit
2901 3508 3059 3563 etiam
3114 3510 3228 3581 ipsa
3293 3512 3488 3568 factum

1903 3597 2246 3659 cretatumque
2274 3590 2451 3646 lumen
2478 3611 2490 3646 :
2519 3595 2654 3649 sicut
2678 3607 2791 3651 erat
2817 3596 3049 3653 Joannes
3076 3598 3281 3655 lucerna
3306 3602 3489 3658 ardens

1902 3687 1949 3729 et
1976 3678 2145 3734 lucens
2173 3680 2351 3752 (Joan.
2386 3700 2440 3747 v,
2477 3685 2600 3758 35);
2625 3688 2710 3756 qui
2746 3695 2920 3745 tamen
2948 3690 3490 3764 undeluceretagno-

1902 3784 2079 3837 scens,
2099 3770 2230 3840 Nos,
2252 3773 2440 3847 inquit,
2460 3778 2522 3831 de
2539 3778 2850 3848 plenitudine
2862 3780 2970 3852 ejus
2980 3782 3265 3852 accepimus
3283 3783 3487 3855 :cujus,

1905 3866 2006 3921 nisi
2036 3865 2179 3922 illius
2205 3866 2383 3938 utique
2421 3868 2473 3923 in
2519 3868 2671 3939 cujus
2694 3872 3092 3941 comparatione
3119 3872 3355 3930 Joannes
3382 3891 3490 3932 non

1905 3966 2019 4013 crat
2035 3957 2214 4014 lumen
2231 3959 2255 4014 ?
2275 3958 2410 4014 Illud
2430 3960 2571 4015 enim
2588 3972 2693 4017 erat
2714 3978 2885 4018 verum
2899 3964 3069 4049 (auten
3087 3965 3223 4036 quod
3236 3966 3489 4021 illuminat

1904 4066 2102 4105 omnem
2130 4052 2383 4106 hominem
2407 4055 2676 4108 venientem
2704 4055 2756 4110 in
2777 4056 2911 4110 hunc
2932 4058 3177 4112 mundum
3203 4056 3311 4129 (Id.
3337 4075 3373 4127 ι,
3400 4060 3488 4124 l6,

1904 4138 1981 4210 9).
2003 4140 2235 4197 Proinde
2259 4157 2380 4196 cum
2411 4142 2639 4200 dixisset
2665 4144 2716 4199 in
2742 4146 2930 4201 eodem
2963 4147 3188 4216 psalmo,
3220 4147 3489 4205 Prwtende

1903 4231 2299 4285 miscricordiam
2328 4242 2465 4286 tuam
2502 4235 2771 4290 scientibus
2796 4245 2862 4303 te,
2888 4246 2934 4291 et
2958 4238 3215 4309 justitiam
3247 4251 3386 4297 tuam
3409 4245 3489 4298 his

1859 4321 1989 4393 "qui
2017 4330 2149 4375 recto
2173 4330 2288 4375 sum
2320 4322 2508 4378 corde:
2537 4322 2655 4379 Non
2684 4327 2877 4396 veniat,
2917 4328 3101 4400 inquit,
3134 4332 3261 4387 mihi
3290 4350 3377 4406 pes
3399 4352 3487 4389 su-

1904 4412 2108 4483 perbiw,
2155 4422 2201 4466 et
2226 4430 2407 4468 ntanus
2432 4426 2753 4487 peccatorum
2782 4435 2882 4473 non
2910 4431 3101 4476 moveat
3126 4424 3146 4456 ⁷
3165 4441 3243 4479 me
3269 4442 3282 4479 :
3307 4426 3378 4480 ibi
3404 4445 3488 4481 ce-

1902 4504 2128 4557 ciderunt
2148 4522 2317 4559 clintes
2336 4506 2424 4577 qui
2453 4519 2727 4578 aperantur
2745 4511 3094 4583 iniquitatem;
3121 4523 3323 4588 expulsi
3343 4532 3483 4585 sunt,

1903 4610 1993 4648 uec
2040 4605 2307 4666 potuerunt
2345 4609 2478 4653 stare
2523 4599 2695 4667 (Psal.
2726 4617 2901 4671 xxxv,
2931 4603 3106 4677 8-13).
3153 4607 3260 4663 llac
3288 4609 3485 4680 quippe

1904 4686 2194 4755 impietate,
2219 4703 2322 4758 qua
2351 4689 2529 4745 tribuit
2552 4691 2653 4747 sibi
2683 4694 2908 4766 quisque
2932 4697 3075 4767 quod
3100 4698 3193 4754 Dei
3220 4708 3323 4767 est,
3362 4703 3478 4769 pcl—

1903 4779 2027 4833 litur
2045 4778 2099 4834 in
2121 4782 2364 4837 tenebras
2383 4797 2525 4847 suas.
2550 4800 2668 4857 qua:
2691 4796 2814 4843 sunt
2830 4803 2990 4859 opera
3018 4791 3325 4864 iniquitatis.
3347 4794 3475 4851 ιιι-ο

1903 4870 2044 4925 enim
2072 4872 2226 4941 plane
2266 4873 2379 4943 ipse
2403 4872 2529 4930 facit
2554 4915 2569 4943 ,
2599 4887 2653 4932 ct
2683 4877 2750 4934 ad
2782 4880 2895 4936 haec
2916 4883 2937 4915 '
2960 4881 3230 4953 implenda
3260 4885 3362 4942 sibi
3392 4900 3475 4945 est

1962 5056 1977 5086 ¹
2001 5055 2155 5128 Editi,
2191 5056 2338 5128 simul
2369 5065 2430 5110 et.
2463 5062 2527 5111 At
2556 5062 2893 5126 manuscriptl,
2923 5064 3011 5113 sed
3052 5069 3097 5114 et
3135 5079 3152 5115 :
3176 5066 3318 5124 juxta
3353 5079 3481 5128 gne-

1898 5131 2029 5194 (ιιιξιι2
2050 5118 2149 5194 alta
2180 5120 2306 5194 cai._
2581 5190 2588 5194 Δ
2803 5118 2819 5126 ’
2880 5118 2888 5123 ’
3035 5186 3064 5194 Α

1959 5184 1977 5250 ξ
2010 5184 2064 5250 tu
2095 5182 2229 5250 ἣξει,
2255 5189 2306 5250 ut
2335 5190 2653 5250 cremaretur
2681 5198 2858 5250 corpus
2881 5186 3082 5250 peccati.

1959 5245 1979 5313 ξ
2008 5243 2241 5313 [locique
2264 5248 2399 5313 Mss.
2422 5248 2553 5313 ultra
2567 5250 2673 5313 jam
2696 5243 2791 5313 non
2820 5243 3168 5313 dominabitur.

1935 5308 1975 5375 ,δ
2008 5305 2237 5371 Belgicus
2263 5312 2421 5359 codex
2454 5309 2507 5358 S.
2539 5305 2742 5359 A'mandi
2774 5311 3013 5373 praeterit,
3045 5324 3132 5375 per
3159 5309 3371 5365 litteram
3408 5314 3481 5365 (e-

1893 5381 1989 5542 i)?
2008 5428 2243 5480 Gallicani
2268 5437 2320 5481 et
2345 5430 2563 5481 Vaticani
2590 5431 2726 5495 3135.,
2756 5439 2802 5483 et
2828 5437 3092 5488 torrentem
3111 5434 3367 5504 voluptatis
3389 5451 3477 5502 po-

1909 5506 1966 5542 en
1997 5529 2005 5538 .

1892 5500 2005 5544 lem.

1953 5558 1974 5586 δ
2000 5554 2096 5626 Sic‘
2115 5556 2345 5626 plerique
2384 5557 2495 5605 Mss.
2528 5556 2623 5626 Alii
2650 5563 2751 5608 tres
2782 5559 2916 5626 Mss"
2938 5575 3033 5613 non
3054 5563 3212 5626 aufert
3232 5560 3283 5613 in
3305 5575 3477 5625 super-

1891 5620 2035 5685 binm_
2060 5617 2192 5685 eum
2219 5632 2356 5680 vero,
2392 5632 2485 5671 non
2513 5617 2653 5685 affert
2683 5620 2977 5685 superbiam.

1952 5685 1969 5711 τ
2000 5680 2150 5735 Editi,
2184 5687 2417 5748 ntoremzt.
2463 5680 2707 5748 _At"Mss.,
2742 5680 3046 5748 moverunt
3096 5699 3157 5736 ex
3198 5688 3275 5737 his
3298 5689 3474 5748 pfurcs

1894 5747 2016 5803 imo,
2049 5750 2374 5804 pecratorum,
2400 5745 2599 5804 habent,
2634 5745 2919 5804 peccatoris.

1952 5760 2016 5803 ἠ,
2049 5760 2374 5804 paeniturum,
2401 5760 2599 5804 habent,
2667 5760 2919 5797 et‘mtorts.

1952 5812 1969 5833 -‘
1996 5808 2073 5854 Sir
2100 5808 2209 5857 Mss.
2244 5807 2373 5857 Εειίῑί
2409 5817 2590 5869 autem,
2620 5760 2736 5874 [fuit
2773 5809 2871 5876 ipse
2894 5809 2976 5876 qui
2997 5811 3061 5862 ad
3084 5810 3204 5861 hate.
