3994 6178
473 336 576 396 2οἿ

479 459 722 513 idoneus.
751 453 924 526 Opera
963 469 1086 510 vero
1111 452 1329 524 justitia:
1357 467 1460 505 non
1491 451 1646 515 facit,
1675 449 1776 503 nisi
1806 454 2060 518 quantum

480 565 550 604 ex
577 549 669 602 illo
689 549 835 602 fonte
863 553 1024 616 atque
1047 559 1112 601 ex
1143 543 1234 598 illo
1266 543 1463 598 lumine
1492 536 1735 612 percipit,
1754 539 1842 594 ubi
1868 537 2064 593 nullius

481 641 724 712 indigens
753 638 860 694 vita
890 645 992 704 est,
1039 645 1094 694 et
1137 637 1226 692 ubi
1271 651 1376 690 non
1428 645 1511 690 est
1557 631 1921 697 commutatio,
1965 644 2066 686 nec

389 791 396 796 ,
483 728 741 785 momenti
759 727 1094 784 obutnbratio
1122 723 1326 796 (Jacobi
1354 741 1392 792 t,
1424 723 1534 794 l7).

556 820 643 876 12.
685 819 811 875 ideo
835 817 1032 874 Paulus
1059 816 1379 888 Apostolus,
1411 815 1502 886 qui
1548 827 1670 870 cum
1695 811 1888 868 Saulus
1918 810 2062 880 prius

486 922 768 970 vocaretur
801 911 936 986 (Act.
961 927 1077 978 san,
1107 907 1188 982 9),
1218 925 1327 966 non
1354 908 1424 964 ob
1451 905 1626 974 aliud,
1653 913 1907 976 quantum
1935 899 2065 956 mihi

483 1005 712 1071 videtur,
744 1003 848 1058 hoc
877 1017 1072 1057 nomen
1101 1001 1280 1071 elegit,
1312 998 1414 1054 nisi
1441 1005 1500 1052 ut
1527 1011 1586 1052 se
1607 993 1915 1051 ostenderet
1945 1005 2067 1062 par-

484 1113 626 1166 vum,
679 1105 932 1168 tanquam
981 1093 1260 1150 minimum
1304 1092 1322 1124 ¹
1365 1088 1782 1161 Apostolorum;
1840 1084 2067 1140 multum

483 1196 671 1244 contra
717 1184 978 1257 superbos
1014 1191 1071 1240 et
1109 1168 1448 1254 arrogantes,
1487 1187 1544 1235 et
1569 1178 1638 1234 de
1680 1176 1791 1233 suis
1818 1173 2069 1246 operibus

487 1285 892 1350 prmsumentes,
950 1291 1048 1346 pro
1108 1271 1532 1330 commendanda
1580 1271 1679 1326 ista
1727 1267 1824 1322 Dei
1875 1265 2068 1337 gratia,

486 1370 698 1426 fortiter
735 1377 895 1439 atque
931 1367 1125 1423 acriter
1164 1365 1424 1420 dimicans
1453 1379 1466 1416 :
1495 1361 1618 1432 quia
1656 1373 1839 1414 revera
1882 1357 1935 1411 in
1977 1355 2070 1410 illo

485 1459 785 1517 evidentior
812 1467 865 1514 et
891 1457 1084 1514 clarior
1111 1455 1376 1526 apparuit,
1397 1453 1487 1525 qui
1513 1466 1633 1508 cum
1666 1449 1786 1504 talia
1815 1461 2068 1519 operare-

474 1561 573 1606 .tur
595 1549 942 1606 vehementer
975 1547 1268 1604 Ecclesiam
1298 1545 1388 1600 Dei
1435 1554 1762 1614 persequens
1781 1579 1797 1607 ,
1827 1553 1926 1608 pro
1951 1537 2069 1608 qui-

485 1643 588 1698 bus
610 1655 822 1698 summo
861 1639 1122 1710 supplicio
1151 1637 1340 1708 dignus
1365 1633 1494 1700 fuit,
1525 1629 1945 1688 misericordiam
1975 1643 2072 1699 pro

487 1732 831 1788 damnatione
876 1729 1132 1800 suscepit,
1183 1738 1237 1783 et
1282 1743 1377 1798 pro
1421 1739 1579 1795 poena
1613 1717 1940 1778 consecutus
1992 1727 2074 1773 est

487 1814 735 1896 gratiam,
768 1823 958 1879 merito
1000 1837 1099 1892 pro
1139 1820 1256 1890 ejus
1297 1815 1652 1874 defensione'
1678 1813 1872 1869 clamat
1915 1818 2073 1880 atque

489 1921 784 1980 concertat,
817 1927 917 1968 nec
965 1913 1016 1967 in
1067 1925 1125 1966 re
1169 1908 1428 1981 profunda
1476 1915 1530 1963 et
1577 1905 1735 1961 nimis
1762 1901 1938 1958 abdita
1965 1917 2070 1955 non

487 2004 922 2076 intelligentium,
953 2011 1008 2058 et
1033 2001 1192 2058 verba
1223 2015 1317 2054 sua
1357 2013 1488 2055 sana
1524 1997 1576 2052 in
1610 2008 1916 2066 perversum
1945 2006 2071 2048 sen-

487 2111 608 2154 sum
637 2095 1064 2167 detorquentium
1092 2099 1244 2149 curat
1265 2089 1569 2154 invidiam;
1614 2087 1739 2142 dum
1784 2096 1958 2140 tamen
1989 2083 2072 2138 in-

493 2195 806 2243 cunctanter
833 2184 1090 2258 przedicct
1116 2184 1313 2239 donum
1343 2181 1456 2246 Dei,
1487 2194 1593 2252 quo
1635 2193 1742 2234 uno
1769 2177 1902 2233 salvi
1943 2176 2074 2232 liunt

486 2279 580 2334 ﬁlii
610 2277 976 2350 promissionis
995 2317 1012 2342 ,
1039 2277 1130 2332 lilii
1169 2273 1414 2331 beneﬁcii
1441 2271 1644 2338 divini,
1677 2269 1768 2324 ﬁlii
1808 2267 1991 2350 gratia:
2019 2274 2075 2321 et

487 2349 902 2436 misericordiae,
939 2369 1030 2424 ﬁlii
1056 2365 1384 2422 Testamenti
1437 2361 1591 2418 Novi.
1641 2361 1900 2425 Primum,
1930 2349 2073 2428 quod

482 2465 664 2519 omnis
692 2462 809 2533 ejus
834 2461 1082 2518 salutatio
1111 2457 1190 2513 sic
1217 2472 1275 2512 se
1301 2455 1458 2510 habet
1487 2473 1502 2509 :
1531 2451 1709 2508 Gratia
1737 2449 1872 2505 vobis
1901 2456 2075 2518 etpux

485 2571 520 2610 a
551 2553 656 2608 Deo
685 2552 842 2607 Patre
870 2560 918 2606 et
951 2549 1172 2605 Domino.
1192 2547 1318 2601 Jesu
1344 2544 1547 2602 Christo
1578 2541 1780 2614 (Initio
1816 2537 2074 2610 Epistola-

485 2643 918 2716 rum).'Deinde,
959 2640 1026 2696 ad
1061 2639 1334 2694 Romanos
1362 2650 1499 2706 pene
1543 2632 1656 2704 ipsa
1697 2630 1920 2703 qumstio
1962 2627 2075 2683 sola

487 2744 753 2802 versatur,
796 2742 901 2788 tam
928 2730 1260 2803 pugnaciter,
1293 2736 1398 2782 tam
1435 2722 1821 2795 multipliciter,
1863 2727 1924 2774 ut
1952 2718 2076 2774 fati-

487 2837 578 2900 get
603 2825 816 2899 quidem
855 2821 1080 2895 legentis
1122 2819 1502 2884 intentionem,
1534 2815 1629 2872 sed
1668 2823 1844 2869 tamen
1887 2810 2075 2880 fatiga-

492 2917 638 2974 tione
680 2916 794 2972 utili
823 2930 886 2970 ac
923 2911 1124 2969 salubri
1172 2929 1188 2966 :
1234 2917 1292 2966 ut
1330 2906 1600 2964 interioris
1639 2904 1870 2960 hominis
1909 2902 2078 2973 magis

490 3016 741 3065 exerceat
767 3006 1027 3070 membra,
1061 3019 1218 3074 quam
1248 3001 1471 3072 frangat.

558 3097 786 3154 CAPUT
823 3095 962 3152 VIII.
989 3123 1061 3136 --
1101 3094 1184 3148 I5.
1235 3090 1527 3146 Observatio
1578 3089 1725 3159 legis.
1773 3087 2076 3141 Judtcorum

493 3193 730 3266 gloriatio
797 3189 982 3261 qualis.
1039 3186 1217 3242 Timor
1259 3200 1438 3257 preme.
1501 3181 1828 3238 Circumcisio
1888 3180 2074 3234 cordis.

495 3283 767 3356 Pelagiani
800 3283 981 3354 inquo
1029 3279 1194 3335 Deum
1234 3286 1420 3334 nostra!
1453 3275 1832 3348 justi/icationis
1901 3281 2078 3327 aucto-

494 3393 596 3431 rem
647 3380 947 3445 agnoscunt.
1023 3369 1149 3426 Inde
1216 3376 1342 3425 sunt
1381 3383 1500 3438 quae
1542 3381 1703 3436 supra
1755 3378 2080 3420 commemo-

494 3467 628 3522 ravi.
677 3465 800 3521 Inde
848 3461 1102 3535 estquod
1150 3460 1390 3518 indutum
1444 3456 1906 3530 arguit,eumque
1953 3453 2082 3510 dlt'II.

494 3556 734 3612 Judmnm
805 3551 1166 3624 cognominari
1195 3591 1213 3618 ,
1299 3559 1354 3606 et
1413 3562 1747 3620 nequaquam
1815 3547 1864 3600 id
1937 3541 2080 3616 quod

498 3645 776 3717 proﬁtetur
827 3644 1070 3715 implere.
1127 3641 1188 3697 Si
1213 3649 1380 3696 autem
1423 3650 1522 3708 tu,
1571 3638 1787 3708 inquit,
1865 3634 2082 3690 Iudicas

495 3737 885 3810 cognominaris,
917 3743 962 3790 et
988 3733 1254 3806 requiescis
1281 3732 1336 3786 in
1365 3732 1490 3804 lege,
1521 3740 1568 3786 et
1605 3730 1839 3800 gloriaris
1872 3729 1922 3782 in
1945 3725 2076 3794 Deo,

495 3839 542 3883 et
569 3829 701 3882 nosti
729 3827 1029 3882 voluntatem
1056 3825 1100 3890 ³,
1127 3833 1174 3878 et
1203 3823 1388 3895 probas
1415 3822 1656 3877 distantia
1683 3819 1782 3894 (a).
1810 3820 2082 3874 instructus

496 3936 560 3974 ea:
582 3918 715 3991 ‘lege,
747 3917 961 3986 conﬁdis
990 3925 1038 3970 te
1076 3915 1240 3986 ipsum
1265 3913 1444 3967 ducem
1469 3927 1574 3967 esse
1609 3926 1855 3965 ccccorum
1875 3951 1888 3972 ,
1915 3909 2082 3964 lumen

497 4026 668 4066 eorum
697 4009 785 4078 qui
821 4008 874 4063 in
903 4007 1120 4063 tenebris
1139 4047 1154 4070 ,
1199 4004 1500 4060 eruditorem
1527 4003 1889 4075 insipientium,
1921 4001 2082 4074 magi-

497 4113 658 4158 slrm:
680 4102 971 4172 infantium,
999 4097 1260 4153 habentem
1290 4100 1510 4170 formam
1531 4094 1753 4150 scientia:
1789 4102 1837 4149 et
1861 4093 2084 4148 veritatis

497 4195 551 4250 in
577 4206 706 4265 tege.
748 4191 852 4258 Qui
891 4207 1010 4264 ergo
1054 4190 1210 4246 alium
1253 4189 1434 4254 doces,
1464 4197 1512 4244 te
1551 4189 1720 4258 ipsum
1763 4203 1862 4240 non
1891 4185 2038 4241 doces
2059 4187 2085 4239 ?

496 4289 585 4349 cui
626 4285 870 4357 pradicas
913 4301 1014 4339 non
1058 4282 1356 4353 furandum,
1401 4279 1636 4353 [ιιι-αήεῖ
1682 4279 1768 4350 qui
1811 4277 2082 4352 dicis_nou

497 4377 909 4442 adulterandum,
939 4374 1240 4430 adulteras?
1267 4373 1354 4443 qui
1383 4371 1689 4427 abominaris
1721 4371 1888 4436 idola,
1927 4370 2088 4424 sacri-

500 4471 686 4544 legium
709 4469 838 4540 {acls
857 4470 882 4524 Ρ
903 4461 1068 4541 quiin
1093 4467 1200 4539 lege
1225 4465 1480 4538 gloriaris,
1508 4481 1598 4536 per
1623 4464 2086 4536 praevaricationem

500 4564 626 4634 legis
651 4555 816 4615 Deum
845 4557 1166 4612 inhonorus?
1203 4555 1404 4610 Nomen
1437 4555 1568 4635 enim
1594 4552 1693 4608 Dei
1729 4571 1821 4626 per
1855 4569 1942 4608 vos
1978 4551 2087 4608 bla-

500 4653 794 4726 sphanatur
819 4651 870 4704 in
906 4646 1166 4712 Gentibus,
1200 4646 1326 4702 sicut
1354 4646 1594 4715 scriptum
1623 4652 1716 4700 est.
1761 4643 2086 4700 Circumcisio

500 4744 705 4817 quidem
731 4742 967 4814 prodest,
997 4739 1041 4794 si
1069 4739 1228 4810 legem
1255 4736 1511 4791 custodias
1534 4751 1554 4790 :
1581 4735 1628 4789 si
1653 4741 1820 4788 autem
1845 4735 2088 4805 pracvari-

503 4845 646 4892 cator
676 4833 813 4912 \lcgis
848 4834 938 4898 sis,
979 4829 1292 4885 circumcisio
1333 4837 1419 4880 tua
1469 4825 1770 4898 prazputiam
1813 4825 1950 4895 facta
1993 4833 2084 4879 est.

505 4932 570 4988 Si
611 4929 765 5003 igitur
811 4923 1114 5000 praeputium
1152 4921 1383 4994 justitias
1428 4919 1553 4992 legis
1601 4917 1877 4984 custodiat,
1925 4933 2092 4971 nonne

505 5022 815 5096 praeputium
837 5019 948 5090 ejus
976 5017 1028 5070 in
1057 5011 1482 5068 circumcisionem
1509 5009 1840 5080 reputabitur,
1869 5017 1916 5062 et
1946 5007 2094 5078 judi-

506 5117 638 5170 cabit
665 5111 802 5184 quod
829 5126 891 5166 ea:
915 5117 1101 5164 natura
1129 5115 1201 5160 est
1227 5103 1533 5174 praeputium
1559 5099 1717 5171 legem
1755 5101 2021 5171 pcrﬁciens
2045 5099 2088 5166 ⁸,

509 5220 557 5262 te
581 5207 664 5278 qui
692 5221 780 5277 per
805 5203 1022 5259 litteram
1047 5208 1093 5254 et
1120 5195 1547 5252 circumcisioncm
1575 5192 1932 5264 prmaricator
1968 5193 2092 5264 legis

509 5299 606 5356 es?
634 5295 756 5352 Non
777 5295 912 5350 enim
937 5292 1024 5364 qui
1052 5291 1104 5344 in
1130 5288 1396 5360 manifesto
1420 5285 1634 5350 Judwus
1658 5293 1730 5340 est
1749 5325 1765 5352 ,
1798 5299 1957 5354 neque
1982 5299 2096 5354 quia

577 5453 597 5520 ἓ
623 5458 674 5520 In.
692 5446 1340 5520 “sanctisque,er
1358 5438 1604 5490 ηιίηίηωδ·

577 5515 599 5546 ³
622 5513 708 5574 Hic
728 5507 1070 5574 editiaddu‘nt,
1093 5507 1383 5574 νζαῖτὶρμε.Δ
1471 5562 1484 5574 υ
1865 5561 1876 5574 ρ
1913 5562 1946 5574 Δ,

578 5574 600 5607 ³
621 5572 760 5629 aditi,
792 5569 1074 5630 natiuitatem
1094 5565 1217 5630 ejus.
1245 5565 1410 5624 Abest,
1436 5565 1558 5627 ejus,
1581 5574 1610 5612 a
1641 5565 1974 5622 manuscriptis
1999 5567 2048 5610 et
2071 5573 2097 5607 a

516 5646 678 5700 grzeeo
701 5637 844 5682 textu
866 5629 1090 5693 Apostoll.
1118 5629 1149 5700 λ
1189 5690 1222 5700 Δ.
1278 5694 1316 5700 η
1358 5699 1366 5700 7
1394 5639 1405 5700 1'

582 5699 603 5728 δ
627 5696 702 5746 sic
720 5685 1242 5752 omnes'manuseripti.
1269 5694 1322 5736 At
1347 5686 1484 5747 editi,
1511 5685 1662 5752 legem
1678 5695 2026 5735 consummata.

579 5759 654 5820 la)
684 5764 868 5816 crae,
888 5750 943 5806 ιὰ
963 5749 1294 5814 diapltérorua.

1415 332 1501 389 DE
1541 329 1805 389 SI’IRITU
1849 330 1937 384 ET
1977 328 2296 397 LI'fTEIl.\,
2337 334 2393 390 S.
2435 289 2804 393 AUGUSTIZVI

3641 343 3759 400 208

2169 447 2220 499 iu
2252 450 2517 520 manifesto
2560 452 2612 506 in
2641 469 2790 506 carne
2816 464 2882 506 cst
2922 454 3270 518 circumcisio;
3300 455 3390 509 sed
3427 453 3514 526 qui
3551 455 3604 510 in
3632 458 3756 512 abs-

2168 540 2369 594 condito
2408 541 2625 596 Juda’us
2667 553 2768 607 est,
2808 556 2851 597 et
2891 545 3204 599 circumcisio
3227 545 3395 599 cordis
3419 547 3472 600 in
3499 547 3685 616 spiritu
3710 547 3755 614 ⁸,

2169 647 2270 686 non
2303 631 2493 699 littera,
2534 636 2679 704 cujus
2705 635 2816 689 laus
2857 652 2954 690 non
2993 652 3057 690 ea:
3092 635 3406 700 hominibus,
3435 636 3526 690 sed
3553 653 3617 690 ea:
3645 637 3757 692 Deo

2170 731 2240 774 est
2262 719 2437 794 (Rom.
2464 737 2523 789 tt,
2553 723 2770 796 17-29).
2799 725 2895 781 IIic
2920 725 3277 784 manifeStavit
3303 725 3755 796 quemadmodum

2170 813 2390 884 dixerit,
2424 817 2660 887 gloriaris
2698 819 2751 872 in
2785 818 2910 873 Deo.
2959 817 3090 874 Nam
3139 820 3324 890 utique
3369 819 3416 875 si
3463 834 3590 876 vere
3635 821 3759 876 talis

2170 901 2385 960 .Iudaaus
2428 906 2745 977 gloriaretur
2792 909 2844 963 in
2882 909 3012 977 Deo,
3061 924 3127 964 eo
3169 909 3330 964 modo
3375 926 3482 982 quo
3524 914 3763 980 postulat

2169 999 2358 1067 gratia,
2385 1013 2504 1068 qua:
2533 1013 2638 1054 non
2664 1016 2885 1071 operum
2915 1001 3140 1068 meritis,
3166 1001 3263 1056 sed
3285 1003 3549 1073 gratuito'
3575 1003 3758 1067 datur,

2171 1102 2238 1142 ex
2268 1089 2378 1144 Deo
2401 1098 2546 1145 esset
2588 1090 2703 1146 laus
2747 1073 2902 1161 ejus:
2929 1106 3036 1148 non
3072 1107 3138 1148 ex
3165 1091 3490 1148 hominibus.
3539 1093 3645 1149 Sed
3691 1097 3762 1149 ita

2171 1179 2534 1249 gloriabantur
2562 1181 2613 1238 in
2643 1182 2774 1248 Deo,
2810 1183 2952 1239 velut
2978 1185 3070 1254 qui
3101 1184 3202 1239 soli
3216 1187 3547 1242 meruissent
3588 1187 3764 1258 legem

2173 1269 2288 1338 ejus
2314 1271 2593 1340 accipere,
2636 1272 2928 1328 secundum
2971 1273 3112 1327 illam
3159 1288 3343 1330 vocem
3380 1275 3610 1342 Psalmi,
3653 1293 3764 1347 qua

2173 1361 2372 1418 dictum
2401 1373 2502 1429 est,
2534 1363 2654 1419 Non
2684 1366 2800 1434 fecit
2825 1367 2896 1419 sic
2922 1365 3018 1421 ulli
3042 1367 3204 1437 genti,
3235 1377 3284 1420 et
3303 1367 3507 1438 judicia
3532 1385 3626 1422 sua
3655 1387 3762 1423 nou

2177 1456 2513 1527 manifestavit
2550 1456 2620 1513 eis
2647 1456 2816 1527 (l’sal.
2844 1472 3018 1512 cum
3039 1499 3053 1523 ,
3081 1455 3208 1530 20).
3252 1457 3422 1524 Quam
3461 1466 3634 1512 tamen
3666 1459 3762 1512 Dei

2177 1546 2348 1617 legem
2373 1560 2468 1602 sua
2491 1547 2698 1617 justitia
2723 1563 2782 1603 se
2810 1548 3202 1603 arbitrabantur
3228 1548 3474 1620 implere,
3493 1563 3614 1604 cum
3642 1563 3763 1602 ma-

2175 1638 2258 1708 gis
2285 1637 2404 1709 ejus
2435 1639 2874 1710 przevaricatores
2901 1648 3103 1695 essent.
3137 1637 3290 1695 Unde
3319 1637 3427 1693 illis
3469 1639 3600 1692 iram
3625 1653 3762 1707 ope-

2177 1729 2394 1812 rabatur
2435 1727 2609 1801 (Rom.
2635 1744 2722 1796 tv,
2761 1729 2866 1798 15),
2909 1728 3213 1784 abundante
3243 1737 3496 1798 peccato,
3527 1729 3667 1798 quod
3695 1729 3768 1784 ab

2177 1819 2470 1875 scientibus
2504 1817 2930 1890 perpetrabatur.
2983 1818 3116 1885 Quia
3161 1827 3214 1874 et
3247 1819 3566 1888 quicumque
3601 1817 3768 1873 facie-

2178 1913 2305 1968 bant
2332 1911 2474 1984 quod
2496 1913 2578 1966 lex
2611 1911 2822 1980 iubebat
2849 1954 2865 1979 ,
2895 1926 3000 1967 non
3025 1911 3311 1980 adjuvante
3329 1911 3518 1980 spiritu
3547 1913 3757 1981 gratim,

2150 2003 2369 2058 'timore
2396 2017 2568 2072 paena:
2596 2001 2893 2067 faciebant,
2916 2017 3027 2060 non
3069 2015 3254 2056 amore
3283 2001 3505 2071 justitiae
3530 2019 3543 2053 :
3575 2015 3637 2056 ac
3665 2018 3768 2071 per

2179 2093 2280 2150 hoc
2304 2109 2484 2152 coram
2516 2094 2623 2150 Deo
2665 2109 2770 2148 non
2818 2103 2933 2149 erat
2979 2094 3029 2148 in
3076 2094 3367 2159 voluntate,
3397 2091 3537 2162 quod
3579 2107 3766 2146 coram

2177 2185 2482 2242 hominibus
2509 2185 2798 2258 apparebat
2829 2185 2880 2240 in
2908 2199 3070 2255 opere
3104 2202 3116 2238 :
3151 2184 3433 2254 potiusque
3457 2199 3522 2238 ex
3562 2183 3651 2237 illo
3683 2182 3771 2237 rei

2181 2276 2706 2348 tenebantur,.quod
2751 2293 2844 2332 eos
2896 2285 3116 2332 noverat
3145 2275 3285 2330 Deus
3328 2273 3506 2338 malle,
3554 2274 3598 2327 si
3643 2272 3770 2328 ﬁeri

2181 2377 2360 2440 posset
2403 2370 2633 2439 impune,
2675 2369 3026 2424 committere.
3073 2367 3543 2423 Circumcisionem
3583 2376 3768 2420 autent

2181 2459 2358 2516 cordis
2383 2459 2544 2525 dicit,
2569 2475 2754 2530 puram
2788 2459 2992 2515 scilicet
3015 2459 3084 2515 ab
3112 2459 3257 2514 omni
3301 2458 3481 2513 illicita
3509 2458 3774 2526 concupi-

2183 2550 2386 2606 seentia
2416 2550 2739 2606 voluntatem
2779 2567 2792 2603 :
2823 2549 2966 2620 quod
2993 2564 3100 2604 non
3141 2551 3198 2603 lit
3241 2549 3416 2604 littera
3447 2547 3669 2603 docente
3712 2556 3774 2600 et

2179 2643 2436 2708 minante,
2465 2641 2558 2698 sed
2598 2641 3110 2712 spiritu'adjurante
3151 2651 3311 2712 atque
3349 2649 3591 2696 sanante.
3637 2639 3772 2696 Ideo

2182 2735 2298 2790 laus
2323 2733 2506 2790 talium
2539 2748 2645 2789 non
2678 2749 2742 2788 ex
2785 2733 3090 2788 hominibus
3113 2773 3128 2798 ,
3171 2733 3264 2788 sed
3297 2749 3361 2787 ex
3391 2733 3501 2788 Deo
3527 2739 3640 2794 est,
3669 2733 3772 2801 qui

2183 2841 2278 2896 per
2317 2840 2470 2880 suam
2515 2825 2740 2896 gratiam
2789 2833 3006 2894 prastat
3052 2823 3192 2880 unde
3232 2823 3528 2887 laudentur,
3560 2823 3626 2877 de
3654 2839 3774 2891 quo

2181 2917 2414 2985 dicitur,
2467 2916 2536 2972 In
2584 2916 2803 2996 Domino
2851 2915 3142 2970 laudabitur
3185 2916 3358 2988 anima
3405 2931 3516 2968 mea
3567 2913 3768 2986 (Psal.

2182 3023 2390 3077 χχχιιι,
2419 3008 2509 3078 5);
2542 3017 2594 3062 et
2623 3007 2708 3062 cui
2749 3007 2972 3072 dicitur,
3003 3005 3158 3076 Apud
3195 3014 3243 3060 te
3283 3007 3395 3061 laus
3430 3022 3542 3060 mea
3579 3005 3768 3078 (Psat.

2182 3097 2418 3169 xxtﬁﬁ)
2460 3114 2474 3150 :
2517 3112 2624 3152 non
2645 3092 2830 3168 quales
2857 3096 2928 3150 illi
2957 3097 3190 3166 suntqui
3238 3097 3402 3152 Deum
3422 3096 3622 3151 laudari
3662 3111 3772 3152 voc

2183 3191 2298 3245 lunt
2318 3190 2456 3260 quod
2478 3189 2720 3244 homines
2753 3197 2916 3257 sunt,
2952 3203 3011 3244 se
3056 3196 3232 3244 autem
3263 3187 3405 3260 quod
3434 3188 3564 3259 justi
3591 3198 3736 3245 sunt.

2256 3279 2345 3335 I4.
2379 3297 2398 3330 ι
2430 3277 2538 3334 Sed
2569 3277 2866 3346 laudamus,
2898 3297 2918 3332 ι
2950 3277 3216 3347 inquiunt,
3251 3295 3271 3331 ι
3303 3287 3356 3332 et
3371 3277 3536 3333 Deum
3567 3288 3772 3335 nostra:

2191 3391 2208 3422 ι
2241 3370 2636 3442 justiﬁcationis
2673 3377 2970 3438 auctorem,
3009 3371 3064 3425 in
3109 3384 3175 3426 eo
3207 3371 3348 3440 quod
3389 3370 3555 3440 legem
3593 3368 3770 3438 dedit,

2191 3481 2210 3514 ι
2247 3461 2399 3533 cujus
2425 3461 2618 3517 intuitu
2642 3461 2946 3517 noverimus
2984 3459 3434 3532 quemadmodum
3459 3460 3638 3515 vivere
3662 3459 3772 3515 de-

2190 3571 2210 3606 ι
2243 3553 2484 3610 beamus.
2508 3570 2528 3605 ι
2561 3551 2672 3608 Nec
2695 3551 2917 3622 audiunt
2945 3551 3086 3622 quod
3112 3551 3314 3622 legunt,
3338 3550 3470 3618 Quia
3494 3567 3593 3606 non
3608 3552 3776 3623 justi-

2185 3647 2416 3717 ﬁcabitur
2439 3661 2504 3701 ea:
2531 3645 2638 3718 lege
2665 3644 2826 3700 omnis
2865 3659 2983 3698 caro
3021 3659 3192 3697 coram
3220 3641 3347 3697 Deo.
3393 3643 3577 3698 Potest
3621 3642 3768 3698 enim

2188 3735 2304 3792 ﬁeri
2347 3751 2526 3792 coram
2572 3734 2900 3802 hominibus,
2948 3750 3056 3790 non
3099 3742 3277 3790 autem
3319 3748 3497 3789 coram
3538 3733 3628 3788 illo
3671 3735 3776 3804 qui

2184 3827 2362 3884 cordis
2403 3826 2570 3898 ipsius
2599 3835 2654 3882 et
2692 3827 2893 3883 intima:
2919 3827 3206 3882 voluntatis
3244 3827 3510 3898 inspector
3533 3837 3616 3882 est
3634 3869 3648 3891 ,
3673 3827 3776 3884 ubi

2185 3917 2363 3982 videt,
2391 3917 2600 3972 etiamsi
2631 3917 2771 3972 aliud
2805 3916 2962 3972 faciat
2989 3915 3082 3988 qui
3119 3917 3286 3987 legem
3321 3917 3501 3982 timet,
3533 3916 3658 3988 quid
3685 3925 3776 3972 ta-

2189 4023 2310 4062 men
2337 4007 2516 4062 mallet
2544 4006 2740 4074 facere,
2764 4007 2806 4063 si
2833 4007 3034 4064 liceret.
3065 4009 3140 4062 Ac
3161 4023 3228 4062 ne
3251 4007 3530 4077 quisquam
3557 4015 3776 4077 putaret

2190 4101 2277 4155 hic
2300 4099 2616 4170 Apostolum
2659 4114 2720 4153 ea
2766 4099 2880 4169 lege
2921 4097 3124 4154 dixisse
3153 4097 3422 4154 neminem
3459 4096 3771 4168 iustiﬁcari,

2189 4205 2310 4262 qua:
2338 4191 2390 4246 in
2420 4190 2771 4246 sacramentis
2795 4189 3063 4246 veteribus
3086 4189 3254 4244 multa
3283 4188 3523 4244 continet
3547 4187 3776 4258 ﬁgurata

2189 4291 2475 4352 praecepta,
2523 4279 2665 4337 unde
2703 4282 2862 4336 etiam
2903 4281 3018 4350 ipsa
3061 4287 3144 4336 est
3188 4280 3522 4336 circumcisio
3565 4280 3774 4348 carnis,

2187 4391 2346 4447 quam
2372 4375 2460 4431 die
2501 4384 2695 4430 octavo
2723 4375 2966 4446 accipere
2993 4373 3199 4444 parvuli
3233 4374 3368 4444 jussi
3410 4381 3536 4430 sunt
3564 4373 3773 4443 (Leuit.

2191 4482 2282 4530 sn,
2315 4466 2414 4534 3);
2456 4465 2708 4521 continuo
2746 4465 3020 4536 subjumit
3055 4479 3212 4536 quam
3250 4465 3423 4536 legem
3463 4465 3684 4530 dixerit,
3719 4475 3782 4520 et

2189 4560 2284 4624 ait,
2317 4557 2420 4612 Per
2447 4558 2602 4628 legem
2644 4557 2778 4611 enim
2820 4557 3042 4628 cognitio
3079 4555 3290 4628 peccati.
3341 4554 3439 4611 Illa
3483 4555 3644 4626 igitur
3685 4554 3779 4610 lex

2191 4657 2306 4712 est,
2333 4646 2402 4703 de
2429 4661 2530 4717 qua
2563 4654 2745 4716 postea
2775 4646 2932 4712 dicit,
2965 4644 3238 4701 Peccatum
3285 4661 3387 4700 non
3425 4645 3634 4716 cognovi
3677 4645 3784 4700 nisi

2195 4755 2282 4809 per
2310 4737 2488 4808 legem.
2535 4736 2673 4789 Nam
2702 4735 3159 4805 concupiscentiam
3191 4735 3468 4790 nesciebant
3493 4777 3509 4803 ,
3551 4735 3648 4789 nisi
3692 4734 3784 4789 lea:

2194 4828 2398 4891 diceret,
2433 4825 2555 4881 Non
2580 4827 2900 4896 concupisces
2930 4824 3104 4897 (Rom.
3130 4841 3224 4892 vn,
3258 4823 3335 4897 7).
3380 4824 3514 4880 Nam
3543 4824 3668 4896 quid
3695 4836 3787 4881 est

2196 4917 2358 4981 aliud,
2393 4914 2496 4970 Per
2523 4916 2679 4986 legem
2711 4916 2844 4970 enim
2871 4916 3088 4985 cognitio
3116 4915 3354 4986 peccati?

2266 5006 2493 5064 CAPUT
2533 5006 2622 5062 IX.
2672 5035 2744 5046 —
2793 5007 2877 5062 I5.
2923 5006 3132 5060 Iustitia
3179 5004 3273 5060 Dei
3319 5005 3643 5076 manifestata
3692 5022 3789 5074 per

2199 5099 2381 5171 Legem
2410 5109 2456 5152 et
2483 5097 2783 5170 Prophetas.
2816 5097 2914 5152 llic
2939 5095 3074 5152 forte
3100 5097 3240 5152 dicat
3268 5097 3355 5152 illa
3383 5096 3612 5152 humana
3644 5111 3790 5166 pra:-

2199 5193 2451 5263 sumptio,
2482 5192 2734 5263 ignorans
2763 5190 2855 5245 Dei
2883 5189 3166 5260 justitiam,
3195 5198 3248 5244 et
3274 5204 3422 5244 suam
3442 5191 3628 5244 volens
3653 5203 3788 5243 con-

2201 5285 2450 5349 stituere,
2498 5282 2687 5336 merito
2736 5281 2934 5336 dixisse
2979 5281 3334 5351 Apostolum,
3389 5280 3523 5348 Quia
3567 5296 3630 5334 ex
3677 5279 3792 5349 lege

2202 5390 2347 5428 nemo
2382 5373 2790 5444 justi/icabitur:
2820 5371 3054 5427 ostendit
3097 5371 3240 5427 enim
3289 5369 3656 5426 tantummodo
3697 5368 3792 5424 lex

2203 5466 2329 5538 quid
2377 5464 2674 5519 faciendum
2700 5505 2716 5532 ,
2747 5464 2940 5535 quidve
2963 5462 3258 5519 cavendum
3287 5463 3392 5530 sit,
3431 5470 3492 5516 ut
3523 5459 3664 5531 quod
3695 5460 3791 5515 illa

2205 5618 2422 5731 ra’IEditi
2444 5630 2554 5667 cum
2575 5615 2862 5681 quibusdam
2886 5623 3012 5680 tiss.,
3033 5620 3080 5668 et
3111 5613 3473 5666 ctrcutnctsione
3495 5611 3660 5666 cordis
3690 5611 3795 5676 spi-

2275 5696 2286 5729 l
2309 5717 2320 5728 .

2275 5696 2320 5729 tt.

2272 5747 2291 5774 ¹
2319 5750 2425 5791 rres
2451 5748 2576 5794 Mssa
2595 5738 2825 5804 gratuita.
