4002 6178
231 387 340 442 209

219 491 517 549 ostenderit
543 491 793 546 voluntas
822 489 1058 557 impleat,
1087 504 1148 544 ac
1172 491 1248 544 sic
1279 490 1438 544 homo
1463 489 1804 558 justiﬁcetur,

221 600 326 640 non
353 599 451 652 per
477 581 614 653 legis
638 582 945 651 imperium,
969 579 1063 635 sed
1093 595 1190 650 per
1216 580 1440 636 liberum
1468 579 1808 634 arbitrium‘.

221 675 346 742 Sed,
378 689 415 729 ο
447 675 632 740 homo,
676 673 894 729 attende
931 671 1072 742 quod
1112 673 1354 743 sequitur
1387 689 1401 726 :
1434 671 1590 726 Nunc
1627 680 1810 734 autem,

1649 378 1850 434 LIBER
1897 379 2092 437 UNUS.

3395 385 3506 444 210

1923 497 2007 544 ιιιι·
2050 507 2235 546 verum
2274 500 2374 557 est,
2423 493 2606 550 Sciens
2647 495 2764 564 hoc,
2813 497 2932 566 quia
2967 495 3112 564 justo
3157 495 3240 552 lea:
3283 511 3382 552 non
3429 502 3505 554 est
3559 472 3562 490 ’

1921 581 2130 650 posita?
2179 582 2312 637 Nam
2345 584 2464 654 quis
2513 584 2748 655 legitime
2785 587 2952 641 utitur
2998 585 3117 657 lege
3145 586 3246 641 nisi
3285 584 3506 656 justus?

1922 672 2066 728 Atei
2096 688 2202 727 non
2229 682 2312 729 est
2340 674 2532 744 posita,
2562 675 2656 731 sed
2701 675 2919 746 injuste.
2966 676 3048 731 An
3075 685 3128 732 et
3155 674 3406 748 injustus,
3449 689 3509 736 ut

221 767 412 836 inquit,
447 767 562 821 sine
586 767 695 836 lege
713 765 918 835 justitia
941 763 1041 818 Dei
1067 765 1395 834 manifestata
1421 773 1514 832 est,
1550 763 1818 834 testiﬁcata
1918 762 2255 832 justiﬁcetur,
2305 765 2356 820 id
2394 773 2494 832 est,
2539 775 2600 822 ut
2639 766 2814 838 justus
2853 767 2964 834 ﬁat,
3002 767 3236 838 legitime
3274 767 3392 840 lege
3429 771 3504 824 uti

226 873 314 928 per
350 856 544 928 Legem
585 865 631 910 et
675 853 986 925 Prophetas.
1031 855 1298 911 Parumne
1350 857 1563 910 insonat
1607 853 1818 910 surdis?

224 945 476 1011 Iustitia,
509 945 717 1016 inquit,
745 943 844 999 Dei
884 944 1205 1014 manifestata
1248 955 1340 999 cst.
1383 945 1530 1000 llanc
1575 943 1818 1016 ignorant

227 1037 316 1107 qui
364 1051 524 1092 snam
570 1036 758 1091 volunt
801 1035 1130 1107 constituere
1179 1053 1193 1090 :
1239 1035 1364 1092 huic
1409 1037 1430 1068 ²
1475 1037 1660 1090 ιιοΙιιιιι
1701 1048 1822 1090 εεεε

226 1105 456 1198 subjecti
488 1127 668 1200 (Rom.
697 1143 753 1192 ι,
786 1127 878 1198 5).
905 1105 1134 1192 limina,
1165 1126 1354 1196 inquit,
1392 1125 1486 1180 Dei
1500 1127 1822 1200 manifestata

225 1229 342 1274 est:
369 1235 482 1275 non
512 1218 682 1286 dixit,
711 1217 923 1274 Iustitia
951 1217 1206 1285 hominis,
1235 1217 1320 1272 vel
1357 1217 1561 1287 justitia
1591 1217 1822 1288 propriae

228 1310 560 1375 voluntatis;
603 1307 723 1374 sed,
769 1308 968 1378 iustitia
1007 1307 1138 1373 Dei,
1174 1322 1280 1361 non
1319 1322 1425 1378 qua
1466 1307 1606 1362 Deus
1647 1307 1822 1378 justus

226 1413 330 1466 est,
357 1402 456 1458 sed
483 1418 589 1472 qua
616 1400 789 1456 induit
812 1399 1106 1468 hominem,
1137 1413 1258 1454 cum
1283 1399 1537 1470 justiﬁcat
1575 1399 1820 1470 impium.

233 1495 361 1551 [hoc
423 1493 740 1550 testiﬁcatur
795 1505 893 1562 per
936 1490 1132 1561 Legem
1187 1499 1242 1545 et
1287 1491 1592 1560 Prophetas
1631 1507 1646 1546 :
1701 1489 1825 1545 huic

227 1585 428 1656 quippe
465 1582 832 1638 testimonium
861 1580 1143 1650 perhibent
1161 1580 1270 1636 Lex
1297 1590 1353 1636 et
1373 1579 1674 1651 Propheta.
1706 1581 1818 1636 Lex

231 1677 478 1747 quidem,
507 1675 612 1730 hoc
638 1675 776 1746 ipso,
805 1673 946 1744 quod
985 1671 1224 1743 jubendo
1252 1681 1307 1727 et
1345 1671 1599 1727 minando
1612 1678 1682 1726 ἐι
1723 1687 1824 1727 ne-

231 1769 432 1824 minem
451 1765 802 1838 justiﬁcando
830 1765 962 1820 satis
990 1763 1212 1840 indicat,
1239 1762 1385 1818 dono
1414 1763 1508 1819 Dei
1542 1763 1825 1834 justiﬁeari

229 1859 510 1914 hominem
546 1871 642 1927 per
667 1855 992 1927 adjutorium
1021 1853 1241 1925 spiritus
1271 1873 1284 1909 :
1315 1853 1596 1924 Propheta:
1621 1861 1822 1921 autem,

229 1951 352 2020 quia
378 1949 435 2004 id
466 1947 614 2020 quod
641 1963 737 2019 pra
755 1947 1024 2014 dixerunt,
1049 1945 1246 2002 Christi
1277 1945 1517 2016 implevit
1545 1945 1822 2002 adventus.

231 2039 364 2094 Nam
393 2039 526 2094 hinc
547 2038 794 2109 seuuitnr
816 2047 870 2092 et
898 2037 1155 2108 adjungit,
1184 2036 1389 2101 dicens,
1429 2034 1636 2090 Iustitia
1661 2045 1827 2092 autem

231 2128 326 2185 Dei
371 2145 466 2200 per
502 2128 658 2198 ﬁdem
681 2127 809 2188 Iesu
832 2127 1039 2194 Christi,
1092 2127 1195 2182 hoc
1234 2134 1338 2191 est,
1387 2140 1483 2197 per
1529 2127 1684 2182 ﬁdem
1723 2143 1826 2198 qua

232 2219 478 2276 creditur
503 2220 556 2274 in
583 2217 880 2275 Christum.
923 2215 1292 2274 Sicut'autem
1329 2217 1430 2272 ista
1470 2216 1602 2273 ﬁdes
1627 2217 1825 2276 Christi

233 2312 382 2368 dicta
406 2321 492 2367 est
516 2326 624 2366 non
653 2326 757 2382 qua
782 2309 952 2366 credit
977 2310 1218 2366 Christus
1259 2327 1272 2364 :
1313 2309 1390 2366 sic
1414 2317 1469 2365 et
1502 2310 1588 2365 illa
1621 2311 1828 2382 justitia

239 2402 332 2457 Dei
375 2417 489 2456 non
528 2416 634 2472 qua
672 2401 850 2471 justus
889 2409 974 2457 est
1010 2400 1171 2455 Deus.
1213 2398 1509 2471 Utrumque
1546 2401 1688 2456 enim
1727 2415 1828 2456 no-

240 2502 412 2548 strum
438 2500 561 2557 est;
602 2490 699 2548 sed
729 2490 850 2546 ideo
879 2491 969 2546 Dei
995 2497 1052 2546 et
1073 2489 1268 2545 Christi
1299 2491 1509 2556 dicitur,
1533 2491 1673 2562 quod
1713 2492 1830 2562 ejus

241 2583 396 2639 nobis
427 2583 678 2652 largitate
707 2582 954 2638 donatur.
988 2581 1197 2638 iustitia
1227 2597 1356 2652 ergo
1381 2581 1471 2638 Dei
1501 2581 1522 2616 ⁸
1547 2583 1663 2639 sine
1690 2584 1826 2654 lege,

241 2689 346 2728 non
393 2674 514 2728 sine
549 2675 666 2743 lege
709 2671 1043 2728 manifestata
1087 2679 1187 2728 est.
1232 2671 1510 2740 Quomodo
1551 2673 1691 2728 enim
1735 2687 1831 2744 per

244 2763 416 2834 legem
449 2763 756 2829 testiﬁcata,
785 2762 832 2817 si
859 2763 975 2818 sine
1003 2761 1119 2830 lege
1146 2760 1516 2816 manifestata?
1544 2761 1649 2818 Sed
1675 2762 1834 2833 justi-

244 2853 315 2907 tia
345 2853 441 2908 Dei
467 2852 589 2908 sine
615 2853 732 2923 lege
759 2860 868 2918 est,
905 2867 1065 2923 quam
1097 2852 1236 2907 Deus
1261 2867 1358 2922 per
1383 2853 1626 2922 spiritum
1649 2855 1833 2924 gratiae

244 2945 488 3000 credenti
529 2943 740 3000 confert
786 2945 904 2998 sine
945 2943 1208 3013 adjutorio
1251 2943 1404 3014 legis,
1451 2944 1553 2999 hoc
1580 2951 1693 3012 est,
1725 2960 1831 3002 non

243 3037 431 3106 adjuto
470 3051 500 3090 a
537 3037 658 3107 lege
681 3035 724 3090 ⁸.
765 3035 1207 3106 Quandoquidem
1253 3051 1349 3105 per
1389 3036 1559 3108 legem
1601 3039 1861 3094 ostendit

243 3127 450 3184 homini
473 3127 838 3183 inﬁrmitatem
864 3142 1014 3194 suam
1033 3169 1048 3195 ,
1088 3134 1146 3182 ut
1169 3126 1236 3182 ad
1266 3127 1385 3198 ejus
1412 3129 1832 3186 misericordiam

242 3234 343 3289 per
373 3219 532 3274 ﬁdem
561 3217 878 3290 confugiens
901 3227 1180 3274 sanaretur
1204 3218 1248 3274 '.
1279 3219 1356 3275 De
1387 3219 1645 3290 sapientia
1675 3221 1832 3293 quip-

243 3323 314 3378 pe
331 3309 450 3378 ejus
468 3309 671 3364 dictum
705 3317 809 3377 est,
833 3309 975 3381 quod
1005 3310 1161 3382 legem
1184 3319 1231 3364 et
1253 3311 1647 3366 misericordiam
1665 3314 1718 3367 in
1737 3313 1836 3368 lin-

243 3416 350 3471 gua
377 3408 542 3471 portet
569 3399 589 3472 (
611 3400 762 3456 Prov.
788 3417 877 3468 ιιι,
915 3401 1012 3470 16,
1036 3419 1138 3457 sec.
1164 3401 1381 3472 LXX)‘:
1414 3407 1582 3475 legem
1610 3405 1832 3473 scilicet,

245 3504 350 3560 qua
377 3505 502 3545 reos
548 3488 710 3546 faciat
750 3489 1052 3560 superbos;
1098 3491 1518 3548 misericordiam
1545 3510 1706 3562 vero,
1733 3511 1834 3566 qua

243 3579 500 3648 jnstiﬁeet
523 3579 852 3638 humiliatos.
885 3580 1097 3638 Iustitia
1133 3598 1261 3655 ergo
1285 3583 1384 3639 Dei
1409 3601 1500 3656 per
1535 3587 1687 3656 ﬁdem
1709 3585 1836 3642 Iesu

246 3669 439 3726 Christi
472 3689 525 3727 ιιι
557 3689 732 3728 omnes
767 3674 854 3745 qui
893 3673 1143 3730 credunt:
1173 3691 1274 3730 non
1299 3677 1432 3732 enim
1455 3686 1528 3732 est
1561 3678 1832 3734 distinctio.

249 3761 444 3817 Omnes
489 3763 624 3818 enim
663 3773 1032 3834 peccaverunt,
1077 3773 1123 3820 et
1162 3775 1305 3836 egent
1357 3766 1522 3838 gloria
1563 3767 1679 3834 Dei,
1729 3752 1836 3824 ιιόιι

247 3852 419 3922 gloria
447 3868 564 3908 sua.
591 3853 728 3922 Quid
759 3857 900 3910 enim
929 3854 1148 3926 habent,
1179 3857 1322 3926 quod
1349 3872 1455 3914 non
1484 3861 1837 3930 acceperunt?

249 3943 310 3998 Si
352 3951 536 3998 autem
577 3954 932 4016 acceperunt,
982 3945 1107 4016 quid
1153 3947 1484 4017 gloriantur,
1531 3950 1681 4020 quasi
1731 3964 1835 4004 non

247 4035 556 4106 acceperint
581 4035 634 4107 (I
665 4035 783 4092 Cor.
815 4053 888 4106 tv,
915 4039 1024 4107 7)?
1074 4038 1246 4108 Egent
1293 4038 1472 4110 itaque
1517 4041 1682 4111 gloria
1719 4041 1832 4107 Dei,

249 4134 304 4180 et
329 4125 456 4181 vide
482 4125 611 4196 quid
653 4137 908 4198 sequatur
933 4146 947 4182 :
975 4127 1259 4196 Justiﬁcati
1294 4128 1452 4200 gratis
1494 4147 1585 4200 per
1621 4132 1838 4201 gratiam

249 4217 412 4284 ipsius
457 4215 643 4288 (Rom.
673 4233 758 4283 ιιι,
787 4217 1020 4289 20-24).
1069 4218 1184 4274 Νοιι
1217 4219 1393 4290 itaque
1433 4219 1708 4288 iustiﬁcati
1747 4236 1842 4291 per

253 4306 425 4376 legem
447 4347 466 4374 ,
496 4322 604 4360 non
625 4306 900 4378 iustiﬁcati
927 4322 1023 4378 per
1051 4309 1318 4379 propriam
1345 4309 1670 4364 voluntatem
1701 4327 1714 4364 :
1745 4311 1838 4366 sed

241 4396 521 4466 iustiﬁcati
570 4399 728 4470 gratis
766 4415 855 4469 per
903 4399 1118 4469 gratiam
1155 4400 1355 4470 ipsius;
1393 4413 1500 4455 non
1545 4399 1686 4470 quod
1723 4399 1842 4456 sine

253 4489 534 4544 voluntate
563 4501 742 4545 nostra
769 4490 880 4559 ﬁat,
913 4490 1006 4547 sed
1047 4491 1292 4547 voluntas
1323 4500 1504 4547 nostra
1545 4493 1842 4548 ostenditur

247 4580 468 4636 inﬁrma
507 4597 604 4652 per
647 4584 838 4654 legem,
889 4593 948 4638 ut
988 4592 1143 4640 sanet
1180 4586 1348 4655 gratia
1391 4585 1744 4650 voluntatem.
1789 4597 1844 4643 et

246 4679 442 4726 sanata
467 4671 716 4728 voluntas
756 4674 974 4744 impleat
1017 4675 1210 4745 legem,
1260 4689 1364 4730 non
1406 4676 1699 4734 constituta
1743 4679 1843 4734 sub

245 4761 392 4831 lege,
425 4776 527 4816 nec
553 4762 796 4834 indigens
820 4763 956 4834 lege.
1278 4825 1280 4828 ,

317 4851 555 4910 CAPUT
593 4853 662 4910 X.
688 4884 762 4896 --
799 4855 888 4911 16.
923 4855 1188 4924 Quomodo
1223 4858 1369 4928 justo
1410 4874 1514 4913 non
1559 4861 1727 4931 posita
1770 4871 1842 4916 est

237 4946 352 5000 lex.
379 4945 632 5000 —Itisto
669 4947 815 5003 enim
861 4949 945 5004 lea:
995 4965 1096 5004 non
1141 4959 1214 5004 est
1258 4950 1423 5022 posita
1449 4966 1468 5004 :
1494 4967 1611 5023 qua:
1665 4961 1840 5008 tamen

236 5038 386 5093 bona
415 5045 513 5105 est,
541 5039 586 5093 si
608 5039 728 5117 quis
756 5055 818 5094 ea
855 5038 1074 5111 legitime
1101 5049 1294 5096 utatur.
1325 5041 1452 5098 Haec
1475 5041 1584 5098 duo
1613 5035 1843 5113 Aposto-

231 5130 334 5184 lus
353 5128 506 5184 velut
531 5129 671 5184 inter
692 5143 751 5184 se
775 5131 1042 5186 contraria
1064 5140 1410 5197 connecteus,
1433 5141 1616 5187 monet
1639 5143 1844 5189 movet-

225 5236 353 5293 qne
399 5220 662 5276 lectorem
705 5221 774 5277 ad
818 5223 1255 5292 perscrutandam
1300 5225 1652 5294 qutestionem
1683 5235 1845 5298 atque

225 5313 588 5370 solvendam.
621 5313 902 5383 Quomodo
930 5315 1072 5370 enim
1115 5315 1248 5370 bona
1288 5327 1359 5370 est
1399 5317 1501 5383 lex,
1543 5318 1588 5372 si
1633 5318 1748 5390 quis
1785 5334 1847 5372 ea

227 5405 476 5476 legitime
500 5413 675 5458 utatur
702 5404 754 5478 (1
779 5399 914 5460 Tim.
943 5421 979 5472 ι,
1012 5405 1066 5471 9,
1095 5405 1190 5476 8);
1225 5406 1270 5461 si
1299 5407 1459 5462 etiam
1493 5408 1634 5478 quod
1668 5409 1846 5478 sequi-

299 5518 322 5549 ⁸
355 5513 588 5586 Plerique
610 5517 921 5586 manuscripti
945 5517 1107 5586 verbis
1140 5517 1245 5586 istis
1265 5523 1450 5578 carent,
1486 5529 1580 5568 non
1619 5531 1703 5581 per
1729 5516 1846 5581 legis

217 5575 530 5674 ἱικξετίιξηί,
547 5575 636 5648 sed
658 5589 746 5641 per
765 5575 972 5648 liberum
987 5575 1258 5629 arbitrium.

356 5638 455 5674 th
483 5638 619 5674 nhil-
646 5645 692 5674 οι
715 5639 825 5674 Inru-

356 5638 456 5687 Soli
483 5638 623 5697 editi,
645 5638 692 5690 el
711 5638 842 5689 huic.

293 5703 323 5738 ⁸
350 5709 451 5750 Hoc
473 5698 583 5749 loco
598 5703 906 5762 manuscripti
930 5705 1168 5752 omittunt.
1199 5700 1298 5750 Dei.

293 5765 322 5828 ξ
355 5768 560 5828 Attulit.
587 5770 638 5811 et
662 5762 886 5824 plerique
915 5773 1038 5824 “$5.,
1065 5777 1153 5813 non
1180 5764 1372 5825 adjutus
1409 5778 1434 5812 a
1461 5764 1578 5828 (ego.

291 5826 322 5860 ³
351 5824 508 5874 {ditio
530 5829 662 5878 tot,
684 5832 896 5872 sanetur.

1923 852 2099 919 debet,
2147 869 2246 924 qua
2293 863 2542 926 tanquam
2586 856 2874 929 pmdagogo
2918 857 3242 928 perducatur
3283 858 3348 913 ad
3389 875 3497 929 gra-

1925 944 2049 999 tiam
2082 944 2275 1019 (Galat.
2307 963 2384 1012 ιιι,
2411 946 2528 1017 24),
2557 962 2654 1017 per
2676 963 2836 1018 quam
2868 947 3038 1002 solam
3065 947 3208 1019 quod
3239 947 3324 1003 lex
3357 949 3499 1020 jubet

1925 1035 2091 1104 possit
2135 1035 2400 1106 implere?
2437 1037 2542 1093 Per
2581 1038 2766 1107 ipsam
2789 1038 2988 1110 quippe
3021 1037 3344 1110 justiﬁcatur
3382 1055 3506 1110 gra-

1928 1124 2014 1185 tis,
2067 1123 2120 1178 id
2165 1135 2268 1192 est,
2321 1127 2482 1182 nullis
2527 1140 2744 1182 suorum
2801 1141 3026 1198 operum
3087 1129 3511 1198 praecedentibus

1926 1215 2168 1279 meritis;
2217 1217 2438 1287 alioquin
2477 1219 2640 1291 gratia
2685 1219 2802 1288 jam
2845 1234 2952 1272 non
2999 1227 3070 1274 est
3115 1221 3281 1290 gratia
3319 1219 3507 1290 (Rom.

1925 1321 2002 1372 ιιι,
2033 1306 2088 1377 6)
2132 1323 2144 1359 :
2184 1307 2398 1378 quando
2437 1308 2652 1380 quidem
2692 1309 2814 1364 ideo
2847 1308 3028 1376 datur,
3072 1325 3178 1365 non
3216 1311 3338 1382 quia
3373 1311 3510 1366 bona

1927 1413 2088 1468 opera
2117 1397 2362 1467 fecimus,
2406 1399 2502 1457 sed
2543 1408 2600 1456 ut
2637 1415 2700 1456 ea
2746 1400 2924 1458 facere
2963 1402 3272 1469 valeamus;
3315 1402 3367 1458 id
3407 1412 3508 1470 est,

1927 1505 2032 1544 non
2076 1490 2198 1560 quia
2235 1491 2408 1562 legem
2451 1491 2806 1562 implevimus,
2837 1491 2933 1548 sed
2975 1503 3035 1546 ut
3071 1492 3242 1564 legem
3284 1493 3508 1564 implere

1929 1581 2213 1652 possimus.
2261 1581 2354 1638 Ille
2392 1582 2536 1638 enim
2580 1581 2732 1646 dixit,
2781 1580 2904 1637 Non
2947 1583 3058 1637 veni
3097 1583 3289 1638 solvere
3325 1585 3506 1654 legem,

1927 1669 2017 1725 sed
2053 1671 2262 1742 implere
2303 1670 2530 1744 (Matth.
2577 1688 2642 1740 v,
2685 1673 2792 1744 l7)
2835 1690 2848 1726 :
2892 1672 2960 1728 de
2998 1687 3106 1744 quo
3158 1673 3360 1729 dictum
3408 1683 3508 1738 est,

1938 1757 2168 1815 Vidimus
2211 1760 2428 1832 gloriam
2467 1763 2610 1832 ejus,
2649 1762 2864 1833 gloriam
2905 1761 3446 1834 tanquanLUnigeniti
3482 1780 3516 1816 a

1932 1849 2106 1915 Patre,
2149 1853 2352 1921 plenum
2389 1853 2556 1924 gratia
2591 1862 2636 1907 et
2669 1853 2876 1908 veritate
2915 1853 3107 1924 (Joan.
3150 1870 3189 1916 ι.
3219 1853 3344 1926 M).
3389 1853 3514 1908 limo

1929 1949 2012 1996 est
2047 1941 2214 2012 gloria
2251 1941 2321 1999 de
2362 1957 2466 2014 qua
2498 1942 2699 1999 dictum
2738 1952 2840 2010 est,
2886 1943 3074 2000 Omnes
3117 1947 3250 2000 enim
3277 1961 3514 2016 peccave-

1929 2041 2066 2098 runt,
2111 2043 2158 2087 et
2197 2042 2338 2104 egent
2377 2034 2541 2105 gloria
2563 2033 2660 2088 Dei
2694 2051 2712 2088 :
2750 2045 2805 2090 et
2840 2033 2956 2090 ha:c
2990 2044 3073 2090 est
3097 2033 3265 2106 gratia
3303 2034 3371 2090 de
3410 2051 3513 2104 qua

1930 2123 2182 2178 continuo
2220 2122 2366 2188 dicit,
2405 2122 2887 2196 Justiﬁcati‘gratis
2933 2139 3022 2194 per
3063 2123 3282 2196 gratiam
3324 2124 3508 2195 ipsius.

1932 2213 2162 2284 lnjustus
2203 2229 2333 2284 ergo
2377 2213 2614 2285 legitime
2661 2214 2784 2285 lege
2828 2213 3014 2280 utitur,
3070 2222 3129 2269 ut
3169 2216 3347 2284 justus
3377 2212 3510 2277 ﬁat;

1931 2304 2071 2376 quod
2095 2319 2216 2360 cum
2247 2304 2417 2360 factus
2455 2305 2629 2371 fuerit,
2659 2320 2725 2361 ea
2763 2305 2874 2376 jam
2912 2321 3017 2360 non
3047 2312 3224 2361 utatur
3264 2315 3514 2376 tanquam

1933 2396 2178 2452 vehiculo
2218 2412 2342 2452 cum
2370 2397 2690 2468 pervenerit,
2719 2397 2804 2452 vel
2848 2397 3042 2468 potius,
3085 2405 3143 2452 ut
3177 2412 3338 2467 supra
3376 2396 3517 2452 dicta

1933 2488 2277 2544 similitudine
2313 2489 2555 2558 Apostoli
2592 2497 2729 2554 utar,
2776 2495 3036 2558 tanquam.
3073 2487 3360 2558 padagogo
3396 2503 3516 2543 cum

1934 2581 2174 2636 eruditus
2221 2580 2400 2636 fuerit.
2443 2580 2724 2650 Quomodo
2766 2581 2908 2636 enim
2955 2580 3102 2652 justo
3148 2581 3231 2636 lex
3285 2593 3390 2634 non
3435 2589 3514 2634 est

1935 2672 2123 2740 posita,
2154 2671 2196 2726 si
2221 2678 2282 2726 ‘et
2301 2671 2446 2740 justo
2471 2680 2553 2727 est
2587 2671 2908 2738 necessaria,
2938 2687 3044 2726 non
3069 2687 3172 2741 qua
3197 2671 3426 2740 injustus
3450 2671 3519 2725 ad

1930 2762 2306 2831 justiﬁcantcm
2347 2764 2571 2834 gratiam
2613 2763 2952 2833 perducatur,
2999 2761 3092 2816 sed
3135 2777 3241 2832 qua
3284 2762 3520 2830 legitime

1930 2853 2038 2923 jam
2065 2855 2239 2923 justus
2267 2852 2484 2908 utatur?
2509 2853 2590 2908 An
2619 2851 2777 2917 forte,
2806 2853 2914 2907 imo
2939 2867 3063 2907 vero
3091 2867 3195 2906 non
3238 2850 3394 2916 forte,
3424 2851 3522 2904 scd

1937 2954 2102 3010 certe,
2129 2946 2208 3002 sic
2237 2944 2470 3016 legitime
2510 2946 2675 3000 utitur
2699 2947 2717 2977 ¹
2748 2945 2866 3016 lege
2883 2943 2994 3015 jam
3029 2943 3228 3014 justus,
3255 2957 3378 2998 cum
3401 2957 3519 2998 eam

1939 3035 2202 3092 terrendis
2233 3035 2456 3108 imponit
2482 3035 2709 3107 injustis,
2737 3043 2795 3090 ιιι
2818 3050 2938 3090 cum
2969 3043 3022 3090 et
3051 3035 3102 3089 in
3134 3032 3264 3104 ipsis
3286 3033 3523 3104 coeperit

1942 3128 2144 3184 iuolitm
2181 3127 2626 3198 concupiscentiae
2671 3127 2888 3182 morbus
2919 3127 3186 3182 incentivo
3207 3126 3524 3196 prohibitio.

1939 3220 2024 3275 nis
2051 3229 2106 3275 et
2137 3219 2362 3276 cumulo
2381 3219 2831 3290 prmvaricationis
2859 3219 3062 3290 augeri,
3093 3217 3399 3288 confugiant
3423 3233 3521 3289 per

1940 3312 2098 3369 fidem
2124 3313 2191 3370 ad
2228 3312 2605 3384 justiﬁcantem
2647 3312 2894 3382 gratiam,
2925 3319 2980 3367 et
3009 3327 3104 3381 per
3129 3310 3328 3368 donum
3359 3309 3522 3380 spiri-

1941 3413 2026 3460 tus
2054 3405 2312 3460 suavitate
2337 3403 2557 3472 justitia:
2585 3401 2830 3457 delectati
2857 3416 3069 3472 prunam
3099 3401 3291 3456 littera:
3315 3401 3522 3455 minan-

1943 3497 2010 3549 tis
2034 3493 2301 3550 evadant?
2348 3494 2421 3549 Ita
2458 3509 2563 3548 non
2591 3502 2746 3548 erunt
2771 3493 3056 3558 contraria,
3090 3507 3266 3564 neque
3295 3491 3438 3548 inter
3463 3505 3522 3546 se

1923 3587 2046 3642 ‘tiuo
2071 3587 2168 3642 ista
2197 3586 2523 3656 pugnabunt,
2558 3585 2804 3640 utetiam
2846 3585 3020 3654 justus
3065 3582 3202 3640 bona
3243 3583 3360 3654 lege
3389 3582 3526 3652 legi-

1943 3683 2069 3736 time
2106 3689 2316 3748 utatur,
2349 3687 2404 3734 et
2449 3685 2626 3734 tamen
2651 3677 2798 3748 justo
2827 3676 2912 3732 lex
2938 3677 3109 3746 posita
3141 3690 3246 3731 non
3273 3676 3383 3730 sit:
3416 3689 3523 3730 non

1941 3773 2082 3827 enim
2125 3787 2190 3827 ex
2229 3785 2291 3826 ea
2331 3769 2654 3840 justiﬁcatus
2687 3775 2790 3836 est,
2836 3767 2931 3823 sed
2975 3782 3042 3822 ex
3082 3766 3197 3837 lege
3241 3765 3387 3832 ﬁdei,
3414 3780 3524 3836 qua

1941 3861 2170 3919 credidit
2196 3861 2341 3916 nullo
2367 3859 2526 3916 modo
2555 3873 2712 3930 posse
2740 3873 2850 3914 suae
2877 3857 3170 3912 inﬁrmitati
3199 3853 3524 3926 adimplen-

1943 3953 2008 4008 da
2034 3968 2117 4021 ea,
2145 3969 2264 4023 quae
2301 3952 2383 4008 lex
2412 3951 2667 4006 factorum
2695 3951 2716 3982 ¹
2741 3949 2951 4020 juberet
2973 3988 2988 4012 ,
3020 3948 3122 4003 nisi
3149 3947 3327 4002 divina
3355 3948 3527 4018 gratia

1944 4045 2214 4099 Subveniri
3044 4042 3060 4049 “

2021 4137 2104 4191 17.
2137 4135 2262 4192 ideo
2291 4135 2436 4199 dicit,
2472 4134 2569 4190 Ubi
2595 4145 2667 4189 est
2710 4150 2829 4204 ergo
2868 4133 3106 4204 gloriatio
3144 4131 3272 4186 tua?
3301 4128 3526 4185 Exclusit

1945 4237 2036 4280 est.
2074 4225 2178 4279 Per
2200 4243 2350 4296 quam
2379 4224 2584 4296 legem?
2623 4223 2920 4294 factorum?
2947 4221 3066 4277 Non
3087 4263 3102 4288 ,
3131 4222 3220 4277 sed
3247 4238 3336 4292 per
3369 4222 3526 4292 legem

1945 4317 2066 4386 ﬁdei
2093 4316 2266 4388 (Rom.
2295 4332 2372 4381 ιιι,
2403 4317 2518 4386 9.7).
2566 4315 2690 4371 Sive
2713 4313 3314 4386 gloriationem‘dixerit
3337 4302 3528 4370 lauda-

1945 4409 2128 4474 bilem,
2153 4423 2270 4477 qum
2301 4408 2352 4463 in
2380 4407 2609 4463 Domino
2631 4415 2735 4474 est,
2764 4422 2988 4478 eamque
3015 4407 3312 4476 exclusam,
3341 4407 3394 4462 id
3423 4417 3525 4475 est,

1948 4515 2054 4555 non
2085 4508 2142 4552 ut
2164 4497 2474 4554 abscederet
2501 4498 2706 4569 pulsam
2729 4540 2742 4565 ,
2770 4497 2863 4554 sed
2909 4508 2964 4552 ut
3006 4499 3270 4556 emineret
3297 4513 3524 4568 expres-

1948 4606 2080 4646 sam.
2130 4589 2280 4645 Unde
2315 4601 2368 4645 et
2409 4589 2716 4646 exclusores
2758 4588 3008 4645 dicuntur
3048 4589 3263 4661 quidam
3293 4588 3528 4645 artiﬁces

1948 4681 2252 4752 argentarii.
2299 4681 2435 4737 llinc
2471 4689 2555 4736 est
2591 4688 2647 4736 ct
2694 4680 2825 4736 illud
2867 4682 2919 4735 in
2966 4681 3212 4746 Psalmis,
3257 4678 3327 4735 Ut
3361 4680 3534 4734 exclu-

1949 4771 2137 4826 dantur
2161 4772 2199 4826 ii
2224 4773 2310 4844 qui
2351 4773 2548 4842 probati
2584 4781 2699 4827 sunt
2735 4780 2944 4852 argento
2975 4769 3146 4844 (Psal.
3175 4784 3351 4833 um,
3379 4770 3443 4824 5!
3468 4768 3486 4838 )
3514 4788 3579 4825 :.

1952 4865 2053 4920 hoc
2089 4875 2192 4928 est,
2235 4875 2294 4920 ut
2332 4865 2601 4920 emineant
2638 4865 2728 4936 qui
2771 4865 2978 4935 probati
3015 4873 3142 4919 sunt
3179 4862 3392 4934 eloquio
3426 4862 3530 4917 Do-

1951 4957 2102 5011 mini.
2139 4955 2274 5011 Nam
2302 4964 2358 5010 et
2396 4955 2520 5010 alibi
2553 4954 2750 5010 dicitur
2785 4973 2800 5010 :
2840 4948 3062 5024 Eloqnia
3095 4953 3302 5008 Domini
3339 4953 3532 5021 eloquia

1951 5056 2108 5112 casta,
2151 5056 2416 5118 argentum
2450 5047 2566 5117 igne
2602 5045 2942 5100 examinatum
2983 5043 3156 5115 (l’sal.
3187 5058 3266 5110 ιιι,
3294 5043 3370 5114 7).
3411 5042 3538 5098 Sive

1951 5136 2320 5208 gloriationem
2359 5135 2604 5191 vitiosam
2643 5135 2710 5192 de
2750 5134 2997 5204 superbia
3038 5133 3340 5188 venientem
3385 5147 3527 5187 com-

1951 5243 2252 5284 memorare
2294 5227 2560 5291 voluerit,
2605 5240 2789 5280 eorum
2835 5225 3078 5291 scilicet,
3127 5224 3216 5294 qui
3265 5238 3385 5279 cum
3437 5223 3535 5279 sibi

1946 5320 2093 5390 justo
2114 5318 2366 5374 videntur
2391 5318 2590 5382 vivere,
2621 5317 2690 5369 ita
2730 5315 3042 5386 gloriantur,
3069 5315 3222 5386 quasi
3250 5330 3355 5369 non
3384 5329 3540 5370 acce-

1952 5411 2171 5482 perint:
2201 5424 2428 5480 eamque
2465 5423 2573 5464 non
2613 5422 2706 5478 per
2736 5409 2905 5479 legem
2940 5408 3199 5464 factorum
3226 5408 3270 5476 ³,
3311 5407 3405 5466 sed
3442 5425 3533 5480 per

1955 5505 2128 5575 legem
2171 5502 2293 5558 ﬁdei
2333 5503 2462 5558 dicit
2501 5501 2795 5565 exclusam,
2844 5500 2896 5556 id
2935 5510 3036 5568 est,
3078 5503 3303 5574 ejectam
3347 5511 3403 5561 et
3438 5501 3536 5561 ab-

2020 5639 2034 5670 ¹
2062 5645 2109 5686 tn
2131 5643 2246 5686 ante
2272 5637 2482 5695 excissis,
2505 5639 2683 5684 uultur.

2019 5703 2038 5761 2
2065 5707 2162 5746 nuo
2183 5697 2356 5758 nelgici
2381 5707 2482 5746 Mss.
2511 5699 2756 5755 omittunt,
2781 5698 3030 5761 factorum.

2021 5760 2040 5791 ³
2066 5761 2196 5812 Milli,
2217 5756 2352 5821 quasi
2376 5773 2467 5807 non
2499 5756 2910 5820 «crepa-intem:
2939 5774 2955 5811 :
2981 5774 3122 5824 quant
3148 5772 3244 5812 non
3283 5772 3368 5823 per
3392 5756 3545 5822 legem

1960 5823 2205 5878 furtorum.
2233 5824 2530 5881 Izastigantur
2557 5836 2616 5870 ex
2649 5830 2749 5870 \tss.
