4002 6178
467 367 567 424 ΞΗ

465 480 702 552 jectam;
745 492 868 550 quia
905 490 1001 546 per
1039 475 1210 546 legem
1246 473 1366 530 ﬁdei
1410 476 1634 545 quisque
1669 474 1960 544 cognoscit,
2003 473 2044 525 si

467 569 595 640 quid
633 570 768 625 bene
805 567 970 632 vivit,
1013 566 1104 622 Dei
1141 567 1307 637 gratia
1343 581 1401 620 se
1451 566 1683 631 habere,
1730 575 1783 619 ct
1829 573 1886 619 ut
1929 579 2051 635 pcr-

471 663 676 718 ticiatur
714 661 766 716 in
803 658 1092 715 dilectione
1131 656 1372 728 justitim,
1417 674 1520 712 non
1565 672 1624 712 se
1670 655 1880 711 aliunde
1913 671 2042 711 con-

467 761 770 808 secuturum
779 787 792 802 .

535 839 759 896 CAPUT
789 838 880 894 XI.
910 867 982 879 —
1016 836 1108 894 {8.
1142 835 1385 892 Pietatem
1423 853 1528 892 esse
1578 836 1897 908 sapientiam.
1943 833 2045 888 Ju-

466 935 604 988 stitia
635 933 732 989 Dei
755 933 890 987 dicta
929 946 1082 1002 quant
1113 929 1247 984 Deus
1277 929 1420 999 facit.
1471 929 1599 997 Qua:
1624 927 1874 999 cogitatio
1901 927 2044 996 pium

466 1025 611 1094 facit,
651 1024 771 1095 quia
808 1023 978 1093 pictas
1015 1031 1100 1079 est
1140 1036 1264 1076 vera
1298 1021 1556 1092 sapientia
1587 1037 1602 1076 :
1641 1021 1889 1091 pietatem
1927 1019 2047 1075 dico

463 1133 624 1188 quam
653 1115 824 1175 Grtnci
851 1123 1119 1170 Θιοσὲϐειαν
1144 1121 1338 1168 vocant
1369 1129 1382 1166 :
1414 1112 1525 1181 ipsa
1552 1112 1748 1182 quippe
1774 1125 2048 1166 commen-

463 1209 588 1265 data
613 1217 715 1274 est,
759 1221 881 1262 cum
910 1205 1110 1262 dictum
1137 1215 1218 1260 cst
1252 1203 1473 1267 homini,
1515 1202 1656 1274 quod
1698 1203 1749 1258 in
1780 1202 1916 1257 libro
1943 1201 2045 1257 Joh

462 1298 675 1369 legitur,
703 1295 838 1351 Ecce
857 1296 1020 1366 pietas
1046 1302 1116 1350 est
1135 1293 1384 1364 sapientia
1415 1291 1534 1363 (Job
1568 1307 1736 1347 xxvm
1755 1333 1768 1355 ,
1789 1291 1902 1363 28).
1932 1299 2048 1346 Θεο-

463 1399 620 1445 σέειια
657 1403 819 1459 porro
853 1387 898 1442 si
943 1387 1012 1443 ad
1053 1387 1199 1442 verbi
1237 1387 1494 1456 originem
1539 1385 1702 1442 latine
1736 1399 2044 1455 expressam

463 1483 936 1552 interpretaretur,
973 1478 1068 1534 Dei
1097 1479 1268 1534 cultus
1308 1477 1412 1533 dici
1449 1484 1678 1546 poterat,
1726 1477 1815 1546 qui
1864 1477 1915 1530 in
1943 1474 2046 1530 hoc

462 1573 698 1628 maxime
719 1571 1040 1628 constitutus
1067 1579 1171 1636 est,
1209 1577 1268 1624 ut
1291 1568 1464 1623 anima
1493 1567 1540 1623 ci
1572 1583 1680 1622 non
1708 1567 1779 1621 sit
1815 1567 2041 1636 ingrata.

465 1663 619 1720 Unde
665 1671 720 1720 et
756 1664 808 1719 in
844 1663 961 1736 ipso
997 1661 1280 1718 verissimo
1321 1669 1375 1716 et
1413 1659 1668 1730 singulari
1700 1657 1996 1714 'sacriticio
2027 1699 2041 1723 ,

461 1757 690 1813 Domino
715 1755 827 1813 Deo
852 1763 1036 1811 nostro
1075 1768 1236 1821 agere
1263 1753 1460 1824 gratias
1505 1738 1874 1807 admonemur.
1933 1749 2046 1804 Erit

461 1858 640 1905 autem
658 1842 893 1919 ingrata,
920 1847 965 1903 si
990 1845 1131 1917 quod
1161 1845 1233 1900 illi
1263 1859 1328 1901 ex
1358 1845 1471 1900 Deo
1495 1853 1596 1908 est,
1637 1843 1737 1899 sibi
1779 1841 2042 1905 tribuerit,

462 1940 832 2010 praecipueque
853 1938 1136 2008 justitiam,
1176 1935 1327 2007 cujus
1365 1935 1619 2006 operibus
1648 1935 1790 1990 velut
1814 1934 2044 2004 prepriis

459 2041 513 2088 et
543 2031 685 2086 velut
721 2045 751 2084 a
793 2030 1077 2098 semetipsa
1117 2028 1331 2085 sibimet
1374 2026 1568 2096 partis,
1615 2040 1720 2081 non
1757 2024 2045 2095 vnlgariter

461 2133 710 2192 tanquam
737 2135 802 2175 ex
830 2119 1030 2174 divitiis
1069 2128 1159 2173 aut
1197 2117 1560 2172 membrorum
1609 2114 1776 2172 forma
1807 2123 1898 2198 aut
1927 2115 2042 2170 elo-

459 2213 697 2282 quentia,
731 2211 1066 2281 ceterisque,
1097 2209 1211 2265 sive
1246 2209 1482 2264 externis
1507 2209 1620 2263 sive
1660 2207 1905 2270 internis,
1929 2207 2042 2261 sive

460 2304 701 2372 corporis
723 2303 836 2358 sive
860 2300 1025 2356 animi
1050 2300 1224 2365 bonis,
1243 2314 1362 2369 qua:
1388 2297 1586 2353 habere
1611 2299 1770 2353 etiam
1795 2294 2042 2352 scelerati

459 2395 652 2461 solent,
699 2392 794 2450 sed
829 2403 1077 2462 tanquam
1122 2391 1190 2446 de
1227 2391 1293 2448 iis
1320 2405 1438 2460 qua:
1476 2390 1690 2460 proprie
1732 2396 1858 2444 sunt
1904 2389 2039 2444 bona

458 2485 720 2540 bonorum
755 2483 907 2556 quasi
940 2481 1211 2552 sapienter
1247 2483 1266 2516 ³
1295 2479 1529 2536 inﬂatur.
1559 2480 1675 2546 Quo
1695 2479 1822 2534 vitio
1845 2479 2040 2548 repulsi

459 2591 488 2628 a
515 2575 708 2632 divinae
736 2574 1027 2631 stabilitate
1063 2573 1396 2638 substantiae,
1425 2573 1585 2628 etiam
1612 2571 1789 2642 magni
1825 2569 2040 2640 quidam

457 2669 556 2723 vin
593 2667 660 2723 ad
700 2665 1012 2722 idololatria:
1039 2664 1272 2722 dedecus
1300 2663 1656 2720 deﬂuxerunt.
1707 2660 1862 2718 Unde
1896 2660 2038 2716 idem

457 2758 730 2828 apostolus
748 2759 800 2813 in
830 2757 1018 2814 eadem
1045 2755 1302 2826 Epistola,
1331 2756 1382 2810 in
1405 2770 1505 2824 qua
1535 2753 1824 2809 vehemens
1849 2751 2038 2808 defen-

457 2864 549 2904 sor
567 2857 650 2905 est
685 2849 887 2920 gratiae,
923 2863 1044 2904 cum
1069 2862 1130 2904 se
1171 2846 1395 2902 dixisset
1424 2861 1544 2902 esse
1589 2844 1788 2902 Graecis
1813 2859 1876 2899 ac
1905 2844 2038 2899 Bar-

458 2941 622 3006 baris,
653 2940 980 3010 sapientibus
1013 2949 1070 2995 et
1095 2938 1466 3008 insipientibus
1493 2936 1814 3000 debitorem,
1841 2943 1896 2990 et
1921 2934 2041 2990 ideo

457 3029 598 3099 quod
623 3029 689 3085 ad
717 3030 888 3099 ipsum
932 3029 1236 3096 pertineret,
1273 3037 1573 3099 promptum
1607 3041 1728 3083 esse
1757 3035 1811 3082 et
1841 3027 1924 3081 his
1948 3025 2037 3094 qui

456 3123 644 3176 Roma:
688 3129 869 3176 essent
917 3117 1326 3188 evangelizare:
1383 3117 1504 3172 Non
1552 3119 1685 3172 enim
1725 3115 2034 3188 confundor,

455 3213 650 3282 inquit,
677 3211 740 3266 de
771 3211 1046 3282 Evangelia
1074 3225 1093 3274 ,°
1123 3209 1282 3264 virtus
1306 3209 1439 3264 enim
1472 3208 1562 3262 Dei
1615 3217 1688 3263 est
1733 3209 1788 3263 in
1821 3209 2036 3262 salutem

459 3302 596 3356 omni
621 3302 862 3368 credenti,
889 3301 1075 3356 Judteo
1097 3299 1318 3372 primum
1345 3309 1390 3354 et
1421 3297 1619 3357 erco.
1664 3299 1875 3354 Iustitia
1905 3300 2036 3354 enim

458 3395 557 3449 Dei
579 3395 631 3448 in
652 3411 709 3449 eo
736 3393 986 3451 reveletur
1015 3410 1077 3448 ea!
1097 3393 1200 3464 [ide
1222 3393 1274 3448 in
1303 3393 1474 3462 ﬁdem,
1505 3395 1634 3449 sicut
1667 3394 1912 3463 scriptum
1936 3401 2032 3458 est,

457 3484 638 3540 Justus
663 3494 826 3540 autem
853 3501 917 3539 ea:
944 3483 1045 3553 ﬁde
1070 3483 1205 3538 vivit.
1268 3483 1392 3538 llrc
1417 3493 1499 3540 est
1522 3483 1728 3554 justitia
1757 3484 1847 3539 Dei
1875 3525 1888 3547 ,
1918 3499 2036 3554 quae

459 3577 514 3631 in
539 3575 878 3631 Testamento
909 3575 1085 3631 Veteri
1104 3575 1293 3638 velata,
1324 3576 1373 3630 in
1399 3573 1545 3631 Novo
1575 3575 1847 3632 revelatur
1876 3593 1890 3632 :
1916 3590 2036 3646 qua:

458 3665 580 3720 ideo
599 3665 803 3736 juSIitia
837 3664 928 3719 Dei
949 3663 1159 3730 dicitur,
1183 3665 1322 3738 quod
1349 3665 1702 3737 impcrtiendo
1721 3681 1840 3721 eam
1863 3667 2036 3736 ju~tos

457 3757 620 3824 facit;
660 3758 799 3815 sicut
827 3757 1029 3812 Domini
1049 3767 1121 3813 est
1148 3758 1288 3812 salus
1311 3757 1482 3828 (Psal.
1511 3773 1591 3825 ιιι,
1622 3758 1696 3826 9),
1740 3774 1843 3829 qua
1865 3759 2040 3815 salvos

458 3849 602 3907 facit.
630 3851 698 3906 Et
725 3849 838 3906 haec
864 3858 948 3906 est
968 3849 1118 3916 ﬁdes,
1148 3864 1212 3904 es
1239 3865 1341 3920 qua
1363 3860 1417 3905 ct
1442 3849 1494 3905 in
1519 3865 1674 3920 quam
1705 3850 1726 3882 ⁸
1748 3851 2036 3917 revelatur,

458 3957 528 3998 ex
557 3941 660 3997 ﬁde
683 3940 886 3998 scilicet
907 3941 1355 4004 annuntiantium,
1381 3942 1432 3996 in
1455 3941 1613 3996 ﬁdem
1636 3941 1996 3998 obedientium
2023 3961 2036 3996 :

457 4049 560 4103 qua
589 4032 691 4088 tidc
730 4031 856 4088 Jesu
903 4029 1124 4096 Christi,
1171 4031 1222 4086 id
1271 4038 1374 4094 est,
1411 4047 1572 4102 quam
1614 4032 1770 4088 nobis
1813 4033 2038 4089 contulit

458 4124 724 4190 Christus,
770 4123 1039 4180 credimus
1081 4138 1148 4179 ex
1193 4122 1305 4180 Deo
1352 4123 1505 4200 nobis
1548 4138 1687 4188 esse,
1727 4124 2041 4194 pleniusque

456 4214 690 4270 futurum
715 4229 834 4270 esse
853 4213 993 4284 q-uod
1011 4213 1154 4283 jnste
1173 4213 1401 4269 vivimus
1427 4231 1440 4279 ;
1467 4213 1606 4270 unde
1632 4213 1705 4270 illi
1726 4229 1788 4270 ea
1821 4214 2037 4284 pietate,

456 4323 560 4376 qua
589 4307 736 4362 solus
755 4307 1010 4362 colendus
1035 4315 1140 4374 est,
1161 4298 1357 4377 gr‘atias
1383 4307 1609 4378 agimus.

527 4395 754 4452 CAPUT
779 4396 893 4452 XII.
921 4426 993 4438 —-
1013 4395 1100 4452 l9.
1127 4395 1359 4468 Cognitio
1387 4397 1482 4453 Dei
1509 4415 1598 4470 per
1621 4409 1900 4454 creaturas.
1926 4398 2036 4454 Lex

456 4487 566 4544 sine
583 4485 764 4557 gratia.
797 4485 904 4541 Nec
926 4485 1190 4542 immerito
1209 4500 1269 4543 se
1290 4488 1573 4557 Apostolus
1593 4493 1657 4544 ex
1683 4489 1784 4545 hoc
1809 4490 2036 4545 articulo

456 4577 722 4633 convertit
756 4575 822 4632 ad
851 4591 945 4632 cos
978 4591 1098 4634 cum
1139 4577 1491 4635 detestatione
1519 4565 2039 4647 commemorandos,

457 4669 546 4738 qui
582 4667 710 4723 vitio
749 4666 861 4734 illo,
901 4666 1044 4738 quod
1069 4669 1314 4738 superius
1341 4673 1656 4740 memoravi,
1700 4673 1844 4729 leves
1873 4682 1928 4730 et
1953 4675 2036 4728 in-

458 4763 587 4825 nati,
611 4776 674 4816 ac
697 4776 792 4831 per
809 4774 870 4818 se
909 4760 1055 4832 ipsos
1077 4761 1222 4816 velut
1260 4775 1356 4832 per
1385 4761 1544 4818 inane
1567 4763 1781 4830 sublati,
1816 4766 1905 4821 ubi
1933 4783 2037 4821 non

455 4855 886 4923 requiescerent.
931 4853 1025 4910 sed
1069 4853 1221 4910 fracti
1268 4854 1598 4923 dissilirent,
1646 4857 1698 4912 in
1745 4857 1992 4930 ﬁgmenta
2023 4859 2042 4891 ‘

435 4947 718 5001 violaturum
751 4952 999 5016 tanquam
1029 4947 1082 5001 in
1113 4945 1318 5018 lapides
1354 4947 1688 5004 deciderunt.
1731 4949 1865 5018 Quia
1896 4953 2037 5007 enim

454 5037 923 5093 t-«nnmendavcrat
963 5037 1215 5108 pietatem
1267 5038 1385 5096 fidei
1411 5081 1426 5107 ,
1470 5056 1572 5112 qua
1617 5043 1727 5099 Deo
1767 5043 2041 5115 justiticati

452 5129 586 5193 grati
631 5143 753 5184 esse
799 5129 1087 5197 debemus,
1123 5131 1269 5186 velut
1307 5121 1632 5194 contrarium
1675 5136 1817 5204 quod
1855 5137 2040 5194 detes-

456 5233 690 5275 taremur
709 5221 1042 5278 subinl'erens
1071 5240 1085 5276 :
1118 5221 1389 5278 Reuelatur
1423 5225 1578 5292 enim,
1623 5226 1811 5297 inquit,
1839 5229 1917 5282 ira
1948 5229 2042 5284 Dei

455 5310 518 5363 de
546 5310 671 5366 calo
698 5328 848 5382 super
884 5329 1084 5372 omnem
1119 5315 1426 5386 impietatem
1458 5325 1504 5370 et
1538 5317 1838 5388 injustitiam
1878 5321 2042 5374 Itami-

522 5555 538 5622 ξ
565 5553 704 5615 Editi,
724 5561 771 5606 et
792 5553 856 5622 in_
869 5553 1121 5622 singulari.
1166 5557 1338 5622 Al)t_38t_.
1373 5557 1450 5616 in,
1475 5571 1500 5622 ξι
1537 5561 1889 5622 manuscriptis.

521 5619 542 5649 ⁸
567 5624 669 5667 nuo
691 5610 738 5668 ’θ
776 5610 982 5679 Belgicis
1018 5619 1270 5679 manuscril
1291 5619 1352 5668 tis
1396 5610 1646 5679 entittuut,
1671 5610 1809 5684 quasi
1849 5620 2037 5684 sapien-

511 5691 550 5727 Γ.
652 5706 682 5727 η.

461 5684 543 5810 (cf
567 5740 702 5810 aliti.
727 5737 845 5790 etin
880 5751 990 5810 qua,
1039 5739 1355 5810 l-ftpmuiantur
1393 5757 1452 5789 ex
1501 5745 1850 5806 maaus'criﬁts.
1889 5775 1900 5783 κ

521 5803 543 5840 ⁵
563 5800 928 5858 umbroaensis
952 5808 1028 5847 Ms.
1039 5830 1052 5851 .
1075 5800 1356 5862 (amnicum.

1401 359 1486 416 DE
1527 359 1793 444 SPIRITU
1835 359 1922 414 ET
1963 357 2283 424 LlTTERA,
2336 359 2391 414 S.
2435 361 2800 418 AUGUSTINI

3637 371 3747 426 212

2161 489 2280 525 num
2322 490 2491 527 eorum
2533 477 2620 544 qui
2655 477 2906 530 veritatem
2948 475 2999 530 in
3038 479 3286 550 irqustitia
3315 481 3534 536 detinent
3567 499 3585 536 :
3626 489 3752 553 quia

2155 569 2292 635 quod
2311 577 2482 618 notum
2509 577 2580 619 est
2609 565 2723 632 Dei,
2745 569 3066 637 manifestum
3092 580 3165 624 est
3192 570 3245 624 in
3271 571 3374 626 illis
3401 589 3418 638 ;
3453 571 3588 627 Deus
3613 577 3748 632 enim

2156 656 2256 708 illis
2283 657 2640 726 manifestavit.
2671 656 2952 712 lnuisibilia
2970 659 3102 712 enim
3123 661 3254 730 ejus,
3279 679 3312 714 α
3333 675 3566 718 creatura
3594 683 3746 720 mun-

2155 747 2238 810 di,
2282 763 2370 816 per
2411 763 2468 802 ea
2510 763 2626 818 qua:
2652 748 2787 817 facta
2837 758 2986 816 sunt,
3025 750 3278 804 intellecta
3325 755 3745 821 conspiciuntur;

2153 840 2454 907 sempiterna
2494 855 2689 912 quoque
2731 841 2883 895 uirtus
2923 842 3032 910 ejus
3076 857 3136 894 ac
3179 841 3416 898 diuinitas
3437 887 3450 909 ,
3490 855 3542 898 ut
3585 846 3602 878 ⁸
3640 847 3747 900 sint

2151 928 2516 982 inexcusabiles
2555 945 2574 982 :
2601 931 2719 1000 quia
2756 939 3107 1000 cognoscentes
3133 930 3318 999 Deum,
3361 949 3463 988 non
3495 945 3548 989 ut
3578 934 3748 990 Deum

2152 1021 2558 1090 gloriﬁcauerunt
2578 1063 2592 1086 ,
2624 1031 2710 1074 aut
2736 1023 2926 1092 gratias
2962 1033 3169 1094 egerunt
3194 1067 3208 1090 ,
3237 1026 3328 1080 sed
3353 1037 3660 1082 evanuerunt
3690 1029 3748 1082 in

2153 1111 2534 1189 cogitationibus
2588 1111 2722 1176 suis,
2773 1121 2818 1166 et
2861 1105 3186 1168 obscuratum
3239 1126 3311 1170 est
3363 1117 3608 1187 insipiens
3653 1136 3749 1173 cor

2153 1217 2367 1256 eorum:
2399 1201 2618 1256 dicentes
2649 1219 2704 1257 se
2737 1219 2845 1258 esse
2878 1203 3161 1275 sapientes,
3188 1205 3328 1260 stulti
3371 1208 3495 1278 facti
3526 1219 3662 1275 sunt,
3699 1219 3749 1262 et

2153 1303 2462 1350 mutaverunt
2487 1295 2703 1366 gloriam
2730 1297 3124 1367 incorruptibilis
3161 1297 3254 1352 Dei
3280 1299 3332 1352 in
3356 1282 3747 1356 similitudine-iu

2151 1385 2385 1456 imaginis
2415 1369 2752 1454 corruptibilis
2771 1385 3010 1454 hominis,
3039 1397 3084 1442 et
3112 1389 3390 1452 uolucrum,
3433 1401 3479 1446 et
3507 1393 3745 1461 quadru-

2153 1475 2356 1544 pedum,
2382 1486 2428 1530 et
2453 1477 2757 1547 serpentium
2787 1475 2961 1550 (Rom.
2983 1493 3020 1544 l,
3056 1479 3268 1548 14-23).
3317 1481 3447 1536 Vide
3473 1483 3740 1552 quemad~

2152 1564 2365 1620 modum
2407 1580 2516 1620 non
2552 1580 2647 1622 eos
2692 1566 2886 1622 dixerit
2907 1569 3145 1623 veritatis
3185 1570 3422 1640 ignaros,
3460 1573 3553 1627 sed
3591 1573 3744 1643 quod

2151 1656 2424 1710 veritatem
2447 1657 2498 1710 in
2519 1657 2795 1727 iniquitate
2815 1658 3157 1716 detinuerint.
3191 1662 3324 1729 Quia
3354 1666 3514 1719 vero’
3539 1680 3740 1720 occur-

2151 1748 2302 1802 rebat
2345 1748 2544 1814 animo,
2575 1757 2634 1804 ut
2661 1761 2992 1819 qumreretur
3020 1751 3160 1808 unde
3188 1753 3296 1807 illis
3338 1769 3460 1810 esse
3503 1759 3746 1826 potuerit

2149 1837 2378 1908 cognitio
2418 1839 2678 1904 veritatis,
2701 1839 2896 1910 quibus
2943 1841 3082 1896 Deus
3123 1841 3298 1912 legem
3330 1859 3434 1899 non
3475 1845 3740 1911 dederat;

2151 1943 2325 1998 neque
2351 1925 2453 1983 hoc
2475 1929 2640 1983 tacuit
2665 1929 2807 1985 unde
2833 1928 3031 1987 habere
3060 1933 3366 2001 potuerint:
3393 1949 3488 2004 per
3507 1935 3742 1992 visibilia

2151 2034 2380 2089 namque
2405 2029 2665 2075 creatura:
2694 2021 3000 2090 pervenisse
3031 2038 3124 2077 eos
3162 2022 3297 2078 dixit
3327 2024 3392 2080 ad
3425 2027 3736 2098 intelligen-

2151 2111 2275 2164 tiam
2324 2111 2664 2166 invisibilinm
2694 2111 3016 2168 Creatoris'.
3057 2113 3321 2182 Quoniam
3351 2131 3560 2184 revera,
3593 2119 3740 2172 sicut

2151 2220 2337 2274 magna
2382 2205 2626 2276 ‘ingenia
2675 2221 2918 2275 qumrere
2960 2209 3326 2280 perstiterunt,
3373 2209 3454 2265 sic
3495 2210 3742 2268 invenire

2151 2304 2454 2364 potuerunt.
2506 2295 2605 2352 Ubi
2650 2311 2780 2368 ergo
2823 2297 3106 2367 impietas?
3155 2299 3288 2364 Quia
3332 2299 3580 2356 videlicet
3617 2319 3738 2356 runt

2147 2389 2490 2458 cegnovisseut
2535 2386 2718 2453 Deum,
2758 2405 2858 2443 non
2908 2389 3034 2444 sicut
3088 2389 3252 2444 Deum
3301 2393 3737 2463 gloriﬁcaverunt,

2145 2488 2233 2533 aut
2273 2480 2462 2550 gratias
2505 2489 2732 2550 egerunt,
2768 2480 2858 2535 sed
2907 2492 3216 2536 evanuerunt
3254 2483 3308 2537 in
3347 2483 3740 2554 cogitationibus

2147 2571 2270 2628 suis.
2293 2569 2492 2626 Eorum
2515 2571 2729 2641 proprie
2749 2573 2956 2628 vanitas
2981 2574 3201 2628 morbus
3221 2583 3324 2643 est,
3345 2575 3471 2646 qui“
3499 2591 3557 2630 se
3582 2575 3736 2645 ipsos

2145 2658 2428 2728 seducunt,
2459 2658 2588 2716 dum
2631 2659 2878 2716 videntur
2918 2661 3019 2716 sibi
3046 2663 3244 2733 aliquid
3283 2678 3402 2719 esse
3429 2678 3550 2720 cum
3597 2665 3736 2722 nihl.

2147 2752 2253 2807 sint
2283 2751 2479 2824 (Galat.
2519 2769 2597 2820 v1,
2641 2752 2716 2824 5).
2771 2753 3010 2825 Denique
3056 2754 3158 2810 hoc
3210 2764 3420 2811 tumore
3465 2756 3736 2826 superbiae

2147 2858 2267 2899 sese
2315 2843 2716 2908 obmnbrantcs,
2749 2843 2899 2914 cujus
2941 2844 3132 2914 pedem
3162 2845 3262 2900 sibi
3293 2861 3398 2900 non
3428 2847 3610 2901 venire
3638 2847 3729 2902 de-

2149 2943 2393 3004 precatur
2417 2943 2631 2990 sanctus
2656 2935 2742 2990 ille
2767 2947 2952 2990 cantor
2967 2935 3007 3002 ⁸,
3027 2937 3116 3006 qui
3141 2936 3304 3002 dixit,
3333 2936 3399 2991 In
3425 2939 3614 2992 lumine
3639 2948 3734 2992 tuo

2145 3025 2416 3081 ridebimus
2447 3025 2614 3080 lumen
2647 3025 2826 3095 (Psal.
2862 3043 3028 3091 xxxv,
3073 3028 3162 3092 l2,
3199 3029 3322 3100 10);
3375 3028 3443 3084 ab
3484 3031 3600 3099 ipso
3644 3028 3736 3083 lu-

2147 3117 2290 3173 mine
2333 3117 2786 3172 incommutabilis
2815 3118 3052 3172 verilatis
3083 3119 3260 3173 aversi
3297 3128 3442 3186 sunt,
3473 3128 3520 3173 et
3547 3117 3736 3173 obscu-

2145 3217 2312 3262 ratum
2353 3217 2428 3262 est
2472 3207 2714 3278 insipiens
2762 3225 2849 3261 cor
2898 3225 3089 3262 eorum.
3153 3207 3270 3264 Non
3317 3209 3458 3264 enim
3517 3210 3736 3278 sapiens

2145 3315 2258 3363 cor,
2284 3299 2526 3370 quamvis
2551 3299 2924 3370 cognovissent
2961 3299 3165 3366 Deum;
3198 3300 3293 3356 sed
3341 3301 3595 3372 insipiens
3634 3317 3737 3369 pec

2149 3392 2271 3454 tius,
2296 3389 2417 3460 quia
2449 3405 2554 3444 non
2583 3389 2722 3444 sicut
2749 3389 2914 3444 Deum
2942 3389 3390 3458 gloriﬁcaverunt,
3415 3401 3504 3444 ant
3529 3391 3734 3460 gratias

2145 3489 2388 3550 egerunt.
2421 3478 2566 3534 Dixit
2587 3479 2732 3534 enim
2765 3480 2978 3543 homini,
3012 3478 3140 3534 Ecce
3165 3481 3326 3551 pietas
3345 3490 3416 3534 est
3440 3480 3697 3549 sapientia
3721 3520 3736 3533 .

2145 3586 2210 3628 ac
2238 3586 2333 3640 per
2357 3572 2460 3627 hoc
2501 3571 2718 3626 dicentes
2747 3588 2799 3626 se
2825 3588 2930 3626 esse
2953 3572 3228 3643 sapientes,
3260 3573 3401 3644 quod
3430 3589 3536 3628 non
3575 3573 3731 3628 aliter

2147 3663 2546 3735 intelligendum
2587 3673 2690 3728 est,
2734 3663 2859 3732 nisi,
2907 3664 3007 3720 hoc
3047 3665 3221 3735 ipsum
3267 3665 3367 3721 sibi
3413 3665 3737 3730 tribuentes,

2145 3757 2288 3832 stulti
2315 3758 2439 3828 facti
2462 3765 2599 3812 sunt.

2216 3849 2307 3904 20.
2337 3849 2454 3906 Jam
2484 3864 2603 3919 qua:
2631 3858 2930 3920 sequuntur
2959 3849 3084 3919 quid
3105 3865 3239 3920 opus
3267 3858 3350 3906 est
3376 3849 3593 3906 dicere?
3628 3849 3744 3908 Per

2147 3941 2286 3996 hanc
2323 3941 2520 4012 quippe
2561 3941 2890 4011 impietatem
2923 3942 2998 3997 illi
3044 3941 3309 4007 homines,
3349 3943 3446 4011 illi,
3489 3943 3742 4012 inquam,

2146 4034 2392 4090 homines
2411 4033 2502 4103 qui
2535 4049 2629 4104 per
2648 4042 2944 4089 creaturam
2963 4035 3092 4090 Crea
3101 4044 3268 4091 torem
3289 4049 3613 4104 cognoscere
3637 4050 3744 4104 po-

2150 4133 2382 4188 tuerunt,
2421 4139 2530 4194 quo
2581 4124 2836 4195 prolapsi,
2881 4139 3002 4180 cum
3055 4125 3196 4180 Deus
3241 4127 3484 4195 superbis
3534 4125 3748 4180 resistit

2149 4217 2353 4289 (Jacobi
2372 4233 2446 4284 tv,
2478 4216 2557 4288 6),
2581 4228 2741 4288 atque
2770 4217 2858 4272 ubi
2887 4217 3116 4273 demersi
3140 4219 3299 4283 sint',
3334 4217 3526 4272 melius
3566 4217 3747 4286 ipsius

2149 4309 2402 4380 Epistula:
2429 4309 2809 4380 consequentia
2846 4308 3062 4375 docent,
3091 4324 3250 4378 quam
3293 4308 3379 4364 hic
3405 4322 3745 4364 commento.

2148 4400 2328 4456 ratur'
2363 4415 2394 4454 a
2421 4399 2594 4454 nobis.
2628 4397 2814 4470 Neque
2841 4399 2983 4454 enim
3014 4400 3117 4454 isto
3145 4413 3310 4469 opere
3349 4398 3488 4454 hanc
3518 4399 3747 4469 Epistm-

2149 4493 2253 4546 lam
2282 4489 2652 4562 exponendam
2685 4489 3040 4561 suscepimus,
3061 4490 3156 4546 sed
3184 4491 3302 4561 ejus
3331 4492 3563 4546 maxime
3589 4495 3752 4546 testi-

2150 4584 2330 4640 monio
2355 4583 2727 4639 demonstrare
2750 4591 3007 4652 quantum
3049 4597 3334 4652 possumus
3361 4585 3600 4648 nitimur,
3631 4604 3752 4642 nun

2151 4678 2202 4731 in
2233 4690 2299 4732 eo
2327 4690 2426 4730 nos
2453 4673 2707 4730 divinitus
2733 4673 2973 4743 adjuvari
3010 4673 3078 4728 ad
3101 4675 3427 4744 operandam
3449 4675 3751 4746 justitiam.

2149 4765 2290 4836 qunti
2316 4766 2488 4836 legem
2507 4765 2650 4820 Deus
2673 4763 2822 4819 dedit
2849 4765 3060 4834 plenam
3090 4765 3245 4820 bonis
3269 4766 3575 4837 sanctisque
3602 4782 3760 4836 ιιι-ω-

2149 4859 2351 4926 captis;
2379 4855 2476 4912 sed
2503 4855 2645 4925 quod
2672 4854 2784 4925 ipsa
2811 4855 3292 4922 voluntasnostra,
3322 4856 3440 4911 sine
3467 4870 3573 4926 qua
3606 4871 3754 4926 epe-

2151 4948 2257 5002 rari
2307 4947 2506 5002 bonum
2549 4959 2654 5002 non
2708 4959 3026 5016 possumus,
3077 4944 3358 5016 adjuvetur
3407 4953 3462 5002 et
3504 4949 3754 5016 erigatur

2151 5040 2421 5110 impartito
2447 5037 2641 5109 spiritu
2686 5039 2892 5108 gratim,
2923 5037 3042 5093 sine
3070 5053 3175 5108 quo
3204 5039 3468 5110 adiutorio
3495 5039 3755 5097 doctrina

2151 5130 2238 5186 illa
2277 5131 2580 5186 littera-est
2599 5129 2872 5194 occidens,
2899 5129 3022 5199 quia
3053 5145 3175 5186 reos
3203 5132 3379 5200 potius
3417 5132 3758 5203 prtevarica-

2215 5317 2230 5346 ί
2257 5313 2395 5378 aditi,
2415 5313 2577 5378 itaut.
2603 5313 2767 5378 Abest,
2787 5314 2875 5373 ita,
2900 5327 2927 5365 a
2948 5321 3058 5378 mss.
3085 5322 3137 5366 et
3156 5327 3184 5364 a
3207 5327 3383 5378 graeco.

2214 5378 2234 5408 ²
2253 5373 2527 5487 mliti,
2547 5375 2848 5435 occurrebat,
2867 5377 3044 5427 omissa
3070 5373 3320 5441 [articulm
3344 5388 3471 5428 vero.

2215 5439 2238 5471 ⁸
2255 5437 2360 5487 Sola
2447 5439 2530 5487 'tio
2546 5443 2676 5487 ων..
2690 5436 2938 5487 invisibilis
2959 5438 3212 5487 Creatoris.

2215 5439 2238 5471 ³
2255 5437 2360 5488 Sola
2377 5436 2530 5488 editio
2546 5443 2676 5496 hom,
2690 5436 2938 5489 intisibilis
2959 5436 3212 5489 creaturis.

2215 5499 2237 5530 ⁴
2260 5507 2310 5548 In
2332 5507 2460 5558 Mss,
2482 5503 2554 5549 sic
2574 5512 2768 5563 magna.

2213 5563 2234 5625 ξ
2258 5568 2388 5618 Lov.,
2412 5573 2520 5624 quo.
2549 5562 2729 5612 Amet
2751 5569 2848 5621 Er.,
2872 5562 2986 5625 quia
3013 5575 3028 5612 :
3054 5564 3214 5613 minus
3237 5562 3386 5612 bene.

2213 5623 2233 5652 ⁸
2257 5623 2434 5671 Omnes
2455 5629 2583 5679 Mss,
2609 5630 2841 5672 cantator.

2215 5685 2411 5751 itiostri
2436 5698 2610 5733 omst
2635 5694 2758 5742 \Iss.,
2805 5693 2943 5743 atque
2986 5686 3065 5736 ubi
3085 5685 3322 5744 demersi,
3373 5686 3562 5746 metuas,
3609 5697 3756 5748 etc;

2151 5747 2344 5798 unum»,
2366 5747 2476 5794 sint.

2215 5807 2236 5840 '
2261 5811 2308 5858 in
2335 5812 2456 5866 “se,
2485 5818 2927 5859 commemorat-tur.
