4002 6178
226 353 335 409 iiii

225 470 386 526 tionis
414 476 583 531 tenet.
621 483 783 538 quam
819 467 1073 538 justiﬁeat
1113 467 1322 540 impios.
1366 466 1496 521 Nam
1538 466 1675 520 sicut
1712 464 1819 519 illis

225 577 319 630 per
385 568 696 617 creaturam
770 559 1130 630 cognitoribus
1197 558 1507 614 Creatoris‘
1572 571 1636 611 ea
1702 556 1815 623 ipsa

221 652 457 722 cognitio
499 652 634 705 nihil
678 649 880 720 profuit
918 650 987 705 ad
1025 650 1274 714 salutem,
1300 649 1419 718 quia
1461 656 1813 718 cognoscentes

223 741 406 808 Deum,
431 758 534 795 non
559 742 690 795 sicut
715 739 882 795 Deum
910 740 1339 812 gloriﬁcaverunt,
1367 746 1454 793 aut
1482 738 1673 809 gratias
1697 752 1815 807 ege-

224 842 363 897 runt,
397 832 623 885 dicentes
643 848 699 885 se
721 847 829 886 esse
861 831 1109 901 sapientes
1130 846 1148 883 :
1172 831 1240 884 ita
1263 844 1355 884 eos
1373 830 1461 899 qui
1484 844 1580 898 per
1603 828 1772 897 legem
1793 828 1812 857 ¹

222 921 1017 992 cognoscuntquemadmodum
1038 922 1107 974 sit
1133 920 1338 974 homini
1362 919 1667 981 vivendum,
1703 933 1805 971 non

218 1013 470 1081 justiﬁcat
482 1014 595 1084 ipsa
612 1013 867 1082 cognitio,
887 1012 1007 1083 quia
1030 1011 1246 1065 valentes
1266 1027 1409 1065 suam
1415 1011 1669 1080 justitiam
1686 1026 1778 1060 con
1790 1037 1811 1046 -

221 1104 455 1165 nituere,
471 1103 689 1173 justitia:
709 1102 805 1156 Dei
837 1119 935 1157 non
962 1111 1078 1156 sunt
1097 1101 1307 1172 subjecti
1334 1099 1507 1169 (Rom.
1538 1116 1593 1161 ι,
1621 1101 1695 1168 3).

287 1195 522 1251 CAPUT
572 1194 712 1251 XIII.
767 1224 840 1234 —-
893 1194 983 1249 2|.
1044 1192 1150 1248 Lea:
1185 1210 1390 1264 operum
1439 1202 1485 1246 et
1536 1191 1618 1246 lea:
1667 1191 1808 1259 ﬁdei.

223 1290 325 1344 Lex
356 1303 493 1358 ergo
543 1287 824 1354 factorum,
857 1286 908 1341 id
954 1297 1055 1348 εει,
1099 1301 1345 1355 operum,
1374 1300 1470 1355 per
1494 1298 1651 1355 quam
1702 1298 1806 1335 non

162 1350 193 1414 ’θ
222 1350 522 1435 excluditur
544 1379 629 1433 illa
658 1350 926 1449 gloriatio,
959 1386 1013 1433 et
1032 1378 1114 1433 lex
1140 1350 1294 1440 ﬁdei,
1330 1350 1422 1446 por
1442 1350 1599 1445 quam
1628 1373 1805 1428 exclu-

218 1472 380 1537 ditur,
401 1486 513 1541 quo
544 1470 683 1525 inter
710 1484 771 1524 se
800 1468 1064 1535 diﬁerant,
1094 1483 1271 1537 opera:
1300 1468 1526 1536 pretium
1564 1474 1647 1519 est
1674 1479 1805 1519 con-

219 1560 489 1615 siderare:
516 1560 561 1614 si
586 1571 763 1615 tamen
804 1558 1038 1614 valemus
1082 1558 1360 1612 advertere
1399 1566 1560 1627 atque
1599 1555 1804 1610 discer-

218 1668 361 1707 nere.
383 1651 508 1706 Cito
530 1650 705 1707 enim'
724 1651 949 1721 quisque
967 1648 1158 1705 dixerit
1177 1649 1346 1720 legem
1369 1662 1590 1719 operum
1612 1660 1730 1701 esse
1751 1646 1803 1699 in

215 1743 514 1810 Judaismo,
543 1743 712 1812 legem
755 1750 933 1796 autem
963 1739 1084 1796 ﬁdei
1124 1740 1177 1794 in
1215 1738 1646 1803 Christianismo,
1675 1750 1803 1806 pro-

219 1846 393 1903 (terea
424 1835 557 1904 quia
599 1833 937 1888 circumcisio
972 1841 1271 1901 etcteraque
1310 1844 1472 1900 opera
1506 1828 1629 1887 talia
1670 1827 1798 1896 legis

214 1936 353 1988 sunt,
387 1940 513 1994 qua:
544 1924 844 1979 Christiana
878 1923 989 1995 jam
1014 1922 1293 1992 disciplina
1319 1936 1425 1976 non
1458 1927 1634 1976 servat
1663 1935 1676 1972 :
1710 1918 1805 1973 sed

215 2023 468 2083 quantum
489 2013 640 2069 fallat
657 2014 759 2070 ista
777 2013 1044 2079 discretio,
1056 2014 1166 2083 jam
1182 2011 1272 2067 diu
1289 2010 1503 2082 quidem
1522 2021 1607 2065 est
1627 2017 1684 2064 ut
1699 2024 1805 2062 mo-

216 2107 367 2160 limur
382 2105 694 2171 ostendere,
714 2116 767 2162 et
782 2106 950 2160 acutis
964 2105 1029 2160 ad
1046 2101 1486 2176 dignoscendum,
1502 2101 1698 2171 tibique
1713 2116 1804 2169 po-

216 2200 479 2252 tissimum
511 2214 572 2253 ac
602 2198 796 2253 talibus
823 2197 1048 2253 fortasse
1066 2198 1176 2268 jam
1202 2195 1566 2252 ostendimus:
1592 2208 1803 2248 verum-

216 2300 388 2345 tamen
417 2290 671 2359 quoniam
705 2304 789 2345 res
820 2304 1007 2360 magna
1038 2297 1139 2355 est,
1169 2303 1272 2343 non
1303 2287 1717 2358 ineongruenter
1749 2285 1799 2339 in

218 2396 277 2435 ea
307 2378 702 2435 manifestanda
729 2380 966 2451 pluribus
988 2380 1146 2434 etiam
1174 2387 1334 2449 atque
1370 2378 1530 2432 etiam
1560 2378 1799 2432 testimo-

217 2470 313 2524 niis
338 2472 709 2524 immoramur.
729 2468 901 2540 Ipsam
919 2471 1061 2525 enim
1076 2468 1204 2524 dicit
1228 2469 1399 2539 legem
1425 2484 1488 2524 ex
1516 2484 1617 2538 qua
1644 2483 1801 2522 nemo

212 2564 550 2631 justiﬁeatnr,
583 2579 743 2635 quam
768 2564 897 2620 dicit
934 2564 1263 2619 subintrasse
1301 2572 1359 2618 ut
1383 2563 1679 2621 abundaret
1707 2564 1802 2619 de-

217 2657 393 2711 lictum
416 2654 595 2726 (Rom.
619 2672 672 2721 ν,
691 2656 806 2725 20),
828 2671 986 2726 quam
1013 2665 1190 2711 tamen
1217 2670 1283 2710 ne
1309 2656 1589 2727 quisquam
1612 2657 1680 2711 ob
1701 2656 1801 2712 hoc

218 2747 493 2816 imperitus
518 2754 763 2816 argueret
801 2754 858 2801 ct
897 2746 1187 2816 sacrilegus
1223 2756 1531 2813 accusaret,
1564 2746 1801 2801 defendit

215 2852 328 2890 eam
349 2879 365 2899 ,
410 2836 635 2891 dicens:
666 2854 686 2888 ι
721 2836 858 2903 Quid
900 2837 1343 2908 ergo‘diccmns?
1369 2838 1478 2893 Lex
1527 2847 1797 2906 peccatum

216 2926 329 2980 est?
356 2928 549 2981 Absit:
571 2925 667 2981 sed
695 2935 969 2995 peccatum
997 2942 1099 2982 non
1117 2928 1338 2998 cognovi
1358 2927 1457 2981 nisi
1480 2942 1572 2997 per
1589 2929 1757 2997 legem
1782 2944 1793 2979 :

215 3034 332 3072 nam
353 3018 842 3088 concupiscentiam
865 3018 1165 3073 nesciebam
1194 3019 1293 3074 nisi
1325 3018 1410 3073 lex
1435 3018 1657 3083 diceret,
1681 3017 1795 3073 Non

214 3111 578 3179 mncnpisces.
606 3108 897 3165 Occasione
922 3110 1099 3181 itaque
1120 3119 1335 3182 accepta
1355 3153 1370 3178 ,
1406 3118 1678 3180 peceatum
1702 3125 1798 3181 per

213 3199 518 3253 mandatum
547 3207 823 3269 operatum
845 3210 926 3255 est
959 3200 1009 3253 iu
1039 3215 1124 3255 me
1163 3216 1374 3255 omnem
1414 3202 1796 3273 concupiscen-

211 3290 356 3342 tiam.
393 3308 414 3341 ι
449 3289 588 3344 Dicit
612 3291 803 3356 etiam,
841 3307 863 3341 ι
908 3289 1019 3346 Lex
1063 3291 1276 3363 quidem
1311 3301 1524 3361 sancta,
1551 3301 1606 3349 et
1648 3310 1798 3350 man-

208 3380 386 3439 datum
418 3393 661 3441 sanctum
692 3383 963 3455 etjustum
985 3394 1037 3442 et
1065 3387 1261 3441 bonum
1283 3404 1296 3451 ;
1322 3385 1414 3442 sed
1441 3396 1713 3457 peccatum
1742 3397 1798 3444 ut

208 3488 461 3549 appareat
506 3487 814 3550 peccatum,
841 3494 938 3549 per
980 3479 1178 3533 bonum
1224 3479 1351 3534 mihi
1395 3488 1672 3549 operatum
1715 3491 1796 3537 est

208 3581 435 3625 mortem
472 3589 493 3623 ι
524 3569 634 3642 (Id.
665 3586 771 3639 vn,
803 3571 963 3641 7-I3).
999 3572 1114 3641 Ipsa
1143 3582 1226 3627 est
1267 3587 1395 3642 ergo
1436 3573 1610 3631 littera
1651 3577 1793 3630 occi-

206 3663 373 3721 deus.
402 3677 523 3732 qua:
564 3663 722 3729 dicit,
762 3682 780 3715 ι
818 3662 932 3719 Non
971 3664 1357 3737 concupisces:
1393 3685 1409 3716 ι
1440 3666 1509 3720 de
1533 3683 1637 3737 qua
1667 3668 1791 3723 item

207 3753 336 3808 dicit
382 3754 524 3824 quod
573 3754 728 3824 paulo
769 3762 895 3810 ante
937 3756 1385 3823 commemoravi,
1425 3776 1444 3809 ‹
1482 3758 1583 3811 Per
1625 3758 1793 3828 legem

205 3845 349 3899 enim
378 3844 613 3914 cognitio
654 3845 878 3915 peccati.
910 3844 1058 3901 Nunc
1082 3854 1258 3902 autem
1290 3847 1406 3901 sine
1434 3845 1552 3917 lege
1592 3846 1793 3917 justitia

208 3933 299 3989 Dei
321 3934 656 3989 manifestata
684 3943 797 4003 est,
824 3936 1099 3991 testiﬁcata
1124 3952 1221 4007 per
1245 3936 1442 4007 Legem
1469 3946 1522 3993 et
1550 3938 1793 4009 Pmphe-

206 4033 315 4089 tas,
340 4025 551 4095 justitia
573 4034 750 4082 autem
792 4027 882 4081 Dei
913 4043 1005 4097 per
1039 4026 1198 4082 ﬁdem
1224 4028 1350 4083 Jesu
1380 4027 1570 4084 Christi
1599 4030 1648 4083 in
1679 4045 1794 4084 om-

205 4132 300 4173 ius
343 4119 436 4189 qui
490 4118 715 4173 credunt
745 4136 758 4172 :
788 4134 891 4174 non
937 4118 1077 4173 cnim
1124 4119 1538 4184 estdistinctio.
1595 4120 1791 4176 Omnes

204 4210 347 4265 enim
401 4220 787 4279 peccaverunt,
836 4219 891 4265 et
937 4220 1095 4281 egent
1145 4210 1310 4281 gloria
1366 4211 1788 4280 Deizjustiﬁcati

203 4302 368 4371 gratis
392 4317 489 4371 per
511 4302 737 4371 gratiam
765 4302 929 4373 ipsius
949 4344 963 4368 ,
988 4317 1081 4371 per
1111 4301 1530 4372 redemptionem
1566 4318 1686 4371 quae
1708 4312 1789 4357 est

205 4392 260 4446 in
282 4391 496 4447 Christo
517 4390 671 4457 Jesu;
693 4408 850 4462 quem
869 4391 1143 4462 proposuit
1160 4393 1298 4448 Deus
1320 4391 1743 4463 propitiatorium
1770 4395 1789 4424 ⁵

204 4499 297 4552 per
327 4483 488 4538 ﬁdem
519 4483 570 4537 in
591 4483 849 4553 sanguine
870 4482 1066 4551 ipsius,
1095 4483 1159 4537 ad
1182 4484 1542 4539 ostensioucm
1567 4484 1787 4554 justitia:

192 4576 343 4645 eius.
375 4585 595 4645 propter
624 4575 953 4646 propositum
1001 4575 1414 4645 praecedentium
1447 4587 1783 4646 peccaturum

200 4667 253 4719 in
294 4666 390 4720 Dei
427 4665 712 4734 patientia,
735 4665 801 4720 ad
829 4665 1210 4722 ostendendam
1237 4665 1496 4734 justitiam
1542 4668 1705 4737 ipsius
1736 4668 1785 4722 iu

198 4757 298 4811 hoc
323 4765 604 4824 tempore,
635 4764 693 4809 ut
732 4756 802 4809 sit
834 4756 1007 4825 justus
1031 4766 1085 4811 et
1121 4755 1412 4826 justiﬁeans
1441 4773 1560 4813 cum
1604 4761 1691 4829 qui
1724 4776 1786 4815 ex

197 4848 301 4904 ﬁde
326 4857 415 4904 est
440 4848 588 4903 Jesu.
628 4865 648 4901 ι
680 4847 882 4903 Deinde
919 4847 1177 4903 subinfert
1205 4849 1343 4905 unde
1371 4865 1514 4905 nunc
1538 4851 1743 4920 agimus
1768 4871 1782 4907 :

200 4955 221 4988 s
254 4938 357 4994 Ubi
388 4944 473 4992 est
511 4952 639 5007 ergo
661 4936 908 5007 gloriatio
948 4938 1074 4992 tua?
1100 4938 1325 4994 Exclusa
1351 4948 1450 4994 est.
1498 4940 1599 4994 Per
1627 4956 1784 5011 quam

192 5027 409 5100 legem?
438 5026 738 5083 factorum?
761 5027 876 5082 Non
894 5069 906 5092 ,
939 5027 1033 5083 sed
1060 5045 1151 5098 per
1168 5029 1341 5101 legem
1366 5028 1488 5085 ﬁdei
1518 5048 1536 5082 ι
1569 5029 1679 5100 (Id.
1706 5047 1781 5094 III,

189 5118 282 5184 20;
309 5116 430 5191 27).
458 5119 569 5174 Lex
600 5134 732 5189 ergo
762 5118 861 5172 ista
890 5118 1148 5175 factorum
1176 5121 1286 5189 ipsa
1335 5129 1417 5177 est
1461 5137 1578 5191 qua:
1622 5121 1781 5189 dicit,

191 5208 315 5263 Non
343 5210 703 5279 concupisces:
727 5209 850 5279 quia
892 5223 987 5278 per
1015 5209 1155 5262 illata
1196 5209 1429 5279 cognitio
1455 5216 1654 5282 peccati
1683 5223 1781 5268 est.

190 5300 327 5356 Volo
354 5298 518 5369 igitur
542 5300 719 5366 scire,
750 5299 797 5353 si
822 5300 942 5369 quis
985 5300 1113 5355 mihi
1146 5300 1323 5355 dicere
1353 5302 1545 5356 audeat
1565 5345 1579 5369 ,
1608 5313 1782 5358 utrum

188 5392 271 5446 ch
305 5390 432 5444 ﬁdei
462 5405 565 5444 non
593 5390 767 5457 dicat,
792 5388 913 5444 Non
940 5392 1276 5460 concupisces.
1312 5392 1365 5446 Si
1399 5395 1538 5448 cnim
1572 5411 1675 5450 non
1703 5396 1784 5451 di-

187 5482 260 5538 cit
282 5524 297 5542 ,
331 5481 461 5551 quid
487 5498 664 5559 causa:
689 5490 774 5536 est
797 5497 893 5536 cur
930 5497 1035 5537 non
1064 5484 1114 5536 in
1149 5499 1209 5538 ea
1240 5485 1394 5552 positi
1426 5486 1594 5539 securi
1624 5497 1780 5557 atque
1838 5522 1847 5530 -

240 5617 266 5659 ﬁ
295 5615 453 5677 Nostri
467 5627 642 5677 omnes
658 5616 965 5677 nnnuscrilti
987 5617 1227 5674 ontittuut,
1251 5624 1417 5665 t‘m'n‘o
1447 5618 1503 5667 ἐκ.

247 5678 272 5707 ³
294 5678 379 5726 Hic
394 5676 512 5726 editi
538 5675 737 5730 addunt,
770 5684 868 5725 Iret.

251 5739 273 5771 ³
299 5746 407 5786 Inv.
434 5751 547 5786 cum
566 5735 811 5785 nonnullis
834 5747 953 5792 uss,
988 5746 1117 5786 Γίγιν
1144 5741 1281 5788 cuiu.

251 5801 271 5831 ⁸
300 5809 411 5849 tres
434 5816 464 5847 ρ
484 5801 632 5847 \aiic.
651 5808 738 5847 Mss
762 5832 775 5855 ,
798 5797 1059 5862 ρῖλομϋίγιν.
1079 5819 1167 5849 um.

1651 350 1855 406 LIBER
1898 347 2095 406 UNUS.

1930 462 2146 532 impune
2186 461 2630 532 peccemus‘illoc
2652 462 2793 519 enim
2823 473 2876 522 et
2908 465 2981 522 illi
3012 473 3330 537 putaverunt
3358 469 3508 539 Λρυ.

1926 551 2120 606 stolum
2148 551 2329 607 dicere
2348 594 2362 619 ,
2388 552 2458 610 de
2485 553 2674 624 quibus
2700 556 2772 609 ait
2797 574 2810 609 :
2834 553 2903 610 Et
2928 557 3054 610 sicut
3082 560 3255 612 dicunt
3277 574 3368 613 nos
3398 560 3508 629 qui-

1925 643 2041 695 dam
2070 643 2236 698 dicere
2258 685 2273 709 ,
2304 645 2550 716 faciamus
2585 634 2721 701 mala
2740 688 2754 713 ,
2782 656 2834 701 ut
2860 648 3060 703 ueniant
3098 649 3229 704 bona
3248 692 3262 716 ,
3291 667 3507 721 quarunt

1913 733 2167 801 judicium
2178 735 2375 804 justum
2397 746 2470 789 est
2492 737 2508 767 ί
2527 735 2701 805 (Rom.
2725 753 2799 803 ιιι,
2822 737 2901 810 8).
2927 738 2980 794 Si
3003 747 3177 794 autem
3204 740 3334 796 dicit
3347 743 3506 797 etiam

1924 823 2069 893 ipsa,
2104 821 2228 878 Non
2271 825 2622 895 concupisces;
2660 828 2800 882 sicut
2848 838 2950 881 tam
2982 832 3003 861 ³
3036 829 3201 883 multa
3242 841 3505 902 praecepta

1919 915 2225 985 evangelica
2269 924 2322 970 et
2367 919 2658 987 apostolica
2708 920 2978 975 testiﬁcari
3026 931 3079 976 ct
3123 923 3354 979 clamare
3398 940 3505 980 non

1920 1014 2357 1075 cessantzqttare
2412 1008 2513 1063 lex.
2559 1008 2815 1065 factorum
2854 1010 3014 1066 etiam
3060 1012 3174 1084 ipsa
3219 1030 3325 1072 non
3373 1016 3506 1070 dici-

1922 1096 2043 1150 tur?
2073 1095 2254 1166 Neque
2292 1098 2432 1152 enim
2459 1099 2578 1168 quia
2615 1116 2717 1155 non
2749 1099 2912 1156 habet
2952 1117 3114 1171 Opera
3156 1114 3395 1160 veterum
3422 1122 3506 1159 sa-

1917 1196 2312 1240 cramentorum
2339 1228 2354 1254 ,
2382 1189 2801 1245 circumcisionis
2848 1191 3094 1247 videlicet
3135 1204 3295 1265 atque
3340 1206 3503 1251 crete-

1920 1290 2120 1339 rorum,
2153 1275 2273 1331 ideo
2305 1293 2411 1332 non
2440 1288 2563 1332 sunt
2589 1293 2751 1349 opera
2778 1296 2898 1351 qua:
2928 1282 3086 1338 habet
3112 1284 3169 1338 in
3196 1299 3502 1342 sacramen-

1920 1365 1987 1419 tis
2012 1366 2122 1421 suis
2143 1365 2267 1423 huic
2298 1370 2523 1438 tempori
2552 1370 2572 1401 ³
2597 1373 2873 1442 congruis;
2896 1382 2989 1429 aut
3012 1390 3139 1431 vero
3162 1376 3229 1432 de
3252 1379 3504 1447 operibus

1918 1465 2372 1514 sacramentorum
2403 1465 2628 1531 quaestio
2655 1460 2771 1530 fuit,
2803 1465 3015 1534 quando
3044 1468 3245 1523 mentio
3275 1469 3405 1539 legis
3433 1471 3503 1526 ob

1919 1546 2019 1601 hoc
2065 1546 2250 1613 ﬁebat,
2285 1548 2405 1619 quia
2435 1565 2531 1620 per
2580 1551 2750 1621 ipsam
2778 1555 3013 1625 cognitio
3055 1558 3260 1627 peccati
3303 1569 3415 1626 est,
3447 1571 3500 1617 et

1915 1635 2032 1693 ideo
2057 1652 2120 1693 ex
2152 1654 2214 1694 ea
2243 1655 2400 1696 nemo
2419 1641 2742 1712 justiﬁcatur
2769 1663 2781 1699 :
2807 1646 2948 1702 unde
2973 1664 3078 1705 non
3111 1665 3206 1720 per
3232 1651 3374 1706 illam
3403 1667 3501 1707 ex-

1914 1728 2055 1782 clusa
2084 1737 2166 1784 est
2184 1728 2452 1801 gloriatio,
2483 1733 2576 1787 sed
2601 1749 2695 1804 per
2719 1734 2890 1806 legem
2917 1736 3072 1805 ﬁdei,
3103 1754 3165 1794 ex
3200 1756 3297 1810 qua
3323 1740 3501 1812 justus

1912 1817 2059 1871 vivit.
2088 1817 2192 1874 Sed
2222 1821 2475 1891 numquid
2501 1831 2555 1878 et
2581 1838 2677 1894 per
2705 1825 2859 1880 istam
2901 1841 3006 1882 non
3038 1829 3094 1883 Iit
3116 1831 3349 1901 cognitio
3377 1847 3501 1902 pec-

1911 1912 2035 1977 cati,
2067 1926 2187 1966 eum
2220 1920 2276 1969 et
2302 1914 2416 1984 ipsa
2441 1916 2602 1982 dicat,
2634 1916 2755 1973 Non
2786 1923 3144 1992 concupisces?
3398 1973 3402 1976 .

1980 2000 2069 2054 22.
2096 2001 2232 2068 Quid
2255 2003 2413 2073 igitur
2437 2006 2676 2071 interest,
2706 2008 2939 2066 breviter
2966 2012 3157 2067 dicam.
3182 2012 3336 2082 Quod
3360 2029 3497 2086 ope-

1912 2107 2028 2145 rum
2070 2093 2151 2147 lex
2194 2095 2444 2150 minando
2490 2096 2748 2166 imperat,
2790 2098 2892 2156 hoc
2922 2100 3045 2158 ﬁdei
3099 2102 3184 2158 lex
3224 2105 3495 2161 credendo

1911 2181 2177 2253 impetrat.
2225 2185 2317 2240 Illa
2344 2186 2500 2253 dicit,
2526 2186 2647 2243 Non
2675 2192 2995 2264 concupisces
3026 2191 3220 2265 (Exod.
3243 2212 3335 2264 xx,
3364 2195 3488 2267 I7);

1910 2275 2009 2329 ista
2033 2275 2191 2344 dicit,
2223 2276 2347 2332 Cum
2387 2281 2563 2333 scirem
2597 2283 2715 2351 quia
2740 2298 2885 2338 nemo
2911 2300 3021 2339 esse
3046 2294 3208 2354 potest
3236 2288 3494 2342 continens

1909 2364 2004 2418 nisi
2027 2364 2163 2420 Deus
2194 2367 2294 2433 det,
2327 2376 2372 2421 et
2410 2367 2503 2421 hoc
2541 2369 2708 2438 ipsum
2735 2379 2840 2425 erat
2867 2373 3130 2442 sapientiae
3150 2414 3165 2440 ,
3191 2376 3321 2431 scire
3346 2378 3493 2447 cujus

1912 2464 2037 2510 esset
2084 2455 2178 2510 hoc
2218 2456 2446 2525 donum;
2476 2458 2583 2513 adii
2629 2458 2929 2528 Dominum,
2975 2472 3023 2517 et
3066 2464 3361 2537 deprecatus
3380 2483 3494 2521 sum

1909 2548 2065 2619 (Sap.
2094 2566 2210 2618 vm,
2239 2549 2355 2623 ﬁl).
2385 2550 2502 2622 Ipsa
2530 2561 2613 2608 est
2644 2553 2728 2609 illa
2754 2554 3010 2625 sapientia
3037 2572 3156 2629 qua:
3180 2559 3350 2628 pictas
3389 2576 3489 2615 vo-

1907 2648 2075 2706 catur,
2096 2654 2197 2710 qua
2223 2640 2414 2696 colitur
2437 2641 2890 2713 Paterluminum,
2919 2661 2949 2700 a
2975 2662 3080 2717 quo
3104 2656 3187 2704 est
3209 2664 3370 2705 omne
3397 2650 3493 2704 da-

1910 2736 2017 2782 tum
2043 2729 2331 2799 optimum,
2356 2738 2409 2786 et
2442 2747 2602 2789 omne
2639 2733 2836 2789 donum
2878 2735 3167 2805 perfectum
3211 2737 3414 2811 (Jacobi
3450 2758 3489 2817 ι,¹

1908 2818 2018 2890 I7).
2049 2818 2255 2875 Colitur
2279 2830 2456 2877 autem
2482 2824 2744 2880 sacriﬁcio
2770 2825 2942 2881 laudis
2961 2827 3294 2900 actionisque
3323 2828 3345 2860 ⁸
3369 2845 3489 2901 gra-

1907 2910 2116 2977 tiarum,
2149 2917 2205 2966 ut
2223 2911 2395 2966 cultor
2414 2910 2531 2982 ejus
2557 2927 2661 2968 non
2692 2914 2744 2969 in
2770 2928 2830 2970 se
2868 2915 3004 2986 ipso,
3033 2915 3131 2975 sed
3171 2916 3226 2976 in
3258 2918 3351 2977 illo
3371 2919 3489 2994 glo-

1906 3001 2068 3056 rietur
2098 3001 2164 3075 (II
2184 3002 2300 3057 Cor.
2327 3019 2381 3072 χ,
2407 3004 2517 3079 I7).
2562 3006 2639 3064 Ac
2668 3021 2763 3079 per
2810 3005 2927 3083 hoc.
2950 3009 3068 3091 lege
3094 3026 3316 3083 operum
3361 3015 3489 3071 dicit

1904 3091 2209 3157 Deus,Fac
2236 3093 2376 3166 quod
2420 3096 2585 3168 jubeo
2610 3117 2621 3153 :
2650 3098 2765 3170 lege
2820 3098 2942 3156 ﬁdei
2989 3101 3185 3158 dicitur
3234 3104 3363 3173 Deo,
3414 3107 3484 3161 Da

1901 3184 2043 3255 quod
2065 3184 2241 3257 jubes.
2275 3186 2399 3243 Ideo
2427 3189 2571 3245 enim
2597 3190 2747 3261 jubet
2775 3192 2885 3262 lex,
2937 3202 2994 3249 ut
3023 3193 3307 3254 admoneat
3345 3201 3486 3270 quod

1901 3274 2059 3333 faciat
2077 3277 2238 3345 ﬁdes;
2269 3279 2321 3334 id
2346 3288 2461 3346 est,
2494 3291 2552 3338 ut
2576 3284 2659 3338 cui
2682 3283 2921 3356 jubetur,
2953 3286 2998 3342 si
3022 3288 3257 3344 nondum
3282 3299 3477 3361 potest.

1902 3368 2034 3423 sciat
2051 3369 2177 3439 quid
2220 3379 2364 3441 petat
2395 3390 2408 3426 :
2439 3372 2485 3427 si
2513 3382 2691 3429 autem
2738 3376 2992 3432 continuo
3040 3387 3244 3448 potest,
3278 3390 3333 3437 et
3360 3381 3487 3437 obe-

1900 3460 2109 3518 dienter
2134 3461 2279 3531 facit,
2308 3464 2466 3522 debet
2492 3467 2651 3522 etiam
2700 3468 2839 3525 scire
2882 3485 2988 3542 quo
3017 3471 3252 3530 donante
3292 3477 3484 3545 possit.

1904 3550 2025 3606 Non
2060 3553 2193 3607 enim
2233 3555 2469 3625 spiritum
2509 3557 2663 3627 hujus
2689 3558 2865 3613 mundi
2906 3562 3210 3631 accepimus,
3242 3566 3317 3620 ait
3345 3566 3483 3623 idem

1902 3642 2014 3712 ipse
2043 3645 2504 3713 constantissimus
2527 3647 2714 3718 gratia:
2745 3648 3096 3718 praedicator;
3123 3653 3215 3708 sed
3249 3656 3489 3726 spiritui):

1899 3735 1986 3804 qui
2009 3752 2072 3790 ea:
2097 3735 2206 3791 Deo
2232 3746 2325 3804 est,
2351 3748 2405 3791 ut
2430 3739 2649 3795 sciamus
2672 3755 2786 3809 qua:
2809 3757 2841 3795 a
2867 3740 2977 3797 Deo
3018 3743 3209 3798 donata
3246 3734 3363 3801 sunt
3391 3763 3489 3802 no-

1899 3825 1974 3879 bis
2004 3825 2047 3899 (l
2073 3826 2188 3880 Cor.
2223 3842 2281 3891 ιι,
2315 3826 2425 3902 I2).
2453 3828 2585 3897 Quis
2613 3838 2695 3885 est
2720 3839 2898 3887 autem
2920 3833 3140 3904 spiritus
3166 3836 3349 3892 mundi
3390 3838 3486 3893 hu-

1895 3918 1999 3987 jus,
2032 3918 2137 3972 nisi
2164 3920 2428 3990 superbia;
2453 3921 2710 3992 spiritus?
2738 3922 2856 3991 Quo
2880 3940 2972 3980 cor
2997 3925 3256 3996 insipiens
3284 3930 3481 3984 obscu-

1900 4019 2075 4063 ratum
2100 4018 2424 4079 esteorum,
2465 4013 2553 4084 qui
2582 4014 2850 4085 cognitum
2879 4015 3043 4072 Dcttm
3077 4032 3181 4073 non
3214 4026 3272 4073 ut
3315 4020 3483 4074 Deum

1897 4099 2094 4169 gratias
2114 4101 2319 4171 agendo
2347 4102 2779 4172 gloriﬁcaverunt
2809 4123 2822 4157 :
2848 4121 2946 4161 nec
2978 4106 3085 4161 alio
3114 4108 3307 4178 spiritu
3329 4108 3481 4166 deci-

1895 4189 2115 4261 piuntur
2139 4190 2298 4245 etiam
2340 4191 2451 4258 illi,
2504 4194 2596 4264 qui
2647 4193 2957 4264 ignorantes
2986 4197 3081 4252 Dei
3122 4198 3380 4269 justitiam
3429 4212 3487 4258 et

1897 4295 2046 4335 suam
2067 4279 2327 4350 justitiam
2357 4282 2595 4339 voIentes
2621 4285 2968 4352 constituere,
3001 4289 3226 4358 justitia:
3255 4292 3349 4348 Dei
3376 4310 3482 4347 non

1896 4379 2021 4425 sunt
2060 4370 2305 4442 Subjecti.
2348 4371 2505 4429 Unde
2552 4374 2682 4429 mihi
2734 4376 2945 4433 videtur
2987 4381 3157 4451 magis
3199 4397 3319 4453 esse
3360 4378 3482 4440 ﬁdei

1898 4463 2056 4530 ﬁlius,
2088 4465 2179 4534 qui
2221 4465 2369 4520 novit
2394 4480 2425 4520 a
2451 4481 2557 4536 quo
2596 4477 2776 4538 speret
2818 4470 2959 4539 quod
3006 4472 3244 4529 nondum
3285 4474 3480 4545 habet,

1895 4568 2051 4622 quam
2078 4553 2167 4624 qui
2191 4553 2294 4609 sibi
2320 4554 2501 4611 tribuit
2525 4555 2577 4612 id
2604 4556 2748 4628 quod
2771 4557 2961 4614 habet:
2988 4564 3232 4632 quamvis
3267 4566 3481 4637 utrique

1896 4642 2082 4698 horum
2112 4644 2471 4713 praeferendus
2498 4646 2603 4714 sit,
2641 4647 2730 4717 qui
2775 4658 2830 4703 ct
2856 4650 3014 4706 habet
3043 4662 3097 4707 et
3135 4655 3284 4709 novit
3312 4671 3343 4709 a
3371 4632 3477 4725 quo
3510 4632 3531 4649 Χ

1896 4732 2085 4799 habet;
2115 4735 2159 4790 si
2192 4743 2370 4792 tamen
2411 4751 2517 4792 non
2548 4752 2609 4793 se
2641 4739 2827 4795 credat
2865 4755 2986 4798 esse
3008 4743 3029 4775 '
3057 4745 3199 4813 quod
3243 4748 3479 4802 nondum

1894 4834 2007 4891 est;
2036 4841 2104 4881 ne
2124 4826 2326 4883 incidat
2355 4829 2409 4883 in
2453 4830 2637 4886 vitium
2675 4830 2820 4888 illius
2860 4832 3136 4904 pharisaei,
3180 4837 3271 4909 qui
3313 4854 3482 4909 quau-

1892 4929 2051 4986 quam
2081 4916 2190 4973 Deo
2212 4919 2413 4989 gratias
2439 4931 2703 4991 agentes
2736 4923 2799 4978 iis
2824 4940 2944 4996 qua:
2969 4925 3217 4995 habebat,
3243 4928 3372 4984 nihil
3395 4939 3478 4985 ta-

1892 5020 2015 5061 men
2042 5007 2256 5077 petebat
2294 5008 2410 5064 dari
2454 5011 2575 5078 sibi,
2610 5019 2858 5084 tanquam
2905 5016 3073 5071 nihilo
3111 5017 3371 5089 indigeret
3412 5022 3476 5075 ad

1891 5096 2186 5166 augendam
2217 5097 2656 5168 perﬁciendamve
2694 5104 2953 5173 justitiam
2995 5106 3152 5179 (Luc.
3182 5125 3337 5178 xvnt,
3383 5114 3470 5180 II,

1895 5188 2003 5260 I2).
2034 5190 2127 5246 IIis
2166 5191 2326 5263 igitur
2350 5194 2701 5252 consideratis
2730 5201 3177 5271 pcrtractatisque
3218 5220 3316 5274 pro
3345 5206 3476 5262 viri-

1891 5280 1990 5337 bus
2018 5297 2149 5353 quas
2191 5284 2446 5342 Dominus
2470 5285 2673 5343 donare
2713 5287 2980 5359 dignatur,
3025 5292 3323 5366 colligimus
3365 5314 3473 5354 non

1954 5438 1971 5507 ξ
1996 5436 2220 5507 Plerique
2241 5446 2366 5507 Mss,
2392 5452 2591 5507 quamn
2608 5440 2999 5507 danmatiojusta
3019 5450 3105 5496 est.

1887 5501 2289 5612 [ig-manuscripti
2314 5501 2413 5552 non
2428 5502 2624 5565 habent,
2649 5511 2746 5556 tam
2760 5519 2779 5569 ;
2796 5501 2962 5570 neipte
2983 5507 3031 5558 id
3055 5509 3202 5571 infra,
3226 5518 3273 5563 ct
3295 5522 3479 5577 aposta-

1952 5598 2129 5693 ξἘάὶιί,
2156 5622 2383 5693 Ituzrjum
2405 5625 2648 5693 tempori“
2672 5630 2834 5689 Abest,
2847 5629 2974 5693 jam,
3001 5646 3027 5681 a
3062 5638 3415 5687 manuscrintts.

1950 5685 1970 5753 It
1995 5695 2170 5735 Omnes
2193 5689 2297 5736 fere
2321 5694 2447 5753 lusa,
2473 5685 2843 5753 aktt'ouﬂmsque.

1951 5751 1970 5781 ⁸
1998 5758 2112 5800 Item
2140 5754 2253 5803 editi
2299 5751 2539 5800 uidebant
2566 5766 2622 5800 eo
2649 5751 2770 5817 loco,
2817 5754 2861 5806 si
2896 5761 3052 5807 tamen
3090 5770 3180 5806 non
3217 5771 3266 5806 se
3308 5759 3475 5809 credat

1884 5810 1977 5863 iam
2007 5830 2029 5849 ι’
2057 5829 2104 5860 Μ’

3456 5912 3499 5991 (.

3404 354 3509 413 ait
3599 418 3619 439 ,
