3994 6178
421 354 524 410 215

422 469 698 541 iustiﬁcari
747 467 1014 522 hominem
1077 463 1358 534 prxccptis
1409 463 1564 518 bona:
1591 461 1714 515 vita:
1764 458 1862 513 nisi
1914 472 2006 526 per

426 561 582 616 ﬁdem
612 560 737 616 Jesu
766 557 996 620 Christi,
1022 557 1124 610 hoc
1152 563 1268 620 est,
1303 570 1406 609 non
1451 553 1570 624 lege
1613 556 1832 621 O’pernm
1853 591 1868 615 ,
1912 547 2006 603 sed

427 650 545 708 fidet
571 668 585 716 ;
621 667 725 705 non
756 649 930 718 littera
952 691 966 716 ,
991 647 1084 703 sed
1109 647 1294 717 spiritu
1317 662 1330 711 ;
1357 660 1462 699 non
1491 644 1746 698 factorum
1777 639 2004 704 meritis,

427 742 519 799 sed
550 750 776 812 graturta
807 739 996 809 gratia.

391 879 399 884 .
496 833 721 888 CAPUT
775 830 913 886 XIV.
943 859 1008 869 —
1058 828 1148 884 25.
1203 825 1490 896 Decalogus
1535 838 1732 893 quoque
1800 819 2006 884 occidit,

426 927 528 982 nisi
555 925 687 980 adsit
709 925 892 996 gratia.
921 921 1174 990 Quamvis
1197 920 1394 990 itaque,
1423 918 1544 973 illos
1569 915 1760 987 quibus
1779 914 2012 970 circnm-

428 1017 560 1072 cisio
590 1016 1024 1086 persuadebatur,
1055 1014 1124 1067 ita
1151 1012 1424 1082 corripere
1452 1017 1612 1078 atque
1635 1007 1906 1076 corrigere
1933 1004 2015 1058 vi-

431 1109 621 1163 deatur
649 1107 936 1177 Apostolus
959 1147 974 1171 ,
1002 1113 1058 1158 ut
1079 1103 1210 1174 legis
1253 1101 1471 1156 nomine
1499 1097 1742 1154 eamdem
1785 1095 2014 1150 circum-

432 1199 688 1253 cisionem
717 1198 967 1268 appellet.
995 1203 1328 1264 exterasque
1373 1189 1634 1261 ejusmodi
1667 1189 1799 1259 legis
1825 1187 2014 1242 obser-

433 1289 702 1352 vationes,
753 1301 884 1357 quas
933 1296 1180 1356 tanquam
1236 1283 1454 1337 umbras
1508 1280 1672 1334 futuri
1709 1278 1822 1348 jam
1875 1291 2018 1331 nunc

434 1387 694 1450 respuunt
718 1377 1002 1433 Christiani
1029 1419 1044 1442 ,
1094 1376 1145 1431 id
1179 1384 1423 1430 tenentes
1449 1372 1591 1442 quod
1634 1387 1728 1440 per
1748 1369 1868 1424 illas
1895 1383 2015 1422 um-

435 1473 560 1527 bras
605 1472 823 1542 figurate
871 1467 1317 1539 promittebatur:
1351 1475 1527 1520 tamen
1585 1463 1754 1534 legem
1808 1476 1872 1516 ex
1921 1475 2022 1530 qua

437 1563 705 1618 neminem
731 1559 1150 1630 dicitjustiﬁcari
1171 1601 1186 1625 ,
1215 1573 1321 1612 non
1367 1565 1570 1623 tantum
1615 1555 1666 1608 in
1707 1553 1813 1608 illis
1843 1566 2022 1606 sacra-

441 1653 636 1708 mentis
681 1667 801 1722 quae
849 1650 1150 1706 habuerunt
1196 1647 1546 1719 promissivas
1590 1643 1807 1715 ﬁguras,
1842 1654 2025 1696 verum

441 1746 604 1800 etiam
629 1746 686 1800 in
705 1744 812 1800 illis
844 1744 1096 1814 operibus
1117 1741 1228 1796 vult
1253 1738 1498 1808 intelligi,
1525 1752 1642 1808 quae
1673 1734 1914 1804 quisquis
1947 1732 2024 1786 fe-

443 1839 596 1903 cerit,
617 1839 758 1906 iuste
794 1835 920 1890 vivit
952 1852 965 1890 :
995 1834 1082 1890 ubi
1128 1841 1214 1892 est
1253 1840 1310 1888 et
1334 1827 1494 1895 illud,
1537 1826 1658 1882 Non
1687 1823 2025 1894 concupisces.

443 1930 620 1996 Atque
647 1935 702 1981 ut
731 1926 832 1982 hoc
857 1924 995 1995 quod
1019 1924 1244 1979 dicimus
1266 1922 1357 1976 ﬁat
1391 1918 1631 1991 planius,
1659 1915 1832 1986 ipsum
1863 1914 2030 1968 Deca-

446 2024 624 2094 logum
661 2021 953 2078 videamus.
1001 2021 1157 2076 Certe
1207 2019 1348 2074 enim
1397 2017 1570 2087 legem
1623 2013 1834 2084 Moyses
1879 2008 2033 2065 mini-

447 2115 720 2172 sti-audam
748 2113 944 2186 pepulo
973 2111 1178 2182 accepit
1205 2111 1255 2166 in
1281 2118 1493 2174 monte,
1516 2107 1767 2176 scriptam
1800 2103 1852 2158 in
1893 2099 2031 2171 lapi-

449 2209 565 2262 deis
597 2207 787 2262 tahulis
829 2206 994 2277 digito
1039 2205 1130 2260 Dei
1161 2220 1174 2256 :
1201 2203 1316 2257 hrec
1361 2201 1548 2256 decem
1583 2197 1866 2269 prmceptis
1903 2209 2034 2250 con-

449 2296 941 2369 stringitur(E:rod.
989 2311 1136 2364 XXXI,
1191 2294 1290 2360 l8;
1335 2292 1491 2347 Deut.
1519 2306 1596 2355 tx,
1639 2289 1726 2354 10,
1769 2297 1816 2342 et
1861 2285 2034 2341 Exod.

449 2387 585 2460 xx),
611 2389 698 2443 ubi
728 2386 856 2443 nihil
887 2387 952 2442 de
976 2385 1380 2441 circumcisione
1409 2381 1717 2437 mandatum
1747 2387 1829 2434 est
1850 2420 1865 2446 ,
1895 2377 2030 2432 nihil

452 2479 520 2534 de
546 2477 773 2533 victimis
810 2491 1060 2548 pecorum
1086 2516 1102 2542 ,
1147 2490 1266 2546 qua:
1319 2487 1460 2528 nunc
1501 2485 1530 2524 a
1579 2469 1895 2524 Christianis
1932 2481 2037 2522 non

452 2571 816 2628 immolantur.
845 2569 904 2626 ln
945 2570 1048 2624 illis
1075 2567 1234 2639 igitur
1261 2565 1446 2622 decem
1480 2561 1792 2634 prtcceptis,
1816 2569 2038 2630 excepta

454 2664 660 2720 sabbati
711 2661 1102 2726 observatione,
1131 2657 1338 2714 dicatur
1367 2655 1495 2710 mihi
1517 2652 1641 2723 quid
1671 2667 1775 2706 non
1829 2650 1900 2706 sit
1941 2649 2039 2704 ob-

455 2755 775 2812 servandum
797 2770 828 2808 a
857 2753 1165 2817 christiano,
1195 2749 1308 2804 sive
1343 2747 1409 2802 de
1449 2761 1553 2800 non
1578 2743 1834 2799 faciendis
1861 2740 2044 2797 colen-

456 2847 646 2916 disque
675 2844 832 2900 idolis
878 2844 1104 2914 aliisque
1135 2841 1256 2896 ullis
1295 2838 1396 2894 diis
1426 2845 1620 2908 praeter
1660 2850 1822 2889 unum
1857 2848 2041 2888 verum

457 2939 644 3002 Deum,
669 2937 785 2993 sive
812 2935 876 2990 de
905 2950 1009 2991 non
1039 2930 1348 3001 accipiendo
1370 2928 1584 2983 nomine
1621 2927 1712 2980 Dei
1741 2925 1792 2978 in
1823 2939 2038 2988 vanum,

458 3031 572 3083 sive
607 3027 676 3082 de
718 3026 923 3080 honore
967 3021 1273 3094 parentibus
1301 3017 1590 3074 deferendo
1616 3059 1630 3083 ,
1680 3017 1794 3070 sive
1836 3015 1902 3069 de
1948 3028 2043 3068 ea-

459 3119 649 3176 vendis
715 3115 1191 3181 fornicationibus,
1255 3109 1592 3174 homicidiis,
1637 3107 1829 3172 furtis,
1898 3104 2046 3161 falsis

461 3212 817 3279 testimoniis,
864 3209 1170 3276 adulteriis,
1215 3221 1275 3263 re
1320 3206 1497 3262 aliena
1551 3199 1975 3272 concupiscenda
2006 3201 2041 3250 '.

462 3307 598 3376 Quid
625 3305 816 3362 horum
837 3304 1114 3374 quisquam
1141 3301 1336 3356 dixerit
1355 3297 1700 3353 christianum
1722 3310 1829 3350 non
1847 3293 2046 3348 debere

463 3397 718 3453 scrvare?
746 3399 827 3452 An
851 3393 989 3450 forte
1019 3407 1124 3448 non
1165 3393 1318 3446 istam
1348 3389 1516 3460 legem
1544 3378 1664 3457 quae
1695 3386 1748 3440 in
1779 3385 1883 3440 illis
1913 3383 2046 3437 dua-

465 3491 565 3544 bus
587 3487 778 3543 tabulis
816 3486 1009 3554 scripta
1039 3493 1120 3540 est
1141 3525 1155 3549 ,
1190 3481 1420 3536 litteram
1464 3479 1792 3534 occidentem
1821 3475 2052 3546 appellat

465 3581 789 3650 Apostolus,
822 3578 914 3634 sed
948 3577 1089 3630 illam
1129 3571 1549 3630 circumcisionis
1596 3570 1928 3637 aliorumque
1955 3582 2048 3621 ve-

467 3683 639 3726 terum
657 3671 876 3743 jamque
900 3667 1219 3722 abolilorum
1247 3659 1744 3720 sacramentorum?
1771 3658 1875 3714 Sed
1920 3670 2053 3727 quo-

468 3763 628 3822 modo
667 3761 988 3835 putabimus,
1038 3773 1158 3813 eum
1201 3757 1252 3810 in
1281 3769 1342 3811 ea
1371 3755 1458 3818 sit,
1514 3750 1642 3808 Non,
1685 3749 2050 3818 concupisces:

469 3869 558 3924 per
582 3851 722 3922 quod
749 3851 1061 3914 mandatum,
1088 3845 1331 3918 quamvis
1356 3852 1584 3898 sanctum
1606 3852 1650 3896 et
1666 3837 1864 3911 justum
1893 3849 1938 3892 et
1965 3838 2054 3891 bo.

469 3964 612 4012 num,
645 3944 824 4016 fefellit
850 3961 948 4010 me,
971 3941 1162 4011 inquit,
1189 3946 1468 4008 peccatum,
1491 3945 1539 3992 et
1559 3951 1652 4009 per
1685 3932 1817 3988 illud
1837 3931 2057 3986 occidit?

469 4037 604 4108 Quid
631 4036 772 4092 enim
805 4035 943 4090 aliud
972 4043 1077 4100 est,
1103 4031 1292 4090 Littera
1315 4029 1534 4085 occidit?

539 4133 630 4186 9.5.
657 4129 908 4198 Quamvis
933 4126 1231 4181 evidentius
1259 4138 1324 4178 eo
1354 4124 1469 4193 ipso
1489 4121 1608 4176 loco
1629 4121 1694 4174 ad
1719 4117 2048 4175 Corinthios.

472 4223 560 4278 ubi
591 4221 684 4288 ait,
731 4219 920 4274 Littera
965 4217 1165 4280 occidit,
1203 4215 1411 4284 spiritus
1447 4220 1614 4265 autem
1656 4209 1910 4278 vivi/icat;
1951 4222 2054 4260 non

471 4311 630 4370 aliam
658 4309 787 4365 velit
812 4307 1031 4376 intelligi
1061 4306 1314 4370 litteram,
1336 4317 1496 4374 quam
1523 4301 1696 4372 ipsum
1730 4297 2052 4366 Decalogum

474 4403 528 4456 in
555 4401 658 4454 illis
683 4399 887 4454 duabus
917 4397 1110 4452 tabulis
1135 4395 1410 4464 scriptum.
1427 4392 1516 4448 Sic
1535 4391 1678 4449 enim
1693 4389 1822 4444 dicit
1845 4405 1889 4442 τι
1912 4387 2060 4454 Quo-

476 4494 620 4549 niam
667 4490 796 4546 estis
839 4487 1061 4558 epistola
1088 4483 1282 4540 Christi
1314 4484 1613 4538 ministrata
1649 4495 1746 4550 per
1773 4493 1890 4543 nos,
1922 4479 2058 4532 scri-

475 4595 560 4654 pta
585 4598 689 4638 non
715 4588 1033 4654 atramento,
1051 4575 1143 4631 sed
1171 4575 1357 4646 spiritu
1389 4573 1480 4628 Dei
1498 4572 1632 4636 vivi;
1657 4585 1760 4625 non
1779 4571 1834 4624 in
1861 4568 2054 4624 tabulis

474 4647 716 4748 lapideis,
733 4671 828 4728 sed
851 4647 903 4726 in
928 4667 1117 4724 tabulis
1133 4666 1306 4722 cordis
1327 4663 1650 4720 carnalibus.
1667 4659 2055 4716 Conﬁdentiam

473 4779 652 4823 autem
682 4766 840 4821 talem
886 4761 1144 4817 habemus
1173 4773 1266 4827 per
1309 4754 1576 4810 Christum
1621 4751 1686 4807 ad
1730 4751 1924 4815 Deum,
1957 4763 2061 4803 non

477 4860 600 4930 quia
629 4855 806 4912 idonei
849 4853 1016 4908 simus
1058 4850 1294 4920 cogitare
1333 4845 1529 4917 aliquid
1567 4860 1597 4900 a
1639 4843 1792 4899 nobis
1820 4841 1966 4913 quasi
1999 4855 2062 4893 ex

477 4947 905 5018 nobismetipsis;
934 4944 1029 5000 sed
1058 4941 1377 4999 sufﬁcientia
1406 4948 1587 4994 nostra
1617 4955 1680 4993 ex
1711 4937 1820 4995 Deo
1847 4943 1948 5001 est,
1975 4935 2064 5006 qui

481 5043 705 5099 idoneos
731 5055 830 5096 nos
861 5037 985 5094 fecit
1004 5035 1278 5091 ministros
1305 5031 1435 5088 Novi
1455 5030 1496 5085 Τ
1499 5028 1780 5084 estamenti
1804 5069 1816 5086 .
1848 5041 1952 5081 non
1981 5025 2069 5079 Iit-

481 5142 632 5200 terte,
664 5131 760 5188 sed
789 5130 1010 5202 spiritus
1030 5129 1074 5180 ’.
1100 5125 1298 5182 Littera
1325 5123 1468 5178 enim
1497 5117 1713 5182 occidit,
1746 5117 1964 5187 spiritus
1983 5131 2069 5173 au-

483 5235 589 5282 tem
613 5223 862 5280 vivificat.
896 5221 952 5276 Si
995 5229 1171 5276 autem
1214 5213 1533 5274 ministratio
1579 5209 1768 5264 mortis
1797 5209 1847 5262 in
1879 5207 2070 5262 litteris

489 5318 710 5387 ﬁgurata
740 5315 793 5369 in
821 5311 1086 5384 lapidibus
1111 5309 1208 5364 fuit
1235 5305 1472 5377 ingloria
1494 5345 1508 5366 ,
1539 5303 1608 5356 ita
1639 5312 1823 5356 utnon
1854 5305 2072 5366 possunt

486 5407 764 5464 intendere
789 5405 880 5458 ﬁlii
902 5403 1064 5458 lsrael
1097 5402 1149 5455 in
1173 5401 1360 5455 faciem
1387 5395 1572 5468 Moysi,
1603 5401 1818 5464 propter
1847 5390 2067 5460 gloriam

485 5500 670 5555 vultus
695 5498 811 5568 ejus
852 5513 970 5566 quae
1013 5502 1330 5556 evacuatur;
1361 5505 1525 5560 quare
1555 5503 1658 5540 non
1703 5485 1872 5553 magis
1917 5482 2072 5534 mini-

549 5635 566 5667 ⁸
591 5639 713 5681 Tres
733 5627 938 5678 Vaticani
963 5633 1086 5684 Mss,
1111 5637 1165 5673 re
1187 5621 1286 5672 alia
1306 5633 1398 5670 non
1415 5613 1812 5684 concupiscenda.
1846 5682 1855 5684 _

549 5697 569 5728 ³
592 5675 994 5750 έίἷῖηέῆἶίέερίνιί
1019 5675 1390 5750 getiitivo_t-astt.
1425 5675 1575 5750 juxta
1597 5690 1822 5750 gis-cunt.
1845 5675 1960 5721 Μὶιί
1989 5688 2072 5750 an:

488 5735 1049 5808 lt'm-iIViCZ-mttwtttlhlifzetla‘:
1067 5749 1151 5797 sed
1177 5745 1347 5808 spiritu
1368 5758 1382 5802 ;
1405 5735 1486 5804 qui
1515 5735 1673 5790 [animi
1714 5740 1859 5807 infra,
1887 5749 1966 5808 nn.
1995 5735 2072 5788 fit),

488 5803 925 5875 itit—cuutantiqnis
948 5803 1188 5860 codicibus
1203 5803 1261 5857 'et
1285 5820 1392 5856 cum
1410 5803 1571 5864 graeco
1597 5803 1919 5851 consentiunt.

1373 348 1460 402 DE
1499 343 1764 403 SPIRITU
1807 342 1892 399 ΕΤ
1931 339 2252 407 ιιττεῆλ,
2289 341 2346 397 S.
2380 337 2745 397 AUGUSTINI

3591 335 3693 389 216

2118 462 2304 508 stratio
2347 455 2564 524 spiritus
2609 455 2707 507 erit
2734 454 2786 507 in
2828 451 3037 523 gloria?
3087 449 3142 506 Si
3181 448 3323 504 enim
3374 449 3694 506 ministratio

2115 545 2470 600 damnationis
2524 545 2689 614 gloria
2741 544 2908 607 est‘,
2966 543 3132 596 multo
3190 539 3357 609 magis
3407 540 3697 601 abundabit

2116 635 2467 689 ministerium
2510 634 2732 704 iustitiae
2779 633 2831 687 in
2878 632 3044 702 gloria
3072 651 3091 684 ι
3147 631 3208 704 (Il
3256 631 3376 685 Cor.
3426 647 3504 696 ιιι,
3551 631 3696 699 2-9).

2119 725 2228 780 Diei
2256 725 2324 780 de
2351 725 2434 780 his
2453 725 2631 780 verbis
2651 725 2812 780 multa
2842 733 3062 794 possunt
3081 725 3124 791 ',
3153 723 3242 778 sed
3271 731 3452 792 postea
3477 723 3703 777 fortasse

2067 889 2073 898 ‘
2117 817 2483 886 opportunius.
2503 815 2657 872 Nunc
2680 825 2860 872 autem
2882 813 3098 871 adverte
3123 829 3280 884 quam
3301 813 3443 869 dicat
3469 813 3700 868 litteram

2118 924 2237 978 quae
2265 909 2490 976 occidit,
2520 909 2605 964 cui
2630 910 2772 964 velut
2791 924 2822 964 e
2849 908 3118 963 contrario
3157 905 3508 960 viviﬁcantem
3547 906 3708 975 spiri-

2123 1011 2232 1056 tum
2260 1002 2471 1072 ingerit.
2498 1001 2571 1054 Ea
2593 1011 2739 1057 certe
2763 1007 2848 1056 est
2871 999 3192 1054 ministratio
3222 994 3409 1052 mortis
3430 999 3483 1052 in
3512 999 3709 1053 litteris

2125 1094 2348 1165 ﬁgurata
2405 1093 2665 1163 lapideis,
2695 1102 2750 1149 et
2795 1092 3116 1148 ministratio
3163 1091 3552 1156 damnationis;
3585 1095 3711 1161 quia

2128 1186 2214 1241 lex
2238 1187 2589 1254 subintravit,
2611 1195 2668 1240 ut
2697 1185 2992 1240 abundaret
3035 1184 3309 1240 delictum.
3341 1185 3507 1238 Porro
3530 1195 3712 1238 autem

2131 1285 2397 1346 przecepta
2421 1277 2531 1342 ipsa
2561 1285 2666 1331 tam
2698 1285 2822 1356 sunt
2847 1276 2992 1330 utilia
3019 1274 3231 1331 facienti
3262 1284 3420 1344 atque
3446 1275 3678 1329 salubria
3697 1317 3712 1336 ,

2127 1375 2188 1422 ut
2231 1367 2329 1422 nisi
2356 1367 2476 1437 quis
2505 1383 2566 1422 ea
2594 1367 2814 1444 fecerit,
2846 1367 3008 1422 vitam
3034 1365 3234 1420 habere
3277 1382 3380 1420 non
3409 1367 3600 1436 possit.
3629 1368 3714 1420 An

2129 1473 2257 1512 vero
2286 1467 2502 1528 propter
2533 1473 2695 1512 unum
2739 1465 3065 1527 prteceptum
3093 1455 3233 1526 quod
3275 1455 3347 1512 ibi
3379 1456 3446 1511 de
3491 1457 3718 1513 sabbato

2131 1557 2215 1604 est
2261 1550 2490 1620 positum
2513 1589 2528 1615 ,
2555 1547 2732 1604 dictus
2779 1555 2863 1604 est
2903 1547 3196 1619 Decalogus
3223 1547 3399 1603 littera
3430 1549 3715 1614 occidens,

2131 1641 2382 1710 quoniam
2403 1640 2801 1712 quisquisillum
2824 1639 2964 1695 diem
2994 1654 3133 1695 nunc
3148 1654 3314 1710 usque
3333 1639 3580 1694 observat
3606 1642 3719 1694 sic-

2133 1743 2190 1788 ut
2214 1733 2387 1788 littera
2414 1744 2598 1798 sonat,
2625 1731 2910 1788 carnaliter
2935 1733 3105 1802 Sapit;
3155 1745 3344 1802 sapere
3366 1739 3542 1786 autem
3584 1731 3606 1764 ³
3625 1748 3718 1787 se-

2136 1824 2366 1880 cundum
2397 1839 2612 1880 carnem
2631 1839 2775 1881 mors
2799 1835 2879 1880 est
2898 1823 3072 1886 (Rom.
3089 1839 3204 1890 vin,
3227 1821 3304 1888 6);
3334 1831 3387 1878 et
3413 1823 3499 1877 illa
3525 1838 3720 1878 novem

2140 1927 2400 1988 przeccpta
2429 1935 2547 1988 qua:
2577 1919 2655 1974 sic
2693 1926 2838 1973 recte
2867 1916 3220 1972 observantur
3247 1923 3304 1970 ut
3333 1916 3527 1986 scripta
3553 1926 3718 1980 sunt,

2139 2028 2244 2066 non
2287 2011 2352 2066 ad
2383 2012 2551 2081 legem
2578 2027 2798 2082 operum
2829 2027 2894 2066 ex
2921 2025 3025 2081 qua
3069 2023 3226 2064 nemo
3251 2007 3590 2078 iustiﬁcetur,
3622 2008 3722 2063 sed

2139 2104 2204 2158 ad
2232 2104 2405 2174 legem
2434 2103 2555 2158 ﬁdei
2585 2118 2651 2158 ex
2680 2118 2781 2172 qua
2806 2101 2983 2171 justus
3005 2099 3166 2163 vivit,
3199 2099 3465 2168 pertinere
3493 2097 3725 2166 putanda

2141 2193 2298 2248 sunt?
2323 2193 2452 2261 Quis
2483 2203 2591 2248 tam
2617 2191 2850 2246 absurde
2873 2191 3088 2256 sentiat,
3117 2190 3556 2245 ministrationem
3577 2204 3731 2242 mor-

2145 2284 2210 2340 tis
2237 2283 2290 2338 in
2317 2284 2506 2340 litteris
2538 2283 2814 2352 ﬁguratam
2846 2281 3091 2352 lapideis,
3122 2295 3226 2336 non
3248 2279 3354 2336 dici
3384 2295 3447 2334 ex
3475 2279 3732 2334 omnibus

2144 2375 2328 2430 decem
2358 2373 2658 2444 praeceptis,
2686 2372 2780 2428 sed
2811 2388 2874 2428 ex
2908 2386 3016 2427 uno
3041 2371 3158 2428 solo
3181 2371 3322 2442 quod
3349 2371 3416 2425 ad
3443 2371 3730 2426 sabbatum

2144 2466 2406 2539 pertinet?
2435 2465 2536 2521 Ubi
2575 2479 2703 2538 ergo
2734 2465 3010 2537 ponimus,
3035 2463 3144 2518 Lea:
3178 2464 3307 2518 iram
3347 2474 3617 2534 operatur;
3639 2465 3736 2518 ubi

2145 2559 2279 2614 enim
2307 2574 2406 2612 non
2450 2568 2524 2612 est
2575 2556 2657 2612 lea;
2678 2597 2692 2621 ,
2717 2573 2806 2611 nec
2858 2554 3205 2626 praevaricatio
3247 2553 3356 2624 (Id.
3385 2569 3456 2620 tv,
3485 2553 3576 2621 15)
3601 2572 3614 2607 :
3640 2562 3694 2608 et
3714 2595 3730 2616 ,

2151 2650 2320 2721 Usque
2343 2649 2409 2703 ad
2429 2649 2587 2720 legem
2609 2656 2868 2717 peccatum
2887 2647 2940 2700 in
2975 2645 3164 2700 mundo
3186 2644 3318 2716 fuit;
3348 2653 3610 2716 peccatum
3635 2659 3736 2697 au-

2147 2751 2244 2797 tem
2271 2757 2370 2796 non
2395 2739 2753 2811 deputabatur,
2781 2753 2895 2790 cum
2927 2735 3008 2790 lea:
3045 2751 3148 2790 non
3182 2743 3306 2789 esset
3327 2731 3455 2804 (Id.
3488 2748 3544 2796 ν,
3573 2733 3682 2803 l3)
3719 2749 3734 2784 :

2148 2843 2202 2888 et
2231 2832 2358 2888 illud
2386 2830 2526 2902 quod
2551 2830 2659 2900 jam
2682 2830 2837 2885 toties
2863 2823 3420 2889 commemoravimus,
3450 2821 3548 2877 Per
3571 2822 3738 2893 legem

2150 2923 2368 2994 cognitio
2392 2921 2581 2994 peccati
2605 2919 2716 2993 (Id.
2741 2935 2818 2982 nt,
2835 2917 2931 2988 ΞΟ)
2959 2937 2970 2972 :
3001 2916 3334 2984 maximeque
3360 2913 3490 2969 illud
3515 2912 3601 2966 ubi
3621 2911 3740 2968 evi-

2149 3015 2362 3069 dentius
2407 3011 2672 3082 expressit
2717 3009 2858 3065 unde
2905 3009 3098 3078 agitur,
3130 3003 3600 3076 Concupiscentiam
3640 3019 3738 3058 ne-

2151 3107 2387 3175 sciebam,
2415 3107 2510 3162 nisi
2533 3107 2615 3160 tea:
2635 3105 2838 3166 diceret.
2874 3101 2996 3156 Non
3019 3099 3341 3169 concupisces
3356 3098 3382 3152 ἲ

2221 3199 2314 3255 25.
2354 3198 2524 3265 Quem
2578 3205 2748 3252 totum
2794 3195 2968 3249 locum
3019 3189 3263 3256 attende,
3294 3199 3348 3244 et
3393 3186 3513 3242 vide
3558 3193 3741 3242 utrum

2153 3291 2439 3362 quidquam
2470 3298 2688 3360 propter
2715 3285 3178 3344 circumcisionem
3205 3282 3288 3338 vel
3318 3269 3594 3336 sabbatum
3612 3321 3626 3344 ,
3650 3279 3743 3334 vel

2161 3381 2285 3452 quid
2313 3379 2453 3435 aliud
2483 3379 2780 3434 umbratilis
2803 3375 3122 3432 sacramenti
3141 3415 3155 3436 ,
3187 3388 3250 3428 ac
3281 3389 3385 3428 non
3418 3380 3583 3426 totum
3610 3385 3746 3440 pro-

2153 3455 2278 3542 pter
2305 3471 2407 3526 hoc
2431 3471 2601 3535 dicat,
2631 3467 2772 3538 quod
2813 3467 2988 3522 littera
3017 3464 3302 3536 prohibens
3331 3471 3604 3532 peccatum
3631 3477 3746 3516 non

2157 3561 2389 3617 viviﬁcat
2413 3559 2436 3592 ⁸
2466 3559 2760 3637 hominem,
2784 3557 2877 3613 sed
2908 3557 3083 3628 potius
3111 3554 3325 3618 occidit,
3350 3552 3591 3623 augendo
3610 3568 3751 3605 con-

2157 3652 2538 3724 cupiscentiam
2560 3692 2574 3717 ,
2606 3659 2662 3705 et
2707 3649 3039 3718 iniquitatem
3081 3643 3520 3716 praevaricatione
3556 3656 3750 3696 cunm-

2161 3743 2321 3800 laudo
2341 3785 2356 3811 ,
2385 3743 2488 3798 nisi
2519 3742 2707 3796 liberet
2734 3739 2908 3811 gratia
2941 3753 3035 3808 per
3073 3737 3244 3810 legem
3274 3735 3396 3790 ﬁdei
3424 3750 3542 3805 qua:
3580 3741 3661 3788 est
3689 3734 3748 3786 in

2159 3838 2377 3892 Christo
2419 3833 2580 3899 Jesu,
2611 3849 2731 3888 cum
2775 3831 3090 3887 dili‘unditur
3126 3829 3357 3884 charitas
3398 3826 3451 3880 in
3495 3821 3751 3878 cordibus

2161 3929 2356 3984 nostris
2405 3943 2502 3998 per
2553 3925 2809 3996 Spiritum
2860 3930 3102 3978 sanctum
3154 3918 3244 3990 qui
3285 3916 3441 3971 datus
3480 3923 3565 3969 est
3590 3911 3752 3966 nobis

2163 4020 2271 4091 (Id.
2319 4036 2372 4088 v,
2403 4018 2482 4091 5).
2513 4016 2644 4072 Cum
2689 4015 2830 4070 enim
2879 4013 3136 4076 dixisset,
3179 4029 3196 4060 ι
3237 4007 3307 4090 lit
3353 4006 3644 4062 serviamus
3693 4005 3752 4058 in

2163 4087 2395 4170 novitate
2415 4087 2652 4183 spiritus,
2681 4117 2734 4164 et
2751 4122 2854 4162 non
2871 4106 2922 4160 in
2939 4111 3204 4161 vetustate
3229 4087 3417 4156 littera:
3433 4114 3448 4150 :
3464 4096 3596 4164 Quid
3619 4110 3754 4165 ergo

2163 4207 2420 4268 dicemus,
2434 4222 2452 4254 ι
2473 4199 2674 4272 inquit?
2690 4217 2707 4250 ι
2722 4198 2826 4253 Lex
2849 4201 3118 4266 peccatum
3133 4191 3248 4246 est?
3263 4189 3440 4244 Absit:
3461 4185 3554 4241 sed
3573 4199 3759 4254 pecea-

2165 4308 2276 4351 tum
2296 4311 2398 4350 non
2413 4293 2658 4364 cognovi,
2678 4290 2777 4346 nisi
2795 4303 2890 4358 per
2905 4287 3098 4356 legem.
3118 4279 3249 4337 Nam
3265 4277 3757 4349 concupiscentiam

2167 4385 2491 4449 nesciebam,
2506 4382 2606 4436 nisi
2620 4381 2705 4435 lex
2717 4379 2937 4440 diceret,
2952 4375 3069 4428 Non
3085 4370 3448 4440 concupisces.
3462 4365 3760 4422 Occasione

2166 4487 2342 4532 autem
2365 4482 2599 4544 accepta,
2620 4479 2896 4542 peccatum
2923 4482 3019 4538 per
3045 4463 3350 4520 mandatum
3376 4469 3652 4530 cperatum
3669 4465 3762 4511 est

2169 4573 2218 4626 in
2250 4585 2337 4625 me
2365 4582 2580 4624 omnem
2607 4561 3112 4632 concupiscentiam.
3135 4554 3394 4624 Sinelege
3409 4551 3550 4608 enim
3569 4562 3766 4618 pecca-

2170 4672 2280 4715 tum
2299 4667 2564 4714 mortuum
2587 4662 2718 4711 erat.
2743 4653 2854 4722 Ego
2873 4659 3051 4707 autem
3069 4646 3310 4702 vivebam
3332 4640 3616 4712 aliquando
3639 4639 3764 4694 sine

2171 4754 2305 4822 lege,
2327 4747 2643 4804 adveniente
2663 4751 2838 4798 autem
2858 4740 3106 4796 mandato
3123 4743 3392 4807 peccatum
3417 4729 3624 4786 revixit.
3645 4727 3766 4797 Ego

2171 4819 2346 4898 autem
2374 4849 2616 4895 mortuus
2641 4850 2782 4902 sum,
2814 4843 2870 4888 et
2889 4833 3158 4886 inventum
3179 4835 3262 4882 est
3290 4822 3420 4878 mihi
3448 4819 3762 4875 mandatum

2173 4935 2314 5008 quod
2335 4942 2452 4990 erat
2493 4932 2546 4986 in
2591 4929 2749 4984 vitam
2772 4967 2788 4992 ,
2815 4926 2918 4980 hoc
2954 4937 3075 4979 esse
3102 4921 3154 4974 in
3202 4924 3448 4972 mortem.
3479 4913 3766 4968 Peccatum

2173 5006 2314 5086 enim
2344 5025 2625 5082 occasione
2649 5028 2866 5090 accepta
2893 5031 2990 5086 per
3016 5012 3320 5068 mandatum
3350 5006 3536 5062 fefellit
3560 5018 3674 5066 me,
3709 5012 3770 5056 et

2177 5139 2270 5194 per
2289 5119 2414 5176 illud
2435 5115 2647 5174 occidit.
2672 5112 2853 5182 Itaque
2875 5110 2957 5163 lex
2984 5105 3198 5177 quidem
3229 5107 3432 5194 sancta,
3456 5106 3508 5153 et
3537 5091 3768 5194 manda-

2179 5185 2286 5268 inm
2317 5219 2582 5276 sanctum,
2604 5214 2658 5262 et
2676 5203 2900 5275 justum,
2928 5206 2983 5252 et
3005 5197 3224 5252 bonum.
3251 5188 3404 5260 Quod
3421 5203 3547 5258 ergo
3564 5185 3766 5240 bonum

2177 5313 2280 5372 est,
2305 5303 2502 5358 factum
2529 5308 2612 5354 est
2635 5294 2767 5352 mihi
2797 5304 2943 5347 mors
2965 5288 3032 5342 '?
3061 5285 3235 5342 Absit.
3263 5281 3370 5338 Sed
3403 5285 3676 5352 peccatum
3707 5281 3771 5327 ut

2243 5471 2744 5546 “septums”???
2799 5529 2941 5546 ημι,
2980 5523 3130 5546 μη..-
3174 5523 3366 5546 --.καί
3420 5513 3522 5546 μηιί

2243 5513 2412 5588 ἱῖῶἷίῖ
2429 5513 2758 5586 :‘biii'iiiia
2796 5529 2944 5582 verba
2979 5523 3131 5578 multa
3173 5523 3384 5587 possunt.
3420 5513 3588 5566 Melius
3611 5520 3717 5561 τάμε.
3756 5523 3771 5562 :

2189 5613 2205 5651 t
2229 5601 2368 5652 iride
2384 5599 2458 5649 Itis
2476 5595 2628 5649 verbis
2645 5593 2806 5664 multa
2818 5597 3030 5656 possunt,

2247 5669 2266 5695 ³
2291 5673 2386 5712 Am.
2413 5668 2486 5708 Fr.
2513 5664 2710 5710 etMss.,
2729 5666 2872 5705 enim

2250 5731 2265 5755 ἰ
2292 5733 2354 5773 tta
2381 5733 2483 5771 uss.
2512 5729 2563 5770 At
2587 5719 2722 5774 editi,
2749 5728 2841 5764 non
2853 5711 3104 5775 justi/irai.
3389 5764 3396 5772 _

2248 5789 2266 5820 δ
2292 5762 2577 5849 ducit
2592 5762 2900 5844 erg-566mm
2927 5762 2992 5826 est
3019 5773 3211 5837 (Inuum
3229 5775 3297 5821 cst
3321 5763 3487 5824 aut»),
3505 5762 3681 5824 [actum
3697 5762 3785 5806 est.
