3994 6178
318 307 429 362 217

319 428 582 490 appareat
627 410 901 489 peecatuiu
927 460 943 487 ,
974 432 1068 488 per
1107 418 1302 475 bonum
1354 419 1481 473 mihi
1526 430 1801 488 operatum
1832 429 1918 474 est

319 521 592 575 mortem,
626 521 677 564 ut
714 511 805 565 fiat
826 526 987 579 super
1024 509 1238 565 modum
1268 524 1497 579 peccans
1522 521 1792 580 peccatum
1828 527 1919 581 per

318 601 654 655 mandatum.
685 600 894 654 Scimus
919 601 1062 655 enim
1093 599 1214 669 quia
1250 600 1333 653 lex
1364 600 1654 668 spiritualis
1680 612 1757 654 est
1781 618 1795 665 ;
1819 616 1918 669 ego

312 703 498 745 autem
530 691 757 745 carnalis
786 705 941 755 sum,
973 690 1325 746 venumdatus
1351 690 1450 744 sub
1493 702 1729 760 peccato.
1764 692 1917 758 Quod

316 784 464 838 enim
500 798 717 852 operor,
761 784 949 852 ignoro
972 799 985 837 :
1011 798 1114 837 non
1137 783 1278 837 enim
1305 783 1445 853 quod
1471 784 1590 838 volo
1611 826 1624 848 ,
1659 786 1758 840 hoc
1785 800 1915 854 ago;

316 875 415 927 sed
446 874 590 943 quod
632 874 717 929 odi
743 914 760 940 ,
791 874 916 926 ilhnl
962 873 1114 928 facio.
1157 873 1214 928 Si
1256 884 1435 929 autem
1462 874 1602 944 quod
1630 876 1753 931 nolo
1773 919 1787 942 ,
1820 877 1919 931 hoc

322 964 460 1017 facio
480 980 496 1027 ;
519 965 797 1019 consentio
822 964 947 1034 legi,
969 964 1220 1033 quoniam
1248 963 1404 1018 bona.
1436 964 1587 1019 Nunc
1612 975 1913 1021 autemnon

316 1057 426 1123 jam
459 1046 560 1125 ego
581 1072 777 1125 operor
803 1056 931 1111 illud
951 1096 966 1120 ,
1000 1056 1095 1111 sed
1122 1056 1263 1125 quod
1295 1055 1495 1112 habitat
1524 1057 1577 1111 in
1619 1074 1705 1112 me
1730 1073 1910 1128 pecca-

322 1156 457 1198 tum.
490 1146 615 1200 Scio
664 1147 805 1201 enim
838 1148 959 1217 quia
1002 1164 1106 1202 non
1136 1146 1342 1202 habitat
1367 1148 1419 1202 in
1448 1164 1532 1202 me
1553 1189 1568 1212 ,
1598 1148 1699 1202 hoc
1737 1160 1820 1203 est
1865 1150 1916 1203 in

320 1250 486 1289 carne
514 1252 653 1301 mea,
681 1235 900 1289 bonum.
922 1237 1067 1291 Velle
1093 1235 1235 1291 enim
1258 1236 1463 1306 adjacet
1490 1238 1642 1301 mihi,
1663 1238 1918 1307 perficere

319 1339 503 1383 autem
534 1329 730 1384 bonum
764 1345 891 1384 non.
912 1328 1026 1383 Non
1049 1330 1191 1383 enim
1223 1329 1365 1400 quod
1386 1329 1506 1383 volo
1533 1328 1669 1385 facio
1687 1330 1913 1395 bonum;

319 1419 417 1472 sed
445 1418 588 1488 quod
620 1419 745 1474 nolo
772 1419 999 1484 malum,
1032 1420 1131 1474 hoc
1153 1434 1271 1489 ago.
1305 1420 1361 1474 Si
1392 1428 1568 1474 autem
1606 1420 1746 1490 quod
1793 1420 1917 1474 nolo

321 1526 424 1580 ego
456 1513 555 1565 hoc
597 1510 731 1565 facio
751 1551 766 1575 ,
793 1510 903 1579 jam
952 1526 1058 1565 non
1100 1526 1199 1579 ego
1224 1526 1418 1581 operor
1455 1511 1584 1566 illud
1610 1552 1624 1575 ,
1653 1511 1745 1565 sed
1775 1513 1914 1581 quod

322 1600 526 1654 habitat
554 1601 606 1655 in
638 1617 724 1656 me
754 1601 1297 1671 peccatum.'lnvenio
1341 1616 1468 1671 ergo
1517 1601 1685 1672 legem
1716 1601 1914 1655 volenti

319 1693 452 1746 mihi
482 1692 654 1747 facere
694 1696 891 1747 bonum
917 1735 932 1759 ,
962 1694 1210 1762 quoniam
1242 1693 1370 1747 mihi
1402 1693 1598 1749 malum
1638 1692 1846 1762 adjacet
1872 1694 1910 1747 ⁸.

319 1764 676 1838 uindelcetor
713 1785 857 1839 enim
889 1785 987 1854 legi
1021 1784 1112 1838 Dei
1160 1783 1450 1839 secundum
1483 1783 1790 1839 interiorem
1818 1784 1915 1837 ho-

320 1874 521 1927 minem
546 1892 559 1925 :
584 1873 739 1928 video
765 1883 944 1928 autem
976 1873 1131 1927 aliam
1176 1873 1348 1944 legem
1396 1873 1447 1927 in
1484 1872 1739 1928 membris
1779 1872 1914 1927 meis

320 1972 703 2033 repugnantem
732 1964 836 2033 legi
863 1963 1056 2018 mentis
1081 1977 1216 2018 mete
1235 2005 1250 2030 ,
1282 1971 1337 2018 et
1362 1964 1715 2034 captivantem
1745 1978 1830 2017 me
1859 1963 1910 2016 in

318 2053 437 2122 lege
469 2054 668 2121 peccati
700 2055 741 2115 ³,
765 2069 884 2123 qua:
929 2061 1013 2108 est
1054 2053 1107 2107 in
1151 2039 1407 2108 membris
1431 2052 1584 2107 meis.
1632 2052 1790 2107 Miser
1813 2068 1911 2123 ego

308 2145 519 2210 homo,
544 2144 665 2214 quis
709 2161 795 2199 me
837 2143 1083 2198 liberabit
1126 2142 1192 2198 de
1232 2158 1458 2213 corpore
1488 2144 1673 2198 Inertis
1720 2143 1910 2208 huius?

316 2233 621 2287 CmtiaDei
649 2248 746 2303 per
774 2233 956 2289 Jcsum
996 2232 1267 2287 Christum
1310 2233 1593 2288 Dominum
1645 2244 1906 2288 nostrum.

318 2324 487 2392 Igitur
508 2338 607 2393 ego
634 2324 746 2392 ipse
775 2336 951 2380 mente
981 2324 1158 2379 servio
1210 2324 1312 2393 legi
1361 2323 1489 2389 Dei,
1522 2337 1683 2379 carne
1726 2332 1906 2377 autem

316 2414 418 2483 legi
454 2415 653 2483 peccati
671 2432 689 2463 ι
711 2411 1181 2486 (Rom.vu,6—‘25).

385 2506 479 2562 26.
520 2510 754 2577 Apparet
780 2507 935 2577 igitur
964 2508 1152 2562 littere
1183 2516 1495 2564 vetustatem
1520 2549 1535 2573 ,
1566 2509 1608 2562 si
1641 2508 1777 2564 desit
1805 2523 1904 2562 uo-

315 2601 454 2653 vitas
484 2599 699 2668 spiritus
724 2641 739 2663 ,
766 2615 888 2654 reos
927 2599 1100 2654 facere
1130 2601 1303 2669 potius
1329 2601 1635 2670 cognitione
1662 2579 1903 2669 peccati

313 2706 476 2758 quam
505 2691 734 2745 liberare
759 2706 788 2744 a
817 2701 1053 2761 peccato.
1090 2690 1241 2746 Unde
1269 2700 1323 2745 ct
1358 2691 1483 2746 alibi
1505 2692 1760 2759 scriptum
1788 2701 1866 2745 est
1888 2732 1902 2755 ,

316 2782 419 2848 Qui
445 2783 655 2851 apponit
697 2783 984 2846 scientiam,
1032 2784 1240 2853 apponit
1277 2793 1324 2835 et
1365 2781 1587 2835 dolorem
1624 2781 1821 2851 (Eccle.
1854 2797 1900 2850 I,

316 2874 406 2945 18)
440 2892 453 2927 :
484 2889 591 2929 non
627 2875 750 2945 quia
784 2874 895 2945 ipsa
924 2874 1009 2930 lex
1045 2875 1241 2928 malum
1272 2883 1353 2929 est
1375 2915 1389 2937 .
1418 2874 1512 2928 sed
1531 2875 1653 2943 quia
1681 2874 1902 2928 manda-

314 2974 429 3016 tum
454 2964 652 3017 bonum
678 2963 837 3019 habet
864 2965 914 3018 in
943 2964 1116 3018 littera
1143 2964 1572 3027 demonstrantc,
1598 2977 1701 3016 non
1734 2963 1787 3016 in
1812 2962 1906 3016 ad-

308 3055 528 3124 iuvante
562 3055 751 3125 spiritu
776 3073 789 3109 :
815 3055 957 3127 quod
985 3056 1290 3110 mandatum
1315 3055 1362 3111 si
1396 3056 1454 3110 fit
1474 3056 1665 3110 timore
1693 3070 1863 3125 penna:
1884 3097 1899 3120 ,

310 3160 420 3199 non
441 3146 892 3216 amorejustitiar,
925 3147 1190 3201 serviliter
1221 3146 1313 3212 fit,
1354 3160 1460 3201 non
1505 3146 1816 3205 liberaliter.
1848 3156 1903 3200 et

311 3235 435 3289 ideo
464 3251 562 3290 nec
583 3235 659 3289 fit.
687 3235 800 3290 Non
828 3239 968 3291 enim
1002 3235 1205 3291 fructus
1226 3244 1308 3291 est
1334 3235 1504 3291 bonus
1522 3277 1537 3302 ,
1560 3236 1649 3305 qui
1676 3234 1743 3290 de
1770 3235 1901 3289 cha-

308 3327 485 3381 ritatis
511 3327 693 3382 radice
733 3342 838 3381 non
882 3316 1070 3398 surgit.
1101 3327 1273 3382 Porro
1313 3334 1490 3381 autem
1516 3326 1561 3381 si
1586 3325 1726 3381 adsit
1766 3325 1901 3380 fides

306 3431 430 3485 quae
462 3432 558 3485 per
589 3417 929 3472 dilectionem
957 3428 1210 3487 Operatur
1255 3415 1455 3487 (Galat.
1488 3431 1544 3485 v,
1585 3415 1674 3487 6),
1720 3410 1902 3487 incipit

306 3508 669 3563 condelectari
697 3508 797 3579 legi
825 3509 916 3565 Dei
944 3509 1233 3563 secundum
1263 3509 1569 3564 interiorem
1593 3509 1863 3564 hominem
1882 3552 1897 3573 ,

308 3613 431 3666 qua:
454 3597 738 3653 delectatio
780 3614 888 3654 non
930 3599 1155 3667 litterae,
1186 3598 1281 3653 sed
1308 3599 1527 3668 spiritus
1558 3598 1757 3653 donum
1782 3609 1897 3664 est;

308 3689 516 3741 etiamsi
541 3690 644 3743 alia
675 3691 757 3745 lex
782 3691 834 3745 in
867 3690 1120 3745 membris
1142 3691 1316 3744 adhuc
1348 3698 1608 3761 repugnat
1626 3692 1728 3759 legi
1751 3705 1900 3745 men-

311 3779 378 3831 tis
402 3820 420 3844 ,
453 3778 625 3834 donec
654 3780 705 3834 in
729 3782 1016 3834 novitatem
1036 3822 1051 3846 ,
1082 3796 1200 3851 qua:
1220 3780 1287 3835 de
1312 3780 1399 3835 die
1428 3780 1478 3833 iu
1509 3780 1651 3835 diem
1681 3781 1733 3834 in
1764 3781 1902 3835 inte-

309 3869 455 3923 riore
481 3869 697 3926 homine
717 3882 973 3942 augetur,
1001 3880 1107 3925 tota
1136 3880 1370 3926 vetustas
1396 3881 1599 3926 mutata
1626 3880 1897 3941 pertrans-

309 3967 434 4024 eat,
489 3960 754 4015 liberante
792 3976 892 4015 nos
933 3960 1001 4016 de
1046 3976 1270 4032 Corpore
1309 3961 1495 4016 mortis
1536 3961 1692 4030 hujus
1730 3964 1897 4032 gratia

312 4050 405 4105 Dei
438 4067 531 4120 per
559 4051 738 4106 Jesum
766 4052 1037 4106 Christum
1063 4052 1343 4107 Dominum
1368 4061 1632 4106 nostrum.

374 4141 607 4198 CAPUT
644 4141 758 4196 XV.
780 4142 956 4196 —9.'l.
986 4143 1162 4197 Gratia
1191 4146 1243 4197 in
1278 4141 1452 4198 Vetere
1472 4141 1792 4198 Testamento
1814 4145 1894 4197 lo-

314 4242 445 4297 lens,
464 4234 512 4285 in
549 4232 695 4286 Novo
724 4233 994 4288 revelalur.
1027 4235 1151 4289 llme
1174 4234 1341 4305 gratia
1360 4235 1411 4289 in
1439 4234 1782 4290 Testamento
1808 4251 1896 4289 vc-

312 4332 425 4376 lerc
462 4323 630 4376 vi‘lata
663 4324 932 4388 latitabat,
956 4340 1074 4393 qum
1106 4327 1156 4379 in
1200 4324 1393 4379 Christi
1421 4324 1711 4394 Evangelio
1737 4340 1895 4379 reve-

312 4411 414 4464 lata
442 4419 524 4466 est
543 4412 945 4481 dispensatione
985 4420 1282 4482 temporum
1306 4413 1696 4468 ordinatissiina
1716 4454 1731 4479 ,
1762 4414 1898 4468 sicut

312 4500 454 4554 Deus
490 4502 641 4556 novit
677 4512 867 4558 cuncta
914 4504 1216 4573 disponere.
1270 4504 1335 4558 Et
1383 4503 1611 4560 fortasse
1654 4505 1719 4559 ad
1768 4505 1897 4560 illud

284 4576 483 4703 iipsuqi
508 4593 628 4661 ejus
647 4594 923 4695 latibulum
948 4595 1225 4703 peitinet:
1239 4594 1379 4664 quod
1403 4595 1461 4703 in
1501 4608 1567 4650 eo
1598 4595 1862 4703 Decalogq
1878 4638 1892 4660 ,

310 4681 403 4751 qui
430 4681 586 4736 datus
611 4691 695 4738 est
722 4684 774 4738 in
805 4693 989 4738 monte
1011 4682 1136 4740 Sina
1156 4726 1168 4746 ,
1213 4686 1312 4739 hoc
1339 4685 1509 4739 solum
1542 4693 1806 4755 praecepto
1834 4686 1896 4739 fi-

305 4781 496 4840 gurato
526 4774 548 4805 ⁸
568 4775 894 4829 occultatum
922 4783 1034 4837 est,
1066 4775 1205 4845 quod
1235 4775 1301 4829 ad
1326 4776 1602 4830 sabbatum
1646 4777 1892 4845 pertinet.

304 4864 594 4921 Sabbatum
616 4875 794 4922 autem
818 4866 935 4921 dies
963 4865 987 4897 ⁸
1012 4866 1446 4921 sanctificationis
1469 4875 1569 4922 est.
1594 4867 1701 4921 Nec
1723 4876 1893 4930 \‘aCal,

303 4958 447 5030 quod
487 4960 629 5015 inter
661 4961 840 5015 omnia
865 4974 1028 5030 opera
1056 4974 1175 5027 qua:
1214 4956 1340 5012 fecit
1369 4958 1538 5025 Deus,
1587 4958 1696 5013 illic
1725 4960 1895 5027 primo

304 5050 656 5104 sanctificatio
685 5050 861 5104 sonuit
879 5091 894 5114 ,
923 5050 1010 5103 ubi
1038 5051 1104 5103 ab
1126 5049 1370 5103 omnibus
1398 5049 1651 5118 operibus
1681 5049 1890 5118 requie-

301 5140 378 5192 vit
404 5138 557 5208 (Gen.
588 5141 748 5209 11,3)
782 5159 795 5193 :
827 5140 964 5195 unde
988 5156 1126 5195 nunc
1150 5155 1251 5194 non
1276 5148 1360 5195 est
1388 5140 1683 5195 disserendi
1723 5141 1890 5195 locus.

306 5228 706 5296 Verumtamen,
734 5231 873 5299 quod
901 5232 974 5286 rei
997 5230 1063 5285 de
1093 5246 1195 5301 qua
1223 5232 1394 5302 agitur
1418 5231 1550 5285 satis
1590 5247 1709 5286 esse
1752 5233 1895 5286 arbi-

296 5340 419 5410 πιὶῂί
437 5355 589 5410 mors.
629 5351 684 5393 Αι
722 5343 1029 5410 manupr
1066 5350 1237 5410 carent
1276 5345 1349 5393 his
1386 5344 1551 5395 verbis
1590 5344 1783 5410 (bonum
1825 5351 1894 5396 est

296 5404 483 5478 enim),
492 5418 608 5478 qum
630 5419 649 5478 ι
657 5405 912 5478 arentlicsi
936 5404 1259 5478 includuntur.

363 5473 378 5502 ι
407 5465 526 5515 editi
538 5503 551 5523 ,
578 5465 694 5517 velle
716 5466 898 5530 "totum
915 5465 1126 5528 adjacet.
1150 5468 1324 5527 Abest,
1350 5465 1483 5527 valle,
1510 5480 1537 5515 a
1559 5468 1891 5530 manuscriptis

296 5540 349 5580 et
372 5543 402 5580 ι
429 5536 569 5576 textu
596 5527 815 5589 Ajmstoli.

361 5596 381 5624 ³
415 5592 488 5638 sic
508 5588 684 5652 omnes
708 5603 856 5651 prOpe
875 5595 983 5637 Mss.
1005 5596 1057 5639 At
1083 5589 1219 5649 editi,
1241 5596 1286 5639 ct
1309 5589 1545 5652 captivum
1570 5604 1644 5641 mc
1670 5588 1716 5639 in
1742 5589 1890 5651 (cacat

296 5658 486 5712 peccati
505 5650 770 5709 ducentem,
795 5650 902 5713 qua:
918 5657 1006 5709 est,
1026 5659 1122 5699 etc.

360 5717 380 5744 ³
404 5723 415 5761 I
435 5728 514 5759 ω’.
544 5720 867 5774 (ιίΑιτιιιιττιϊιιδ
892 5720 1014 5761 Μελ.
1042 5720 1332 5774 μί’(ΓιΨριιέςγι
1370 5714 1492 5773 [ἑιςξίγ
1527 5723 1566 5760 t'

357 5779 379 5809 δ
408 5784 526 5826 \uv.
552 5772 674 5829 (ἰὶεέ.
702 5775 787 5823 hcc
810 5774 827 5822 1
848 5789 916 5823 ‘co
940 5772 1127 5823 ιιπιιιυδι
1154 5772 1319 5823 inst».

1634 268 1649 341 ἓ
1728 266 1944 361 intra
1989 308 2184 364 usus.

3495 321 3603 381 2l8

2032 432 2160 487 tror,
2183 438 2286 477 non
2313 422 2504 479 frustra
2528 425 2617 480 illo
2637 425 2722 483 die
2747 428 2972 498 populus
2994 428 3059 483 ab
3080 430 3224 485 omni
3244 446 3408 502 opere
3426 436 3606 491 servili

2024 514 2293 570 abstinere
2315 525 2610 587 prmeeptus
2621 527 2721 583 est,
2736 535 2842 590 quo
2853 519 3175 590 significatur
3192 533 3489 593 peccatum,
3504 526 3606 581 nisi

2025 604 2145 673 quia
2168 620 2272 660 non
2295 620 2515 677 peceare
2535 609 2969 665 sanctificationis
2992 619 3095 678 est,
3128 612 3229 668 hoc
3249 623 3350 678 est,
3367 618 3607 673 muneris

2025 697 2119 752 Dei
2165 713 2257 767 per
2286 698 2539 768 Spiritum
2578 710 2820 757 sanetum
2852 720 2866 755 :
2895 703 3035 773 quod
3066 705 3117 757 in
3148 704 3284 775 lege,
3316 723 3435 776 qua:
3471 708 3605 763 dua-

2025 785 2124 841 bus
2152 787 2372 855 lapideis
2396 789 2590 844 tahulis
2622 791 2919 861 conscripta
2955 803 3068 857 est,
3109 796 3279 849 solum
3322 796 3460 850 inter
3496 812 3605 851 οπο

2025 886 2134 931 tera
2165 878 2218 932 in
2248 880 2435 934 umbra
2465 878 2646 951 figura:
2686 883 2917 951 positum
2943 892 3044 949 est,
3072 883 3125 938 in
3154 899 3256 955 qua
3282 885 3452 941 Judaei
3477 887 3606 942 sab—

2022 968 2201 1023 batum
2231 970 2548 1037 observant;
2593 980 2653 1026 ut
2681 971 2782 1028 hoc
2826 974 2941 1042 ipso
2980 973 3370 1044 significaretur
3396 986 3606 1046 tempus

2026 1070 2150 1116 tunc
2177 1060 2341 1118 fuisse
2366 1063 2694 1118 occultanda:
2718 1065 2900 1135 gratiae
2916 1106 2931 1131 ,
2956 1080 3075 1135 qua:
3095 1065 3242 1120 Novo
3263 1066 3605 1122 Testamento

2024 1153 2195 1207 fuerat
2235 1169 2329 1223 per
2370 1153 2567 1210 Christi
2595 1157 2929 1224 passionem,
2956 1164 3203 1226 tanquam
3246 1158 3556 1216 scissionein
3587 1162 3601 1193 ¹

2022 1243 2149 1306 veli,
2200 1244 2480 1299 revelanda
2533 1244 2744 1316 (Matth.
2773 1262 2939 1309 xxvii,
2967 1244 3079 1318 5|).
3111 1247 3235 1301 Cum
3260 1248 3392 1302 enim
3431 1259 3604 1304 trans-

2022 1336 2197 1399 ierit’,
2228 1335 2430 1405 inquit,
2451 1337 2519 1389 ad
2544 1335 2820 1404 Christum,
2841 1341 3098 1408 auferetur
3120 1338 3363 1392 velamen.

2091 1426 2315 1483 CAPUT
2354 1427 2491 1482 XVI.
2527 1457 2600 1469 —
2635 1428 2726 1484 9.8.
2752 1428 2977 1498 Spiritus
3001 1439 3206 1484 sanctus
3230 1447 3322 1485 cur
3349 1431 3514 1486 dictus
3539 1431 3605 1486 sit

2020 1522 2205 1593 digitus
2245 1520 2356 1576 Dei.
2384 1550 2455 1562 —-
2473 1520 2723 1575 Dominus
2749 1533 2916 1575 autem
2945 1521 3170 1589 Spiritus
3195 1532 3305 1588 est;
3326 1524 3411 1579 ubi
3432 1535 3602 1579 autem

2022 1614 2247 1683 Spiritus
2274 1613 2507 1679 Domini,
2541 1613 2611 1667 ibi
2635 1611 2834 1667 libertas
2867 1612 2933 1683 (II
2966 1612 3084 1668 σὸν.
3115 1630 3170 1669 ιιι
3190 1655 3205 1681 ,
3247 1615 3335 1679 16,
3366 1615 3477 1687 l7).
3508 1616 3603 1672 llic

2018 1716 2197 1760 autem
2241 1703 2469 1774 Spiritus
2503 1704 2637 1771 Dei,
2672 1704 2823 1775 cujus
2849 1705 2992 1759 dono
3016 1705 3386 1776 justificamur,
3413 1723 3519 1778 quo
3545 1709 3602 1764 fit

2021 1796 2071 1850 in
2095 1795 2247 1851 nobis
2260 1804 2315 1850 ut
2332 1811 2439 1851 non
2467 1810 2689 1865 peccare
2712 1794 2972 1861 delectet,
2996 1797 3084 1851 ubi
3113 1796 3330 1852 libertas
3354 1807 3467 1864 est;
3496 1800 3602 1853 sic-

2019 1898 2073 1941 ut
2115 1896 2310 1957 prtcter
2337 1886 2479 1942 hunc
2498 1886 2752 1957 Spiritum
2785 1902 3007 1957 peccare
3048 1888 3310 1956 delectat,
3357 1891 3446 1946 ubi
3486 1905 3602 1946 ser-

2015 1978 2177 2044 vitus,
2209 1992 2236 2030 a
2263 1977 2414 2046 cujus
2434 1977 2686 2047 operibus
2724 1977 3098 2033 abstinendum
3124 1978 3146 2009 ⁸
3170 1988 3251 2033 est
3281 1997 3295 2035 :
3326 1982 3411 2035 hic
3432 1980 3598 2049 Spiri-

2019 2077 2102 2121 tus
2122 2077 2337 2123 sanctns
2364 2081 2459 2137 per
2483 2083 2640 2137 quem
2665 2067 2980 2123 diffunditur
3006 2068 3239 2124 charilas
3266 2070 3317 2123 in
3344 2070 3599 2127 cordibus

2018 2160 2236 2222 nostris,
2292 2175 2412 2229 qua:
2456 2158 2727 2228 plenitudo
2755 2158 2889 2230 legis
2922 2169 3005 2214 est
3028 2201 3043 2225 ,
3074 2161 3237 2216 etiam
3278 2161 3473 2231 digitus
3504 2164 3599 2219 Dei

2017 2250 2068 2303 in
2095 2250 2383 2320 Evangelio
2403 2249 2594 2303 dicitur
2621 2248 2769 2319 (Luc.
2800 2266 2883 2314 XI,
2918 2250 3033 2321 20).
3076 2251 3228 2308 Unde
3253 2254 3373 2321 quia
3404 2264 3460 2309 et
3494 2256 3598 2310 illa:

2016 2342 2206 2397 tabula:
2232 2341 2394 2411 digito
2424 2342 2516 2397 Dei
2559 2341 2879 2410 conscripta:
2904 2349 3059 2405 sunt,
3088 2351 3141 2396 ct
3167 2342 3365 2413 digitus
3398 2345 3489 2400 Dei
3516 2355 3599 2400 est

2012 2434 2240 2504 Spiritus
2267 2434 2358 2489 Dei
2391 2449 2484 2502 per
2521 2449 2682 2503 quem
2723 2434 3137 2501 sanetifieamur,
3171 2444 3229 2490 ut
3251 2451 3321 2490 ex
3367 2437 3472 2491 fide
3517 2440 3596 2492 vi.

2015 2536 2197 2581 ventes
2227 2542 2322 2597 per
2351 2526 2686 2580 dilectionem
2734 2526 2870 2581 bene
2916 2542 3231 2596 operemur;
3277 2546 3433 2598 quem
3485 2548 3590 2586 non

2013 2627 2224 2674 moveat
2254 2619 2353 2672 ista
2384 2617 2728 2688 congruentia
2755 2616 3057 2688 ibidemque
3082 2619 3329 2674 distantia
3377 2620 3436 2675 ‘?
3475 2624 3595 2678 Dies

2010 2709 2151 2764 cnim
2176 2709 2555 2779 quinquaginta
2604 2717 2979 2776 computantur
3018 2724 3049 2763 a
3098 2711 3454 2768 celebratione
3490 2714 3592 2768 Pa-

2011 2800 2187 2864 scha},
2219 2815 2338 2869 quae
2364 2798 2643 2883 occisionc’
2660 2797 2896 2867 ﬁgurata:
2923 2799 3038 2853 ovis
3081 2815 3177 2869 per
3217 2801 3433 2873 Moysen
3478 2805 3590 2859 fieri

2011 2899 2274 2961 praecepta
2316 2897 2399 2944 est
2440 2888 2632 2959 (Exod.
2681 2888 2811 2958 xu),
2845 2888 2896 2942 in
2923 2889 3363 2957 significationem
3412 2894 3593 2962 utique

2010 2980 2201 3036 futura:
2222 2980 2509 3035 Dominicat
2529 2979 2812 3049 passionis,
2835 2994 3002 3049 usque
3016 2979 3083 3033 ad
3103 2979 3243 3034 diem
3259 2997 3359 3049 qua
3385 2981 3592 3052 Moyses

2010 3073 2179 3143 legem
2199 3072 2466 3142 accepitin
2482 3070 2676 3126 tabulis
2691 3070 2856 3140 digito
2873 3071 2964 3126 Dei
2980 3071 3300 3141 conscriptis
3318 3090 3331 3126 :
3347 3074 3594 3129 similiter

2012 3167 2079 3222 ab
2123 3166 2391 3221 occisione
2420 3174 2473 3220 et
2499 3164 2893 3219 resurrectione
2919 3163 3059 3218 illius
3088 3164 3176 3233 qui
3216 3165 3354 3219 sicut
3373 3166 3487 3219 ovis
3524 3166 3594 3220 ad

2010 3256 2393 3312 immolandum
2424 3254 2614 3309 ductus
2643 3264 2725 3309 est
2756 3252 2908 3326 (lsai.
2951 3269 3074 3319 Lill,
3105 3254 3186 3324 7),
3213 3254 3592 3324 quinquaginta

2007 3349 2193 3405 diebus
2212 3348 2509 3418 completis,
2535 3355 2885 3418 congregatos
2911 3346 2963 3400 in
3001 3362 3163 3401 unum
3188 3347 3376 3404 ﬁdeles
3396 3348 3593 3417 d'gitus

2008 3440 2124 3508 Dei,
2159 3440 2261 3497 hoc
2284 3447 2385 3505 est,
2407 3439 2637 3510 Spiritus
2658 3445 2875 3493 sanctus
2902 3437 3143 3509 implevit
3176 3438 3313 3511 (Act.
3343 3455 3415 3507 ιι,
3447 3439 3588 3511 2-4).

2076 3551 2341 3608 CAPUT
2389 3549 2584 3606 XVII.
2623 3581 2694 3591 —
2733 3550 2825 3607 39.
2883 3550 3033 3623 Legis
3081 3550 3325 3607 Mosaica:
3370 3561 3417 3607 et
3455 3568 3599 3608 nocte

2007 3643 2339 3712 comparatio.
2369 3641 2426 3696 In
2456 3641 2556 3697 hac
2603 3641 2828 3695 mirabili
2876 3643 3222 3712 congruentia
3273 3642 3399 3697 illud
3448 3652 3594 3699 certe

2006 3734 2289 3803 plurimum
2312 3731 2364 3787 di
2396 3740 2503 3797 tat,
2532 3731 2673 3802 quod
2697 3731 2766 3786 ibi
2792 3731 3015 3802 populus
3039 3732 3294 3786 accedere
3319 3732 3388 3787 ad
3416 3732 3593 3787 locum

2008 3824 2093 3879 ubi
2122 3824 2206 3879 lex
2236 3823 2481 3889 dabatur,
2525 3822 2795 3879 horrendo
2825 3831 3028 3877 terrore
3056 3822 3368 3892 prohibetur
3397 3822 3592 3895 (Exod.

2007 3915 2117 3987 xix)
2149 3934 2164 3969 :
2192 3915 2279 3970 hic
2311 3924 2487 3970 autem
2515 3914 2567 3969 in
2594 3928 2689 3970 eos
2726 3915 3035 3983 supervenit
3060 3914 3291 3984 Spiritus
3332 3924 3549 3969 sanctus
3575 3956 3590 3979 ,

2007 4007 2096 4077 qui
2144 4022 2265 4061 eum
2313 4006 2630 4076 promissum
2660 4015 3029 4074 exspectantes
3078 4006 3131 4058 in
3174 4020 3337 4059 unum
3381 4004 3595 4059 fuerant

2006 4096 2328 4166 congregati.
2366 4094 2440 4150 lbi
2470 4096 2522 4149 in
2550 4095 2744 4149 tabulis
2770 4094 2993 4164 lapideis
3030 4093 3227 4162 digitus
3278 4094 3367 4148 Dei
3394 4109 3586 4164 opera-

2009 4196 2091 4240 tus
2117 4196 2229 4252 est;
2268 4186 2375 4251 hic,
2408 4186 2458 4239 in
2487 4186 2736 4239 cordibus
2762 4186 3057 4240 hominum.
3099 4185 3172 4240 lbi
3204 4200 3332 4256 ergo
3371 4187 3454 4241 lex
3485 4202 3584 4241 ex-

2007 4278 2268 4332 trinsecus
2290 4276 2457 4346 posita
2483 4283 2568 4331 est
2586 4317 2600 4339 ,
2643 4291 2747 4346 qua
2777 4276 2959 4344 injusti
2987 4284 3314 4331 terrerentur
3339 4296 3351 4329 :
3391 4276 3475 4331 hic
3504 4278 3588 4331 iu-

2007 4370 2266 4424 trinsecus
2292 4368 2415 4423 data
2459 4377 2577 4433 est,
2620 4384 2723 4438 qua
2772 4369 3209 4438 justificarentur.
3257 4368 3413 4435 Nam,
3469 4369 3591 4426 Non

2004 4461 2343 4527 adulterabis,
2378 4458 2499 4513 Non
2527 4460 2854 4513 homicidium
2879 4461 3057 4531 facies,
3088 4460 3208 4516 Non
3233 4462 3552 4531 concupisces
3572 4503 3588 4530 ,

2003 4563 2049 4605 et
2070 4553 2112 4606 si
2137 4551 2271 4622 quod
2296 4559 2365 4605 est
2391 4551 2532 4605 aliud
2561 4551 2886 4615 mandatum,
2916 4551 3059 4622 quod
3085 4553 3270 4622 utique
3299 4553 3351 4606 in
3381 4552 3485 4606 illis
3513 4562 3592 4606 ta-

2004 4643 2141 4697 bulis
2180 4641 2434 4711 scriptum
2461 4648 2543 4695 est
2565 4682 2581 4707 ,
2610 4642 2663 4695 in
2690 4642 2814 4707 hoc,
2857 4641 3047 4711 inquit,
3075 4658 3303 4695 sermone
3340 4643 3590 4711 recapitu-

2005 4733 2158 4801 lotur,
2194 4734 2244 4787 in
2275 4747 2341 4787 eo
2369 4732 2511 4803 quod
2554 4731 2735 4803 diliges
2770 4733 3057 4802 proximum
3096 4743 3235 4785 tuum
3277 4741 3517 4801 tanquam
3543 4742 3588 4786 ts

2004 4823 2192 4893 ipsum.
2222 4822 2441 4875 Dilectio
2485 4823 2703 4892 proximi
2735 4820 2925 4875 malum
2971 4838 3071 4875 non
3121 4830 3379 4891 aperatur.
3410 4819 3589 4875 Pleni-

2003 4915 2124 4969 tudo
2151 4924 2319 4968 autem
2348 4914 2471 4984 legis
2497 4924 2568 4968 est
2595 4913 2814 4967 charitas
2839 4912 3013 4983 (Rom.
3046 4927 3133 4965 stu
3158 4952 3172 4977 ,
3206 4910 3271 4976 9,
3305 4910 3417 4980 10).
3464 4911 3589 4965 llaec

2001 5020 2107 5061 nou
2139 5005 2190 5059 in
2222 5004 2415 5071 tabulis
2442 5004 2740 5072 conscripta
2774 5003 3015 5072 lapideis,
3046 5000 3140 5055 sed
3178 4998 3368 5067 di/I'usa
3412 5011 3484 5054 est
3534 5002 3586 5053 in

2000 5097 2235 5153 cordibus
2259 5098 2441 5152 nostris
2468 5113 2557 5160 per
2579 5096 2829 5166 Spiritum
2857 5105 3087 5149 sanctum
3110 5094 3198 5163 qui
3221 5094 3369 5146 datus
3395 5103 3465 5146 est
3491 5109 3585 5145 no-

1934 5236 1941 5245 .
2001 5190 2074 5244 bis
2101 5189 2209 5262 (Id.
2246 5205 2300 5256 v,
2329 5189 2404 5259 5).
2438 5189 2549 5243 Lex
2588 5203 2716 5257 ergo
2746 5186 2837 5241 Dei
2880 5196 2960 5245 est
3002 5184 3255 5239 charitas.
3286 5184 3421 5238 Huic
3462 5201 3587 5254 pru-

2000 5282 2169 5334 dentia
2198 5280 2365 5335 carnis
2394 5296 2495 5332 non
2533 5288 2605 5332 est
2642 5277 2865 5346 subjecta
2882 5293 2900 5343 ;
2924 5291 3083 5346 neque
3103 5276 3234 5330 enim
3281 5284 3440 5344 potest
3470 5273 3579 5345 (Id.

1999 5387 2089 5425 vui
2114 5413 2128 5439 ,
2158 5372 2212 5441 7)
2242 5390 2254 5425 :
2291 5370 2384 5426 sed
2421 5369 2488 5424 ad
2530 5369 2667 5423 hanc
2717 5368 3049 5438 prudentiam
3077 5367 3253 5423 carnis
3280 5365 3585 5423 terrendam

2064 5528 2078 5592 ξ
2101 5534 2150 5576 tn
2176 5525 2335 5585 editis,
2354 5523 2596 5576 scissione.
2766 5585 2775 5592 _

2061 5591 2080 5620 ³
2109 5597 2153 5636 1η
2177 5596 2383 5649 quatuor
2402 5596 2527 5646 Mss,
2553 5591 2819 5649 traicerem.

2064 5652 2080 5679 ³
2106 5643 2332 5697 ttic'editi
2368 5643 2574 5703 addunt.
2613 5646 2666 5697 id
2700 5655 2769 5697 est
2807 5645 3122 5709 spiritualiter
3158 5643 3578 5702 sabbattzandmlt,

2066 5713 2121 5757 od
2141 5726 2167 5757 ιι
2185 5712 2518 5757 mauuserintis
2536 5713 2688 5757 illit‘hf.

1999 5713 2121 5773 qinxl
2141 5726 2167 5759 ιι
2185 5713 2518 5771 mauuseriptis
2536 5713 2688 5757 iiiié‘hf.

2070 5776 2082 5801 "
2110 5776 2180 5822 sic
2202 5779 2305 5820 Mss.
2336 5781 2385 5822 Al
2412 5772 2545 5822 editi.
2573 5770 2837 5831 ibideman
2864 5772 3029 5822 eodem
3051 5767 3363 5829 subsistentia.
