3994 6178
352 311 456 368 219

357 440 480 480 cum
528 421 580 477 in
632 415 827 475 tabulis
875 413 1174 470 scribuntur
1200 423 1360 478 Opera
1406 403 1712 466 charilatis,
1748 401 1831 454 ιρι
1859 410 1940 452 eSt

353 528 611 584 operum,
647 519 702 564 et
749 509 923 563 littera
964 499 1214 558 occidens
1252 496 1716 568 praevaricatorem
1766 509 1778 545 :
1820 504 1942 544 cum

353 615 545 661 autem.
580 606 693 674 ipsa
740 600 977 657 charitas
1024 595 1340 652 ditl'uudilur
1391 593 1445 647 in
1509 589 1671 648 corde
1718 585 1944 642 creden-

357 699 526 766 tium,
569 697 653 751 lex
693 702 777 750 est
821 691 974 758 ﬁdei,
1016 696 1069 746 et
1125 686 1346 758 spiritus
1395 683 1670 738 viviﬁcans
1719 679 1944 736 dilecto-

355 803 468 844 rem
476 827 491 842 .
707 805 712 809 '
941 825 944 829 -

298 945 306 952 ,
427 881 516 936 50.
560 878 689 934 Vide
716 889 859 932 nunc
902 870 1352 945 quemadmodum
1383 873 1644 924 consonet
1697 866 1798 920 ista
1831 861 1946 918 dis-

357 971 529 1027 cretio
572 969 677 1024 illis
721 965 1029 1038 apostolicis
1069 962 1282 1030 verbis,
1349 975 1469 1030 quae
1520 957 1678 1028 paulo
1723 962 1846 1008 ante
1877 949 1948 1006 ob

359 1059 502 1115 aliud
525 1063 940 1113 commemorata
967 1063 1021 1109 et
1045 1051 1350 1122 diligentius
1380 1044 1751 1120 pertractanda
1781 1043 1952 1098 distu-

363 1150 550 1204 leram.
596 1146 928 1216 Manifestati,
959 1143 1146 1213 inquit,
1168 1141 1408 1212 quoniam
1435 1138 1551 1193 estis
1571 1134 1784 1206 epistola
1809 1131 1950 1187 Chri-

361 1240 446 1306 sti,
477 1239 757 1293 ministrata
796 1253 885 1306 per
911 1252 1002 1290 nos
1025 1235 1212 1304 scripta
1246 1249 1349 1286 non
1377 1239 1676 1292 atramento,
1707 1226 1794 1281 sed
1822 1223 1951 1295 Spi—

361 1333 463 1384 ritu
481 1329 578 1384 Dei
599 1329 726 1394 rivi;
750 1345 848 1382 non
872 1328 924 1382 in
941 1326 1122 1381 tabulis
1144 1324 1375 1393 lapideis,
1397 1322 1486 1376 sed
1509 1322 1562 1374 in
1586 1317 1768 1373 tabulis
1787 1315 1952 1370 cordis

363 1418 669 1474 carnalibus.
711 1418 849 1473 Ecce
879 1412 1325 1484 quemadmodum
1373 1409 1626 1477 ostendit,
1659 1406 1781 1478 quia
1823 1403 1952 1459 illud

361 1517 514 1564 extra
547 1508 815 1563 hominem
843 1505 1110 1570 scribitur,
1159 1512 1216 1558 ut
1245 1516 1369 1558 eum
1415 1500 1710 1556 forinsecus
1754 1494 1951 1551 terriﬁ-

363 1609 486 1665 cet;
519 1600 621 1655 hoc
651 1600 706 1654 in
732 1601 845 1668 ipso
871 1596 1108 1660 homine,
1155 1604 1213 1650 ut
1238 1610 1361 1650 eum
1392 1594 1718 1649 intrinsecus
1755 1587 1952 1658 justiﬁ-

365 1699 469 1747 cet.
500 1691 750 1745 Carnales
768 1699 943 1744 autem
973 1688 1176 1743 tabulas
1204 1686 1382 1742 cordis
1405 1685 1558 1749 dixit,
1588 1699 1694 1738 non
1724 1680 1954 1736 carnalis

365 1778 679 1850 prudentiae.
701 1778 794 1834 sed
821 1789 1067 1848 tanquam
1099 1776 1324 1832 viventis
1343 1788 1664 1844 sensumque
1689 1771 1954 1834 habentis,

369 1873 424 1927 in
483 1871 880 1941 comparatione
943 1869 1136 1939 lapidis
1197 1869 1285 1939 qui
1344 1869 1461 1923 sine
1525 1881 1686 1921 sensu
1739 1873 1840 1919 est.
1891 1862 1958 1916 Et

369 1963 514 2034 quod
565 1964 719 2033 paulo
774 1971 895 2032 post
932 1961 1099 2027 dicit,
1151 1959 1295 2030 quod
1333 1975 1438 2014 non
1490 1963 1738 2029 poterant
1787 1956 1958 2009 inten-

369 2053 502 2109 dere
541 2053 633 2108 lilii
699 2052 858 2108 Israel
897 2067 1066 2122 usque
1113 2050 1166 2104 in
1209 2051 1369 2104 linem
1421 2049 1600 2103 vultus
1649 2045 1855 2118 Moysi,
1905 2053 1958 2099 et

371 2144 492 2199 ideo
519 2145 598 2199 eis
622 2159 716 2214 per
742 2145 917 2200 velum
954 2143 1270 2214 loquebatur
1296 2158 1312 2205 ;
1343 2141 1446 2197 hoc
1483 2139 1748 2210 signiﬁcat
1775 2181 1788 2205 ,
1835 2139 1958 2208 quia

375 2237 549 2294 littera
573 2238 708 2308 legis
737 2236 1000 2292 nemiuem
1021 2235 1308 2306 justiﬁcat,
1332 2233 1424 2289 scd
1453 2233 1696 2288 velamen
1728 2231 1960 2301 positum

373 2337 459 2383 est
501 2329 552 2382 in
582 2328 810 2384 lectione
858 2327 1067 2382 Veteris
1093 2325 1419 2380 Testameuli
1441 2365 1456 2390 ,
1489 2322 1664 2393 donec
1706 2321 1772 2375 ad
1801 2321 1959 2376 Chri-

374 2427 516 2472 stum
549 2425 879 2484 transeatur,
909 2424 963 2470 et
985 2414 1256 2470 auferatur
1269 2414 1509 2468 velamen
1541 2429 1555 2477 ;
1587 2411 1638 2466 id
1664 2418 1766 2473 est,
1787 2419 1965 2465 trans-

377 2519 529 2563 eatur
543 2507 610 2562 ad
637 2507 860 2578 gratiam
880 2547 896 2572 ,
937 2515 990 2561 et
1029 2503 1389 2575 intelligatur'
1421 2502 1488 2557 ab
1511 2501 1626 2572 ipso
1657 2501 1810 2556 nobis
1846 2513 1966 2555 esse

375 2597 828 2669 justiﬁeatiunem,
850 2611 952 2668 qua
975 2595 1228 2650 faciamus
1252 2593 1392 2664 quod
1416 2593 1586 2663 jubet.
1603 2591 1702 2658 Qui
1727 2599 1968 2662 propter-

379 2706 441 2745 ea
483 2689 674 2760 jubet,
734 2698 790 2744 ut
833 2688 888 2742 in
927 2686 1124 2741 nobis'
1157 2685 1468 2740 deﬁcientes
1495 2682 1562 2738 ad
1602 2682 1746 2736 illum
1778 2680 1964 2735 confu—

379 2781 608 2850 giamus.
651 2779 776 2834 Ideo
810 2775 1212 2848 vigilantissime
1254 2790 1375 2830 cum
1401 2774 1665 2838 dixisset,
1693 2770 1965 2841 Con/idea.

383 2874 506 2926 tiam
527 2871 675 2926 talent
697 2871 936 2924 habemus
961 2885 1049 2939 per
1069 2867 1326 2922 Christum
1347 2865 1416 2919 ad
1434 2864 1601 2919 Deum
1628 2880 1646 2930 ,'
1680 2880 1744 2918 ne
1773 2871 1910 2917 IIOSll
1925 2861 1970 2917 is

390 2964 496 3018 hoc
523 2962 726 3016 viribus
757 2961 1112 3024 tribueretur,
1139 2959 1392 3012 continuo
1413 2955 1802 3012 commendavit
1831 2953 1971 3009 unde

386 3055 560 3125 agitur
586 3093 600 3118 ,
629 3051 811 3106 dicens
851 3067 866 3104 :
906 3049 1029 3103 Non
1052 3048 1188 3119 quod
1218 3047 1388 3100 idonei
1416 3061 1588 3098 sumus
1617 3044 1838 3112 cogitare
1875 3043 1973 3096 ali-

386 3145 510 3214 quid
549 3161 580 3196 a
619 3141 764 3196 nobis
810 3140 955 3210 quasi
1004 3155 1067 3192 ea:
1103 3137 1470 3206 nobismetipsis
1513 3133 1644 3198 μιεά
1680 3133 1975 3204 suﬁicientia

387 3245 559 3290 nostra
581 3251 642 3288 ex
668 3232 774 3287 Deo
794 3237 885 3296 est,
907 3230 991 3296 qui
1013 3237 1060 3284 et
1079 3228 1286 3282 idoneos
1309 3243 1400 3281 nos
1427 3226 1545 3298 fecit
1565 3225 1820 3279 ministros
1845 3222 1975 3278 Novi

393 3325 695 3380 Testamenti
711 3365 723 3389 ,
748 3340 846 3377 non
873 3323 1052 3376 littera:
1071 3361 1085 3386 ,
1103 3319 1194 3374 sed
1217 3319 1447 3389 spiritus.
1479 3317 1671 3372 Littera
1694 3316 1826 3371 enim
1845 3315 1976 3370 occi-

389 3417 485 3483 dit,
515 3416 722 3486 spiritus
747 3423 912 3467 autem
937 3411 1176 3480 vivi/ictu.

458 3505 684 3563 CAPUT
702 3503 1052 3560 XVIII.—5l.
1076 3501 1225 3557 Vetus
1239 3501 1322 3556 lea:
1340 3509 1568 3566 mortent,
1591 3515 1718 3555 nova
1729 3499 1978 3570 justitiam

393 3601 663 3654 ministrat.
694 3595 924 3653 Proinde
945 3595 1065 3666 quia
1088 3593 1188 3657 lex.
1221 3595 1359 3650 sicut
1385 3592 1509 3648 alibi
1551 3591 1711 3657 dicit,
1740 3592 1978 3662 praevari-

391 3691 602 3744 cationis
623 3689 788 3761 gratia
806 3687 970 3759 posita
993 3696 1064 3742 est
1086 3685 1280 3757 (Galat.
1313 3700 1391 3749 ιιι,
1423 3683 1512 3754 19)
1537 3724 1553 3748 ,
1587 3681 1637 3736 id
1663 3691 1774 3748 est,
1805 3681 1978 3735 littera

395 3781 495 3836 ista
525 3789 673 3834 extra
697 3778 968 3834 hominem
996 3777 1191 3846 scripta
1218 3815 1233 3840 ,
1279 3783 1560 3844 propterea
1601 3787 1718 3826 eam
1747 3781 1800 3826 et
1819 3771 1983 3826 ιιιἱηί-

321 3861 326 3864 ’
394 3873 708 3928 strationem
731 3869 920 3925 mortis
945 3877 998 3924 et
1030 3867 1474 3924 ministrationem
1505 3863 1862 3919 damnationis
1890 3878 1983 3932 ap-

400 3964 596 4033 pellat:
625 3961 764 4016 hanc
812 3967 990 4014 autem
1011 3999 1026 4022 ,
1059 3957 1114 4012 id
1157 3965 1240 4013 est
1261 3998 1277 4022 ,
1309 3955 1442 4010 Novi
1469 3955 1792 4009 Testamenti
1816 3953 1856 4019 ³,
1885 3954 1983 4008 mi-

399 4053 773 4109 nistrationem.
796 4049 1015 4122 spiritus
1037 4057 1092 4104 ct
1119 4045 1564 4102 ministrationem
1587 4043 1807 4114 justitize
1833 4043 1981 4110 dicit,

400 4146 520 4216 quia
561 4161 658 4216 per
701 4143 902 4199 donum
946 4141 1164 4212 spiritus
1213 4154 1499 4210 operamur
1533 4137 1831 4209 justitiam,
1872 4145 1927 4190 et
1953 4151 1984 4190 a

405 4239 855 4312 prmvaricationis
875 4237 1216 4292 damnatione
1242 4235 1548 4290 liberamur.
1569 4231 1694 4288 Ideo
1715 4229 1841 4285 illud
1864 4245 1988 4285 eva-

401 4339 621 4394 cuatur,
687 4329 789 4384 hoc
839 4335 1020 4384 manet
1059 4345 1072 4380 :
1120 4325 1370 4396 quoniam
1419 4333 1624 4380 terrens
1668 4319 1986 4392 patdagogus

401 4422 688 4486 auferetur,
717 4436 839 4476 cum
870 4419 1046 4474 timori
1075 4418 1392 4474 successerit
1428 4415 1680 4472 charitas.
1715 4413 1814 4470 Ubi
1842 4413 1985 4468 enim

401 4514 607 4584 spiritus
630 4511 865 4580 Domini,
889 4511 956 4565 ibi
976 4511 1196 4566 libertas.
1230 4511 1379 4566 Ilanc
1419 4517 1596 4564 autem
1639 4505 1988 4562 ministratio-

404 4620 525 4662 nem
577 4619 682 4659 non
730 4619 796 4660 ex
843 4603 1048 4660 meritis
1085 4604 1316 4669 nostris,
1367 4601 1462 4658 sed
1505 4617 1571 4656 ex
1620 4597 1986 4655 misericordia

402 4711 524 4753 esse
551 4695 628 4752 sic
669 4695 797 4750 dicit
828 4713 841 4749 :
871 4694 1093 4764 PrOpter
1119 4695 1255 4766 quod
1292 4693 1529 4748 habentes
1567 4690 1990 4744 ministrationem

404 4791 561 4855 hanc,
588 4789 717 4842 sicut
752 4787 1150 4842 misericordiam
1190 4784 1442 4842 consecuti
1483 4799 1584 4838 non
1626 4781 1988 4849 inﬁrmemur;

402 4879 492 4934 sed
527 4877 822 4949 abjiciamus
861 4877 1060 4931 occulta
1095 4875 1404 4948 confusionis
1424 4917 1438 4942 ,
1470 4891 1571 4928 non
1605 4871 1914 4926 ambulantes
1937 4871 1991 4924 in

403 4971 589 5026 astutia
613 5012 629 5038 ,
657 4986 813 5041 neque
832 4970 951 5024 dolo
991 4967 1330 5022 adulterantes
1351 4967 1554 5021 verbum
1591 4963 1713 5041 Dei.
1740 4963 1885 5018 Ilane
1907 4979 1992 5016 as-

407 5061 589 5116 tutiam
619 5069 674 5116 et
691 5039 873 5115 dolum
911 5058 1232 5130 hypocrisim
1264 5058 1378 5112 vult
1407 5056 1625 5126 intelligi
1658 5095 1674 5119 ,
1699 5039 1811 5125 'qua
1833 5053 1854 5084 ἰ
1895 5068 1990 5106 vo-

406 5155 522 5209 lunt
536 5152 665 5222 justi
683 5152 899 5223 superbi
926 5151 1115 5206 videri.
1143 5150 1294 5206 Unde
1314 5149 1442 5205 etin
1466 5148 1554 5202 illo
1576 5147 1804 5218 psalmo,
1834 5159 1990 5214 quem

405 5245 472 5301 ad
509 5244 666 5314 hujus
705 5245 868 5315 ipsius
910 5245 1092 5316 gratia:
1137 5243 1562 5298 testiﬁcationem
1608 5247 1995 5294 commemorat

408 5335 546 5392 Idem
589 5336 860 5405 apostolus
894 5355 907 5390 :
948 5334 1134 5390 Beatus
1159 5377 1173 5398 ,
1225 5334 1432 5404 inquit,
1465 5334 1545 5386 cui
1592 5347 1691 5386 non
1731 5329 1996 5400 imputavit

474 5485 490 5549 ξ
517 5488 590 5530 Er.
617 5490 669 5533 et
689 5489 818 5544 tom,
842 5482 1224 5549 ttt_i_t_ttclligatur.

408 5546 494 5658 ῤ’·
515 5551 622 5596 Lov.
648 5551 701 5596 et
734 5542 954 5595 nonnulli
1001 5542 1122 5605 Mss,
1149 5552 1198 5595 ut
1229 5559 1260 5594 α
1288 5543 1435 5594 nobis.
1465 5552 1565 5592 Duo
1601 5542 1808 5598 codices,
1839 5547 1886 5589 ut
1921 5553 1990 5586 tto-

441 5619 498 5658 ις.

481 5644 500 5701 δ
527 5667 654 5778 apud
679 5675 812 5739 ιον.ἱ
837 5676 1014 5717 Novum
1043 5673 1400 5736 Tt’stanu‘ntum.

481 5731 495 5764 ι
517 5737 550 5778 t.
585 5730 636 5778 ιιι
661 5737 712 5778 et
733 5729 926 5778 quidam
944 5735 1068 5778 Mss"
1093 5740 1221 5778 (litttl.

472 5731 495 5764 δ
517 5729 636 5780 Εάὶῐι
661 5735 712 5780 el.
733 5729 926 5795 quidam
944 5735 1068 5792 5153.,
1093 5730 1221 5790 quia.

1295 297 1378 349 DE
1417 290 1684 350 SPIRITU
1727 289 1812 344 ΕΤ
1853 285 2168 352 ιλιττιςιιλ,
2209 283 2264 338 S.
2310 279 2669 364 .iUGiJSTlNI

3527 283 3626 336 €20

2058 393 2302 448 Dominus
2341 402 2596 459 peccatum
2620 431 2633 454 ,
2661 407 2813 462 neque
2845 399 2918 444 cst
2951 389 3002 443 in
3032 406 3118 444 ore
3135 389 3243 463 ejus
3257 393 3408 448 dolus
3433 390 3455 464 (
3479 392 3628 448 Rom.

2053 502 2121 551 tv,
2153 487 2222 546 8;
2253 482 2394 538 Psal.
2430 499 2551 536 xxxi
2573 481 2700 551 ,2).
2737 482 2859 535 Ilaec
2893 490 2974 535 est
3014 479 3293 536 humilium
3321 492 3628 537 sanctorum

2049 573 2314 630 confessio
2335 615 2347 638 ,
2381 589 2486 628 non
2514 587 2573 627 se
2593 572 2904 642 jactantium
2941 587 3061 627 esse
3085 571 3226 642 quod
3253 587 3360 628 non
3391 583 3536 628 sunt.
3569 576 3631 629 Et

2053 667 2210 736 paulo
2241 673 2396 736 post:
2425 663 2546 718 Non
2588 664 2721 718 enim
2758 663 3114 734 nosmetipsos,
3143 663 3346 734 inquit,
3389 665 3634 734 pra’dica-

2051 774 2183 818 mus,
2226 756 2314 810 sed
2333 755 2512 810 Jesum
2537 753 2792 809 Christum
2835 753 3112 808 Dominum
3135 755 3176 820 ‘,
3207 771 3300 809 nos
3333 765 3500 810 autem
3523 773 3632 810 ser-

2053 867 2137 904 vos
2165 859 2348 903 vestros
2385 864 2473 920 per
2508 846 2541 901 J
2547 863 2686 901 esum
2711 863 2730 901 :
2756 847 2874 916 quia
2907 845 3040 900 Deus
3067 847 3152 916 qui
3171 845 3299 900 dixit
3325 846 3388 900 de
3425 849 3636 902 tenebris

2053 943 2222 995 lumen
2249 941 2542 1004 clarescere,
2569 939 2754 993 claruit
2785 939 2838 992 in
2871 937 3104 992 cordibus
3133 939 3316 992 nostris
3353 939 3422 992 ad
3448 941 3638 994 illumi-

2053 1032 2307 1086 nationem
2343 1030 2564 1085 scientias
2587 1029 2765 1101 gloria:
2801 1031 2911 1099 ejus
2937 1029 2993 1082 in
3038 1029 3221 1100 faciem
3260 1029 3450 1085 Christi
3488 1029 3636 1085 Iesu.

2058 1125 2180 1178 Ilaec
2205 1131 2288 1179 est
2317 1123 2537 1178 scientia
2564 1121 2750 1192 glorize
2788 1121 2935 1188 ejus,
2963 1134 3066 1190 qua
3097 1121 3294 1175 scimus
3319 1120 3492 1189 ipsum
3519 1137 3638 1175 esse

2057 1217 2252 1275 lumen,
2285 1226 2392 1283 quo
2419 1211 2654 1267 tenebrae
2680 1218 2875 1265 nostrae
2897 1210 3280 1266 illuminentur.
3303 1211 3370 1265 Et
3407 1211 3637 1280 idipsuzu

2056 1303 2269 1358 attende
2311 1301 2758 1372 quemadmodum
2819 1301 3049 1356 inculcet
3103 1318 3116 1354 :
3169 1299 3426 1354 Habemus
3475 1312 3638 1356 autem

2059 1399 2346 1452 thesaurum
2373 1397 2522 1452 istaut
2547 1396 2600 1450 in
2619 1395 2752 1450 vasis
2777 1394 3018 1464 ﬁctilibus
3041 1434 3056 1460 ,
3082 1403 3137 1448 ut
3157 1395 3425 1448 eminentia
3449 1395 3642 1448 virtutis

2057 1489 2122 1540 sit
2162 1487 2277 1553 Dei,
2314 1497 2489 1542 etnon
2523 1503 2586 1542 ea:
2617 1487 2776 1541 nobis.
2808 1486 2874 1540 Et
2904 1485 3061 1555 paulo
3085 1492 3208 1555 post
3233 1501 3352 1540 cum
3399 1487 3643 1541 eamdem

2058 1579 2280 1649 gratiam
2325 1578 2540 1633 uberius
2582 1577 2638 1632 in
2680 1576 2906 1630 Domino
2933 1575 3058 1631 Jesu
3108 1568 3323 1630 Chris‘o
3369 1591 3642 1629 commen-

2060 1671 2192 1725 daus
2212 1710 2226 1734 ,
2257 1683 2424 1740 usque
2443 1667 2507 1723 ad
2537 1667 2669 1722 illud
2697 1667 2902 1722 veniret
2928 1665 3296 1720 indumentum
3325 1664 3543 1736 jnslitia:
3586 1668 3651 1718 lia-

2062 1759 2180 1823 dei,
2226 1773 2332 1828 quo
2383 1741 2550 1813 induti
2597 1745 2700 1812 non
2741 1755 2867 1810 nudi
2919 1755 3284 1820 inveniamur,
3345 1765 3398 1810 ct
3434 1765 3647 1824 pmpter

2066 1853 2164 1906 hoc
2209 1850 2601 1921 iugemiscimus
2641 1847 2964 1904 mortalitate
2991 1849 3012 1880 ’
3044 1847 3352 1918 praegravati
3378 1889 3393 1914 ,
3444 1848 3647 1903 habita-

2065 1941 2238 1995 culum
2268 1949 2508 1996 nostrum
2533 1938 2676 2011 quod
2708 1938 2778 1994 de
2802 1939 2942 1993 cmlo
2964 1950 3044 1994 est
3087 1938 3395 2008 superindui
3422 1939 3648 2010 cupien-

2068 2043 2165 2098 tes,
2194 2041 2252 2086 ut
2295 2031 2644 2087 absorbeatur
2668 2029 2894 2084 mortale
2931 2043 2961 2082 a
2992 2030 3120 2096 vita,
3151 2029 3270 2084 vide
3299 2029 3422 2098 quid
3461 2030 3648 2100 adjun-

2065 2130 2152 2191 gat
2181 2141 2193 2176 :
2227 2122 2328 2188 Qui
2353 2129 2516 2176 autent
2537 2127 2770 2190 operatus
2794 2127 2865 2172 est
2890 2135 2982 2172 nos
3006 2161 3021 2183 ,
3054 2119 3258 2188 inquit,
3290 2120 3344 2172 in
3363 2119 3460 2173 hoc
3482 2121 3648 2189 ipsum
3671 2157 3686 2170 .

2073 2213 2206 2266 Deus
2226 2212 2310 2283 qui
2339 2211 2478 2266 dedit
2502 2211 2646 2265 nobis
2685 2209 2867 2281 pignus
2901 2209 3130 2278 spiritus.
3155 2209 3221 2264 Et
3241 2217 3362 2279 post
3387 2225 3550 2279 pauca
3572 2211 3651 2264 iu-

2070 2303 2185 2358 tulit
2215 2321 2228 2358 :
2255 2303 2324 2357 Ut
2352 2319 2442 2356 nos
2463 2303 2618 2356 simus
2648 2300 2852 2371 justitia
2876 2298 2971 2353 Dei
2991 2299 3043 2352 in
3085 2300 3234 2371 ipso(
3261 2299 3304 2355 II
3323 2297 3442 2356 Cor.
3466 2315 3584 2354 ιιι-ν
3609 2301 3648 2370 ).

2071 2394 2195 2450 llaec
2222 2402 2306 2449 est
2331 2394 2414 2446 illa
2439 2393 2643 2463 justitia
2689 2392 2804 2459 Dei,
2833 2407 2938 2446 non
2965 2406 3070 2462 qua
3101 2391 3213 2461 ipse
3227 2391 3403 2462 justus
3423 2401 3525 2459 est,
3557 2393 3650 2446 sed

2071 2501 2172 2555 qua
2207 2500 2305 2540 nos
2334 2484 2402 2539 ab
2423 2500 2486 2540 eo
2514 2483 2635 2539 facti
2663 2481 2706 2538 ³.

2143 2573 2366 2632 CAPUT
2405 2573 2547 2628 XIX.
2589 2602 2661 2613 -—
2698 2573 2788 2628 5‘2.
2833 2571 2986 2626 Fides
3011 2573 3284 2627 christiana
3311 2573 3375 2628 de
3400 2575 3654 2646 adjutorio

2073 2667 2266 2737 gratim.
2293 2663 2570 2734 Prophetia
2605 2663 2844 2718 Jeremite
2871 2663 2934 2716 de
2969 2661 3114 2716 Novo
3155 2661 3488 2719 Testamento.
3527 2665 3652 2720 Lex.

2077 2759 2274 2814 Gratia.
2302 2758 2472 2812 Nemo
2497 2772 2624 2826 ergo
2643 2755 3066 2811 Christianorum
3093 2755 3303 2810 aberret
3324 2755 3392 2810 ab
3412 2755 3512 2811 hac
3531 2756 3652 2822 ﬁde,

2077 2866 2194 2920 qua:
2223 2849 2334 2904 sola
2361 2847 2652 2904 christiana
2675 2854 2791 2912 est;
2824 2859 2996 2914 neque
3023 2845 3324 2916 quisquam,
3351 2860 3471 2901 cum
3504 2862 3658 2902 vere-

2077 2941 2340 2996 cundatus
2371 2939 2528 2994 luerit
2553 2938 2755 3003 dicere,
2785 2951 2882 3006 per
2909 2951 3005 2992 nos
3033 2935 3177 3006 ipsos
3203 2935 3316 2992 ﬁcri
3345 2953 3442 2992 nos
3465 2938 3658 3007 justus,

2080 3049 2189 3088 non
2215 3033 2317 3087 hoc
2349 3033 2401 3086 in
2429 3029 2584 3086 nobis
2623 3037 2876 3100 operante
2911 3029 3077 3098 gratia
3101 3029 3215 3094 Dei,
3240 3029 3362 3100 quia
3392 3031 3535 3085 videt
3562 3031 3662 3086 hoc

2079 3144 2108 3180 τι
2142 3125 2384 3182 ﬁdelibus
2413 3131 2468 3180 et
2507 3123 2609 3192 piis
2649 3120 2776 3176 ferri
2807 3136 2913 3174 non
2945 3134 3103 3189 posse
3131 3119 3174 3187 ⁸,
3200 3135 3320 3175 cum
3352 3122 3565 3189 dicitur,
3596 3123 3662 3178 ad
3692 3128 3706 3146 ‘

2083 3217 2184 3272 hoc
2225 3229 2285 3271 se
2325 3221 2601 3269 convertat
2631 3220 2688 3266 ut
2713 3210 2876 3276 dicat,
2910 3211 3032 3265 ideo
3062 3210 3178 3266 sine
3202 3213 3514 3281 operatione
3539 3229 3663 3283 gra-

2085 3307 2168 3360 tia:
2198 3305 2289 3360 Dei
2319 3318 2418 3359 nos
2438 3303 2612 3373 justos
2641 3313 2762 3356 esse
2791 3315 2894 3355 non
2925 3315 3104 3370 posse,
3135 3301 3256 3370 quia
3287 3301 3460 3372 legem
3495 3302 3662 3367 dedit,

2084 3397 2202 3464 quia
2232 3393 2528 3449 doctrinam
2555 3390 2806 3456 instituit,
2833 3390 2957 3460 quia
2987 3389 3124 3444 bona
3155 3399 3420 3460 praecepta
3445 3391 3666 3447 manda-

2085 3485 2177 3539 vit.
2201 3485 2294 3540 Illa
2322 3483 2464 3539 enim
2495 3481 2611 3537 sine
2649 3479 2936 3550 adjuvante
2964 3481 3150 3549 spiritu
3189 3481 3371 3550 procul
3399 3481 3560 3537 dubio
3587 3491 3670 3538 est

2089 3579 2261 3631 littera
2297 3575 2549 3630 occidens
2578 3589 2592 3628 :
2621 3587 2742 3628 cum
2777 3587 2906 3626 vero
2943 3571 3095 3626 adest
3129 3572 3402 3628 viviﬁcans
3429 3575 3666 3644 spiritus,

2089 3669 2187 3723 hoc
2216 3667 2388 3736 ipsum
2432 3665 2574 3719 intus
2611 3663 2970 3732 conscriptum
3013 3661 3137 3716 facit
3169 3661 3337 3732 diligi,
3373 3663 3512 3734 quod
3544 3665 3670 3720 foris

2087 3759 2343 3828 scriptum
2373 3756 2456 3812 lex
2483 3755 2706 3810 faciebat
2736 3754 2932 3809 timeri.

2159 3849 2246 3904 55.
2265 3845 2476 3916 Inspice
2505 3845 2646 3920 hocf
2664 3843 2930 3914 paululum
2957 3852 3012 3900 et
3039 3847 3092 3898 in
3117 3859 3184 3901 eo
3210 3846 3512 3902 testimonio
3531 3850 3673 3918 quod

2093 3954 2186 4006 per
2231 3936 2544 4007 prephetam
2587 3935 2656 3990 de
2701 3934 2800 3989 hac
2835 3951 2895 3991 re
2941 3936 3404 4004 praeclarissimum
3443 3937 3673 3994 edictum

2091 4039 2170 4082 est
2191 4029 2248 4082 °:
2281 4026 2416 4081 Ecce
2457 4027 2564 4081 dies
2605 4026 2880 4091 veniunt",
2912 4025 3033 4079 dicit
3063 4023 3331 4092 Dominus,
3364 4037 3411 4081 et
3437 4043 3674 4082 consum-

2090 4121 2236 4174 ηιαῡο
2257 4136 2408 4188 super
2431 4119 2636 4171 domum
2664 4115 2830 4172 Israel
2855 4127 2901 4170 et
2929 4133 3083 4186 super
3111 4117 3316 4171 domum
3336 4117 3478 4172 Inda
3495 4118 3674 4172 Testa-

2091 4221 2311 4266 mentum
2332 4208 2556 4274 Novum,
2587 4225 2688 4263 non
2715 4207 2991 4262 secundum
3015 4205 3390 4262 Testamentum
3423 4210 3557 4278 quod
3584 4211 3679 4281 [(ιά

2094 4302 2319 4369 patribus
2344 4315 2516 4354 eorum
2545 4301 2598 4352 in
2625 4299 2706 4352 die
2724 4313 2826 4369 qua
2849 4297 3161 4368 apprehendi
3182 4313 3386 4352 manum
3413 4314 3602 4356 eorum.
3625 4312 3680 4354 ut

2092 4390 2352 4445 educerent
2381 4405 2464 4442 eos
2491 4392 2514 4422 ⁸
2538 4387 2602 4442 de
2629 4396 2763 4442 terra
2799 4385 3019 4457 Egypti
3047 4401 3066 4440 :
3091 4386 3212 4456 quia
3247 4386 3350 4457 ipsi
3388 4403 3488 4440 non
3515 4405 3678 4459 ρον-ιρ-

2091 4489 2383 4536 veroverunt
2411 4480 2462 4533 in
2489 4479 2808 4534 Testamento
2834 4493 2965 4542 meo,
2997 4485 3042 4532 et
3072 4493 3164 4548 ego
3199 4477 3396 4548 neglexi
3423 4494 3526 4545 eos,
3558 4480 3680 4536 dicit

2099 4574 2358 4628 Dominus.
2391 4573 2525 4640 Quia
2551 4573 2646 4627 hoc
2670 4570 3042 4626 Testamentum
3063 4581 3134 4626 est
3156 4573 3292 4643 quod
3315 4573 3558 4628 ordinabo
3583 4573 3680 4626 do-

2096 4666 2198 4720 mui
2227 4664 2391 4718 Israel
2417 4679 2434 4716 :
2464 4662 2587 4718 Post
2619 4662 2738 4717 illos
2773 4660 2910 4726 dies,
2939 4662 3060 4716 dicit
3092 4661 3359 4728 Dominus,
3388 4663 3520 4718 dabo
3553 4663 3683 4734 leges

2094 4774 2230 4810 meas
2255 4755 2308 4808 in
2334 4770 2420 4808 cor
2445 4753 2673 4818 illorum,
2697 4762 2742 4806 et
2771 4753 2824 4805 in
2855 4762 3017 4806 mente
3045 4768 3214 4807 eorum
3241 4752 3456 4808 scribam
3483 4770 3567 4808 eas
3594 4769 3612 4806 :
3637 4761 3686 4806 et

2095 4865 2180 4902 ero
2213 4847 2283 4900 eis
2315 4847 2368 4899 in
2389 4843 2576 4911 Deum,
2599 4852 2646 4898 et
2670 4843 2769 4914 ipsi
2793 4851 2938 4898 erunt
2967 4843 3090 4898 mihi
3117 4845 3170 4898 in
3198 4843 3466 4916 populum.
3493 4845 3559 4898 Et
3585 4861 3686 4899 non

2163 4982 2177 5012 ¹
2205 4981 2286 5030 Hic
2308 4981 2355 5028 lu
2381 4977 2526 5028 editis
2539 4975 2746 5036 additur,
2770 4979 2998 5025 nostrum.
3021 4973 3164 5025 Abest
3185 4985 3214 5024 a
3228 4975 3563 5037 manuscriptis
3587 4981 3637 5024 et
3661 4989 3688 5023 ι

2097 5055 2394 5170 ⁸Ἳῗὼψ
2414 5111 2566 5163 prope
2576 5104 2710 5170 uss?
2730 5095 3014 5170 morutliter:

2109 5230 2116 5274 ᾖ
2163 5167 2192 5274 '1
2201 5163 2378 5274 (lin
2414 5157 2779 5212 recentioribus
2809 5158 3097 5222 quibusdam
3136 5158 3427 5210 editionibus
3458 5157 3686 5218 additum,

2121 5241 2174 5274 us
2193 5239 2212 5274 ι
2351 5257 2365 5271 .

2121 5233 2212 5277 usti
2234 5233 2365 5277 facte.

2089 5227 2708 5354 Ju‘ifttt’afcigomnibusptss.
2733 5282 2858 5354 Atia
2883 5279 3042 5354 editis,
3067 5281 3202 5354 credi
3218 5293 3311 5331 non
3334 5293 3483 5344 posse.

2164 5351 2186 5382 ⁵
2210 5349 2344 5406 Editi,
2376 5343 2560 5409 Inspice
2584 5343 2634 5393 in
2657 5343 2760 5409 hoc.
2789 5344 2962 5409 abest,
2977 5343 3047 5401 in,
3069 5355 3098 5391 a
3118 5348 3225 5392 uss.

2166 5411 2186 5476 ξ
2211 5403 2341 5476 Apud
2366 5403 2492 5476 Iov},
2519 5403 2889 5476 praeclarissime
2909 5403 3094 5476 dictum
3115 5409 3203 5454 est.

2167 5474 2185 5502 τ
2213 5466 2345 5529 Editi,
2367 5466 2568 5519 venient.
2595 5475 2650 5516 Λῐ
2665 5473 2792 5524 Mss,
2817 5466 3024 5516 veniunt.

2166 5534 2186 5563 κ
2212 5540 2294 5580 HIC
2327 5524 2474 5580 editio
2498 5537 2597 5577 Ain.
2627 5529 2791 5577 etduo
2806 5533 2990 5576 tantum
3011 5539 3039 5574 e
3066 5526 3300 5575 Vaticanis
3321 5531 3450 5580 Mss,
3477 5531 3526 5573 ut
3549 5524 3691 5586 ejice-

2108 5609 2206 5642 rmn
2227 5605 2321 5642 eos.
2346 5591 2436 5640 Sed
2463 5591 2580 5639 infra
2605 5591 2800 5650 quoties
2823 5588 2946 5638 istud
2966 5589 3292 5636 testiinonium
3309 5587 3567 5650 repetitur,
3585 5599 3694 5650 cum

2109 5659 2200 5707 illis
2219 5662 2494 5764 euastantcr
2519 5655 2563 5700 in
2591 5647 2652 5701 eo
2671 5652 2820 5700 verbo
2843 5650 3134 5699 conveniunt
3165 5649 3331 5697 ceteri
3361 5656 3448 5696 διεδ
3492 5647 3696 5696 t'aticaui

2113 5731 2156 5764 vl
2178 5730 2236 5764 tu:
2280 5730 2416 5763 inani.

2113 5731 2156 5768 t‘l
2178 5730 2416 5764 lniillll'illll.
