4002 6178
263 354 368 412 221

263 471 457 527 docebit
483 453 824 539 unusquisque
846 465 1002 520 civem
1031 478 1175 518 suum
1207 471 1251 515 et
1283 458 1620 530 unusquisque
1643 459 1853 529 fratrem
1899 524 1905 530 .

260 579 442 628 nam,
475 561 666 622 dicens,
690 557 947 628 Cognosce
975 554 1248 608 Dominum
1279 567 1296 607 :
1321 551 1439 622 quia
1468 565 1639 604 onmes
1668 563 1852 618 cogno-

260 661 398 708 seem
425 667 526 713 me,
551 667 584 704 a
609 649 801 704 minore
827 663 982 718 usque
1003 645 1072 700 ad
1097 629 1337 716 majorem
1361 659 1566 708 eorum;
1589 640 1708 711 quia
1734 655 1857 709 pro-

261 743 420 812 pitius
441 757 529 796 ero
553 739 807 808 iniquitati
831 755 1024 800 eorum,
1049 747 1094 792 et
1119 746 1324 808 peccata
1348 748 1518 788 eorum
1541 747 1640 785 non
1663 744 1851 782 mento—

258 831 414 886 rabor
449 831 586 884 ultra
615 829 847 902 (larem.
879 843 1028 893 xxxi,
1059 827 1229 883 διε-54
1257 826 1298 895 ).
1320 821 1457 891 Quid
1484 821 1550 876 ad
1577 820 1690 875 haec
1713 818 1850 874 dici-

260 923 422 978 mus?
459 922 662 992 Nempe
705 921 760 977 in
799 921 1068 976 veteribus
1106 918 1280 973 Libris
1321 924 1412 971 aut
1460 928 1717 984 nusquam
1761 917 1854 965 aut

258 1013 480 1070 difﬁcile
510 1021 704 1083 praeter
725 1011 866 1067 hunc
896 1011 1261 1081 propheticum
1291 1008 1464 1062 locum
1495 1004 1688 1098 legitur
1713 1001 1848 1056 facta

258 1105 706 1161 coaumemoratio
737 1103 1069 1159 'l‘estamenti
1095 1099 1247 1162 Novi,
1279 1107 1336 1152 ut
1355 1095 1576 1152 omnino
1606 1096 1721 1163 ipso
1753 1108 1850 1146 no-

259 1197 406 1250 mine
433 1194 798 1264 appellaretur
824 1211 836 1246 :
867 1207 986 1246 nam
1019 1189 1198 1244 multis
1228 1188 1358 1244 locis
1393 1185 1496 1241 hoc
1524 1183 1852 1255 signiﬁcatur

259 1295 313 1340 et
332 1283 724 1354 prmnuntiatur
751 1281 1008 1348 futurum,
1036 1280 1128 1336 sed
1161 1294 1265 1334 non
1294 1279 1365 1332 ita
1391 1276 1624 1332 utetiam
1653 1289 1846 1329 nomen

260 1378 470 1447 legatur
495 1391 831 1446 expressum.
853 1373 1142 1429 Considera
1175 1372 1330 1442 igitur
1359 1369 1662 1439 diligenter,
1689 1381 1848 1438 quam

260 1469 619 1524 diﬁ'erentiam
644 1468 784 1522 inter
821 1469 927 1522 duo
961 1465 1326 1530 Testamenta,
1371 1461 1426 1518 id
1469 1473 1573 1528 εει,
1603 1460 1769 1516 Vetus
1796 1470 1850 1512 et

262 1558 496 1620 Novum,
527 1557 669 1612 Deus
698 1572 820 1613 esse
851 1564 1072 1612 testatus
1101 1555 1189 1610 sit.

328 1649 420 1702 34.
445 1647 584 1702 Cum
607 1646 849 1710 dixisset,
877 1644 996 1700 Non
1024 1643 1300 1700 secundum
1318 1641 1691 1698 Testamentum
1714 1638 1852 1708 quod

259 1739 358 1808 feci
384 1736 616 1808 patribus
642 1753 814 1791 eorum
851 1735 904 1789 in
932 1735 1014 1788 die
1037 1751 1136 1805 qua
1165 1731 1474 1804 apprehendi
1517 1745 1725 1784 manum
1761 1745 1850 1782 eo-

258 1849 392 1896 rum,
423 1839 481 1884 ut
509 1830 769 1885 educerem
792 1845 878 1883 eos
903 1828 964 1882 de
994 1837 1130 1882 terra
1162 1824 1383 1898 Egypti
1395 1843 1416 1892 ,°
1444 1823 1562 1880 vide
1587 1821 1713 1894 quid
1751 1821 1818 1876 ad
1837 1850 1849 1860 -

257 1922 472 1992 iunxit:
506 1920 640 1986 Quia
682 1920 782 1992 ipsi
823 1937 923 1974 non
967 1925 1404 1989 perseuerauerunt
1443 1917 1496 1970 in
1531 1914 1850 1970 Testamento

259 2029 388 2068 utea.
431 2013 573 2068 Vitio
619 2027 805 2067 eorum
847 2011 1083 2081 deputat,
1117 2009 1259 2080 quod
1299 2009 1350 2063 in
1385 2006 1728 2062 Testamento
1758 2003 1849 2058 Dei

259 2121 366 2158 non
407 2111 855 2175 permanserunt;
889 2119 955 2158 ne
985 2101 1090 2168 lex,
1133 2115 1292 2172 quam
1340 2109 1466 2154 tunc
1509 2105 1846 2168 acceperunt,

260 2195 524 2265 culpanda
566 2193 829 2250 videatur.
874 2191 991 2264 Ipsa
1031 2202 1115 2248 est
1151 2192 1320 2258 enim,
1357 2205 1513 2262 quam
1557 2205 1661 2244 non
1705 2189 1850 2243 venit

261 2289 506 2342 Christus
532 2286 765 2354 solvere,
797 2285 892 2342 sed
921 2285 1139 2354 implere
1163 2283 1375 2355 (Matth.
1401 2299 1450 2346 v,
1481 2283 1588 2352 l7).
1620 2281 1734 2335 Non
1776 2290 1854 2335 ta-

261 2395 382 2455 men
422 2393 522 2450 per
563 2377 809 2433 eamdem
849 2377 1018 2447 legem
1056 2374 1359 2446 justiﬁeatis
1405 2373 1600 2442 impiis,
1633 2371 1727 2426 sed
1760 2387 1854 2440 per

259 2470 488 2540 gratiam
518 2485 534 2521 :
563 2468 664 2522 hoc
688 2468 884 2538 quippe
911 2465 1314 2540 agitrviviﬁcans
1339 2464 1576 2534 spiritus,
1604 2463 1720 2517 sine
1747 2476 1852 2530 quo

263 2539 438 2616 littera
468 2560 682 2616 occidit.
711 2559 774 2616 Si
795 2561 925 2614 enint
954 2539 1075 2612 dula
1099 2567 1224 2614 esset
1251 2557 1332 2613 lea:
1355 2573 1470 2626 qua:
1495 2565 1656 2628 posset
1688 2555 1849 2623 vivi/i-

261 2669 395 2715 ure,
421 2651 630 2705 omnino
667 2667 731 2705 ea:
773 2651 882 2721 lege
909 2659 1032 2704 esset
1051 2650 1258 2718 justitia
1281 2664 1300 2703 :
1321 2647 1412 2703 sed
1436 2645 1680 2702 conclusit
1708 2646 1853 2700 Scri-

264 2756 414 2815 ptura
444 2745 615 2796 omnia
629 2742 726 2822 sub
748 2754 972 2813 peccato,
992 2751 1044 2796 ut
1073 2742 1336 2812 promissio
1364 2757 1426 2796 ea:
1445 2741 1546 2810 [ide
1563 2740 1593 2794 ,Ι
1601 2757 1687 2794 esu
1705 2739 1852 2794 Chri-

262 2837 328 2888 sti
364 2835 574 2888 daretur
609 2833 940 2888 credentibus.
975 2834 1048 2887 Ex
1087 2833 1182 2887 bac
1213 2832 1584 2901 promissione,
1613 2831 1717 2885 boc
1742 2839 1849 2896 est,

265 2942 330 2980 ex
361 2925 454 2978 Dei
493 2923 755 2980 beneﬁcio
788 2924 900 2994 ipsa
930 2924 1014 2978 lex
1047 2923 1316 2993 impletur,
1346 2923 1462 2976 siue
1488 2936 1588 2991 qua
1624 2920 1851 2990 promis-

265 3016 418 3069 sione
457 3012 896 3083 prmVaricatores
940 3012 1096 3078 facit;
1143 3011 1225 3067 vel
1274 3027 1447 3081 usque
1491 3011 1556 3064 ad
1605 3009 1852 3065 elfectum

267 3104 393 3158 mali
421 3103 624 3174 operis,
655 3103 700 3157 si
727 3102 885 3157 etiam
911 3103 1155 3173 repagula
1183 3101 1387 3156 timoris
1409 3100 1854 3170 concupiscentia:

269 3197 482 3251 ﬂamma
527 3195 938 3263 transcenderit,
966 3196 1048 3250 vel
1079 3204 1222 3252 certe
1263 3196 1313 3250 iu
1346 3195 1457 3250 sola
1489 3196 1777 3258 voluntate,
1808 3195 1853 3248 si

271 3289 430 3341 timor
462 3302 636 3358 penna:
674 3287 988 3341 suavitatem
1030 3285 1264 3340 libidinis
1299 3285 1503 3339 vicerit.
1531 3283 1685 3352 Quod
1712 3285 1855 3339 enim

269 3380 362 3446 ait,
383 3377 644 3433 Conclusit
667 3377 934 3446 Scriptura
963 3377 1131 3431 omnia
1156 3375 1246 3430 sub
1273 3385 1493 3446 peccato,
1517 3389 1566 3429 ut
1591 3375 1856 3444 promissio

269 3486 331 3522 es:
374 3471 480 3538 fide
519 3467 648 3523 Jesu
681 3468 871 3526 Christi
912 3468 1118 3522 daretur
1159 3467 1504 3533 credentibus;
1531 3468 1696 3537 ipsius
1723 3483 1856 3522 con-

267 3560 527 3616 clusionis
570 3558 770 3614 utilitas
817 3557 956 3613 dicta
1001 3566 1102 3613 est.
1147 3557 1276 3612 Nam
1323 3556 1579 3612 Conclusit
1617 3557 1684 3612 ad
1721 3573 1856 3628 quos

269 3668 419 3715 usus,
440 3651 541 3705 nisi
567 3649 1011 3720 quemadmodum
1034 3649 1158 3705 alibi
1176 3647 1248 3719 (a)
1265 3648 1412 3714 dicit,
1441 3647 1743 3720 Priusquam
1765 3667 1858 3704 au-

270 3754 368 3798 tem
397 3743 582 3797 veniret
598 3743 747 3812 ﬁdes,
769 3743 858 3798 sub
876 3743 981 3814 lege
999 3741 1424 3808 custodiebantur,
1451 3742 1677 3796 conclusi
1689 3740 1740 3794 in
1751 3755 1869 3793 eam

270 3836 425 3904 ﬁdem
451 3849 568 3906 quia
595 3845 767 3905 postea
793 3833 1011 3888 revelata
1037 3841 1106 3884 est
1134 3831 1151 3900 (
1177 3829 1348 3884 Galut.
1375 3847 1453 3896 ut,
1479 3830 1648 3888 21-23
1667 3831 1723 3900 )‘l
1746 3830 1855 3886 Lex

269 3940 400 3995 ergo
425 3925 548 3980 data
577 3933 680 3990 est,
721 3932 780 3978 ut
819 3923 984 3994 gratia
1015 3931 1343 3992 qumreretur
1369 3922 1572 3992 :gratia
1599 3921 1722 3976 data
1751 3930 1854 3986 est,

270 4027 327 4070 ut
376 4017 462 4072 lex
509 4016 840 4086 impleretur.
863 4014 1048 4086 Neque
1075 4015 1216 4068 enim
1249 4028 1346 4069 suo
1374 4005 1503 4068 vitio
1530 4028 1636 4069 non
1667 4013 1858 4084 imple-

271 4110 427 4164 batur
463 4108 573 4176 lex,
612 4109 706 4164 sed
744 4109 873 4164 vitio
911 4107 1205 4178 prudenti-.e
1242 4105 1460 4161 carnis:
1490 4105 1632 4174 quod
1670 4105 1855 4160 vitium

270 4215 366 4268 per
405 4199 576 4270 legem
615 4198 1114 4264 demonstrandum,
1148 4212 1242 4266 per
1292 4197 1515 4267 gratiam
1561 4196 1854 4251 sanandum

272 4290 388 4345 fuit.
415 4289 567 4358 Quod
593 4290 726 4344 enim
755 4289 1063 4359 impossibile
1087 4299 1193 4343 erat
1218 4288 1343 4360 legis
1365 4288 1405 4354 ⁸,
1429 4287 1482 4342 in
1500 4303 1600 4359 quo
1625 4287 1856 4356 inﬁrma-

271 4381 415 4434 batur
440 4397 532 4450 per
557 4396 782 4444 carnem,
814 4380 947 4434 misit
973 4379 1113 4433 Deus
1139 4377 1333 4432 Filium
1360 4394 1506 4432 suum
1534 4379 1586 4432 in
1613 4378 1856 4432 similitu-

269 4472 389 4526 dine
409 4472 580 4526 carnis
605 4471 813 4542 peccati,
843 4479 891 4524 et
915 4470 976 4524 de
1001 4480 1203 4542 peccato
1231 4469 1487 4523 damnavit
1513 4479 1774 4539 peccatum
1801 4471 1856 4524 in

267 4579 440 4626 carne,
469 4572 525 4616 ut
541 4562 746 4635 justitia
784 4561 908 4633 legis
945 4561 1238 4632 impleretur
1263 4561 1316 4614 in
1346 4559 1508 4624 nobis,
1535 4561 1621 4632 qui
1645 4578 1749 4616 non
1774 4579 1855 4616 se—

263 4652 490 4707 cundant
531 4669 737 4708 carnem
783 4653 1128 4718 ambulamus,
1167 4651 1257 4706 sed
1297 4651 1572 4706 secundum
1621 4651 1857 4721 spiritum

265 4741 447 4813 (llam.
470 4757 584 4808 vnt,
613 4744 668 4808 5,
691 4740 768 4816 4).
794 4741 948 4799 Unde
971 4751 1028 4798 et
1053 4743 1108 4797 in
1144 4743 1248 4798 isto
1277 4741 1590 4812 prophetico
1612 4742 1854 4798 testimo-

263 4833 380 4896 nio,
405 4832 800 4900 Consummabo,
830 4833 1016 4904 inquit,
1039 4849 1192 4899 super
1217 4831 1420 4886 domum
1439 4831 1608 4888 Israel
1634 4841 1681 4886 et
1703 4849 1856 4903 super

261 4925 473 4978 domum
505 4923 648 4978 Iuda
663 4923 1036 4978 Testamentum
1073 4923 1276 4980 Novum
1297 4940 1318 4978 :
1337 4925 1461 4995 quid
1479 4933 1580 4992 est,
1609 4925 1858 4980 Consimi-

261 5013 436 5081 mabo,
460 5015 587 5082 nisi,
611 5013 846 5085 lmplebo
862 5017 886 5070 'i
905 5033 1004 5070 non
1027 5015 1302 5070 secundum
1327 5014 1701 5071 Testamentum
1718 5019 1855 5088 quod

257 5104 365 5175 feci
392 5104 622 5176 patribus
645 5121 818 5159 eorum
847 5106 898 5159 in
933 5106 1015 5160 die
1041 5123 1142 5177 qua
1175 5107 1489 5176 apprehendi
1522 5124 1727 5164 manum
1763 5125 1850 5165 eo-

256 5212 399 5257 rum,
427 5204 484 5248 ut
512 5195 772 5250 educerem
793 5213 875 5251 eos
899 5197 962 5251 de
990 5207 1124 5252 terra
1150 5197 1391 5270 tEgypti.

336 5286 566 5343 CAPUT
607 5287 722 5342 XX.
752 5319 823 5328 --
850 5291 939 5345 35.
983 5290 1089 5346 ιιιω
1114 5301 1270 5346 cetus.
1297 5291 1405 5347 Lex
1429 5310 1576 5348 nava.
1605 5295 1744 5364 Ergo
1787 5296 1850 5348 il-

255 5380 352 5436 lud
379 5381 544 5437 Vetus
568 5389 705 5449 erat,
733 5380 856 5452 quia
903 5383 1004 5438 hoc
1027 5399 1221 5440 novum
1240 5384 1498 5442 est.Unde
1526 5384 1685 5456 igitur
1719 5387 1847 5442 illud

257 5484 440 5538 vetus,
481 5474 586 5530 hoc
630 5491 854 5543 novum,
898 5493 1018 5532 cum
1066 5477 1151 5533 lex
1195 5478 1381 5535 eadem
1430 5480 1710 5550 impleatur
1760 5497 1852 5550 per

263 5567 665 5623 Testamentum
716 5567 951 5640 Novum,
976 5572 1309 5642 quwdixitin
1344 5574 1550 5640 Vetere,
1581 5575 1698 5630 Non
1731 5593 1850 5630 con-

331 5696 350 5776 ξ
366 5701 654 5776 fﬂ!»._l'egi._
678 5703 794 5776 {diti
814 5721 932 5758 vero
951 5709 1029 5759 alii
1054 5719 1101 5759 et
1121 5718 1245 5772 uss,
1265 5711 1414 5773 tegis;
1451 5711 1588 5774 juxta
1619 5726 1845 5773 gramm.

328 5763 409 5818 (a)
435 5763 601 5826 Forte;
611 5772 655 5816 et
680 5765 765 5818 ibi.

1689 339 1890 397 LIBER
1934 338 2132 395 UNUS.

3439 349 3544 403 222

1966 453 2190 522 cupisces
2221 451 2238 522 (
2262 451 2428 506 Exod.
2460 469 2548 522 xx,
2571 455 2635 510 l7
2656 454 2704 527 )?
2736 454 2867 523 Quia
2893 456 3010 527 ipsi,
3035 457 3220 528 inquit,
3249 475 3346 513 non
3376 476 3544 528 perse-

1961 555 2251 600 uerauerunt
2281 547 2332 600 in
2364 545 2678 621 Testamento
2706 566 2837 616 meo,
2861 559 2909 604 et
2943 567 3034 622 ego
3061 553 3260 624 neglexi
3292 569 3397 619 eos,
3423 554 3546 608 dicit

1961 634 2232 690 Dominus.
2268 637 2410 707 Ergo
2455 645 2673 708 propter
2698 640 2893 694 veteris
2921 639 3152 698 hominis
3184 659 3396 708 noxam,
3425 660 3546 716 qua:

1964 740 2056 795 per
2086 726 2315 780 litteram
2349 727 2625 798 jubentem
2659 738 2712 784 et
2742 731 3030 785 minantem
3073 731 3292 788 minime
3319 735 3548 789 sanaba-

1962 823 2068 880 tur,
2097 816 2291 872 dicitur
2316 817 2444 872 illud
2469 806 2870 881 Testamentum
2899 832 3048 876 vetus
3069 808 3087 886 ς’
3113 822 3215 878 hoc
3241 833 3420 882 autem
3449 841 3546 879 no-

1962 921 2110 973 vum,
2157 917 2373 978 pr0pter
2411 910 2696 968 novitatem
2738 913 2974 982 Spiritus,
3003 930 3121 982 qua:
3149 913 3418 971 hominem
3449 933 3546 970 no-

1961 1012 2082 1050 vum
2131 1007 2283 1052 sanat
2321 1015 2350 1052 a
2389 998 2518 1054 vitio
2559 1002 2849 1056 vetustatis.
2883 1002 3118 1072 Denique
3157 1005 3373 1060 attende
3401 1007 3541 1076 quod

1959 1089 2218 1158 sequitur,
2255 1098 2310 1145 et
2343 1090 2471 1171 vide.
2491 1100 2688 1162 quanta
2731 1092 2848 1148 luce
2889 1093 2978 1148 ﬁat
3018 1094 3373 1165 perspicuum,
3401 1098 3542 1168 quod

1959 1179 2057 1233 sibi
2085 1179 2310 1236 ﬁdentes
2339 1181 2528 1236 nolunt
2554 1182 2795 1238 homines
2825 1185 3016 1238 intueri
3048 1203 3060 1239 :
3092 1186 3224 1250 Quia
3260 1189 3355 1240 hoc
3395 1196 3544 1242 (esta-

1961 1280 2182 1322 mentum
2208 1281 2300 1337 cst,
2331 1271 2522 1342 inquit,
2547 1282 2681 1342 quod
2708 1275 2952 1328 ardinabo
2991 1277 3165 1329 domui
3193 1276 3354 1332 Israel
3375 1295 3395 1331 :
3421 1277 3543 1332 Post

1959 1361 2065 1414 dies
2097 1360 2231 1426 illos,
2267 1362 2388 1416 dicit
2423 1361 2692 1432 Dominus,
2724 1365 2854 1419 dabo
2885 1367 3015 1437 leges
3043 1383 3180 1420 meas
3214 1368 3266 1422 in
3303 1385 3392 1422 cor
3420 1371 3540 1423 illo-

1957 1466 2088 1514 rum,
2131 1462 2174 1506 et
2222 1453 2274 1506 in
2319 1465 2484 1510 mente
2525 1472 2698 1510 eorum
2743 1459 2959 1522 scribam
2997 1475 3099 1514 eas.
3127 1460 3266 1516 Ecce
3294 1471 3376 1516 est
3406 1464 3543 1516 unde

1959 1543 2244 1612 Apostolus
2268 1545 2364 1612 ait,
2391 1547 2531 1618 quod
2559 1563 2715 1618 supra
2747 1552 3304 1620 commemoravimus,
3330 1551 3450 1606 Non
3491 1555 3540 1606 in

1958 1634 2140 1689 tabulis
2181 1635 2426 1707 lapideis,
2462 1639 2551 1692 sed
2588 1639 2640 1692 in
2680 1639 2865 1700 tabulis
2891 1641 3096 1707 cordis;
3124 1641 3245 1711 quia
3275 1659 3372 1696 non
3399 1652 3541 1694 atra-

1955 1736 2144 1790 mento,
2169 1728 2257 1782 sed
2279 1729 2462 1799 spiritu
2484 1729 2581 1786 Dei
2606 1731 2719 1786 rivi.
2743 1731 2854 1788 Nec
2883 1733 2950 1786 ob
2975 1733 3113 1788 aliud
3145 1734 3372 1789 arbitror
3399 1735 3450 1788 in
3478 1752 3541 1788 ro

1959 1818 2076 1871 loco
2104 1818 2414 1888 Apostolum
2442 1820 2672 1877 voluisse
2693 1837 3118 1879 commemorare
3140 1823 3539 1880 Testamentum

1954 1907 2159 1963 Novum
2189 1909 2282 1980 (ibi
2311 1911 2508 1982 quippe
2535 1912 2628 1977 ait,
2661 1913 2760 1979 Qui
2796 1924 2842 1967 et
2877 1914 3084 1969 idoneos
3121 1932 3212 1969 nos
3241 1915 3357 1988 fecit
3391 1917 3540 1968 mini-

1955 2008 2085 2054 stros
2110 1999 2245 2055 Novi
2268 2001 2588 2068 Testamenti,
2613 2021 2712 2058 non
2740 2005 2936 2072 littera,
2960 2005 3048 2060 sed
3071 2007 3278 2078 spiritus
3300 2005 3320 2079 [
3339 2005 3383 2061 II
3409 2004 3527 2061 Car.

1958 2108 2034 2159 Ill,
2061 2094 2114 2157 5,
2139 2091 2234 2164 ϋ]),
2261 2095 2360 2148 nisi
2381 2095 2502 2164 quia
2531 2095 2684 2150 istam
2715 2097 3019 2152 intuebatur
3043 2097 3394 2167 pr0phetiam,
3417 2113 3537 2152 cum

1955 2181 2176 2248 diceret,
2210 2181 2329 2236 Non
2367 2184 2420 2237 in
2459 2185 2642 2239 tabulis
2687 2185 2923 2254 lapideis,
2955 2185 3046 2240 sed
3079 2186 3130 2240 in
3161 2187 3344 2240 tabulis
3372 2185 3539 2240 cordis

1955 2275 2242 2330 carnalibus
2265 2275 2553 2346 :quoniam
2591 2277 2678 2332 hit:
2709 2277 2912 2338 dictum
2947 2285 3050 2345 est,
3083 2277 3148 2332 In
3187 2278 3420 2332 cordibus
3457 2295 3540 2331 co-

1955 2382 2070 2419 rum
2092 2367 2308 2420 scribam
2329 2383 2433 2432 eas,
2459 2367 2547 2422 ubi
2569 2368 2878 2424 nominatim
2908 2371 3230 2439 promissum
3251 2377 3334 2423 est
3355 2368 3540 2424 Testa-

1957 2465 2191 2510 mentum
2214 2455 2440 2512 Novum.

2027 2545 2254 2602 CAPUT
2295 2545 2436 2600 XXI.
2463 2577 2534 2587 —
2573 2547 2660 2603 56.
2705 2546 2812 2602 Leo:
2837 2548 3024 2620 scripta
3053 2549 3104 2602 in
3130 2547 3381 2602 cordibus.
3405 2546 3542 2616 Quid

1956 2646 2080 2691 sunt
2109 2652 2238 2706 ergo
2266 2638 2412 2709 leges
2440 2638 2529 2694 Dei
2567 2639 2636 2694 ab
2659 2629 2786 2708 ipso
2820 2639 2928 2693 Deo
2953 2639 3166 2709 scriptae
3191 2639 3245 2693 in
3271 2637 3541 2701 cordibus,

1958 2729 2058 2780 nisi
2106 2727 2220 2797 ipsa
2269 2729 2549 2798 praesentia
2593 2728 2822 2797 Spiritus
2867 2729 3057 2794 sancti,
3097 2729 3185 2799 qui
3225 2739 3307 2785 est
3346 2729 3543 2798 digitus
3583 2783 3592 2790 _

1960 2817 2074 2880 Dei,
2115 2831 2222 2886 quo
2270 2827 2532 2886 praesente
2565 2817 2880 2873 diil'unditur
2923 2819 3158 2875 cbaritas
3197 2819 3250 2873 in
3295 2819 3544 2874 cordibus

1959 2907 2175 2974 nostris,
2223 2923 2343 2977 qua:
2399 2908 2666 2977 plenitudo
2695 2897 2824 2978 legis
2864 2919 2966 2974 est,
3002 2917 3056 2964 et
3096 2909 3345 2979 praecepti
3382 2907 3545 2963 ﬁnis?

1958 2999 2090 3054 Nam
2127 2999 2250 3068 quia
2281 2999 2488 3054 Veteris
2511 2999 2834 3056 Tcstamenti
2866 3001 3123 3070 promissa
3151 3010 3360 3056 terrena
3395 3011 3520 3056 sunt

1961 3092 2084 3146 licet
2107 3093 2368 3163 (exceptis
2392 3093 2761 3160 sacramentis,
2791 3109 2911 3163 qua:
2943 3095 3129 3148 umbra
3156 3103 3309 3148 erant
3337 3093 3541 3148 fotum-

1961 3199 2114 3248 rum,
2165 3183 2302 3237 sicut
2345 3192 2428 3238 cst
2477 3183 2834 3251 circumcisio,
2877 3195 2931 3240 et
2979 3185 3280 3251 sabbatum,
3331 3193 3384 3238 et
3428 3185 3546 3236 alca

1961 3275 2166 3329 dierum
2207 3275 2628 3343 observationes,
2667 3286 2720 3332 et
2748 3277 3097 3348 quarumdam
3139 3293 3380 3334 escarum
3407 3279 3544 3333 ceri-

1963 3368 2154 3420 monias
2195 3365 2293 3440 (a),
2330 3375 2384 3422 ει
2426 3367 2703 3438 multiplex
2747 3369 3129 3426 sacriﬁciorum
3167 3385 3546 3441 sacrorumque

1963 3456 2114 3520 ritus,
2155 3473 2275 3526 qua:
2321 3459 2572 3514 vetustati
2619 3459 2850 3514 carnalis
2895 3460 3066 3530 legis’
3089 3461 3322 3531 jngoque
3365 3463 3543 3517 servili

1962 3545 2376 3619 congruebant)
2400 3547 2522 3602 talia
2553 3549 2862 3607 contineat’
2885 3561 3146 3621 praecepta
3172 3553 3548 3622 jttslilitc,qlttt-

1962 3637 2030 3691 lia
2057 3652 2196 3694 nunc
2222 3653 2433 3709 quoque
2461 3637 2750 3696 observare
2778 3642 3133 3711 praecipimur,
3165 3659 3285 3713 qua:
3313 3647 3544 3698 maxime

1961 3727 2165 3783 duabus
2215 3729 2322 3784 illis
2372 3729 2566 3785 tabulis
2607 3731 2724 3786 sine
2771 3731 2932 3802 figura
2982 3733 3309 3788 adtnnbratse
3347 3735 3549 3803 signiti—

1959 3819 2186 3874 cationis
2227 3835 2478 3889 expressa
2526 3832 2676 3885 sunt,
2721 3823 2870 3876 siculi
2916 3832 3018 3890 est,
3061 3822 3182 3877 Non
3215 3823 3544 3890 adulterabis,

1963 3906 2086 3963 Non
2125 3910 2453 3968 homicidium
2497 3913 2671 3983 facies,
2704 3911 2822 3968 Non
2865 3915 3207 3986 concupisces,
3239 3924 3284 3970 et
3327 3916 3371 3970 si
3413 3915 3547 3986 quod

1961 4000 2104 4054 aliud
2161 4009 2234 4055 est
2286 4002 2583 4056 mandatum
2634 4003 2773 4074 quod
2831 4007 2883 4060 in
2942 4006 3036 4060 hoc
3085 4023 3312 4062 sermone
3352 4009 3548 4078 recapi-

1962 4090 2155 4144 tulatur
2177 4131 2192 4158 ,
2251 4089 2446 4161 Diliges
2521 4095 2805 4163 proximum
2870 4107 3010 4148 tuum
3075 4100 3203 4150 sicut
3270 4105 3318 4150 te
3379 4099 3547 4166 ipsum

1962 4177 2174 4248 (Exod.
2201 4196 2296 4248 xx,
2329 4183 2535 4255 ibt-l7)
2571 4202 2584 4236 :
2618 4193 2789 4238 tamen
2835 4185 2957 4254 quia
3001 4185 3054 4240 in
3101 4200 3188 4252 eo,
3233 4187 3372 4242 sicut
3411 4188 3542 4256 dixi,

1962 4269 2223 4337 promissa
2289 4279 2498 4327 terrena
2567 4282 2622 4327 et
2681 4275 2992 4342 temporalia
3047 4276 3377 4344 recitantur,
3425 4293 3547 4348 qua:

1961 4362 2098 4416 bona
2145 4370 2270 4416 sunt
2319 4362 2476 4434 hujus
2524 4365 2882 4436 corruptibilis
2927 4367 3122 4433 carnis,
3177 4365 3544 4439 quamvis'eis

1961 4453 2282 4523 sempiterna
2301 4463 2461 4524 atque
2498 4455 2733 4512 ctelestia
2761 4455 2828 4511 ad
2863 4455 3068 4512 Novum
3111 4458 3312 4514 scilicet
3351 4458 3542 4514 Testa~

1961 4556 2198 4602 mentum
2229 4547 2548 4618 pertinentia
2579 4548 2872 4620 ﬁgurentur
2901 4549 2954 4617 ³;
2983 4567 3123 4606 nunc
3153 4553 3320 4622 ipsius
3345 4550 3542 4607 bonum

1960 4637 2138 4692 cordis
2181 4640 2528 4707 promittitur,
2574 4641 2770 4696 mentis
2819 4642 3037 4710 bonum,
3079 4643 3296 4713 spiritus
3324 4643 3543 4709 bonum,

1962 4728 2063 4784 hoc
2089 4738 2188 4796 cst,
2220 4729 2551 4802 intelligibile
2576 4731 2772 4788 bonum
2792 4773 2806 4798 ,
2851 4749 2972 4788 cum
2999 4735 3209 4800 dicitur,
3240 4733 3383 4788 Dabo
3409 4735 3545 4805 leges

1961 4835 2096 4874 meas
2120 4820 2172 4874 in
2193 4829 2354 4875 mente
2378 4838 2572 4889 eorum,
2598 4833 2644 4876 et
2669 4827 2722 4876 in
2738 4823 2972 4877 cordibus
2999 4840 3172 4876 eorum
3191 4823 3407 4876 scribam
3427 4839 3534 4878 eas.

1961 4910 2115 4968 Unde
2134 4912 2448 4983 signiﬁcavit
2467 4929 2562 4969 eos
2590 4931 2696 4970 non
2729 4915 3021 4970 forinsecus
3049 4925 3334 4969 terrentem
3366 4915 3536 4983 legem

1963 5001 2356 5068 lormidaturos,
2386 5004 2478 5059 scd
2503 5005 2818 5060 intrinsecus
2847 5005 3172 5059 habitantem
3211 5005 3376 5074 ipsam
3408 5006 3541 5074 legis

1955 5095 2216 5164 justitiam
2237 5095 2548 5152 dilectores.
3055 5161 3060 5165 ,
3201 5151 3216 5164 ,

2029 5189 2256 5246 CAPUT
2293 5189 2457 5244 XXII.
2483 5219 2552 5229 —
2573 5191 2660 5246 37.
2699 5189 2888 5242 Met-crs
2918 5200 3122 5242 (eterna.
3157 5189 3358 5244 Deinde
3384 5189 3538 5244 addi-

1913 5340 1928 5350 ε
1957 5281 2036 5335 dit
2061 5289 2117 5335 et
2149 5280 2448 5336 mercedem
2475 5298 2488 5334 :
2516 5279 2578 5333 Et
2616 5295 2699 5332 ero
2737 5281 2806 5332 eis
2855 5280 2909 5331 in
2942 5277 3122 5342 Deum,
3165 5289 3212 5332 et
3260 5279 3360 5348 ipsi
3388 5289 3536 5333 erunt

1965 5373 2088 5426 mihi
2129 5372 2183 5424 in
2216 5370 2478 5441 populum.
2508 5369 2621 5424 Hoc
2663 5377 2746 5423 cst
2776 5367 2901 5422 illud
2945 5367 3087 5438 quod
3121 5369 3228 5424 Deo
3254 5367 3271 5399 ‘
3301 5370 3374 5422 ait
3419 5367 3541 5439 ille,

2025 5531 2038 5558 ¹
2071 5535 2166 5592 Am.
2189 5533 2260 5574 Er.
2288 5532 2340 5575 et
2363 5524 2584 5592 plerique
2606 5529 2732 5592 Mss,
2758 5522 2943 5576 carnali
2968 5522 3086 5587 lege.

2024 5592 2043 5620 ²
2067 5591 2138 5637 sic
2159 5595 2264 5638 Mss.
2287 5595 2341 5636 Αι
2363 5587 2497 5643 editi,
2517 5587 2800 5636 contineant.
2932 5618 2942 5630 .

2021 5652 2040 5680 ³
2067 5649 2287 5711 Ιιιλυιιὶιίε,
2315 5648 2434 5707 loco,
2457 5646 2742 5711 ﬁgurentur,
2768 5657 2887 5702 erat,
2917 5646 3257 5710 ﬁgurarentm.

2024 5713 2040 5738 δ
2069 5709 2201 5762 ιπὶιΙιιι,
2226 5714 2286 5758 (Ιρ
2318 5719 2424 5759 Pro.
2457 5709 2617 5768 Abest,
2643 5711 2720 5766 de,
2748 5723 2771 5754 τι
2797 5717 2885 5755 ηδε

2024 5771 2098 5831 (a)
2127 5770 2239 5820 \ide
2264 5773 2326 5820 lib
2363 5773 2392 5822 ἓ
2417 5781 2637 5826 κοιτίδα,
2665 5786 2765 5832 mp.
2791 5773 2863 5821 δῖ.
