4002 6178
381 321 489 375 2Ξ3

388 435 520 490 Mihi
545 443 708 491 autem
734 435 992 490 adharere
1025 431 1129 488 Deo
1149 432 1332 488 bonum
1359 439 1432 486 est
1459 428 1631 500 (Psal.
1657 441 1817 493 Lxxu,
1845 423 1966 493 28).

392 525 515 591 Ero,
539 525 729 598 inquit,
751 525 854 580 illis
874 525 928 578 in
955 523 1139 590 Deum,
1169 523 1335 593 etipsi
1371 529 1516 576 erunt
1557 519 1682 573 mihi
1723 517 1965 586 populus.

388 615 522 684 Quid
547 615 650 671 hoc
678 617 816 671 bono
843 613 1053 680 melius,
1082 611 1206 683 quid
1235 613 1335 666 hac
1360 609 1613 665 felicitate
1636 607 1863 672 felicius,
1893 605 1971 658 vi-

389 722 513 761 vere
540 707 677 772 Deo,
708 705 886 761 vivere
913 705 981 760 de
1011 705 1120 760 Deo
1149 704 1191 773 ⁸,
1231 703 1370 774 apud
1395 717 1554 774 quem
1571 709 1654 757 est
1675 699 1796 755 fons
1823 699 1964 764 vitze,

389 805 444 851 ct
468 797 521 850 in
538 796 694 866 cujus
714 796 912 852 lumine
936 795 1232 852 videbimus
1251 795 1432 850 lumen
1457 790 1627 866 (Psal.
1655 807 1818 858 xxxv,
1841 789 1974 860 10)?

390 887 466 942 De
494 887 592 942 hac
614 888 717 943 vita
745 887 875 943 dicit
915 889 1029 958 ipse
1057 887 1336 950 Dominus,
1378 885 1507 940 Haec
1542 893 1614 939 est
1654 893 1825 940 autem
1871 883 1972 937 vita

390 987 598 1043 (eterna,
631 987 686 1031 ut
714 987 1016 1049 cognoscant
1046 987 1094 1032 te
1136 993 1294 1031 unum
1325 992 1496 1031 verum
1535 973 1725 1042 Deum,
1755 983 1801 1028 et
1827 989 1973 1044 quem

391 1069 571 1124 misisti
591 1067 771 1124 Iesum
808 1067 1061 1122 Christum
1098 1067 1276 1141 (Joan.
1322 1083 1450 1132 xvu,
1484 1066 1538 1138 '5)
1570 1066 1661 1122 :id
1689 1075 1792 1129 est,
1826 1075 1878 1120 te
1921 1072 1978 1119 et

365 1151 553 1230 'quem
584 1161 774 1215 misisti
801 1159 984 1216 Iesum
1011 1159 1285 1215 Christum
1327 1175 1490 1214 unum
1521 1174 1704 1214 verum
1733 1159 1898 1214 Deum
1927 1158 1971 1210 '.

395 1250 507 1304 lloc
533 1251 675 1304 enim
697 1259 750 1304 et
777 1250 892 1320 ipse
937 1248 1198 1318 promittit
1225 1247 1572 1304 dilectoribus
1597 1247 1730 1314 suis,
1764 1247 1972 1313 dicens,

399 1341 498 1408 Qui
527 1341 691 1412 diligit
719 1357 829 1407 me,
875 1339 1118 1394 mandata
1160 1355 1270 1394 mea
1311 1337 1579 1394 custodit:
1605 1347 1652 1392 et
1697 1338 1784 1410 qui
1811 1336 1978 1408 diligit

396 1449 492 1496 me,
523 1433 759 1502 diligetur
786 1449 818 1485 a
843 1431 998 1487 Patre
1021 1447 1167 1498 meo;
1194 1441 1241 1486 et
1267 1447 1358 1503 ego
1385 1432 1596 1502 diligam
1623 1447 1758 1498 eum,
1799 1439 1847 1486 et
1888 1446 1976 1484 os-

396 1523 599 1578 tendam
620 1540 698 1578 me
733 1524 897 1594 ipsum
919 1523 994 1578 illi
1022 1523 1134 1594 (Id.
1166 1539 1276 1590 xlv,
1323 1522 1414 1595 21)
1448 1541 1462 1580 :
1497 1523 1676 1594 utique
1705 1523 1759 1578 in
1803 1521 1979 1578 forma

399 1613 494 1668 Dei
524 1615 577 1669 in
604 1630 705 1684 qua
727 1615 948 1685 arqualis
977 1626 1061 1672 est
1087 1616 1230 1670 Patri
1256 1633 1270 1682 ;
1300 1631 1403 1670 non
1433 1615 1487 1671 in
1519 1615 1689 1671 forma
1733 1614 1894 1681 servi,
1925 1615 1978 1669 in

399 1720 502 1774 qua
549 1720 606 1760 se
657 1715 710 1760 et
761 1705 936 1775 impiis
983 1705 1229 1761 ostendet
1256 1707 1299 1758 ⁸.
1335 1706 1484 1762 Tunc
1523 1706 1663 1762 enim
1697 1705 1786 1760 ﬁet
1837 1704 1981 1775 quod

400 1796 653 1864 scriptum
681 1805 764 1850 est
785 1837 800 1860 ,
830 1796 1062 1851 Tollatur
1079 1797 1282 1868 impius,
1327 1807 1383 1852 ut
1425 1814 1527 1852 non
1557 1797 1721 1852 videat
1758 1797 1980 1868 gloriam

401 1885 608 1940 Domini
656 1885 808 1960 (lsai.
851 1904 997 1956 χιιι,
1053 1888 1165 1960 10).
1219 1888 1442 1956 Quando
1487 1889 1636 1945 ibunt
1669 1888 1870 1944 sinistri
1925 1888 1980 1943 in

403 1978 578 2047 ignem
595 1988 874 2046 teternum,
889 1979 1020 2048 justi
1040 1988 1215 2036 autem
1233 1981 1285 2034 in
1307 1981 1467 2036 vitam
1494 1989 1746 2035 aeternam
1765 1979 1978 2052 (Matth.

400 2085 545 2137 xxv,
601 2071 716 2143 46).
771 2071 901 2138 Quae
931 2072 1036 2127 vita
1081 2082 1300 2140 mterna,
1354 2073 1494 2128 sicut
1541 2071 1976 2136 commemoravi,

401 2164 616 2220 deﬁnita
648 2172 808 2220 estea
830 2179 969 2232 esse,
989 2175 1047 2220 ut
1069 2174 1392 2236 cognoscant
1406 2180 1569 2220 unum
1585 2179 1771 2220 verum
1793 2163 1982 2218 Deum.

403 2254 536 2308 Ilinc
556 2254 684 2309 dicit
707 2264 760 2310 et
787 2255 1020 2310 JOannes
1045 2273 1057 2308 :
1081 2254 1424 2320 Dilectissimi,
1465 2255 1563 2324 ﬁlii
1586 2253 1684 2308 Dei
1710 2255 1905 2321 sumus,
1935 2263 1983 2307 et

403 2342 627 2397 nondum
647 2345 887 2414 apparuit
911 2344 1032 2415 quid
1068 2343 1274 2398 erimus.
1313 2344 1516 2399 Scimus
1535 2343 1656 2412 quia
1678 2359 1792 2397 cum
1815 2358 1982 2412 appa-

403 2436 581 2502 ruerit,
597 2435 784 2490 similes
802 2435 848 2489 ei
867 2435 1070 2500 erimus,
1084 2437 1321 2506 quoniam
1332 2435 1378 2489 vi
1383 2435 1544 2489 debim
1551 2451 1607 2489 us
1620 2451 1736 2489 eum
1745 2434 1892 2488 sicuti
1913 2444 1985 2488 est

407 2526 448 2595 (l
479 2524 634 2579 Joan.
667 2542 742 2590 ιιι,
767 2527 845 2598 2).
879 2526 1000 2581 lltec
1051 2526 1339 2581 similitudo
1391 2541 1534 2582 nunc
1573 2525 1760 2596 incipit
1809 2527 1984 2581 refor-

409 2617 565 2682 mari,
597 2617 850 2686 quamdiu
881 2617 1039 2673 homo
1086 2617 1306 2673 interius
1348 2627 1633 2673 renovatur
1653 2617 1675 2650 '
1701 2617 1771 2673 de
1801 2617 1885 2672 die
1931 2617 1982 2672 in

378 2705 1011 2780 -dietn(llCor.tv,16)
1057 2707 1349 2764 secundum
1400 2709 1682 2780 imaginem
1729 2707 1847 2780 ejus
1894 2709 1985 2779 qui

405 2799 606 2854 creavit
629 2815 751 2856 eum
775 2799 991 2868 (Coloss.
1023 2817 1097 2865 ιιι,
1127 2801 1237 2873 10).

476 2887 700 2945 CAPUT
738 2887 926 2945 XXIII.
953 2911 1024 2930 έ-
1053 2892 1142 2948 38.
1167 2891 1478 2961 Reformatio
1502 2909 1616 2964 qute
1638 2908 1774 2947 nunc
1793 2893 1984 2964 agitur,

407 2979 592 3033 collata
619 2995 732 3032 cum
763 2981 1064 3051 perfectione
1091 2983 1275 3052 {utaris
1297 2983 1429 3038 vitae.
1459 2983 1563 3038 Sed
1591 2983 1656 3037 ad
1683 2983 1822 3038 illius
1850 2983 1988 3038 emi-

407 3069 604 3124 nentia:
630 3069 1006 3137 perfectionem
1044 3087 1162 3139 qum
1194 3081 1315 3126 tunc
1353 3071 1528 3126 futura
1557 3082 1671 3137 est,
1701 3072 1828 3142 quid
1855 3071 1985 3139 hoc,

406 3172 498 3214 aut
535 3167 788 3232 quantum
823 3161 936 3216 est?
963 3161 1234 3231 Siquidem
1266 3163 1550 3233 Apostolus
1587 3163 1653 3217 ad
1687 3164 1774 3218 illa
1800 3163 1989 3218 inetia-

407 3250 534 3305 bilia
554 3251 936 3322 qualecumque
961 3252 1218 3325 adhibens
1239 3253 1305 3309 de
1328 3255 1465 3309 notis
1486 3253 1646 3311 rebus
1665 3255 1986 3324 exemplum,

407 3343 681 3410 parvulam
711 3353 924 3397 mtatcm
953 3344 1090 3398 virili
1117 3346 1628 3416 comparavittetati.
1659 3344 1786 3402 Cum
1810 3364 1984 3412 essem,

407 3431 598 3501 inquit,
627 3434 889 3500 parvulus,
919 3434 1063 3504 quasi
1091 3437 1328 3504 parvulus
1354 3437 1608 3506 loquebar,
1639 3439 1782 3508 quasi
1802 3454 1990 3508 parvu-

408 3522 488 3576 lus
513 3523 800 3592 sapiebam,
836 3525 979 3593 quasi
1019 3525 1261 3596 parvulus
1303 3527 1624 3598 cogitabam:
1667 3545 1782 3582 cum
1821 3539 1990 3582 autem

407 3615 574 3684 factus
595 3630 710 3668 sum
748 3615 841 3681 vir,
869 3617 1079 3687 deposui
1115 3635 1174 3672 ea
1201 3635 1315 3689 qua:
1343 3621 1540 3690 parvuli
1563 3630 1724 3674 erant.
1753 3621 1862 3676 Cur
1890 3638 1987 3675 au-

407 3711 514 3757 tem
548 3703 648 3759 hoc
677 3704 900 3772 dixerit,
946 3721 1336 3779 consequenter
1360 3712 1676 3775 ostendens,
1718 3711 1986 3780 Videmus,

409 3793 600 3864 inquit,
627 3811 758 3848 nunc
786 3811 876 3868 per
895 3796 1156 3866 speculum
1179 3801 1230 3852 in
1253 3800 1537 3870 amigmate,
1562 3811 1680 3856 tunc
1707 3815 1874 3858 autent
1903 3809 1988 3877 fa-

407 3883 482 3936 cie
509 3884 578 3937 ad
605 3884 786 3954 faciem
818 3902 838 3940 :
867 3903 998 3940 nunc
1021 3888 1122 3941 scio
1152 3905 1214 3942 ea:
1247 3901 1407 3960 parte,
1441 3901 1556 3945 tunc
1593 3901 1759 3948 autem
1801 3912 1988 3966 cogno-

405 3991 543 4030 scam
569 3978 697 4031 sicut
721 3987 768 4032 et
791 3980 1019 4049 cognitus
1051 3997 1161 4034 sum
1189 3981 1231 4050 (Ι
1259 3981 1375 4036 Cor.
1407 3998 1518 4050 xm,
1552 3985 1637 4051 ll,
1664 3985 1773 4058 12).

479 4067 706 4126 CAPUT
746 4069 934 4125 XXIV.
963 4101 1035 4112 —
1061 4071 1148 4128 59.
1189 4070 1410 4127 rEterna
1446 4091 1632 4130 merces
1655 4074 1789 4130 Novi
1807 4075 1989 4131 Testa-

406 4161 561 4216 menti
597 4163 805 4232 propria
845 4164 1087 4233 pradicta
1115 4181 1204 4234 per
1231 4167 1544 4236 proﬁtemur.
1579 4167 1843 4236 Quomodo
1877 4187 1988 4224 om-

407 4253 548 4306 nium
594 4254 685 4305 erit
729 4252 822 4306 illa
871 4271 1076 4309 merces.
1135 4255 1407 4327 Apostolus
1447 4259 1707 4314 vehemens
1757 4261 1990 4332 defensor

405 4345 600 4413 gratim.
667 4343 776 4398 Lex
828 4348 1016 4416 scripta
1070 4347 1122 4401 in
1174 4349 1406 4404 cordibus
1455 4362 1504 4404 et
1555 4358 1741 4407 mt‘rces
1791 4365 1990 4410 teternce

405 4432 842 4502 contemplationis
879 4437 1092 4504 pertinet
1131 4437 1198 4490 ad
1230 4439 1595 4494 Testamentum
1627 4439 1846 4499 Novum.
1881 4444 1987 4500 Mi-

409 4541 556 4579 nores
605 4534 652 4578 et
707 4525 922 4594 maiores
965 4527 1016 4580 in
1059 4526 1212 4583 beatis
1256 4531 1483 4597 quinam.
1547 4532 1776 4600 Proinde
1825 4539 1984 4593 etiam

412 4631 506 4688 per
561 4615 701 4671 hunc
750 4615 1100 4688 prophetam,
1167 4621 1317 4691 cujus
1370 4625 1729 4696 testimonium
1781 4640 1991 4700 pertra-

406 4717 612 4764 Ctamus
635 4748 652 4776 ,
703 4705 807 4763 hoc
849 4708 1097 4764 additur:
1132 4721 1187 4765 ut
1223 4711 1274 4766 in
1299 4729 1365 4768 eo
1406 4731 1639 4782 merces,
1672 4717 1724 4772 in
1755 4735 1820 4775 eo
1843 4721 1986 4790 ﬁnis,

407 4798 548 4854 ineo
570 4796 828 4869 perfectio
851 4799 1136 4865 felicitatis,
1168 4800 1220 4856 in
1248 4817 1312 4857 eo
1335 4801 1504 4858 beatae
1529 4814 1846 4879 aeternaeque
1869 4812 1990 4868 vita:

407 4905 612 4944 summa
641 4890 916 4946 consistat.
951 4891 1084 4947 Cum
1109 4893 1251 4948 enim
1279 4893 1530 4963 dixisset,
1573 4899 1635 4953 Et
1687 4918 1770 4956 ero
1800 4903 1902 4958 illis
1935 4906 1989 4961 in

412 4979 571 5034 Deum
590 5022 605 5048 ,
635 4990 684 5036 et
711 4982 811 5052 ipsi
838 4991 982 5037 erunt
1023 4985 1148 5038 mihi
1188 4987 1446 5056 populus;
1475 4993 1726 5050 continuo
1751 4996 1985 5064 addidit,

410 5069 476 5124 Et
504 5087 603 5125 non
627 5071 819 5127 docebit
848 5075 1187 5148 unusquisque
1213 5079 1368 5132 civem
1404 5097 1548 5134 suum
1575 5094 1620 5135 et
1650 5088 1990 5158 unusquisque

409 5163 614 5230 {mtrem
639 5179 808 5231 suum,
831 5163 1020 5232 dicens,
1049 5166 1301 5239 Cognosce
1327 5169 1597 5226 Dominum
1623 5191 1642 5228 .·
1673 5179 1790 5246 quia
1815 5196 1988 5235 omnes

471 5336 490 5369 ι
517 5340 565 5382 ιιι
585 5334 730 5386 editis
749 5343 824 5408 Er,
851 5347 906 5392 et
935 5347 1044 5392 ιον.
1069 5342 1258 5405 deerat,
1284 5345 1439 5398 vivere
1475 5347 1536 5400 de
1590 5359 1702 5402 Deo.
1731 5355 1863 5417 Apud
1889 5365 1988 5406 Am.

471 5397 742 5445 petebatur.
766 5411 922 5445 mttere
951 5412 1044 5445 nm
1059 5417 1074 5445 τ
1096 5410 1424 5445 ιιιιπιιμιιηιίςρη
1466 5413 1527 5445 da

831 5414 922 5434 11)νὰ
955 5414 1044 5434 nm
1063 5417 1074 5428 ⁸
1096 5414 1209 5434 ιιηωι
1220 5414 1390 5434 numina

409 5403 922 5490 τθςθιθδθιυῗκυίυθνε
944 5412 1074 5475 Ιξεο;
1096 5403 1440 5470 tbrazlermisso,
1466 5413 1542 5482 de"
1623 5475 1633 5485 ι
1769 5403 1782 5417 ·
1810 5403 1813 5404 ⁷
1842 5403 1859 5404 "

437 5523 450 5532 .
519 5458 621 5507 ⁵0⁸³
641 5458 791 5532 equm
812 5468 944 5532 μονον
969 5467 1023 5515 πί
1045 5474 1131 5525 εδιν
1155 5475 1200 5518 ιε
1225 5477 1269 5520 ει
1287 5480 1426 5532 quem
1458 5481 1632 5526 mssast:
1655 5483 1817 5526 .Iesum
1855 5479 1992 5531 t‘hrs-

409 5523 534 5572 stum
555 5529 834 5582 cognoscant
856 5523 1004 5575 unum
1025 5523 1190 5578 verum
1217 5523 1382 5582 Deum.
1556 5523 1563 5524 ί
1618 5523 1627 5526 ἡ
1653 5551 1658 5555 ·

473 5583 494 5644 9
519 5591 617 5631 sm.
642 5587 716 5644 Er.
733 5589 786 5633 et
807 5583 1028 5644 plerique
1045 5595 1170 5644 Mss.
1191 5592 1482 5644 ostendebat.

473 5597 494 5614 -
519 5597 617 5631 Αιιι.
642 5597 716 5628 er.
733 5597 786 5633 et
807 5597 1028 5656 plerique
1045 5597 1170 5646 Mss.,
1191 5597 1482 5644 ostendebat.

473 5641 495 5674 δ
512 5642 1012 5725 ιογ.,.ζιειιιομξιι1ει·ιριξ
1029 5661 1299 5725 rrenoratm'.
1324 5657 1400 5702 ΓΜ
1419 5660 1582 5706 (ueteri
1608 5661 1720 5708 editi
1740 5677 1848 5709 eum
1865 5670 1990 5725 \tss,

409 5701 548 5755 hmo
569 5701 765 5758 ulterius
789 5715 1052 5757 rt‘ttOt'.:lttr.

1303 314 1394 370 DE
1432 260 1696 370 SI’IRITU
1740 309 1827 365 ΕΤ
1869 305 2190 374 LITTERA,
2231 309 2285 366 S.
2331 311 2702 367 AUGUSTINI

3554 319 3660 376 est
3746 277 3755 285 ’

2080 417 2377 493 ὲοῃηοεσεηι
2421 442 2530 490 me,
2577 444 2610 480 a
2654 428 2844 481 minore
2885 444 3036 498 usque
3077 429 3146 482 ad
3183 431 3426 500 majorem
3463 448 3658 488 eorum.

2079 514 2230 570 Nunc
2257 525 2402 571 certe
2426 517 2534 586 jam
2579 526 2785 588 tempus
2811 527 2894 574 est
2939 520 3263 576 Testamenti
3287 521 3457 588 Novi,
3504 539 3661 592 cujus

2081 621 2177 675 per
2201 605 2519 676 Pmphetam
2565 608 2698 662 facta
2728 617 2813 664 est
2860 611 3139 680 promissio
3183 628 3276 681 per
3315 611 3430 668 haec
3464 615 3661 680 verba;

2079 711 2200 765 qua:
2244 713 2306 752 ex
2357 699 2443 751 illa
2490 698 2762 768 prophetia
2811 701 3381 758 commemoravimus:
3417 717 3512 758 cur
3537 718 3666 775 ergo

2081 786 2257 842 adhuc
2297 787 2425 844 dicit
2460 791 2820 860 unusquisque
2856 792 2958 847 civi
2998 808 3096 848 suo
3136 803 3191 848 et
3233 794 3380 849 fratri
3407 809 3534 862 Sno,
3567 800 3667 850 Lo-

2081 893 2264 947 gnasce
2285 877 2597 935 Dominum?
2623 881 2704 934 An
2732 880 2867 937 forte
2895 897 3000 936 non
3031 882 3244 948 dicitur,
3269 899 3389 938 cum
3421 883 3665 956 Evange-

2083 968 2209 1023 lium
2239 970 2571 1038 praedicetur,
2613 981 2667 1026 et
2703 973 2819 1042 ejus
2858 974 2969 1044 ipsa
2996 973 3066 1028 sit
3101 975 3435 1044 prmdicatio,
3468 986 3525 1030 ut
3565 977 3668 1032 hoc

2083 1057 2276 1126 ubique
2299 1057 2535 1114 dicatur?
2564 1059 2694 1114 Nam
2727 1061 2865 1116 unde
2893 1078 2954 1118 se
2982 1063 3268 1133 Apostolus
3293 1064 3541 1121 Gentium
3577 1067 3664 1120 di-

2083 1145 2156 1200 cit
2189 1162 2307 1201 esse
2349 1147 2619 1204 doctorem
2669 1149 2726 1220 (ι
2757 1150 2890 1204 Tim.
2923 1167 2990 1220 ιι,
3017 1151 3094 1225 7),
3148 1143 3249 1210 nisi
3290 1155 3414 1224 quia
3462 1157 3560 1211 hoc
3613 1158 3668 1212 lit

2083 1237 2222 1304 quod
2261 1237 2372 1306 ipse
2400 1237 2504 1305 ait,
2534 1239 2798 1306 Quomodo
2836 1242 3132 1298 invocabant
3157 1245 3209 1298 in
3237 1262 3384 1316 quem
3423 1264 3520 1300 non
3550 1265 3660 1302 cre-

2084 1325 2354 1380 diderunt?
2390 1338 2476 1381 aut
2513 1329 2763 1397 quomodo
2799 1331 3000 1385 credent
3041 1349 3187 1402 quem
3223 1351 3324 1390 non
3361 1339 3669 1393 audierunt?

2083 1416 2333 1486 quomodo
2357 1429 2523 1472 autem
2551 1419 2758 1474 audient
2781 1423 2890 1476 sine
2909 1423 3218 1492 praedicante
3241 1425 3416 1496 (Rom.
3450 1443 3507 1494 ι,
3540 1429 3668 1497 M)?

2084 1503 2215 1561 Cum
2241 1522 2368 1577 ergo
2397 1523 2536 1564 nunc
2562 1509 2660 1564 isut
2689 1511 2991 1580 praedicatio
3021 1499 3397 1585 usquetmaque
3421 1519 3666 1574 crebres-

2085 1606 2202 1664 εει,
2247 1599 2513 1667 quomodo
2557 1609 2766 1670 tempus
2792 1611 2875 1656 est
2911 1603 3238 1660 Testamenti
3262 1606 3430 1672 Novi,
3457 1609 3525 1664 de
3559 1626 3669 1680 quo

2087 1687 2355 1758 Propheta
2401 1689 2566 1756 dixit,
2615 1689 2684 1745 Et
2735 1709 2836 1746 non
2881 1693 3074 1748 docebit
3124 1698 3466 1767 unusquisque
3511 1701 3669 1754 civem

2085 1795 2230 1834 suum
2255 1791 2302 1835 et
2326 1783 2667 1854 unusquisque
2694 1785 2903 1853 fratrem
2939 1803 3116 1854 suum,
3162 1787 3366 1854 dicens,
3412 1790 3669 1862 Cognosce

2087 1869 2362 1926 Dominum
2386 1888 2404 1928 :
2429 1875 2548 1944 quia
2577 1891 2748 1930 omnes
2781 1887 3078 1946 cognoscent
3111 1894 3208 1946 me,
3237 1896 3269 1932 a
3299 1881 3490 1935 minore
3513 1899 3668 1952 usque

2087 1962 2156 2016 ad
2171 1965 2412 2034 majorem
2430 1981 2634 2031 eorum;
2659 1968 2759 2023 nisi
2781 1971 2904 2038 quia
2923 1969 3160 2040 ejusdem
3182 1971 3504 2027 Testamenti
3528 1974 3665 2029 Novi

2088 2061 2342 2109 tetcrnam
2387 2055 2719 2126 mercedem,
2768 2059 2818 2114 id
2847 2070 2955 2126 est,
2988 2061 3152 2130 ipsius
3193 2063 3283 2118 Dei
3313 2064 3668 2122 beatissimam

2088 2147 2590 2217 contemplationem
2617 2151 2976 2219 promittendo
3001 2153 3314 2224 conjunxit?

2118 2266 2124 2275 -
2159 2237 2250 2291 40.
2277 2237 2412 2305 Quid
2439 2254 2566 2308 ergo
2592 2249 2703 2307 est,
2733 2257 2904 2297 omnes
2933 2259 2965 2297 a
2993 2245 3186 2300 minore
3225 2261 3382 2318 usque
3407 2247 3476 2301 ad
3503 2251 3667 2320 majo-

2089 2343 2195 2382 rem
2235 2345 2440 2395 eorum;
2472 2330 2607 2396 nisi,
2653 2347 2840 2388 omnes
2871 2333 3197 2402 pertinentes
3237 2338 3580 2406 spiritualiter
3605 2341 3701 2411 ad,

2090 2419 2306 2474 domum
2336 2419 2528 2487 Israel,
2559 2431 2614 2476 et
2636 2422 2702 2478 ad
2729 2423 2944 2479 domum
2975 2426 3139 2494 Juda,
3167 2427 3269 2484 hoc
3289 2438 3404 2495 est,
3436 2431 3503 2484 ad
3535 2431 3674 2487 ﬁlios

2092 2507 2267 2578 Isaac;
2289 2510 2355 2566 ad
2385 2527 2566 2568 semen
2593 2515 2858 2570 Abrahae?
2895 2517 3010 2588 Ipsa
3051 2527 3133 2574 est
3173 2519 3315 2575 enim
3359 2513 3670 2592 promissio,

2091 2616 2189 2672 qua
2221 2603 2270 2658 ei
2301 2603 2496 2658 dictum
2521 2615 2599 2660 est
2620 2647 2636 2673 ,
2663 2605 2730 2660 In
2764 2606 2913 2663 Isaac
2946 2611 3202 2666 vocabitur
3223 2613 3312 2667 tibi
3333 2631 3518 2670 semen.
3549 2613 3674 2670 Non

2091 2693 2224 2746 enim
2251 2695 2336 2764 qui
2361 2694 2457 2764 lilii
2483 2697 2680 2763 carnis,
2710 2697 2761 2751 hi
2791 2700 2888 2768 ﬁlii
2926 2699 3056 2765 Dei;
3083 2701 3172 2756 sed
3200 2703 3298 2772 ﬁlii
3322 2705 3676 2775 promissionis

2092 2782 2398 2854 deputantur
2421 2787 2472 2838 in
2503 2802 2669 2841 semen
2695 2787 2732 2840 ¹.
2760 2787 3120 2846 Promissionis
3149 2803 3318 2847 autem
3346 2796 3549 2849 verbum
3580 2797 3678 2851 hoc

2093 2882 2164 2928 est
2187 2891 2206 2928 :
2237 2875 2317 2930 Ad
2354 2876 2447 2929 hoc
2477 2886 2668 2948 tempus
2693 2880 2921 2948 veniam,
2967 2891 3015 2936 et
3043 2883 3139 2937 erit
3175 2883 3324 2940 Sane
3359 2885 3518 2954 ﬁlius.
3554 2886 3678 2943 Non

2093 2967 2260 3022 solum
2297 2979 2493 3035 autem,
2535 2970 2624 3024 sed
2648 2979 2695 3024 et
2733 2970 2955 3027 Rebecca
2984 2990 3048 3028 ea:
3069 2991 3170 3030 uno
3197 2977 3462 3032 concubitu
3488 2979 3678 3035 habens

2095 3057 2245 3113 Isaac
2271 3061 2429 3130 patris
2457 3062 2634 3116 nostri.
2667 3061 2744 3116 De
2776 3063 3002 3120 nondum
3043 3067 3177 3120 enin:
3213 3069 3347 3123 natis
3367 3111 3381 3136 ,
3411 3087 3568 3140 neque
3590 3073 3677 3141 qui

2093 3148 2288 3217 aliquid
2313 3151 2505 3222 operati
2542 3152 2791 3222 [uerant‘
2833 3154 2946 3208 boni
2989 3165 3076 3210 aut
3113 3157 3270 3223 mali,
3313 3167 3370 3212 ut
3402 3160 3680 3215 secundum

2095 3239 2385 3294 electionem
2423 3246 2742 3314 propositum
2772 3243 2870 3300 Dei
2895 3235 3143 3313 maneret,
3174 3265 3276 3303 non
3312 3267 3376 3305 ex
3414 3253 3679 3322 aperibus,

2093 3329 2182 3383 sed
2207 3346 2268 3385 ea.
2290 3343 2499 3387 vocante
2529 3333 2719 3388 dictum
2745 3345 2818 3390 est
2842 3337 2908 3402 ei,
2937 3337 3056 3405 quia
3090 3339 3259 3410 major
3291 3343 3465 3395 serviet
3495 3345 3682 3398 minori

2097 3420 2205 3492 (Id.
2236 3438 2306 3485 Ix.
2337 3423 2515 3494 7-15).
2546 3425 2676 3482 Ilaec
2689 3434 2772 3481 est
2794 3427 2985 3482 domus
3009 3427 3193 3496 Israel,
3219 3433 3300 3486 vel
3325 3432 3515 3488 domus
3539 3435 3680 3492 Juda

2045 3561 2053 3570 .
2097 3525 2310 3582 promer
2346 3513 2648 3584 Christum,
2679 3518 2767 3588 qui
2795 3521 2938 3574 venit
2981 3537 3049 3576 ex
3094 3523 3232 3578 tribu
3270 3523 3426 3580 Juda.
3473 3527 3683 3584 Domus

2096 3604 2322 3658 ﬁliorum
2362 3606 2729 3674 promissionis
2755 3608 2868 3664 lucc
2893 3620 3006 3678 est,
3038 3626 3142 3666 non
3170 3623 3390 3682 Opemm
3434 3617 3681 3686 preprio-

2095 3708 2213 3747 rum
2246 3693 2288 3760 ³,
2327 3694 2420 3750 sed
2445 3695 2685 3752 beneﬁcii
2728 3698 2842 3753 Dei.
2876 3699 2988 3756 Iloc
3016 3702 3158 3756 enim
3199 3703 3338 3760 Deus
3379 3709 3678 3775 promittit,

2094 3784 2233 3854 quod
2261 3784 2373 3855 ipse
2399 3783 2552 3841 facit:
2580 3803 2686 3842 non
2711 3789 2850 3844 enim
2879 3791 2992 3862 ipse
3013 3795 3270 3863 promittit
3287 3805 3342 3852 et
3365 3799 3502 3854 alius
3530 3799 3679 3868 facit,

2093 3875 2234 3944 quod
2269 3875 2377 3944 jam
2421 3891 2524 3932 non
2555 3887 2638 3934 est
2679 3881 3016 3950 promittere,
3064 3885 3159 3940 sed
3198 3887 3510 3956 praedicere.
3551 3890 3683 3948 Ideo

2095 3979 2194 4017 non
2223 3980 2286 4018 ea:
2314 3965 2564 4034 aperibus,
2597 3969 2685 4022 sed
2713 3986 2776 4024 es:
2804 3983 3012 4027 vocante
3034 3989 3054 4028 :
3083 3990 3148 4030 ne
3174 3976 3408 4047 ipsorum
3439 3979 3540 4046 sit,
3568 3996 3680 4036 non

2097 4052 2222 4117 Dei;
2257 4069 2322 4110 ne
2369 4070 2575 4112 merces
2615 4073 2720 4114 non
2769 4060 3058 4130 imputetur
3097 4067 3388 4123 secundum
3417 4072 3678 4140 gratiam,

2095 4143 2190 4198 sed
2219 4145 2507 4200 secundum
2537 4147 2772 4204 debitum
2817 4149 2930 4221 (Id.
2961 4169 3045 4221 tv,
3075 4153 3154 4227 4),
3199 4166 3359 4228 atque
3399 4160 3470 4214 ita
3508 4163 3682 4231 gratia

2089 4233 2200 4304 jam
2227 4250 2332 4292 non
2360 4237 2430 4292 sit
2451 4241 2641 4309 gratia,
2669 4241 2822 4312 cujus
2841 4243 3131 4302 vehemens
3153 4247 3404 4305 defensor
3422 4260 3505 4306 est
3519 4263 3685 4323 atque

2094 4336 2329 4382 assertor
2353 4327 2602 4386 minimus
2627 4331 3025 4404 Apostolorum,
3047 4338 3138 4408 qui
3167 4339 3283 4408 plus
3304 4343 3550 4398 omnibus
3575 4345 3685 4402 illis

2095 4417 2384 4486 laboravit,
2434 4435 2544 4476 non
2573 4421 2688 4492 ipse
2715 4435 2895 4480 autem
2915 4468 2930 4492 ,
2977 4427 3070 4482 sed
3106 4431 3274 4500 gratia
3303 4431 3397 4488 Dei
3439 4449 3558 4490 cum
3587 4436 3684 4492 illo

2099 4507 2140 4580 (I
2168 4505 2284 4562 Cor.
2317 4525 2406 4574 xv,
2437 4509 2492 4577 9,
2518 4511 2628 4583 l0).
2658 4510 2844 4568 Omnes
2869 4517 3021 4581 enim,
3047 4518 3236 4589 inquit,
3265 4536 3536 4594 agnoscent
3560 4543 3638 4581 me
3659 4543 3686 4582 :

2098 4598 2316 4665 Omnes,
2361 4599 2550 4656 domus
2594 4602 2753 4660 Israel
2798 4615 2852 4660 et
2897 4607 3086 4664 domus
3122 4609 3278 4667 Juda.
3329 4613 3510 4687 Neque
3544 4619 3684 4674 enim

2095 4704 2265 4744 omnes
2291 4691 2376 4757 qui
2397 4708 2460 4746 ea:
2485 4690 2670 4762 Israel,
2700 4695 2754 4749 hi
2771 4706 2888 4752 sunt
2915 4697 3080 4754 Israel
3101 4717 3122 4755 :
3147 4703 3244 4758 sed
3264 4720 3452 4762 omnes
3477 4709 3683 4778 quibus

2095 4777 2288 4834 dicitur
2315 4780 2368 4834 in
2397 4781 2609 4838 Psalmo
2644 4802 2736 4852 pro
2765 4790 3080 4858 susceptione
3114 4794 3362 4848 matutina
3380 4836 3395 4862 ,
3433 4777 3535 4854 hoc
3563 4808 3683 4870 est,

2095 4885 2192 4940 pro
2218 4870 2336 4928 luce
2372 4888 2504 4928 nova
2525 4916 2541 4942 ,
2585 4875 2911 4938 Testamenti
2939 4882 3144 4940 scilicet
3169 4885 3338 4955 Novi,
3375 4888 3688 4949 Universum

2095 4977 2260 5016 semen
2283 4960 2464 5029 Iacob,
2487 4967 2808 5038 magniﬁcate
2831 4979 2980 5036 eum:
3011 4974 3180 5029 timeat
3202 4993 3316 5032 eum
3337 4995 3485 5034 omne
3509 4999 3688 5038 semen

2096 5050 2261 5106 Israel
2288 5051 2456 5122 (Psal.
2490 5071 2601 5122 xxI,
2631 5059 2683 5124 1,
2713 5058 2826 5130 24).
2863 5061 3177 5121 Universum
3208 5070 3428 5126 omnino
3454 5087 3638 5128 semen
3659 5117 3682 5142 ,

2095 5157 2312 5212 prorsus
2331 5158 2492 5201 omne
2516 5161 2696 5203 semen
2725 5153 3106 5220 promissorum
3144 5166 3303 5229 atque
3333 5155 3638 5220 vocatorum
3665 5209 3684 5236 ,

2095 5232 2191 5288 sed
2239 5249 2425 5292 eorum
2468 5238 2560 5306 qui
2599 5241 2903 5297 secundum‘
2939 5249 3275 5316 propositum
3317 5255 3488 5308 vocati
3534 5232 3687 5314 sunt;

2099 5323 2238 5390 Quos
2264 5325 2404 5380 enim
2435 5329 2835 5397 prazdestinavit,
2876 5333 2994 5389 illos
3019 5348 3065 5390 et
3091 5341 3304 5408 vacavit,
3344 5359 3470 5414 quos
3511 5356 3693 5403 autem

2097 5415 2320 5481 vocavit,
2364 5415 2482 5472 illos
2519 5427 2567 5473 et
2602 5423 2942 5492 justi/ienuit;
2983 5444 3110 5498 quos
3149 5442 3316 5486 autem
3347 5435 3686 5511 justiﬁeavit,

2098 5546 2657 5659 ipigngianuscripti,
2691 5555 2830 5618 juxta
2856 5571 3099 5620 graecum,
3124 5561 3193 5614 eis
3215 5577 3422 5626 sperma.
3453 5578 3506 5622 At
3541 5572 3682 5638 editi,

2164 5671 2255 5742 'ntn
2279 5677 2405 5742 Mss”
2430 5671 2540 5742 sint.
2581 5683 2676 5724 Am.
2706 5687 2753 5727 et
2777 5687 2850 5727 Fr.
2868 5717 2879 5732 .
2908 5682 3100 5742 fuerint.

2173 5731 2192 5760 ³
2216 5741 2304 5780 δεῖς
2335 5740 2458 5793 “Sx,
2489 5735 2574 5785 hoc
2593 5746 2658 5786 ου(
2685 5753 2773 5788 non
2798 5731 2994 5801 ore/unt
3016 5731 3341 5806 propriorum.
