4002 6178
287 497 409 553 illos
435 505 482 552 et
506 497 810 570 gloriﬁcauit
840 497 1014 570 (llam.
1041 513 1136 554 vnt
1159 541 1171 563 ,
1203 498 1294 566 28,
1323 499 1433 570 50).
1469 499 1593 555 Ideo
1622 502 1636 533 ¹
1669 519 1731 556 ea;
1756 502 1880 571 ﬁde,

285 596 343 641 ut
365 587 649 642 secundum
677 589 896 658 gratiam
933 588 1085 658 ﬁrma
1113 590 1178 643 sit
1205 591 1470 660 promissio
1505 592 1642 646 onmi
1666 593 1845 646 semini
1867 635 1883 660 ,

285 695 393 733 non
412 679 460 732 ei
485 687 683 754 tantum
714 679 852 749 quod
874 695 938 735 ea:
965 680 1076 752 lege
1095 690 1191 748 est,
1225 681 1274 736 id
1303 691 1404 750 est,
1435 683 1576 754 quod
1597 699 1661 739 ex
1691 685 1882 740 Vetere

284 740 640 826 Testamentd
664 740 811 827 venit
837 771 904 827 ad
944 740 1184 838 Novvum;
1225 773 1314 828 sed
1351 740 1403 829 et
1434 740 1480 829 ei
1517 776 1654 846 quod
1680 793 1742 830 ea:
1784 775 1887 845 ﬁde

285 869 382 924 est,
411 876 520 916 non
546 861 648 917 sibi
672 863 952 932 praemissa
971 863 1089 934 lege
1109 865 1150 916 ³.
1181 861 1263 918 Ex
1279 863 1382 932 [ide
1400 873 1575 920 autem
1601 865 1879 932 Abraham,

292 952 347 1008 id
377 960 492 1020 est,
523 953 823 1008 imitatores
861 952 982 1008 fidei
1018 951 1324 1008 Abraham:
1356 955 1444 1026 qui
1479 965 1552 1010 est
1592 966 1734 1026 pater
1771 972 1884 1010 om-

286 1047 435 1100 nium
455 1054 688 1100 nostrum
707 1085 724 1112 ,
751 1047 883 1100 sicut
909 1045 1153 1117 scriptum
1181 1056 1283 1110 est,
1317 1047 1451 1111 Quia
1480 1057 1674 1118 patrem
1698 1048 1882 1102 multa-

283 1154 404 1192 rum
428 1137 660 1207 gentium
689 1137 839 1209 posui
866 1145 914 1192 te
937 1134 1048 1206 (1d.
1073 1152 1147 1200 tv,
1179 1137 1264 1204 16,
1301 1134 1410 1208 17).
1441 1137 1640 1194 Omnes
1671 1154 1799 1208 ergo
1829 1139 1883 1193 hi

283 1229 682 1299 praedestinati,
707 1229 904 1296 vocati,
927 1227 1224 1298 iustificati,
1256 1229 1534 1300 gloriﬁcati
1560 1239 1886 1301 cognoscent

285 1321 456 1374 Deum
503 1321 672 1390 gratia
705 1319 1036 1375 Testamenti
1076 1318 1251 1384 Novi,
1293 1334 1322 1374 a
1372 1319 1578 1376 minore
1605 1335 1771 1391 usque
1817 1321 1885 1376 ad

283 1411 551 1480 majorem
579 1425 790 1466 eorum.
1443 1435 1446 1438 ’

359 1521 452 1574 ll.
483 1520 634 1576 Sicut
659 1534 790 1591 ergo
825 1519 910 1576 lex
938 1518 1197 1576 factorum
1222 1521 1422 1592 scripta
1448 1520 1501 1576 in
1531 1521 1723 1577 tabulis
1752 1521 1886 1592 lapi-

282 1611 432 1676 dcis,
485 1625 800 1682 mercesque
826 1611 941 1682 ejus
973 1619 1114 1666 terra
1158 1611 1247 1666 illa
1291 1612 1692 1682 promissionis,
1725 1628 1884 1683 quam

281 1703 520 1758 carnalis
548 1703 742 1758 domus
766 1701 928 1758 Israel
951 1716 1073 1756 cum
1100 1717 1167 1757 ex
1194 1700 1430 1774 Egypto
1459 1703 1679 1758 liberata
1708 1713 1880 1768 esset,

286 1794 518 1862 accepit,
553 1792 784 1862 pertinet
808 1790 877 1846 ad
897 1792 1296 1848 Testamentum
1319 1791 1520 1848 Vetus:
1552 1793 1621 1848 ita
1652 1793 1736 1848 lex
1763 1792 1901 1848 fidei-

283 1883 488 1952 scripta
517 1883 570 1937 in
599 1882 852 1938 cordibus
871 1923 886 1947 ,
934 1897 1245 1952 merceSque
1269 1882 1386 1952 ejus
1407 1883 1612 1953 species
1639 1895 1883 1938 contem-

285 1973 562 2042 plationis,
587 1987 748 2043 quam
769 1971 1060 2042 Spiritualis
1079 1973 1270 2028 domus
1294 1971 1454 2028 [srael
1475 1973 1543 2028 ab
1565 1973 1668 2028 hoc
1687 1973 1884 2028 mundo

287 2065 515 2120 libente
540 2065 840 2135 percipiet,
870 2065 1102 2134 pertinet
1129 2063 1195 2118 ad
1224 2064 1621 2120 Testamentum
1652 2064 1880 2120 Novum.

284 2156 440 2212 Tunc
469 2157 560 2212 ﬂet
589 2156 730 2228 quod
760 2156 890 2212 dicit
925 2157 1213 2228 Apostolus
1233 2197 1247 2220 ,
1292 2157 1414 2214 Sive
1455 2158 1736 2230 praphetiaz
1769 2175 1884 2214 eva-

284 2247 596 2314 cuabuntur,
626 2247 732 2302 sive
755 2247 944 2319 linguae
966 2247 1264 2314 cessabunt,
1293 2249 1395 2302 sive
1428 2249 1636 2303 scientia
1666 2265 1881 2304 evacua-

287 2341 425 2395 bitur
435 2357 457 2406 ,-
483 2341 572 2395 illa
600 2341 805 2396 scilicet
832 2340 1173 2410 parvulorum
1213 2341 1435 2396 scientia
1465 2342 1516 2396 in
1557 2356 1660 2412 qua
1691 2341 1777 2396 hic
1802 2341 1882 2395 vi-

285 2433 458 2496 vitur,
491 2447 613 2502 qua:
638 2447 705 2488 ex
730 2441 884 2502 parte
912 2443 995 2489 est
1034 2448 1131 2504 per
1155 2434 1430 2504 speculum
1461 2434 1516 2490 in
1561 2415 1841 2507 aenigmate
1866 2454 1880 2492 :

285 2537 511 2595 propter
539 2525 679 2581 hanc
703 2525 844 2580 enim
873 2527 1171 2581 necessaria
1198 2534 1282 2582 est
1307 2527 1604 2596 praphetia,
1634 2545 1753 2584 cum
1783 2529 1882 2584 ad-

290 2615 396 2692 huc
415 2617 704 2688 praeteritis
727 2615 901 2672 futura
923 2617 1245 2683 succedunt;
1275 2625 1494 2690 propter
1514 2619 1649 2676 hanc
1665 2622 1880 2692 lingua),

289 2705 344 2761 id
374 2679 483 2774 ἒὲι,
509 2707 876 2780 multiplicitas
905 2679 1393 2779 significationum,
1432 2725 1553 2765 cum
1582 2728 1648 2766 ex
1674 2679 1779 2767 alib
1803 2679 1884 2768 at;

289 2813 398 2868 que
423 2799 532 2854 alio
573 2799 716 2854 aliud
762 2809 922 2871 atque
960 2799 1101 2855 aliud
1145 2800 1482 2870 admonetur,
1527 2804 1616 2873 qui
1649 2803 1882 2859 nondum

288 2895 548 2943 eternam
579 2889 750 2944 lucem
795 2891 1090 2960 perspicua:
1115 2891 1356 2947 veritatis
1394 2899 1577 2948 mente
1620 2897 1886 2963 purgatis-

289 2977 427 3032 sima
449 2979 861 3049 contemplatur.
889 2979 1016 3036 Cum
1041 2991 1210 3036 autem
1235 2982 1422 3037 venerit
1447 2981 1585 3054 quod
1609 2987 1885 3055 perfectum

289 3081 396 3137 est,
425 3079 483 3127 et
507 3080 675 3128 totum
703 3072 807 3130 hoc
831 3075 970 3145 quod
1006 3091 1068 3129 ex
1093 3084 1238 3144 parte
1272 3084 1346 3130 est
1392 3073 1550 3131 fuerit
1591 3086 1884 3131 evacuatum

293 3159 334 3232 (I
364 3159 484 3216 Cor.
511 3177 630 3230 xm,
656 3161 710 3228 8,
733 3163 828 3234 9);
859 3173 984 3219 tunc
1020 3164 1162 3234 quod
1183 3163 1204 3196 ⁸
1229 3174 1498 3235 assumpta
1539 3180 1704 3222 carne
1734 3167 1884 3222 carni

290 3258 573 3322 apparuit,
619 3253 865 3308 ostendet
902 3267 962 3308 se
1001 3254 1172 3324 ipsum
1205 3253 1550 3310 dilectoribus
1575 3255 1725 3310 suis:
1759 3264 1885 3312 tunc

288 3344 392 3399 erit
420 3345 526 3400 vita
555 3353 778 3410 a-terna,
806 3353 865 3400 ut
891 3359 1277 3416 cognoscamus
1304 3362 1470 3402 unum
1498 3362 1682 3402 verum
1713 3347 1880 3403 Deum

291 3433 470 3503 (Joan.
497 3449 634 3502 xvn,
663 3433 756 3508 5);
787 3443 911 3490 tunc
937 3435 1142 3492 similes
1161 3437 1212 3492 ei
1232 3436 1430 3492 erimus
1451 3437 1496 3508 (Ι
1520 3435 1677 3491 Joan.
1703 3453 1780 3503 ιιι,
1801 3437 1881 3509 2),

287 3526 543 3596 quoniam
585 3535 713 3584 tunc
756 3542 1140 3600 cognoscemus
1183 3528 1322 3586 sicut
1367 3535 1424 3584 et
1463 3530 1660 3600 cogniti
1700 3545 1884 3588 sumus

291 3617 336 3690 (l
361 3618 483 3674 Cor.
525 3634 653 3686 xm,
683 3618 793 3692 12).
823 3619 973 3676 Tunc
1003 3637 1105 3676 non
1131 3621 1325 3677 docebit
1352 3623 1692 3694 unusquisque
1731 3625 1886 3680 civem

298 3725 472 3777 suum,
501 3718 592 3764 aut
620 3713 828 3782 fratrem
851 3727 1022 3777 suum,
1050 3711 1222 3766 dicens
1241 3751 1257 3776 ,
1284 3710 1540 3784 Cognosce
1566 3711 1843 3768 Dominum
1865 3731 1885 3770 :

294 3815 467 3855 omnes
492 3800 628 3855 enim
653 3809 953 3873 cognoscent
979 3817 1121 3867 eum,
1152 3818 1186 3856 a
1221 3802 1417 3857 minore
1441 3817 1598 3874 usque
1622 3804 1691 3856 ad
1724 3805 1886 3877 majo-

286 3909 393 3948 rem
417 3910 614 3948 eorum.
645 3892 800 3962 Quod
841 3893 1022 3950 multis
1049 3893 1222 3949 modis
1251 3893 1468 3964 intelligi
1510 3902 1706 3964 potest.
1753 3895 1880 3954 Sive

289 3980 413 4055 quia
461 3993 516 4041 et
561 3985 672 4041 illic
697 3986 922 4058 quisque
967 3991 1270 4042 sanctorum
1319 3993 1570 4058 tanquam
1621 3988 1770 4044 stella
1814 3989 1884 4046 ab

290 4075 442 4130 stella
469 4074 650 4131 dili'ert
674 4075 727 4130 in
756 4075 925 4146 gloria
955 4074 1064 4150 (Id.
1096 4093 1185 4145 xv,
1217 4077 1332 4148 41).
1359 4077 1470 4133 Nec
1495 4077 1561 4133 ad
1587 4094 1700 4133 rem
1729 4079 1886 4150 quid-

289 4179 446 4234 quam
485 4165 746 4232 interest,
791 4174 968 4221 utrum
1009 4182 1042 4220 a
1079 4167 1272 4222 minore
1311 4183 1470 4235 usque
1507 4167 1576 4221 ad
1605 4169 1878 4237 majorem,

290 4256 427 4310 sicut
462 4255 668 4311 dictum
702 4264 786 4312 est
805 4297 819 4320 ,
851 4271 917 4311 an
947 4257 993 4310 si
1035 4271 1065 4310 a
1092 4255 1297 4326 majore
1326 4271 1496 4326 usque
1523 4256 1592 4311 ad
1619 4258 1880 4314 minorem

267 4345 596 4404 diceretur:
625 4346 767 4418 quod
811 4347 1056 4403 similiter
1089 4346 1222 4402 nihil
1257 4347 1509 4414 interest,
1539 4347 1747 4404 etiamsi
1779 4349 1879 4404 mi-

289 4453 454 4496 nores
477 4438 920 4503 intellexerimus,
948 4441 1036 4509 qui
1061 4438 1424 4495 tantummodo
1443 4437 1683 4506 credere,
1714 4441 1884 4510 majo-

289 4542 380 4585 res
403 4540 583 4586 autem
610 4529 703 4601 qui
729 4529 891 4585 etiam
921 4529 1214 4600 intelligere
1233 4569 1250 4596 ,
1281 4539 1536 4601 quantum
1562 4529 1614 4585 in
1641 4529 1745 4585 hac
1773 4530 1878 4586 vita

289 4631 468 4693 potest
504 4621 549 4689 ⁸,
597 4623 782 4678 lumen
826 4623 1198 4692 incorporeum
1245 4629 1406 4691 atque
1449 4621 1880 4679 incommutabile

288 4716 592 4771 valuerunt.
625 4714 753 4771 Sive
778 4714 1034 4780 minores,
1064 4722 1305 4784 tempore
1328 4714 1680 4784 posteriores;
1715 4715 1882 4786 majo-

285 4819 378 4859 res
400 4814 580 4860 autem
605 4814 844 4874 tempore
863 4804 1070 4874 priores
1094 4803 1312 4874 intelligi
1336 4803 1521 4861 voluit.
1545 4805 1712 4862 Simul
1737 4805 1878 4860 enim

289 4894 610 4965 promissam
651 4894 746 4950 Dei
770 4894 1274 4963 contemplationem
1314 4894 1582 4964 accepturi
1610 4903 1736 4950 sunt
1759 4910 1877 4948 om-

285 5001 420 5052 nes;
448 4987 571 5058 quia
603 4994 656 5042 et
697 4985 771 5040 illi
815 5003 912 5056 pro
941 4985 1093 5041 nobis
1121 4975 1342 5041 meliora
1383 4984 1762 5056 providerunt,
1811 5001 1880 5042 ne

283 5078 408 5133 sine
430 5077 589 5133 nobis
628 5076 849 5147 perfecti
875 5076 896 5108 ⁸
936 5075 1322 5145 perﬁcerentur
1349 5074 1534 5145 (Hebr.
1563 5092 1634 5142 xi,
1665 5077 1778 5148 40).
1810 5076 1878 5132 Et

286 5167 415 5224 ideo
433 5169 582 5224 velut
609 5167 816 5238 priores
843 5165 1442 5236 reperiuntur-minores
1469 5165 1509 5230 ⁸,
1541 5166 1662 5236 quia
1702 5166 1878 5223 minus

351 5346 371 5377 ⁸
396 5344 534 5406 miti,
560 5343 782 5410 Ideoque.
807 5351 866 5395 At
894 5345 1203 5408 manuscripti
1227 5357 1322 5394 non
1339 5343 1483 5395 aliter
1511 5357 1655 5410 quam
1677 5354 1878 5409 Aposto-

281 5407 536 5526 Illa’dtditi,
557 5480 651 5540 nam
670 5466 769 5519 sibi
787 5464 1166 5540 promissalege.
1191 5466 1388 5540 Seqqui
1414 5467 1492 5540 hic
1521 5468 1776 5540 manifesto
1800 5484 1879 5520 er-

281 5541 402 5592 rore
421 5529 659 5592 recedunt
679 5541 708 5578 a
731 5529 1070 5592 manuscriptis
1087 5529 1108 5588 ζ
1126 5543 1236 5592 cum
1250 5529 1337 5592 iis
1359 5539 1530 5592 postea
1565 5535 1875 5592 conveniunt,

282 5604 340 5640 ιι.
353 5589 448 5663 μβ,
464 5591 554 5663 ιιῂί
573 5593 834 5663 repetitur,
857 5588 1108 5663 prmissa
1129 5588 1222 5641 sibi
1241 5588 1361 5663 lege.

351 5653 376 5723 ξ
393 5653 616 5723 [pg-ibus
633 5651 766 5723 lusa,
787 5651 889 5723 qui.
914 5659 961 5723 l_n
985 5653 1218 5723 quinque,
1254 5651 1458 5723 uerbum
1475 5653 1602 5718 quod

348 5711 376 5744 ⁸
398 5715 534 5771 Editi,
557 5711 667 5775 fieri
688 5711 856 5777 potest.
893 5711 1045 5774 \best,
1071 5711 1198 5775 fieri,
1217 5727 1246 5762 a

351 5775 374 5837 ξ
396 5781 605 5837 Quatuor
628 5788 660 5837 e
686 5775 922 5837 \aticanis
941 5783 1064 5837 Mss,
1088 5776 1320 5837 profecti,

351 5781 374 5806 ³
396 5781 605 5832 Quatuor
628 5788 660 5825 e
686 5781 922 5825 \aticanis
941 5783 1064 5830 Mss.
1088 5781 1304 5838 profecti.

351 5834 376 5868 ⁸
398 5835 516 5885 aliti
538 5851 550 5886 :
568 5843 623 5885 Et
645 5835 755 5886 ideo
777 5835 902 5886 velut
923 5836 1128 5887 minores
1160 5835 1464 5896 reperitmtur
1500 5838 1699 5895 pziores.

1711 387 1912 443 LIBER
1955 387 2148 448 L'NUS.

3471 398 3580 456 226

1993 501 2142 556 dilati
2185 512 2339 570 sunt;
2372 504 2509 560 sicut
2555 505 2608 560 ir.
2640 503 2729 560 illo
2772 507 3078 579 evangelico
3119 508 3339 567 denario
3367 525 3464 584 per
3498 531 3577 570 st-

1994 593 2343 674 militudinem
2369 593 2581 663 dicitur,
2613 611 2771 667 quem
2809 598 2956 667 prius
2982 599 3251 670 accipiunt
3272 602 3360 670 qui
3391 611 3579 674 poste-

1991 681 2103 736 rius
2127 673 2386 738 vénerunt
2409 683 2477 738 ad
2500 685 2705 740 vineam
2732 687 2954 758 (Matth.
2981 703 3072 754 xx,
3097 688 3274 760 842).
3297 673 3418 746 Sive
3440 707 3579 762 quo-

1991 771 2120 828 libet
2151 774 2256 829 alio
2289 775 2469 840 modo,
2511 777 2598 847 qui
2629 792 2716 832 me
2745 778 2800 832 in
2825 780 3106 848 praesentia
3149 781 3366 836 forsitan
3408 783 3574 854 fugit,

1991 863 2226 920 minores
2250 865 2588 937 majoresque
2616 869 2912 938 accipiendi
2931 879 3075 926 sunt.

2060 954 2286 1012 CAPUT
2298 957 2540 1012 XXV.—
2557 959 2650 1035 42.
2674 959 2930 1014 Distantia
2961 961 3148 1017 Veteris
3168 973 3213 1017 et
3240 962 3375 1020 Novi
3395 965 3578 1022 Testa-

1989 1047 2161 1102 menti.
2205 1047 2337 1104 Illud
2378 1059 2587 1118 tamen,
2635 1063 2891 1122 quantum
2934 1063 3119 1124 potes,
3163 1056 3449 1126 diligenter
3489 1067 3574 1114 at-

1991 1138 2184 1206 tende,
2225 1141 2365 1211 quod
2408 1150 2554 1198 tanto
2581 1144 2856 1201 molimine
2895 1161 3062 1203 conor
3106 1151 3421 1206 ostendere:
3448 1166 3574 1208 cum

1989 1229 2386 1289 Testamentum
2419 1235 2622 1290 Novum
2652 1237 2916 1308 Propheta
2947 1241 3310 1310 promitteret,
3343 1260 3448 1298 non
3480 1260 3571 1302 se-

1989 1323 2221 1380 cundum
2249 1325 2646 1382 Testamentum
2677 1328 2819 1399 quod
2861 1331 3008 1400 prius
3035 1331 3234 1388 factum
3269 1343 3350 1390 est
3379 1337 3573 1406 populo

1989 1414 2148 1470 Israel
2181 1433 2248 1472 ex
2274 1417 2511 1490 ngypw
2533 1419 2776 1487 liberato,
2799 1421 2930 1478 nihil
2957 1438 3080 1478 cum
3101 1425 3170 1481 de
3191 1427 3572 1484 sacrificiorum

1988 1507 2071 1562 vel
2096 1521 2425 1579 quorumque
2447 1510 2465 1542 ³
2497 1523 2950 1569 sacramentorum
2975 1517 3388 1574 commutatione
3410 1517 3575 1574 dixis-

1982 1594 2066 1664 se,
2095 1599 2338 1668 quamvis
2361 1609 2416 1656 et
2441 1601 2554 1672 ipsa
2594 1603 2710 1659 sine
2742 1603 2906 1660 dubio
2931 1605 3103 1662 fuerat
3128 1619 3402 1676 secutura,
3435 1611 3577 1667 sicut

1987 1697 2224 1744 secutam
2255 1689 2514 1758 videmus,
2545 1693 2686 1763 quod
2711 1695 2892 1751 multis
2919 1697 3038 1752 aliis
3070 1697 3200 1754 locis
3225 1698 3411 1754 eadem
3443 1717 3572 1771 pro-

1990 1776 2197 1845 phetica
2237 1778 2510 1852 Scriptura
2558 1793 2818 1840 testatur:
2863 1787 2958 1842 sed
3002 1790 3368 1846 tantummodo
3415 1793 3574 1848 istam

1987 1871 2393 1928 commendasse
2421 1873 2761 1944 distantiam,
2810 1877 2951 1948 quod
2997 1879 3144 1950 leges
3187 1895 3311 1936 suas
3351 1881 3572 1940 daturus
3641 1867 3650 1877 ³

1985 1971 2128 2017 esset
2157 1963 2299 2020 Deus
2326 1965 2378 2019 in
2410 1976 2642 2023 mentem
2681 1984 2862 2024 eorum
2893 1971 2984 2040 qui
3011 1973 3340 2042 pertinerent
3362 1975 3431 2031 ad
3470 1977 3572 2033 hoc

1987 2050 2408 2123 Testamentum,
2421 2065 2476 2112 et
2491 2071 2674 2112 eorum
2698 2060 2989 2128 scripturus
3009 2063 3030 2094 ³
3053 2063 3104 2116 in
3119 2064 3400 2132 cordibus;
3427 2067 3572 2124 unde

1987 2143 2272 2212 Apostolus
2299 2147 2548 2216 sumpsit,
2578 2163 2676 2203 non
2703 2157 3002 2218 atramento,
3021 2153 3111 2206 sed
3133 2155 3314 2224 spiritu
3337 2155 3431 2209 Dei
3451 2157 3568 2222 viri,

1986 2234 2156 2288 nonin
2179 2233 2362 2290 tabulis
2378 2237 2610 2307 lapideis,
2630 2239 2718 2292 sed
2736 2239 2788 2294 in
2813 2239 3000 2296 tabulis
3018 2244 3186 2300 cordis
3195 2245 3482 2301 carnalibus
3500 2245 3568 2317 (ll

1987 2322 2104 2379 Cor.
2123 2340 2201 2389 ιιι,
2222 2326 2276 2397 ὅ)
2301 2329 2818 2400 :sempiternamque
2847 2333 3146 2389 mercedem
3174 2335 3572 2405 justiticationis

1987 2412 2167 2485 hujus,
2186 2432 2291 2473 non
2309 2427 2506 2474 terram
2521 2419 2588 2476 de
2611 2437 2711 2492 qua
2733 2424 2866 2494 pulsi
2891 2435 3014 2480 sunt
3029 2425 3322 2482 Amorrhtei
3343 2439 3396 2484 et
3409 2429 3574 2486 Chet-

1989 2513 2106 2573 tan,
2148 2516 2204 2562 et
2231 2509 2350 2564 alia:
2387 2520 2574 2580 gentes
2609 2528 2727 2582 qua:
2757 2513 2828 2569 ibi
2856 2527 3346 2573 commemorantur
3381 2519 3572 2592 (Iosue

1911 2622 1916 2627 -
1987 2599 2107 2668 xu),
2136 2601 2230 2655 sed
2257 2601 2428 2671 ipsum
2455 2604 2643 2673 Deum,
2668 2605 2752 2660 cui
2774 2607 3049 2664 adhaerere
3071 2605 3264 2665 bonum
3287 2621 3369 2667 est
3397 2611 3570 2686 (Psal.

1987 2704 2160 2755 Lxxn,
2181 2691 2303 2762 28),
2335 2701 2392 2747 ut
2411 2693 2610 2750 bonum
2640 2696 2732 2751 Dei
2761 2697 2901 2768 quod
2926 2699 3170 2770 diligunt,
3203 2703 3340 2758 Deus
3369 2706 3440 2760 sit
3460 2706 3576 2777 ipse

1987 2793 2145 2848 quem
2164 2781 2422 2852 diligunt;
2447 2783 2584 2840 inter
2605 2801 2760 2856 quem
2781 2797 2834 2842 et
2848 2787 3090 2846 homines
3112 2792 3210 2846 nisi
3232 2805 3444 2862 peccata
3465 2813 3573 2853 non

1986 2881 2378 2942 separant,quuc
2391 2875 2598 2928 nonnisi
2614 2891 2708 2945 per
2722 2878 2964 2934 eamdem
2976 2882 3198 2950 gratiam
3211 2883 3569 2944 dimittuntur.

1988 2959 2141 3016 Unde
2153 2977 2273 3017 cum
2287 2964 2526 3032 dixisset,
2553 2965 2738 3021 Omnes
2753 2968 2883 3022 enim
2899 2981 3195 3040 cognoscent
3211 2990 3304 3039 me,
3325 2991 3357 3029 a
3379 2977 3574 3033 minare
3659 3010 3666 3018 -

1987 3067 2143 3123 usque
2161 3053 2230 3108 ad
2248 3056 2490 3128 majorem
2505 3072 2714 3125 eorum;
2743 3073 2866 3114 mox
2889 3059 3126 3126 addidit,
3161 3062 3295 3128 Quia
3323 3068 3574 3136 prapitius

1987 3161 2070 3198 ero
2084 3147 2334 3216 iniquitati
2349 3165 2542 3216 eorum,
2561 3157 2609 3203 et
2629 3159 2834 3218 peccata
2853 3166 3024 3206 eorum
3045 3169 3144 3208 non
3161 3157 3475 3212 memorabor
3493 3161 3575 3213 ul-

1989 3246 2085 3290 tra.
2106 3237 2206 3293 Per
2229 3239 2401 3308 legem
2419 3255 2547 3309 ergo
2573 3238 2832 3296 factorum
2855 3243 2983 3298 dicit
3002 3245 3278 3312 Dominus,
3312 3248 3432 3304 Non
3451 3267 3574 3306 con-

1987 3327 2212 3400 cupisces
2239 3327 2560 3399 (Exod.xx,
2591 3332 2680 3403 l7)
2712 3350 2726 3386 :
2757 3349 2852 3404 per
2880 3335 3050 3406 legem
3081 3337 3204 3393 fidei
3235 3339 3363 3395 dicit
3389 3341 3574 3396 Domi-

1989 3435 2112 3488 nus,
2141 3419 2269 3475 Sine
2293 3437 2372 3476 me
2398 3421 2530 3476 nihil
2561 3425 2768 3492 potestis
2804 3429 2972 3495 facere
3003 3425 3179 3499 (Joan.
3208 3445 3295 3498 xv,
3322 3430 3410 3502 5);
3444 3447 3574 3503 age-

1989 3511 2082 3566 bat
2102 3511 2124 3543 ³
2151 3513 2296 3568 enim
2324 3513 2392 3570 de
2419 3513 2578 3570 bonis
2608 3516 2857 3585 operibus
2881 3559 2897 3584 ,
2929 3518 3029 3575 hoc
3054 3529 3176 3588 est,
3203 3521 3270 3577 de
3298 3524 3572 3594 palmitum

1987 3601 2266 3660 fructibus.
2290 3605 2421 3662 Cum
2447 3608 2604 3678 igitur
2620 3609 2732 3664 haec
2753 3621 3006 3680 appareat
3025 3613 3273 3671 distantia
3295 3617 3499 3674 Veteris
3518 3629 3576 3675 ct

1987 3695 2119 3754 Novi
2135 3699 2482 3769 Testamenti,
2509 3703 2650 3772 quod
2679 3702 2762 3758 lcx
2792 3704 2860 3758 ibi
2886 3705 2936 3759 in
2965 3706 3180 3776 tabulis,
3203 3707 3293 3766 hic
3316 3711 3370 3766 in
3395 3713 3574 3770 cordi-

1987 3789 2086 3845 bus
2113 3791 2387 3858 scribilur,
2419 3802 2478 3848 ut
2503 3794 2643 3864 quod
2674 3795 2744 3850 ibi
2781 3793 3080 3854 forinsecus
3111 3807 3309 3867 terret,
3350 3801 3437 3859 hic
3471 3805 3572 3862 de-

1986 3881 2147 3939 lectet
2174 3885 2494 3942 intrinsecus
2517 3928 2532 3955 ,
2583 3888 2760 3958 ibique
2789 3887 2876 3943 fiat
2907 3893 3280 3961 praevaricator
3304 3909 3399 3964 per
3425 3899 3572 3953 occi-

1986 3971 2202 4029 dentem
2245 3975 2508 4040 littcram,
2539 3977 2626 4032 hic
2650 3977 2876 4034 dilector
2903 3994 3002 4050 per
3028 3982 3381 4038 vivificantem
3409 3988 3570 4056 spiri-

1987 4073 2098 4120 tum
2130 4084 2144 4120 :
2177 4083 2283 4122 non
2309 4067 2427 4124 ideo
2451 4068 2735 4124 dicendum
2765 4079 2848 4126 est
2875 4072 3016 4140 quod
3047 4072 3186 4128 Deus
3224 4073 3436 4144 adjuvet
3473 4093 3573 4136 nos

1985 4155 2050 4211 ad
2092 4157 2416 4226 operandam
2451 4158 2711 4228 justitiam
2741 4169 2900 4229 atque
2945 4172 3195 4231 operetur
3223 4165 3276 4218 in
3319 4153 3476 4222 nobis
3515 4179 3574 4226 et

1986 4247 2124 4304 velle
2147 4257 2201 4305 et
2236 4249 2447 4319 cperari
2481 4265 2576 4320 pro
2605 4250 2739 4306 bona
2771 4253 3040 4310 voluntate
3065 4253 3327 4328 (Philipp.
3356 4275 3415 4328 ιι,
3453 4262 3565 4332 15),

1983 4339 2105 4410 quia
2147 4341 2426 4410 praeceptis
2459 4339 2679 4412 justitite
2720 4339 3016 4399 forinsecus
3061 4345 3274 4402 insonat
3323 4351 3570 4408 sensibus

1985 4434 2210 4500 nostris;
2241 4434 2334 4489 sed
2365 4433 2488 4504 quia
2507 4433 2830 4492 intrinsecus
2855 4435 3240 4496 incrementum
3267 4441 3354 4498 dat
3379 4443 3418 4516 (l
3445 4445 3566 4504 Cor.

1985 4541 2061 4592 ιιι,
2090 4527 2122 4581 7
2147 4526 2164 4596 )
2189 4565 2204 4590 ,
2235 4524 2580 4582 dill'undendo
2623 4527 2936 4584 charitatem
2982 4530 3035 4585 in
3078 4532 3328 4590 cordibus
3371 4537 3569 4594 nostris

1985 4631 2082 4688 per
2106 4617 2363 4688 Spiritum
2412 4627 2654 4674 sanctum
2681 4659 2695 4686 ,
2725 4620 2816 4692 qui
2845 4619 3003 4676 datus
3046 4632 3135 4678 est
3175 4625 3330 4680 nobis
3371 4625 3566 4698 (Rom.

1985 4725 2040 4776 v,
2069 4711 2158 4780 5).

2051 4801 2279 4859 CAPUT
2315 4802 2698 4859 XXVL—ifi.
2721 4805 2942 4870 Quwstio
2969 4804 3023 4858 in
3052 4804 3216 4860 locum
3247 4806 3478 4876 Apostoli
3503 4809 3562 4863 de

1985 4891 2222 4948 Gentibus
2263 4909 2378 4963 qua:
2400 4895 2695 4948 naturaliter
2727 4897 2895 4965 facere
2930 4894 3124 4962 legem,
3155 4911 3362 4964 eamque
3385 4897 3566 4954 habere

1982 4985 2222 5055 scriptam
2265 4985 2318 5038 in
2364 4985 2598 5039 cordibus
2637 4985 2891 5038 dicuntur.
2935 4981 3235 5039 Videndum
3262 4995 3347 5040 est
3386 4999 3564 5044 autem

1983 5077 2248 5146 quomodo
2275 5076 2414 5132 dicat
2435 5076 2743 5146 Apostolus,
2765 5075 2894 5130 Cum
2914 5077 3044 5128 enim
3067 5073 3250 5132 Gentes
3271 5094 3384 5148 quia
3405 5079 3564 5152 legem

1983 5183 2083 5221 non
2108 5168 2309 5234 habent,
2343 5168 2641 5222 naturaliter
2659 5181 2774 5233 qua!
2793 5166 2914 5235 legis
2939 5176 3058 5220 sunt
3082 5166 3295 5236 faciunt,
3328 5169 3380 5222 hi
3405 5170 3558 5240 legem

1983 5275 2084 5313 non
2113 5258 2366 5326 habentes,
2393 5259 2492 5329 ipsi
2514 5257 2610 5312 sibi
2627 5265 2742 5312 sunt
2769 5256 2869 5321 lex,
2893 5257 2980 5326 qui
2999 5257 3264 5312 ostendunt
3287 5277 3412 5330 opus
3439 5262 3559 5333 legis

1982 5351 2220 5422 scriptum
2249 5351 2303 5403 in
2329 5349 2562 5404 cordibus
2591 5348 2696 5402 suis
2717 5361 2738 5402 :
2771 5363 2836 5402 ne
2864 5346 3105 5402 videatur
3133 5364 3238 5404 non
3268 5362 3386 5406 esse
3417 5361 3558 5409 certa

1982 5440 2230 5495 distantia
2257 5439 2392 5494 Novi
2419 5437 2776 5502 Testamenti,
2809 5437 2950 5505 quod
2979 5439 3123 5509 leges
3147 5453 3270 5494 suas
3302 5440 3556 5497 Dominus

1983 5532 2034 5586 in
2065 5532 2312 5588 cordibus
2342 5529 2519 5600 populi
2563 5529 2643 5583 sui
2687 5543 2746 5583 se
2775 5529 3097 5599 scripturum
3127 5546 3244 5590 esse
3285 5533 3554 5604 promisit,

2047 5715 2061 5744 ι
2089 5720 2218 5768 t.ov.,
2237 5719 2656 5772 quorumcumque.

2047 5778 2065 5807 ³
2089 5777 2160 5823 sic
2183 5769 2284 5820 uss.
2309 5780 2358 5822 At
2383 5773 2517 5826 editi,
2541 5769 2831 5832 scripturas.
3317 5789 3336 5822 χ
3399 5780 3471 5823 ,τί-

2059 5839 2069 5858 ²
2094 5837 2226 5894 ιιώλὶ,
2253 5835 2422 5887 timet.
2455 5841 2506 5882 At
2530 5839 2656 5894 3155.,
2673 5831 2859 5894 agebat.
