4002 6178
379 384 476 437 εει

373 488 798 566 quandoquidem
842 484 943 536 hoc
971 480 1168 535 Gentes
1212 474 1520 529 naturaliter
1548 471 1792 566 habeant,
1828 467 1956 566 Per-

381 559 651 641 :ractanda
691 579 847 650 igitur
890 573 1004 629 lucc
1049 569 1306 640 quatstio,
1353 581 1472 636 qua:
1519 579 1623 618 non
1675 559 1958 616 mediocris

381 687 564 733 exorta
593 681 692 728 est.
716 671 863 724 Dicet
882 665 1022 722 enim
1045 661 1256 731 aliquis,
1277 659 1334 715 Si
1353 659 1493 720 Deus
1509 657 1634 710 hinc
1659 651 1915 710 discernit
1930 667 1960 704 a

382 771 576 826 Vetere
588 766 931 822 Testamento
944 757 1168 820 Novum,
1186 753 1324 824 quod
1348 753 1400 806 in
1413 750 1612 807 Vetere
1625 749 1793 819 legem
1812 759 1962 800 suam

385 860 591 929 scripsit
614 857 666 910 in
690 852 904 918 talmlis,
927 851 980 904 in
998 847 1142 902 Novo
1163 854 1340 900 autem
1360 841 1576 912 scripsit
1594 839 1649 894 in
1671 837 1922 929 cordibus
1941 849 1960 886 :

385 926 572 1006 ﬁdeles
585 947 716 1002 Novi
732 939 1057 999 Testamenti
1081 935 1224 992 unde
1242 935 1614 990 discernuntur
1635 945 1662 982 a
1685 926 1960 988 Gentibus,

383 1056 500 1110 quae
525 1036 721 1092 habent
743 1045 876 1102 opus
903 1031 1038 1098 legis
1062 1023 1396 1096 scriptum-in
1427 1021 1675 1110 cordibus
1703 1017 1835 1110 suis,
1861 1027 1968 1086 quo

389 1107 704 1188 naturaliter
726 1137 846 1194 quae
871 1120 1004 1190 legis
1027 1123 1150 1172 sunt
1175 1114 1405 1178 faciunt;
1433 1110 1582 1182 quasi
1607 1108 1716 1179 jam
1757 1107 1848 1161 illo
1874 1119 1973 1176 po-

391 1221 514 1292 pulo
539 1227 718 1273 vetere
749 1214 999 1284 potiores,
1030 1209 1118 1280 qui
1149 1208 1318 1278 legem
1345 1203 1553 1274 accepit
1580 1201 1636 1256 in
1669 1199 1882 1292 tabulis,
1915 1207 1974 1253 et

395 1289 527 1367 novo
558 1305 751 1376 populo
797 1303 1037 1372 priores,
1081 1298 1166 1352 cui
1208 1297 1310 1350 hoc
1349 1301 1631 1365 praestatur
1655 1305 1752 1360 per
1789 1289 1974 1344 Testa-

396 1411 635 1456 mentum
652 1395 880 1457 Novum,
909 1391 1050 1462 quod
1077 1389 1160 1444 bis
1185 1395 1372 1442 natura
1401 1385 1508 1456 jam
1535 1379 1812 1454 praestitit?

467 1492 557 1545 Η.
590 1491 670 1542 An
701 1487 832 1540 forte
875 1498 967 1538 eas
991 1465 1173 1552 gentes
1201 1474 1641 1534 commemoravit
1666 1471 1973 1544 Apostolus,

392 1561 640 1650 scriptam
673 1581 725 1633 in
763 1575 1014 1632 cordibus
1052 1572 1249 1628 habere
1293 1570 1486 1640 legem,
1519 1582 1638 1638 qua:
1675 1564 1744 1620 ad
1774 1563 1976 1620 Novum

394 1674 664 1743 pertinent
699 1665 1137 1726 Testamentum?
1165 1664 1246 1719 Ad
1272 1662 1375 1718 hoc
1400 1661 1544 1717 enim
1573 1658 1712 1715 unde
1737 1657 1977 1723 venerit,

396 1762 704 1819 intuendum
719 1770 834 1830 est.
864 1759 1046 1815 Primo
1065 1753 1409 1825 Evangelium
1438 1750 1842 1816 commendans,
1873 1747 1978 1802 ait:

407 1855 576 1907 i'irtus
603 1853 736 1907 enim
769 1849 863 1904 Dei
905 1858 978 1904 est
1007 1849 1060 1902 in
1103 1846 1320 1902 salutem
1349 1845 1487 1898 omni
1523 1841 1766 1906 credenti,
1797 1839 1982 1894 Judaza

397 1945 614 2014 primum
641 1953 686 1995 et
725 1940 922 1994 Gnaeo.
951 1937 1158 1992 Iustitia
1188 1937 1321 1991 enim
1357 1935 1454 1989 Dei
1481 1935 1534 1988 in
1559 1949 1618 1988 eo
1649 1931 1899 1986 revelatur
1923 1945 1986 1984 ea:

399 2033 501 2102 ﬁde
537 2033 590 2085 in
629 2031 810 2100 ﬁdem,
840 2030 968 2083 sicut
995 2027 1239 2098 scriptum
1268 2035 1372 2093 est,
1401 2023 1581 2092 Justus
1607 2031 1774 2078 autem
1799 2037 1862 2076 ea:
1885 2020 1988 2090 [ide

401 2125 538 2178 vicit.
571 2121 772 2180 Deinde
799 2120 1033 2190 loquitur
1062 2119 1130 2174 de
1159 2119 1262 2173 illis
1307 2118 1483 2187 impiis
1503 2157 1518 2182 ,
1550 2117 1741 2187 quibus
1770 2123 1989 2186 propter

401 2213 702 2283 superbiam
731 2225 830 2267 nec
855 2209 1087 2281 cognitio
1129 2209 1223 2264 Dei
1267 2207 1488 2279 profuit,
1537 2209 1659 2278 quia
1702 2223 1808 2260 non
1850 2206 1990 2260 sicut

403 2305 569 2359 Deum
591 2301 1039 2373 glorificaverunt,
1061 2309 1152 2354 aut
1168 2299 1366 2369 gratias
1386 2307 1627 2368 egerunt.
1655 2296 1780 2351 lude
1802 2296 1992 2350 transit

405 2392 474 2449 ad
499 2408 592 2448 eos
616 2392 706 2462 qui
729 2389 966 2462 iudicant
985 2398 1040 2444 et
1062 2398 1224 2459 agunt
1245 2389 1390 2456 talia,
1413 2388 1588 2460 qualia
1608 2387 1988 2454 condemnant,

406 2484 657 2540 nimirum
685 2490 904 2552 propter
929 2481 1176 2546 Judaeos,
1203 2481 1296 2552 qui
1324 2481 1390 2536 de
1421 2481 1536 2551 lege
1567 2481 1656 2536 Dei
1687 2479 1992 2550 gloriaban-

409 2587 524 2643 tur;
551 2575 792 2645 quamvis
819 2573 992 2629 adhuc
1015 2589 1110 2630 eos
1145 2573 1452 2628 nominatim
1483 2590 1586 2627 non
1619 2573 1910 2643 exprimat.
1939 2580 1992 2628 et

405 2667 529 2722 ideo
554 2667 682 2722 dicit
708 2668 724 2698 ¹
750 2684 764 2722 :
796 2665 886 2720 Ira
909 2675 958 2721 et
989 2663 1292 2737 indignatio,
1323 2663 1577 2718 tribulatio
1605 2675 1652 2718 et
1681 2665 1914 2735 angustia
1940 2663 1991 2718 in

407 2775 608 2813 omnem
631 2757 853 2812 animam
896 2757 1114 2812 hominis
1151 2755 1406 2827 operantis
1431 2755 1623 2809 malum
1640 2796 1656 2822 ,
1681 2753 1856 2809 Judmi
1883 2755 1991 2824 pri—

407 2865 544 2903 mum
586 2859 634 2903 et
670 2847 836 2904 Gra'ci
865 2865 886 2903 :
926 2849 1090 2920 gloria
1116 2857 1282 2902 autem
1325 2857 1373 2903 et
1417 2847 1580 2902 honor
1611 2846 1668 2902 tt
1709 2864 1812 2918 pax
1855 2849 1992 2903 onmi

405 2941 638 3014 aperanti
691 2941 879 2994 bonum
911 2981 927 3006 ,
983 2939 1168 2994 Juda’o
1216 2940 1436 3008 primunt
1498 2949 1544 2993 et
1603 2937 1802 2994 Grazco.
1871 2939 1992 2994 Non

408 3039 482 3084 est
539 3030 672 3084 enim
727 3045 1056 3100 personarum
1119 3028 1341 3097 acceptio
1382 3029 1546 3098 apud
1611 3027 1797 3082 Deum.
1871 3029 2000 3096 Qui-

409 3135 622 3188 cumque
644 3120 775 3172 enim
814 3119 921 3172 sine
945 3119 1054 3188 lege
1097 3128 1454 3185 peccaverunt,
1498 3119 1606 3173 sine
1643 3117 1750 3189 lege
1792 3128 1841 3172 et
1881 3137 1997 3191 per-

409 3210 586 3269 ibunt;
617 3219 664 3263 et
703 3211 999 3280 quicumque
1038 3210 1091 3262 in
1137 3210 1242 3280 lege
1291 3219 1653 3280 peccaverunt,
1703 3228 1794 3283 per
1837 3213 1997 3282 legem

405 3299 792 3370 iudicabuntur.
821 3299 942 3354 Non
979 3299 1112 3354 enim
1137 3298 1391 3354 auditores
1425 3300 1546 3370 legis
1561 3300 1692 3372 justi
1717 3310 1832 3355 sunt
1858 3301 1998 3371 apud

414 3391 598 3456 Deum,
627 3392 718 3447 sed
740 3392 954 3462 factores
979 3391 1102 3463 legis
1115 3391 1554 3464 justi/imbuatur.
1583 3391 1674 3448 llis
1700 3393 1876 3449 verbis
1895 3393 2000 3450 hoc

413 3483 553 3539 unde
577 3484 750 3554 agitur
777 3483 1065 3556 subjungit,
1087 3491 1142 3539 et
1160 3482 1312 3551 dicit,
1345 3482 1467 3538 Cum
1491 3481 1674 3538 Gentes
1693 3499 1808 3552 quae
1841 3485 1999 3556 legem

413 3592 515 3630 non
551 3575 768 3643 habent,
798 3575 1099 3630 naturaliter
1121 3591 1235 3646 qua:
1258 3575 1382 3645 legis
1406 3585 1524 3630 sunt
1550 3576 1783 3644 faciunt:
1813 3586 1866 3632 et
1889 3591 1997 3632 cac-

415 3652 674 3738 tera‘quze
700 3667 810 3737 jam
854 3681 1018 3737 supra
1053 3669 1488 3723 commemoravi.
1521 3668 1752 3724 Proinde
1787 3684 1892 3724 non
1924 3671 2001 3724 vi~

416 3760 578 3816 detur
618 3761 750 3816 alios
794 3761 880 3816 hic
931 3760 1257 3830 signiﬁcasse
1315 3761 1414 3815 sub
1461 3763 1677 3817 nomine
1719 3761 1996 3830 Gentium,

415 3867 573 3920 quam
598 3866 692 3906 eos
709 3867 844 3921 quos
871 3851 1086 3906 nomine
1105 3849 1274 3906 Grzcci
1304 3866 1464 3920 supra
1495 3851 1852 3921 signiﬁcabat,
1880 3869 2002 3908 cum

416 3941 652 4007 diceret,
692 3940 876 3998 Iudaeo
908 3943 1125 4013 primum
1153 3952 1202 3998 et
1244 3940 1442 3998 Greco.
1474 3943 1639 4000 Porro
1673 3945 1717 4000 si
1754 3945 2000 4016 Evange-

416 4035 544 4090 lium
589 4037 746 4111 virtus
783 4033 880 4089 Dei
907 4045 980 4090 est
1016 4037 1069 4090 in
1093 4037 1308 4090 salutem
1349 4037 1490 4091 οηιηὶ
1527 4037 1776 4103 credenti,
1816 4036 2002 4094 Judteo

422 4126 642 4194 primum
660 4135 706 4180 et
729 4125 905 4181 Graeca
917 4144 937 4192 ,'
965 4137 1010 4181 et
1034 4126 1110 4180 ira
1130 4135 1176 4181 et
1194 4126 1477 4199 indignatio
1499 4137 1544 4183 et
1568 4128 1824 4183 tribulatio
1847 4139 1891 4184 et
1910 4146 2004 4184 an-

420 4219 590 4289 gustia
635 4220 688 4272 in
727 4235 924 4274 omnes
963 4221 1187 4274 animam
1237 4221 1454 4276 hominis
1493 4223 1746 4294 operantis
1783 4222 2001 4290 ntafum,

419 4309 594 4365 Judaei
619 4313 836 4382 primum
864 4321 910 4365 et
939 4311 1104 4366 (ἐνωεὶ
1119 4330 1139 4379 ;
1165 4314 1330 4384 gloria
1361 4323 1529 4368 autent
1564 4324 1612 4369 et
1639 4315 1802 4370 honor
1829 4325 1875 4370 et
1903 4331 2007 4382 prta:

421 4404 558 4456 omni
584 4403 813 4472 aperanti
838 4403 1043 4469 bonum,
1061 4401 1244 4457 Judteo
1263 4405 1484 4474 primum
1509 4414 1556 4460 et
1570 4405 1744 4460 Gnaeo
1763 4407 1937 4475 (Rom.
1961 4422 2001 4475 ι,

421 4493 582 4558 16;ιι,
613 4489 734 4560 ιι),
763 4490 864 4545 iste
889 4499 1063 4544 autem
1089 4491 1306 4547 Griecus
1329 4494 1546 4550 nomine
1565 4493 1812 4550 Gentium
1840 4495 2006 4566 signi-

422 4581 608 4637 ﬁcatus
635 4588 718 4634 est
757 4581 1068 4635 naturaliter
1093 4597 1212 4650 qua:
1251 4582 1382 4652 legis
1425 4594 1550 4639 sunt
1581 4585 1882 4642 facientium
1903 4629 1918 4653 ,
1950 4596 2005 4644 et

419 4690 538 4746 qurc
567 4673 822 4745 scriptmn
867 4673 1067 4728 habent
1109 4688 1243 4743 opus
1288 4675 1414 4744 legis
1460 4676 1514 4730 in
1556 4676 1807 4732 cordibus
1852 4681 2000 4734 suis:

419 4763 658 4834 profecto
685 4763 750 4818 ad
785 4762 1125 4832 Evangelium
1158 4763 1423 4833 pertinent
1447 4763 1675 4832 Gentes,
1698 4767 1892 4838 quibus
1919 4769 2003 4826 lex

417 4853 472 4908 in
498 4853 748 4909 cordibus
774 4852 968 4922 scripta
1001 4860 1114 4917 est;
1147 4853 1226 4908 eis
1248 4853 1444 4924 quippe
1470 4855 1812 4913 credentibus
1836 4859 2005 4917 virtus

419 4944 512 5000 Dei
539 4952 620 5000 est
645 4945 696 4998 in
722 4943 968 5000 salutem.
997 4943 1202 5011 Quibus
1223 4951 1401 5000 autem
1425 4944 1685 5004 Gentibus
1709 4947 1848 5006 bene
1871 4965 2006 5021 ope-

421 5035 662 5090 rantibus
688 5033 908 5106 gloriam
939 5041 992 5089 et
1029 5032 1290 5090 honorem
1316 5050 1611 5108 pacemque
1643 5041 2002 5110 promitteret,

421 5135 570 5183 extra
613 5125 884 5196 Evangelii
911 5127 1134 5197 gratiam
1166 5126 1506 5182 constitutis?
1532 5129 1664 5198 Quia
1699 5136 1841 5187 enim
1882 5147 2008 5203 per-

421 5232 668 5274 sonarum
699 5217 939 5288 acceptio
979 5234 1084 5274 non
1121 5228 1202 5275 est
1229 5219 1369 5292 apud
1397 5221 1565 5278 Deum
1585 5263 1600 5290 ,
1632 5235 1686 5278 et
1717 5239 1822 5280 non
1850 5227 2005 5282 audi-

429 5300 752 5377 tores‘legis,
793 5307 890 5364 sed
925 5308 1152 5366 factores
1173 5309 1566 5380 justiﬁcantur;
1605 5313 1727 5371 ideo
1762 5315 1874 5372 sive
1911 5316 2006 5374 Ju-

419 5398 568 5456 daeus
581 5398 694 5454 sive
705 5396 941 5468 Graecus,
960 5401 1062 5458 hoc
1072 5411 1173 5468 est,
1190 5404 1413 5474 quilibet
1425 5421 1488 5463 ex
1502 5405 1760 5464 Gentibus
1774 5410 2008 5467 credide-

425 5491 511 5557 rit,
539 5490 765 5546 salutem
793 5491 846 5546 in
880 5492 1170 5566 Evangelia
1212 5499 1410 5566 pariter
1450 5499 1684 5557 habebit.
1711 5500 1833 5558 Non
1873 5503 2006 5558 enim

425 5590 501 5637 est
541 5581 827 5652 distinctio,
853 5583 991 5640 sicut
1039 5596 1222 5658 postea
1272 5589 1418 5646 dicit.
1450 5591 1636 5650 Omnes
1663 5595 1794 5650 enim
1823 5576 2005 5668 pecca-

935 5683 964 5706 Ι

478 5753 490 5781 ¹
512 5754 624 5806 Duo
635 5754 770 5819 Mss,
799 5760 918 5814 etin
937 5773 994 5812 eo
1017 5762 1150 5814 dicit.

1312 359 1398 414 DE
1435 355 1700 414 Sl‘lRlTU
1743 352 1829 408 ET
1873 339 2192 412 Ll'lTlmA,
2233 345 2288 402 S.
2333 343 2698 404 AUGL‘STINI

3545 344 3650 399 £298

2069 472 2262 521 rerunt,
2293 473 2335 514 et
2358 471 2499 530 egent
2518 462 2681 532 gloria
2707 461 2836 523 Dei;
2852 461 3124 530 justiﬁcuti
3142 459 3298 530 gratis
3327 474 3416 530 per
3436 459 3654 532 gratiam

2067 555 2225 623 ipsius
2246 551 2418 624 (Rom.
2454 568 2529 616 ιιι,
2561 553 2653 614 25,
2681 550 2796 623 24).
2833 549 2983 606 Unde
3013 560 3188 604 autem
3223 549 3476 605 factorem
3521 549 3656 621 legis

2069 643 2312 700 Graecum
2333 641 2608 714 justiﬁcari
2629 641 2851 708 diceret,
2881 640 2998 696 sine
3019 642 3185 712 gratia
3205 640 3534 698 Salvatoris?

2143 735 2234 790 45.
2261 733 2444 804 Neque
2471 733 2614 788 enim
2644 741 2829 788 contra
2857 746 2916 789 se
2942 733 3114 802 ipsum
3144 732 3364 799 diceret,
3389 733 3529 804 quod
3559 735 3655 800 ait,

2073 831 2290 898 factores
2313 825 2435 898 legis
2453 824 2912 896 justiﬁcabuntur;
2941 833 3186 894 tanquam
3218 840 3312 893 per
3339 840 3522 894 opera,
3553 841 3659 879 non

2075 935 2171 988 per
2197 918 2426 990 gratiam
2448 915 2846 987 justiﬁcentur:
2879 930 3000 970 cum
3029 915 3170 970 dicat
3198 915 3362 986 gratis
3379 913 3661 986 justiﬁcari
3691 909 3708 917 ’

2079 1011 2346 1066 hominem
2378 1025 2472 1079 per
2497 1009 2654 1066 ﬁdem
2680 1009 2796 1064 sine
2821 1007 3071 1078 aperibus
3110 1007 3240 1080 legis
3269 1005 3390 1078 (Id.
3437 1023 3515 1074 tu,
3543 1005 3661 1084 ‘28),

2078 1104 2208 1157 nihil
2236 1103 2379 1156 aliud
2408 1101 2592 1156 volens
2619 1102 2635 1133 ¹
2665 1099 2882 1170 intelligi
2918 1099 2969 1153 in
3002 1115 3068 1154 co
3097 1099 3235 1169 quod
3275 1099 3432 1162 dicit,
3465 1100 3626 1171 gratis
3647 1143 3662 1165 ,

2079 1194 2179 1250 nisi
2207 1193 2327 1262 quia
2350 1193 2780 1262 justiﬁcationem
2805 1207 2964 1261 Opera
2988 1208 3092 1244 non
3118 1191 3442 1261 przcccdunt.
3468 1195 3668 1260 Aperte

2079 1284 2274 1354 quippe
2301 1283 2424 1336 alibi
2463 1281 2629 1346 dicit,
2675 1281 2734 1335 Si
2775 1281 2978 1352 gratia,
3005 1283 3116 1350 jam
3156 1298 3257 1334 non
3295 1297 3359 1335 ex
3399 1281 3668 1351 operibus;

2079 1375 2304 1446 alioquin
2332 1374 2498 1445 gratia
2515 1375 2631 1443 jam
2657 1389 2755 1426 nou
2786 1382 2857 1426 est
2885 1371 3049 1443 gratia
3075 1369 3188 1442 (Id.
3227 1386 3302 1433 st,
3336 1371 3424 1441 6).
3455 1369 3559 1427 Sed
3590 1372 3671 1427 sic

2083 1467 2484 1538 intelligendum
2527 1474 2647 1531 est,
2691 1466 2907 1534 [actores
2951 1462 3074 1534 legis
3107 1463 3563 1532 justi/imbuatur.
3613 1472 3673 1516 ut

2085 1559 2316 1614 sciamus
2344 1572 2440 1613 eos
2466 1556 2620 1610 aliter
2647 1571 2753 1610 non
2783 1570 2901 1608 esse
2929 1553 3154 1608 factores
3174 1554 3323 1623 legis,
3356 1553 3457 1609 nisi
3477 1553 3674 1624 justiﬁ-

2087 1661 2277 1706 centur
2307 1667 2318 1703 :
2353 1660 2410 1704 ut
2448 1663 2557 1703 non
2573 1645 2885 1718 justiﬁcatio
2911 1644 3198 1699 factoribus
3222 1644 3459 1707 accedat,
3489 1643 3584 1700 sed
3615 1653 3676 1699 ut

2088 1743 2315 1798 factores
2356 1740 2666 1812 justiﬁcatio
2713 1737 2996 1809 prazccdat.
3045 1737 3180 1805 Quid
3207 1745 3290 1792 est
3316 1737 3459 1794 enim
3503 1737 3672 1802 aliud,

2082 1833 2379 1905 justiﬁcati,
2403 1837 2560 1900 quam
2590 1829 2718 1900 justi
2750 1829 2897 1892 facti,
2929 1829 2997 1883 ah
3023 1828 3114 1882 illo
3139 1827 3342 1882 scilicet
3367 1828 3454 1898 qui
3473 1827 3673 1898 justifie

2089 1933 2174 1980 cat
2202 1923 2422 1994 impium
2459 1919 2588 1993 (Id.
2619 1935 2694 1986 tv,
2729 1919 2808 1993 5),
2839 1927 2900 1974 ut
2935 1935 3001 1974 ex
3031 1919 3193 1989 impio
3233 1917 3322 1973 ﬁat
3357 1919 3577 1989 justus?
3615 1919 3675 1973 Si

2089 2015 2232 2070 cnim
2265 2015 2334 2068 ita
2361 2011 2722 2082 loqueremur,
2755 2019 2813 2064 ut
2837 2009 3159 2074 diceremus,
3191 2008 3446 2064 Homines
3475 2008 3674 2064 libera-

2090 2104 2320 2172 buntur;
2355 2103 2458 2158 hoc
2488 2103 2669 2171 utique
2701 2101 3102 2171 intelligeretur,
3131 2100 3210 2154 eis
3235 2099 3322 2170 qui
3363 2099 3474 2170 jam
3505 2099 3677 2154 homi-

2091 2200 2202 2251 nes‘
2218 2201 2398 2250 essent
2439 2191 2696 2248 accedere
2724 2190 3093 2246 liberationem
3125 2208 3139 2244 :
3169 2190 3216 2244 si
3259 2197 3435 2244 autem
3463 2189 3675 2245 dicere-

2094 2302 2232 2352 mus,
2270 2285 2525 2340 l-lomines
2548 2282 2907 2348 creabantur;
2939 2297 3044 2336 non
3086 2282 3266 2352 utique
3292 2281 3682 2354 intelligeretur

2093 2391 2188 2433 eos
2221 2377 2392 2432 creari
2435 2375 2524 2446 qui
2566 2377 2782 2444 crant',
2831 2375 2924 2430 sed
2967 2373 3080 2443 ipsa
3123 2374 3392 2429 creatione
3435 2373 3684 2429 homines

2096 2465 2233 2521 ﬁeri.
2259 2463 2338 2520 lta
2378 2465 2425 2519 si
2469 2463 2668 2519 dictum
2699 2471 2861 2528 esset,
2891 2462 3144 2518 Factorcs
3181 2463 3312 2534 legis
3339 2463 3685 2518 honoraban-

2098 2568 2219 2625 tur;
2264 2572 2370 2614 non
2402 2565 2546 2613 recte
2586 2557 2952 2628 acciperemus
2997 2556 3098 2610 nisi
3139 2554 3398 2612 honorem
3445 2555 3548 2612 illis
3587 2557 3686 2627 qui

2091 2649 2202 2718 jam
2224 2656 2407 2704 essent
2435 2647 2668 2704 factores
2694 2647 2823 2717 legis
2849 2645 3106 2702 accedere
3139 2664 3153 2700 :
3181 2661 3300 2701 cum
3334 2662 3460 2702 vero
3481 2647 3685 2702 dictum

2097 2749 2198 2804 est,
2217 2738 2434 2809 [actores
2462 2738 2586 2810 legis
2599 2735 3049 2808 justiﬁcabuntur;
3066 2735 3192 2806 quid
3214 2735 3355 2792 aliud
3375 2737 3572 2792 dictum
3597 2745 3689 2792 est

2099 2847 2279 2902 quant,
2321 2831 2450 2901 justi
2473 2827 2946 2901 justiﬁcabuntur?
2971 2826 3205 2884 factores
3239 2843 3382 2884 enim
3413 2829 3545 2899 legis
3574 2829 3685 2884 uti-

2098 2939 2206 2992 que
2226 2923 2356 2995 justi
2385 2932 2528 2979 sunt.
2556 2922 2636 2976 Ac
2658 2936 2754 2992 per
2781 2919 2884 2976 hoc
2911 2921 3242 2978 tantumdem
3267 2930 3352 2978 est
3375 2937 3439 2977 ac
3459 2921 3504 2977 si
3529 2921 3684 2978 dicc-

2099 3024 2267 3080 retur,
2296 3013 2548 3070 Factores
2573 3013 2706 3084 legis
2731 3011 3075 3080 creabuntur,
3108 3027 3212 3068 non
3236 3013 3327 3084 qui
3349 3025 3502 3069 erant
3521 3013 3565 3080 ⁸,
3587 3013 3684 3070 sed

2101 3115 2159 3161 ut
2187 3107 2328 3160 sint:
2358 3113 2416 3158 ut
2441 3105 2518 3159 sic
2545 3103 2900 3174 intelligerent
2927 3102 3085 3158 etiam
3120 3103 3289 3160 Judaei
3317 3105 3448 3176 legis
3471 3105 3686 3161 audito-

2099 3213 2217 3261 res,
2251 3195 2486 3266 indigere
2514 3211 2574 3249 se
2601 3195 2764 3265 gratia
2791 3195 3155 3264 justiﬁcatoris
3179 3195 3222 3261 ⁸,
3253 3205 3310 3251 ut
3323 3198 3536 3268 ,possint
3563 3212 3691 3254 esse

2101 3285 2349 3340 factores.
2383 3285 2486 3338 Aut
2512 3295 2658 3340 certe
2683 3285 2754 3340 ita
2781 3285 2979 3341 dictum
3009 3295 3124 3352 est,
3160 3287 3590 3358 iustiﬁcabuntur.
3620 3302 3693 3344 ac

2101 3377 2144 3429 si
2185 3374 2475 3440 diceretur,
2516 3373 2648 3446 justi
2693 3375 3046 3444 habebuntur,
3086 3376 3218 3448 justi
3251 3376 3691 3448 deputabuntur,

2102 3465 2237 3520 sicut
2257 3465 2455 3521 dictum
2477 3474 2559 3522 est
2582 3465 2649 3522 de
2673 3467 2923 3537 quodam,
2953 3466 3052 3522 Ille
3073 3477 3240 3522 autem
3265 3469 3434 3524 volens
3463 3486 3518 3524 se
3525 3470 3692 3541 justi-

2101 3559 2256 3626 [icore
2285 3556 2434 3631 (Luc.
2467 3573 2524 3624 x,
2548 3557 2679 3628 29);
2714 3557 2766 3614 id
2791 3568 2895 3626 est,
2928 3570 2983 3614 ut
3003 3559 3179 3630 justus
3204 3560 3489 3616 haberetur
3515 3572 3568 3617 et
3586 3561 3694 3617 de-

2102 3657 2397 3718 putaretur.
2425 3649 2577 3706 Unde
2605 3650 2758 3705 aliter
2781 3649 3027 3717 dicimus,
3062 3652 3204 3708 Deus
3235 3652 3530 3708 sanctiﬁcat
3557 3669 3694 3708 san-

2103 3753 2218 3799 ctos
2255 3759 2425 3799 suos:
2471 3744 2628 3798 aliter
2665 3754 2845 3799 autem
2865 3786 2878 3809 ,
2923 3745 3279 3816 Sancti/icetur
3319 3763 3500 3801 nomen
3545 3757 3698 3802 tuum

2106 3833 2324 3908 (Matth.
2357 3851 2411 3890 vt
2431 3877 2446 3903 ,
2474 3833 2552 3908 9).
2583 3835 2716 3891 Nam
2736 3836 2760 3870 ⁸
2787 3835 2914 3892 illud
2943 3836 3085 3902 ideo,
3115 3839 3237 3908 quia
3267 3839 3381 3910 ipse
3417 3840 3536 3895 illos
3566 3839 3700 3896 facit

2105 3942 2227 3984 esse
2252 3936 2465 3984 sanctos
2484 3968 2500 3994 ,
2535 3929 2623 3998 qui
2651 3943 2756 3984 non
2785 3936 2938 3985 erant
2977 3931 3181 3985 sancti:
3213 3928 3316 3986 hoc
3341 3941 3516 3987 autem
3545 3931 3694 4000 ideo,

2106 4020 2329 4092 utquod
2357 4035 2571 4090 semper
2593 4021 2734 4091 apud
2763 4036 2822 4076 se
2851 4029 3092 4076 sanctum
3121 4031 3223 4088 est,
3255 4031 3496 4078 sanctum
3524 4023 3699 4079 etiam

2107 4111 2176 4168 ab
2201 4110 2506 4169 hominibus
2530 4111 2806 4178 habeatur,
2837 4111 2889 4166 id
2919 4121 3020 4177 est,
3052 4121 3236 4168 sancte
3262 4113 3528 4168 timeatur.

2176 4202 2266 4258 46.
2311 4201 2367 4258 Si
2412 4217 2540 4272 ergo
2567 4201 2588 4235 ⁶
2635 4201 2834 4258 Gentes
2872 4216 3330 4270 commemorans,
3377 4201 3699 4258 naturaliter

2105 4307 2226 4363 qua:
2247 4293 2379 4362 legis
2398 4302 2522 4348 sunt
2543 4293 2813 4357 iacientes,
2837 4301 2890 4347 et
2910 4293 3166 4362 scriptum
3188 4293 3443 4348 habentes
3457 4308 3590 4362 opus
3612 4293 3698 4348 Ie-

2105 4383 2186 4452 gis
2203 4383 2255 4437 in
2277 4383 2546 4448 cordibus,
2566 4384 2685 4438 illos
2702 4383 2921 4453 intelligi
2943 4384 3110 4438 voluit
3124 4382 3217 4454 qui
3233 4383 3456 4439 credunt
3473 4383 3526 4438 in
3541 4382 3701 4438 Cbri-
3779 4383 3789 4390 “

2107 4480 2285 4538 stum;
2308 4473 2428 4544 quia
2453 4489 2559 4528 non
2582 4474 2717 4528 sicut
2734 4472 2903 4528 Judaei
2928 4473 3200 4544 praemissa
3217 4474 3316 4529 sibi
3338 4473 3454 4545 lege
3475 4475 3701 4530 veniunt

2107 4563 2174 4618 ad
2207 4563 2364 4619 ﬁdem
2395 4583 2408 4619 :
2441 4580 2544 4620 non
2575 4574 2652 4620 est
2685 4580 2780 4620 cur
2803 4579 2898 4619 eos
2925 4579 3182 4620 conemur
3205 4565 3510 4622 discernere
3534 4566 3602 4620 ab
3629 4567 3700 4621 iis

2105 4655 2296 4725 quibus
2319 4655 2572 4710 Dominus
2594 4671 2690 4726 per
2709 4654 3027 4724 Prolibetam
3048 4655 3365 4725 promittens
3383 4654 3702 4710 Testamen-

2108 4753 2218 4799 tum
2236 4743 2464 4809 Novum,
2485 4745 2619 4800 dixit
2639 4746 2779 4816 leges
2801 4760 2926 4799 suas
2944 4759 3004 4800 se
3022 4745 3341 4815 scripturum
3363 4744 3418 4799 in
3441 4745 3701 4801 cordibus

2105 4847 2324 4900 eorum;
2351 4835 2472 4905 quia
2511 4843 2566 4890 et
2597 4835 2695 4904 ipsi
2731 4850 2826 4904 per
2867 4835 3242 4900 insertionem,
3272 4849 3432 4906 quam
3463 4835 3702 4890 oleastro

2107 4926 2397 4996 praestitam
2426 4925 2574 4990 dicit,
2602 4925 2666 4981 ad
2693 4925 2935 4980 eamdem
2965 4925 3134 4980 oleam
3153 4966 3167 4990 ,
3197 4924 3300 4980 hoc
3319 4935 3421 4994 est,
3453 4925 3521 4981 ad
3545 4941 3701 4982 eum-

2107 5017 2228 5074 dem
2256 5019 2346 5075 Dei
2376 5019 2627 5088 populum
2655 5018 2922 5088 pertinent
2948 5017 3122 5086 (Rom.
3147 5033 3225 5086 xt,
3253 5015 3384 5090 24):
3413 5018 3701 5088 potiusque

2108 5109 2398 5167 concordat
2421 5111 2730 5182 prophetico
2755 5110 2916 5166 etiam
2948 5110 3048 5166 hoc
3074 5111 3422 5181 apostolicum
3454 5114 3703 5166 testimo-

2107 5201 2254 5256 nium
2275 5217 2290 5256 :
2314 5209 2370 5256 ut
2389 5201 2492 5256 hoc
2506 5201 2574 5256 sit
2594 5201 2860 5270 pertinere
2879 5199 2947 5254 ad
2961 5199 3358 5257 Testamentum
3371 5199 3596 5265 Novum,
3621 5198 3702 5255 le-

2543 5401 2698 5448 erant.
2737 5401 2795 5446 At
2835 5402 2965 5456 Mss,
3004 5393 3090 5459 qui
3123 5401 3298 5456 erant;
3339 5393 3440 5454 vel,
3473 5390 3558 5456 qui
3592 5369 3702 5454 iam

2107 5465 2986 5596 "iiiisawwwmeesereu-

2164 5583 2194 5658 ,δ
2215 5555 2986 5647 id.
3003 5578 3170 5642 Abest,
3195 5577 3336 5641 justi,
3371 5591 3400 5628 a
3433 5578 3702 5628 manuscri-

2110 5653 2535 5779 pl'i'eeescevm
2558 5706 2682 5779 illud
2699 5706 2964 5779 ξςιοοιμιηνι
2987 5702 3104 5777 ἐνθεν
3350 5711 3486 5752 παιη-

2178 5769 2199 5800 ⁶
2222 5769 2356 5827 Editi,
2381 5769 2456 5818 sic
2478 5782 2608 5830 ergo.
2639 5770 2801 5818 \telius
2825 5777 2930 5817 Mss.
2957 5769 3003 5820 :i
3021 5780 3150 5828 ergo.
