4002 6178
325 372 428 425 2:0

312 589 489 648 ptum;
520 580 623 635 hoc
648 590 752 646 est,
779 581 831 633 in
856 577 1043 632 intimo
1057 574 1247 628 alfectu
1265 572 1523 640 justitiam
1544 571 1675 641 legis
1695 574 1900 641 amplc-

309 672 419 737 cti,
450 671 541 727 ubi
576 671 709 727 ﬁdes
740 686 835 740 per
866 668 1205 724 dilectionem
1233 674 1484 735 operatur
1510 663 1705 730 (Gatat.
1738 680 1789 728 ν,
1819 664 1899 735 6).

311 763 447 829 Quia
466 779 533 818 ea:
549 763 653 832 ﬁde
669 763 922 833 justiﬁcat
941 768 1110 832 gentes
1134 757 1299 822 Deus;
1323 755 1463 827 quod
1485 755 1750 826 Scriptura
1767 772 1899 826 prte-

307 857 504 923 videns,
526 855 882 926 prwnuntiauit
907 852 1144 914 Abrahae,
1170 848 1363 913 dicens,
1385 845 1453 901 In
1482 847 1669 901 semine
1697 855 1782 900 tuo
1808 847 1895 902 be-

306 946 601 1001 nedicentur
641 961 816 1000 omnes
861 952 1032 1015 gentes
1060 957 1079 996 :
1106 950 1161 996 ut
1202 955 1298 1011 per
1340 940 1478 995 hanc
1528 937 1897 1009 promissionis

304 1036 534 1107 gratiam
561 1036 717 1091 oliva:
744 1036 1071 1090 insereretur
1118 1033 1349 1088 oleaster
1369 1072 1387 1099 ,
1411 1043 1465 1087 et
1493 1030 1679 1087 tierent
1711 1029 1895 1086 ﬁdeles

304 1126 507 1180 Gentes
555 1124 651 1181 ﬁlii
699 1124 930 1180 Abrahae
972 1125 1025 1177 in
1075 1124 1264 1178 semine
1310 1121 1534 1177 Abrahae
1569 1162 1586 1189 ,
1641 1120 1777 1193 quod
1819 1130 1895 1176 est

304 1214 538 1270 Christus
563 1213 677 1283 (Id.
710 1230 801 1279 nt,
832 1215 899 1277 8,
945 1212 1069 1285 l6);
1100 1220 1368 1269 sectantes
1410 1212 1527 1282 ejus
1571 1212 1758 1277 ﬁdem,
1803 1213 1893 1283 qui

303 1322 411 1360 non
433 1315 656 1377 accepta
683 1305 736 1359 in
760 1304 950 1359 tabulis
970 1306 1086 1374 lege
1104 1345 1119 1369 ,
1148 1303 1489 1373 nondumque
1507 1302 1708 1357 habens
1724 1302 1891 1371 ipsam

298 1396 767 1451 circumcisionem
789 1437 804 1459 ,
829 1395 1039 1447 credidit
1072 1393 1177 1447 D‘eo
1202 1435 1217 1458 ,
1248 1404 1298 1447 et
1322 1393 1613 1461 deputatum
1641 1401 1712 1446 est
1732 1390 1810 1445 illi
1825 1392 1891 1445 ad

299 1485 544 1552 iustitiam
577 1483 730 1557 (Gen.
763 1499 833 1538 xv
855 1525 870 1548 ,
897 1484 966 1549 (ἲς
1001 1482 1151 1537 Rom.
1181 1499 1233 1538 ιγ
1259 1524 1272 1547 ,
1306 1481 1384 1555 '5).
1419 1485 1496 1537 Ac
1537 1482 1616 1536 sic
1656 1482 1759 1536 tale
1790 1483 1892 1536 erit

299 1574 402 1629 hoc
421 1575 568 1644 quod
598 1575 664 1629 de
688 1574 948 1644 ejusmodi
968 1574 1227 1630 Gentibus
1250 1575 1389 1629 dixit
1416 1574 1725 1643 Apostolus,
1748 1574 1886 1643 quod

296 1681 426 1735 Opus
453 1667 580 1736 legis
604 1667 848 1736 scriptum
875 1666 1088 1720 habeant
1114 1667 1166 1720 in
1203 1666 1440 1721 cordibus
1476 1665 1580 1719 suis
1608 1664 1781 1737 (Rom.
1816 1682 1848 1719 ιι
1872 1707 1884 1727 ,

296 1758 392 1827 i5)
422 1776 436 1811 :
465 1757 629 1828 quale
651 1766 734 1812 est
756 1757 883 1811 illud
907 1757 971 1811 ad
998 1756 1321 1821 Corinthios,
1344 1772 1445 1809 non
1468 1756 1521 1809 in
1542 1753 1725 1809 tabulis
1752 1755 1887 1825 lapi-

294 1848 404 1901 deis
423 1890 439 1914 ,
470 1849 565 1901 sed
609 1849 662 1901 in
691 1846 875 1902 tabulis
918 1847 1088 1901 cordis
1130 1846 1417 1901 carnalibus
1448 1844 1514 1918 (II
1541 1844 1660 1900 Cor.
1686 1862 1776 1911 ιιι,
1807 1845 1884 1919 5).

294 1940 370 1994 Ita
391 1940 538 1995 enim
567 1940 701 1994 ﬁunt
724 1940 794 1996 de
815 1939 976 1994 dumo
1007 1939 1184 2005 Israel,
1212 1953 1333 1993 cum
1355 1936 1673 2008 prteputium
1698 1952 1883 1993 eorum

292 2030 346 2083 in
374 2030 839 2086 circumcisionem
865 2030 1167 2099 deputatur,
1194 2044 1260 2084 eo
1306 2028 1444 2098 quod
1470 2029 1728 2097 justitiam
1757 2028 1886 2098 legis

292 2138 403 2177 non
421 2121 742 2192 przecisione
783 2122 959 2177 carnis
982 2121 1288 2189 ostendunt,
1311 2120 1405 2176 sed
1426 2121 1603 2176 cordis
1630 2119 1886 2175 cbaritatc

288 2214 606 2269 custodiunt
630 2231 644 2268 :
669 2215 917 2284 quoniam
937 2215 981 2268 si
1008 2215 1308 2284 praeputium
1326 2213 1555 2284 justitias
1570 2212 1694 2283 legis
1719 2221 1884 2266 custo-

288 2306 425 2370 diat,
452 2322 623 2360 nonne
648 2308 948 2376 prteputium
970 2305 1080 2374 eius
1097 2344 1112 2368 ,
1142 2304 1348 2374 inquit,
1376 2304 1429 2357 in
1455 2302 1885 2356 circumcisionem

288 2398 618 2468 deputabitur
638 2395 813 2469 (Rom.
847 2412 908 2463 ιι,
935 2395 1070 2464 26)?
1100 2395 1168 2449 Et
1198 2404 1474 2464 propterea
1503 2394 1554 2447 in
1584 2393 1745 2447 domo
1770 2392 1885 2448 veri

290 2488 459 2543 Israel
480 2530 496 2553 ,
525 2488 580 2541 in
609 2502 717 2557 quo
741 2487 894 2541 dolus
939 2502 1046 2542 non
1073 2495 1154 2541 est
1178 2484 1356 2556 (Joan.
1386 2501 1431 2551 ι,
1459 2485 1575 2556 47),
1601 2483 1884 2554 participes

287 2587 418 2632 sunt
447 2576 777 2632 Testamenti
807 2576 970 2641 Novi,
1002 2577 1125 2647 quia
1165 2575 1258 2630 dat
1297 2576 1438 2631 Deus
1466 2576 1610 2645 leges
1654 2575 1706 2629 in
1735 2590 1881 2629 men-

291 2679 403 2725 tem
432 2671 671 2739 ipsorum
688 2710 705 2733 ,
734 2677 789 2724 et
817 2668 871 2723 in
900 2666 1150 2724 cordibus
1172 2682 1358 2721 eorum
1387 2664 1576 2721 scribit
1601 2679 1693 2719 cas
1720 2665 1884 2735 digito

287 2776 413 2827 suo,
430 2760 633 2830 Spiritu
659 2770 866 2826 sancto,
885 2774 990 2829 quo
1016 2758 1089 2813 ibi
1109 2757 1420 2812 diffunditur
1445 2756 1679 2812 charitas
1706 2755 1880 2827 (Rom.

290 2867 346 2917 ν,
371 2853 455 2916 5),
486 2866 608 2919 qua:
636 2850 768 2920 legis
795 2857 879 2905 est
903 2846 1177 2918 plenitudo
1206 2845 1315 2918 (Id.
1343 2862 1456 2911 xm,
1487 2845 1599 2916 i0).

360 2939 591 2996 CAPUT
652 2937 866 2994 XXVII.
904 2967 977 2979 -—
1018 2939 1108 2993 47.
1158 2936 1340 3007 Legem
1386 2936 1497 3005 ﬁeri
1543 2934 1879 2999 naturaliter,

289 3030 425 3084 idem
452 3029 591 3099 quod
611 3029 1168 3084 secundum‘naturam
1210 3026 1376 3098 gratia
1423 3034 1731 3096 reparatam.
1772 3024 1882 3081 Nec

289 3129 506 3177 moveat
541 3121 684 3192 quod
714 3121 1013 3175 naturaliter
1041 3135 1136 3175 eos
1174 3119 1324 3186 dixit,
1357 3134 1469 3192 qua:
1498 3118 1620 3189 legis
1643 3127 1760 3173 sunt
1796 3123 1879 3191 fa-

288 3228 418 3276 cere,
450 3228 559 3267 non
586 3212 773 3282 spiritu
807 3211 921 3279 Dei,
953 3225 1056 3265 non
1084 3210 1209 3276 ﬁde,
1237 3225 1342 3264 non
1370 3210 1559 3280 gratia.
1602 3208 1712 3263 lIoc
1740 3210 1879 3264 enim

291 3302 400 3373 agit
421 3302 641 3372 spiritus
666 3302 871 3372 gratiae,
903 3311 961 3356 ut
986 3300 1267 3371 imaginem
1300 3300 1412 3366 Dei,
1447 3301 1498 3354 in
1524 3314 1630 3369 qua
1662 3309 1880 3355 natura-

293 3393 414 3449 liter
458 3391 584 3449 I'acli
614 3394 819 3459 sumtis,
854 3393 1112 3447 instauret
1142 3392 1194 3446 in
1242 3391 1413 3446 nobis.
1449 3391 1643 3446 Vitium
1685 3392 1881 3463 quippe

290 3491 476 3537 contra
529 3492 771 3537 naturam
798 3490 897 3547 est,
930 3480 1070 3552 quod
1097 3474 1279 3550 utique
1321 3489 1472 3535 sanat
1513 3482 1676 3550 gratia
1709 3500 1722 3535 :
1752 3497 1878 3552 pro-

290 3586 409 3646 pter
437 3591 600 3646 quam
650 3574 761 3630 Deo
788 3574 1002 3641 dicitur,
1049 3572 1291 3628 Miserere
1334 3573 1449 3637 mei,
1495 3588 1622 3626 sana
1657 3573 1879 3627 animam

289 3683 477 3733 meum,
503 3666 744 3735 quoniam
772 3664 971 3735 peccavi
1002 3663 1155 3733 tibi'(
1181 3662 1326 3717 Psal.
1376 3677 1464 3726 χι,
1512 3660 1608 3731 5).
1650 3661 1879 3718 Proinde

291 3758 605 3814 naturaliter
631 3757 876 3812 homines
904 3770 1022 3825 quze
1051 3756 1181 3825 legis
1208 3762 1331 3808 sunt
1362 3753 1559 3807 faciunt
1579 3772 1591 3808 :
1610 3755 1698 3830 qui
1731 3755 1877 3809 enim

292 3850 395 3904 hoc
423 3864 533 3903 non
578 3832 797 3914 faciunt,
849 3846 974 3900 vitio
1002 3860 1099 3900 suo
1143 3860 1248 3899 non
1301 3844 1501 3899 faciunt
1527 3846 1568 3898 ¹.
1608 3845 1724 3912 Quo
1750 3846 1877 3901 vitio

290 3942 376 3996 lex
402 3942 495 3996 Dei
520 3951 602 3996 cst
630 3940 803 3995 deleta
830 3939 899 3994 de
926 3938 1174 3994 cordibus
1200 3953 1216 4003 ;
1250 3952 1314 3992 ac
1353 3953 1446 4006 per
1470 3937 1591 4000 hoc,
1623 3937 1750 3991 vitio
1786 3953 1873 3993 sa-

290 4042 439 4094 nato,
466 4045 588 4085 cum
620 4029 729 4083 illic
759 4028 1026 4093 scribitur,
1058 4028 1189 4081 ﬁunt
1212 4042 1329 4096 qua:
1357 4027 1489 4096 legis
1514 4035 1638 4081 sunt
1663 4038 1878 4081 natura-

290 4120 409 4173 liter
440 4135 454 4173 :
483 4134 588 4172 non
618 4117 759 4186 quod
799 4131 893 4186 per
940 4124 1182 4170 naturam
1213 4126 1400 4185 negata
1444 4115 1511 4170 sit
1560 4117 1749 4186 gratia,
1780 4116 1875 4171 sed

290 4209 468 4277 potius
497 4222 592 4277 per
611 4207 835 4277 gratiam
860 4215 1102 4276 reparata
1128 4214 1334 4259 natura.
1379 4204 1483 4260 Per
1504 4222 1657 4259 unum
1680 4207 1873 4276 quippe

290 4302 542 4355 hominem
563 4309 823 4371 peccatum
841 4300 1043 4353 intrauit
1065 4299 1120 4353 in
1144 4299 1407 4364 mundum,
1427 4308 1474 4354 et
1500 4317 1588 4370 per
1614 4309 1872 4369 peccatum

292 4408 466 4457 mors;
494 4401 543 4444 et
569 4392 641 4444 ita
669 4391 723 4444 in
747 4406 920 4445 onmes
948 4390 1170 4445 homines
1200 4392 1536 4461 pertransivit,
1562 4392 1615 4445 in
1643 4408 1740 4462 quo
1765 4409 1873 4446 om-

287 4497 377 4534 nes
421 4488 750 4551 peccaverunt
795 4480 971 4552 (Rom.
1015 4496 1069 4548 ν,
1100 4480 1188 4550 12)
1222 4492 1316 4536 :et
1345 4480 1463 4536 ideo
1506 4482 1627 4551 quia
1657 4499 1758 4537 non
1800 4492 1872 4539 est

286 4574 564 4638 distinctio,
610 4583 756 4643 egent
782 4574 946 4644 gloria
992 4572 1107 4639 Dei,
1128 4573 1397 4643 justi/icati
1437 4575 1595 4642 gratis
1638 4591 1726 4645 per
1750 4592 1872 4646 gra-

284 4664 411 4717 tiam
431 4663 612 4732 ipsius.
644 4664 759 4731 Qua
778 4664 945 4733 gratia
973 4663 1024 4718 in
1052 4666 1073 4695 ³
1099 4663 1350 4718 interiore
1379 4662 1593 4718 homine
1618 4674 1872 4722 renovato

277 4755 487 4825 iustitia
536 4755 825 4822 scribitur,
879 4769 1039 4823 quam
1087 4753 1242 4822 culpa
1278 4752 1548 4809 deleverat
1594 4771 1608 4807 :
1658 4764 1712 4811 et
1756 4756 1872 4813 lucc

278 4844 654 4900 misericordia
700 4860 862 4914 super
907 4859 1074 4914 genus
1127 4843 1416 4899 humanum
1460 4860 1557 4917 per
1593 4846 1868 4919 Christum

272 4935 468 4993 Jesum
496 4936 779 4992 Dominum
806 4944 1066 4990 nostrum.
1110 4934 1254 4990 Unus
1292 4937 1424 4989 enim
1463 4935 1620 5004 Deus,
1654 4956 1785 4994 unus
1823 4949 1870 4994 et

272 5027 536 5082 mediator
564 5026 662 5082 Dei
694 5037 743 5082 et
769 5027 1026 5083 hominum
1053 5025 1203 5081 homo
1231 5024 1457 5081 Christus
1480 5025 1632 5083 Iesus
1659 5027 1700 5102 (l
1735 5028 1866 5083 Tim.

268 5136 338 5186 ιι,
367 5118 473 5189 5).

351 5208 447 5264 48.
478 5208 539 5264 Si
567 5218 747 5264 autem
786 5208 838 5263 hi
878 5208 965 5279 qui
1004 5209 1313 5264 naturaliter
1337 5224 1455 5279 qua:
1481 5208 1610 5279 legis
1637 5218 1759 5264 sunt
1789 5208 1869 5264 fa-

264 5300 467 5363 ciunt,
498 5298 732 5353 nondum
762 5308 887 5353 sunt
922 5299 1146 5354 habendi
1189 5300 1242 5354 in
1272 5314 1496 5354 numero
1521 5313 1707 5353 eorum
1737 5315 1871 5369 quos

262 5390 487 5448 Christi
509 5389 765 5459 justiﬁcat
787 5390 989 5460 gratia;
1016 5389 1111 5446 sed
1135 5390 1187 5445 in
1212 5405 1396 5445 eorum
1425 5389 1619 5460 potius,
1646 5407 1869 5459 quorum

260 5484 446 5540 etiam
470 5480 756 5551 impiorum
775 5520 792 5545 ,
820 5495 919 5536 nec
943 5480 1108 5536 Deum
1133 5496 1318 5537 verum
1346 5480 1604 5536 veraciter
1629 5480 1871 5550 justeque

257 5573 599 5642 colentium,
621 5572 864 5648 quaedam
887 5582 1063 5628 tamen
1085 5572 1220 5627 facta
1240 5574 1323 5628 vel
1351 5573 1591 5643 legimus,
1618 5573 1699 5627 vel
1721 5574 1871 5627 novi-

340 5717 364 5749 ι
392 5712 536 5780 aditi.
559 5708 723 5763 vitiose
740 5709 938 5780 facitqtt.
954 5716 1139 5780 ΔΔιιιεε.
1162 5710 1397 5780 quinque,
1416 5707 1639 5780 titio_nogt
1661 5707 1871 5780 facitmt;

260 5789 408 5831 tres,
434 5774 546 5824 mia
566 5787 651 5823 suo
670 5769 761 5822 non
784 5771 994 5833 ﬁtciunt;
1016 5769 1200 5829 cteteri',
1224 5769 1383 5821 vitiose
1406 5784 1497 5821 non
1520 5769 1716 5833 ﬁzrimtt.

339 5840 369 5871 ⁸
396 5834 641 5889 t'articula.
668 5834 734 5889 in,
758 5833 895 5884 abest
919 5846 943 5881 a
963 5833 1208 5894 plerisque
1232 5840 1336 5882 Mss.

1738 368 1937 426 LIBER
1979 372 2173 429 UNUS.

315 503 434 557 gem
465 493 562 549 Dei
597 492 794 547 habere
826 506 928 541 non
957 485 1008 539 in
1036 483 1259 545 tabulis,
1294 479 1384 533 sed
1410 480 1459 533 in
1490 479 1737 534 cordibus
1766 483 1902 535 scri-

3496 390 3598 447 250

2013 499 2149 547 mus,
2172 485 2254 539 vcl
2272 487 2532 553 audimus,
2552 502 2668 559 qua:
2689 493 2976 548 secundum
2996 494 3215 563 justititc
3237 498 3470 568 regulam
3493 518 3597 556 nton

2010 576 2180 627 solum
2216 578 2516 649 vituperare
2542 595 2645 634 non
2676 596 2976 652 possumus,
3002 601 3184 641 \erum
3214 589 3379 644 etiam
3408 594 3600 647 turrito

2008 674 2262 735 recteque
2300 668 2619 728 laudamus:
2647 688 2946 745 quanquam
2985 679 3029 733 si
3071 679 3462 736 discutiantur‘
3490 700 3601 752 quo

2006 754 2111 809 ﬁne
2139 756 2300 824 ﬁant,
2331 759 2416 814 vix
2456 761 2799 819 inveniuntur
2826 754 2943 835 quin
2966 768 3186 838 justitite
3215 771 3446 827 debitam
3477 774 3593 828 Iau-

2005 844 2125 900 dem
2154 846 2585 907 defensioncmve
2609 866 2932 912 mereantur.

2076 936 2300 992 CAPUT
2332 938 2563 995 XXVIII.
2591 973 2666 983 —-
2693 942 2873 1016 Imago
2914 946 3010 1002 Dei
3047 965 3149 1003 non
3187 953 3389 1007 omnino
3425 953 3595 1009 deleta

2001 1025 2055 1079 in
2081 1026 2391 1093 inﬁdelibus.
2419 1029 2638 1086 Peccata
2665 1036 2897 1090 veniulia.
2931 1038 3306 1097 Verumtamen
3332 1045 3451 1114 quia
3480 1061 3587 1100 n0n

2000 1130 2170 1187 usque
2198 1118 2332 1174 adeo
2370 1120 2423 1174 in
2463 1125 2639 1178 anima
2672 1123 2903 1181 humana
2934 1128 3107 1200 imago
3135 1131 3229 1185 Dei
3257 1140 3591 1190 terrenorum

1999 1204 2282 1262 all'ectuum
2314 1208 2430 1265 labe
2455 1210 2647 1266 detrita
2672 1222 2784 1279 est,
2818 1225 2872 1269 ut
2901 1217 3047 1271 nulla
3078 1219 3128 1272 in
3161 1235 3222 1274 ea
3253 1222 3398 1276 velut
3428 1224 3587 1277 liuea-

1998 1304 2176 1350 menta
2203 1306 2439 1355 extrema
2463 1305 2843 1371 remanserint,
2873 1307 3015 1362 unde
3053 1309 3243 1365 merito
3280 1312 3383 1365 dici
3421 1317 3589 1382 possit

1996 1387 2155 1442 etiam
2182 1389 2233 1442 in
2261 1389 2374 1459 ipsa
2404 1391 2673 1474 impietate
2711 1394 2834 1449 vita:
2874 1411 2984 1450 sua:
3023 1396 3200 1455 facere
3241 1402 3417 1471 aliqua
3455 1391 3585 1474 legis

1995 1478 2079 1530 vel
2109 1491 2328 1547 sapere;
2358 1480 2400 1533 si
2442 1472 2545 1535 hoc
2577 1492 2658 1537 est
2695 1485 2835 1553 quod
2872 1485 3069 1541 dictum
3100 1501 3212 1555 est,
3252 1491 3372 1561 quia
3403 1472 3583 1547 Gentes

1995 1581 2106 1635 qua:
2134 1564 2292 1637 legem
2316 1584 2414 1623 non
2445 1570 2647 1637 habent,
2678 1572 2779 1628 hoc
2809 1585 2911 1643 est,
2941 1576 3108 1647 legem
3138 1578 3252 1647 Dei,
3285 1583 3582 1636 naturaliter

1994 1670 2107 1724 qua:
2133 1656 2255 1728 legis
2280 1669 2394 1711 sunt
2418 1661 2630 1730 faciunt,
2659 1671 2713 1716 ct
2735 1664 2857 1733 quia
2886 1664 3183 1735 liujusmodi
3212 1668 3455 1725 homines
3480 1671 3581 1740 ipsi

1994 1744 2089 1798 sibi
2111 1756 2224 1800 sunt
2250 1747 2361 1829 leas,
2404 1756 2461 1804 et
2486 1752 2729 1822 scriptum
2754 1770 2881 1829 opus
2918 1756 3041 1826 legis
3067 1758 3246 1812 habent
3272 1760 3324 1813 in
3349 1760 3583 1817 cordibus

1991 1837 2117 1903 suis,
2144 1838 2196 1892 id
2225 1826 2331 1907 est,
2355 1857 2463 1896 non
2488 1845 2632 1898 omni
2657 1847 2816 1901 modo
2841 1825 3070 1903 deletum
3093 1860 3193 1919 est,
3222 1853 3361 1922 quod
3388 1854 3459 1917 ibi
3487 1871 3581 1921 per

1992 1925 2274 1998 imaginem
2311 1932 2403 1988 Dei
2435 1950 2554 1988 cum
2582 1947 2893 1992 crearentur
2918 1939 3234 2009 impressum
3261 1952 3343 1998 est
3373 1962 3387 1998 :
3417 1946 3581 1999 etiam

1991 2017 2070 2071 sic
2095 2018 2181 2071 illa
2207 2018 2504 2079 diﬁ‘erentia
2521 2039 2625 2079 non
2653 2028 3075 2095 perturbabitur,
3105 2048 3205 2100 qua
3233 2032 3393 2088 distat
3419 2050 3447 2088 a
3480 2036 3588 2090 νο-.

1993 2115 2105 2163 tere
2130 2109 2524 2167 Testamentum
2544 2114 2773 2182 Novum,
2801 2133 2866 2171 eo
2890 2119 3027 2188 quod
3058 2136 3151 2190 per
3164 2121 3368 2178 Novum
3389 2125 3578 2180 scribi-

1992 2206 2078 2252 tur
2100 2199 2184 2254 lex
2208 2201 2301 2256 Dei
2323 2203 2372 2256 in
2400 2205 2558 2259 corde
2584 2206 2842 2275 ﬁdelium,
2864 2226 2983 2280 qua:
3006 2228 3099 2281 per
3122 2213 3280 2270 Vetus
3307 2216 3363 2272 in
3387 2217 3577 2273 tabulis

1990 2291 2185 2360 scripta
2212 2300 2314 2346 est.
2345 2293 2457 2350 lloc
2481 2294 2620 2350 cnim
2643 2297 2750 2354 illic
2769 2300 3017 2356 scribitur
3036 2318 3129 2371 per
3149 2307 3572 2374 renovationem,

1990 2382 2130 2451 quod
2176 2398 2281 2437 non
2328 2386 2471 2440 omni
2517 2388 2677 2443 modo
2719 2389 2952 2446 deletum
2991 2405 3070 2447 est
3111 2410 3204 2463 per
3240 2405 3570 2456 vetustatem.

1989 2472 2121 2530 Nam
2153 2477 2289 2531 sicut
2316 2478 2426 2548 ipsa
2455 2482 2627 2552 imago
2658 2483 2745 2537 Dei
2773 2495 3056 2540 renovntur
3080 2487 3129 2540 in
3158 2497 3335 2545 mente
3356 2492 3576 2546 creden-

1992 2566 2119 2619 tium
2139 2582 2233 2636 per
2257 2568 2652 2626 Testamentum
2674 2573 2901 2642 Novum,
2928 2592 3095 2646 quam
3113 2594 3218 2632 non
3246 2582 3454 2650 penitus
3478 2584 3574 2637 im-

1988 2654 2157 2725 pietas
2197 2658 2540 2728 aboleverat;
2583 2679 2703 2717 nam
2745 2678 3076 2722 remanserat
3120 2669 3299 2740 utique
3343 2673 3392 2727 id
3434 2675 3572 2743 quod

1987 2746 2162 2800 anima
2209 2748 2437 2804 hominis
2479 2752 2580 2806 nisi
2624 2754 2896 2810 rationalis
2941 2772 3060 2812 esse
3102 2774 3207 2812 non
3251 2772 3470 2829 potest:
3501 2765 3569 2819 ita

1987 2837 2147 2892 etiam
2174 2839 2245 2893 ibi
2280 2840 2365 2894 lex
2394 2841 2487 2896 Dei
2520 2858 2623 2897 non
2654 2861 2715 2897 ex
2745 2846 2888 2900 omni
2932 2857 3077 2915 parte
3114 2849 3285 2905 deleta
3314 2868 3408 2919 per
3434 2854 3572 2923 inju-

1987 2926 2216 2995 stitiam,
2249 2930 2484 2998 profecto
2514 2933 2767 2988 scribitur
2795 2945 3043 2991 renovata
3076 2954 3168 3006 per
3191 2940 3433 3009 gratiam.
3464 2943 3572 2999 Nic

1988 3015 2142 3072 istam
2165 3018 2589 3103 inscriptionem,
2616 3038 2736 3093 quae
2760 3024 3067 3094 justiﬁcatio
3091 3038 3191 3095 est,
3223 3037 3427 3098 poterat
3453 3032 3590 3097 υῐιὶο,

1988 3121 2110 3163 cere
2135 3109 2187 3164 in
2216 3110 2416 3167 Judaeis
2446 3114 2528 3169 lex
2558 3114 2610 3169 in
2637 3116 2830 3172 tabulis
2854 3120 3043 3189 scripta
3067 3162 3081 3185 ,
3112 3121 3205 3176 scd
3238 3124 3407 3178 solum
3433 3140 3570 3195 pne-

1987 3203 2384 3260 varicationem.
2408 3204 2543 3261 Nam
2585 3218 2640 3262 et
2676 3208 2775 3279 ipsi
2814 3208 3057 3266 homines
3084 3222 3347 3280 crant,ct
3376 3217 3455 3271 vis
3482 3217 3575 3273 illa

1989 3301 2190 3349 naturae
2232 3295 2403 3351 inerat
2442 3297 2548 3362 eis,
2581 3313 2682 3369 qua
2726 3300 3017 3371 legitimum
3052 3303 3243 3373 aliquid
3274 3306 3446 3360 anima
3489 3324 3573 3360 ra-

1989 3383 2238 3439 tionalis”
2266 3395 2320 3441 et
2357 3388 2518 3442 sentit
2555 3396 2611 3444 et
2648 3388 2775 3444 facit
2803 3408 2815 3444 :
2845 3392 2937 3446 sed
2970 3392 3136 3462 pictas
3173 3410 3292 3464 quae
3329 3397 3381 3449 in
3410 3397 3569 3452 aliam

1984 3474 2149 3529 vitam
2178 3477 2427 3532 transfert
2455 3477 2663 3533 beatam
2693 3487 2747 3533 et
2768 3489 3053 3547 mternam,
3082 3483 3249 3552 legem
3281 3483 3436 3541 habet
3466 3487 3568 3540 im—

1985 3565 2322 3633 macnlatam,
2353 3577 2751 3623 convertentem
2781 3571 2986 3625 animas
3021 3571 3184 3644 (Psal.
3217 3590 3361 3642 xvnt,
3392 3577 3479 3647 8),
3514 3588 3569 3631 ut

1984 3670 2047 3711 ex
2078 3657 2167 3712 illo
2197 3656 2395 3713 lumine
2423 3668 2764 3723 renoventur,
2791 3661 2983 3733 ﬁatque
3006 3665 3056 3717 in
3078 3666 3177 3730 eis,
3209 3665 3475 3736 Signatum
3495 3681 3570 3723 est

1982 3761 2133 3817 super
2161 3763 2251 3800 nos
2277 3748 2443 3802 lumen
2468 3750 2634 3803 uultus
2658 3752 2750 3815 tui,
2781 3749 2995 3806 Domine
3021 3751 3191 3824 (Psal.
3218 3771 3289 3822 tv,
3320 3758 3394 3825 7).
3416 3757 3567 3813 Unde

1981 3836 2154 3890 aversi
2182 3837 2517 3893 obsolesecre
2539 3841 2559 3872 ³
2591 3850 2898 3898 meruerunt
2925 3861 2938 3895 :
2972 3847 3212 3900 renovari
3251 3855 3425 3901 autem
3466 3850 3565 3905 nisi

1980 3928 2146 3995 gratia
2168 3928 2474 3998 christiana,
2502 3933 2602 3988 hoc
2622 3943 2721 3999 est,
2749 3935 2846 3989 nisi
2865 3935 3164 3992 Slcdiatoris
3184 3938 3567 3998 intercessione

1981 4033 2087 4073 non
2115 4032 2353 4088 possunt.
2391 4021 2534 4077 Unus
2558 4024 2689 4077 enim
2719 4024 2852 4079 Deus
2871 4066 2885 4091 ,
2913 4042 3042 4079 unus
3067 4038 3112 4079 et
3138 4028 3380 4082 mediator
3399 4029 3496 4083 Dei
3517 4040 3567 4088 et

1980 4111 2239 4165 hominum
2276 4115 2424 4167 homo
2461 4113 2689 4169 Christus
2727 4115 2910 4179 Iesus,
2940 4117 3024 4187 qui
3068 4118 3203 4171 dedit
3246 4123 3565 4191 semetipsum

1979 4203 2371 4272 redemptionem
2393 4205 2754 4283 pro‘omnibus.
2778 4206 2819 4259 A
2843 4208 2991 4274 cujus
3011 4208 3178 4277 gratia
3200 4209 3244 4263 si
3266 4212 3420 4266 alieni
3443 4224 3566 4270 sunt

1979 4293 2055 4347 illi
2081 4292 2147 4348 de
2173 4294 2364 4363 quibus
2388 4295 2613 4364 agimus,
2640 4295 2727 4365 qui
2757 4295 3050 4351 secundum
3079 4298 3229 4354 illum
3258 4301 3468 4356 modum
3496 4303 3565 4359 de

1978 4398 2082 4452 quo
2110 4384 2352 4453 superius
2387 4385 2516 4438 satis
2541 4384 2801 4451 diximus,
2834 4388 3132 4441 naturaliter
3158 4406 3271 4455 qua:
3299 4393 3419 4461 legis
3448 4405 3565 4446 sunt

1977 4474 2206 4543 faciunt,-
2236 4475 2360 4545 quid
2392 4475 2470 4530 eis
2499 4476 2788 4544 proderunt
2816 4490 3110 4533 excusantes
3138 4482 3480 4552 cogitationes,
3511 4485 3565 4539 in

1977 4566 2059 4620 die
2102 4583 2202 4639 qua
2237 4567 2492 4637 judicabit
2535 4566 2673 4622 Deus
2718 4568 2914 4622 occulta
2959 4571 3215 4626 hominum
3268 4573 3447 4645 (Rom.
3491 4592 3559 4639 ιι,

1979 4658 2220 4727 14-16),
2251 4658 2349 4712 nisi
2380 4659 2515 4713 forte
2552 4668 2611 4713 ut
2648 4662 2828 4716 mitius
2874 4664 3196 4732 puniantur?
3233 4665 3379 4720 Sicut
3418 4668 3560 4722 enim

1975 4765 2082 4804 non
2109 4750 2405 4821 impediunt
2431 4766 2460 4807 a
2487 4753 2591 4807 vita
2620 4762 2816 4808 (eterna
2842 4754 3042 4823 justum
3074 4756 3314 4824 quaedam
3346 4770 3558 4825 peccata

1975 4842 2200 4897 venialia
2223 4884 2237 4908 ,
2268 4843 2384 4897 sine
2422 4844 2613 4913 quibus
2655 4843 2770 4899 hsce
2812 4845 2918 4899 vita
2960 4861 3067 4900 non
3103 4845 3312 4901 ducitur
3342 4865 3353 4899 :
3387 4848 3463 4902 sic
3490 4839 3555 4903 ad

1974 4936 2200 4991 salutem
2246 4943 2499 4990 aeternam
2549 4935 2677 4988 nihil
2734 4943 2953 5002 prosunt
2996 4937 3155 5005 impio
3200 4936 3371 5006 aliqua
3420 4937 3556 4995 bona

1975 5042 2137 5095 opera
2155 5067 2171 5092 ,
2196 5026 2312 5081 sine
2340 5027 2531 5096 quibus
2559 5027 2868 5082 diiiicillime
2900 5027 3006 5081 vita
3033 5027 3309 5096 cujuslibet
3339 5030 3555 5099 pessimi

1976 5116 2207 5171 hominis
2236 5116 2525 5172 invenitur.
2559 5117 2933 5171 Verumtamen
2977 5119 3114 5171 sicut
3158 5117 3212 5171 in
3258 5133 3422 5188 regno
3462 5121 3555 5178 Dei

1975 5208 2120 5265 velut
2145 5209 2298 5264 stella
2324 5209 2394 5264 ab
2421 5210 2571 5263 stella
2605 5209 2654 5262 in
2686 5209 2851 5277 gloria
2880 5207 3130 5263 diﬁ‘erunt
3155 5211 3319 5264 sancti
3362 5211 3403 5281 (l
3431 5210 3552 5268 Cor.

1974 5315 2065 5365 xv,
2090 5301 2216 5371 All);
2246 5301 2325 5355 sic
2349 5309 2404 5355 et
2428 5300 2479 5353 in
2506 5299 2844 5354 damnatione
2870 5315 3039 5369 pinum
3063 5302 3398 5373 sempiterna:
3422 5303 3554 5360 tole-

1974 5391 2193 5446 rabilius
2214 5391 2315 5445 erit
2336 5390 2580 5446 Sodoma:
2604 5405 2760 5459 quam
2781 5391 2931 5446 alteri
2958 5393 3156 5447 civitati
3185 5392 3331 5464 (Luc.
3357 5411 3411 5457 x,
3437 5394 3548 5467 12),

1975 5494 2029 5539 et
2056 5494 2212 5537 erunt
2242 5482 2454 5552 quidam
2498 5483 2658 5551 duplo
2696 5484 2923 5552 amplius
2952 5485 3259 5553 quihusdam
3300 5486 3554 5554 gehennav.

1950 5574 2070 5629 ,ﬁlii
2103 5572 2311 5647 (Matth.
2341 5587 2509 5640 χχιιι,
2547 5573 2633 5645 15)
2666 5591 2678 5627 :
2713 5575 2783 5628 ita
2823 5590 2921 5630 nec
2958 5574 3086 5630 illud
3125 5577 3176 5631 in
3221 5577 3418 5647 judicio
3460 5578 3553 5633 Dei

2042 5708 2055 5737 ι
2083 5708 2155 5755 sic
2178 5714 2282 5755 Mss.
2308 5713 2363 5755 At
2387 5707 2522 5765 editi,
2547 5706 2849 5759 discutiatur.

2040 5770 2060 5799 ¹
2083 5777 2259 5817 Omnes
2282 5767 2386 5818 fere
2408 5769 2625 5820 Gallicani
2644 5778 2767 5829 Mss,
2811 5773 2989 5826 animal
3013 5768 3242 5824 rationale

2044 5832 2061 5861 ³
2086 5831 2218 5893 ιίιιὶιι,
2238 5830 2548 5882 absolcscsrr.
