4002 6178
408 377 508 433 ςιδι

410 485 643 552 vacabit,
671 477 810 553 quod
841 478 894 532 in
921 475 1034 548 ipsa
1061 470 1332 540 impietate
1358 461 1646 520 damnabili
1675 458 1844 528 magis
1869 455 2002 509 alius

411 579 519 634 alio
547 575 788 630 minusve
801 637 804 640 ἢ
817 564 1134 639 peccaverit.

487 667 574 722 49.
607 662 743 732 Quid
772 634 900 730 ergo
927 656 1050 711 hinc
1077 648 1364 722 Apostolus
1392 645 1606 700 efllcere
1634 638 1832 704 voluit,
1863 634 2006 707 quod

410 755 716 829 iactantiam
754 749 1008 806 cohibens
1047 743 1389 803 Judzeorum,
1430 748 1552 790 cum
1594 731 1850 792 dixisset,
1885 723 2008 779 Non

416 817 667 903 auditores
697 842 820 914 legis
837 840 968 912 justi
996 844 1116 892 sunt
1143 831 1280 904 apud
1309 829 1472 885 Deum
1491 868 1504 892 ,
1534 825 1623 880 sed
1648 827 1864 896 {actores
1885 817 2008 889 legis

407 935 860 1012 justiﬁcabuntur;
888 929 1143 986 continuo
1161 918 1386 994 subjecit
1404 920 1470 974 de
1490 918 1594 984 his,
1617 915 1705 986 qui
1727 915 1884 985 legem
1907 927 2009 964 non

420 1002 655 1084 habentes
673 1068 687 1091 ,
719 1021 1016 1080 naturaliter
1043 1033 1156 1089 qute
1183 1015 1306 1086 legis
1328 1020 1443 1068 sunt
1471 1010 1660 1082 faciunt
1683 1021 1702 1060 :
1728 1007 1770 1060 si
1801 1019 1907 1058 non
1935 1002 2010 1056 illi

419 1130 544 1178 sunt
565 1115 916 1188 intelligendi,
938 1113 1027 1184 qui
1057 1109 1324 1180 pertinent
1350 1103 1417 1158 ad
1439 1102 1663 1174 gratiam
1685 1093 2009 1158 Mediatoris,

419 1211 516 1267 sed
543 1209 616 1265 illi
643 1207 840 1278 potius,
869 1204 958 1274 qui
985 1215 1106 1256 cum
1126 1199 1294 1254 Deum
1325 1207 1508 1249 verum
1533 1204 1658 1245 vera
1687 1188 1882 1258 pietate
1907 1198 2011 1238 non

421 1303 620 1365 colant,
646 1275 848 1353 habent
876 1305 1050 1350 tamen
1075 1288 1317 1362 qumdam
1346 1297 1508 1354 opera
1535 1282 1673 1336 bona
1701 1278 1754 1333 in
1782 1277 1888 1332 vita
1916 1275 2014 1330 im-

426 1393 548 1464 pia?
595 1393 676 1446 An
728 1389 863 1444 forte
912 1387 1013 1440 hoc
1055 1384 1171 1453 ipso
1215 1374 1543 1450 probandum
1584 1369 1839 1435 credidit,
1874 1367 2016 1438 quod

425 1460 585 1556 supra
615 1481 854 1546 dixerat,
886 1477 1006 1548 quia
1037 1490 1138 1528 non
1168 1479 1240 1526 est
1270 1480 1598 1540 personarum
1628 1461 1848 1531 acceptio
1879 1460 2018 1528 apud

427 1551 592 1630 Deum
609 1585 629 1636 ;
657 1580 712 1626 et
751 1567 889 1640 quod
935 1573 1116 1636 postea
1145 1561 1309 1628 dixit,
1341 1557 1464 1628 quia
1493 1571 1594 1609 non
1617 1551 1919 1608 Judteorutn
1947 1558 2018 1603 est

425 1666 566 1720 Deus
599 1639 826 1725 tantum,
868 1657 956 1712 sed
997 1663 1042 1710 et
1088 1651 1323 1708 Gentium
1365 1647 1543 1719 (Rom.
1577 1659 1670 1710 ιιι,
1706 1641 1799 1713 29)
1831 1659 1844 1694 :
1877 1639 2017 1709 quod

427 1754 909 1829 quantulacumque
937 1748 1067 1818 legis
1093 1758 1256 1815 opera
1283 1737 1598 1796 naturaliter
1626 1734 1783 1789 insita
1807 1746 1911 1788 non
1940 1731 2019 1784 in-

427 1845 742 1902 venirentur
765 1843 818 1896 in
845 1839 953 1904 eis,
985 1837 1074 1908 qui
1100 1836 1270 1904 legem
1303 1845 1407 1886 non
1440 1831 1790 1896 acceperunt,
1824 1820 1926 1876 nisi
1955 1834 2021 1874 ex

430 2121 585 2178 rum?
609 2118 715 2176 Sed
735 2114 1008 2188 quodlibet
1029 2111 1220 2166 horum
1241 2101 1548 2175 accipiatur,
1571 2105 1782 2156 constat
1799 2095 2023 2166 gratiam

436 2213 530 2269 Dei
558 2184 873 2282 promissam
904 2219 1026 2262 esse
1049 2201 1391 2256 Testamento
1408 2193 1554 2249 Novo
1583 2189 1743 2245 etiam
1775 2201 1870 2256 per
1895 2184 2026 2239 Pro-

433 2277 648 2377 phetam
679 2319 694 2356 :
725 2297 1078 2365 eamdemque
1118 2289 1342 2362 gratiam
1391 2284 1446 2338 in
1495 2294 1562 2338 eo
1605 2277 1916 2339 definitam,
1969 2280 2028 2326 ut

433 2367 736 2450 scribantur
775 2387 924 2457 leges
966 2382 1059 2438 Dei
1095 2381 1148 2434 in
1189 2375 1440 2433 cordibus
1477 2367 1785 2430 hominum,
1831 2376 2025 2434 perve-

434 2483 688 2552 niantque
708 2477 774 2533 ad
791 2454 909 2534 eam
930 2471 1288 2543 cognitionem
1305 2463 1420 2530 Dei,
1440 2460 1528 2516 ubi
1551 2475 1650 2512 non
1666 2454 1858 2511 docebit
1879 2467 2028 2506 unus-

435 2541 645 2646 quisqtie
669 2569 824 2624 civem
843 2579 992 2620 suum
1004 2541 1094 2615 ecl
1121 2563 1326 2631 fratrem
1350 2567 1517 2615 suum,
1545 2549 1714 2603 dicens
1732 2586 1747 2613 ,
1774 2541 2031 2614 Cognosce

436 2664 640 2729 Deum;
669 2659 788 2730 quia
826 2669 996 2710 omnes
1034 2629 1331 2720 cognoscent
1361 2657 1471 2697 eum
1499 2655 1531 2692 a
1559 2637 1754 2691 minore
1781 2645 1936 2702 usque
1962 2629 2030 2682 ad

437 2727 690 2826 majorem
720 2763 912 2814 eorum.
955 2743 1066 2800 [loc
1093 2739 1292 2795 donum
1320 2733 1550 2805 Spiritus
1577 2727 1748 2783 sancti
1778 2730 1894 2788 est,
1923 2735 2030 2791 quo

437 2813 1010 2902 dili'uudituricharitas
1039 2833 1092 2886 in
1117 2827 1368 2886 cordibus
1396 2819 1593 2878 nostris
1623 2836 1636 2872 :
1665 2813 1897 2871 charitas
1925 2827 2030 2866 non

438 2933 708 3006 quaslibet,
735 2927 835 2984 sed
861 2925 1094 2982 charitas
1119 2919 1213 2975 Dei
1237 2916 1305 2972 de
1329 2912 1490 2970 corde
1517 2923 1650 2980 puro
1677 2917 1732 2962 et
1755 2903 2032 2960 conscien-

441 2995 514 3082 tia
537 3025 676 3081 bona
694 2995 760 3076 vet
786 3019 891 3074 fide
916 3030 1025 3071 non
1053 3013 1173 3067 ficta
1201 3008 1244 3081 (l
1271 3006 1404 3061 Tim.
1427 3020 1474 3072 ι,
1503 3002 1558 3072 5)
1578 3041 1593 3065 ,
1625 3014 1692 3055 ex
1731 3011 1832 3068 qua
1857 2995 2035 3066 justus

443 3123 497 3176 in
517 3121 620 3176 hac
644 3111 1074 3188 peregrinatione
1095 3105 1302 3166 vivens,
1329 3098 1396 3154 ad
1419 3094 1652 3167 speciem
1679 3103 1894 3160 quoque
1918 3101 2037 3158 per-

443 3178 662 3269 ducitur
682 3178 803 3278 post
829 3201 1103 3274 speculum
1144 3205 1200 3253 et
1238 3191 1464 3261 mnigma
1491 3188 1534 3254 ί,
1563 3191 1619 3240 et
1645 3178 1900 3253 quidquid
1923 3185 2038 3234 erat

444 3321 511 3362 ex
535 3267 706 3373 parte,
735 3305 794 3352 ut
819 3267 950 3349 facie
972 3291 1038 3346 ad
1069 3289 1256 3344 faciem
1283 3284 1590 3352 cognoscat,
1617 3274 1758 3330 sicut
1783 3280 1836 3326 et
1860 3267 2041 3340 cogni-

446 3359 641 3449 tus-est
671 3359 712 3461 (1
735 3384 853 3456 Cor.
881 3397 995 3446 χιιι,
1021 3378 1132 3450 12).
1158 3375 1331 3432 Unam
1358 3369 1498 3426 enim
1523 3365 1715 3438 petiit’
1739 3377 1768 3416 a
1790 3359 2037 3425 Domino,

447 3492 502 3540 et
529 3449 957 3548 hanc‘requirit,
1003 3479 1062 3526 ut
1093 3449 1365 3522 inhabitet
1405 3460 1457 3514 in
1501 3459 1662 3514 domo
1698 3449 1908 3508 Domini
1951 3462 2044 3519 per

447 3586 638 3628 omnes
660 3569 778 3625 dies
805 3565 928 3620 vita:
961 3576 1107 3624 suae,
1139 3556 1206 3612 ad
1247 3555 1348 3609 hoc
1384 3558 1442 3606 ut
1475 3542 1865 3615 contempletur
1891 3537 2038 3594 dele-

449 3662 738 3720 ctationem
765 3653 974 3712 Domini
1006 3647 1180 3722 (Psal.
1206 3659 1370 3710 xxvr,
1398 3639 1476 3714 ι).

521 3747 752 3808 CAPUT
794 3742 988 3800 xm.
1013 3719 1083 3782 ὲ-
1111 3732 1438 3794 50.1ustitia
1469 3744 1532 3784 ea:
1565 3728 1698 3781 dono
1722 3721 1840 3777 Dei.
1878 3719 2046 3776 Nemo

455 3846 636 3915 itaque
662 3839 918 3913 glorietur
946 3851 1010 3891 ex
1038 3846 1104 3888 eo
1129 3827 1271 3900 quod
1299 3823 1508 3879 videtur
1534 3817 1734 3875 habere
1754 3855 1769 3881 ,
1798 3821 2046 3882 tanquam

456 3911 564 3995 non
592 3911 863 4004 acceperit
893 3927 937 4000 (1
957 3925 1074 3981 Cor.
1100 3937 1178 3988 tv,
1204 3915 1296 3991 7);
1325 3922 1419 3970 aut
1457 3911 1578 3967 ideo
1615 3923 1676 3964 se
1715 3911 1862 3977 putet
1899 3915 2052 3957 acce-

459 4032 631 4103 pisse,
658 4000 782 4097 qu'ia
807 4022 981 4078 littera
1011 4012 1350 4072 extrinsecus
1367 4047 1384 4075 ,
1413 4003 1496 4060 vel
1525 4009 1585 4058 ut
1608 4000 1872 4070 legeretur
1891 4007 2050 4064 appa-

458 4085 598 4186 ruit,
618 4085 712 4172 ’νὲι
748 4121 810 4170 ιιι
837 4108 1112 4166 audiretur
1139 4098 1392 4158 insonuit.
1423 4094 1555 4150 Nam
1589 4091 1634 4146 si
1661 4105 1750 4160 per
1778 4087 1936 4158 legem
1953 4085 2048 4154 ju-

459 4175 598 4270 stitid
615 4251 630 4275 ,
657 4222 774 4278 ergo
799 4203 1026 4260 Christus
1055 4195 1213 4268 gratis
1241 4197 1469 4247 mortuus
1497 4194 1571 4240 est
1612 4180 1810 4255 (Colat.
1838 4194 1874 4234 ιι
1893 4217 1909 4242 ,
1933 4175 2052 4246 2|).

463 4304 630 4359 Porro
658 4307 836 4353 autem
880 4293 924 4349 si
969 4306 1074 4348 non
1112 4286 1278 4360 gratis
1315 4291 1556 4338 mortuus
1592 4285 1704 4344 est,
1735 4269 1969 4328 ascendit
2001 4269 2052 4324 in

465 4393 654 4455 alttm,
681 4386 943 4456 captivam
969 4380 1120 4436 duxit
1141 4375 1522 4447 captivitatem,
1547 4376 1604 4426 et
1631 4365 1776 4422 dedit
1799 4363 1935 4419 dona
1961 4361 2058 4416 ho-

467 4452 700 4538 minibus
729 4452 896 4546 (Prol.
923 4485 1099 4534 van,
1133 4465 1234 4532 l9;
1268 4463 1460 4533 Ephes.
1489 4475 1560 4524 tv,
1593 4457 1648 4530 8)
1682 4475 1695 4511 :
1725 4454 1848 4510 inde
1875 4452 2054 4516 habet,

467 4553 792 4645 quicumque
819 4563 996 4618 habet.
1026 4555 1277 4627 Quisquis
1299 4561 1476 4608 autem
1507 4548 1631 4604 inde
1659 4562 1717 4602 se
1743 4545 1940 4600 habere
1965 4556 2061 4598 ne-

469 4633 578 4736 gat,
606 4633 826 4715 aut-non
853 4651 1034 4714 habet,
1063 4655 1154 4704 aut
1184 4645 1236 4700 id
1260 4641 1403 4715 quod
1430 4639 1588 4695 habet
1609 4637 1879 4692 auferetur
1903 4633 1970 4688 ab
1994 4646 2060 4688 eo

471 4723 624 4826 (Luc.
651 4763 774 4817 vnt,
802 4745 888 4810 18,
917 4752 961 4798 et
985 4755 1078 4797 nx
1097 4779 1111 4805 ,
1138 4732 1432 4817 26).‘Unus
1454 4729 1596 4786 enim
1624 4728 1758 4782 Deus
1795 4725 1878 4796 qui
1907 4723 2063 4796 justi-

475 4817 594 4919 ﬁcat
630 4837 1057 4899 circumcisionem
1093 4847 1156 4886 ea:
1183 4828 1314 4901 ﬁde,
1345 4834 1394 4882 et
1431 4821 1736 4896 prwputium
1778 4835 1867 4890 per
1911 4817 2064 4884 ﬁdem

476 4907 650 5014 (Rom.
680 4949 758 4999 ιιι,
784 4932 878 5002 ’50)
908 4948 922 4984 :
951 4923 1094 4998 quod
1121 4938 1227 4978 non
1252 4918 1320 4976 ad
1342 4918 1571 4988 aliquam
1597 4909 1952 4968 diﬂ'crentiam
1979 4907 2064 4962 di-

475 5001 621 5087 ctum
641 5034 744 5094 est,
768 5001 1016 5093 tanquam
1039 5013 1182 5072 aliud
1209 5013 1279 5069 sit
1303 5027 1366 5067 ea:
1388 5009 1510 5081 ﬁde,
1533 5015 1588 5064 et
1609 5003 1751 5060 aliud
1772 5019 1861 5075 per
1883 5001 2064 5070 ﬁdem;

477 5121 574 5180 sed
598 5119 664 5174 ad
689 5091 1000 5172 varietatem
1021 5105 1327 5166 locutionis.
1355 5102 1476 5158 Alio
1497 5100 1691 5170 quippe
1715 5098 1833 5150 loco
1859 5107 1978 5148 cum
1999 5091 2068 5147 de

479 5212 740 5270 Gentibus
767 5209 990 5272 diceret,
1020 5201 1124 5258 hoc
1149 5208 1258 5265 est,
1287 5195 1354 5252 de
1379 5190 1640 5266 prmputio
1665 5207 1682 5244 ε
1713 5184 2002 5242 Prtevidens
2023 5181 2065 5247 ³,

483 5303 685 5376 inquit,
717 5299 986 5370 Scriptura
1006 5337 1021 5362 ,
1048 5293 1168 5364 quia
1205 5305 1269 5346 ea:
1303 5285 1405 5358 ﬁde
1431 5282 1681 5356 justiﬁcat
1721 5276 1903 5336 Gentes
1931 5273 2070 5328 Deus

485 5367 682 5469 (Colat.
713 5408 801 5458 ιιι,
829 5367 909 5461 ὲ).
941 5387 1180 5456 Itemque
1207 5395 1326 5438 cum
1357 5377 1423 5433 de
1451 5371 1855 5431 circumcisione
1882 5367 2071 5437 loque-

485 5457 633 5544 retur
651 5527 668 5554 ,
693 5457 835 5539 unde
862 5457 979 5536 erat
1002 5477 1154 5549 ipse:
1185 5472 1299 5528 Nos
1317 5512 1331 5537 ,
1359 5467 1555 5538 inquit,
1586 5473 1769 5518 natura
1794 5457 1966 5514 Judwi
1981 5498 1996 5525 ,
2028 5465 2074 5510 et

486 5597 588 5638 non
685 5571 927 5632 Gentibus
946 5577 1248 5642 peccatores,
1267 5563 1476 5618 scientes
1499 5558 1618 5629 quia
1642 5571 1741 5610 non
1760 5551 2076 5624 jttsli/icntur

552 5713 570 5745 ¹
597 5711 728 5774 Αιυιιά
749 5714 882 5774 ‘19th

553 5732 570 5745 '
597 5732 728 5774 npuu
752 5732 882 5764 wh,
902 5732 1175 5763 νωιυυηυυκ..

552 5775 576 5806 ¹
607 5767 822 5823 Nonnulli
843 5772 972 5822 ωειλ,
992 5759 1126 5823 petit.
1164 5777 1180 5790 υ

559 5835 582 5872 s
607 5809 824 5893 Ηιίἰῖῖὲὶ
847 5809 1132 5892 adﬁciens.
1157 5814 1454 5875 alariusct‘il’li
1478 5824 1574 5862 9°“
1594 5809 1793 5859 haben“
1823 5811 1890 5855 ω’

1345 355 1434 410 DE
1463 347 1730 409 SPIRITU
1774 340 1860 402 ET
1902 339 2218 404 LITTERA,
2261 340 2316 392 S.
2364 333 2727 392 AUGUSTlNl

3590 328 3695 383 232

3557 395 3570 402 Α

2109 453 2254 504 homo
2289 465 2349 503 ex
2375 447 2605 518 operibus
2631 448 2752 515 legis
2773 485 2786 509 ,
2816 443 2911 496 nisi
2937 457 3023 511 per
3049 441 3198 508 ﬁdem
3224 437 3353 492 Iesu
3383 437 3602 503 Christi,
3645 450 3696 494 et

2109 557 2198 596 nos
2213 540 2264 593 in
2283 535 2725 594 Cltristunthsu‘m
2741 533 2990 587 credimus
3007 527 3206 601 (Colat.
3230 544 3286 595 ιι,
3313 527 3400 594 15,
3421 526 3533 592 16).
3557 528 3700 584 Ecce

2105 639 2160 685 et
2187 625 2500 700 praeputium
2529 625 2663 681 dixit
2688 623 2960 696 iustiﬁcari
2989 636 3053 677 ex
3087 620 3188 676 fide
3207 660 3222 687 ,
3251 627 3305 676 et
3331 619 3699 675 circumcisio-

2111 736 2232 774 nem
2265 733 2359 788 per
2390 717 2546 771 [idem
2567 758 2580 782 ,
2613 717 2658 770 si
2699 726 2872 770 tamen
2911 711 3246 767 circumcisio
3279 711 3538 781 justitiam
3576 710 3699 766 fidei

2111 811 2348 869 teneat‘.
2379 811 2467 866 Sic
2504 808 2645 863 enim
2686 805 2868 862 Gentes
2903 821 3018 876 qute
3053 820 3154 858 non
3193 801 3514 857 sectabantur
3542 802 3703 870 justl-

2112 909 2265 973 timn,
2307 903 2746 976 apprehenderunt
2775 899 3060 972 justitiam,
3093 895 3350 967 justitiam
3387 903 3554 947 autent
3587 909 3706 962 qua:

2112 1015 2174 1053 ea:
2198 997 2298 1066 ﬁde
2321 1005 2392 1050 est
2415 1011 2433 1050 :
2454 991 2787 1064 impetrando
2806 1005 2924 1045 eam
2944 1003 3010 1044 ex
3035 988 3162 1054 Deo,
3186 1001 3293 1040 non
3313 1001 3376 1040 ex
3398 985 3708 1054 semetipsis

2113 1086 2506 1160 pnesumendo.
2537 1084 2702 1138 Israel
2729 1098 2844 1136 vero
2873 1093 3170 1150 persequens
3194 1077 3352 1148 legem
3370 1075 3622 1147 justitite,
3652 1076 3709 1128 in.

2115 1183 2271 1251 legem
2294 1179 2510 1250 justititc
2538 1193 2638 1232 non
2667 1173 2906 1246 pervenit.
2943 1169 3149 1236 Quare?
3191 1168 3324 1236 Quia
3361 1184 3462 1221 non
3489 1183 3552 1220 ea:
3578 1165 3704 1234 ﬁde,

2114 1271 2203 1324 sed
2227 1282 2465 1340 tanquant
2490 1283 2553 1323 ea:
2574 1266 2805 1338 operibus
2831 1261 3004 1334 (Rom.
3021 1277 3102 1328 ιχ,
3126 1261 3214 1326 '50,
3236 1259 3326 1329 5|)
3351 1275 3364 1310 :
3388 1257 3440 1310 id
3460 1265 3560 1320 est,
3591 1266 3709 1310 tan-

2115 1378 2274 1432 quam
2303 1377 2420 1416 cam
2453 1375 2546 1430 per
2580 1356 2896 1425 semctipsos
2931 1362 3248 1422 operantes,
3281 1364 3385 1404 non
3418 1349 3468 1402 in
3497 1363 3556 1402 se
3584 1363 3707 1401 cre-

2118 1455 2306 1508 dentes
2345 1449 2555 1521 operari
2589 1449 2771 1502 Deum.
2815 1444 2952 1498 Deus
2992 1451 3063 1496 est
3101 1443 3232 1495 enim
3265 1439 3352 1510 qui
3388 1447 3626 1510 aperatur
3654 1439 3709 1490 in

2118 1543 2260 1598 nobis
2287 1553 2333 1596 et
2360 1541 2485 1595 uelle
2513 1547 2556 1593 et
2587 1535 2820 1607 operari,
2863 1550 2954 1604 pro
2983 1531 3113 1585 bona
3150 1531 3404 1584 voluntate
3445 1526 3708 1598 (Philipp.

2121 1651 2189 1703 tt,
2220 1635 2332 1703 15).
2365 1634 2441 1688 Ac
2477 1646 2569 1700 per
2597 1631 2697 1682 hoc
2723 1626 3041 1694 offenderunt
3077 1623 3129 1676 in
3169 1621 3391 1692 lapidem
3418 1617 3712 1687 oﬁ'eusionis

2123 1725 2296 1795 (Rom.
2322 1739 2394 1788 IX,
2423 1721 2536 1794 5‘2).
2563 1719 2693 1774 Nam
2721 1717 2846 1788 quid
2873 1714 3086 1780 dixerit,
3112 1712 3230 1784 quia
3261 1727 3362 1766 non
3385 1726 3449 1766 ea:
3472 1709 3593 1780 ﬁde,
3621 1719 3714 1764 sed

2123 1827 2363 1885 tanquam
2401 1829 2464 1868 ex
2495 1811 2764 1881 operibus;
2807 1805 3143 1877 apertissime
3185 1801 3463 1874 exposuit,
3502 1800 3712 1867 dicens,

2124 1906 2425 1976 Ignorantes
2453 1901 2586 1956 enim
2614 1899 2710 1952 Dei
2734 1897 3002 1968 justitiam,
3033 1903 3079 1948 et
3109 1909 3257 1947 suam
3285 1890 3500 1945 volentes
3524 1889 3718 1943 consti-

1997 2030 2022 2042 -
2125 2005 2293 2060 tuere,
2315 1991 2533 2064 justitiaz
2557 1989 2652 2044 Dei
2681 2003 2781 2041 non
2808 1993 2922 2040 sunt
2950 1983 3182 2055 subjecti.
3226 1979 3378 2034 Finis
3415 1978 3548 2032 enim
3585 1978 3720 2049 legis

2125 2085 2372 2148 Christus,
2402 2081 2469 2136 ad
2487 2079 2742 2152 justitiam
2789 2075 2928 2131 omni
2969 2073 3189 2128 credenti
3219 2069 3332 2142 (Id.
3357 2084 3425 2135 x,
3452 2070 3506 2134 3,
3535 2065 3614 2140 4).
3646 2067 3718 2122 Et

2125 2177 2300 2231 adhuc
2333 2173 2638 2228 dubitamus
2663 2182 2781 2238 quae
2810 2165 2916 2220 sint
2942 2177 3104 2235 opera
3143 2161 3273 2234 legis
3293 2200 3310 2227 ,
3335 2159 3526 2230 quibus
3551 2157 3717 2212 homo

2127 2283 2232 2322 non
2253 2263 2592 2335 iustiﬁcatur,
2621 2259 2665 2314 si
2691 2272 2755 2314 ea
2783 2265 3030 2325 tanquam
3055 2267 3150 2306 sua
3172 2249 3456 2306 crediderit
3480 2247 3596 2302 sine
3621 2246 3721 2301 ad-

2122 2354 2323 2427 jutorio
2347 2361 2404 2408 et
2429 2351 2571 2408 dono
2595 2348 2718 2413 Dei,
2753 2345 2894 2416 quod
2923 2353 3007 2400 est
3033 2359 3095 2398 ea:
3121 2341 3224 2412 ﬁde
3246 2339 3374 2396 Iesu
3396 2338 3625 2396 Christi?
3660 2350 3724 2393 et

2127 2444 2590 2503 circumeisionem
2651 2447 2953 2507 carituraque
3013 2433 3134 2490 talia
3183 2431 3547 2502 suspicamur,
3593 2429 3721 2498 quia

2125 2538 2290 2594 etiam
2322 2534 2389 2590 de
2419 2532 2502 2588 his
2539 2527 2891 2586 sacramentis
2927 2525 3044 2579 aliis
3076 2524 3128 2578 in
3157 2521 3290 2578 locis
3327 2520 3452 2575 talia
3478 2517 3724 2590 quasdam

2131 2624 2416 2700 leguntur?
2454 2622 2561 2678 Sed
2602 2620 2686 2674 hic
2727 2617 2908 2686 utique
2928 2617 2950 2647 ⁸
2977 2630 3081 2670 non
3111 2609 3568 2668 circumcisionem
3600 2617 3724 2662 tan-

2131 2735 2295 2795 quam
2337 2731 2488 2772 suam
2529 2713 2784 2786 justitiam
2830 2709 3079 2766 volebant
3119 2703 3484 2760 constituere:
3515 2699 3638 2770 quia
3666 2709 3728 2754 et

2133 2791 2303 2884 ipsam
2332 2807 2476 2864 Deus
2503 2801 2858 2876 prmeipiendo
2898 2795 3190 2855 constituit.
3227 2792 3338 2848 Nec
3365 2792 3432 2848 de
3457 2791 3561 2845 illis
3588 2805 3725 2858 ope-

2135 2878 2284 2958 ribus
2303 2899 2407 2954 hoc
2432 2895 2649 2964 intelligi
2678 2899 2872 2964 potest,
2899 2889 2966 2944 de
2985 2886 3178 2958 quibus
3200 2881 3456 2938 Dominus
3473 2879 3552 2935 eis
3571 2878 3724 2941 dicit,

2135 2991 2367 3064 Rejicitis
2395 2989 2686 3045 mandatum
2718 2984 2846 3052 Dei,
2879 2992 2932 3036 ut
2963 2979 3254 3034 traditiones
3280 2983 3467 3030 uestras
3492 2971 3728 3028 statuatis

2137 3061 2350 3160 (lfatth.
2377 3097 2467 3147 xv,
2495 3081 2563 3145 5,
2604 3087 2650 3131 et
2681 3074 2846 3130 Marc.
2874 3089 2974 3136 vn,
3003 3069 3078 3142 9).
3110 3066 3244 3136 Quia
3281 3079 3608 3153 persequens,
3637 3061 3728 3116 in-

2137 3131 2270 3248 quit,
2303 3131 2467 3244 legeni
2489 3131 2727 3242 ju'stitite,
2755 3167 2806 3220 in
2833 3131 2990 3236 legem
3019 3131 3234 3234 justitia:
3257 3131 3360 3211 non
3384 3131 3605 3226 perfvenit
3634 3150 3726 3207 Is-

2138 3245 2247 3324 rael
2273 3283 2292 3322 :
2320 3281 2426 3339 non
2455 3263 2617 3327 dixit,
2649 3261 2986 3339 Persequens
3017 3252 3325 3309 traditiones
3352 3261 3508 3314 suas,
3540 3245 3593 3301 id
3622 3253 3728 3312 est,

2141 3336 2476 3415 consectans.
2508 3352 2635 3408 llazc
2658 3336 2787 3420 ergo
2815 3348 2927 3402 sola
2955 3343 3203 3400 distantia
3227 3348 3340 3405 est,
3376 3339 3500 3408 quia
3531 3336 3730 3406 ipsum,

2107 3476 2114 3488 -
2148 3449 2266 3504 Non
2304 3443 2626 3515 concupisces
2663 3438 2856 3512 (Exod.
2893 3451 2967 3492 xx
2989 3477 3005 3503 ,
3034 3434 3121 3506 l7)
3141 3473 3157 3500 ,
3185 3441 3238 3488 et
3263 3438 3457 3486 cratera
3481 3424 3732 3482 mandata

2144 3544 2261 3613 ejus
2303 3546 2485 3595 sancta
2531 3543 2585 3591 ct
2630 3534 2766 3588 bona
2805 3530 2904 3586 sibi
2945 3528 3288 3584 tribuebant:
3318 3536 3436 3592 qua:
3471 3527 3530 3573 ut
3565 3516 3737 3588 possit

2149 3637 2308 3690 homo
2331 3629 2530 3694 facere,
2559 3625 2705 3680 Deus
2729 3628 2977 3692 operatur
3001 3619 3052 3672 in
3076 3611 3290 3671 homine
3316 3627 3410 3682 per
3431 3609 3587 3664 fidem
3606 3607 3735 3662 Jesu

2147 3719 2372 3786 Christi,
2401 3718 2490 3788 qui
2521 3714 2641 3770 linis
2666 3721 2750 3770 est
2789 3711 2856 3766 ad
2891 3709 3148 3780 justitiam
3187 3703 3332 3759 omni
3370 3699 3639 3764 credenti;
3682 3697 3736 3752 id

2149 3825 2229 3871 cst
2250 3855 2264 3878 ,
2293 3813 2380 3868 cui
2399 3811 2419 3843 ³
2446 3825 2542 3880 per
2566 3805 2811 3876 spiritum
2852 3803 3223 3869 incorporatus
3263 3793 3534 3862 factusque
3562 3803 3738 3844 mem-

2153 3910 2302 3964 brum
2343 3904 2492 3976 eius,
2524 3905 2701 3972 potest
2727 3896 2952 3966 quisque
2995 3891 3088 3946 illo
3127 3889 3514 3945 incrementum
3544 3880 3739 3936 intrin-

2151 4015 2306 4058 secus
2351 3972 2548 4060 dante,
2595 3987 2805 4062 operari
2843 3983 3102 4057 justitiam
3134 3997 3148 4035 :
3186 3978 3254 4034 de
3295 3976 3448 4046 cujus
3488 3972 3741 4043 operibus

2153 4092 2314 4148 etiam
2355 4089 2470 4160 ipse
2515 4081 2682 4150 dixit,
2724 4078 2849 4151 quia
2888 4075 2998 4131 sine
3041 4088 3119 4126 me
3161 4068 3288 4124 nihil
3331 4065 3532 4138 potestis
3577 4063 3742 4132 facere

2155 4181 2334 4253 (Joan.
2364 4192 2457 4243 xv,
2487 4175 2562 4246 5).

2226 4273 2320 4330 51.
2350 4268 2476 4324 Ideo
2501 4243 2698 4336 quippe
2722 4257 3034 4331 proponitur
3054 4252 3259 4325 justitia
3287 4248 3421 4320 legis
3439 4288 3456 4314 ,
3482 4243 3622 4317 quod
3651 4243 3742 4314 qui

2159 4363 2342 4421 fecerit
2360 4375 2500 4426 eam,
2519 4335 2663 4412 vivet
2687 4356 2740 4410 in
2767 4352 2856 4407 illa
2878 4348 3058 4422 (Leuit.
3083 4361 3237 4408 xvnt,
3261 4343 3351 4414 5);
3379 4350 3438 4395 ut
3460 4353 3581 4394 eum
3601 4335 3749 4406 quis-

2157 4472 2262 4527 que
2291 4451 2651 4510 infirmitatem
2681 4459 2830 4501 suam
2867 4437 3175 4512 cognoverit
3195 4479 3210 4500 ,
3249 4450 3354 4490 non
3385 4447 3480 4503 per
3506 4445 3628 4485 suas
3663 4428 3746 4482 vi-

2159 4520 2276 4613 res,
2305 4557 2482 4614 neque
2523 4554 2618 4610 per
2659 4537 2888 4592 litteram
2926 4531 3091 4602 ipsius
3121 4527 3284 4598 legis,
3315 4521 3456 4594 quod
3497 4520 3609 4576 fieri
3641 4533 3750 4573 non

2161 4645 2366 4711 potest,
2393 4633 2486 4690 sed
2528 4646 2623 4702 per
2667 4628 2824 4683 (idem
2861 4621 3152 4680 concilians
3190 4616 3592 4689 justiticatorem
3627 4627 3755 4681 per-

2163 4700 2376 4793 veniat,
2404 4733 2458 4780 et
2481 4700 2678 4784 faciat,
2705 4725 2760 4773 et
2784 4715 2924 4770 vivat
2950 4713 3004 4768 in
3032 4726 3114 4766 ea.
3143 4709 3290 4778 Opus
3311 4705 3452 4761 enim
3489 4700 3630 4770 quod
3663 4700 3755 4769 qui

2164 4791 2384 4886 fecerit,
2415 4815 2556 4871 vivet
2580 4812 2634 4868 in
2662 4825 2758 4876 eo,
2791 4821 2896 4862 non
2931 4805 2989 4860 fit
3020 4803 3120 4858 nisi
3150 4817 3178 4854 a
3207 4799 3511 4870 justiticato.
3552 4791 3752 4849 Justiti-

2166 4911 2306 4966 catio
2333 4884 2506 4962 autem
2537 4919 2602 4959 ex
2631 4899 2735 4954 fide
2761 4898 3074 4966 impetratur
3103 4910 3115 4946 :
3145 4891 3212 4945 de
3237 4903 3342 4959 qua
3369 4884 3625 4954 scriptum
3650 4889 3756 4946 est,

2169 4999 2254 5055 Ne
2277 4997 2462 5052 dixeris
2489 4996 2542 5048 in
2569 4993 2720 5046 corde
2746 4999 2830 5042 tuo
2849 5029 2863 5050 ,
2897 4984 3025 5052 Quis
3061 4980 3285 5036 ascendit
3323 4979 3375 5032 in
3415 4973 3634 5030 caelum?
3665 4975 3763 5026 hoc

2169 5101 2240 5146 est
2265 5089 2518 5144 Christum
2545 5081 2788 5136 deducere
2816 5093 2833 5131 :
2863 5077 2958 5130 Aut
2991 5074 3101 5144 quis
3133 5068 3382 5126 descendit
3410 5064 3766 5136 in-abyssum.’

2173 5183 2266 5236 hoc
2304 5187 2376 5234 est
2415 5175 2666 5232 Christum
2697 5189 2728 5224 a
2770 5169 2978 5222 mortuis
3021 5163 3273 5218 reducere.
3308 5158 3413 5214 Sed
3441 5157 3560 5227 quid
3597 5155 3767 5208 dicit?

2176 5273 2347 5342 Prope
2369 5279 2416 5323 te
2440 5277 2510 5322 est
2535 5264 2736 5319 verbum
2757 5261 2810 5314 in
2835 5275 2922 5312 ore
2945 5265 3050 5320 ttto,
3074 5264 3120 5308 et
3149 5254 3198 5306 in
3221 5249 3372 5306 corde
3395 5257 3480 5302 tuo
3505 5263 3521 5300 :
3548 5247 3644 5300 hoc
3665 5255 3762 5312 est,

2175 5364 2365 5435 inquit,
2388 5358 2587 5415 verbum
2615 5357 2731 5427 ﬁdei
2755 5355 2892 5428 quod
2917 5353 3250 5424 praedicamus
3273 5366 3290 5402 :
3315 5347 3434 5417 quia
3457 5345 3502 5399 si
3521 5343 3760 5412 conﬁtea~

2175 5458 2246 5512 ris
2273 5457 2324 5509 in
2351 5469 2437 5508 ore
2461 5462 2544 5506 tuo
2571 5449 2690 5520 quia
2723 5446 2970 5501 Dominus
3002 5453 3073 5498 est
3104 5443 3254 5497 Iesus
3275 5481 3289 5504 ,
3325 5449 3370 5493 et
3409 5435 3686 5492 credideris
3713 5435 3767 5488 in

2249 5609 2264 5644 ι
2298 5608 2520 5670 Plerique
2543 5611 2668 5664 Mss,
2693 5599 2934 5670 justitiam
2965 5597 3048 5648 Dei
3071 5599 3240 5648 teneat.

2245 5673 2264 5703 ¹
2297 5658 2506 5727 Quatu'or
2523 5658 2758 5721 Mss..’s'ed
2783 5660 2834 5711 hi
2855 5658 3033 5723 utique.

2186 5733 2268 5859 qu;
2299 5714 2435 5792 Ᾰρᾱίι
2455 5714 2559 5776 im.
2597 5714 2756 5784 deest,
2783 5735 2895 5784 cut;
2931 5714 2982 5771 et
3022 5721 3130 5783 ejus
3161 5717 3270 5768 loco
3307 5715 3430 5780 apud
3462 5719 3528 5764 Er.
3562 5714 3777 5774 legitur,
