4002 6178
279 232 391 288 B3

270 349 428 400 corde
449 356 536 400 tuo
564 349 685 419 quia
714 348 847 406 Deus
875 352 1019 408 illum
1056 357 1311 412 suscitavit
1348 377 1379 413 a
1418 366 1627 420 mortuis
1648 406 1662 430 ,
1703 371 1874 426 salvus

270 437 372 490 ais
402 437 581 505 (Rom.
607 455 662 505 ι,
690 441 834 511 5-9).
865 443 919 497 In
948 452 1151 500 tantum
1176 448 1373 517 justus,
1402 453 1454 506 iu
1481 465 1735 524 quantum
1762 462 1871 514 sal-

269 542 385 581 vus.
425 528 524 583 Per
553 530 692 586 hanc
716 535 856 588 enim
892 536 1048 592 fidem
1086 540 1384 609 credimus,
1413 546 1739 615 quodetiam
1772 570 1870 609 nos

266 618 409 673 Dens
435 635 464 673 a
488 625 716 677 mortuis
740 626 937 682 excitet
966 645 978 681 :
1009 629 1218 684 interim
1240 634 1451 702 spiritu,
1479 645 1534 691 ut
1560 638 1611 693 in
1634 642 1868 699 novitate

260 711 378 778 ejus
400 716 591 782 gratia:
614 725 976 786 temperanter
998 731 1052 775 et
1070 722 1217 791 juste
1241 734 1295 779 et
1322 727 1406 796 pie
1430 729 1669 786 vivamus
1692 733 1741 788 in
1765 734 1866 792 hoc

259 804 465 857 sa‘culn
493 803 624 873 (Tit.
660 822 733 871 ιι,
768 807 856 877 12)
882 824 897 873 ;
927 819 1049 879 post
1081 813 1241 867 etiam
1278 831 1437 872 carne
1466 828 1645 875 nostra
1673 824 1738 878 ad
1768 825 1865 880 im-

259 896 650 952 mortalitatem
689 911 1083 965 rcsurrectura,
1124 904 1265 973 quod
1299 915 1382 961 est
1419 909 1664 965 meritum
1701 915 1860 984 Spiri—

258 994 343 1036 tus
366 986 408 1048 ⁸,
451 988 543 1054 qui
588 1004 707 1043 eam
755 991 806 1043 in
856 995 1248 1051 resurrectione
1299 998 1398 1054 sibi
1455 1016 1718 1071 congrua.
1758 1008 1859 1064 hoc

253 1086 366 1139 cst,
403 1077 455 1130 in
478 1068 865 1147 justificatioue
893 1086 1166 1152 praecedit.
1195 1087 1487 1158 Consepulti
1521 1095 1651 1149 enim
1682 1108 1873 1154 sumus'

251 1164 456 1221 Christo
489 1186 581 1237 per
608 1169 930 1239 Baptismuni
971 1176 1025 1229 in
1067 1186 1275 1232 mortem
1295 1220 1309 1244 ,
1350 1190 1406 1234 ut
1434 1184 1855 1249 quemadmodum

251 1257 487 1313 Cluistus
517 1265 793 1317 resurrexit
819 1281 850 1317 a
876 1268 1084 1321 mortuis
1111 1285 1200 1337 per
1221 1268 1441 1340 gloriam
1475 1272 1645 1330 Patris
1663 1317 1678 1340 ,
1709 1279 1781 1332 sic
1805 1290 1853 1333 et

248 1366 342 1402 nos
391 1351 442 1403 in
489 1354 712 1408 nouitate
750 1356 864 1409 vita:
902 1357 1214 1413 ambulemus
1265 1359 1438 1434 (ﬂant.
1475 1381 1557 1431 vt,
1598 1365 1677 1440 4).
1720 1370 1851 1426 Fide

248 1438 410 1507 igitur
444 1441 573 1495 Jcstt
613 1444 810 1500 Christi
850 1448 1196 1518 impetramus
1229 1454 1478 1519 salutem.
1506 1467 1559 1513 et
1594 1471 1847 1529 quantum

246 1531 402 1584 nobis
437 1532 723 1589 inchoatur
763 1536 813 1589 in
853 1553 938 1600 re,
983 1549 1036 1592 et
1080 1553 1335 1610 quantum
1380 1548 1702 1615 perficienda
1747 1569 1842 1607 cx-

242 1630 517 1687 spectatur
560 1625 612 1677 in
651 1640 764 1694 spe.
812 1626 987 1682 Omnis
1022 1631 1154 1684 enim
1195 1635 1280 1703 qui
1318 1634 1617 1694 invocaverit
1661 1658 1841 1699 nomen

246 1709 488 1776 Domini,
516 1715 687 1770 salvus
715 1718 808 1769 erit
839 1716 981 1788 (Joel
1007 1736 1070 1785 ll,
1098 1722 1200 1787 52;
1241 1725 1389 1779 Rom.
1419 1743 1454 1783 ι
1472 1770 1487 1795 ,
1525 1731 1634 1801 15).
1676 1733 1841 1797 Quam

241 1805 399 1857 multa
420 1808 714 1870 multitudo,
738 1810 810 1862 ait
829 1812 1131 1880 Psalmista,
1156 1816 1439 1874 dulcedinis
1459 1830 1576 1887 luat,
1600 1823 1834 1892 Domine,

239 1911 388 1961 quam
414 1899 728 1953 abscondisti
755 1902 1039 1956 timentibus
1063 1915 1129 1971 te,
1159 1911 1410 1980 perfecisti
1436 1923 1604 1968 autent
1628 1932 1838 1984 sperau-

241 1985 368 2039 tibus
396 1987 448 2039 in
485 1997 534 2041 te
563 1986 735 2059 (Psal.
768 2007 871 2045 xxx
893 2033 908 2056 ,
934 1992 1063 2062 20)!
1095 1996 1172 2050 Ex
1207 1997 1321 2068 lege
1353 2001 1601 2061 timemus
1629 2006 1792 2062 Deum
1815 2051 1829 2075 ,

237 2090 296 2128 ex
346 2075 450 2131 fide
490 2093 772 2148 speramus
806 2082 860 2137 in
891 2084 1057 2139 Deum
1087 2102 1101 2139 :
1130 2087 1224 2142 scd
1267 2091 1577 2149 timentibus
1617 2112 1830 2167 pinnam

234 2165 581 2222 absconditur
617 2171 807 2239 gratia.
855 2172 965 2228 Sub
1002 2191 1109 2245 quo
1139 2177 1329 2236 timore
1356 2182 1531 2238 anima
1550 2165 1825 2256 laborans,

231 2258 445 2325 quando
479 2264 967 2331 concupiscentiam
1004 2268 1196 2323 malam
1238 2288 1344 2328 non
1372 2274 1588 2339 vicerit,
1620 2294 1718 2336 nec
1758 2283 1827 2336 ti-

230 2363 348 2401 mor
373 2350 462 2405 ille
490 2353 643 2420 quasi
675 2361 856 2408 custos
884 2372 1103 2412 severus
1140 2360 1493 2431 abscesserit;
1530 2382 1629 2438 per
1665 2370 1823 2427 fidem

227 2441 496 2512 Confugiat
538 2444 605 2497 ad
649 2447 1061 2505 miscricordiam
1106 2452 1231 2519 Dei,
1261 2465 1322 2511 ut
1349 2456 1442 2513 det
1472 2461 1614 2530 quod
1646 2462 1817 2534 jubet,

226 2540 383 2599 atque
425 2534 725 2603 inspirala’
765 2540 946 2607 gratia:
985 2542 1246 2599 suavitate
1286 2562 1381 2614 per
1410 2546 1665 2618 Spiritum
1694 2570 1820 2610 san-

225 2629 365 2675 ctum
393 2622 554 2678 faciat
580 2627 700 2697 phis
725 2627 988 2685 delectare
1016 2633 1157 2702 quod
1191 2636 1460 2706 praecipit,
1486 2656 1644 2710 quam
1673 2644 1819 2701 dele-

222 2720 331 2765 ctat
348 2714 492 2782 quod
516 2720 754 2783 impedit.
781 2717 853 2772 lta
877 2723 1038 2776 multa
1062 2724 1342 2782 multitudo
1364 2727 1659 2790 dulcedinis
1678 2736 1814 2806 ejus,

224 2801 323 2857 hoc
348 2815 453 2868 est,
484 2807 567 2861 lea
598 2808 741 2869 fidei.
769 2810 885 2866 clla:
901 2812 1000 2868 itas
1024 2814 1141 2884 ejus
1166 2820 1463 2891 conscripta
1488 2823 1541 2878 in
1563 2828 1816 2885 cordibus

219 2902 374 2961 atque
400 2896 615 2964 dili'usa,
653 2900 922 2969 perficitur
950 2907 1289 2975 sperantibus
1312 2910 1365 2966 in
1392 2927 1513 2968 eum
1539 2914 1580 2982 ³,
1611 2924 1671 2972 ιιι
1696 2921 1813 2974 ani-

220 3000 301 3038 ma
345 2997 528 3041 sanata
579 3006 685 3046 non
739 2993 927 3049 timore
975 3010 1180 3066 ptentc,
1228 3001 1321 3055 sed
1368 3017 1551 3061 amore
1585 3005 1808 3077 justith

222 3089 285 3145 ap
303 3087 465 3132 'retur
493 3080 713 3137 bonum.

280 3165 506 3223 CAPUT
546 3170 715 3227 XXX.
756 3205 815 3217 ~
863 3177 952 3233 52.
1004 3179 1083 3235 Αη
1138 3195 1398 3242 evacuetur
1426 3188 1634 3247 liberum
1662 3196 1801 3250 arbi-

220 3256 365 3309 trium
391 3276 483 3325 ρει·
505 3265 743 3330 gratiam.
787 3265 1038 3326 Liberum
1076 3288 1204 3343 ergo
1247 3278 1523 3336 arbitrium
1563 3298 1792 3341 evacua-

214 3360 331 3402 mns
358 3364 458 3420 per
493 3352 762 3421 gratiam?
807 3357 961 3413 Absit
1002 3378 1016 3414 :
1049 3364 1142 3418 sed
1188 3371 1355 3437 magis
1387 3370 1613 3429 liberum
1654 3378 1797 3433 orbi-

211 3438 366 3492 trium
396 3445 701 3497 statuimus.
731 3445 879 3503 Sicut
899 3451 1040 3505 enim
1079 3454 1161 3508 lex
1188 3472 1283 3526 per
1312 3458 1468 3515 fidem
1491 3462 1668 3536 (Rom.
1714 3484 1790 3536 tu,

210 3525 321 3596 3|),
351 3530 431 3584 sic
469 3532 697 3588 liberum
721 3538 997 3594 arbitrium
1033 3558 1128 3612 per
1149 3547 1371 3614 gratiam
1415 3568 1520 3607 non
1560 3570 1791 3611 evacua-

208 3625 309 3683 tur,
338 3621 434 3675 sed
460 3626 731 3680 statuitur.
764 3628 947 3701 Neque
974 3635 1116 3690 enim
1149 3637 1235 3693 lex
1267 3640 1519 3711 impletur
1554 3648 1695 3703 nisi‘
1721 3652 1789 3706 lio

204 3708 330 3765 hero
368 3714 594 3771 arbitrio
637 3735 652 3773 :
699 3720 795 3775 sed
836 3737 929 3791 per
958 3724 1127 3797 legem
1174 3708 1407 3801 cognitio
1435 3740 1660 3809 peccati,
1693 3758 1790 3812 per

206 3801 359 3858 ﬁdem
412 3805 716 3875 itnpetratio
760 3815 942 3882 gratia:
987 3827 1172 3874 contra
1205 3801 1498 3896 peccatum,
1539 3846 1635 3900 per
1656 3849 1783 3904 gra-

202 3894 321 3949 tiam
347 3898 559 3952 sanatio
582 3902 776 3957 anima:
821 3919 850 3957 a
900 3908 1028 3963 vitio
1060 3914 1315 3981 peccati",
1354 3931 1449 3987 per
1475 3922 1668 3978 animae
1698 3942 1784 3981 sa-

199 3984 418 4040 nitatem
448 3989 668 4048 libertas
706 3994 932 4063 arbitrii,
963 4012 1061 4066 per
1100 4000 1323 4060 liberum
1355 3984 1655 4069 varbitrium
1694 4017 1780 4086 ju-

196 4077 346 4133 stitize
376 4079 615 4150 dilectio,
632 4098 729 4152 per
746 4085 969 4155 iustitia:
992 4091 1332 4151 dilectionem
1361 4099 1491 4170 legis
1517 4109 1775 4174 operatio.

194 4167 267 4220 Ac
309 4170 555 4237 pet-hoc,
586 4174 725 4229 sicut
763 4176 847 4232 lex
894 4195 999 4234 non
1040 4198 1347 4254 evacuatur,
1392 4193 1487 4248 sed
1526 4200 1776 4257 statuitur

194 4270 284 4325 per
309 4259 496 4325 ﬁdem,
537 4265 659 4333 quia
702 4266 835 4323 fides
860 4271 1108 4341 impetrat
1134 4280 1383 4347 gratiam,
1416 4301 1519 4355 qua
1558 4288 1643 4345 lex
1671 4291 1773 4347 im-

194 4347 442 4414 pleatur:
488 4353 559 4407 ita
608 4356 836 4413 liberum
875 4363 1150 4421 arbitrium
1198 4384 1304 4425 non
1344 4387 1633 4434 evacuatur
1679 4398 1775 4453 per

188 4443 431 4509 gratiam,
458 4446 555 4499 sed
583 4451 855 4518 statuitur,
886 4455 1009 4524 quia
1035 4460 1205 4528 gratia
1232 4476 1385 4520 sanat
1413 4443 1766 4543 voluntatem,

184 4545 282 4599 qua
318 4533 530 4603 justitia
580 4539 745 4596 libere
787 4542 1056 4616 diligatur.
1089 4548 1276 4609 Omnia
1308 4554 1423 4613 lucc
1463 4577 1582 4632 qua:
1622 4533 1768 4623 velui

184 4625 463 4679 cucuatim
511 4632 758 4697 connexi,
790 4633 986 4691 habent
1014 4655 1172 4698 voces
1211 4659 1335 4700 suas
1377 4649 1430 4704 in
1472 4652 1765 4725 Seripturis

184 4716 397 4769 sanctis.
425 4717 535 4773 Lex
560 4720 691 4775 dicit
726 4740 740 4775 :
784 4724 907 4781 Non
950 4735 1271 4805 concupisces
1296 4738 1488 4809 (Exod.
1519 4716 1612 4811 xx,
1646 4750 1760 4821 17).

1110 4802 1117 4805 .
1303 4802 1313 4809 .
1597 4802 1610 4811 ι
1716 4802 1755 4821 ιν

182 4802 332 4861 Fides
360 4808 492 4863 dicit
530 4828 544 4863 :
576 4812 720 4866 Sana
772 4818 994 4874 animam
1041 4840 1223 4889 meam,
1269 4833 1508 4898 quoniam
1558 4842 1763 4905 peccavi

176 4895 255 4947 tibi
284 4896 458 4967 (Psal.
500 4916 591 4966 XL,
636 4904 713 4974 5).
746 4904 927 4963 Gratia
952 4911 1078 4967 dicit
1107 4933 1119 4968 :
1155 4895 1291 4971 Ecce
1311 4937 1465 4978 sanus
1493 4895 1658 4994 factus
1681 4947 1754 4996 es,
1774 4970 1793 4985 .

166 4988 269 5051 jam
294 4992 404 5049 noli
430 5009 662 5060 peccare,
695 5012 758 5051 ne
784 5000 910 5069 quid
928 5003 1013 5057 tibi
1040 5005 1259 5063 deterius
1280 5015 1537 5087 contingat
1573 5020 1751 5091 (Joan.

171 5090 216 5135 ν,
254 5080 360 5149 ιι).
391 5083 606 5138 Sanitas
633 5085 764 5143 dicit
812 5107 828 5146 :
873 5091 1091 5152 Domine
1119 5098 1260 5155 Deus
1284 5120 1441 5173 meus,
1478 5113 1755 5169 exclamavi

166 5172 229 5222 ad
255 5182 322 5237 te,
356 5184 404 5226 et
446 5179 641 5232 sanasti
672 5197 753 5237 me
795 5182 970 5255 (Psal.
1002 5204 1149 5257 nix,
1193 5194 1270 5263 5).
1317 5172 1565 5255 Liberum
1606 5205 1750 5260 arbi-

220 5300 498 5392 Lquimoe
517 5313 851 5376 manum-imi,
870 5318 998 5375 quod
1034 5318 1082 5370 ei
1129 5322 1351 5376 "teritum
1373 5327 1574 5392 spiritus
1619 5349 1751 5387 com-

157 5371 458 5501 m;
472 5441 625 5501 prepe
642 5438 774 5501 ﬁssa
798 5434 1064 5501 inspirans.

578 5588 610 5614 ⁸,
633 5588 734 5605 οσιιο
743 5592 753 5602 1

355 5611 465 5663 λιιι.
489 5619 564 5663 Er.
584 5611 651 5683 et
689 5618 916 5683 uerique

151 5669 401 5723 “itione
418 5676 624 5730 precati.

393 5747 669 5810 Panos.
702 5753 926 5821 XLIV.

948 5630 1052 5675 Mss.
1080 5637 1136 5678 ,ιι
1178 5637 1305 5692 Ima,
1347 5640 1530 5691 srmatio
1568 5642 1742 5696 animat

682 6002 709 6026 δ

1711 253 1912 315 LIBER
1952 259 2152 321 UNUS.

3459 305 3567 362 3“

1987 376 2142 432 trium
2173 379 2298 436 dicit
2321 402 2332 436 :
2372 383 2665 446 Voluntarie
2692 397 2985 466 sacriﬁcabo
3012 404 3102 459 tibi
3126 405 3298 476 (Psal.
3339 427 3449 480 ιιιι,
3475 420 3556 484 8).

1983 465 2203 524 Dilectio
2236 473 2455 541 justitite
2480 478 2605 535 dicit
2640 501 2652 534 :
2689 465 3038 547 Narraverunt
3066 499 3192 553 mihi
3218 502 3395 574 iujusti
3422 508 3558 562 dele-

1976 559 2215 615 ctationcs
2240 563 2277 627 ¹,
2309 566 2397 619 scd
2417 586 2515 623 non
2543 573 2671 626 sicut
2697 575 2778 631 lex
2800 588 2907 648 tua,
2941 582 3153 642 Domine
3174 589 3342 661 (Psal.
3369 612 3548 664 cxvm,

2762 630 2765 631 ,
2804 630 2907 648 ψη,
2941 630 3150 642 --.η-..ν
3201 630 3219 643 .
3246 630 3342 647 om.
3369 630 3548 664 unum

1910 630 1915 635 ⁷
1974 646 2088 718 85).
2110 650 2303 722 thuid
2330 671 2457 728 ergo
2483 662 2661 719 miseri
2687 664 2928 727 homines
2946 684 3035 728 aut
3052 676 3117 733 de
3139 630 3308 737 libero
3329 692 3555 745 arbitrio

1972 741 2167 798 audent
2192 750 2467 815 superbire
2491 766 2771 826 antequam
2794 760 3105 833 liberentur,
3135 782 3225 828 aut
3243 774 3311 829 de
3334 779 3444 834 suis
3468 784 3548 835 vi-

1969 830 2135 900 ribus,
2168 839 2212 889 si
2233 837 2341 905 jam
2368 840 2573 898 liberati
2605 850 2758 903 sunt?
2787 853 2894 908 Nec
2921 860 3197 917 attendunt
3222 865 3273 919 in
3308 867 3422 937 ipso
3450 887 3546 927 no-

1967 921 2110 977 mine
2137 924 2284 981 liberi
2311 932 2514 988 arbitrii
2548 938 2728 1008 utique
2752 942 3049 1004 libertatcm
3081 967 3291 1013 sonare.
3322 959 3421 1015 Ubi
3444 980 3542 1021 au-

1967 1018 2070 1066 tem
2111 1017 2318 1085 spiritus
2348 1020 2573 1092 Domini,
2623 1029 2690 1081 ibi
2730 1032 2932 1090 libertas
2962 1039 3026 1111 (ιι
3072 1043 3186 1098 Cor.
3227 1063 3311 1116 ιιι,
3348 1017 3545 1125 mis;

1963 1115 2091 1170 ergo
2120 1108 2258 1161 servi
2289 1120 2416 1166 sunt
2444 1119 2666 1184 peccati,
2701 1123 2825 1191 quid
2852 1140 2911 1182 se
2933 1108 3136 1198 jactant
3164 1136 3231 1191 de
3256 1114 3427 1200 libero
3453 1161 3541 1200 ar-

1961 1191 2155 1249 bitrio?
2185 1198 2226 1251 Α
2252 1216 2351 1269 quo
2376 1206 2508 1258 enim
2536 1213 2648 1278 quis
2669 1211 2889 1270 devictus
2916 1230 3007 1287 est,
3041 1223 3158 1277 lmic
3182 1238 3229 1280 et
3252 1246 3424 1286 servus
3450 1240 3543 1290 ad-

1957 1282 2120 1339 dictus
2165 1302 2238 1341 est
2293 1291 2357 1362 (ll
2394 1292 2533 1350 Pclr.
2587 1316 2644 1364 ιι,
2687 1304 2790 1374 l9).
2836 1306 2891 1363 Si
2939 1282 3115 1369 autem
3154 1318 3362 1377 liberati
3393 1339 3537 1393 sunt,
3608 1318 3614 1325 ’

1955 1375 2080 1438 quid
2111 1392 2168 1430 se
2188 1379 2395 1447 jactant
2424 1388 2565 1443 velut
2590 1391 2657 1447 de
2699 1409 2858 1464 opere
2886 1406 3122 1473 proprio,
3155 1419 3209 1464 et
3246 1375 3542 1482 gloriantur

1950 1468 2099 1534 quasi
2132 1486 2236 1525 non
2266 1480 2716 1546 aceepcriutiAn
2745 1486 2813 1543 ita
2841 1504 2961 1547 sunt
2986 1496 3159 1562 liberi,
3183 1509 3238 1555 ut
3269 1521 3365 1559 nec
3389 1509 3533 1562 illum

1952 1559 2117 1614 velint
2142 1562 2339 1621 habere
2371 1570 2669 1641 Dominum,
2706 1581 2791 1649 qui
2829 1584 2906 1637 eis
2932 1585 3077 1654 dicit,
3126 1593 3250 1648 Sine
3285 1613 3365 1650 me
3406 1601 3536 1656 uiln'l

1947 1653 2153 1717 potestis
2195 1660 2362 1725 facere
2402 1661 2579 1731 (Joan.
2613 1684 2698 1732 xv,
2732 1672 2819 1743 5);
2852 1684 2921 1738 ct,
2953 1677 3015 1733 Si
3045 1653 3129 1735 vos
3158 1683 3324 1741 Filius
3351 1690 3534 1746 libera-

1945 1741 2088 1807 verit,
2120 1752 2238 1798 tunc
2267 1763 2374 1803 vere
2399 1752 2541 1807 liberi
2563 1760 2700 1813 eritis
2726 1741 2834 1830 (Id.
2869 1782 2978 1834 vnt,
3010 1770 3140 1843 56)?

2016 1831 2245 1892 CAPUT
2285 1840 2477 1899 xxxr.
2516 1851 2692 1907 —5s.
2727 1853 2883 1911 Fides
2907 1831 2973 1914 mi
3011 1831 3155 1920 at...
3183 1849 3355 1926 mm
3381 1888 3527 1946 pote-

3342 1925 3346 1926 ν
3381 1925 3494 1946 Γ-.-

1941 1930 2087 1977 state.
2114 1925 2328 1993 Qumret
2363 1937 2574 2007 aliquis,
2604 1952 2778 2000 utrum
2809 1950 2940 2006 fides
2971 1955 3102 2028 ipsa,
3136 1960 3185 2015 in
3217 1979 3315 2033 qua
3343 1962 3557 2027 salutis‘

1941 2013 2022 2033 ..-ι
2056 2029 2074 2033 A
2094 2015 2116 2033 j
2210 2019 2222 2033 I
2270 2029 2280 2033 -

1941 2013 2022 2066 vel
2052 2015 2117 2070 ad
2146 2019 2370 2076 salutem
2402 2034 2751 2092 connexionis
2793 2038 2970 2111 hujus,
2998 2062 3156 2118 quam
3193 2070 3522 2118 commemo-

2039 2105 2073 2172 i,
2098 2122 2218 2165 esse
2247 2112 2455 2170 videtur
2491 2124 2788 2189 exordium.
2826 2132 2877 2185 in
2925 2147 3107 2195 nostra
3135 2147 3419 2205 Constitutu
3449 2155 3519 2209 sit

1939 2203 2199 2261 potestate
2231 2218 2245 2255 :
2282 2207 2424 2273 quod
2451 2209 2656 2271 facilius
2685 2218 3001 2291 videbimus,
3036 2232 3078 2283 si
3119 2236 3265 2302 prius
3292 2243 3418 2309 quid
3450 2246 3519 2301 sit

1937 2296 2171 2355 potestas
2216 2295 2492 2366 aliquanto
2533 2303 2837 2378 diligentius
2890 2295 3341 2390 perspexerimus.
3386 2335 3519 2392 Cum

1933 2381 2077 2433 enim
2105 2380 2212 2437 duo
2236 2389 2476 2455 qnmdam
2503 2399 2631 2463 sint,
2662 2404 2796 2460 velle
2822 2415 2876 2462 et
2904 2426 3085 2479 posse,
3117 2418 3257 2473 unde
3298 2438 3403 2481 nec
3432 2432 3518 2497 qui

1933 2469 2042 2497 υι-Ιι
2078 2475 2323 2497 ...ιη-8----
2360 2495 2382 2497 ᾧ
2405 2492 2442 2497 κ-
2518 2493 2529 2497 -
2826 2496 2829 2497 ,

1930 2469 2047 2524 vult
2075 2475 2330 2531 continuo
2358 2492 2553 2553 potest,
2597 2503 2698 2546 nec
2746 2496 2834 2565 qui
2877 2509 3049 2568 potest
3090 2508 3342 2566 continuo
3368 2469 3515 2583 vullt;

2764 2561 2777 2565 _
2879 2561 2892 2568 -
3218 2561 3338 2566 "'""
3379 2561 3511 2583 """

1926 2561 2049 2629 quia
2088 2565 2227 2621 sicut
2270 2571 2512 2630 volumus
2538 2579 2821 2651 aliquando
2863 2592 3003 2660 quod
3053 2612 3157 2653 non
3207 2617 3511 2675 possumus,

1923 2652 2004 2708 sic
2041 2657 2200 2713 etiam
2231 2678 2515 2730 possumus
2539 2673 2824 2744 aliquando
2852 2685 2993 2751 quod
3037 2690 3286 2748 nolumus
3329 2717 3342 2752 :
3383 2705 3514 2758 satis

1924 2746 2151 2803 evolutis
2189 2751 2355 2821 ipsis'
2383 2761 2541 2815 etiam
2586 2767 2859 2825 vocabulis
2904 2789 3137 2842 resonat.
3171 2786 3311 2853 quod
3350 2790 3417 2844 ab
3446 2807 3513 2847 eo

1919 2837 2061 2905 quod
2077 2850 2159 2895 est
2185 2846 2342 2914 velle,
2367 2853 2638 2920 voluntas;
2669 2859 2737 2914 ab
2763 2875 2827 2916 eo
2854 2874 3030 2921 autem
3061 2875 3200 2941 quod
3218 2888 3300 2931 est
3327 2895 3506 2951 posse,

1918 2938 2151 2996 potestas
2168 2951 2360 2995 nomen
2385 2946 2970 3023 accepit.Quapropter,
3003 2938 3242 3035 sientqui
3271 2938 3383 3025 vult
3412 2973 3509 3031 ha~

1913 3019 2007 3078 bet
2034 3026 2384 3097 voluntatem,
2415 3036 2485 3093 ita
2514 3019 3301 3121 potestatem-quipotest-Sed
3332 3072 3388 3119 ut
3410 3082 3506 3136 po-

1918 3120 2107 3174 testate
2134 3122 2332 3194 aliquid
2375 3127 2483 3197 fiat,
2513 3133 2758 3190 voluntas
2796 3120 2984 3197 aderit.
3023 3144 3205 3219 Neque
3233 3155 3371 3210 enim
3400 3120 3502 3216 dici

1911 3205 2049 3262 solet
2075 3213 2335 3284 quispiam
2358 3230 2618 3288 potestate
2648 3225 2883 3298 fecisse’,
2912 3234 2956 3288 si
2983 3238 3106 3306 quid
3131 3240 3254 3299 fecit
3284 3246 3498 3307 invitus.

1910 3297 2251 3373 Quanquam,
2299 3310 2343 3365 si
2397 3315 2641 3373 subtilius
2710 3321 3082 3395 advertamus,
3140 3337 3298 3392 etiam
3356 3346 3497 3413 quod

1908 3392 2132 3465 quisque
2173 3399 2371 3458 invitus
2408 3407 2581 3465 facere
2602 3413 2827 3483 cogitur,
2857 3418 2899 3472 si
2940 3419 3081 3488 facit,
3116 3392 3387 3489 voluntatt;
3418 3438 3496 3491 fa-

1902 3479 1977 3535 cit
2005 3500 2018 3535 :
2052 3487 2144 3541 sed
2171 3490 2291 3559 quia
2324 3496 2502 3553 mallet
2530 3479 2692 3567 aliud,
2725 3503 2845 3561 ideo
2884 3507 3094 3579 invitus,
3132 3516 3233 3575 hoc
3254 3533 3352 3589 est,
3386 3544 3491 3583 no-

1903 3569 2018 3626 lens
2055 3574 2232 3633 facerc
2260 3580 2471 3641 dicitur.
2508 3587 2644 3645 Malo
2688 3596 2884 3666 quippe
2925 3569 3100 3673 aliqua

1901 3663 2132 3733 pellitur,
2156 3672 2294 3738 quod
2326 3676 2511 3733 volens
2537 3680 2737 3740 evitare
2768 3688 2847 3742 vel
2887 3706 2916 3744 a
2946 3707 3004 3748 se
3036 3712 3333 3771 removere,
3363 3709 3487 3767 facit

1900 3757 2040 3824 quod
2072 3762 2293 3830 cogitur.
2316 3765 2446 3822 Nam
2472 3770 2515 3824 si
2540 3780 2683 3827 tanta
2716 3779 2958 3835 voluntas
2998 3785 3085 3851 sit,
3122 3798 3177 3844 ut
3214 3796 3357 3852 malit
3384 3798 3485 3856 huc

1897 3863 2002 3903 non
2030 3850 2202 3909 facere
2229 3871 2386 3927 quam
2415 3861 2543 3918 illud
2571 3881 2676 3922 non
2705 3872 2846 3938 pati;
2876 3880 3083 3946 cogenti
3112 3888 3289 3952 procul
3320 3890 3483 3948 dubio

1895 3941 2114 4009 resistit,
2149 3962 2248 4003 nec
2282 3949 2423 4006 facit.
2456 3956 2529 4009 Ac
2559 3971 2655 4027 per
2680 3960 2803 4028 hoc,
2845 3965 2888 4019 si
2918 3941 3071 4037 facit;
3112 3941 3217 4029 non
3263 3984 3475 4050 quidem

1887 4031 2045 4100 plena
2070 4043 2123 4089 et
2148 4035 2315 4094 libera
2340 4042 2634 4113 voluntate,
2657 4051 2750 4106 sed
2780 4061 3080 4116 tamennon
3106 4063 3229 4121 facit
3255 4071 3354 4126 nisi
3379 4090 3472 4128 vo-

1886 4121 2091 4179 luntate
2121 4143 2133 4178 :
2163 4141 2322 4197 quam
2351 4133 2673 4193 voluntatem
2695 4144 2815 4210 quia
2846 4146 3066 4206 ell‘ectus
3104 4164 3466 4231 consequitun

1884 4227 1991 4267 non
2024 4230 2305 4283 possumus
2332 4220 2512 4280 dicere
2540 4238 2852 4296 potestatem
2892 4237 3125 4301 defuisse
3156 4220 3387 4308 facienti.
3412 4257 3468 4313 Si

1882 4302 2023 4357 enim
2052 4309 2261 4377 cogenti
2291 4312 2488 4368 cedens
2512 4314 2672 4374 vellet
2699 4320 2892 4393 facere,
2928 4345 3028 4387 nec
3054 4350 3265 4405 posset;
3296 4347 3343 4400 ei
3375 4363 3469 4401 vo-

1882 4390 2136 4450 luntatem
2168 4397 2404 4458 adfuisse
2431 4404 2553 4461 licet
2582 4390 2987 4481 extortam,ised
3022 4390 3333 4494 pbtestatezn
3364 4438 3463 4495 de-

1877 4482 2039 4602 fugisse
2079 4487 2400 4548 diceremus.
2430 4497 2560 4554 Cum
2589 4516 2717 4560 vero
2761 4506 2882 4565 ideo
2917 4529 3021 4570 non
3067 4519 3309 4593 faciebat,
3338 4535 3461 4602 quia

1878 4587 1908 4602 n
1950 4573 2125 4602 Ini”..-
2181 4592 2285 4602 -_-.
2333 4585 2407 4602 Α...
2637 4601 2640 4602 ,

2862 4564 2869 4565 ,
3068 4564 3289 4582 ...-........
3340 4564 3437 4589 ...μ

1877 4564 2126 4644 nblebat;
2175 4592 2290 4637 erat
2331 4585 2518 4657 utique
2559 4601 2816 4666 potestas,
2861 4603 2954 4658 sed
2984 4609 3229 4670 voluntas
3254 4564 3437 4677 dbei‘at

1873 4666 2123 4733 quamdiu
2150 4676 2357 4740 cogenti
2397 4679 2708 4739 reluctando
2736 4704 2838 4744 non
2870 4691 3013 4749 fecit.
3046 4699 3178 4758 llinc
3200 4717 3281 4761 est
3314 4714 3454 4779 quod

3162 4756 3171 4758 ν
3316 4756 3448 4779 .,....-

1872 4756 2031 4814 etiam
2062 4761 2131 4816 illi
2159 4768 2247 4834 qui
2270 4780 2487 4840 cogunt,
2515 4776 2594 4830 vel
2631 4779 2718 4848 qui
2746 4785 2987 4851 suadent,
3018 4793 3193 4850 solent
3228 4800 3405 4860 dicere
3432 4824 3448 4863 :

1868 4844 2225 4913 Quod'habes
2271 4858 2320 4912 in
2369 4872 2648 4930 potestam,
2696 4886 2860 4941 quare
2901 4894 3006 4933 non
3052 4883 3199 4952 facis,
3248 4901 3303 4945 nt
3351 4897 3450 4951 hoc

1868 4939 2009 4994 malo
2035 4948 2254 5000 careas?
2278 4949 2339 5003 Et
2359 4954 2447 5022 qui
2471 4959 2689 5015 omnino
2716 4964 2887 5023 facere
2909 4985 3014 5026 non
3043 4990 3281 5049 possunt,
3308 4992 3446 5056 qttod

1868 5029 1985 5056 ελ-..
2013 5047 2196 5056 --ω-.-ι
2327 5051 2337 5056 -
2377 5044 2398 5056 ·
2460 5047 2472 5056 ·

1867 5029 1988 5088 ideo
2008 5047 2266 5107 coguntur
2289 5051 2342 5097 ut
2372 5044 2587 5116 faciant,
2610 5057 2732 5123 quia
2762 5072 2915 5126 posse
2940 5068 3249 5139 creduntur,
3274 5029 3446 5137 salleni

1865 5127 2166 5183 excusando
2183 5136 2507 5203 respondere
2530 5149 2584 5194 et
2610 5143 2791 5203 dicere
2820 5166 2836 5203 :
2865 5150 3137 5226 Facerem,
3163 5164 3205 5218 si
3229 5181 3372 5227 esset
3394 5176 3444 5227 in

1864 5221 2144 5279 potestate.
2196 5222 2331 5287 Quid
2381 5227 2539 5298 igitur
2579 5232 2714 5288 ultra
2760 5243 3080 5310 qna-rimus;
3114 5221 3450 5332 quandoqn-il

1921 5407 1937 5480 ξ
1971 5407 2122 5480 _E_ditlo
2142 5414 2353 5480 l.ov.‘bic
2370 5418 2518 5480 addit,
2541 5436 2671 5476 sum,

1918 5469 1938 5572 ζ
2313 5479 2428 5531 satis
2448 5469 2731 5552 elucet—ipsis
2759 5504 2776 5542 .·
2798 5507 2858 5546 ex
2880 5497 2957 5551 his
2974 5505 3184 5572 quidam,
3210 5515 3327 5569 satis
3342 5519 3448 5571 cln-

1853 5540 1945 5594 (τε,
1965 5535 2011 5580 ct
2032 5535 2167 5594 ipsis,
2193 5535 2288 5587 etc.

1918 5590 1939 5621 ³
1974 5590 2179 5667 Vaticani
2202 5596 2316 5659 duo,
2342 5608 2393 5652 et
2429 5608 2533 5657 tres
2563 5609 2786 5666 Gallicani
2824 5626 2951 5683 Mm,
2977 5626 3215 5686 voltmtate
3255 5638 3444 5713 (scisse.

1920 5664 1981 5701 nc
2004 5651 2262 5707 lectionem
2287 5666 2605 5713 praetulerunt
2640 5686 2862 5713 ,ιιιρρηιωε
2888 5695 3173 5713 num—nu»
3208 5712 3215 5713 κ
3353 5704 3361 5713 ·

2103 5658 2112 5667 Ι
2302 5651 2314 5659 ν
2383 5651 2388 5652 γ
2433 5651 2460 5654 ,γ
2480 5651 2532 5657 ν..
2567 5651 2786 5666 ν--ιιιιιιιι
2825 5651 2951 5683 ιιιδδος
2979 5651 3215 5708 evitandae

1853 5656 1981 5723 uane
2004 5651 2262 5726 lectionem
2286 5666 2606 5735 praetulerunt
2639 5686 2864 5730 auctores
2887 5698 3175 5746 recenuons
3197 5704 3444 5764 «quadam

1857 5712 2079 5763 editionis
2102 5723 2208 5764 l.0\'.
2235 5736 2343 5764 nam
2376 5728 2490 5764 “£17

1857 5712 2079 5763 editionis
2102 5723 2208 5767 πλον.
2235 5712 2344 5773 aaini
2370 5712 2508 5779 ltili.

2896 5832 3158 5913 (liuitJ
