4002 6178
457 285 584 347 ἰω

479 401 595 458 dem
642 399 778 454 lianc
805 396 1032 453 dicimus
1068 402 1409 466 potestatem,
1450 393 1537 447 ubi
1563 389 1820 446 voluntati
1849 387 2055 458 adjacet

479 489 700 546 facultas
741 482 1244 554 [aciendi‘innde
1289 481 1393 538 hoc
1429 483 1654 554 quisque
1695 483 1748 535 in
1791 485 2058 551 potestate

469 581 677 638 habere
703 579 914 645 dicitur,
946 575 1088 646 quod
1127 575 1174 631 si
1201 575 1333 642 vult,
1367 574 1525 640 iacit;
1556 572 1602 628 si
1645 588 1751 628 non
1789 571 1918 638 vult,
1948 583 2061 624 non
2093 638 2100 644 ο

481 670 623 728 facit.

567 757 659 813 Μ.
697 753 928 810 Attende
966 751 1076 823 jam
1115 751 1246 808 illud
1286 750 1430 823 quod
1472 750 1844 808 excutiendum
1885 751 2066 822 posul-

494 861 638 913 mus,
669 855 842 901 utrum
871 844 1004 900 ﬁdes
1044 843 1096 898 in
1140 852 1400 913 potestate
1427 843 1520 899 sit.
1566 843 1643 898 De
1670 842 1769 896 hac
1793 843 1936 898 enim
1961 841 2066 898 ﬁde

495 954 636 995 nunc
661 938 945 1008 loquimur,
987 950 1143 1006 quam
1181 934 1498 990 adhibemus
1521 949 1642 991 cum
1671 933 1865 1004 aliquid
1894 933 2067 988 credi-

497 1045 640 1096 mus,
664 1043 770 1083 non
799 1041 957 1097 quam
984 1025 1173 1080 damus
1199 1039 1320 1081 cum
1345 1021 1540 1094 aliquid
1572 1023 1912 1094 pollicemur;
1946 1037 2064 1077 nam

495 1129 551 1176 et
580 1123 690 1190 ipsa
721 1121 914 1176 dicitur
951 1118 1102 1174 ﬁdes.
1140 1117 1246 1174 Sed
1288 1117 1443 1172 aliter
1479 1116 1724 1171 dicimus.
1776 1115 1894 1172 Non
1939 1114 2067 1170 mihi

496 1213 681 1269 habuit
711 1211 902 1268 ﬁdem:
925 1211 1100 1276 aliter,
1145 1209 1261 1264 Non
1306 1209 1431 1263 mihi
1469 1209 1699 1263 servavit
1729 1207 1909 1263 ﬁdem.
1937 1207 2067 1262 Nam

499 1303 623 1358 illud
654 1299 1129 1365 est,ﬂonercdidit
1153 1299 1290 1370 quod
1317 1298 1424 1354 dixi
1447 1315 1460 1351 :
1485 1297 1635 1364 illud,
1659 1296 1774 1352 Non
1793 1295 1913 1352 fecit
1930 1295 2068 1363 quod

499 1393 650 1448 dixit.
695 1392 995 1448 Secundum
1044 1391 1180 1445 hanc
1226 1389 1382 1446 ﬁdem
1426 1404 1526 1458 qua
1557 1387 1846 1452 credimus,
1891 1385 2071 1441 fideles

498 1498 682 1538 sumus
726 1483 868 1538 Deo:
897 1481 1188 1537 secundum
1229 1480 1371 1535 illam
1415 1493 1543 1544 vero
1566 1493 1669 1549 qua
1696 1477 1754 1532 ﬁt
1779 1475 1921 1547 quod
1951 1491 2075 1548 pro-

503 1574 782 1640 mittitur’,
813 1573 970 1628 ctiam
999 1573 1138 1628 Deus
1163 1572 1277 1641 ipse
1301 1570 1470 1625 ﬁdelis
1491 1580 1573 1626 est
1599 1569 1772 1624 nobis.
1797 1568 1909 1624 lloe
1929 1569 2072 1623 enim

501 1665 630 1722 dicit
667 1666 985 1736 Apostolus:
1017 1663 1209 1720 Fidelis
1247 1663 1410 1730 Deus,
1454 1663 1540 1734 qui
1567 1678 1668 1718 non
1710 1677 1796 1716 vos
1826 1661 2075 1732 permittat

507 1756 687 1810 tentari
711 1772 864 1828 super
891 1755 946 1810 id
971 1755 1105 1825 quod
1149 1754 1350 1825 potestis
1392 1751 1436 1822 (1
1480 1751 1599 1808 Cor.
1631 1767 1686 1816 ι,
1718 1748 1830 1823 1⁸5).
1866 1751 1939 1804 De
1983 1749 2072 1804 illa

505 1849 684 1920 itaque
723 1847 828 1904 ﬁde
866 1847 1173 1917 qu.erimus,
1218 1855 1393 1900 utrum
1441 1843 1492 1898 in
1542 1849 1803 1918 potestate
1843 1839 1934 1908 sit,
1973 1852 2100 1908 qua.

504 1940 772 1995 credimus
817 1940 946 2003 Deo,
995 1938 1076 1991 vel
1123 1936 1387 1992 credimus
1431 1933 1484 1988 in
1525 1934 1710 1988 Deum.
1757 1931 1892 1986 ilinc
1935 1929 2078 1985 enim

489 2032 744 2102 scriptum
771 2040 873 2096 est,
897 2027 1121 2085 Credidit
1156 2026 1412 2081 Abraham
1449 2025 1576 2093 Deo,
1601 2034 1649 2082 et
1672 2027 1968 2095 deputatum
1996 2034 2073 2080 est

487 2122 562 2176 illi
592 2123 658 2176 ad
667 2121 948 2195 justitiam;
987 2130 1060 2186 et,
1089 2116 1324 2174 Credenti
1351 2119 1403 2171 in
1441 2117 1660 2187 eumqui
1687 2118 1937 2188 justiﬁcat
1973 2117 2070 2170 im-

488 2212 650 2282 pium,
677 2214 945 2282 deputatur
972 2209 1110 2284 ﬁdes,
1133 2209 1242 2281 ejus
1283 2207 1352 2261 ad
1367 2207 1621 2278 justitiam
1641 2206 1794 2280 (Gen.
1819 2223 1910 2272 xv,
1941 2207 1997 2274 6,
2024 2216 2072 2260 et

490 2298 640 2355 Rom.
665 2316 742 2365 tv,
775 2302 827 2364 ὅ,
855 2298 934 2372 5).
962 2298 1092 2353 Vide
1129 2311 1273 2352 nunc
1315 2307 1493 2351 utrum
1520 2297 1744 2367 quisque
1782 2296 1998 2363 credat,
2025 2296 2074 2352 si

494 2394 751 2457 noluerit;
794 2401 888 2446 aut
918 2406 1024 2444 non
1053 2389 1258 2452 credat,
1289 2389 1332 2442 si
1363 2388 1606 2444 voluerit.
1635 2387 1787 2456 Quod
1813 2387 1860 2443 si
1887 2390 2076 2442 absur-

485 2487 616 2540 dum
643 2492 724 2540 est
746 2483 890 2554 (quid
911 2491 992 2537 est
1014 2481 1159 2537 enim
1186 2479 1427 2543 credere,
1446 2479 1547 2534 nisi
1567 2482 1866 2534 consentire
1886 2494 2072 2535 verum

493 2594 609 2636 esse
637 2578 778 2649 quod
812 2573 1050 2632 dicitur?
1089 2573 1373 2630 cmisensio
1409 2581 1585 2628 autem
1629 2571 1810 2643 utique
1847 2571 2074 2627 volentis

493 2673 637 2742 est);
682 2669 917 2740 proiecto
944 2666 1076 2723 ﬁdes
1104 2667 1158 2722 in
1200 2673 1463 2737 potestate
1489 2664 1742 2749 est.‘Sed,
1776 2666 1914 2720 sicut
1935 2667 2076 2734 Apo-

493 2763 661 2818 stolus
678 2760 825 2828 dicit,
857 2758 976 2814 Non
996 2767 1070 2814 est
1090 2765 1307 2830 potatus
1327 2755 1425 2810 nisi
1450 2771 1483 2810 a
1509 2753 1618 2810 Deo
1645 2755 1820 2828 (Rom.
1847 2769 1962 2821 xm,
1991 2755 2071 2826 1).

493 2855 630 2924 Quid
670 2853 828 2924 igitur
852 2865 1028 2907 causa
1057 2858 1141 2907 est
1167 2863 1264 2905 cur
1289 2863 1396 2904 non
1420 2856 1476 2904 et
1515 2847 1583 2904 de
1610 2848 1711 2903 ista
1749 2847 1904 2904 nobis
1930 2847 2074 2904 dies.

495 2956 600 3011 tur,
629 2943 766 3011 Quid
789 2943 922 2998 enim
947 2939 1099 2995 babes
1121 2939 1256 3006 quod
1283 2955 1385 2994 non
1405 2938 1638 3010 accepisti
1663 2937 1714 3012 (Ι
1740 2936 1860 2995 Cor.
1881 2951 1960 3008 tv,
1986 2937 2078 3009 ἠν

496 3038 625 3094 Nam
663 3045 718 3093 et
743 3045 798 3090 ut
825 3030 1160 3100 credamus',
1201 3031 1343 3087 Deus
1380 3031 1548 3087 dedit.
1589 3030 1856 3102 Nusquam
1897 3037 2078 3085 autem

499 3127 722 3196 legimus
751 3123 804 3180 in
835 3121 1129 3193 Scripturis
1173 3120 1392 3187 sanctis,
1424 3119 1542 3176 Non
1579 3128 1662 3176 est
1693 3119 1941 3176 voluntas
1977 3119 2078 3174 nisi

497 3235 528 3274 ιι
563 3218 690 3274 Deo.
736 3215 802 3271 Et
840 3223 986 3271 recte
1028 3227 1134 3268 non
1163 3211 1422 3282 scriptum
1464 3219 1566 3278 est,
1594 3210 1718 3282 quia
1757 3226 1942 3266 verum
1972 3225 2079 3266 non

494 3320 620 3368 est:
649 3307 884 3380 alioquin
922 3306 1084 3364 etiam
1130 3312 1489 3376 peccatorum,
1516 3302 1660 3374 quod
1697 3303 1858 3371 absit,
1897 3311 2082 3359 auctor

491 3409 582 3465 ,εει
609 3381 772 3468 Deus,
801 3398 848 3454 si
888 3411 995 3453 non
1025 3404 1110 3452 est
1149 3394 1397 3450 voluntas
1431 3395 1541 3450 nisi
1569 3393 1638 3450 ab
1666 3393 1758 3449 illo
1786 3413 1802 3451 :
1830 3394 2080 3466 quoniam

499 3489 905 3549 malevolentes
927 3487 1038 3558 jam
1077 3484 1191 3542 sola
1231 3494 1507 3555 peccatum
1546 3492 1649 3549 est,
1675 3487 1836 3541 etiam
1876 3485 1923 3541 si
1945 3485 2084 3542 desit

499 3583 742 3650 eﬂectus,
773 3578 827 3636 id
853 3588 956 3644 est,
979 3577 1025 3632 si
1055 3593 1160 3632 non
1190 3575 1384 3634 habeat
1407 3583 1744 3646 potestatem.
1768 3575 1937 3632 Porro
1960 3591 2082 3632 cum

501 3675 744 3730 voluntas
768 3670 905 3727 mala
936 3677 1253 3740 potestatein
1281 3667 1474 3738 accipit
1498 3667 1721 3737 implere
1742 3667 1886 3738 quod
1912 3667 2084 3723 inten-

500 3763 638 3832 dit‘,
667 3777 734 3820 es
777 3760 977 3832 judicio
1017 3759 1111 3814 Dei
1151 3759 1315 3824 venit,
1346 3755 1486 3826 apud
1515 3772 1672 3828 quem
1715 3773 1822 3813 non
1851 3767 1933 3815 est
1977 3757 2082 3813 ini-

501 3857 678 3928 quius
719 3853 893 3926 (Rom.
920 3849 1134 3920 11,“).
1179 3847 1336 3903 Punit
1366 3848 1509 3904 enim
1550 3849 1710 3903 etiam
1753 3849 1856 3903 isto
1893 3848 2082 3916 modo;

504 3965 607 4006 nec
626 3947 754 4004 ideo
782 3943 998 4016 injuste,
1029 3942 1150 4013 quia
1195 3941 1425 3996 occulte.
1454 3939 1719 3997 Caeterum
1749 3941 1960 4012 iniquus
1983 3957 2084 4013 pu-

504 4043 604 4098 niri
647 4052 708 4095 se
744 4036 971 4109 ignorat,
1014 4033 1115 4088 nisi
1160 4047 1281 4088 cum
1321 4031 1601 4088 manifesto
1634 4033 1926 4104 supplicio'
1965 4049 2088 4090 seu-

397 4179 415 4194 .
505 4133 636 4189 serit
664 4127 874 4194 nolens,
901 4133 1155 4197 quantum
1187 4122 1312 4178 mali
1350 4123 1419 4179 sit
1446 4123 1589 4194 quod
1619 4125 1954 4194 perpetravit
1990 4140 2088 4180 vo-

506 4224 646 4280 lens.
694 4220 806 4274 iloc
852 4225 936 4272 est
975 4214 1117 4286 quod
1162 4213 1231 4270 de
1275 4213 1588 4284 quibusdam
1648 4215 1934 4284 Apostolus
1965 4217 2086 4270 ait:

505 4311 741 4369 Tradidit
769 4309 884 4365 illos
925 4306 1063 4362 Deus
1100 4306 1156 4360 in
1200 4306 1628 4376 concupiscentiae
1657 4306 1821 4361 cordis
1858 4305 2086 4372 illorum,

507 4414 562 4458 ut
605 4403 794 4474 faciant
835 4413 949 4467 qua:
997 4413 1099 4450 non
1148 4396 1444 4450 conueniunt
1493 4396 1604 4466 (Id.
1660 4413 1698 4463 ι,
1725 4397 1838 4468 24).
1875 4396 2010 4453 Iiinc
2035 4407 2090 4454 et

512 4492 767 4550 Domitius
822 4489 1030 4544 Pilato:
1065 4485 1187 4540 Non
1214 4485 1418 4539 haberes
1443 4487 1494 4540 in
1525 4503 1622 4554 me,
1647 4487 1836 4558 inquit,
1867 4498 2088 4557 potesta-

509 4597 634 4650 tem,
693 4581 790 4636 nisi
832 4580 953 4650 datu
979 4587 1104 4631 esset
1127 4575 1215 4630 tibi
1243 4575 1454 4646 desuper
1479 4575 1656 4650 (.loan.
1687 4594 1802 4644 xix,
1836 4579 1947 4650 Η).
1985 4578 2092 4634 Sed

511 4647 631 4732 cuni
664 4647 902 4744 potcsuts’
925 4668 1102 4732 datur,
1150 4681 1254 4722 non
1300 4647 1590 4721 necessitas
1642 4671 1821 4738 utique
1865 4647 2095 4739 imponi-

513 4781 618 4826 tur.
646 4764 797 4823 Unde
822 4779 941 4818 cum
971 4757 1136 4815 David
1166 4757 1344 4814 Saulis
1371 4757 1642 4812 occidendi
1669 4766 1982 4826 potestatem
2008 4774 2095 4814 ac-

512 4860 780 4932 cepisset,
812 4852 997 4908 maluit
1032 4864 1270 4920 parcere,
1313 4863 1469 4918 quam
1502 4847 1663 4904 ferire
1714 4849 1758 4919 (ι
1803 4848 1932 4921 Reg.
1971 4865 2096 4906 xstv

523 4965 567 5007 et
598 4954 769 5020 xxvi).
812 4944 966 5003 Unde
1012 4943 1352 5012 intelligimus
1380 4942 1548 4997 malos
1595 4943 1836 5013 accipere
1877 4952 2098 5012 potesta-

516 5056 621 5099 tem
650 5041 718 5097 ad
762 5037 1159 5096 damnationem
1210 5034 1362 5088 mala:
1408 5035 1696 5089 voluntatis
1744 5049 1879 5103 sum,
1927 5037 2098 5091 bonos

516 5144 691 5190 autem
720 5133 785 5188 ad
812 5128 1177 5201 probationem
1196 5126 1357 5200 ,boua:
1385 5125 1677 5182 voluntatis
1715 5143 1848 5180 suae.

588 5224 816 5283 CAPUT
847 5221 1150 5279 XXX||.—-
1188 5221 1277 5276 55.
1307 5219 1434 5285 Qua!
1471 5219 1598 5290 ﬁdes
1639 5220 1918 5294 laudanda.
1963 5219 2099 5276 Cum

583 5345 603 5375 ν
634 5347 684 5390 ιι
703 5339 894 5390 duabus
913 5336 1252 5404 manuscriptis
1273 5335 1508 5385 Vaticanis
1528 5333 1690 5396 deest,
1714 5333 1944 5400 faciendi.

581 5405 606 5436 ¹
636 5404 767 5466 Alani
791 5408 922 5459 Ima,
945 5405 1194 5466 prpuuttn‘.

583 5467 606 5498 ³
636 5458 766 5514 tium:
795 5458 979 5512 Mutet
1001 5458 1090 5510 hoc
1129 5466 1180 5508 ut
1219 5458 1491 5522 credamus.
1531 5459 1693 5520 Abest,
1734 5461 1838 5522 hoc,
1863 5461 1924 5510 ab
1961 5461 2106 5512 editis

526 5537 624 5576 sm.
650 5532 703 5576 et
718 5531 792 5574 Er.
819 5533 1008 5572 necnon
1030 5521 1413 5586 smallest-rimis
1435 5522 1650 5586 quinque
1675 5526 1926 5586 Vaticanis,
1952 5537 1979 5572 a
2006 5525 2108 5574 ltel-

523 5589 643 5652 κιαι
667 5587 873 5652 duobus,
900 5581 1315 5652 ειωιιὶςιψονθ
1335 5581 1579 5652 Planius

585 5653 609 5682 κ
639 5654 708 5697 tta
730 5641 1609 5710 plures7itss._F.dili'vermintcuditur.

585 5711 608 5746 ⁸
641 5702 746 5760 Oud
761 5719 827 5758 ex
840 5703 1074 5754 Vaticanis
1091 5709 1214 5764 5155.,
1229 5702 1438 5764 judicio.

1403 283 1490 336 DE
1529 280 1791 336 Si‘ilil'l'l.‘
1835 279 1921 332 ET
1962 273 2279 340 LITTERA,
2319 273 2376 330 S.
2418 273 2782 332 AUGUSTI?“

3631 279 3742 338 2‘56

2167 399 2296 454 ergo
2318 384 2451 440 ﬁdes
2480 385 2530 439 in
2561 394 2822 456 potestate
2847 386 2935 453 sit,
2965 387 3212 457 quoniam
3233 376 3354 444 cum
3388 389 3498 444 vult
3517 391 3744 462 quisque

2165 474 2370 541 credit;
2403 485 2458 531 et
2497 491 2618 531 cuin
2657 475 2858 543 credit,
2911 476 3096 532 volens
3139 477 3328 544 credit,
3356 479 3548 535 deinde
3593 497 3748 552 quas.

2165 567 2392 623 tendum
2425 577 2526 634 est,
2551 567 2660 622 imo
2685 568 3054 634 recolendum,
3081 586 3238 641 quam
3271 573 3427 628 ﬁdem
3453 584 3590 628 tanta
3617 590 3734 630 con.

2173 657 2460 714 ﬁictatione
2503 660 2841 715 commendet
2881 660 3185 732 Apostolus.
3231 662 3346 718 Non
3391 667 3530 720 enim
3573 667 3744 737 quod-

2167 752 2296 807 libet
2322 751 2542 806 credere
2569 751 2766 806 bonum
2785 759 2900 808 est:
2929 769 3049 808 nam
3073 755 3210 810 unde
3235 765 3316 810 est
3343 756 3489 820 illud,
3517 756 3746 824 Fratres,

2167 843 2320 896 nolite
2337 843 2474 896 omni
2501 842 2705 912 spiritui
2727 844 2966 910 credere;
2993 845 3082 898 sed
3103 845 3307 914 probate
3327 847 3558 915 spiritum
3574 850 3660 920 qui
3685 865 3751 903 ex

2171 932 2276 988 Deo
2311 935 2413 988 est‘
2442 933 2498 1005 (ι
2537 933 2695 988 Joan.
2723 949 2798 1001 tv,
2837 935 2932 1003 i)?
2979 936 3085 990 Nec
3115 937 3164 989 in
3207 937 3449 993 laudibus
3475 939 3754 994 charitatis

2167 1025 2308 1094 quod
2353 1024 2550 1079 dictum
2588 1033 2698 1090 est,
2744 1025 2928 1080 Omnia
2971 1027 3126 1081 credit
3165 1028 3218 1097 (l
3247 1029 3362 1082 Cor.
3409 1045 3527 1094 xm,
3559 1033 3638 1101 7),
3669 1032 3754 1087 sic

2168 1115 2534 1184 accipiendum
2572 1124 2676 1180 est,
2709 1124 2768 1170 ut
2793 1117 3037 1172 cliaritati
3067 1117 3360 1188 cujuspiam
3407 1119 3752 1191 derogemus,

2169 1205 2214 1260 si
2268 1221 2370 1262 non
2411 1206 2553 1276 quod
2579 1206 2822 1272 audierit,
2857 1208 3033 1262 statim
3080 1209 3383 1263 crediderit.
3416 1211 3580 1276 Quid,
3609 1213 3753 1281 quod

2170 1297 2355 1352 eadem
2401 1297 2632 1351 charitas
2677 1296 2946 1364 admonet,
2979 1313 3084 1354 non
3129 1298 3282 1355 facile
3309 1300 3375 1354 de
3419 1301 3580 1355 fratre
3628 1303 3755 1358 mali

2170 1387 2369 1458 aliquid
2398 1402 2519 1443 esse
2559 1387 2904 1455 credendum;
2947 1399 3003 1444 et
3026 1405 3145 1444 cmn
3175 1391 3279 1446 tale
3307 1391 3504 1462 aliquid
3529 1393 3757 1462 dicitur,

2173 1479 2275 1536 hoc
2311 1480 2378 1535 ad
2415 1495 2473 1536 se
2500 1482 2669 1552 magis
2696 1481 2930 1550 judicat'
2961 1485 3226 1552 pertinere
3279 1501 3347 1539 ne
3382 1487 3602 1540 credat?
3650 1487 3753 1542 Po.

2171 1581 2372 1626 stremo
2419 1571 2531 1642 ipsa
2569 1572 2804 1628 charitas
2847 1590 2947 1644 qua
2991 1577 3168 1630 omnia
3209 1577 3398 1640 credit,
3453 1563 3753 1633 non'omni

2172 1662 2378 1732 spiritui
2403 1662 2574 1718 credit
2602 1680 2616 1716 :
2646 1678 2708 1717 ac
2732 1679 2829 1736 per
2857 1665 2978 1732 hoc,
3006 1667 3182 1721 omnia
3211 1668 3424 1738 quidem
3450 1669 3636 1732 credit,
3657 1671 3754 1724 sed

2177 1754 2316 1820 Deo;
2345 1754 2466 1824 quia
2493 1769 2598 1809 non
2627 1754 2828 1810 dictum
2858 1766 2959 1819 est,
2989 1755 3250 1812 Omnibus
3273 1759 3462 1814 credit.
3493 1759 3629 1814 Nulli
3657 1761 3756 1814 ita-

2173 1860 2278 1915 que
2314 1845 2532 1900 dubium
2575 1854 2678 1912 est,
2718 1861 2836 1900 eam
2885 1847 3042 1902 ﬁdem
3082 1849 3150 1904 ab
3197 1851 3455 1920 Apostolo
3482 1866 3758 1908 comment.

2174 1937 2311 2002 dari,
2340 1952 2444 2006 qua
2474 1937 2711 1992 creditur
2741 1939 2870 1992 Deo.

2246 2028 2336 2082 56.
2379 2027 2485 2083 Sed
2524 2026 2698 2082 adhuc
2737 2026 2932 2098 aliquid
2981 2027 3388 2085 discernendum
3429 2032 3544 2087 est’
3573 2052 3587 2089 :
3615 2049 3754 2104 quo-

2176 2118 2318 2172 niam
2343 2127 2398 2172 et
2425 2118 2498 2172 illi
2537 2117 2626 2187 qui
2657 2118 2754 2172 sub
2785 2118 2897 2188 lege
2921 2126 3064 2184 sunt,
3098 2128 3150 2173 et
3178 2121 3368 2177 timore
3408 2138 3576 2192 paena:
3598 2124 3759 2192 justi-

2179 2209 2303 2264 tiam
2330 2225 2480 2264 suam
2509 2209 2683 2265 facere
2708 2219 2987 2276 conantur,
3013 2219 3067 2265 et
3108 2211 3229 2266 ideo
3271 2228 3374 2266 non
3420 2215 3614 2268 facian
3664 2217 3761 2270 Dei

2171 2297 2454 2370 justitiam,
2492 2299 2613 2369 quia
2643 2299 2876 2354 charitas
2915 2315 3032 2356 eam
3070 2300 3405 2370 ﬁucit,.quam
3448 2321 3551 2357 nou
3594 2305 3762 2360 liliet‘

2177 2391 2280 2446 nisi
2310 2391 2452 2461 quod
2481 2391 2625 2456 licet,
2654 2406 2760 2446 non
2803 2393 2980 2458 timor,
3007 2394 3095 2462 qui
3124 2395 3329 2465 cogitur
3367 2395 3418 2449 in
3459 2411 3622 2466 opere
3667 2398 3760 2451 lia-

2177 2482 2306 2538 bere
2333 2481 2473 2553 quod
2518 2481 2662 2548 licet,
2692 2497 2812 2538 eum
2842 2484 2984 2538 aliud
3025 2485 3215 2540 habeat
3256 2488 3307 2541 in
3337 2487 3628 2552 voluntate,
3655 2506 3762 2559 qua

2178 2574 2384 2641 mallet,
2397 2573 2442 2628 si
2466 2573 2580 2630 ﬁeri
2598 2583 2795 2644 posset,
2819 2575 2980 2632 licere
3001 2577 3142 2646 quod
3165 2593 3269 2632 non
3290 2579 3441 2634 licet:
3463 2589 3516 2634 et
3539 2580 3610 2634 illi
3632 2597 3766 2651 ergo

2178 2663 2404 2722 credunt
2432 2663 2574 2731 Deo;
2598 2681 2719 2720 nam
2747 2667 2790 2720 si
2819 2666 3037 2721 omnino
3056 2683 3160 2721 non
3191 2669 3497 2735 crederent,
3525 2685 3622 2724 nec
3645 2686 3765 2738 pm-

2180 2770 2303 2812 Isam
2331 2755 2464 2827 legis
2507 2756 2689 2827 utique
2719 2754 3082 2813 formidarent.
3127 2758 3231 2814 Sed
3279 2775 3383 2815 non
3430 2763 3562 2816 hanc
3603 2761 3766 2818 ﬁdem

2180 2847 2519 2904 commendat
2543 2847 2826 2918 Apostolus
2849 2889 2864 2914 ,
2886 2849 2976 2920 qui
3003 2850 3166 2917 dicit,
3200 2849 3321 2906 Non
3350 2853 3480 2905 enim
3503 2855 3768 2918 accepistis

2187 2938 2418 3010 spiritum
2439 2939 2688 2993 servitutis
2714 2938 2898 2992 iterum
2916 2941 2970 2992 in
2992 2940 3240 3006 timorem;
3267 2942 3354 2996 sed
3372 2944 3634 3013 accepistis
3657 2945 3768 3013 spi-

2182 3030 2338 3085 ritum
2359 3029 2645 3102 adoptionis
2669 3030 2910 3100 ﬁliorum,
2939 3031 2992 3086 in
3017 3047 3116 3104 quo
3143 3033 3442 3102 clamamus,
3467 3035 3624 3102 Abba,
3654 3035 3769 3090 Pa-

2183 3130 2256 3177 ter
2289 3122 2461 3197 (Rom.
2508 3137 2634 3190 vm,
2663 3122 2772 3192 ιδ).
2819 3122 3004 3179 Timor
3029 3139 3156 3195 ergo
3196 3125 3285 3182 ille
3313 3127 3523 3183 servilis
3557 3139 3636 3184 est
3666 3148 3679 3182 :
3712 3138 3769 3184 et

2185 3213 2308 3269 ideo
2343 3213 2585 3284 quamvis
2607 3213 2660 3268 in
2681 3213 2772 3269 illo
2800 3213 3024 3271 Domino
3051 3215 3320 3286 credatur,
3349 3233 3452 3272 non
3484 3228 3656 3275 tamen
3682 3221 3770 3290 ju-

2186 3304 2330 3361 stitia
2370 3304 2642 3377 diligitur,
2670 3305 2767 3362 sed
2805 3305 3076 3368 damnatio
3111 3307 3344 3364 timetur.
3367 3308 3484 3366 Filii
3511 3326 3635 3366 vero
3660 3313 3772 3366 cla-

2186 3403 2334 3451 mant
2347 3395 2506 3464 Abba,
2516 3394 2688 3464 Pater,
2702 3412 2925 3467 quarum
2938 3397 3162 3453 duarum
3181 3413 3366 3455 vocum
3385 3415 3486 3456 una
3497 3411 3578 3456 est
3589 3416 3654 3456 ex
3665 3401 3773 3456 cir-

2187 3485 2530 3554 cumcisione,
2544 3485 2707 3541 altera
2719 3501 2784 3542 ex
2799 3489 3077 3558 prtcputio,
3090 3487 3257 3544 Judari
3276 3491 3499 3560 primum
3513 3500 3565 3546 et
3577 3490 3748 3546 Gra~ci
3757 3511 3773 3550 :

2187 3578 2424 3649 quoniam
2447 3591 2578 3632 unus
2604 3587 2678 3632 est
2701 3575 2867 3644 Deus,
2888 3582 2976 3644 qui
2991 3579 3242 3650 justi/ient
3260 3581 3684 3637 circumcisionem
3709 3599 3778 3637 es
3813 3620 3822 3628 ο

2189 3667 2321 3738 ﬁde,
2347 3675 2394 3722 et
2422 3668 2724 3738 prmputium
2745 3683 2833 3738 per
2853 3669 3011 3738 ﬁdem
3037 3667 3154 3742 (Id.
3185 3686 3274 3738 tu,
3295 3670 3389 3741 30)
3434 3670 3566 3728 Cum
3591 3684 3774 3728 autem

2190 3757 2441 3832 clamant,
2469 3757 2664 3828 aliquid
2693 3766 2910 3826 petunt:
2933 3767 2988 3814 et
3010 3759 3134 3829 quid
3159 3769 3338 3829 petunt
3359 3761 3458 3816 nisi
3484 3761 3622 3830 quod
3643 3778 3774 3815 esu-

2192 3849 2339 3903 riunt
2387 3855 2443 3903 et
2479 3847 2708 3903 sitiunt?
2740 3848 2806 3903 Et
2831 3849 2932 3904 hoc
2959 3849 3085 3920 quid
3116 3859 3226 3916 est,
3254 3851 3355 3906 nisi
3397 3851 3536 3921 quod
3566 3851 3633 3908 de
3666 3853 3776 3909 illis

2192 3938 2392 3995 dictum
2419 3947 2530 4006 est,
2559 3938 2703 3993 Beati
2726 3940 2813 4011 qui
2835 3941 3060 3995 esuriant
3087 3952 3134 3994 et
3156 3942 3331 3995 sitiunt
3349 3943 3624 4013 justitiam,
3650 3958 3778 4014 quo-

2193 4034 2333 4088 niam
2368 4032 2469 4104 ipsi
2495 4032 2852 4088 saturabuntur
2875 4031 3087 4102 (Matth.
3108 4048 3164 4102 v,
3191 4033 3284 4105 6)?
3315 4033 3426 4091 Huc
3451 4050 3578 4103 ergo
3603 4047 3777 4091 trans-

2194 4131 2322 4179 eant
2371 4122 2460 4194 qui
2495 4121 2594 4178 sub
2619 4123 2736 4194 lege
2775 4132 2898 4177 sunt
2921 4164 2936 4188 ,
2968 4134 3024 4178 ut
3051 4139 3116 4179 ex
3155 4127 3320 4180 servis
3349 4125 3440 4180 tilii
3481 4129 3604 4180 tiant
3634 4144 3647 4180 :
3679 4144 3780 4182 nec

2195 4213 2275 4270 sic
2326 4223 2541 4276 tamen,
2593 4221 2651 4266 ut
2703 4214 2841 4266 servi
2889 4227 3009 4268 esse
3053 4213 3345 4278 desistant;
3403 4216 3494 4270 sed
3549 4226 3604 4270 ut
3657 4227 3778 4270 tan-

2197 4321 2357 4377 quam
2383 4305 2474 4361 ﬁlii
2495 4305 2712 4360 domino
2735 4315 2790 4360 et
2819 4305 2952 4372 patri
2977 4306 3263 4362 liberaliter
3284 4311 3548 4370 serviant,
3575 4311 3695 4378 quia
3725 4321 3780 4366 cl

2198 4397 2301 4454 boe
2338 4407 2700 4468 acceperunt:
2733 4396 2869 4449 dedit
2913 4397 3053 4450 enim
3084 4407 3376 4468 potestatem
3415 4398 3500 4453 ille
3545 4397 3742 4454 Unicus
3765 4444 3779 4466 ,

2200 4491 2334 4560 filios
2357 4489 2449 4543 Dei
2465 4489 2577 4557 ﬁeri
2599 4489 2912 4542 credentibus
2939 4489 2991 4541 in
3021 4489 3224 4542 nomine
3246 4491 3356 4558 ejus
3375 4488 3554 4557 (Joan.
3583 4506 3621 4555 t,
3652 4491 3736 4559 i9.)
3769 4509 3782 4543 :

2201 4596 2400 4650 eosque
2428 4579 2703 4633 admonuit
2735 4586 2912 4648 petere
2931 4620 2946 4642 ,
2974 4594 3214 4648 qutcrcre
3234 4620 3247 4641 ,
3274 4579 3483 4648 pulsam
3505 4623 3518 4646 ,
3551 4590 3606 4634 ut
3640 4597 3716 4634 ac:
3741 4584 3782 4633 io

2203 4672 2385 4742 piant,
2415 4680 2467 4724 et
2494 4669 2798 4734 inveniant,
2827 4678 2880 4721 ct
2917 4670 3185 4737 aperiatur
3226 4671 3336 4734 eis;
3381 4669 3582 4723 addens
3615 4671 3779 4724 incrc~

2205 4764 2492 4834 patiouem,
2523 4771 2578 4817 et
2596 4762 2800 4825 dicens,
2833 4759 2893 4816 Si
2917 4777 3000 4814 vos
3021 4777 3134 4814 cum
3159 4761 3267 4813 sitis
3294 4761 3438 4824 mali,
3467 4763 3624 4816 nostis
3657 4763 3790 4816 bona

2205 4857 2323 4910 data
2343 4855 2466 4908 dare
2491 4854 2611 4922 ﬁliis
2645 4853 2844 4916 vestris,
2871 4861 3056 4922 quanto
3082 4853 3240 4922 magis
3277 4851 3428 4904 Pater
3455 4863 3610 4906 uester
3629 4851 3716 4920 qui
3741 4855 3792 4904 iu

2203 4947 2342 5002 aclis
2367 4955 2472 5010 est,
2495 4944 2632 4998 dabit
2657 4943 2787 4996 bona
2812 4943 3086 5014 petentibus
3105 4958 3156 4995 se
3186 4948 3206 5009 (
3229 4940 3414 4994 Matth.
3449 4956 3521 4994 vu
3543 4983 3558 5007 ,
3589 4941 3789 5009 7-H)!

2206 5035 2338 5094 Cum
2381 5051 2508 5107 ergo
2529 5035 2696 5089 virtus
2737 5032 2934 5102 peccati
2982 5031 3066 5084 lex
3099 5029 3504 5086 inﬂammavetit
3545 5030 3794 5085 aculeum

2209 5129 2393 5184 mortis
2418 5126 2458 5193 (1
2486 5127 2604 5181 Cor.
2636 5141 2724 5186 xv,
2748 5125 2863 5193 56),
2883 5134 2938 5176 ut
2965 5125 3246 5177 occasione
3266 5133 3481 5190 accepta
3511 5131 3794 5190 peccatum

2212 5236 2306 5291 per
2370 5218 2675 5274 mandatum
2738 5222 2990 5284 operetur
3035 5229 3248 5268 omnem
3300 5213 3790 5282 concupiscentiam

2276 5401 2294 5433 ι
2329 5405 2447 5447 'n-es
2471 5408 2500 5445 e
2519 5394 2756 5445 Vaticanis
2775 5399 2906 5452 .\tss.,
2929 5394 3094 5440 utrum
3112 5400 3178 5440 ea:
3199 5396 3298 5438 Deo
3315 5393 3402 5439 est.

2276 5463 2297 5493 ²
2331 5467 2379 5508 ιιι
2403 5459 2564 5514 editis,
2589 5454 2790 5520 indica!-
2876 5513 2904 5520 ,,
2976 5511 3022 5520 ,,
3091 5509 3103 5520 .
3141 5509 3172 5520 ..

2279 5523 2300 5554 ι
2317 5503 2567 5590 εῖῐίιῖῖξέῑζ
2583 5503 2742 5566 adhuc
2757 5503 2826 5566 est
2837 5511 3022 5578 aliquid
3037 5509 3104 5561 ad
3120 5506 3504 5561 discernendum.
3528 5505 3696 5564 Abest,
3713 5503 3800 5567 ad,

2215 5598 2243 5635 s
2265 5590 2617 5641 manuscrtptts.

2279 5627 2700 5703 Imaginem
2724 5637 2852 5700 tua,
2902 5644 2952 5686 At
2973 5642 3099 5697 ιω,
3122 5643 3268 5697 quam
3289 5643 3382 5682 non
3421 5629 3550 5681 sm.
3573 5628 3647 5680 sic
3667 5627 3802 5692 loqui

2220 5707 2346 5760 solet
2372 5703 2678 5766 angustiam.
3805 5735 3815 5743 .
