3994 6178
299 239 412 296 237

293 437 386 493 illo
413 441 502 512 qui
530 443 676 497 novit
707 444 844 498 bona
871 445 993 502 data
1030 448 1160 504 dare
1189 450 1313 506 ﬁliis
1345 454 1496 508 suis?
1519 456 1600 508 An
1627 453 1767 510 forte
1793 473 1890 514 ne-

291 528 396 585 scit
421 531 704 602 insipiens,
733 535 875 606 quod
907 551 1066 592 nemo
1093 553 1214 596 esse
1251 544 1418 610 possit
1438 545 1752 612 continens,
1786 547 1888 604 nisi

289 620 436 675 Dens
457 622 548 677 det
572 622 728 695 (Sep.
757 641 882 695 vm,
909 626 1044 699 2|)?
1067 628 1180 685 Hoc
1209 645 1341 702 ergo
1371 641 1428 688 ιιι
1468 635 1635 704 sciat,
1662 636 1776 707 ipsa
1809 639 1890 693 in-

263 712 437 784 .diget
460 717 752 785 sapientia.
778 719 888 775 Cur
915 721 1093 792 itaque
1113 739 1220 779 non
1245 726 1394 780 audit
1420 727 1592 792 Patris
1617 730 1699 784 sui
1724 731 1885 802 spiri-

285 811 400 858 tum
427 803 688 862 dicentem
717 823 812 878 per
833 813 1133 880 apostolum
1155 813 1386 881 Christi,
1415 817 1499 872 vel
1528 818 1700 890 ipsum
1725 818 1850 876 Curi
1867 850 1884 863 ο

281 902 430 948 stum
459 895 550 966 qui
599 895 732 952 dicit
758 898 812 953 in
839 900 1132 972 Evangelia
1170 919 1268 960 suo
1289 947 1306 973 ,
1337 905 1500 962 Petita
1520 949 1534 973 ,
1557 919 1606 964 et
1627 912 1883 982 accipietis

282 983 500 1053 (Matt/1.
531 1003 642 1054 vn,
672 989 727 1061 7)
749 990 773 1044 ἲ
799 989 1106 1061 loquentem
1133 996 1293 1052 etiam
1325 997 1378 1052 in
1407 1001 1651 1069 apostolo
1678 1017 1796 1068 suo,
1826 1012 1882 1058 et

279 1075 582 1142 dicentem,
617 1078 680 1134 Si
702 1082 814 1150 quis
843 1094 1059 1139 vestrum
1086 1086 1276 1158 indiget
1301 1089 1571 1158 sapientia,
1605 1093 1822 1161 postulet
1847 1111 1880 1147 a

279 1166 423 1233 Deo,
451 1171 538 1238 qui
563 1171 650 1224 dat
696 1175 925 1230 omnibus
951 1177 1207 1247 aﬂluenter
1248 1191 1294 1235 et
1319 1198 1419 1236 non
1461 1183 1800 1255 improperat,
1831 1197 1877 1241 et

278 1259 488 1314 dabitur
506 1262 621 1326 illi;
649 1265 864 1334 postulet
889 1277 1056 1322 autem
1084 1270 1135 1323 in
1164 1270 1266 1338 ﬁde
1287 1314 1302 1336 ,
1331 1273 1463 1328 nillil
1487 1275 1727 1330 ltwsitans
1752 1275 1874 1350 (Ja-

276 1353 390 1407 cobi
419 1370 457 1419 ι,
475 1355 533 1421 5,
558 1356 615 1429 6)
638 1359 660 1411 ‘l
687 1357 814 1414 llazc
840 1371 922 1415 est
951 1361 1102 1425 ﬁdes,
1134 1381 1198 1416 ex
1220 1380 1321 1433 qua
1343 1366 1518 1434 justus
1540 1369 1670 1423 vivit
1691 1369 1869 1441 (Rom.

273 1459 292 1498 ι
311 1485 327 1509 ,
357 1447 449 1517 17)
486 1465 502 1500 :
539 1448 652 1504 lucc
675 1457 761 1505 est
791 1449 924 1506 ﬁdes
946 1495 962 1515 .
993 1469 1096 1523 qua
1124 1455 1358 1510 creditur
1379 1458 1430 1512 in
1454 1475 1578 1514 eum
1607 1463 1695 1530 qui
1718 1461 1872 1531 justi-

271 1535 396 1591 ﬁcat
419 1538 642 1608 impium
669 1539 779 1611 (Id.
804 1557 876 1606 ιν,
909 1543 963 1614 5)
990 1561 1003 1597 :
1037 1544 1150 1600 lucc
1177 1555 1258 1600 est
1287 1545 1437 1613 ﬁdes,
1463 1536 1568 1620 'per
1595 1566 1753 1620 quam
1777 1567 1870 1608 cx-

269 1629 504 1684 cludilur
543 1631 791 1700 gloriatio
818 1633 928 1706 (Id.
963 1652 1043 1700 ιιι,
1072 1636 1200 1708 27);
1229 1639 1344 1695 sive
1371 1649 1430 1695 ut
1471 1642 1722 1698 abscedat
1764 1661 1865 1716 qua

269 1719 322 1773 iu
373 1723 535 1776 nobis
575 1722 858 1791 inﬂantur,
892 1725 1005 1780 sive
1052 1736 1108 1781 ιιι
1153 1729 1384 1785 emineat
1412 1748 1514 1803 qua
1559 1734 1612 1788 in
1640 1735 1866 1791 Domino

266 1813 564 1882 gloriamur
587 1832 602 1869 :
637 1815 749 1871 haac
772 1827 854 1872 est
874 1818 1027 1883 ﬁdes,
1051 1836 1152 1890 qua
1179 1822 1493 1891 impetratur
1521 1825 1736 1898 largitas
1750 1831 1830 1900 spi
1848 1860 1862 1869 -

267 1905 404 1958 ritus
429 1945 444 1968 ,
470 1904 543 1959 de
566 1921 672 1975 quo
717 1906 940 1970 dicitur,
968 1908 1080 1964 Nos
1121 1913 1254 1966 enim
1287 1914 1466 1984 spin'tu
1495 1932 1556 1970 ex
1581 1919 1683 1986 [ide
1719 1935 1860 1988 spem

258 1995 474 2064 iustitia:
519 1998 1082 2067 aspectamus(Galat.
1108 2016 1163 2067 ν,
1195 2001 1273 2073 5).
1306 2002 1405 2060 Ubi
1432 2007 1646 2076 quidem
1689 2013 1859 2080 qumri

262 2086 441 2140 adhuc
471 2097 682 2155 potest,
713 2098 888 2144 utrum
914 2105 1068 2162 spem
1092 2091 1315 2162 justitim
1343 2095 1576 2166 dixerit,
1604 2115 1707 2171 qua
1730 2118 1856 2171 spe-

263 2190 344 2231 rat
365 2178 575 2246 justitia
603 2181 620 2212 ²
640 2223 655 2245 ,
689 2197 756 2236 an
785 2197 888 2253 qua
918 2193 1163 2254 Speratur
1191 2186 1303 2256 ipsa
1333 2187 1535 2256 justitia
1560 2209 1575 2246 :
1603 2195 1854 2262 quoniam

257 2267 434 2337 justus
457 2286 522 2326 ex
575 2271 678 2328 ﬁde
707 2274 924 2339 vivens,
946 2284 1127 2345 Sperat
1161 2277 1346 2348 utique
1369 2280 1531 2336 vitam
1557 2291 1812 2339 aeternam
1837 2303 1850 2350 ;

260 2360 496 2432 itemque
548 2363 680 2419 ﬁdes
721 2367 964 2423 esuriens
1002 2368 1298 2442 sitiensque
1319 2371 1580 2442 justitiam
1627 2391 1854 2434 renova-

261 2456 406 2511 tione
431 2460 451 2490 ³
471 2457 542 2514 de
574 2459 662 2514 die
689 2459 744 2514 in
781 2460 924 2516 diem
955 2461 1225 2519 interioris
1249 2464 1478 2521 hominis
1523 2464 1588 2540 (il
1611 2466 1729 2524 Cor.
1762 2485 1847 2538 ιν,

259 2547 348 2613 iii)
380 2551 590 2616 proiicit
617 2550 667 2604 in
697 2567 782 2617 ea,
803 2564 858 2608 et
883 2563 1061 2623 sperat
1089 2554 1144 2610 in
1187 2571 1251 2612 ea
1270 2558 1453 2612 satiari
1483 2558 1537 2613 in
1561 2560 1665 2614 vita
1687 2571 1847 2616 αξιοι-ο

259 2652 345 2704 na,
372 2639 460 2694 ubi
487 2639 580 2695 ﬁet
597 2640 648 2695 id
669 2643 810 2712 quod
835 2643 887 2698 in
908 2644 1118 2700 Psalmo
1133 2645 1201 2702 de
1221 2647 1332 2703 Deo
1350 2647 1563 2715 dicitur,
1584 2649 1684 2716 Qui
1696 2653 1848 2708 satiat

257 2726 307 2780 in
327 2729 471 2784 bouis
497 2730 800 2786 desiderium
827 2744 967 2788 tuum
989 2721 1159 2809 (Paul.
1189 2751 1261 2792 cn
1279 2777 1296 2802 ,
1318 2735 1405 2812 5).
1430 2738 1557 2796 Haec
1576 2749 1666 2797 ‘est
1690 2742 1842 2809 ﬁdes,

257 2833 353 2886 qua
381 2819 515 2872 salvi
532 2819 683 2886 ﬁunt,
701 2822 893 2892 quibus
907 2823 1101 2880 dicitur
1117 2824 1324 2882 τοι-αιὶα
1344 2829 1470 2884 salui
1483 2831 1608 2900 {acti
1623 2834 1740 2888 estis
1755 2851 1846 2905 per

253 2907 428 2977 ﬁdem;
443 2920 490 2964 et
506 2910 603 2966 hoc
621 2929 723 2968 non
737 2931 800 2968 ea:
819 2914 1068 2980 ποιώδεά
1084 2916 1182 2972 Dei
1195 2919 1384 2974 donum
1399 2929 1472 2976 est
1491 2939 1512 2977 :
1528 2939 1628 2978 non
1649 2941 1712 2978 ea:
1725 2941 1845 2995 ope-

253 2999 406 3066 ribus,
430 3017 490 3056 ue
508 3003 643 3068 forte
660 3005 772 3074 quis
789 3007 1079 3062 extollatur.
1095 3007 1270 3079 Ipsius
1287 3013 1420 3066 enim
1433 3016 1840 3086 sumus‘ﬁgmen.

251 3099 373 3156 tum,
389 3095 549 3146 creati
573 3093 626 3146 iu
649 3092 847 3150 Christo
862 3095 989 3152 Iesu
1003 3100 1057 3154 in
1073 3101 1305 3168 operibus
1329 3103 1491 3169 bonis,
1503 3121 1618 3176 qua
1634 3123 1838 3178 praepa-

249 3182 376 3234 ravit
408 3179 544 3238 Deus
565 3193 618 3237 ut
650 3185 702 3240 in
727 3187 830 3241 illis
852 3189 1164 3247 ambulemus
1188 3191 1404 3263 (Ep/tes.
1433 3211 1468 3250 tl
1488 3238 1506 3264 ,
1538 3197 1703 3270 8-10).
1737 3200 1840 3256 Po-

247 3281 450 3328 stremo
482 3274 598 3330 hare
619 3287 701 3332 est
748 3278 879 3334 ﬁdes
899 3321 914 3344 ,
947 3295 1067 3351 qua:
1098 3298 1193 3352 per
1215 3284 1559 3344 dilectionem
1586 3300 1838 3360 operatur

248 3359 442 3433 (Halat.
468 3381 522 3428 v,
556 3365 634 3437 ϐ),
663 3383 767 3422 non
796 3383 894 3438 per
921 3370 1190 3440 timorem;
1221 3390 1326 3429 non
1359 3359 1692 3435 l‘ormidando
1717 3397 1834 3452 pte-

245 3467 399 3519 nam,
430 3454 526 3509 sed
553 3457 781 3512 amando
801 3459 1085 3528 justitiam.
1119 3461 1272 3520 Unde
1293 3481 1422 3537 ergo
1447 3467 1546 3523 ista
1573 3469 1796 3528 dilectio
1815 3515 1830 3538 ,

241 3541 294 3596 id
321 3553 435 3605 est,
471 3545 706 3602 charitas
733 3563 824 3618 per
875 3567 1032 3620 quam
1061 3553 1192 3609 tides
1237 3567 1519 3626 operatur,
1552 3561 1653 3616 nisi
1693 3563 1833 3620 unde

239 3633 386 3689 illam
413 3635 546 3692 ﬁdes
575 3637 688 3710 ipsa
729 3641 1066 3711 impetravit?
1094 3645 1278 3717 Neque
1305 3649 1449 3704 enim
1480 3661 1626 3708 esset
1653 3652 1705 3708 in
1735 3670 1833 3710 no-

237 3723 322 3780 bis
344 3767 362 3790 ,
388 3737 819 3804 quantacumque
844 3734 913 3788 sit
939 3735 989 3789 in
1015 3736 1169 3792 nobis
1189 3778 1206 3803 ,
1235 3739 1336 3794 nisi
1361 3739 1748 3800 diffunderetur
1773 3747 1826 3802 in

234 3817 491 3874 ctu-dibus
522 3823 719 3879 nostris
746 3839 842 3894 per
865 3825 1124 3894 Spiritum
1153 3841 1417 3898 Sanctum,
1444 3835 1535 3902 qui
1559 3835 1714 3891 datos
1745 3848 1829 3894 est

235 3909 394 3964 nobis
415 3911 590 3982 (Rom.
625 3928 660 3966 v
679 3957 695 3979 ,
717 3916 796 3988 5).
819 3917 1066 3976 Charitas
1083 3921 1281 3994 quippe
1308 3925 1403 3982 Dei
1445 3926 1589 3984 dicta
1612 3939 1698 3986 est
1719 3931 1824 3987 dif-

233 4000 383 4058 fundi
411 4003 466 4058 in
513 4005 762 4062 cordibus
813 4011 1046 4079 nostris,
1071 4027 1178 4069 non
1213 4031 1315 4086 qua
1358 4032 1456 4072 nos
1477 4018 1592 4088 ipse
1616 4020 1820 4092 diligit,

227 4095 326 4150 sed
353 4111 460 4167 qua
489 4112 588 4169 nos
608 4097 732 4154 facit
769 4099 1060 4160 dilectores
1091 4118 1217 4160 suos
1241 4123 1255 4160 :
1286 4107 1425 4164 sicut
1455 4109 1658 4180 jnstitia
1686 4113 1778 4169 Dei
1803 4155 1818 4178 .

226 4203 331 4258 qua
355 4188 489 4258 justi
518 4189 636 4259 ejus
665 4207 888 4272 munere
927 4193 1188 4252 efﬁcimur
1216 4195 1333 4270 (Id.
1359 4215 1442 4266 ut,
1471 4198 1610 4274 24);
1633 4211 1689 4259 et
1719 4204 1821 4260 Do-

228 4276 360 4332 mini
385 4278 568 4342 salus,
597 4295 699 4351 qua
727 4297 826 4337 nos
859 4283 1037 4341 salvos
1060 4283 1186 4343 facit
1213 4287 1386 4358 (Psal.
1424 4306 1514 4360 ut,
1541 4293 1632 4364 9);
1661 4303 1718 4350 et
1750 4296 1817 4350 ﬁ-

222 4368 321 4425 des
347 4369 478 4427 Jesu
500 4369 729 4442 Christi,
761 4391 862 4446 qua
893 4392 992 4432 nos
1016 4377 1200 4435 ﬁdeles
1226 4379 1350 4436 facit
1373 4381 1568 4452 (Galat.
1599 4401 1674 4454 ιι,
1699 4387 1812 4459 16).

223 4457 351 4516 llaec
396 4471 482 4519 est
513 4462 716 4533 justitia
763 4466 896 4535 Dei,
946 4483 1102 4537 quam
1147 4485 1253 4526 non
1295 4473 1467 4528 solum
1510 4474 1668 4531 docet
1719 4457 1814 4547 per

217 4553 354 4624 legis
400 4565 758 4628 pmoeptum,
789 4574 978 4615 verum
1021 4561 1181 4616 etiam
1217 4562 1305 4617 dat
1334 4579 1428 4634 per
1467 4565 1686 4638 spiritus
1709 4569 1809 4626 do-

218 4663 370 4704 num.
1604 4673 1614 4684 ’

226 4789 239 4799 .
287 4739 520 4799 CAPUT
556 4739 794 4800 XXXIII.
850 4775 902 4787 —
942 4730 1034 4804 5'7.
1070 4747 1314 4806 Voluntas
1365 4751 1604 4808 credendi
1651 4757 1801 4836 unde.

211 4827 318 4885 Sed
345 4846 681 4904 consequens
706 4843 784 4890 est
815 4837 1082 4906 paululum
1111 4856 1350 4910 qnzerere
1373 4884 1388 4906 ,
1421 4854 1595 4900 utrum
1617 4827 1806 4902 volun-

211 4927 296 4976 tas
320 4920 411 4976 illa
438 4937 542 4993 qua
566 4925 865 4992 credimus,
894 4928 1054 4984 etiam
1101 4930 1216 4999 ipsa
1246 4931 1338 4988 Dei
1358 4933 1554 4990 donum
1601 4937 1708 5004 sit,
1735 4953 1801 4993 an

209 5025 277 5066 ex
319 5012 416 5066 illo
459 5015 768 5072 naturaliter
810 5017 970 5074 insito
997 5019 1164 5076 libero
1201 5022 1513 5081 adhibeatur
1557 5027 1796 5084 arbitrio.

204 5095 260 5155 Si
279 5104 425 5157 enim
451 5101 744 5162 dixerimus
763 5122 878 5162 eam
905 5125 1012 5166 non
1035 5125 1156 5166 esse
1184 5111 1380 5169 donum
1411 5116 1502 5172 Dei
1520 5157 1535 5182 ,
1560 5129 1800 5175 metuen-

201 5189 332 5245 dum
369 5201 458 5248 est
482 5209 550 5249 ne
577 5195 946 5253 existimemus
971 5198 1236 5263 invenisse
1262 5219 1358 5259 nos
1389 5204 1586 5276 aliquid
1606 5247 1622 5272 ,
1653 5209 1794 5278 quod

203 5280 468 5351 Apostono
493 5286 785 5354 mcrepanti
803 5297 858 5342 et
879 5287 1074 5345 dicenti
1095 5329 1111 5358 ,
1142 5291 1282 5358 Quid
1311 5295 1443 5349 enim
1472 5296 1624 5352 habes
1659 5300 1796 5368 quod

203 5385 310 5425 non
359 5375 601 5446 accepisti
611 5375 638 5429 2
685 5375 751 5433 Si
800 5389 967 5433 autem
1006 5390 1053 5436 et
1095 5385 1362 5454 accepisti,
1401 5387 1522 5457 quid
1556 5389 1792 5458 gloriaris

201 5463 348 5530 qusi
375 5479 478 5518 non
515 5467 765 5550 acceperis
791 5467 812 5542 (
835 5469 852 5524 I
875 5467 993 5526 Cor.
1026 5487 1097 5539 Iv,
1130 5473 1202 5546 7)
1222 5475 1247 5530 l
1269 5477 1593 5548 respondere
1622 5482 1792 5550 possi-

259 5603 280 5671 ξ
316 5609 518 5671 ιιι-ιω..
540 5619 682 5665 quan
705 5614 870 5671 sperat
875 5611 1082 5671 iustitia.

259 5660 280 5688 '
318 5660 514 5729 aliquot
527 5660 649 5732 uss,
682 5660 938 5734 siiiensque
949 5660 1155 5735 justitite
1177 5679 1535 5730 νεηουαιὶοηαιι.

1717 254 1920 311 LlBEl‘.
1961 258 2163 316 UNUS.

302 347 474 408 illam.
502 327 577 408 vn
597 393 613 417 ,
644 351 736 424 8),
759 366 790 408 a
819 365 924 426 quo
954 358 1178 427 petenda
1209 369 1290 414 est
1315 363 1638 420 continentia
1663 407 1674 427 ,
1699 367 1798 421 nisi
1827 369 1893 421 ab

3454 248 3456 250 ’
3487 286 3591 348 ιδι

2007 387 2144 440 mus,
2177 375 2314 432 Ecce
2347 378 2600 437 habemus
2633 386 2956 446 voluntatem
2979 393 3228 451 credendi
3249 439 3263 462 ,
3295 415 3450 470 quam
3479 419 3583 460 nan

1999 468 2303 535 accepimus
2337 487 2502 531 :ecce
2528 477 2616 533 ubi
2655 480 2966 555 gloriamur,
2999 490 3138 559 quod
3178 508 3282 549 non
3313 468 3587 568 acceperi-

1996 571 2136 614 mus.
2165 561 2218 615 Si
2245 573 2424 619 autem
2449 567 2769 639 dixerimus,
2805 579 2962 634 etiam
3005 579 3306 653 hujusmodi
3336 589 3585 648 volunta—

1997 655 2101 702 tem
2147 667 2251 706 non
2297 669 2419 712 esse
2464 659 2564 716 nisi
2611 662 2809 722 donum
2859 669 2985 738 Dei,
3017 689 3201 731 rursus
3242 683 3584 740 metuendum

1993 747 2106 802 est.
2140 758 2207 798 ne
2227 743 2466 804 iulideles
2503 759 2663 822 atque
2692 756 2839 829 impii
2863 777 2970 816 non
2999 762 3266 823 immerito
3291 786 3352 827 se
3373 775 3532 830 veluti
3560 780 3575 808 ¹

1985 827 2129 897 juste
2155 827 2907 912 excusare-videanturpideo
2949 868 3054 907 non
3083 857 3406 929 credidisse,
3439 865 3580 934 quod

1989 921 2116 978 dare
2169 926 2273 983 illis
2301 929 2440 986 Deus
2481 932 2636 992 istam
2688 942 2858 997 noluit
2887 947 3232 1006 voluntatem.
3271 953 3404 1009 Nam
3451 921 3578 1014 illud

1987 1013 2128 1082 quod
2153 1015 2351 1074 dictum
2381 1033 2462 1078 cst
2483 1065 2498 1088 ,
2529 1025 2672 1085 Deus
2705 1042 2776 1086 est
2807 1034 2938 1088 enim
2965 1039 3053 1107 qui
3085 1054 3325 1111 operatur
3357 1048 3409 1102 in
3437 1051 3580 1108 nobis

1985 1114 2033 1207 et
2057 1107 2182 1162 velle
2201 1120 2248 1164 et
2266 1117 2469 1183 operari
2489 1160 2504 1185 ,
2537 1137 2630 1189 pro
2654 1124 2785 1180 bona
2813 1129 3068 1187 uoluntate
3090 1107 3346 1210 (I’ltilipp.
3365 1158 3423 1208 ιι,
3449 1146 3574 1216 l3):

1977 1195 2088 1265 jam
2131 1204 2314 1268 gratim
2358 1219 2436 1264 est
2469 1213 2531 1278 ³,
2557 1229 2714 1286 quam
2770 1217 2900 1275 ﬁdes
2956 1223 3238 1294 impetrat,
3273 1195 3329 1286 tit
3372 1195 3576 1304 pOSsiin
3635 1293 3644 1304 ,

1981 1302 2100 1344 esse
2131 1291 2360 1352 hominis
2380 1316 2540 1370 opera
2571 1305 2730 1371 bona,
2762 1325 2881 1379 qum
2908 1325 3158 1381 Operatur
3197 1321 3328 1387 ﬁdes
3371 1291 3466 1394 per
3491 1328 3574 1382 di-

1982 1376 2300 1452 lectionem,
2333 1405 2451 1458 quae
2503 1376 2819 1454 diliunditu—r
2861 1400 2913 1456 in
2945 1376 3119 1462 'corde
3168 1382 3264 1480 per
3315 1376 3572 1484 spiritum

1977 1483 2217 1530 sanctum
2249 1481 2337 1549 qui
2365 1481 2520 1539 datus
2549 1497 2631 1542 est
2670 1491 2843 1546 nobis.
2871 1495 2925 1550 Si
2957 1497 2978 1528 ³
3005 1501 3274 1558 credimus
3306 1481 3368 1559 ut
3397 1506 3571 1578 impc-

1979 1570 2179 1622 trcmus
2209 1567 2344 1627 hanc
2373 1577 2594 1645 gratiam
2617 1621 2632 1645 ,
2666 1591 2720 1636 et
2758 1585 2938 1656 utique
2967 1592 3234 1650 voluntate
3266 1599 3566 1667 credimus.

1974 1656 2042 1713 de
2071 1658 2170 1716 hac
2196 1667 2454 1734 qua-ritur
2481 1671 2623 1728 unde
2650 1673 2720 1728 sit
2747 1678 2920 1734 nobis.
2964 1682 3016 1738 Si
3041 1697 3246 1754 natura,
3271 1705 3434 1760 quare
3460 1711 3566 1750 non

1972 1751 2218 1810 omnibus
2243 1796 2257 1819 ,
2299 1769 2420 1812 cum
2469 1761 2539 1814 sit
2593 1763 2733 1818 idem
2784 1767 2923 1824 Dens
2949 1774 3186 1830 omnium
3227 1751 3564 1840 creatoi'?6i

1970 1839 2114 1899 dono
2137 1843 2229 1900 Dei
2254 1889 2268 1914 ,
2296 1850 2456 1905 etiam
2479 1851 2582 1910 hoc
2609 1871 2774 1926 quare
2804 1876 2907 1916 non
2936 1866 3202 1934 onmibus,
3223 1886 3341 1927 cum
3371 1889 3558 1934 omnes

1969 1930 2213 1992 homines
2239 1938 2366 1993 velit
2405 1943 2585 1999 salvos
2616 1946 2728 2002 ﬁeri
2754 1991 2768 2016 ,
2801 1960 2855 2005 et
2879 1952 2932 2007 in
2958 1958 3282 2025 agnitionem
3310 1965 3554 2024 veritatis

1967 2022 2150 2081 venire
2172 2026 2210 2096 (I
2243 2027 2376 2084 Tim.
2418 2048 2491 2100 ιι,
2525 2036 2620 2106 4)?

2058 2115 2148 2172 58.
2201 2117 2435 2176 Liberum
2491 2127 2754 2184 arbitrium
2813 2135 2980 2188 media
3030 2138 3120 2193 vis.
3191 2141 3344 2199 Prius
3399 2147 3558 2219 igitur

1964 2205 2090 2260 illud
2137 2209 2376 2268 dicamus
2411 2255 2426 2280 ,
2459 2225 2512 2269 et
2550 2218 2826 2277 videamus
2875 2235 3050 2280 utrum
3097 2229 3220 2288 huic
3267 2205 3558 2295 satisfaciat

1961 2302 2241 2369 qumstioni
2285 2345 2299 2366 ,
2369 2307 2510 2382 quod
2583 2311 2809 2368 liberum
2892 2318 3168 2376 arbitrium
3242 2331 3554 2386 naturaliter

1959 2393 2269 2450 attributum
2315 2413 2343 2449 a
2404 2400 2658 2458 Crcatore
2703 2406 2896 2462 anima:
2956 2411 3239 2479 rationali,
3291 2419 3376 2474 illa
3441 2438 3556 2480 meo

1958 2482 2042 2537 dia
2071 2485 2150 2539 vis
2169 2497 2286 2553 est,
2313 2504 2430 2558 quin
2461 2492 2540 2546 vel
2569 2493 2768 2550 intendi
2791 2497 2856 2553 ad
2887 2498 3076 2570 ﬁdem,
3107 2505 3190 2560 vel
3219 2507 3458 2567 inclinari
3483 2515 3549 2568 ad

1957 2573 2323 2632 inﬁdelitatem
2367 2591 2539 2655 potest
2574 2593 2668 2640 :et
2704 2587 2824 2643 ideo
2869 2591 3010 2648 nec‘
3035 2596 3189 2650 istam
3223 2601 3545 2660 voluntatem

1953 2679 2054 2734 qua
2081 2669 2250 2723 credit
2295 2671 2438 2736 Deo,
2465 2674 2567 2729 diei
2599 2686 2775 2748 potest
2799 2681 2961 2739 homo
3003 2686 3201 2744 habere
3247 2707 3406 2762 quam
3438 2712 3543 2753 non

1951 2760 2238 2826 acceperit;
2263 2763 2691 2834 quandoquidem
2715 2783 2937 2828 vocante
2959 2774 3072 2831 Deo
3096 2760 3352 2850 surgit—de
3375 2785 3544 2842 libero

1949 2849 2192 2914 arbitrio,
2216 2853 2354 2921 quod
2384 2857 2694 2913 naturaliter
2718 2875 2838 2916 cum
2861 2876 3138 2924 crearetur
3165 2849 3390 2944 accepit.
3419 2876 3540 2934 Vult

1949 2952 2127 2998 autem
2158 2943 2299 2998 Deus
2321 2959 2508 3002 omnes
2537 2947 2780 3006 homines
2819 2953 2998 3011 salvos
3027 2957 3141 3012 ﬁeri
3166 3002 3181 3026 ,
3210 2971 3267 3017 et
3300 2943 3356 3017 in
3385 2968 3537 3036 agni-

1948 3035 2146 3090 tionem
2173 3037 2414 3091 veritatis
2439 3041 2656 3108 venire;
2681 3057 2784 3098 non
2816 3047 2894 3101 sic
2919 3057 3120 3118 tamen,
3151 3061 3210 3107 ut
3235 3057 3312 3109 eis
3339 3035 3540 3116 adimat

1949 3123 2172 3180 liberum
2194 3127 2488 3194 arbitrium,
2517 3145 2624 3201 quo
2649 3133 2730 3188 vel
2771 3135 2904 3191 bene
2935 3140 3016 3194 vel
3058 3143 3194 3198 male
3223 3153 3430 3202 utentes
3449 3149 3536 3218 ju-

1945 3215 2180 3271 stissime
2212 3216 2536 3287 judicentur.
2578 3221 2731 3291 Quod
2775 3241 2896 3282 cum
2921 3229 3020 3298 ﬁt,
3050 3231 3294 3292 inﬁdeles
3319 3215 3532 3309 quidem

1943 3319 2127 3363 contra
2155 3309 2476 3366 voluntatem
2517 3311 2608 3370 Dei
2658 3315 2890 3384 faciunt,
2921 3336 3042 3378 cum
3093 3325 3210 3394 ejus
3241 3329 3530 3402 Evangelia

1943 3411 2051 3452 non
2075 3397 2298 3454 credunt
2328 3417 2467 3457 :nec
2496 3403 2614 3459 ideo
2645 3415 2820 3462 tamen
2845 3427 2962 3466 eam
2989 3415 3226 3480 vincunt,
3257 3435 3439 3476 verum
3468 3439 3528 3478 se

1941 3487 2090 3558 ipsos
2119 3489 2364 3546 fraudant
2388 3509 2579 3564 magno
2609 3505 2661 3552 et
2685 3514 2895 3556 summo
2920 3507 3059 3559 bono
3079 3549 3094 3572 ,
3126 3510 3388 3582 malisque
3425 3531 3531 3586 pm-

1939 3582 2150 3638 nalibus
2174 3585 2480 3656 implicant,
2509 3595 2776 3659 experturi
2818 3596 2868 3651 in
2909 3601 3180 3670 suppliciis
3207 3582 3524 3674 potestatem

1937 3673 2089 3741 ejus,
2127 3677 2279 3745 cujus
2323 3678 2373 3732 in
2417 3679 2573 3734 donis
2617 3683 3034 3746 misericordiam
3069 3705 3520 3770 contempserunt.

1937 3763 2011 3818 Ita
2035 3765 2282 3822 Voluntas
2333 3769 2422 3825 Dei
2450 3785 2664 3842 semper
2705 3776 2895 3834 invicta
2925 3790 3009 3836 est
3040 3801 3054 3837 :
3087 3763 3390 3846 vinceretur
3424 3809 3526 3850 au-

1932 3864 2064 3923 tem,
2098 3859 2143 3914 si
2185 3875 2290 3916 non
2321 3861 2582 3920 inveniret
2609 3867 2732 3936 quid
2776 3871 2843 3925 de
2882 3880 3334 3950 contemptoribus
3375 3885 3522 3944 iaceo

1931 3957 2046 4014 ret,
2071 3956 2163 4004 aut
2194 3951 2301 4008 ullo
2327 3953 2484 4010 modo
2518 3968 2738 4026 possent
2783 3964 3008 4023 evadere
3050 3971 3190 4041 quod
3227 3974 3295 4030 de
3331 3978 3521 4042 talibus

1931 4037 2022 4094 ille
2054 4043 2346 4098 constituit.
2378 4045 2514 4114 Quid
2545 4049 2686 4103 enim
2717 4051 2876 4119 dicit,
2909 4058 3054 4112 Verbi
3070 4037 3265 4130 'graua,
3295 4062 3430 4122 Volo
3460 4037 3516 4126 ut

1928 4129 1982 4186 hi
2011 4145 2198 4188 omnes
2222 4135 2362 4190 servi
2404 4137 2508 4192 mei
2537 4151 2825 4207 operentur
2846 4145 2898 4200 in
2927 4129 3114 4217 vinea,
3144 4162 3198 4208 et
3225 4129 3346 4224 post
3369 4158 3518 4216 labo-

1925 4237 2039 4278 rem
2076 4226 2470 4296 rcquiescentes
2511 4231 2812 4304 epulentur,
2845 4235 2914 4291 ita
2959 4250 3016 4296 ut
3051 4245 3290 4316 quisquis
3326 4266 3512 4310 eorum

1924 4313 2028 4370 hoc
2052 4315 2279 4371 noluerit
2299 4356 2316 4384 ,
2345 4317 2395 4372 in
2419 4317 2645 4388 pistrino
2679 4328 2892 4395 semper
2920 4313 3088 4389 molat
3113 4353 3128 4391 :
3151 4313 3358 4398 videtur
3393 4347 3512 4415 qui-

1921 4404 2046 4462 dem
2101 4407 2422 4481 quicumque
2473 4419 2884 4488 contempserit,
2942 4435 3124 4481 contra
3181 4404 3507 4492 voluntalem

1920 4495 2130 4552 Domini
2159 4498 2239 4554 sui
2282 4498 2492 4568 limere;
2521 4505 2616 4560 sed
2641 4513 2767 4562 tunc
2787 4523 2904 4566 eam
2944 4516 3050 4570 vim
3067 4527 3119 4574 et
3141 4562 3156 4588 ,
3186 4523 3230 4578 si
3257 4534 3311 4580 et
3334 4528 3513 4596 piszri-

1919 4603 2044 4642 num
2093 4597 2444 4647 contemnens
2489 4595 2736 4667 eﬁugerit
2769 4605 2944 4671 :quod
2996 4609 3142 4667 nullo
3189 4595 3348 4670 modo
3391 4617 3506 4675 ﬁeri

1917 4685 2093 4748 potest
2128 4680 2229 4736 sub
2260 4681 2351 4772 Dei
2394 4693 2674 4753 potestate.
2709 4688 2861 4747 Unde
2890 4697 3146 4767 scriptum
3170 4713 3252 4758 est
3275 4745 3292 4772 ,
3330 4707 3505 4764 Semel

1914 4767 2109 4822 loeutus
2145 4779 2217 4824 est
2257 4770 2425 4837 Deus,
2457 4774 2555 4830 hoc
2601 4789 2713 4841 est.
2759 4767 3305 4850 iucommutabiliter':
3337 4813 3504 4867 quan-

1913 4874 2070 4930 quam
2100 4869 2154 4916 et
2186 4860 2256 4918 de
2281 4863 2439 4952 unico
2468 4865 2642 4924 Verbo
2670 4874 2838 4940 possit
2866 4876 3104 4952 intelligi.
3138 4860 3500 4944 Deinde-sub-

1905 4952 2132 5023 jungens
2153 4945 2806 5022 quidincommutabiliter
2832 4968 2902 5022 sit
2929 4945 3173 5028 locutus:
3209 4975 3322 5032 Duo
3361 4981 3492 5050 hac,
3575 4975 3582 4978 ’

1908 5040 2113 5110 inquit,
2149 5043 2321 5098 audivi
2339 5086 2353 5107 ,
2383 5049 2624 5116 quoniam
2651 5063 2868 5121 potestas
2903 5057 3004 5114 Dei
3025 5069 3134 5130 est,
3163 5075 3210 5120 et
3237 5067 3359 5139 tibi,
3393 5040 3496 5128 Do3

1907 5131 2058 5194 mine,
2091 5133 2434 5191 misericordia
2454 5181 2467 5203 ,
2496 5141 2617 5204 quia
2645 5152 2698 5197 tu
2723 5147 2901 5203 reddes
2926 5153 3192 5222 unicuique
3215 5165 3492 5221 secundum

1905 5238 2057 5292 opera
2079 5242 2173 5280 sua
2215 5226 2387 5296 (Psal.
2419 5245 2529 5295 ut,
2564 5231 2648 5298 l2,
2684 5235 2792 5307 15).
2825 5237 2917 5294 Ille
2954 5241 3112 5312 igitur
3137 5225 3260 5306 iens
3289 5254 3392 5309 erit
3419 5257 3484 5311 ad

1965 5379 1982 5440 ε
2017 5383 2090 5426 Er.
2116 5383 2170 5428 et
2186 5384 2316 5440 ωνε,
2339 5381 2426 5431 sed
2449 5379 2610 5432 veluti.

1963 5439 2693 5522 1.£?Y~z.9t£‘£"i5593939333
2725 5449 2900 5514 θνατίω
2918 5461 3012 5522 εδει
3040 5461 3118 5522 Sic
3147 5466 3295 5517 etiam
3317 5480 3486 5522 manu-

2083 5513 2096 5548 :
2123 5500 2210 5551 sed
2233 5501 2280 5550 in
2302 5502 2378 5552 his
2399 5500 2801 5572 constanter'pi‘o,
2819 5500 3134 5587 aliquid};
3147 5500 3486 5596 ie}me

1995 5558 2006 5561 _
2699 5558 2714 5572 .
2762 5558 3022 5582 τιτν---υ-,η

1894 5558 2218 5699 βίὲεδξιῃὶιξιηί
2242 5621 2421 5699 aliique
2435 5629 2742 5699 omnesfere
2765 5642 2869 5686 Mss.
2883 5674 2898 5699 ,
2923 5645 3007 5692 sed
3015 5689 3022 5695 .

1957 5683 1980 5715 δ
2012 5681 2112 5733 Scia
2138 5685 2240 5734 fere
2265 5681 2412 5737 editio
2435 5695 2566 5750 Lov.,
2588 5697 2633 5740 et
2655 5681 2860 5748 ideortt‘ew.
