3994 6178
408 246 544 302 :239

441 362 836 420 damnationem
861 357 970 412 sub.
987 356 1250 428 potestate
1269 352 1410 422 ejus,
1437 349 1527 421 qui
1553 339 1935 416 contempserit
1959 339 2027 400 ad

444 453 799 512 vredendum'
827 438 1686 514 miscricordiam-ejus.Quisquis
1713 443 1891 491 autem
1911 447 2028 488 cre-

441 545 634 602 diderit
651 586 667 610 ,
697 543 853 614 eique
873 555 932 596 se
951 554 982 594 a
1005 535 1234 609 peccatis
1259 533 1509 590 omnibus
1529 525 1909 586 absolvendum
1929 563 1944 590 ,
1974 532 2029 578 et

442 639 508 692 ab
529 613 779 692 omnibus
806 631 947 686 vitiis
972 625 1290 692 sanandum,
1320 634 1374 680 et
1401 623 1580 678 calore
1606 635 1672 676 ac
1695 615 1894 673 lumine
1912 613 2030 684 ejus

438 724 832 783 accendendum
876 717 1385 786 illuminandumque
1429 707 1832 773 commiserit';
1861 703 2030 758 habe-

440 817 515 872 .l'it
537 831 604 872 cx
625 813 743 884 ejus
761 812 933 883 gratia
955 823 1116 880 opera
1145 807 1312 872 bona,
1337 818 1402 858 ex
1432 800 1633 877 quibus.
1651 799 1812 852 etiam
1839 807 2030 850 secun-

438 910 566 962 dum
595 918 791 975 corpus
815 919 845 957 a
873 899 1060 956 mortis
1088 895 1431 966 corruptione
1464 891 1778 953 redimatur,
1805 899 2034 942 corone-

439 1009 556 1062 tur,
587 997 848 1067 bonisque
876 991 1118 1056 satietur,
1146 1004 1254 1044 non
1298 983 1677 1056 temporalibus
1700 1021 1716 1048 ,
1744 979 1837 1036 sed
1876 988 2033 1033 atter-

445 1093 555 1159 nis,
581 1104 745 1162 supra
781 1101 939 1158 quam
969 1083 1198 1157 petimus
1229 1088 1285 1137 et
1314 1077 1657 1148 intelligimus
1682 1071 1908 1146 (Ephcs.
1934 1085 2028 1138 ιιι,

443 1182 558 1254 ιο).

513 1271 604 1330 59.
657 1271 812 1328 lintre
857 1267 1096 1325 ordinem
1154 1263 1321 1320 tenuit
1347 1261 1590 1319 Psalmns
1615 1301 1631 1327 ,
1659 1257 1746 1313 ubi
1788 1255 2027 1310 dicitur:

449 1361 687 1429 Benedic,
713 1360 884 1416 anima
910 1374 1038 1423 mea,
1073 1355 1348 1410 Dominum
1365 1393 1380 1419 ,
1411 1361 1458 1406 et
1486 1349 1590 1404 noli
1617 1345 1840 1402 obliuisci
1865 1358 2033 1398 omnes

447 1453 796 1508 retributiones
819 1452 929 1522 ejus
957 1464 974 1504 :
999 1447 1083 1516 qui
1106 1445 1354 1517 propitius
1383 1442 1439 1512 [it
1480 1438 1710 1494 omnibus
1755 1434 2034 1505 iniquitati-

449 1557 540 1600 bus
575 1545 697 1612 tuis,
719 1543 806 1614 qui
841 1521 988 1599 sanat
1016 1553 1188 1594 omnes
1229 1535 1498 1606 languores
1525 1541 1656 1596 tuos,
1675 1526 1760 1599 qui
1785 1523 1984 1581 redimit
2012 1521 2034 1554 ³

449 1645 514 1693 de
539 1635 863 1706 corruptione
887 1633 1042 1688 uitam
1063 1639 1221 1695 luant,
1243 1627 1328 1698 qui
1341 1631 1550 1680 coronat
1573 1633 1622 1676 te
1644 1620 1697 1673 in
1719 1615 2038 1672 miseratione

343 1719 351 1728 ’
446 1739 496 1782 et
543 1723 923 1791 misericordia,
949 1722 1036 1794 qui
1079 1720 1226 1776 satiat
1269 1718 1321 1771 in
1351 1715 1492 1770 bonis
1534 1709 1838 1767 desiderium
1873 1716 2033 1761 tuum.

405 2265 441 2294 ρ

453 1819 519 1874 Et
547 1834 614 1872 ne
635 1817 770 1872 forte
795 1814 912 1870 haec
941 1820 1084 1868 tanta
1123 1811 1264 1865 bona
1291 1807 1450 1878 hujus
1469 1801 1768 1864 vetustatis,
1800 1798 1903 1854 hoc
1921 1807 2034 1865 est,

452 1907 790 1964 mortalitatis
834 1903 1146 1962 deformitas
1165 1901 1474 1970 desperaret
1501 1915 1518 1952 :
1544 1891 1911 1958 chovabitur,
1954 1890 2038 1945 in-

454 2001 602 2072 quit,
628 2000 758 2056 sicut
805 1997 989 2070 aquin
1016 1996 1257 2068 juventus
1307 2001 1415 2045 tua.
1457 1987 1731 2056 Tanquam
1791 1983 2035 2072 diceret:

455 2091 579 2147 llaec
605 2104 726 2161 qua:
763 2087 995 2154 audisti,
1023 2083 1090 2140 ad
1115 2097 1311 2140 novum
1342 2078 1611 2134 hominem
1637 2085 1694 2132 et
1737 2072 1803 2128 ad
1830 2071 2040 2129 Novum

457 2181 725 2251 pertinent
767 2178 1190 2234 Testamentum.
1230 2169 1430 2228 Recole
1466 2181 1675 2224 meeum
1713 2163 1900 2221 eadem
1927 2163 2041 2232 ipsa

457 2271 727 2344 paululum
747 2311 762 2336 ,
787 2268 1014 2324 obsecro
1039 2275 1092 2320 te
1111 2307 1126 2330 ,
1153 2272 1207 2319 et
1252 2261 1474 2332 inspice
1498 2254 1886 2314 delectabiliter
1929 2252 2044 2308 lau-

455 2365 577 2418 dem
599 2357 986 2418 misericordia:
1005 2397 1022 2424 ,
1052 2354 1156 2410 hoc
1181 2364 1261 2410 est
1282 2392 1299 2419 ,
1327 2352 1514 2424 gratiae
1547 2348 1659 2404 Dei.
1691 2345 1934 2412 Benedic,
1957 2346 2042 2400 in-

457 2457 604 2524 quit,
635 2453 807 2507 anima
827 2465 958 2518 mea,
989 2445 1288 2510 Dominum,
1311 2452 1356 2498 et
1385 2441 1492 2496 noli
1511 2437 1737 2494 obliuisci
1758 2452 1930 2492 omnes
1956 2451 2042 2491 re-

458 2543 750 2600 tributiones
785 2542 896 2612 ejus
917 2557 938 2595 :
979 2553 1086 2594 non
1123 2537 1234 2603 ait,
1260 2532 1635 2600 Tributiones,
1665 2531 1689 2565 ⁵
1706 2572 1722 2598 ,
1749 2529 1874 2598 sed,
1897 2529 2045 2584 retri-

459 2636 684 2692 butiones
726 2633 869 2704 ejus;
910 2630 1033 2702 quia
1078 2627 1326 2684 retribuit
1377 2626 1518 2682 bona
1573 2639 1672 2696 pro
1717 2623 1894 2678 malis.
1945 2621 2048 2688 Qui

460 2729 724 2800 propitius
745 2727 804 2790 ﬁt
849 2723 1080 2780 omnibus
1111 2719 1458 2794 iniquitatibus
1490 2719 1590 2775 tuis
1612 2734 1631 2774 :
1652 2717 1756 2774 hoc
1793 2716 1968 2788 agitur
1991 2715 2046 2770 in

440 2819 801 2892 ‘llaptismatis
844 2822 1204 2890 sacramento.
1235 2813 1337 2881 Qui
1375 2819 1524 2868 sanat
1569 2825 1742 2866 onmes
1778 2809 2048 2881 languorcs

459 2928 574 2969 tuos
599 2908 618 2968 ὲ
644 2911 746 2966 hoc
767 2909 1012 2981 agiturin
1036 2907 1138 2962 hac
1157 2906 1268 2961 vita
1293 2903 1468 2959 ﬁdelis
1491 2901 1743 2969 hominis,
1771 2899 1898 2956 dum
1922 2913 2048 2956 caro

461 3001 789 3073 concupiscit
831 2999 1090 3069 adversus
1138 2995 1418 3066 spiritum,
1444 3003 1500 3051 et
1525 2993 1742 3064 spiritus
1793 2991 2049 3048 adversus

459 3110 700 3160 carnem,
727 3101 785 3149 ut
811 3104 920 3147 non
939 3105 1059 3162 quae
1082 3088 1328 3145 volumus
1351 3085 1610 3141 faciamus
1630 3081 1828 3154 (Galat.
1847 3098 1906 3150 v,
1935 3080 2047 3155 t7);

463 3188 589 3242 dum
618 3184 721 3240 alia
750 3183 833 3238 lex
865 3183 923 3238 in
949 3178 1206 3238 membris
1243 3184 1502 3250 repugnat
1539 3175 1642 3246 legi
1672 3174 1897 3240 mentis;
1924 3173 2051 3229 dum

467 3280 604 3336 velle
649 3275 891 3348 adjacet,
927 3271 1186 3345 perﬁcere
1228 3277 1406 3325 autem
1445 3267 1642 3323 bonum
1670 3281 1778 3322 non
1808 3265 1830 3298 ⁸
1859 3265 2048 3338 (Rom.

451 3389 536 3429 ~vtl
561 3414 578 3439 ,
607 3368 682 3427 23
703 3411 718 3436 ,
749 3367 838 3441 l8)
866 3384 882 3422 :
909 3367 1000 3437 qui
1035 3364 1320 3434 languores
1354 3359 1662 3425 vetustatis,
1707 3358 1754 3413 si
1801 3371 2053 3428 perseve-

447 3473 620 3521 'rante
647 3463 940 3518 intentione
965 3455 1269 3529 proﬁcimus
1288 3495 1304 3518 ,
1333 3451 1402 3508 de
1423 3451 1512 3506 die
1538 3449 1592 3505 in
1617 3449 1758 3506 diem
1781 3455 2056 3504 crescente

473 3559 706 3613 novitate
731 3559 1007 3617 sanantur,
1025 3564 1093 3606 ex
1119 3547 1224 3603 ﬁde
1248 3560 1368 3617 qua:
1381 3559 1479 3616 per
1502 3543 1841 3600 dilectionem
1861 3555 2050 3612 opera-

472 3661 575 3702 tnr.
607 3643 708 3713 Qui
733 3642 934 3697 redimit
969 3639 1034 3694 de
1057 3637 1374 3707 corruptione
1399 3635 1552 3689 vitam
1580 3642 1720 3688 luant
1747 3647 1768 3688 :
1793 3630 1898 3688 hoc
1921 3630 1980 3686 ﬁt
2004 3629 2056 3686 in

473 3739 656 3793 ultima
702 3732 1096 3792 resurrectione
1139 3740 1492 3784 morzuorum.
1539 3724 1641 3794 Qui
1665 3731 1874 3779 coronat
1919 3733 1968 3778 te
2005 3722 2060 3777 in

473 3825 792 3884 miseratione
819 3833 864 3878 et
891 3819 1232 3878 misericordia
1252 3815 1422 3890 (Psal.
1449 3831 1520 3872 cu
1538 3857 1554 3883 ,
1579 3811 1696 3886 2-4)
1728 3813 1869 3871 :hoc
1907 3812 1966 3868 ﬁt
2004 3813 2059 3868 in

472 3916 693 3988 judicio,
716 3915 806 3972 ubi
835 3928 959 3970 cum
984 3926 1080 3969 rex
1101 3911 1276 3981 justus
1299 3907 1496 3965 sederit
1525 3907 1578 3962 in
1607 3905 1798 3963 throno
1822 3904 2063 3962 redditu-

460 4022 566 4063 vus
593 4005 880 4074 unicuique
904 4000 1195 4059 secundum
1221 4013 1387 4072 opera
1426 3997 1544 4068 ejus
1566 4039 1581 4064 ,
1608 3997 1728 4068 quis
1749 3997 2065 4069 gloriabitur

468 4108 680 4157 castum
709 4111 769 4154 se
817 4095 1013 4152 habere
1031 4093 1163 4151 cor?
1189 4100 1282 4148 aut
1308 4091 1428 4164 quis
1471 4091 1782 4162 gloriabitur
1806 4089 2063 4146 mundum

464 4205 536 4246 se
559 4203 679 4246 esse
701 4195 972 4260 apeceato
998 4183 1178 4259 (Prov.
1205 4199 1302 4250 xx,
1332 4182 1387 4248 8,
1420 4181 1475 4250 9,
1496 4191 1546 4238 et
1569 4180 1760 4236 Matth.
1788 4180 2066 4252 xvr,27)?

474 4281 604 4338 ideo
631 4279 739 4336 illic
775 4277 1135 4336 necessarium
1171 4275 1266 4331 fuit
1311 4287 1736 4330 commemorare
1764 4274 2065 4329 miseratio-

477 4387 601 4429 nem
621 4381 676 4427 et
695 4369 1114 4426 misericordiam
1137 4362 1380 4434 Domini,
1404 4365 1494 4420 ubi
1507 4365 1619 4436 jam
1649 4363 1788 4436 exigi
1809 4363 1985 4420 debita
2014 4374 2071 4420 et

480 4461 632 4519 reddi
661 4459 848 4516 merita
874 4459 952 4514 sic
971 4465 1194 4528 possent
1217 4456 1416 4521 videri,
1449 4463 1508 4510 ut
1532 4455 1708 4510 nullus
1733 4465 1877 4511 esset
1903 4456 2068 4512 mise-

485 4551 729 4608 ricordite
755 4547 927 4604 locus.
949 4547 1183 4603 Coronat
1227 4560 1356 4617 ergo
1381 4545 1433 4600 in
1459 4544 1801 4601 miseratione
1827 4555 1882 4601 et
1907 4546 2069 4602 mise-

481 4642 710 4701 ricordia
731 4683 746 4708 ,
774 4639 870 4697 sed
916 4640 1078 4694 etiam
1119 4638 1197 4694 sic
1219 4635 1512 4693 secundum
1539 4650 1726 4707 opera.
1753 4637 2071 4708 Segregabi-

481 4751 568 4793 tur
591 4736 732 4793 enim
762 4733 827 4788 ad
853 4733 1148 4798 dexteram,
1179 4729 1266 4785 cui
1294 4729 1520 4796 dicatur,
1555 4727 1758 4784 Esurioi
1775 4769 1792 4797 ,
1818 4738 1864 4783 et
1889 4728 2072 4784 dedisti

547 4915 563 4946 ι
601 4911 738 4969 mliti,
759 4903 1154 4978 attendendum.
1177 4877 1472 4978 castigantur
1496 4915 1558 4978 e_x
1579 4903 1929 4978 manserijuis.

545 4977 566 5006 ι
599 4963 770 5022 town:
795 4969 921 5018 hunc
941 4967 1002 5017 ad
1023 4965 1215 5017 codices
1235 4963 1482 5016 Vaticanos
1503 4964 1643 5026 duos,
1656 4963 1720 5014 ad
1750 4963 2072 5023 sorbouicum,

493 5039 546 5081 et
574 5032 696 5085 alios
710 5031 948 5097 quosdam
1282 5025 1635 5097 manseriptos
1664 5025 2072 5097 redintegramus.

488 5107 670 5158 nempe
707 5087 757 5144 it't
795 5097 910 5142 aute
935 5090 1080 5142 editis
1113 5095 1345 5153 corrupte
1381 5087 1678 5151 legebatur:
1714 5087 1988 5138 (rettulerit
2009 5087 2072 5150 ei,

488 5155 569 5204 am'
589 5169 640 5204 se
657 5169 690 5204 α
711 5151 920 5204 peccatis
939 5150 1158 5204 erratibus
1184 5148 1540 5204 absolvendum.
1565 5155 1610 5199 et
1632 5148 1692 5198 ab
1712 5149 1928 5201 oneribus
1949 5149 2072 5201 vitiis

484 5160 569 5222 qui
589 5169 640 5208 se
657 5169 690 5206 α
711 5160 920 5219 peccatis
939 5160 1158 5204 omnttms
1184 5160 1540 5209 absotoenaum,
1565 5160 1610 5199 et
1632 5160 1692 5198 ao
1712 5160 1928 5201 onmums
1949 5160 2076 5201 arms

487 5220 776 5276 sanandum,
795 5223 839 5267 et
863 5214 1026 5268 calore
1055 5227 1115 5266 ac
1137 5212 1316 5276 lumine
1352 5211 1458 5276 ejus
1492 5210 1853 5262 accendendum
1891 5209 2076 5262 illumi-

385 5331 388 5333 Α
485 5279 616 5332 "and
733 5274 792 5330 ue
813 5289 905 5326 non
929 5274 1279 5340 contempserit.

555 5341 577 5374 ³
609 5291 830 5390 imaue
855 5347 981 5390 uss...
1001 5337 1224 5390 redimet.

555 5341 577 5374 ³
609 5337 830 5403 tlerique
855 5347 981 5400 διες»,
1001 5337 1224 5403 redimet.

559 5407 578 5434 δ
615 5393 873 5458 λιδε.ξηοη
916 5393 1255 5451 alitibutiones.
1280 5403 1345 5448 Ex
1390 5395 1468 5448 his
1502 5396 1741 5458 proxlmo,
1767 5393 1874 5446 loco
1909 5408 2080 5448 emen-

487 5456 819 5556 damﬂqrﬁqditi,
845 5462 894 5512 in
914 5463 1091 5526 quibus
1125 5458 1403 5524 legebatur,
1427 5456 1519 5524 qui
1545 5456 1798 5516 retribuit;
1837 5471 1940 5522 pro,
1964 5458 2079 5523 quia

493 5542 532 5658 Τ.
779 5579 1014 5648 perﬁcere
1051 5589 1210 5658 autem
1258 5582 1428 5634 bonum
1465 5594 1558 5632 non
1598 5579 1763 5632 inveni.
1771 5594 1876 5633 nus.
1915 5583 2077 5642 Abest,

493 5646 824 5710 itm-timum}
850 5646 1196 5708 innumerith

1345 233 1434 290 DE
1473 229 1740 291 SPIRITU
1781 227 1869 284 ΕΤ
1909 223 2231 293 ιιῑτιιιΑ,
2273 223 2330 280 5.
2373 216 2742 281 AUGUSTIM

3614 215 3723 274 ιω

2135 339 2258 394 mihi
2283 339 2590 394 manducare
2618 334 3000 410 (Matthtuv,
3027 329 3122 403 35)
3154 347 3167 383 :
3199 329 3446 401 quoniam
3470 326 3727 402 judicium

2135 432 2242 487 sine
2277 430 2621 486 misericordia
2640 471 2654 494 ,
2681 427 2776 482 sed
2800 426 2880 481 illi
2915 424 3005 496 qui
3047 439 3148 478 non
3175 422 3294 494 fecit
3329 420 3729 476 misericordiam

2137 523 2338 595 (Jacobi
2391 539 2458 588 ιι,
2488 523 2617 592 15):
2647 519 2790 575 Beati
2835 528 3014 574 autem
3060 515 3406 572 misericordes
3427 555 3444 581 ,
3485 515 3730 582 quoniam

2135 617 2361 689 ipsorum
2387 615 2698 670 miserebitur
2715 613 2854 668 Deus
2877 611 3092 682 (Matth.
3120 626 3172 675 v,
3197 610 3274 682 7).
3301 609 3430 666 Jam'
3449 624 3576 664 vero
3605 625 3731 664 cum

2110 709 2338 766 sinistri
2379 709 2538 765 ierint
2561 708 2614 763 in
2638 707 3028 762 ambustionem
3068 713 3321 761 :‘eternam
3345 741 3362 770 ,
3390 701 3518 770 justi
3546 709 3730 756 autem

2136 802 2191 859 in
2219 801 2396 858 vitam
2445 812 2700 856 aeternam
2725 796 2839 870 (Id.
2869 811 3004 862 xxv,
3031 795 3102 850 46
3125 793 3144 864 )
3169 811 3184 848 :
3211 791 3336 864 quia
3363 793 3471 847 haec
3513 801 3615 854 est,
3643 792 3727 846 in-

2137 893 2286 964 quit,
2311 893 2414 947 vita
2433 901 2641 957 eterna,
2671 899 2725 944 ut
2745 895 3048 960 cognoscant
3073 895 3120 938 te
3138 900 3295 938 unum
3330 899 3502 938 verum
3528 883 3692 936 Deum
3712 922 3731 948 ,

2138 994 2184 1040 et
2227 999 2376 1054 quem
2415 981 2595 1037 misisti
2624 981 2810 1036 desum
2859 977 3113 1034 Christum
3135 974 3486 1048 (ham-xm,
3513 973 3604 1046 '5);
3641 975 3731 1029 illa

2138 1075 2460 1148 cognitione,
2485 1073 2574 1129 illa
2593 1072 2800 1128 visione
2817 1111 2834 1138 ,
2863 1071 2950 1126 illa
2977 1067 3732 1138 contemplatione-satiabitur

2140 1169 2192 1224 in
2231 1168 2390 1224 bonis
2425 1166 2619 1222 anima:
2644 1163 2966 1220 desiderium
2993 1160 3182 1231 (Psal.
3213 1175 3317 1226 cn,
3341 1159 3424 1231 5).
3455 1159 3566 1215 lloc
3584 1160 3733 1214 enim

2139 1260 2311 1313 solum
2359 1257 2408 1314 ei
2452 1266 2530 1312 sat
2557 1265 2660 1322 est,
2687 1255 2824 1310 ultra
2849 1269 2955 1307 non
2983 1251 3143 1306 habet
3167 1250 3307 1322 quod
3337 1260 3570 1321 appetat,
3589 1249 3734 1320 quod

2140 1349 2311 1406 inhiet
2331 1390 2346 1416 ,
2374 1349 2515 1420 quod
2541 1347 2795 1416 requirat.
2821 1344 2951 1399 Nam
2991 1343 3260 1398 desiderio
3285 1342 3734 1412 hujus~satietatis

2140 1441 2397 1510 ardebat,
2425 1440 2514 1509 qui
2541 1438 2766 1493 Domino
2810 1435 3024 1491 Christo
3049 1436 3124 1488 ait
3149 1451 3162 1486 ς
3195 1431 3417 1488 Ostende
3441 1433 3582 1488 nobis
3619 1431 3730 1486 Pa.

2141 1541 2300 1598 trem,
2332 1541 2378 1586 et
2410 1514 2765 1601 su/jicitnobis.
2789 1525 2885 1580 Cui
2923 1538 3238 1594 responsum
3275 1534 3358 1578 est
3388 1540 3402 1576 :
3429 1521 3529 1590 Qui
3554 1539 3632 1576 me
3657 1523 3735 1577 vi-

2141 1624 2217 1680 dit
2239 1665 2253 1690 ,
2275 1623 2402 1679 vidit
2441 1632 2490 1677 et
2528 1619 2740 1675 Patrem
2763 1621 2780 1652 ³
2804 1616 2982 1693 (Joan.
3019 1631 3109 1672 ειν
3129 1657 3144 1680 ,
3174 1619 3206 1670 8
3225 1657 3240 1680 ,
3267 1615 3348 1683 9).
3368 1613 3500 1682 Quia
3525 1615 3637 1686 ipsa
3661 1624 3734 1670 cst

2143 1716 2246 1769 vita
2263 1724 2472 1778 (eterna,
2486 1719 2545 1766 ut
2559 1719 2864 1782 cognoscant
2885 1723 3040 1760 unum
3060 1702 3411 1760 verum‘Deum
3431 1713 3496 1767 te,
3513 1713 3558 1756 et
3583 1719 3734 1773 quem

2143 1805 2323 1861 misisti
2345 1803 2522 1858 Iesum
2547 1801 2820 1858 Christum.
2862 1799 2968 1854 Sed
3011 1797 3056 1851 si
3095 1797 3183 1851 ille
3208 1795 3300 1865 qui
3341 1795 3688 1850 ι’ἰᾱίιεῐὲιιίιιηι
3712 1837 3730 1860 ,

2143 1897 2280 1954 vidit
2294 1905 2350 1952 et
2359 1896 2570 1952 Patrem
2589 1911 2605 1960 ;
2627 1893 2862 1965 profecto
2873 1891 2960 1962 qui
2973 1889 3112 1946 videt
3135 1889 3216 1959 (α)
3230 1887 3436 1942 Patrem
3449 1898 3503 1942 et
3518 1887 3734 1952 Filium,

2145 1987 2288 2043 videt
2315 1995 2372 2043 et
2403 1985 2656 2056 Spiritum
2687 1991 2927 2038 sanetum
2975 1979 3148 2034 Patris
3171 1987 3229 2033 et
3257 1977 3393 2032 Filii.
3427 1979 3624 2034 l-ta=nec
3645 1994 3736 2033 ar-

2147 2077 2366 2134 bitrium
2391 2075 2619 2132 liberum
2665 2073 2938 2136 tollimus,
2968 2079 3024 2124 et
3047 2066 3315 2124 benedicit
3347 2067 3525 2122 anima
3551 2078 3735 2124 nostra

2150 2169 2452 2236 Dominum,
2483 2182 2590 2223 non
2609 2165 2934 2222 obliviscens
2957 2175 3146 2218 omnes
3173 2158 3554 2216 retributiones
3581 2159 3734 2231 ejus:

2150 2279 2252 2320 nec
2295 2265 2546 2334 ignorans
2590 2261 2683 2316 Dci
2719 2259 2977 2330 justitiam
2997 2299 3014 2325 ,
3046 2271 3198 2312 suam
3227 2257 3342 2312 vult
3365 2257 3386 2290 ³
3412 2256 3741 2311 constituero

2149 2355 2330 2428 (Rom.
2357 2371 2413 2423 ι,
2444 2355 2502 2425 ὅ)
2523 2370 2538 2420 ;
2563 2352 2657 2409 sed
2676 2351 2850 2408 credit
2869 2351 2926 2404 in
2957 2364 3078 2403 eum
3104 2349 3191 2418 qui
3214 2347 3467 2418 justiﬁcat
3493 2346 3737 2418 impium,

2151 2456 2207 2505 et
2229 2447 2358 2503 vivit
2398 2461 2464 2502 ex
2506 2443 2644 2512 ﬁde,
2675 2442 2847 2498 donec
2886 2430 2955 2496 ad
2985 2440 3217 2512 speciem
3253 2438 3605 2512 perducatur;
3633 2437 3744 2494 ﬁde

2153 2539 2359 2596 scilicet
2383 2551 2504 2608 quia
2547 2549 2648 2605 per
2693 2532 3034 2588 dilectionem
3059 2529 3488 2604 operatur..Qu:e
3525 2529 3744 2584 dilectio

2151 2629 2465 2688 dilfunditur
2485 2628 2538 2683 in
2577 2625 2829 2683 cordibus
2857 2625 3084 2689 nostris,
3117 2637 3219 2680 nec
3248 2638 3346 2693 per
3367 2621 3740 2677 sufﬁcientiam

2153 2721 2386 2794 propria:
2410 2719 2702 2777 voluntatis
2721 2759 2736 2783 ,
2762 2732 2877 2773 nec
2904 2731 3004 2788 per
3053 2715 3283 2770 litteram
3328 2715 3492 2785 legis,
3511 2713 3614 2770 sed
3645 2729 3745 2786 per

2155 2815 2410 2888 Spiritum
2437 2823 2682 2868 sanctum
2708 2809 2796 2880 qui
2823 2807 2982 2864 datus
3010 2816 3092 2863 est
3119 2806 3288 2862 nobis.

2224 2902 2452 2962 CAPUT
2477 2897 2884 2957 Χιιιιιν.-6ο.
2899 2896 3146 2952 Voluntas
3171 2895 3406 2950 credendi
3426 2893 3599 2950 a-Deo.
3617 2895 3748 2952 ﬂare

2155 3019 2465 3090 disputatio,
2483 3016 2528 3072 si
2547 3013 2828 3088 quaestioni
2857 3012 2936 3068 illi
2955 3010 3228 3068 solvendae
3248 3009 3466 3074 sufﬁcit,
3489 3009 3742 3066 sufﬁciat.

2155 3112 2213 3170 Si
2227 3120 2402 3168 autem
2423 3107 2794 3180 respondetur,
2811 3104 3104 3162 cavendum
3117 3117 3236 3158 esse
3249 3117 3316 3158 ne
3337 3102 3612 3172 quisquam
3635 3102 3748 3157 Deo

2157 3201 2494 3260 tribuendum
2519 3207 2666 3270 putet
2695 3204 2990 3268 peccatum,
3018 3193 3158 3263 quod
3187 3192 3480 3248 admittitur
3493 3207 3588 3262 per
3615 3193 3751 3247 libe-

2159 3308 2278 3351 rum
2307 3289 2582 3347 arbitrium
2602 3330 2618 3355 ,
2641 3289 2687 3345 si
2709 3289 2760 3342 in
2781 3303 2848 3343 eo
2871 3287 3015 3356 quod
3031 3283 3226 3339 dicitur
3241 3323 3258 3350 ,
3286 3283 3422 3349 Quid
3441 3283 3592 3338 habes
3608 3284 3750 3355 quod

2160 3400 2264 3440 non
2287 3380 2562 3453 accepisti?
2581 3386 2860 3450 propterea
2884 3375 3044 3432 etiam
3065 3373 3307 3428 voluntas
3328 3389 3428 3444 qua
3453 3373 3749 3438 credimus,

2162 3476 2306 3532 dono
2335 3473 2430 3530 Dei
2455 3469 2702 3528 tribuitur
2723 3511 2740 3538 ,
2766 3467 2889 3540 quia
2938 3465 3007 3522 de
3051 3467 3219 3522 libero
3262 3465 3444 3521 existit
3481 3465 3706 3520 arbitrio
3730 3506 3749 3533 ,

2163 3565 2306 3638 quod
2331 3579 2452 3620 cum
2481 3577 2786 3618 crcaremur
2801 3557 3102 3628 accepimus
3131 3573 3144 3610 :
3173 3555 3415 3610 attendat
3433 3597 3449 3623 ,
3477 3564 3535 3612 et
3548 3556 3753 3624 videat,

2163 3673 2271 3714 non
2295 3655 2420 3710 ideo
2443 3661 2648 3708 tantum
2674 3651 2827 3706 istam
2853 3647 3179 3702 voluntatem
3206 3645 3386 3702 divino
3419 3645 3624 3701 muneri
3652 3647 3756 3701 tri-

2165 3747 2460 3811 huendam,
2489 3743 2610 3814 quia
2629 3759 2695 3798 ex
2722 3741 2890 3796 libero
2917 3739 3137 3794 arbitrio
3163 3746 3246 3794 est
3265 3778 3283 3805 ,
3311 3737 3452 3810 quod
3479 3737 3630 3793 nobis
3652 3753 3752 3793 na-

2167 3837 2412 3895 turaliter
2435 3840 2776 3891 eoncreatum
2803 3841 2920 3895 est;
2943 3845 3129 3886 verum
3155 3828 3316 3884 etiam
3341 3827 3482 3898 quod
3516 3829 3757 3884 visorum

2168 3930 2506 3987 suasionibus
2529 3929 2638 4000 agit
2664 3928 2834 3994 Deus,
2870 3932 2930 3980 ut
2953 3923 3216 3988 velimus,
3247 3932 3300 3978 et
3342 3929 3400 3976 ut
3422 3921 3708 3976 credamus
3738 3965 3757 3988 ,

2169 4021 2284 4077 sive
2330 4021 2668 4078 extrinsecus
2713 4031 2812 4088 per
2837 4013 3172 4084 evangelicas
3200 4011 3632 4077 exhortationes,
3661 4011 3758 4067 ubi

2169 4119 2224 4168 et
2248 4110 2494 4166 mandata
2541 4107 2674 4178 legis
2702 4103 2900 4176 aliquid
2928 4110 3126 4174 agunt,
3153 4101 3198 4157 si
3240 4101 3305 4156 ad
3337 4100 3438 4156 hoc
3465 4101 3762 4158 admonent

2173 4205 2446 4262 hominem
2465 4199 2789 4258 inﬁrmitatis
2811 4211 2945 4264 sum,
2962 4204 3022 4250 ut
3044 4195 3111 4250 ad
3132 4193 3356 4266 gratiam
3375 4192 3760 4262 jnstiﬁcantem

2172 4295 2442 4353 credendo
2465 4291 2769 4362 confugiat;
2799 4289 2913 4344 sive
2943 4287 3295 4350 intrinsecus,
3323 4283 3410 4339 ubi
3425 4298 3582 4338 nemo
3599 4283 3766 4338 habet

2173 4387 2230 4442 in
2261 4394 2522 4457 potestate
2545 4383 2670 4453 quid
2694 4382 2748 4438 ei
2777 4380 2954 4436 veniat
2975 4379 3028 4434 in
3059 4387 3290 4433 mentem
3309 4419 3325 4441 ,
3347 4374 3440 4430 sed
3458 4373 3766 4430 consentire

2174 4479 2262 4534 vel
2281 4476 2564 4532 dissentire
2582 4473 2820 4546 propria:
2844 4469 3130 4526 voluntatis
3161 4477 3265 4525 est.
3309 4465 3405 4522 His
3432 4480 3561 4536 ergo
3588 4465 3769 4520 modis

2175 4568 2389 4642 quando
2420 4567 2561 4644 Deus
2585 4565 2694 4635 agit
2717 4578 2840 4618 cum
2867 4563 3043 4617 anima
3072 4559 3316 4616 rationali
3340 4601 3356 4624 ,
3389 4569 3446 4612 ut
3469 4558 3518 4611 ei
3539 4555 3765 4621 credat;

2177 4673 2352 4731 neque
2381 4657 2522 4713 enim
2543 4655 2764 4710 credere
2793 4662 2968 4723 potest
2989 4650 3266 4722 quodlibet
3287 4649 3456 4704 libero
3482 4645 3766 4710 arbitrio',

2177 4753 2222 4806 si
2251 4749 2392 4806 nulla
2419 4749 2488 4804 sit
2511 4746 2690 4802 suasio
2718 4745 2801 4800 vel
2829 4745 3036 4800 vacatio
3061 4743 3145 4796 cui
3173 4739 3393 4806 credat;
3441 4738 3679 4808 proiecto
3709 4747 3768 4792 et

2179 4845 2351 4912 ipsum
2381 4839 2519 4896 velle
2539 4837 2761 4894 credere
2784 4837 2924 4891 Deus
2942 4844 3198 4905 operatur
3223 4833 3277 4888 in
3311 4831 3562 4894 homine,
3605 4836 3658 4883 et
3712 4828 3770 4882 in

2179 4933 2428 4989 omnibus
2451 4927 2816 4986 misericordia
2841 4929 2959 4996 ejus
2985 4924 3244 4996 praevenit
3291 4937 3390 4978 nos
3412 4939 3428 4976 :
3459 4920 3772 4976 consentire

2177 5033 2357 5082 autem
2387 5022 2649 5078 vocationi
2672 5019 2800 5086 Dei,
2833 5017 2918 5074 vel
2950 5019 3017 5071 ab
3043 5031 3107 5072 ea
3135 5014 3453 5078 dissentire,
3475 5012 3613 5068 sicut
3632 5001 3772 5077 dixi,

2179 5117 2411 5190 propria:
2441 5113 2724 5170 voluntatis
2747 5119 2846 5167 est.
2869 5107 2999 5177 Qua:
3025 5123 3114 5162 res
3153 5122 3257 5162 non
3283 5103 3454 5160 solum
3481 5118 3588 5158 non
3610 5101 3771 5155 inﬁr-

2219 5264 2800 5346 ofheditizguiniepitiet,
2818 5260 3006 5315 videtet
3029 5266 3240 5312 Patrem.
3263 5265 3322 5310 At
3343 5266 3450 5309 us.
3473 5251 3782 5314 commtet,

2181 5337 2333 5394 vim;
2350 5337 2488 5394 juxta
2509 5341 2740 5394 graecum.

2247 5397 2269 5428 s
2303 5394 2470 5450 plures
2491 5402 2616 5451 stas,
2642 5389 2816 5451 uolens.
3115 5445 3159 5451 _-
3211 5443 3222 5451 .
3281 5391 3288 5398 ’

2249 5456 2271 5489 ⁸
2293 5439 3379 5526 ἑέῖὶεῖιὸέῐνῖςιιιοιέοιι,.ξξιςτρ,έξξίξίιι3ξ,.ἓ.
3396 5447 3581 5526 ett-.3}
3609 5439 3779 5526 Pet!-

2185 5532 2285 5590 qne
2329 5505 2664 5577 manuscripti',
2689 5573 2701 5585 .
2721 5508 2960 5582 quodlibet
2997 5507 3146 5580 libero
3176 5505 3396 5556 arbitrio.
3443 5511 3573 5554 Unus
3609 5514 3640 5552 e
3696 5508 3781 5552 Vr

2189 5579 2361 5629 tinanis
2383 5585 2508 5634 uss,
2537 5573 2773 5638 ᾳιιοάιὼα
2793 5571 2994 5638 liberum
3015 5566 3292 5623 (ubttrlum.

2251 5643 2322 5703 (ut
2356 5631 2589 5688 t-‘orte'hic
2614 5649 2664 5687 et
2689 5639 2736 5686 in
2757 5647 2826 5694 ra,
2853 5631 2988 5686 ritiit.
