4002 6178
491 463 644 516 vians
668 471 828 530 super
855 463 1048 512 terram
1076 453 1226 525 (lsai.
1250 469 1282 508 ιι
1302 494 1318 520 ,
1348 453 1456 520 23;
1485 451 1632 507 Rom.
1659 468 1712 506 ix
1731 492 1749 518 ,
1776 449 1868 522 28)
1893 491 1908 515 ,
1937 448 2072 505 dixit

493 555 548 609 in
575 549 780 608 duobus
807 546 1087 620 praeceptis
1109 554 1270 602 totam
1296 544 1488 614 Legem
1513 542 1910 612 Prophetasque
1939 554 2068 610 pen-

488 644 651 710 dere;
683 657 780 712 nec
808 655 869 695 ea
899 638 1060 694 tacuit
1086 639 1104 670 ¹
1124 679 1139 704 ,
1171 635 1264 692 sed
1307 635 1481 691 verbis
1497 632 1846 705 apertissimis
1892 647 2071 702 prom-

487 738 617 806 psit,
651 734 858 805 Diliges,
899 729 1106 800 inquit,
1146 729 1420 783 Dominum
1472 727 1634 781 Deum
1680 737 1822 780 tuum
1872 741 1934 778 ea:
1959 733 2062 777 toto

486 825 636 880 corde
656 833 742 876 tuo
762 863 777 887 ,
803 831 849 876 et
873 837 936 875 ea:
959 829 1062 874 tota
1085 819 1255 872 anima
1277 827 1364 894 tua
1384 857 1401 883 ,
1446 827 1493 870 et
1520 833 1584 870 ea:
1609 824 1714 870 toto
1759 823 1920 868 mente
1947 823 2070 878 tua;

485 924 538 969 et
575 913 754 984 diliges
791 911 1076 981 proximum
1100 917 1240 964 tuum
1287 917 1526 978 tanquam
1561 915 1609 960 te
1649 906 1814 976 ipsum
1855 903 2065 980 (Manli.

484 1020 594 1061 xxu
619 1045 636 1069 ,
665 1001 878 1071 57-40).
909 999 1046 1068 Quid
1084 998 1261 1054 verius
1285 1039 1300 1064 ,
1332 997 1414 1051 his
1443 995 1672 1066 impletis
1702 994 1910 1064 impleri
1949 1008 2067 1047 om-

487 1097 614 1150 nino
633 1091 934 1166 justitiam?
958 1090 1335 1146 Verumtamen
1364 1089 1454 1158 qui
1483 1085 1584 1140 hoc
1610 1083 1865 1150 attendit,
1907 1082 2067 1138 etiam

487 1189 618 1244 illud
666 1187 938 1252 attendat,
969 1201 1126 1257 quam
1159 1185 1212 1239 in
1268 1183 1452 1239 multis
1501 1180 1834 1237 oﬂ‘endamus
1878 1193 2067 1236 omnes

487 1278 693 1349 (Jacobi
719 1293 810 1344 ιιι,
835 1277 896 1348 2)
916 1319 932 1342 ,
957 1277 1083 1331 dum
1115 1283 1361 1345 putamus
1385 1274 1495 1328 Deo
1514 1316 1530 1340 ,
1557 1289 1716 1344 quem
1755 1271 2022 1343 diligimus
2048 1311 2063 1333 ,

485 1369 697 1440 placere
719 1410 735 1434 ,
767 1369 850 1424 vel
879 1382 981 1422 non
1010 1365 1291 1436 displicere
1318 1363 1460 1434 quod
1485 1363 1740 1428 facimus;
1785 1371 1839 1418 et
1883 1369 2066 1431 postea

487 1479 585 1532 per
613 1463 942 1532 Scripturam
968 1458 1116 1530 ejus,
1144 1457 1255 1513 sive
1294 1465 1443 1513 certa
1471 1462 1526 1511 et
1554 1454 1832 1526 perspicua
1861 1453 2067 1508 ratione

486 1553 828 1618 commoniti,
855 1567 977 1608 cum
1006 1550 1346 1605 didicerimus
1373 1547 1518 1619 quod
1569 1547 1620 1602 ei
1661 1563 1766 1602 non
1821 1546 2062 1616 placeat,

487 1643 796 1715 ptenitendo
820 1657 1101 1712 precamur
1126 1649 1183 1696 ut
1212 1641 1470 1712 ignoscat.
1503 1639 1667 1695 Plena
1697 1639 1927 1694 humana
1959 1637 2066 1692 vita

484 1745 569 1792 est
597 1723 931 1790 documentis
952 1732 1160 1787 talibus.
1211 1730 1361 1787 Unde
1385 1738 1566 1784 autem
1613 1729 1789 1784 minus
1818 1727 2066 1783 novimus

485 1825 612 1896 quid
643 1825 688 1880 ei
737 1825 976 1894 placeat,
1009 1823 1112 1878 nisi
1163 1823 1288 1892 quia
1334 1830 1390 1876 et
1443 1822 1556 1891 ipse
1595 1821 1771 1875 minus
1799 1830 1957 1874 notus
1985 1829 2068 1874 est

485 1917 678 1973 nobis?
709 1914 943 1970 Videmus
965 1915 1104 1970 enim
1131 1929 1265 1968 nunc
1283 1929 1374 1984 per
1395 1913 1656 1982 speculum
1679 1911 1732 1966 in
1759 1911 2027 1982 (enigmata
2047 1951 2063 1975 ,

486 2015 607 2060 tunc
630 2016 796 2060 autem
841 2005 972 2076 facie
995 2002 1066 2058 ad
1091 2003 1293 2072 faciem.
1321 2001 1451 2069 Quis
1472 2017 1600 2057 vero
1641 2001 1946 2056 existimare
1973 2015 2068 2054 au-

485 2095 644 2158 deat,
671 2110 790 2148 cum
815 2109 880 2148 eo
909 2101 1124 2148 ventum
1153 2093 1342 2160 fuerit,
1369 2091 1508 2163 quod
1537 2092 1640 2159 ait,
1671 2088 1741 2147 Ut
1767 2107 2066 2162 cognoscam

485 2186 610 2238 sicut
635 2193 682 2239 et
702 2183 928 2254 cognitus
949 2199 1060 2236 sum
1087 2182 1128 2253 (l
1160 2181 1278 2236 Cor.
1304 2199 1432 2249 xm,
1468 2181 1554 2254 12)
1574 2223 1592 2248 ,
1625 2190 1822 2236 tantam
1851 2181 1943 2236 Dei
1987 2179 2069 2234 di-

486 2275 769 2329 lectionem
793 2273 905 2327 fore
932 2271 1438 2340 contemplatoribus
1459 2273 1576 2340 ejus
1598 2311 1614 2337 ,
1660 2280 1852 2342 quanta
1893 2269 2065 2324 fideli-

487 2362 584 2417 bus
611 2377 752 2416 nunc
795 2371 878 2416 est
911 2379 924 2415 :
955 2368 1048 2417 aut
1076 2361 1186 2416 ullo
1215 2360 1374 2415 modo
1397 2361 1584 2416 ‘1ianc
1615 2361 1691 2415 illi
1725 2370 1970 2430 tanquam
1999 2359 2068 2416 de

490 2451 734 2519 proximo
755 2449 1206 2518 comparandam?
1260 2450 1426 2504 Porro
1454 2451 1498 2504 si
1523 2458 1722 2520 quanto
1750 2450 1920 2520 major
1967 2465 2066 2506 no-

488 2539 600 2594 titia
623 2579 638 2604 ,
667 2546 814 2593 tanto
834 2539 932 2592 crit
959 2537 1128 2608 major
1155 2538 1372 2594 dilectio
1397 2557 1411 2605 ;
1462 2539 1698 2610 profecto
1729 2555 1870 2595 nunc
1899 2555 2068 2610 quan-

489 2641 598 2686 tum
625 2631 777 2686 deest
804 2630 1111 2695 dilectioni,
1140 2639 1342 2685 tantum
1396 2631 1732 2700 perficienda:
1781 2631 1803 2664 ³
1847 2631 2066 2702 ,ῑυδιίιίίη

487 2721 678 2779 deesse
701 2720 1026 2776 credendum
1055 2728 1154 2774 est.
1182 2718 1316 2775 Sciri
1346 2721 1488 2774 enim
1524 2721 1720 2791 aliquid
1766 2721 1848 2776 vel
1873 2719 2018 2776 credi
2047 2760 2064 2785 ,

487 2822 544 2868 et
572 2821 745 2868 tanton
771 2827 877 2866 non
905 2811 1050 2882 diligi
1081 2819 1290 2883 potest:
1315 2811 1460 2882 diligi
1499 2821 1675 2868 autem
1710 2808 1856 2882 quod
1895 2826 2068 2883 neque

487 2904 656 2960 scitur
681 2919 853 2973 neque
874 2903 1108 2958 creditur
1130 2945 1146 2970 ,
1195 2889 1302 2956 non
1326 2910 1518 2972 potest.
1551 2904 1621 2956 At
1639 2902 1684 2956 si
1703 2901 1970 2958 credendo
1999 2899 2064 2956 ad

490 3004 688 3048 tantam
719 2995 1071 3050 dilectionem
1096 2995 1263 3048 sancti
1295 2993 1573 3063 pervenire
1613 3003 1934 3063 potuerunt,
1961 3009 2067 3065 qua

491 3093 633 3138 certe
671 3083 926 3151 majorem
975 3083 1026 3136 in
1059 3082 1158 3137 hac
1186 3083 1293 3137 vita
1323 3097 1443 3138 esse
1492 3097 1600 3137 non
1628 3097 1782 3152 posse
1815 3083 2069 3138 Dominus

495 3175 608 3244 ipse
631 3182 852 3229 testatus
876 3182 957 3228 est
976 3213 991 3238 ,
1025 3182 1083 3226 ut
1103 3177 1330 3227 animam
1362 3187 1510 3226 suam
1544 3187 1641 3243 pro
1671 3172 1775 3228 fide
1799 3174 1882 3229 vel
1920 3174 1942 3206 ⁸
1972 3187 2070 3244 pro

495 3264 742 3344 fratribus
773 3273 1032 3334 ponerent
1051 3245 1236 3334 '(Joan.
1272 3280 1338 3318 xv
1361 3305 1376 3329 ,
1409 3265 1496 3332 l5)
1531 3281 1543 3316 :
1575 3278 1696 3318 eum
1718 3263 1783 3318 ab
1804 3263 1901 3318 hac
1917 3279 2072 3335 perc-

493 3355 790 3427 grinationc
829 3355 879 3409 in
907 3369 1007 3424 qua
1037 3370 1130 3424 per
1160 3353 1314 3408 fidem
1344 3369 1485 3408 ltlltlc
1521 3353 1822 3408 ambulatur
1853 3353 1916 3426 (ll
1946 3353 2066 3410 Cor.

495 3461 561 3510 γ,
589 3447 682 3516 7),
714 3455 1022 3515 perventum
1079 3445 1182 3500 erit
1226 3443 1292 3499 ad
1323 3445 1592 3514 speciem,
1638 3457 1795 3514 quam
1836 3445 2067 3500 nondum

494 3537 662 3591 visam
706 3549 982 3604 speramus
1020 3575 1034 3600 ,
1085 3545 1136 3590 et
1187 3550 1282 3604 per
1333 3535 1638 3602 patientiam
1697 3541 2070 3604 exspectamus

497 3627 675 3698 (Rom.
706 3641 797 3680 vm
817 3666 833 3693 ,
860 3625 951 3698 25)
972 3668 986 3690 ,
1021 3627 1198 3696 procul
1219 3626 1380 3680 dubio
1406 3636 1458 3680 ct
1478 3625 1589 3696 ipsa
1617 3625 1832 3680 dilectio
1849 3640 1953 3681 non
1980 3641 2070 3680 so-

499 3718 610 3773 lum
635 3731 792 3786 supra
819 3731 976 3786 quam
1006 3715 1092 3772 hic
1115 3716 1370 3771 habemus
1394 3759 1408 3780 ,
1434 3716 1525 3770 sed
1558 3717 1709 3787 longe
1729 3732 1886 3786 supra
1913 3733 2070 3788 quam

501 3807 727 3876 petimus
756 3815 808 3861 et
830 3805 1172 3874 intelligimus
1195 3809 1296 3860 erit
1321 3806 1534 3876 (Ep/tes.
1562 3822 1650 3870 ιιι,
1672 3805 1801 3877 c20);
1831 3821 1929 3861 nec
1954 3807 2074 3861 ideo

501 3906 677 3950 tamen
697 3894 812 3964 plus
843 3908 962 3949 esse
987 3895 1179 3966 poterit
1203 3935 1217 3956 ,
1241 3909 1396 3964 quani
1422 3911 1486 3949 cx
1513 3904 1622 3948 toto
1648 3896 1809 3949 corde
1827 3937 1842 3960 ,
1879 3911 1943 3950 ex
1965 3903 2071 3950 tota

501 3986 697 4049 anima,
722 3999 786 4040 ex
816 3993 920 4038 tota
943 3992 1141 4038 mente.
1173 3983 1354 4054 Neque
1379 3985 1520 4040 enim
1545 3995 1709 4039 restat
1726 3986 1776 4040 in
1802 3986 1954 4040 nobis
1978 3986 2076 4041 ali-

500 4073 623 4143 quid
641 4073 778 4144 quod
797 4073 916 4128 addi
937 4075 1101 4142 possit
1120 4073 1184 4127 ad
1204 4082 1400 4139 totum;
1423 4073 1544 4144 quia
1562 4075 1604 4128 si
1625 4074 1840 4129 restabit
1855 4075 2072 4146 aliquid,

501 4161 628 4218 illud
654 4177 757 4216 non
776 4164 876 4218 erit
896 4171 1082 4218 totum.
1101 4163 1332 4218 Proinde
1350 4161 1451 4218 hoc
1464 4163 1488 4197 ⁸
1511 4163 1732 4232 priuunn
1757 4174 2076 4234 pratccptum

497 4251 738 4320 jttstitim,
759 4267 864 4322 quo
881 4251 1132 4322 jubentur
1150 4253 1370 4324 diligere
1399 4253 1562 4308 Deum
1582 4268 1646 4307 ex
1667 4261 1778 4307 toto
1805 4254 1965 4309 corde
1979 4294 1996 4320 ,
2023 4263 2078 4310 et

502 4357 566 4396 ex
590 4350 694 4395 tota
717 4343 914 4408 anima,
937 4350 987 4396 et
1003 4357 1070 4396 ex
1094 4351 1201 4396 tota
1223 4350 1418 4406 mente,
1439 4342 1523 4396 cui
1549 4354 1635 4398 est
1663 4343 1728 4398 de
1745 4344 1986 4412 proximo
2006 4343 2080 4399 di-

504 4431 714 4500 ligendo
733 4431 960 4484 altcrmu
988 4445 1322 4500 consequens
1341 4473 1356 4497 ,
1386 4431 1439 4485 in
1461 4431 1548 4486 illa
1578 4432 1687 4486 vita
1715 4432 2076 4502 implebimus,

505 4534 626 4574 eum
653 4518 948 4573 videbimus
975 4520 1110 4574 facie
1135 4519 1200 4573 ad
1226 4519 1432 4575 faciem.
1481 4519 1588 4576 Sed
1625 4521 1746 4576 ideo
1787 4521 1940 4578 nobis
1979 4523 2081 4578 hoc

509 4611 831 4667 etiamnunc
860 4619 1180 4680 praeceptum
1211 4621 1291 4666 est
1317 4653 1332 4676 ,
1376 4620 1434 4666 ut
1479 4611 1920 4682 admonercmnr,
1953 4612 2080 4684 quid

509 4699 610 4756 tide
625 4715 914 4771 exposcere
935 4743 949 4766 ,
974 4716 1080 4770 quo
1099 4714 1246 4770 spem
1270 4700 1618 4772 praemittere,
1649 4711 1700 4756 ct
1721 4701 2082 4758 obliviscendo

506 4809 625 4864 quae
655 4804 795 4848 retro
819 4802 978 4855 sunt,
1015 4791 1065 4849 in
1089 4807 1205 4862 qua:
1231 4791 1497 4846 anteriora
1527 4807 1621 4847 uos
1665 4795 1948 4850 extendere
1983 4795 2081 4850 dc-

510 4887 726 4940 bcatnus
757 4881 1012 4957 (Philipp.
1051 4882 1150 4952 ιιι).
1204 4885 1279 4938 Ac
1323 4898 1417 4954 per
1457 4882 1594 4948 hoc,
1653 4893 1906 4954 quantum
1955 4885 2081 4939 mihi

515 4973 720 5029 videtur
740 5014 753 5036 ,
782 4973 834 5028 in
857 4988 917 5029 ea
950 4989 1067 5042 qua:
1097 4971 1416 5042 perficienda
1447 4985 1527 5030 est
1546 4973 1746 5043 iustitia
1775 4974 1993 5028 multum
2030 4976 2081 5028 in

511 5065 613 5120 hac
638 5065 743 5120 vita
771 5065 859 5120 illc
904 5063 1159 5136 profecit,
1193 5065 1280 5133 qui
1323 5078 1480 5133 quam
1513 5065 1666 5134 longe
1709 5065 1778 5133 sit
1814 5079 1841 5118 a
1873 5064 2083 5135 perfec-

509 5156 652 5215 tione
674 5156 888 5226 justitim
909 5198 922 5224 ,
955 5154 1280 5226 proficiendo
1301 5155 1567 5226 cognovit.

575 5268 588 5298 ¹
619 5264 807 5327 Aliquot
829 5272 955 5327 Mss“
981 5278 1068 5316 nec.
1090 5277 1196 5316 eum
1216 5263 1380 5316 tacuit.

570 5330 590 5358 ⁸
607 5325 742 5384 Editi,
767 5334 849 5376 aut
873 5325 956 5377 illo
977 5328 1116 5377 modo
1144 5330 1340 5376 :ntinus
1361 5329 1508 5380 bene.
1706 5369 1729 5385 ,

573 5387 753 5452 tridui,
790 5395 970 5438 llllllmll
1006 5394 1119 5439 tunc
1153 5387 1480 5452 perliciendu'.
1525 5388 1683 5447 Abest,
1717 5393 1848 5447 tunc,
1869 5399 1897 5438 a
1919 5400 2087 5438 manu-

508 5449 718 5500 scriptis.

574 5465 718 5511 .‘tptts.

574 5509 591 5540 ⁸
612 5518 658 5558 ιιι
685 5509 844 5562 editis,
864 5515 925 5557 ('l.

570 5573 590 5604 ⁸
614 5572 694 5619 tlic
716 5571 761 5619 in
787 5572 930 5618 editis
953 5571 1108 5619 fuerat
1147 5571 1376 5628 additum,
1399 5569 1490 5620 erit
1512 5631 1515 5632 ν
1545 5588 1562 5631 ;
1587 5579 1634 5620 et
1659 5572 1795 5628 intra,
1826 5579 1948 5632 post,
1974 5570 2088 5632 ulte-

511 5644 620 5680 rum
653 5642 974 5693 consequens;
1011 5632 1295 5692 legebatur,
1329 5635 1454 5692 quod
1501 5631 1550 5684 in
1595 5632 1676 5683 illa
1711 5633 1801 5683 ritu
1830 5631 2089 5695 complebi-

521 5705 641 5752 mea

1179 338 1269 395 DE
1307 337 1574 396 SPIRITU
1612 337 1700 392 ΕΤ
1739 337 2059 404 Ll'l’TEliA,
2099 336 2156 390 S.
2196 333 2562 391 AUGUSTJNI
2614 335 2817 392 LIBER
2847 334 3041 394 UNUS.

3647 337 3770 398 ω

2245 447 2334 504 65.
2367 448 2473 504 Sed
2512 449 2556 504 si
2587 448 2692 504 dici
2719 458 2892 520 potest
2915 448 3160 520 quzedam
3195 448 3399 519 justitia
3429 448 3602 508 minor
3628 450 3768 512 huic

2175 540 2295 594 vitae
2321 547 2648 610 competens,
2675 555 2778 611 qua
2792 540 2966 611 justus
2991 557 3056 596 ex
3076 540 3180 596 ﬁde
3200 541 3330 596 vivit
3356 539 3532 612 (Rom.
3563 557 3603 609 ι,
3631 544 3763 616 17),

2175 631 2418 698 quamvis
2467 628 2779 700 peregrinus
2825 645 2856 684 a
2899 629 3156 698 Domino,
3207 639 3260 685 et
3303 630 3424 686 ideo
3453 647 3547 701 per
3591 633 3764 691 fidem

2175 719 2478 784 ambulans,
2507 719 2739 774 nondum
2763 735 2860 790 per
2872 720 3105 790 speciem
3135 738 3149 774 :
3181 736 3288 776 non
3307 721 3538 777 absurde
3557 723 3767 780 dicitur

2174 809 2336 864 etiam
2364 809 2430 864 ad
2461 809 2614 864 istam
2659 811 2930 880 pertinere
2965 826 3032 866 ne
3061 821 3262 880 peccet.
3300 812 3482 884 Neque
3513 814 3676 878 enim,
3701 811 3760 862 id

2173 915 2295 954 esse
2337 899 2573 954 nondum
2621 910 2795 970 potest
2837 909 2980 955 tanta
3022 900 3238 956 dilectio
3268 901 3404 968 Dei,
3451 913 3644 973 quanta
3669 898 3758 960 illi

2171 991 2458 1061 cognitioni
2508 993 2676 1061 plena:
2721 992 3077 1064 perfectaeque
3129 993 3374 1058 debetur,
3425 994 3535 1064 jam
3577 997 3764 1066 culpae

2171 1079 2530 1151 deputandum
2559 1091 2658 1136 est.
2689 1082 2845 1138 Aliud
2869 1093 2953 1138 est
2971 1083 3114 1138 enim
3141 1091 3306 1138 totam
3336 1085 3573 1140 nondum
3602 1101 3762 1141 asse-

2170 1174 2261 1244 qui
2291 1173 2306 1205 ¹
2338 1173 2690 1240 cbaritatem,
2745 1171 2886 1228 aliud
2936 1173 3132 1227 nullam
3179 1173 3329 1244 sequi
3381 1174 3754 1244 cupiditatem.

2170 1262 2523 1330 Quamobrem
2548 1259 2708 1318 debet
2735 1261 2894 1317 homo
2921 1303 2938 1329 ,
2967 1264 3207 1332 quamvis
3235 1264 3388 1334 longe
3412 1280 3584 1318 minus
3609 1272 3764 1318 amet

2173 1353 2368 1418 Deum,
2415 1367 2571 1423 quam
2615 1367 2736 1408 eum
2767 1359 2939 1423 potest
2985 1367 3167 1407 amare
3208 1363 3587 1423 conspectum,
3619 1351 3759 1406 nihil

2172 1452 2346 1498 tamen
2394 1451 2645 1513 appetere
2689 1441 2930 1497 illicitum
2965 1442 3144 1505 :sicut
3187 1442 3350 1497 etiam
3400 1441 3454 1496 in
3503 1442 3586 1496 his
3629 1457 3758 1512 qua

2169 1532 2415 1602 adjacent
2456 1532 2704 1587 sensibus
2749 1530 2990 1600 corporis
3009 1570 3026 1596 ,
3056 1540 3231 1600 potest
3256 1531 3444 1588 oculus
3469 1530 3630 1586 nullis
3665 1540 3756 1587 te—

2172 1625 2350 1678 nebris
2379 1623 2659 1688 delectari,
2690 1622 2932 1692 quamvis
2954 1637 3058 1676 non
3081 1622 3246 1690 possit
3275 1617 3328 1675 in
3359 1620 3750 1691 fulgentissima

2171 1713 2289 1768 lucc
2313 1711 2489 1782 deﬁgi.
2525 1711 2716 1766 Verum
2753 1725 2880 1766 ecce
2900 1709 3011 1780 jam
3038 1711 3198 1766 talem
3227 1711 3608 1764 constituamus
3635 1710 3760 1764 ani-

2171 1819 2317 1859 mam
2350 1803 2636 1856 humanam
2665 1801 2716 1856 in
2745 1800 2845 1856 hoc
2868 1799 3199 1871 corruptibili
3227 1815 3476 1870 corpore,
3503 1815 3620 1870 quae
3645 1800 3756 1854 etsi

2169 1894 2405 1949 nondum
2453 1892 2542 1946 illa
2583 1889 3160 1962 supereminentissima
3210 1889 3532 1958 perfectione
3571 1887 3758 1943 chariw

2172 1985 2294 2040 tatis
2334 1985 2429 2039 Dei
2475 1999 2664 2038 omnes
2693 1990 2868 2037 motus
2901 1991 3126 2036 terrente
3156 1980 3388 2036 libidinis
3416 1979 3756 2037 absorbuerit

2168 2085 2328 2146 atque
2359 2072 2788 2142 consumpserit,
2828 2081 3062 2126 attamen
3100 2071 3154 2124 in
3177 2068 3291 2125 ista
3318 2070 3521 2125 minore
3544 2069 3756 2139 justitia

2168 2164 2235 2220 ad
2265 2164 2508 2218 illicitum
2555 2160 2753 2232 aliquid
2795 2159 3121 2230 operandum
3150 2158 3322 2214 eidem
3356 2157 3561 2215 libidini
3601 2157 3757 2214 nulla

2171 2254 2510 2310 inclinatione
2551 2252 2850 2308 consentiat
2880 2267 2895 2304 :
2925 2259 2982 2304 ut
3020 2249 3086 2303 ad
3127 2249 3272 2303 illam
3318 2250 3478 2303 vitam
3503 2248 3613 2318 jam
3642 2249 3756 2303 im-

2169 2344 2448 2400 mortalem
2476 2343 2773 2413 pertineat,
2805 2341 2996 2410 Diliges
3023 2337 3294 2393 Dominum
3328 2338 3490 2394 Deum
3518 2349 3657 2392 tuum
3688 2355 3760 2394 ea:

2170 2441 2272 2487 toto
2299 2433 2450 2488 corde
2477 2442 2562 2486 tuo
2585 2472 2599 2496 ,
2644 2440 2691 2486 et
2719 2448 2780 2488 ea:
2800 2440 2901 2484 tota
2929 2431 3101 2486 anima
3127 2439 3212 2484 tua
3230 2471 3246 2494 ,
3285 2439 3332 2484 et
3357 2445 3419 2484 ex
3442 2439 3544 2484 tota
3569 2429 3760 2484 uirtute

2171 2533 2259 2577 tua
2283 2521 2457 2595 (Deut.
2483 2537 2559 2589 vt,
2592 2519 2648 2592 5)
2677 2539 2692 2585 ;
2721 2520 2786 2575 ad
2821 2522 2954 2574 hanc
2983 2529 3159 2576 autem
3179 2563 3194 2586 ,
3225 2519 3345 2573 Non
3369 2529 3540 2590 regnet
3565 2537 3758 2591 pecca-

2170 2624 2276 2668 tum
2301 2615 2352 2668 in
2379 2625 2540 2668 vestro
2571 2613 2774 2668 mortali
2805 2630 3012 2684 corpore
3039 2614 3110 2668 ad
3141 2614 3465 2668 obedientium
3489 2613 3757 2668 desideriis

2169 2707 2281 2776 ejus
2305 2707 2478 2777 (Rom.
2506 2721 2589 2771 γι,
2627 2705 2718 2776 12)
2753 2722 2766 2758 :
2797 2705 2862 2758 ad
2892 2706 3054 2769 illam,
3079 2703 3198 2758 Non
3220 2706 3532 2775 concupisces
3552 2703 3752 2774 (Exod.

2171 2813 2273 2866 xx,
2308 2797 2429 2870 i7);
2473 2798 2539 2853 ad
2566 2798 2718 2852 istam
2742 2839 2758 2863 ,
2793 2795 2916 2852 Post
2957 2797 3379 2867 concupiscendus
3401 2807 3513 2850 tuas
3539 2812 3638 2850 non
3661 2812 3754 2852 ea:

2171 2886 2358 2962 (Eccli.
2383 2904 2539 2953 xvm,
2569 2888 2662 2956 '50)
2689 2904 2704 2942 :
2732 2887 2798 2944 ad
2829 2888 2970 2942 illam
2995 2928 3010 2952 ,
3054 2887 3186 2942 nihil
3225 2887 3450 2957 amplius
3483 2902 3748 2957 qumrere,

2171 2996 2328 3052 quam
2353 2981 2405 3035 in
2431 2997 2494 3035 ea
2518 2979 2839 3051 perfectione
2862 2980 3142 3050 persistere
3163 2996 3178 3040 :
3207 2979 3272 3034 ad
3294 2980 3472 3044 istam,
3495 2979 3594 3034 hoc
3605 2979 3753 3049 quod

2169 3071 2278 3142 agit
2303 3073 2324 3102 ¹
2355 3071 2408 3124 in
2430 3085 2592 3140 opere
2617 3069 2834 3135 habere,
2862 3079 2916 3125 et
2945 3069 3082 3124 illius
3103 3068 3478 3139 perfecdonem
3503 3085 3595 3139 pro
3615 3083 3754 3124 mer-

2170 3158 2301 3214 cede
2327 3173 2543 3228 sperare
2575 3176 2588 3211 :
2623 3167 2682 3213 ut
2709 3174 2800 3228 per
2827 3158 2971 3212 illam
3007 3157 3182 3229 justus
3211 3159 3326 3214 sine
3353 3158 3456 3212 fine
3479 3157 3502 3188 ³
3527 3157 3665 3212 vivat
3693 3158 3750 3214 in

2171 3248 2368 3316 Specie,
2399 3263 2555 3318 quam
2585 3249 2637 3302 in
2666 3248 2763 3304 ista
2787 3247 3108 3304 desideravit
3134 3264 3148 3315 ;
3181 3263 3274 3319 per
3305 3249 3442 3304 lianc
3465 3256 3638 3302 autem
3655 3247 3751 3318 ju-

2173 3349 2286 3394 stus
2311 3339 2450 3394 vivat
2479 3355 2542 3395 ex
2591 3339 2714 3405 fide,
2753 3340 2807 3395 in
2844 3356 2948 3411 qua
2986 3341 3129 3396 illam
3156 3349 3302 3396 certo
3331 3339 3437 3396 fine
3459 3339 3748 3396 desiderat.

2179 3429 2292 3501 (llis
2312 3427 2612 3485 constitutis
2639 3438 2910 3498 peccatum
2937 3429 3040 3484 erit
3075 3428 3305 3484 hominis
3338 3444 3404 3485 ex
3434 3428 3536 3484 tide
3561 3429 3750 3484 viven-

2176 3521 2260 3586 tis,
2288 3515 2573 3590 aliquando
2601 3519 2756 3574 alicui
2793 3519 3128 3575 delectationi
3172 3520 3365 3574 illicita:
3403 3518 3750 3574 consentire:

2177 3625 2282 3667 non
2321 3619 2524 3666 tantum
2549 3611 2602 3664 in
2633 3609 2738 3664 illis
2775 3609 3056 3665 horrendis
3091 3608 3408 3664 facinoribus
3446 3617 3500 3665 et
3537 3607 3752 3678 ﬂagitiis

2177 3700 2540 3774 perpetrandis
2560 3743 2576 3766 ,
2619 3715 2800 3754 verum
2828 3699 2984 3754 etiam
3015 3700 3066 3754 in
3093 3699 3408 3765 levioribus;
3459 3708 3514 3753 ut
3545 3697 3628 3753 vel
3654 3713 3754 3752 auo

2179 3807 2290 3848 rem
2317 3792 2470 3845 alicui
2507 3791 2626 3844 voci
2657 3806 2774 3861 quae
2796 3789 3056 3845 audienda
3092 3796 3386 3856 nonesset,
3409 3790 3490 3844 vel
3515 3787 3750 3858 linguam

2177 3881 2479 3950 alicuiqua:
2507 3879 2730 3935 dicenda
2773 3894 2878 3935 non
2905 3885 3080 3946 esset,
3131 3880 3528 3944 accommodet;
3573 3879 3653 3932 vel
3697 3878 3752 3934 in

2179 3973 2295 4042 ipso
2333 3971 2494 4025 corde
2523 3969 2718 4040 aliquid
2757 3969 2830 4024 ita
2850 3970 3062 4039 cogitet,
3087 3977 3145 4024 ut
3171 3969 3352 4024 mallet
3381 3971 3577 4026 licitum
3607 3969 3752 4040 quod

2179 4062 2317 4116 male
2360 4060 2623 4126 delectat,
2664 4069 2718 4115 et
2763 4074 2860 4128 per
2903 4068 3222 4130 prteceptum
3261 4061 3430 4114 scitur
3470 4059 3750 4120 illicitum:

2180 4155 2338 4210 etiam
2386 4155 2484 4208 ista
2515 4153 2708 4222 quippe
2749 4152 3030 4206 consensio
3075 4161 3156 4206 est
3181 4152 3248 4204 ad
3295 4161 3594 4220 peccatum,
3634 4167 3756 4220 qum

2181 4246 2362 4316 utique
2387 4244 2558 4308 fieret,
2582 4243 2681 4296 nisi
2705 4256 2858 4311 poena
2881 4247 3106 4296 terreret
3126 4239 3199 4312 ⁸.)
3227 4241 3386 4298 Tales
3403 4242 3530 4312 justi
3559 4257 3622 4298 ex
3653 4240 3759 4297 fide

2182 4336 2420 4392 viventes
2443 4377 2458 4402 ,
2486 4349 2592 4388 non
2619 4334 2641 4366 ⁸
2665 4348 2800 4404 opus
2823 4332 3019 4388 habent
3041 4333 3238 4399 dicere,
3271 4332 3483 4388 Dimitte
3503 4332 3642 4388 nobis
3663 4333 3757 4386 de-

2184 4429 2285 4482 bita
2307 4435 2479 4480 nostra
2506 4466 2521 4489 ,
2562 4425 2690 4478 sicut
2726 4431 2772 4477 et
2805 4439 2894 4477 nos
2928 4423 3221 4481 dimittimus
3247 4422 3548 4478 debitoribus
3577 4423 3761 4478 nostris
3853 4479 3864 4488 _

2185 4515 2672 4587 (Mallh.\‘t,19)?
2715 4514 3006 4585 falsumque
3045 4529 3164 4570 esse
3211 4516 3562 4581 convincunt,
3613 4515 3758 4586 quod

2185 4609 2438 4679 scriptum
2466 4616 2568 4672 est,
2599 4604 3092 4676 Nonjusltﬁcabt'tttr
3113 4606 3165 4659 in
3193 4614 3456 4676 conspectu
3486 4615 3572 4659 tuo
3597 4605 3764 4659 omnis

2251 4783 2267 4846 ξ
2298 4782 2484 4846 Aliquot
2508 4789 2634 4832 διες..
2657 4779 2871 4846 exsequi.

2251 4845 2270 4876 ³
2290 4839 2509 4904 Quinque
2533 4839 2808 4904 atss.,guod
2835 4839 2924 4904 git.
2961 4847 3095 4904 Forte
3136 4854 3240 4903 pro,
3297 4853 3390 4904 quo
3432 4842 3616 4904 tendit;
3657 4841 3762 4904 vel,

2187 4900 2507 5019 qgoproliéif.
2532 4902 2646 4952 \lde
2666 4900 2804 4962 intra,
2833 4901 3006 4950 librum
3041 4902 3106 4951 de
3128 4900 3426 4952 Ρριῖρριίοιιθ
3453 4903 3652 4964 justitite
3676 4900 3768 4953 ho;

2188 4977 2203 5013 ι
2255 4977 2345 5019 ms,
2365 4979 2414 5012 ιι.
2433 4979 2464 5012 ο
2497 4997 2510 5010 .

2188 4977 2345 5013 minus.
2365 4979 2414 5012 ll.
2433 4977 2486 5012 Ol
2497 4997 2510 5010 ο

2260 4977 2486 5074 i'iitii's'l'
2497 4997 2738 5086 fvaticauis
2761 5031 2885 5086 διες..
2911 5019 3012 5073 sine
3032 5020 3150 5086 ﬁde.

2252 5085 2272 5117 ⁸
2292 5085 2472 5148 Aliquid
2497 5085 2574 5134 hic
2595 5084 2928 5148 perturbatum
2948 5084 3060 5133 esse
3081 5085 3398 5148 suspicamur.
3423 5093 3532 5134 Sam
3559 5096 3618 5134 ea
3653 5099 3769 5148 quae

2211 5144 2497 5196 varentliesis
2527 5144 2888 5206 complectitur,
2935 5158 3029 5193 non
3065 5144 3184 5194 satis
3223 5146 3466 5194 wlia'rent
3505 5158 3615 5196 cum
3660 5144 3773 5196 ver-

2211 5161 2497 5196 larclllllCSlS
2527 5161 2888 5206 comptecutur,
2935 5161 3029 5193 non
3065 5161 3184 5194 satis
3223 5161 3466 5194 ιιυιιῑυωιιι
3505 5161 3615 5196 cum
3660 5161 3768 5196 γετ-

2193 5161 2291 5278 his“
2319 5207 2642 5278 sequentitnts
2685 5219 2698 5278 ξ
2743 5207 2869 5278 forte
2913 5206 3198 5278 collocanda.
3242 5215 3354 5278 sunt
3383 5207 3538 5278 paulo
3590 5219 3768 5278 supra,

2193 5265 2538 5320 Scilicet'aute
2585 5265 2699 5314 illud
2735 5280 2748 5314 :
2800 5276 2972 5316 rerum
3017 5279 3126 5317 ecce
3167 5267 3278 5328 jam
3323 5265 3468 5316 talem
3516 5265 3775 5318 consum

2193 5342 2318 5379 mus.

2256 5389 2655 5453 ftzygirannensis
2705 5396 2786 5453 ns.
2847 5388 2981 5453 solus
3002 5390 3200 5453 (omittit,
3236 5399 3328 5437 non
3363 5400 3382 5439 :
3413 5397 3471 5453 et
3509 5389 3627 5439 infra
3665 5402 3774 5453 pro,

2195 5449 2460 5513 [lusumque
2481 5463 2582 5499 esse
2603 5487 2618 5513 ,
2642 5449 2804 5513 habet,
2840 5457 2920 5500 aut
2942 5449 3119 5513 [itlstmt
3147 5455 3342 5513 esseatn
3359 5451 3546 5500 minore
3568 5449 3776 5513 quadam

2197 5510 2538 5561 t’oletuieorum
2563 5511 2775 5560 editione
2802 5510 3050 5564 t’arisi'ensi
3067 5511 3176 5560 anni
3205 5510 3340 5569 1644.
3359 5514 3535 5561 omissa
3553 5510 3779 5562 estsimt-

2198 5571 2308 5621 liter
2321 5570 2786 5642 put-lico[ann-ngam,
2799 5581 2850 5642 et
2864 5573 3176 5642 substitutum
3201 5582 3388 5642 postea,
3403 5585 3462 5623 ne
3486 5571 3661 5642 [iditum
3672 5585 3778 5642 esse

2197 5632 2490 5698 convincunt.
2519 5632 2634 5680 nihil
2668 5647 2756 5683 nos
2777 5634 2852 5684 hic
2876 5636 3162 5685 mutavimus
3192 5632 3369 5698 prmter
3410 5632 3667 5684 verborum
3700 5635 3772 5682 in-

2199 5695 2600 5756 terpunctiouvtu.
