4002 6178
235 308 353 366 ιη

238 429 448 489 etiamsi
476 427 529 481 in
563 424 740 494 aliqua
772 427 932 491 gente
960 423 1053 472 aut
1080 413 1260 483 aliquo
1286 407 1563 478 superiore
1589 414 1831 473 tempore

237 529 372 582 ﬁdes
401 539 522 579 eam
552 518 706 576 latuit
733 513 1009 585 sanguinis
1036 506 1254 563 Christi.
1291 502 1405 557 Non
1434 499 1573 554 enim
1606 497 1832 564 iuju:tus

237 621 400 680 Dens,
431 615 522 686 qui
549 613 727 682 justus
754 606 965 663 fraudet
994 600 1241 658 mercede
1262 594 1479 666 justitize
1498 632 1514 657 ,
1548 591 1590 651 si
1618 590 1699 681 eis
1723 602 1828 640 non

235 720 318 767 est
344 680 720 762 atumntiatum
748 704 1140 755 sacramentum
1171 687 1461 744 divinitatis
1485 693 1542 738 et
1577 680 1828 736 humani-

236 805 358 859 tatis
385 800 610 863 Christi,
636 795 779 866 quod
811 790 1204 847 manife~tatnm
1231 794 1313 838 est
1348 781 1400 834 iu
1426 793 1588 834 carne
1619 775 1661 846 (ι
1688 773 1823 827 Tim.

234 911 325 955 tu.
358 891 472 957 l6).
520 885 805 957 Quomodo
842 883 984 937 enim
1015 877 1298 933 crederent
1327 874 1471 943 quod
1502 884 1606 922 non
1644 865 1827 917 audie-

234 983 402 1038 runt?
428 956 523 1034 aut
545 956 818 1048 quomodo
847 973 1091 1027 audirent
1116 967 1233 1023 sine
1273 960 1636 1034 pra-dicatae?
1671 956 1825 1010 Fides

234 1076 372 1129 enim
403 1090 467 1126 ea:
496 1071 696 1130 an..'itu,
728 1068 867 1120 sicut
896 1063 1148 1133 scriptum
1182 1069 1287 1113 est:
1318 1057 1515 1108 auditus
1542 1063 1705 1105 autem
1736 1067 1824 1116 per

234 1166 430 1220 verbum
464 1162 653 1217 Christi
686 1159 858 1228 (lium.
896 1172 925 1210 χ
953 1197 967 1219 ,
1004 1155 1101 1216 14,
1136 1152 1243 1221 l7).
1283 1148 1385 1202 Sed
1414 1148 1533 1200 dico
1557 1186 1570 1207 ,
1617 1141 1819 1211 inquit,

232 1255 496 1327 Numquid
528 1269 631 1305 non
670 1245 1000 1303 audit-runt?
1032 1243 1093 1296 In
1125 1258 1319 1294 onmem
1347 1251 1529 1291 terram
1556 1235 1703 1288 exiri!
1734 1250 1819 1286 so-

230 1368 320 1402 nus
348 1363 560 1408 eorum,
604 1352 648 1395 et
683 1343 734 1394 in
769 1340 891 1397 lines
917 1336 1046 1391 orbis
1085 1343 1230 1386 terrm
1258 1332 1402 1383 verba
1432 1343 1603 1380 eorum
1645 1322 1814 1392 (Psal.

228 1456 391 1498 xvnt.
424 1437 499 1508 5).
532 1435 639 1490 Sed
662 1447 944 1499 antequam
974 1429 1073 1481 hoc
1098 1427 1352 1491 inciperet
1376 1419 1509 1485 licri,
1533 1425 1816 1485 antequam

226 1534 461 1600 denique
492 1542 659 1596 usque
686 1522 751 1576 ad
788 1522 917 1574 lines
946 1518 1104 1572 totius
1128 1516 1273 1569 orbis
1319 1525 1472 1565 terra:
1512 1504 1817 1578 prmdicatiu

226 1625 340 1693 ipsa
374 1599 685 1688 perveniat;
727 1612 978 1684 quoniam
1023 1624 1127 1662 non
1167 1608 1362 1682 desunt
1401 1602 1577 1655 adhuc
1618 1599 1816 1651 ultima:

224 1688 414 1783 gentes
437 1754 451 1773 ,
487 1711 614 1765 licet
646 1717 701 1759 ut
742 1703 1047 1775 perhibetur
1079 1695 1410 1768 paucissima:
1433 1735 1445 1756 ,
1489 1691 1681 1761 quibus
1713 1688 1815 1741 hoc

224 1805 466 1859 nondum
515 1800 674 1855 fuerit
706 1795 1045 1866 pr.cdicatun't
1072 1807 1086 1855 ;
1118 1788 1243 1859 quid
1272 1785 1427 1841 faciet
1458 1783 1685 1837 humana
1715 1794 1812 1833 ua-

227 1907 365 1956 tura,
396 1892 484 1946 vel
510 1889 637 1960 quid
677 1887 836 1950 fecit,
876 1900 993 1953 qua:
1030 1881 1112 1933 vel
1152 1887 1275 1933 ante.
1319 1891 1421 1929 nan
1450 1874 1685 1926 audierat
1714 1870 1814 1923 hoc

223 1990 462 2039 futurum
483 2023 497 2045 ,
539 1979 624 2034 vel
650 1977 821 2031 adhuc
851 1990 955 2028 non
982 1969 1242 2039 comperit
1275 1968 1468 2020 factum
1494 2005 1510 2029 ,
1545 1963 1646 2016 nisi
1687 1976 1814 2016 cre-

223 2076 404 2131 dendo
431 2075 484 2126 in
516 2072 705 2134 Deum,
733 2070 821 2137 qui
851 2067 970 2121 fecit
997 2064 1189 2118 cinlutn
1219 2069 1273 2114 ει
1303 2068 1519 2123 terram,
1565 2073 1594 2108 ιι
1625 2069 1730 2125 quo
1757 2061 1813 2107 et

222 2184 280 2222 se
304 2166 500 2221 factam
530 2160 840 2216 naturaliter
860 2156 1037 2217 sentit,
1064 2162 1118 2208 et
1148 2164 1291 2206 reete
1319 2148 1545 2203 vivendo
1574 2146 1688 2214 ejus
1715 2145 1812 2197 im-

225 2260 370 2329 pleat
398 2256 732 2309 voluntatem
752 2293 766 2315 ,
799 2249 941 2303 nulla
977 2246 1079 2301 lide
1122 2242 1382 2313 passionis
1419 2231 1613 2295 Christi
1643 2249 1697 2293 et
1724 2253 1810 2291 re—

221 2346 576 2405 surrectionis
607 2341 849 2397 imbuta?
874 2339 1025 2405 Quod
1056 2337 1098 2389 si
1128 2336 1238 2389 lieri
1268 2334 1439 2405 potuit
1467 2340 1556 2384 aut
1596 2338 1809 2401 potest,

224 2446 327 2495 hoc
350 2453 400 2495 et
430 2456 529 2507 ego
551 2437 671 2491 dico
695 2478 711 2502 ,
741 2434 880 2504 quod
911 2437 977 2485 de
1008 2430 1124 2499 lege
1154 2428 1287 2481 dixit
1312 2424 1598 2495 Apostolus
1627 2439 1640 2474 :
1674 2420 1811 2491 Ergo

223 2530 454 2586 Clu-istas
479 2529 639 2600 gratis
670 2535 897 2579 mortuus
926 2532 1016 2577 est.
1057 2521 1113 2576 Si
1141 2520 1281 2574 cuitu
1324 2517 1425 2571 hoc
1469 2515 1555 2569 ille
1584 2513 1717 2568 dixit.
1746 2512 1813 2566 de

227 2627 343 2695 lege
368 2640 530 2693 quam
562 2622 766 2688 accepit
804 2633 933 2686 gens
967 2631 1069 2670 una
1108 2612 1454 2674 Judazorum;
1487 2619 1684 2677 quanto
1726 2605 1809 2672 ju-

223 2719 357 2771 stias
384 2716 583 2769 dicitur
607 2714 672 2766 de
698 2712 813 2781 lege
837 2719 1059 2771 natura',
1089 2721 1246 2776 quam
1274 2702 1479 2770 accepit
1504 2700 1809 2753 universum

223 2823 391 2877 genus
421 2807 733 2863 ltumamnn,
770 2800 826 2854 Si
859 2815 950 2869 per
980 2807 1221 2850 naturam
1246 2793 1466 2862 justitia,
1499 2806 1626 2860 ergo
1654 2788 1812 2842 Chri-

222 2912 338 2953 stus
364 2898 536 2967 gratis
582 2904 825 2947 mortuus
856 2891 972 2945 est?
1002 2888 1055 2943 Si
1096 2897 1272 2939 autem
1320 2899 1423 2936 non
1456 2880 1619 2950 gratis
1659 2877 1808 2933 Chri-

224 3001 340 3044 stus
372 2998 617 3042 tnnrtuus
644 2994 746 3048 est,
773 2999 901 3052 ergo
935 2980 1110 3033 omnis
1143 2979 1370 3031 humana
1403 2984 1586 3027 natura
1610 2972 1809 3042 justifi-

222 3082 330 3136 emi
361 3088 417 3133 et
445 3076 631 3133 redimi
658 3076 724 3128 ab
753 3075 828 3127 ira
860 3071 948 3127 lici
972 3069 1285 3139 justissima,
1316 3066 1417 3119 hoc
1446 3071 1547 3125 est.
1573 3080 1600 3116 a
1632 3061 1808 3114 vindi-

223 3175 384 3235 dieta,
421 3171 564 3225 nullo
593 3168 751 3222 modo
779 3174 968 3235 potest,
1001 3163 1098 3216 nisi
1128 3159 1411 3232 perlidem
1436 3167 1488 3211 et
1509 3170 1812 3211 sacramen-

224 3278 332 3321 tam
363 3264 640 3323 Sanguinis
671 3258 886 3315 Christi.

294 3354 473 3410 (Ἀῐύ
498 3356 523 3405 Ι’
563 3351 650 3406 ιιι.
691 3380 762 3390 -—-
799 3350 851 3404 5.
908 3345 1111 3400 Natura
1156 3360 1281 3397 sana
1319 3341 1557 3407 condita,
1610 3348 1812 3410 peccato

223 3460 295 3503 est
325 3458 500 3516 postea
542 3452 800 3510 corrupta.
833 3440 1027 3494 Natura
1060 3438 1254 3507 quippe
1296 3433 1524 3487 hominis
1568 3432 1812 3503 primitus

224 3542 490 3601 inenlpata
535 3546 589 3590 et
634 3536 750 3588 sine
793 3534 899 3586 ullo
937 3533 1064 3584 vitio
1090 3539 1266 3583 creata
1297 3535 1421 3581 est:
1456 3534 1639 3578 natura
1686 3539 1812 3578 vero

223 3633 324 3687 ὶμῑςι
373 3629 627 3688 hominis,
668 3643 767 3697 qua
815 3623 1173 3691 unusquisque
1221 3634 1288 3674 ex
1340 3618 1508 3672 Adam
1554 3617 1808 3680 nascitur,

221 3723 334 3793 jam
384 3722 593 3776 medico
632 3720 851 3787 indiget,
882 3717 1001 3783 quia
1040 3730 1166 3768 Sana
1212 3727 1313 3764 non
1346 3721 1446 3764 est.
1477 3710 1662 3764 Omnia
1693 3708 1813 3778 qui-

222 3815 347 3868 dem
384 3814 541 3873 bona,
572 3828 690 3879 qua:
734 3809 891 3861 habet
930 3804 1336 3863 informatione,
1377 3801 1506 3865 vita,
1545 3801 1809 3864 sensibus,

228 3914 448 3961 mente,
510 3917 539 3953 a
593 3914 804 3953 smumo
860 3899 966 3952 Deo
1020 3896 1179 3950 habet
1232 3902 1471 3948 creatore
1511 3900 1564 3946 ct
1615 3892 1814 3945 artilice

226 4010 349 4049 su».
383 3992 579 4047 Vitium
623 4007 776 4055 vero,
800 3988 937 4057 quod
984 3990 1080 4040 ista
1133 3985 1389 4039 naturalia
1443 3983 1577 4036 bona
1630 3979 1814 4037 eunte?

224 4086 420 4139 nchrat
469 4091 523 4137 et
573 4082 836 4144 iulirmat,
890 4087 946 4131 ut
996 4076 1384 4144 illuminalimic
1433 4083 1485 4129 ct
1539 4074 1816 4128 curatione

225 4190 362 4247 opus
410 4172 621 4234 habt-at,
672 4186 778 4227 tuon
817 4170 884 4223 ab
922 4168 1225 4246 inculpabili
1258 4165 1457 4219 artifice
1486 4173 1814 4218 contractum

226 4274 341 4325 est;
384 4262 480 4317 sed
518 4277 582 4316 ex
622 4259 868 4329 originali
903 4240 1136 4328 peccato,
1168 4256 1306 4325 quod
1351 4248 1695 4313 counnissuin
1735 4261 1818 4307 est

229 4353 397 4407 libero
420 4351 661 4404 arbitrio.
696 4352 772 4403 Ac
809 4365 902 4418 per
938 4349 1037 4402 hoc
1078 4357 1260 4400 mtura
1291 4347 1511 4415 pinnulis
1545 4346 1609 4399 ad
1648 4344 1817 4398 vindiv

227 4454 368 4495 ctam
401 4441 754 4510 iustissimam
795 4432 1039 4507 pertinet.
1088 4437 1140 4492 Si
1173 4437 1248 4511 (α)
1272 4439 1411 4492 enim
1432 4438 1538 4505 jam
1561 4438 1817 4493 sumus‘n

228 4537 442 4590 (ιω-ἱδιο
472 4549 609 4588 nova
640 4543 884 4609 creatura
935 4531 1006 4599 (ll
1034 4529 1153 4585 Cur.
1185 4546 1235 4591 γ,
1273 4531 1381 4599 l7),
1418 4540 1589 4582 tamen
1621 4546 1819 4583 eramus

228 4637 413 4679 munra
456 4626 553 4694 ﬁlii
582 4625 693 4687 irae,
717 4623 845 4675 sicut
875 4633 918 4676 et
949 4622 1112 4675 ca'teri
1138 4639 1150 4674 :
1196 4620 1332 4674 Deus
1361 4634 1527 4683 autem
1569 4620 1656 4689 qui
1685 4620 1819 4674 (ﬂues

226 4727 299 4771 est
340 4718 393 4769 in
444 4715 810 4778 uuseriCordia,
857 4724 1061 4785 pwpter
1117 4715 1325 4765 multam
1363 4713 1680 4765 dilectionem
1720 4729 1821 4781 qua

226 4808 405 4860 dilexit
434 4823 547 4869 nos,
580 4814 624 4858 et
651 4819 763 4856 eum
789 4820 1008 4857 essemus
1051 4804 1232 4855 mortui
1258 4802 1469 4865 delictis,
1501 4803 1820 4869 convivi/ica-

224 4901 295 4952 vit
329 4915 421 4951 nos
465 4896 685 4962 Christo,
708 4892 873 4966 cujus
913 4897 1075 4967 gratia
1104 4913 1275 4950 sumus
1299 4896 1424 4950 salvi
1461 4897 1582 4967 {arti
1605 4894 1816 4967 (Epiros.

225 5007 286 5057 ιι,
316 4990 463 5056 5-5).

296 5083 528 5139 CAPUT
555 5081 786 5135 lV.-—.i.
810 5080 986 5134 Gratia
1012 5080 1252 5151 gratuita.
1280 5078 1402 5133 [hcc
1424 5090 1597 5133 autem
1622 5077 1820 5134 Christi

222 5178 453 5249 gratia‘,
499 5178 616 5230 sine
659 5191 761 5245 qua
808 5189 906 5227 nec
955 5172 1211 5246 infantes,
1260 5187 1356 5225 nec
1394 5182 1548 5225 :ctate
1594 5170 1823 5241 grandes

222 5268 360 5322 salvi
405 5268 520 5321 ﬁeri
575 5275 816 5335 possunt,
847 5282 949 5317 non
1000 5264 1203 5319 meritis
1229 5264 1486 5326 redditur,
1520 5267 1613 5317 ενα
1660 5264 1825 5333 gratis

224 5363 422 5423 datur;
471 5369 687 5429 prOpter
716 5359 854 5428 quod
887 5368 940 5413 ct
967 5356 1133 5429 gratia
1162 5356 1481 5411 nominatur.
1522 5355 1821 5424 Justiﬁeati,

224 5455 427 5521 inquit,
459 5452 617 5522 gratis
662 5468 751 5521 per
789 5452 1082 5521 sanguinem
1116 5450 1293 5520 ipsius.
1328 5448 1478 5505 Unde
1518 5450 1551 5504 ii
1586 5452 1672 5520 qui
1717 5466 1822 5504 nou

296 5588 315 5618 ⁸
343 5596 454 5650 sm.
484 5590 557 5634 Er.
599 5593 651 5636 et
687 5574 911 5635 Gallic-ﬁni
961 5592 1062 5636 ωδ.
1106 5599 1294 5635 necnon
1341 5585 1577 5647 Vaticani,
1602 5584 1705 5635 Ita'c
1733 5584 1826 5650 igi-

225 5655 315 5710 tur
324 5648 520 5710 gratia;

295 5704 372 5772 (ἃ)
406 5716 559 5771 Forte,
580 5704 689 5760 etsi.

1586 282 1593 285 ‘
1669 245 1886 341 Lmen
1910 284 2113 342 unus.

3423 295 3529 354 ιδο

1944 418 2037 471 per
2064 402 2202 456 illam
2233 403 2539 470 liberantur,
2570 404 2830 475 sivequia
2858 406 3040 462 audire
3071 407 3305 464 nondum
3340 419 3525 480 potue-

1942 503 2085 558 runt,
2115 494 2227 548 sive
2270 494 2391 562 quia
2435 494 2654 551 obedire
2701 498 3005 564 noluerunt,
3041 499 3156 555 sive
3200 500 3361 555 etiam
3401 517 3521 556 cum

1942 599 2035 652 per
2062 593 2273 638 :ctatem
2304 585 2488 640 audire
2525 601 2629 641 non
2668 599 2904 657 possent,
2939 590 3206 643 lavacrum
3244 607 3528 660 regenera-

1941 674 2099 727 tionis
2125 675 2262 743 quod
2293 677 2535 745 accipere
2575 689 2813 747 possent,
2844 681 3105 750 perqqu
3133 681 3262 736 salvi
3308 684 3520 749 tierent,

1937 781 2042 819 non
2081 778 2420 836 acceperunt,
2447 769 2591 838 juste
2635 772 2817 839 utique
2845 771 3165 826 damnantur
3193 791 3206 827 :
3235 775 3355 843 quia
3403 775 3522 830 sine

1936 868 2155 927 peccato
2186 875 2290 911 non
2326 869 2465 924 sunt,
2496 860 2578 915 vel
2601 862 2742 929 quod
2768 864 3093 931 originaliler
3122 875 3413 933 traxerunt,
3438 870 3520 923 vel

1932 947 2071 1015 quod
2101 949 2253 1003 malis
2280 950 2513 1003 moribus
2541 951 2873 1007 addiderunt.
2910 952 3096 1008 Omnes
3125 958 3255 1009 enim
3280 974 3512 1024 perame-

1932 1049 2067 1101 runt,
2097 1040 2209 1094 sive
2238 1041 2287 1093 in
2309 1042 2496 1105 Adam,
2521 1043 2635 1096 sive
2654 1043 2703 1095 in
2726 1059 2783 1096 sc
2815 1044 3021 1111 ipsis,et
3042 1057 3178 1115 rgrnt
3209 1048 3369 1115 σιω-ιιι
3397 1047 3510 1104 Dei.

2001 1129 2226 1185 (IAI'UT
2286 1130 2345 1181 Υ.
2394 1160 2467 1170 --
2510 1132 2564 1188 5.
2617 1131 2842 1186 Justitia:
2889 1144 2994 1186 erat
3042 1135 3269 1187 (latnmtri
3323 1154 3512 1192 omnes.

1933 1218 2188 1275 Univetsa
2219 1223 2375 1290 igitur
2415 1238 2588 1277 maSsa
2635 1241 2818 1293 punitas
2862 1225 3062 1279 debet:
3095 1236 3145 1279 ct
3189 1227 3234 1281 si
3271 1231 3516 1284 munibus

1928 1312 2161 1366 debitth
2194 1313 2552 1369 damnationis
2587 1318 2902 1385 supplicium
2941 1320 3270 1383 redderetur,
3305 1336 3407 1373 non
3437 1321 3517 1373 iu-

1921 1403 2064 1471 juslc
2096 1408 2278 1475 procul
2302 1408 2462 1461 dubio
2485 1409 2813 1463 redderetur.
2839 1411 2936 1474 Qui
2968 1426 3093 1480 ergo
3125 1411 3248 1464 inde
3276 1428 3369 1479 per
3392 1427 3513 1481 gra-

1930 1495 2051 1549 tiam
2105 1498 2413 1562 liberantur,
2469 1515 2573 1554 non
2616 1517 2738 1554 vasa
2773 1503 3080 1555 meritorum
3130 1518 3368 1568 suormn,
3418 1504 3511 1560 sed

1926 1600 2048 1639 vasa
2096 1587 2474 1643 misericordia:
2518 1591 2854 1644 nominantur
2881 1592 3054 1662 (llatn.
3084 1608 3155 1654 tv,
3192 1593 3306 1662 25).
3350 1594 3511 1662 Cujus

1926 1679 2325 1749 tnisericordim,
2357 1683 2455 1737 nisi
2494 1684 2634 1737 illius
2657 1685 2744 1753 qui
2774 1684 3040 1739 Christum
3079 1684 3257 1739 .lesum
3287 1686 3430 1738 misit
3456 1686 3506 1739 in

1922 1767 2062 1823 hunc
2088 1772 2341 1825 mundum
2367 1782 2673 1843 peccatores
2696 1773 2870 1826 salvos
2897 1772 3072 1828 facere
3094 1773 3147 1841 (Ι
3172 1773 3304 1827 Tim.
3328 1790 3365 1835 ι.
3388 1775 3503 1845 l5),

1921 1874 2056 1929 quos
2090 1863 2371 1930 prtrscivit,
2400 1872 2454 1917 et
2482 1863 2893 1932 praedestinavit,
2923 1873 2979 1918 et
3009 1866 3232 1929 vocavit,
3262 1874 3316 1920 ει
3347 1865 3505 1934 Ῑιιειίο

1921 1950 2116 2019 licavit,
2139 1959 2194 2007 et
2219 1953 2534 2022 gloriﬁcavit
2562 1954 2739 2022 (Rata.
2767 1970 2876 2017 vut,
2903 1954 2996 2018 ‘29,
3020 1956 3143 2023 50)?
3188 1955 3317 2021 Quis
3346 1956 3500 2025 igitur

1920 2057 2087 2111 usque
2107 2042 2242 2096 adeo
2271 2042 2671 2099 dementissime
2693 2044 2937 2107 insaniat,
2970 2055 3025 2096 ut
3052 2059 3154 2096 non
3178 2055 3297 2112 agat
3322 2045 3504 2100 iuetl‘a-

1920 2132 2052 2188 biles
2080 2135 2278 2204 gratias
2318 2134 2695 2190 misericordiae
2724 2149 2854 2204 quos
2898 2136 3058 2189 voluit
3092 2136 3386 2199 liberantis,
3414 2140 3502 2207 qui

1919 2234 2064 2280 recte
2092 2225 2236 2279 nullo
2267 2226 2427 2280 modo
2457 2234 2635 2295 posset
2677 2227 2894 2294 culpare
2928 2226 3188 2295 justitiam
3228 2227 3503 2285 universos

1922 2318 2140 2372 omnino
2166 2315 2512 2371 damnantis?

2013 2407 2240 2463 CAPUT
2303 2408 2390 2463 Vl.
2431 2437 2503 2449 —-
2544 2407 2599 2463 6.
2640 2406 3032 2477 Pelagianorum
3075 2407 3275 2477 ingenia
3325 2409 3503 2480 [ortis-

1917 2499 2046 2553 sima
2083 2508 2128 2553 et
2172 2500 2463 2562 celerrima.
2497 2498 2607 2553 Hoc
2657 2498 2700 2552 si
2734 2498 3026 2553 secundum
3071 2496 3372 2567 Scrpluras
3419 2514 3506 2553 sa-

1918 2588 2158 2658 piamus;
2206 2603 2311 2642 non
2359 2586 2602 2656 mgimur
2643 2599 2826 2642 contra
2873 2588 3215 2641 Christianam
3273 2589 3497 2657 gratiam

1915 2678 2208 2747 disputare,
2271 2686 2325 2732 ct
2360 2693 2422 2731 ea
2461 2679 2639 2732 dicere
2691 2678 2881 2748 quibus
2928 2678 3295 2732 demenstrare
3343 2693 3479 2734 eone

1908 2786 2035 2841 mur
2066 2810 2082 2835 ,
2135 2777 2377 2824 naturam
2427 2772 2708 2822 buniauam
2762 2785 2933 2839 neque
2984 2770 3034 2822 in
3103 2769 3337 2838 parvulis
3384 2785 3500 2826 mc—

1915 2859 2034 2913 dico
2052 2858 2292 2928 indigere
2314 2858 2435 2929 Quia
2458 2873 2585 2912 Sana
2612 2871 2712 2924 est,
2731 2869 2785 2913 ct
2813 2860 2862 2912 in
2896 2859 3181 2928 majoribus
3201 2861 3297 2913 sibi
3332 2861 3501 2929 ipsam

1915 2951 1982 3005 ad
2025 2951 2308 3018 justitiam,
2340 2952 2384 3006 si
2422 2951 2569 3012 velit.
2603 2966 2757 3019 posse
2803 2949 3070 3005 sufﬁcere.
3099 2952 3267 3006 Acutc
3308 2952 3502 3021 quippe

1913 3044 2159 3099 videntur
2204 3043 2316 3098 lucc
2344 3044 2469 3101 dici.
2499 3043 2592 3097 sed
2640 3045 2689 3096 iu
2737 3043 2993 3111 sapientia
3040 3042 3206 3105 verbi,
3235 3058 3336 3112 qua
3379 3058 3502 3097 eva-

1915 3147 2102 3192 cuatur
2129 3151 2257 3190 crux
2286 3134 2481 3191 Christi
2507 3135 2554 3206 (1
2586 3133 2704 3190 Cor.
2734 3150 2773 3200 ι,
2810 3134 2917 3203 l7).
2950 3132 3070 3187 Non
3098 3143 3170 3187 est
3200 3135 3294 3186 ista
3320 3133 3501 3187 desur-

1915 3244 2027 3282 sum
2064 3228 2312 3295 sapientia
2350 3226 2652 3280 descendens
2691 3224 2894 3295 (Jacobi
2934 3240 3014 3291 ut,
3050 3226 3154 3294 15).
3197 3225 3329 3279 Nolo
3358 3225 3501 3294 quod

1917 3322 2155 3391 sequitur
2186 3320 2382 3383 dicere,
2410 3334 2476 3373 ne
2508 3318 2694 3372 amicis
2724 3319 2922 3373 nostris
2957 3334 3182 3387 quorum
3216 3318 3501 3373 fortissima

1917 3420 1971 3466 et
1997 3410 2272 3464 celerrima
2301 3409 2509 3479 ingenia
2552 3425 2655 3462 non
2700 3409 2751 3463 in
2800 3424 3128 3477 perversum,
3152 3409 3245 3463 sed
3280 3412 3328 3462 in
3357 3409 3503 3464 dire-

1916 3510 2061 3557 ctum
2088 3516 2307 3555 currere
2337 3500 2598 3563 volumus,
2634 3498 2810 3553 facere
2839 3499 3205 3553 existimemur
3232 3499 3500 3567 injuriam.

1989 3590 2213 3647 CAPUT
2256 3590 2456 3644 \’ll.—-
2490 3589 2544 3642 7.
2586 3589 2888 3659 Aggreditur
2913 3587 3028 3642 libri
3072 3588 3271 3658 Pelagii
3310 3594 3505 3656 refuta-

1920 3684 2122 3737 tionem.
2145 3679 2285 3735 Inter
2302 3696 2407 3734 esse
2457 3689 2501 3733 et
2532 3696 2676 3747 posse
2726 3678 2977 3731 distinctio
3029 3677 3240 3747 Pelagii.
3299 3680 3506 3744 Quanto

1920 3774 2081 3845 igitur
2132 3773 2251 3827 zelo
2321 3785 2580 3825 accensus
2623 3778 2705 3823 est
2757 3769 2877 3824 libri
2924 3768 3078 3838 hujus
3109 3809 3124 3833 ,
3176 3784 3332 3838 quem
3402 3769 3505 3823 mi-

1921 3867 2085 3928 sistis,
2116 3864 2378 3929 conditor,
2401 3863 2658 3918 adversus
2684 3878 2777 3918 eos
2808 3863 2895 3932 qui
2930 3862 3156 3931 peccatis
3192 3863 3301 3914 suis
3332 3873 3507 3928 patru-

1921 3957 2119 4011 ciuium
2156 3955 2225 4010 de
2267 3963 2469 4008 natura:
2514 3954 2761 4006 humana:
2806 3953 3113 4006 inlirmitate
3164 3952 3503 4019 perquirmu;

1922 4055 2071 4101 tanto
2103 4053 2160 4100 et
2202 4046 2368 4098 multo
2404 4044 2711 4117 ardentitxc
2753 4043 2868 4096 zelo
2906 4058 3004 4096 nos
3033 4049 3241 4109 oportet
3264 4041 3501 4105 accendi,

1924 4154 1991 4194 ne
2020 4145 2306 4192 evacuetur
2341 4150 2470 4188 crux
2497 4133 2714 4187 Christi.
2748 4133 3044 4186 Evaeuatur
3090 4142 3285 4192 autem,
3316 4130 3361 4182 si
3404 4131 3504 4183 ah-

1923 4245 2030 4301 quo
2074 4227 2234 4282 tuodo
2282 4233 2474 4295 prmter
2520 4224 2660 4277 illius
2705 4222 3106 4277 Sacramentum
3154 4218 3220 4272 ad
3246 4218 3505 4287 justitiam

1925 4325 2191 4390 vitamque
2216 4331 2468 4374 :ctcrnam
2512 4317 2773 4388 perveniri
2823 4329 2976 4383 posse
3002 4313 3211 4384 dicatur
3240 4331 3254 4367 :
3282 4313 3424 4382 quod
3456 4314 3506 4366 iu

1926 4417 2062 4471 libro
2092 4416 2193 4469 isto
2216 4416 2408 4483 agitur,
2440 4414 2563 4467 nolo
2588 4412 2769 4467 dicere
2797 4410 2861 4464 ab
2887 4410 3111 4469 sciente.
3142 4424 3207 4462 ne
3236 4409 3379 4460 illum
3417 4409 3508 4477 qni

1926 4523 2046 4560 eum
2091 4506 2324 4574 scripsit,
2359 4522 2423 4557 ne
2450 4504 2794 4557 christianum
2825 4498 3037 4568 quidem
3090 4497 3391 4552 habendum
3422 4499 3509 4564 ju-

1925 4597 2135 4659 dicem;
2181 4596 2272 4649 sed
2300 4594 2439 4664 quod
2483 4594 2649 4664 magis
2688 4590 2867 4653 credo,
2899 4605 2927 4642 a
2957 4586 3227 4643 nesciente
3257 4605 3271 4639 :
3306 4590 3509 4658 magnis

1926 4702 2054 4741 sane
2081 4686 2311 4750 viribus;
2343 4684 2436 4739 sed
2470 4700 2561 4739 eas
2582 4697 2739 4737 sanas
2760 4682 2900 4744 volo,
2933 4694 3037 4733 non
3065 4679 3249 4748 quales
3278 4679 3508 4747 phrene-

1931 4777 2018 4832 tici
2047 4776 2244 4831 habere
2272 4782 2615 4831 consuerunt.
2730 4838 2744 4844 _

2001 4870 2055 4923 8.
2105 4868 2236 4924 Nam
2288 4868 2435 4936 prius
2473 4863 2778 4935 distinguit,
2819 4862 2961 4915 aliud
3006 4877 3112 4914 esse
3146 4873 3402 4927 quwrere.
3446 4876 3510 4918 an

1930 4963 2087 5033 possit
2113 4961 2306 5030 aliquid
2334 4975 2459 5026 esse,
2495 4960 2628 5029 quod
2667 4958 2733 5010 ad
2759 4958 2918 5011 solum
2971 4953 3348 5024 possibilitatem
3391 4970 3507 5020 per-

1931 5055 2050 5109 tine:
2070 5071 2089 5109 :
2118 5055 2231 5108 alia
2256 5054 2295 5120 l,
2327 5068 2562 5107 utrumne
2590 5052 2673 5106 sit.
2717 5049 2862 5104 llauc
2891 5047 3283 5100 distinctionem
3330 5060 3511 5097 veram

1929 5161 2050 5201 esse
2072 5161 2228 5199 nemo
2253 5143 2503 5213 ambigit:
2527 5154 2858 5210 Consequens
2878 5137 3018 5191 enim
3050 5144 3131 5189 est
3160 5145 3215 5188 ut
3240 5135 3377 5203 quod
3406 5144 3510 5198 cst,

1931 5254 2053 5293 esse
2098 5238 2360 5308 pomerii;
2408 5253 2510 5290 non
2554 5244 2635 5289 est
2675 5240 2848 5285 autem
2898 5243 3232 5296 consequens
3273 5236 3328 5280 ut
3370 5228 3512 5297 quod

1931 5345 2051 5386 esse
2094 5338 2285 5400 potest,
2319 5328 2476 5382 etiam
2508 5326 2594 5379 sit.
2633 5323 2764 5390 Quia
2792 5321 2933 5377 enim
2969 5320 3222 5373 Dominus
3253 5318 3509 5374 Lazarqu

1933 5424 2205 5480 suscitavit
2235 5421 2412 5489 (Joa'n.
2442 5437 2517 5487 xu,
2548 5420 2637 5479 45,
2660 5414 2772 5488 iis),
2798 5416 2914 5469 sine
2950 5413 3111 5469 dubio
3142 5416 3312 5483 potuit
3340 5435 3353 5470 :
3385 5413 3509 5482 quia

1936 5530 2065 5570 vero
2107 5513 2297 5583 ludam
2350 5527 2452 5567 non
2501 5509 2772 5565 suscitavit
2790 5506 2885 5579 (a),
2930 5506 3183 5576 utunquid
3227 5505 3509 5561 dicendum

1997 5645 2070 5707 (α)
2103 5649 2275 5707 Petrus
2296 5640 2583 5707 Lomhardus
2622 5641 2669 5691 in
2709 5639 2885 5707 l‘sent.
2910 5637 3022 5688 dist.
3066 5636 3125 5685 45
3144 5671 3157 5692 ,
3195 5650 3298 5707 cap.
3327 5643 3432 5692 utt.,
3462 5644 3537 5695 ut,

1939 5698 2165 5758 ostendat
2190 5711 2338 5755 Deum
2364 5702 2511 5754 multa
2547 5714 2690 5766 posse
2717 5701 2875 5753 facere
2901 5714 3009 5763 qua:
3049 5714 3143 5749 mu
3170 5698 3271 5747 vult
3288 5732 3301 5755 ,
3327 5707 3519 5758 justea.
