4002 6178
471 329 566 386 ἓῖξὶ

469 453 571 509 est,
613 440 726 496 Non
767 436 974 509 potuit?
1002 431 1178 490 Potuit
1204 444 1352 500 ergo,
1387 429 1478 482 scd
1514 427 1698 481 noluit.
1721 423 1851 479 Nam
1879 423 1924 478 si
1951 436 2043 475 vo-

473 535 676 598 luisset,
701 531 882 588 cadent
914 531 1072 583 etiam
1119 525 1222 580 hoc
1263 531 1526 592 potestate
1555 517 1802 576 fecisset:
1834 517 1954 586 quia
1994 523 2051 570 et

479 625 644 682 Filius
701 639 833 694 quos
879 621 994 675 vult
1029 619 1260 673 viviﬁcat
1305 611 1484 683 (Joan.
1533 626 1588 671 v,
1635 609 1751 678 2|).
1792 607 1896 662 Sed
1953 607 2052 660 hac

477 717 814 772 distinctione
845 727 968 766 vera
993 720 1152 780 atque
1182 705 1457 761 manifesta
1485 717 1589 770 quo
1616 699 1817 762 tendat,
1848 709 1901 752 et
1927 695 2050 764 quid

477 809 692 863 efﬁcere
723 814 964 867 conetur,
997 799 1252 854 advertite
1279 815 1292 850 :
1327 793 1456 860 Nos,
1491 794 1676 862 inquit,
1709 791 1770 843 de
1796 789 1904 843 sola
1933 804 2051 856 pos.

476 898 712 949 sibilitate
741 904 1044 950 tractamus;
1093 893 1157 941 de
1191 904 1289 956 qua
1319 885 1415 938 nisi
1441 884 1561 952 quid
1605 893 1793 934 certum
1819 879 2054 939 constite-

480 990 561 1042 rit.
594 985 875 1055 transgredi
917 981 983 1034 ad
1022 979 1183 1041 aliud,
1211 975 1560 1046 gravissimum
1596 987 1700 1024 esse
1739 980 1887 1036 atque
1914 977 2057 1020 extra

482 1077 706 1130 ordinem
752 1075 1002 1126 ducimus.
1047 1070 1156 1123 lluc
1193 1076 1368 1120 versat
1417 1063 1598 1116 multis
1636 1061 1808 1114 modis
1844 1067 1898 1112 et
1939 1072 2056 1110 scr-

481 1182 640 1221 monc
687 1165 956 1218 diuturno.
985 1176 1053 1214 ne
1105 1159 1222 1228 quis
1269 1173 1389 1211 eum
1439 1153 1602 1213 aliud,
1639 1167 1798 1220 quam
1841 1149 1909 1203 de
1953 1162 2058 1202 non

481 1257 734 1328 peccandi
782 1255 1129 1324 possibilitate
1163 1264 1401 1320 maerere
1428 1245 1714 1299 existimet.
1743 1239 1893 1298 Unde
1925 1241 2063 1292 inter

484 1353 647 1406 multa
670 1350 856 1418 quibtts
883 1347 932 1400 id
958 1346 1084 1414 agit,
1104 1345 1262 1396 etiam
1287 1341 1386 1394 hoc
1411 1337 1538 1392 dicit
1567 1355 1580 1390 :
1616 1334 1759 1388 Idem
1783 1334 1962 1386 iterum
1982 1346 2062 1383 rc-

487 1451 620 1512 peto,
656 1439 764 1508 Ego
793 1438 904 1488 diro
951 1451 1095 1505 posse
1131 1448 1239 1486 csse
1284 1430 1537 1484 hominem
1583 1429 1691 1480 sine
1735 1432 1923 1489 peccata
1949 1456 1956 1472 .
1983 1418 2028 1475 Τ
2033 1437 2064 1472 ιι

485 1533 607 1600 quid
658 1531 826 1583 dicis?
871 1527 990 1581 Non
1039 1541 1184 1596 posse
1226 1539 1331 1578 esse
1373 1521 1625 1574 hominem
1675 1517 1783 1571 sine
1823 1514 2065 1584 peccato?

489 1623 671 1694 Neque
709 1639 798 1691 ego
839 1621 971 1684 dico,
1017 1616 1206 1686 inquit,
1257 1615 1507 1667 hominem
1544 1625 1651 1665 esse
1691 1609 1798 1662 sine
1838 1613 2063 1676 peccato,

401 1751 408 1757 -
487 1732 647 1785 neque
673 1723 724 1767 tu
749 1713 874 1766 dicis
904 1727 1002 1764 non
1023 1725 1129 1764 esse
1155 1707 1406 1760 hominem
1434 1704 1542 1757 sine
1570 1710 1772 1771 peccato
1790 1715 1808 1752 :
1839 1698 1900 1750 de
1923 1711 2068 1767 posse

489 1821 533 1861 et
557 1822 654 1858 non
679 1820 841 1873 posse.
859 1819 956 1855 non
975 1801 1036 1853 de
1049 1815 1155 1853 esse
1173 1809 1217 1850 et
1239 1814 1336 1850 non
1354 1811 1459 1848 esse
1480 1792 1846 1847 contendimus.
1867 1787 2068 1842 Deinde

489 1895 740 1951 tzmtnulla
768 1909 950 1947 eorum
981 1907 1100 1960 quae
1136 1889 1390 1942 adversus
1421 1900 1514 1939 eos
1538 1884 1602 1936 de
1628 1881 1916 1950 Scriptttris
1943 1893 2068 1946 pro-

488 1988 613 2044 ferri
650 1987 845 2046 Sulcltl,
874 1983 938 2038 ad
982 1984 1135 2036 istam
1184 1980 1531 2048 quaestionem
1561 1989 1665 2028 non
1697 1973 1982 2042 pertinere,
2016 1970 2069 2024 in

491 2095 592 2147 qua
625 2077 900 2146 quaeritur,
924 2073 1158 2144 pOssitne
1183 2086 1248 2124 an
1277 2084 1382 2122 non
1415 2066 1578 2137 possit
1605 2066 1764 2120 homo
1801 2077 1920 2118 esse
1956 2063 2072 2116 sine

493 2177 730 2238 peccato,
765 2167 834 2220 ita
880 2169 1300 2220 commemorat:
1339 2159 1475 2214 Nunt
1511 2177 1530 2209 ι
1583 2157 1774 2218 nullus,
1812 2173 1831 2206 ι
1877 2155 2069 2224 inqttit,

501 2278 522 2312 ι
566 2259 782 2312 mundus
807 2266 878 2311 est
919 2273 950 2308 a
987 2254 1134 2308 sorde
1176 2273 1194 2306 ι
1229 2251 1354 2322 (Job
1374 2266 1481 2314 xlv,
1521 2250 1577 2315 4,
1603 2264 1706 2304 sec.
1748 2245 1942 2318 LXX
1984 2245 2071 2312 Et,

496 2366 516 2400 ι
565 2347 686 2400 Non
715 2357 787 2400 est
811 2346 958 2398 homo
977 2346 1063 2412 qui
1084 2360 1182 2396 non
1204 2351 1370 2412 peccet
1398 2359 1416 2392 s
1444 2340 1532 2410 (Ill
1564 2339 1688 2408 Reg.
1709 2356 1820 2402 vttt,
1841 2339 1970 2404 46);
2001 2345 2071 2403 et,

499 2457 520 2490 ι
575 2438 690 2492 Non
707 2447 775 2491 est
798 2441 967 2507 justus
989 2437 1038 2488 in
1063 2445 1196 2488 terra
1224 2431 1443 2502 »ωσι-ιε.
1468 2447 1561 2491 vn.
1579 2430 1704 2502 2|);
1732 2442 1828 2494 et,t
1855 2427 1976 2484 Non
2003 2438 2076 2483 est

503 2551 522 2582 ι
567 2531 652 2599 qui
687 2530 838 2598 faciat
865 2527 1047 2582 bonum
1083 2544 1100 2578 ι
1136 2524 1305 2598 (Psal.
1334 2540 1450 2586 xm,
1474 2521 1563 2594 3);
1596 2533 1641 2576 et
1677 2533 1855 2577 raztera
1886 2521 1962 2574 his
2002 2521 2075 2575 si-

497 2624 660 2681 milia,
681 2621 866 2689 inquit,
892 2618 958 2670 ad
984 2635 1082 2670 non
1109 2633 1233 2680 esse,
1257 2632 1358 2670 non
1385 2615 1454 2668 ad
1477 2631 1578 2668 non
1615 2631 1759 2683 posse
1779 2613 2073 2682 proﬁciunt.

506 2710 815 2782 llujusmodi
860 2709 992 2762 enim
1033 2709 1275 2774 exemplis
1317 2705 1614 2766 ostenditur,
1641 2703 1814 2773 quales
1857 2705 2080 2757 homines

493 2805 703 2875 quidam
747 2813 968 2872 tempore
1003 2801 1175 2870 aliqua
1221 2799 1442 2866 fuerint;
1482 2814 1583 2850 non
1631 2799 1766 2867 quod
1806 2795 1948 2849 aliud
1975 2811 2082 2848 esse

502 2913 603 2949 non
627 2896 914 2966 potuerint:
936 2891 1067 2946 unde
1091 2903 1136 2946 et
1154 2892 1272 2962 jure
1301 2889 1624 2943 inveniuntur
1653 2905 1758 2941 esse
1779 2887 2078 2956 culpabiles.

502 2985 642 3040 Nam
669 2987 712 3040 si
751 2986 943 3038 idcirco
987 2983 1111 3037 talus
1145 2985 1370 3053 fuerunt,
1410 2981 1530 3052 quia
1560 2980 1702 3034 aliud
1727 2995 1832 3034 esse
1859 2995 1959 3033 non
1986 2994 2080 3049 po-

503 3088 726 3140 tuerunt,
757 3079 910 3142 culpa
940 3083 1129 3128 carent.

575 3167 800 3222 CAPUT
822 3167 950 3218 Vlll.
970 3195 1038 3205 -
1054 3165 1106 3218 9.
1127 3161 1442 3216 Damnantur
1460 3170 1503 3215 et
1524 3162 1560 3214 ii
1577 3161 1662 3229 qui
1675 3161 1955 3229 justiﬁcari
1983 3177 2085 3214 non

507 3265 789 3328 potuerunt.
815 3257 1002 3310 Videte
1019 3251 1141 3324 quid
1161 3254 1369 3307 dixerit.
1395 3252 1506 3322 Ego
1531 3263 1706 3306 autem
1727 3252 1865 3315 dico,
1895 3267 2088 3321 parvu-

506 3351 613 3405 lutu
635 3359 812 3402 natum
841 3349 890 3425 in
909 3348 1109 3402 cnloco
1136 3346 1222 3399 ubi
1244 3346 1292 3399 ei
1325 3361 1428 3398 non
1449 3343 1614 3412 potuit
1645 3360 1738 3413 per
1754 3343 1949 3398 Christi
1981 3343 2082 3398 Ba-

508 3443 758 3512 ptisutum
801 3439 1090 3498 subveniri,
1121 3449 1290 3492 morte
1317 3444 1664 3506 przevcntum,
1696 3436 1892 3490 idcirco
1923 3435 2084 3491 talem

507 3534 692 3598 fuisse,
715 3533 765 3587 id
795 3540 897 3598 est,
925 3533 1040 3586 sine
1063 3530 1272 3584 lavacro
1299 3528 1719 3598 regenerationis
1744 3527 1940 3594 exisse,
1963 3528 2085 3598 quia

509 3639 628 3678 esse
654 3623 795 3678 aliud
826 3636 928 3676 non
959 3621 1144 3690 potuit.
1175 3619 1434 3674 Absolvat
1477 3633 1604 3688 ergo
1636 3634 1781 3682 cuin,
1805 3626 1857 3673 ct
1886 3619 2092 3686 aperiat

513 3716 560 3768 ei
587 3723 771 3768 contra
797 3714 1116 3768 sententiam
1141 3709 1349 3764 Domini
1375 3725 1592 3779 regnum
1622 3708 1878 3765 cmlorum
1909 3709 2086 3777 (Ioan.

513 3821 590 3870 ttt,
611 3806 688 3876 5).
715 3803 818 3860 Sed
851 3819 954 3858 non
987 3819 1106 3858 eum
1139 3802 1365 3856 absolvit
1400 3801 1705 3870 Apostolus,
1729 3801 1816 3870 qui
1840 3801 1913 3854 ait
1943 3816 1956 3852 :
1988 3797 2090 3853 Per

513 3913 668 3949 unum
702 3895 952 3948 hominem
999 3903 1256 3964 peceatum
1298 3891 1501 3944 intravit
1541 3890 1596 3943 in
1624 3889 1887 3955 mundum,
1921 3899 1968 3942 et
2005 3906 2092 3958 per

513 3998 770 4058 peccatum
811 4001 982 4048 mors;
1027 3994 1074 4038 et
1112 3981 1183 4035 ita
1212 3982 1264 4035 in
1309 3997 1480 4035 omnes
1507 3981 1731 4035 homines
1776 3980 2088 4049 pertransiit,

509 4079 563 4131 iu
588 4094 685 4148 quo
731 4093 900 4130 omnes
944 4082 1269 4145 peccaverunt
1313 4071 1484 4145 (Rom.
1521 4088 1572 4138 v,
1607 4069 1720 4142 ‘19.).
1753 4071 1918 4126 [lecte
1963 4085 2090 4140 ergo

509 4185 576 4222 ca
604 4167 941 4222 dauniatione
961 4209 973 4227 ,
1003 4181 1119 4236 qua:
1169 4180 1262 4234 per
1292 4163 1596 4248 ‘nnivcrsam
1647 4177 1876 4216 massam
1905 4161 2092 4228 currit,

513 4275 618 4312 non
646 4257 940 4311 admittitur
966 4258 1016 4309 in
1049 4271 1266 4328 regnum
1297 4255 1574 4318 caelorum,
1593 4253 1833 4323 quamvis
1851 4252 2096 4308 christia-

511 4345 622 4402 nus’
649 4365 751 4400 non
781 4342 950 4400 s'olnm
979 4361 1080 4398 non
1108 4345 1158 4397 l‘u
1177 4344 1282 4410 ξιιίι,
1309 4344 1402 4397 sed
1435 4358 1532 4398 nec
1557 4359 1674 4398 csse
1702 4343 1950 4412 potuerit.

589 4437 814 4494 CAPUT
873 4436 962 4490 l.\'.
1021 4465 1096 4476 -—
1155 4437 1240 4490 10.
1297 4435 1583 4502 Justi/icari
1631 4452 1730 4488 non
1800 4434 1960 4499 potuit
2011 4435 2098 4502 qui

507 4527 702 4586 Christi
743 4542 920 4580 nomen
970 4541 1070 4577 non
1098 4524 1306 4578 audivit.
1345 4523 1554 4578 Crucem
1599 4522 1790 4580 Citriin
1831 4541 2093 4578 evacuare.

511 4619 647 4686 Sed,
681 4618 800 4674 Non
834 4617 1126 4680 damnatur,
1159 4615 1397 4686 inquiunt
1423 4633 1435 4668 :
1465 4616 1583 4685 quia
1607 4617 1658 4668 in
1684 4615 1842 4668 Adam
1869 4632 2099 4686 peccasse

517 4728 709 4773 omnes,
729 4727 826 4764 non
847 4717 1052 4779 prapter
1071 4716 1324 4776 peccatum
1347 4705 1582 4758 nascendi
1596 4705 1789 4776 origine
1804 4715 2094 4768 attractum,

521 4805 613 4862 sed
641 4812 844 4875 propter
869 4799 1214 4863 imitationem,
1241 4797 1428 4851 dictum
1459 4807 1550 4850 est.
1575 4795 1632 4853 Si
1659 4812 1785 4866 ergo
1825 4797 1943 4852 ideo
1967 4797 2100 4852 dici-

517 4909 614 4952 .tur
642 4894 810 4951 Adam
841 4899 1029 4946 unctor
1067 4889 1324 4955 omnium,
1365 4889 1453 4958 qui
1500 4887 1768 4943 subsecuti
1811 4897 1956 4952 sunt,
1986 4903 2102 4956 pec-

515 4999 786 5051 catorum,
815 4984 935 5055 quia
988 4968 1188 5050 primus
1235 4988 1481 5048 peccator
1528 4980 1578 5033 in
1629 4978 1928 5034 hominibus
1967 4979 2098 5043 fuit;

518 5097 621 5136 cur
663 5097 766 5135 non
813 5076 985 5148 potius
1027 5071 1178 5135 Abel,
1208 5086 1364 5141 quam
1403 5069 1666 5136 Christus,
1708 5071 1918 5140 ponitur
1945 5079 2104 5138 caput

524 5172 762 5226 muniunt
803 5169 1086 5237 iustorum,
1119 5161 1238 5233 quia
1285 5161 1485 5231 primus
1515 5162 1564 5214 in
1605 5160 1906 5214 hominibus
1931 5160 2104 5228 justus

523 5263 661 5319 fuit?
701 5261 808 5317 Sed
847 5260 913 5316 de
953 5257 1152 5314 infante
1183 5270 1286 5310 non
1317 5255 1536 5324 loquor:
1566 5253 1777 5324 juvrnis
1819 5252 1900 5305 vel
1940 5267 2103 5307 senex

523 5367 670 5418 quam
695 5352 809 5402 illud
835 5365 897 5401 ex
922 5349 1201 5418 Eucltiridio,
1227 5362 1274 5396 ιι.
1295 5346 1372 5418 ξι,
1395 5347 1458 5396 de.
1473 5346 1621 5418 Tyriis
1645 5351 1694 5394 et
1708 5344 1906 5418 sidoniis
1927 5343 2106 5416 dictum

525 5405 712 5473 r'etulit,
755 5422 886 5476 «Nec
907 5414 1077 5476 utique
1098 5405 1277 5476 injuste
1302 5415 1444 5476 Deus
1467 5405 1617 5476 adluit
1657 5405 1818 5476 salvis
1849 5406 2108 5476 lieri,_cum

533 5497 560 5523 ιι
576 5466 773 5540 possent
794 5473 911 5524 salvi
936 5466 1048 5522 esse
1069 5474 1112 5540 si
1135 5466 1345 5540 veil-etp
1363 5470 1622 5540 subiunxit
1645 5466 2109 5540 continenterbunc

527 5530 686 5602 ipsum
711 5535 867 5602 locum
891 5535 1143 5602 praesentis
1166 5530 1306 5602 libri,
1343 5531 1407 5580 de
1447 5531 1579 5602 .t_u_d:e
1611 5530 1877 5602 seen-adimi
1899 5533 2109 5602 aptatum

527 5589 841 5650 suscitatione
883 5589 952 5645 sic
996 5597 1399 5656 interpretatum:
1434 5592 1594 5640 «Idem
1640 5594 1684 5638 in
1730 5589 1878 5656 libro,
1920 5589 2105 5656 inquit,

537 5683 557 5706 ι
583 5663 646 5710 de
667 5669 834 5708 natura
861 5664 912 5704 et
933 5657 1084 5704 Gratia
1111 5650 1372 5702 {heiulans
1393 5660 1609 5700 taurum
1639 5653 1882 5700 suscitavit
1917 5650 1966 5698 iu
2001 5663 2110 5698 cor-

537 5743 557 5766 ι
585 5737 721 5785 pore,
743 5717 967 5785 numquid
990 5715 1244 5785 dicct'tdnm
1270 5723 1374 5785 cst._
1394 5721 1488 5785 botl
1515 5715 1663 5781 potuit
1697 5713 1853 5762 ludam
1875 5711 2108 5761 suscitare

547 5812 558 5829 ς
586 5771 630 5833 in
657 5771 855 5832 tuente?
877 5771 1027 5828 l'otuil
1051 5776 1264 5837 quidem,
1289 5776 1376 5824 Sed
1401 5771 1566 5824 uoluit.
1586 5789 1606 5818 ι

1149 313 1176 330 ⁸
1428 317 1512 368 Dl;
1537 301 1823 364 NA'I‘URA
1861 305 1949 359 El"
1991 305 2268 370 GltATlA,
2310 303 2368 360 S.
2402 303 2768 360 Αυῦυειιδιι

3622 301 3734 358 253

2156 417 2208 470 in
2235 431 2296 468 ea
2331 415 2548 484 regione
2587 412 2866 468 defunctus
2911 421 3014 478 est,
3045 414 3134 469 ubi
3179 426 3282 464 non
3330 411 3497 480 potuit
3539 407 3739 466 Christi

2157 520 2347 559 nomen
2374 505 2590 568 audire;
2639 504 2807 571 potuit
2833 502 2944 556 ﬁeri
2981 501 3155 569 justus
3192 516 3286 570 per
3315 511 3554 554 naturam
3584 513 3638 556 et
3665 501 3737 556 li-

2156 597 2341 651 berum
2372 593 2670 658 arbitrium,
2697 609 2761 646 an
2793 607 2893 645 non
2927 590 3137 659 potuit?
3171 591 3224 645 Si
3257 589 3492 659 potuisse
3518 591 3740 658 dicunt;

2157 701 2284 741 ecce
2329 685 2469 755 quod
2514 693 2619 747 cst,
2658 697 2867 736 crucem
2915 681 3111 736 Christi
3160 697 3437 744 cvacuare,
3484 683 3600 739 sine
3648 683 3739 738 illa

2159 785 2476 840 quemquam
2512 784 2600 835 per
2630 769 2923 821 naturalem
2953 765 3122 835 legem
3171 777 3225 820 et.
3266 767 3554 820 voluntatis
3597 768 3744 821 arbi-

2164 863 2318 914 trium
2364 857 2638 926 justilicari
2685 872 2838 926 posse
2878 855 3219 911 contendere.
3255 857 3498 910 Dicamus
3540 867 3594 910 et
3639 856 3746 923 hic,

2167 949 2302 1021 Ergo
2348 948 2576 1003 Christus
2620 949 2776 1018 gratis
2823 958 3048 1000 mortuus
3095 956 3206 1000 est:
3254 945 3355 1001 hoc
3389 949 3529 1000 enim
3560 965 3750 1002 omnes

2167 1051 2400 1112 possvnt,
2431 1039 2635 1094 etiamsi
2667 1049 2908 1092 mortuus
2938 1037 3025 1092 ille
3055 1052 3158 1091 non
3183 1027 3354 1100 esset;
3392 1047 3446 1091 et
3487 1039 3532 1091 si
3563 1038 3749 1106 injusti

2167 1142 2365 1195 essent,
2395 1131 2516 1200 quia
2545 1129 2759 1196 vellent,
2792 1137 2992 1192 essent,
3029 1143 3130 1180 non
3171 1127 3292 1196 quia
3331 1127 3456 1195 justi
3488 1142 3611 1181 esse
3645 1145 3752 1182 non

2169 1230 2405 1290 possent.
2433 1218 2487 1273 Si
2531 1213 2711 1273 imtem
2753 1218 2870 1272 sine
2894 1217 3088 1269 Christi
3133 1217 3298 1285 gratia
3323 1216 3599 1286 jnstilicari
3631 1233 3753 1272 om-

2169 1311 2294 1365 llin
2339 1327 2442 1364 non
2489 1309 2678 1379 potuit,
2707 1308 2864 1363 etiam
2910 1306 3068 1358 istum
3115 1303 3346 1358 simulet
3393 1305 3634 1360 absolvat
3662 1321 3754 1361 se—

2169 1403 2398 1457 cundum
2426 1401 2580 1454 verba
2608 1414 2700 1453 sua
2723 1416 2735 1450 :
2760 1397 2879 1467 quia
2901 1397 2944 1449 si
2966 1395 3150 1449 idcirco
3172 1395 3286 1447 talis
3311 1395 3430 1464 fuit,
3452 1395 3590 1467 quod
3613 1395 3756 1451 aliud

2171 1509 2280 1546 esse
2309 1493 2514 1542 omnino
2543 1505 2643 1542 non
2673 1488 2854 1558 potuit,
2878 1485 3028 1556 culpa
3055 1485 3238 1538 caruit.

2240 1579 2464 1635 CAPUT
2503 1577 2571 1634 Χ.
2612 1607 2681 1616 -
2720 1579 2807 1632 Η.
2861 1575 3064 1630 l’ersute
3106 1577 3320 1646 gratiam
3357 1575 3623 1644 conﬁtetur
3649 1574 3756 1632 Pc-

2171 1673 2354 1743 lagius.
2397 1671 2500 1727 Sed
2541 1669 2723 1740 objicit
2759 1670 2858 1723 sibi
2891 1670 3038 1738 quasi
3068 1669 3134 1722 ab
3172 1668 3278 1722 alio
3307 1667 3529 1731 dictum,
3563 1679 3616 1722 et
3641 1670 3753 1724 ait:

2178 1763 2346 1817 Potest
2361 1762 2558 1831 quidem
2585 1777 2710 1826 esse,
2729 1761 2816 1814 sed
2837 1777 2925 1830 per
2949 1761 3165 1830 gratiam
3188 1758 3300 1826 Dei,
3319 1760 3528 1829 inquies.
3555 1761 3759 1816 Deinde

2173 1855 2317 1908 velut
2364 1851 2734 1922 restiondeudo
2780 1851 3096 1921 subjungit:
3140 1852 3248 1922 Ago
3292 1850 3613 1906 Humanitati
3656 1863 3761 1907 tua!

2175 1947 2384 2018 gratias,
2411 1944 2547 2014 quod
2583 1944 2908 1998 assertionem
2949 1959 3134 2008 meam,
3165 1959 3315 2013 quant
3354 1943 3548 1996 dudum
3587 1960 3751 2012 oppu-

2176 2039 2386 2108 gnabas,
2416 2053 2517 2090 non
2556 2036 2705 2089 modo
2743 2052 2842 2088 non
2877 2037 3192 2104 Oppugna‘rc,
3229 2045 3316 2086 aut
3341 2034 3570 2102 conﬁteri
3592 2035 3762 2089 solum

2177 2136 2438 2180 contentus
2476 2142 2577 2179 non
2597 2127 2702 2191 es’,
2746 2139 2917 2177 verum
2955 2125 3106 2177 etiam
3137 2140 3234 2176 non
3277 2125 3472 2195 refugis
3524 2141 3763 2194 compro-

2178 2219 2314 2272 bare.
2363 2217 2502 2271 Nam
2542 2219 2726 2282 dicere,
2757 2216 2926 2270 Potest
2963 2216 3291 2287 quidem,sed
3318 2233 3405 2286 per
3431 2216 3560 2270 illud
3585 2227 3673 2269 aut
3695 2217 3764 2271 il-

2181 2311 2270 2364 lud
2289 2327 2309 2364 :
2349 2309 2471 2382 quid
2503 2309 2646 2361 aliud
2673 2319 2765 2372 est,
2795 2325 2946 2378 quant
2977 2324 3076 2362 non
3107 2305 3270 2362 solum
3304 2307 3583 2361 consentire
3623 2309 3767 2376 quod

2181 2402 2338 2473 possit
2383 2416 2510 2464 esse,
2542 2415 2712 2452 verum
2755 2400 2902 2452 etiam
2931 2399 3181 2468 quomodo
3226 2396 3303 2451 vel
3328 2397 3544 2466 qualiter
3583 2398 3765 2466 possit,

2181 2492 2482 2548 ostendere?
2523 2490 2716 2545 Nullus
2759 2491 2926 2558 itaque
2965 2491 3126 2561 magis
3160 2490 3377 2559 alicujus
3415 2490 3485 2543 rei
3516 2490 3770 2561 possibili-

2181 2591 2333 2636 tatem
2359 2584 2556 2652 probat.
2587 2597 2737 2650 quam
2770 2580 2856 2649 qui
2891 2580 3002 2649 ejus
3028 2558 3178 2632 etiam
3214 2558 3770 2648 qualitatemfatctur;

2184 2673 2303 2740 quia
2327 2665 2483 2739 neque
2510 2669 2698 2739 absque
2718 2686 2771 2721 re
2790 2685 2896 2722 esse
2914 2669 3130 2734 qualitas
3159 2679 3340 2738 potest.
3373 2668 3462 2722 llis
3491 2668 3645 2722 dictis
3673 2669 3776 2724 ite.

2185 2777 2303 2816 rum
2327 2761 2424 2816 sibi
2453 2760 2632 2825 objicit
2661 2778 2676 2814 :
2705 2758 2810 2813 Sed
2844 2769 2915 2822 tu,
2950 2759 3166 2828 inquies,
3195 2759 3290 2812 hoc
3322 2759 3372 2812 in
3405 2760 3513 2813 loco
3540 2758 3630 2812 Dei
3649 2777 3775 2830 gra-

2188 2851 2331 2914 tiam,
2359 2849 2762 2921 quandoqnidem
2786 2866 2896 2903 eam
2929 2866 3028 2902 non
3054 2865 3436 2915 commemoras,
3467 2851 3650 2903 videris
3680 2851 3775 2904 ab-

2188 2959 2360 2997 nuere.
2392 2943 2591 2996 Deinde
2617 2941 2902 3009 respondet
2927 2958 2940 2994 :
2971 2938 3148 3010 Egone
3168 2941 3352 3003 abnuo,
3369 2942 3452 3010 qui
3478 2958 3581 2994 rem
3607 2941 3775 3010 conﬁ-

2189 3035 2358 3100 tenda,
2378 3037 2624 3103 confitear
2649 3049 2844 3086 necesse
2877 3043 2947 3086 est
2973 3042 3017 3085 et
3055 3049 3143 3102 per
3163 3035 3296 3099 quod
3319 3049 3398 3086 res
3428 3033 3550 3103 rfﬁci
3580 3043 3773 3102 potest;

2188 3141 2255 3178 an
2281 3133 2353 3187 tu,
2378 3125 2465 3194 qui
2499 3139 2602 3177 rem
2637 3122 2887 3192 nrgando,
2923 3131 2969 3176 et
2993 3123 3237 3192 quidquid
3273 3123 3402 3176 illud
3427 3131 3496 3176 est
3523 3140 3610 3192 per
3636 3123 3779 3192 quod

2189 3233 2269 3270 res
2285 3217 2492 3287 efﬁcitur
2521 3215 2702 3285 procul
2725 3214 2878 3268 dubio
2907 3213 3100 3282 negas?
3125 3213 3330 3268 Oblitus
3359 3225 3462 3280 est,
3485 3213 3591 3282 jam
3618 3228 3676 3268 st:
3702 3215 3778 3271 illi

2191 3307 2536 3378 respondere,
2569 3307 2656 3377 qui
2703 3321 2817 3360 rem
2863 3321 2968 3360 non
3015 3315 3192 3374 negat,
3219 3305 3372 3373 cujus
3419 3307 3774 3376 objectioncm

2192 3400 2349 3470 paulo
2377 3406 2500 3452 ante
2545 3405 2891 3466 pr0posuerat
2917 3395 3162 3461 dicentis,
3209 3395 3382 3450 Potest
3419 3397 3618 3469 quidem
3644 3415 3775 3466 esse,

2193 3492 2282 3546 sed
2310 3509 2398 3562 per
2420 3491 2636 3559 gratiam
2657 3487 2768 3542 Dei.
2793 3487 3072 3556 Quomodo
3092 3503 3218 3558 ergo
3245 3487 3408 3551 illam,
3431 3505 3523 3558 pro
3549 3505 3648 3558 qua
3679 3473 3781 3544 ἱεῖο

2194 3585 2418 3639 multum
2461 3581 2685 3645 laborat,
2721 3579 3122 3649 possibilitatem
3157 3587 3330 3650 negat,
3361 3579 3448 3648 qui
3479 3581 3526 3634 ei
3552 3582 3660 3648 jam
3693 3581 3780 3636 di-

2194 3674 2284 3738 cit,
2320 3671 2491 3726 Potest
2533 3686 2657 3734 esse,
2685 3669 2775 3724 sed
2817 3685 2908 3739 prr
2958 3667 3051 3722 Dei
3091 3670 3352 3740 gratiam?
3405 3669 3778 3726 Verumtamen

2195 3764 2316 3832 quia
2359 3763 2462 3816 isto
2489 3760 2709 3815 dimis~o
2737 3759 2824 3828 qui
2856 3774 2968 3813 rem
2991 3758 3101 3828 jam
3131 3758 3433 3822 conﬁtetur,
3467 3761 3570 3830 agit
3599 3761 3778 3818 adhuc

2196 3855 2451 3909 adversus
2476 3867 2568 3907 eos
2596 3851 2686 3922 qui
2717 3860 2909 3920 negant
2933 3866 3052 3906 esse
3079 3834 3329 3920 possibile
3359 3852 3629 3909 hominem
3657 3869 3782 3911 esse

2197 3947 2312 4001 sine
2343 3954 2579 4016 peccato,
2597 3941 2720 4013 quid
2745 3942 2809 3996 ad
2834 3941 3172 3996 ttoleontra
3200 3958 3336 4012 quos
3357 3943 3468 3997 vult
3491 3952 3632 4014 agat,
3650 3945 3778 4000 dum

2198 4046 2374 4092 tamen
2402 4035 2503 4089 hoc
2527 4031 2866 4095 conﬁteatur,
2897 4030 3038 4100 quod
3067 4031 3336 4100 impietate
3370 4034 3780 4091 sceleratissima

2199 4138 2440 4199 negatur,
2472 4126 2588 4180 sine
2631 4123 2799 4192 gratia
2829 4122 2920 4177 Dei
2953 4121 3222 4176 hominem
3251 4123 3366 4179 sine
3407 4135 3623 4194 peccato
3661 4142 3783 4184 esse

2200 4234 2305 4274 non
2348 4232 2525 4289 posse.
2578 4215 2710 4268 Dicit
2753 4228 2922 4282 ergo:
2967 4211 3088 4267 Sive
3133 4229 3222 4282 per
3259 4215 3496 4284 gratiam,
3541 4217 3642 4268 sive
3691 4235 3782 4288 per

2199 4307 2529 4380 adjutorium,
2568 4305 2670 4359 sive
2712 4320 2800 4374 per
2845 4303 3262 4366 misericordiam,
3290 4313 3336 4357 et
3378 4306 3620 4375 quidquid
3649 4307 3782 4362 illud

2201 4412 2272 4456 est
2293 4418 2380 4471 per
2405 4399 2538 4471 quod
2562 4415 2667 4452 esse
2686 4397 2834 4451 homo
2854 4396 3038 4466 absque
3066 4405 3270 4466 peccato
3290 4403 3476 4468 peccat,
3493 4399 3782 4467 conﬁtear,

2203 4493 2425 4564 quisquis
2453 4507 2559 4544 rem
2587 4491 2749 4559 ipsam
2785 4491 2990 4560 fatetur.

2273 4582 2497 4640 CAPUT
2527 4580 2618 4637 Xl.
2652 4611 2720 4621 —
2749 4579 2834 4634 12.
2871 4578 2943 4634 De
2969 4578 3136 4650 gratia
3176 4593 3292 4633 cum
3319 4580 3639 4649 disputatur,
3685 4599 3786 4637 non

2203 4677 2266 4732 de
2303 4693 2362 4731 ea
2389 4675 2638 4744 loquimur
2662 4689 2775 4743 qtae
2800 4671 2869 4726 ad
2909 4681 3104 4726 natura:
3131 4671 3340 4742 pertinet
3382 4673 3744 4728 institutionem
3771 4715 3785 4739 ,

2203 4767 2292 4822 sed
2335 4767 2723 4835 reparationem.
2755 4762 2946 4818 Fateor
2973 4763 3248 4818 Dilectioni
3273 4771 3498 4831 vestrm,
3528 4781 3647 4820 cum
3690 4767 3789 4821 ista

2205 4845 2456 4931 legerem,
2491 4859 2668 4912 lartitia
2696 4865 2914 4927 repente
2941 4853 3182 4926 perfusus
3207 4870 3348 4922 sum,
3379 4856 3519 4927 quod
3550 4857 3637 4913 Dei
3666 4873 3792 4928 gra-

2208 4953 2330 5006 tiam
2361 4965 2465 5004 non
2507 4957 2760 5018 negaret,
2791 4963 2884 5018 per
2911 4962 3070 5018 quam
3115 4947 3284 5002 solam
3313 4947 3474 5003 homo
3515 4949 3792 5018 iustificari

2208 5051 2382 5113 potest
2412 5058 2426 5094 :
2461 5041 2561 5094 hoc
2603 5040 2744 5094 enim
2775 5040 2828 5094 in
2857 5038 3305 5108 disputationibus
3349 5039 3532 5094 talium
3559 5041 3796 5096 maxime

2209 5133 2476 5200 detestor,
2507 5141 2559 5186 et
2588 5131 2802 5195 horreo.
2834 5128 2938 5186 Sed
2972 5145 3198 5198 pergens
3225 5129 3404 5201 legere
3429 5140 3619 5186 cmtera
3641 5173 3656 5196 ,
3685 5131 3794 5200 pri-

2211 5239 2299 5281 mo
2337 5240 2400 5278 ex
2431 5223 2568 5277 datis
2595 5219 3033 5278 similitudinibus
3075 5219 3212 5289 carpi
3243 5219 3440 5275 habere
3467 5231 3794 5290 suspectum.

2212 5317 2298 5370 Ait
2323 5315 2464 5369 enim
2499 5329 2512 5366 :
2551 5329 2569 5362 ι
2603 5309 2737 5365 Natu
2757 5311 2777 5342 ³
2809 5309 2853 5364 si
2878 5307 3085 5372 dixero,
3109 5309 3280 5364 Homo
3306 5309 3580 5380 disputare
3602 5318 3792 5380 potest,

2212 5405 2323 5459 avis
2350 5404 2551 5467 volare,
2571 5401 2721 5472 lepus
2744 5414 2995 5466 currere;
3023 5408 3076 5453 et
3104 5414 3208 5454 non
3239 5399 3398 5454 etiam
3427 5415 3523 5470 per
3543 5415 3660 5470 qua:
3682 5403 3799 5454 haec

2217 5650 2232 5692 ι
2280 5582 2294 5612 ί
2324 5584 2521 5690 Δᾶιέ.εξι·.
2549 5585 2600 5627 ct
2620 5575 2803 5640 aliquot
2823 5581 2952 5636 uss,
2975 5583 3058 5626 aut
3081 5587 3172 5626 non
3194 5572 3414 5640 conﬁteri
3443 5573 3595 5626 nam
3618 5579 3806 5626 corticu-

2237 5656 2290 5691 tts
2313 5655 2342 5688 ιι
2483 5675 2494 5686 .

2263 5657 2290 5691 rs
2313 5657 2405 5690 ιιαι
2427 5657 2494 5690 es.

2283 5708 2302 5734 ³
2329 5713 2426 5750 Am.
2447 5701 2797 5769 t;r._et_alitplot
2820 5706 2946 5760 Mss,
2974 5713 3116 5752 nunc.
3159 5697 3240 5748 Alii
3275 5705 3402 5759 3tss.,
3430 5709 3562 5748 num.
3597 5702 3650 5748 Et
3686 5693 3805 5746 inin

2221 5777 2334 5815 num
2357 5775 2470 5826 ergo
2490 5758 2766 5827 officiorum,
2797 5770 2894 5825 etc,
