  <div class='ocr_page' id='page_1' title='image "/cluster/home/n/w/nwhite01/storage/ocr_20150623/44/hvd.32044069687945/132.png"; bbox 0 0 4002 6178; ppageno 0'>
   <div class='ocr_carea' id='block_1_1' title="bbox 213 365 319 423">
    <p class='ocr_par' dir='ltr' id='par_1_1' title="bbox 213 365 319 423">
     <span class='ocr_line' id='line_1_1' title="bbox 213 365 319 423; baseline 0 0"><span class='ocrx_word' id='word_1_1' title='bbox 213 365 319 423; x_wconf 68' lang='lat'><strong>253</strong></span> 
     </span>
    </p>
   </div>
   <div class='ocr_carea' id='block_1_2' title="bbox 213 458 1789 546">
    <p class='ocr_par' dir='ltr' id='par_1_2' title="bbox 213 458 1789 546">
     <span class='ocr_line' id='line_1_2' title="bbox 213 458 1789 546; baseline -0.016 -12"><span class='ocrx_word' id='word_1_2' title='bbox 213 478 352 534; x_wconf 79' lang='lat' dir='ltr'><strong>emci</strong></span> <span class='ocrx_word' id='word_1_3' title='bbox 377 482 605 546; x_wconf 78' lang='lat' dir='ltr'><strong>possunt</strong></span> <span class='ocrx_word' id='word_1_4' title='bbox 628 481 1135 533; x_wconf 86' lang='lat' dir='ltr'><strong>cominemoravcro,</strong></span> <span class='ocrx_word' id='word_1_5' title='bbox 1163 466 1215 521; x_wconf 89' lang='lat' dir='ltr'><strong>id</strong></span> <span class='ocrx_word' id='word_1_6' title='bbox 1245 475 1343 529; x_wconf 90' lang='lat' dir='ltr'><strong>est,</strong></span> <span class='ocrx_word' id='word_1_7' title='bbox 1378 462 1630 531; x_wconf 87' lang='lat' dir='ltr'><strong>linguam,</strong></span> <span class='ocrx_word' id='word_1_8' title='bbox 1658 458 1789 522; x_wconf 87' lang='lat' dir='ltr'><strong>alas,</strong></span> 
     </span>
    </p>
   </div>
   <div class='ocr_carea' id='block_1_3' title="bbox 1629 342 2837 400">
    <p class='ocr_par' dir='ltr' id='par_1_3' title="bbox 1629 342 2837 400">
     <span class='ocr_line' id='line_1_3' title="bbox 1629 342 2837 400; baseline -0.003 0"><span class='ocrx_word' id='word_1_9' title='bbox 1629 345 1832 400; x_wconf 64' lang='lat' dir='ltr'><strong>Llltlilt</strong></span> <span class='ocrx_word' id='word_1_10' title='bbox 1875 342 2073 399; x_wconf 75' lang='lat' dir='ltr'><strong>L’NL’S.</strong></span> <span class='ocrx_word' id='word_1_11' title='bbox 2801 350 2837 377; x_wconf 79' lang='grc' dir='ltr'><strong><em>ο</em></strong></span> 
     </span>
    </p>
   </div>
   <div class='ocr_carea' id='block_1_4' title="bbox 3377 344 3480 400">
    <p class='ocr_par' dir='ltr' id='par_1_4' title="bbox 3377 344 3480 400">
     <span class='ocr_line' id='line_1_4' title="bbox 3377 344 3480 400; baseline 0.039 -4"><span class='ocrx_word' id='word_1_12' title='bbox 3377 344 3480 400; x_wconf 63' lang='grc' dir='ltr'><strong>ΞΜ</strong></span> 
     </span>
    </p>
   </div>
   <div class='ocr_carea' id='block_1_5' title="bbox 1910 455 3483 531">
    <p class='ocr_par' dir='ltr' id='par_1_5' title="bbox 1910 455 3483 531">
     <span class='ocr_line' id='line_1_5' title="bbox 1910 455 3483 531; baseline 0 -20"><span class='ocrx_word' id='word_1_13' title='bbox 1910 458 2131 531; x_wconf 81' lang='lat' dir='ltr'><strong>peccati.</strong></span> <span class='ocrx_word' id='word_1_14' title='bbox 2160 457 2274 512; x_wconf 83' lang='lat' dir='ltr'><strong>Jam</strong></span> <span class='ocrx_word' id='word_1_15' title='bbox 2324 456 2448 512; x_wconf 88' lang='lat' dir='ltr'><strong>illud</strong></span> <span class='ocrx_word' id='word_1_16' title='bbox 2478 456 2742 528; x_wconf 68' lang='lat' dir='ltr'><strong>quomodo</strong></span> <span class='ocrx_word' id='word_1_17' title='bbox 2770 456 3133 528; x_wconf 87' lang='lat' dir='ltr'><strong>accipiendum</strong></span> <span class='ocrx_word' id='word_1_18' title='bbox 3170 457 3273 524; x_wconf 88' lang='lat' dir='ltr'><strong>sit,</strong></span> <span class='ocrx_word' id='word_1_19' title='bbox 3305 455 3483 511; x_wconf 78' lang='lat' dir='ltr'><strong>Omnis</strong></span> 
     </span>
    </p>
   </div>
   <div class='ocr_carea' id='block_1_6' title="bbox 215 542 3479 643">
    <p class='ocr_par' dir='ltr' id='par_1_6' title="bbox 215 542 3479 643">
     <span class='ocr_line' id='line_1_6' title="bbox 215 542 3479 643; baseline -0.005 -25"><span class='ocrx_word' id='word_1_20' title='bbox 215 542 413 643; x_wconf 62' lang='lat' dir='ltr'><strong>pedes;</strong></span> <span class='ocrx_word' id='word_1_21' title='bbox 444 582 576 621; x_wconf 87' lang='lat' dir='ltr'><strong>num</strong></span> <span class='ocrx_word' id='word_1_22' title='bbox 604 580 702 635; x_wconf 89' lang='lat' dir='ltr'><strong>ego</strong></span> <span class='ocrx_word' id='word_1_23' title='bbox 728 562 1022 618; x_wconf 81' lang='lat' dir='ltr'><strong>ofﬁciorum</strong></span> <span class='ocrx_word' id='word_1_24' title='bbox 1052 558 1334 629; x_wconf 73' lang='lat' dir='ltr'><strong>qualitates</strong></span> <span class='ocrx_word' id='word_1_25' title='bbox 1361 551 1565 622; x_wconf 86' lang='lat' dir='ltr'><strong>negavi,</strong></span> <span class='ocrx_word' id='word_1_26' title='bbox 1598 547 1685 618; x_wconf 90' lang='lat' dir='ltr'><strong>qui</strong></span> <span class='ocrx_word' id='word_1_27' title='bbox 1716 546 1795 600; x_wconf 57' lang='lat' dir='ltr'><strong>of.</strong></span> <span class='ocrx_word' id='word_1_28' title='bbox 1870 547 1991 613; x_wconf 64' lang='grc' dir='ltr'>ἰιιιί</span> <span class='ocrx_word' id='word_1_29' title='bbox 2019 542 2164 600; x_wconf 85' lang='lat' dir='ltr'><strong>natus</strong></span> <span class='ocrx_word' id='word_1_30' title='bbox 2190 552 2260 603; x_wconf 80' lang='lat' dir='ltr'><strong>est</strong></span> <span class='ocrx_word' id='word_1_31' title='bbox 2280 564 2345 601; x_wconf 73' lang='lat' dir='ltr'><strong>ea:</strong></span> <span class='ocrx_word' id='word_1_32' title='bbox 2370 547 2495 612; x_wconf 80' lang='lat' dir='ltr'><strong>Deo,</strong></span> <span class='ocrx_word' id='word_1_33' title='bbox 2521 566 2617 602; x_wconf 87' lang='lat' dir='ltr'><strong>non</strong></span> <span class='ocrx_word' id='word_1_34' title='bbox 2648 559 2836 617; x_wconf 86' lang='lat' dir='ltr'><strong>peccat,</strong></span> <span class='ocrx_word' id='word_1_35' title='bbox 2868 558 2913 601; x_wconf 88' lang='lat' dir='ltr'><strong>et</strong></span> <span class='ocrx_word' id='word_1_36' title='bbox 2938 564 3037 602; x_wconf 89' lang='lat' dir='ltr'><strong>non</strong></span> <span class='ocrx_word' id='word_1_37' title='bbox 3064 558 3222 619; x_wconf 83' lang='lat' dir='ltr'><strong>potest</strong></span> <span class='ocrx_word' id='word_1_38' title='bbox 3253 563 3479 617; x_wconf 80' lang='lat' dir='ltr'><strong>peccare,</strong></span> 
     </span>
    </p>
   </div>
   <div class='ocr_carea' id='block_1_7' title="bbox 215 641 1794 727">
    <p class='ocr_par' dir='ltr' id='par_1_7' title="bbox 215 641 1794 727">
     <span class='ocr_line' id='line_1_7' title="bbox 215 641 1794 727; baseline -0.014 -13"><span class='ocrx_word' id='word_1_39' title='bbox 215 641 331 714; x_wconf 69' lang='lat' dir='ltr'><strong>ilcia</strong></span> <span class='ocrx_word' id='word_1_40' title='bbox 363 659 481 727; x_wconf 86' lang='lat' dir='ltr'><strong>ipsa</strong></span> <span class='ocrx_word' id='word_1_41' title='bbox 506 654 783 711; x_wconf 84' lang='lat' dir='ltr'><strong>confessus</strong></span> <span class='ocrx_word' id='word_1_42' title='bbox 823 651 982 706; x_wconf 82' lang='lat' dir='ltr'><strong>sum?</strong></span> <span class='ocrx_word' id='word_1_43' title='bbox 1016 668 1037 702; x_wconf 69' lang='grc' dir='ltr'><strong>ι</strong></span> <span class='ocrx_word' id='word_1_44' title='bbox 1076 648 1295 702; x_wconf 82' lang='lat' dir='ltr'><strong>\‘idetiir</strong></span> <span class='ocrx_word' id='word_1_45' title='bbox 1318 654 1462 698; x_wconf 84' lang='lat' dir='ltr'><strong>certe</strong></span> <span class='ocrx_word' id='word_1_46' title='bbox 1483 683 1496 704; x_wconf 92' lang='lat'><strong>,</strong></span> <span class='ocrx_word' id='word_1_47' title='bbox 1533 641 1644 694; x_wconf 76' lang='lat' dir='ltr'><strong>lucc</strong></span> <span class='ocrx_word' id='word_1_48' title='bbox 1673 653 1794 701; x_wconf 89' lang='lat' dir='ltr'><strong>cum</strong></span> 
     </span>
    </p>
   </div>
   <div class='ocr_carea' id='block_1_8' title="bbox 172 729 1794 813">
    <p class='ocr_par' dir='ltr' id='par_1_8' title="bbox 172 729 1794 813">
     <span class='ocr_line' id='line_1_8' title="bbox 172 729 1794 813; baseline -0.017 -5"><span class='ocrx_word' id='word_1_49' title='bbox 172 748 177 755; x_wconf 80' lang='grc'><strong>’</strong></span> <span class='ocrx_word' id='word_1_50' title='bbox 213 760 691 809; x_wconf 69' lang='lat' dir='ltr'><strong>commemorasse,</strong></span> <span class='ocrx_word' id='word_1_51' title='bbox 711 760 830 813; x_wconf 74' lang='lat' dir='ltr'><strong>qua:</strong></span> <span class='ocrx_word' id='word_1_52' title='bbox 852 751 1039 795; x_wconf 88' lang='lat' dir='ltr'><strong>natura</strong></span> <span class='ocrx_word' id='word_1_53' title='bbox 1064 737 1241 791; x_wconf 88' lang='lat' dir='ltr'><strong>valent</strong></span> <span class='ocrx_word' id='word_1_54' title='bbox 1265 754 1276 788; x_wconf 92' lang='lat'><strong>:</strong></span> <span class='ocrx_word' id='word_1_55' title='bbox 1302 742 1476 789; x_wconf 86' lang='lat' dir='ltr'><strong>creata</strong></span> <span class='ocrx_word' id='word_1_56' title='bbox 1503 739 1625 785; x_wconf 88' lang='lat' dir='ltr'><strong>sunt</strong></span> <span class='ocrx_word' id='word_1_57' title='bbox 1652 729 1794 783; x_wconf 90' lang='lat' dir='ltr'><strong>enim</strong></span> 
     </span>
    </p>
   </div>
   <div class='ocr_carea' id='block_1_9' title="bbox 216 818 1791 902">
    <p class='ocr_par' dir='ltr' id='par_1_9' title="bbox 216 818 1791 902">
     <span class='ocr_line' id='line_1_9' title="bbox 216 818 1791 902; baseline -0.014 -7"><span class='ocrx_word' id='word_1_58' title='bbox 216 842 329 895; x_wconf 78' lang='lat' dir='ltr'><strong>hzec</strong></span> <span class='ocrx_word' id='word_1_59' title='bbox 373 828 617 892; x_wconf 78' lang='lat' dir='ltr'><strong>membra</strong></span> <span class='ocrx_word' id='word_1_60' title='bbox 646 831 946 902; x_wconf 81' lang='lat' dir='ltr'><strong>Iiiijiismodi</strong></span> <span class='ocrx_word' id='word_1_61' title='bbox 977 830 1195 892; x_wconf 88' lang='lat' dir='ltr'><strong>naturis,</strong></span> <span class='ocrx_word' id='word_1_62' title='bbox 1227 827 1421 894; x_wconf 83' lang='lat' dir='ltr'><strong>lingua,</strong></span> <span class='ocrx_word' id='word_1_63' title='bbox 1447 822 1564 885; x_wconf 73' lang='lat' dir='ltr'><strong>alie,</strong></span> <span class='ocrx_word' id='word_1_64' title='bbox 1595 818 1791 889; x_wconf 86' lang='lat' dir='ltr'><strong>pedes:</strong></span> 
     </span>
    </p>
   </div>
   <div class='ocr_carea' id='block_1_10' title="bbox 220 910 1793 994">
    <p class='ocr_par' dir='ltr' id='par_1_10' title="bbox 220 910 1793 994">
     <span class='ocr_line' id='line_1_10' title="bbox 220 910 1793 994; baseline -0.015 -10"><span class='ocrx_word' id='word_1_65' title='bbox 220 946 321 985; x_wconf 90' lang='lat' dir='ltr'><strong>non</strong></span> <span class='ocrx_word' id='word_1_66' title='bbox 350 929 457 982; x_wconf 94' lang='lat' dir='ltr'><strong>tale</strong></span> <span class='ocrx_word' id='word_1_67' title='bbox 485 923 684 994; x_wconf 90' lang='lat' dir='ltr'><strong>aliquid</strong></span> <span class='ocrx_word' id='word_1_68' title='bbox 712 922 906 992; x_wconf 78' lang='lat' dir='ltr'><strong>posuit,</strong></span> <span class='ocrx_word' id='word_1_69' title='bbox 930 919 1086 989; x_wconf 91' lang='lat' dir='ltr'><strong>quale</strong></span> <span class='ocrx_word' id='word_1_70' title='bbox 1111 918 1179 972; x_wconf 89' lang='lat' dir='ltr'><strong>de</strong></span> <span class='ocrx_word' id='word_1_71' title='bbox 1203 916 1368 986; x_wconf 90' lang='lat' dir='ltr'><strong>gratia</strong></span> <span class='ocrx_word' id='word_1_72' title='bbox 1395 912 1609 980; x_wconf 89' lang='lat' dir='ltr'><strong>intelligi</strong></span> <span class='ocrx_word' id='word_1_73' title='bbox 1641 910 1793 962; x_wconf 89' lang='lat' dir='ltr'><strong>volu-</strong></span> 
     </span>
    </p>
   </div>
   <div class='ocr_carea' id='block_1_11' title="bbox 220 1001 1793 1084">
    <p class='ocr_par' dir='ltr' id='par_1_11' title="bbox 220 1001 1793 1084">
     <span class='ocr_line' id='line_1_11' title="bbox 220 1001 1793 1084; baseline -0.013 -11"><span class='ocrx_word' id='word_1_74' title='bbox 220 1034 370 1082; x_wconf 87' lang='lat' dir='ltr'><strong>nius,</strong></span> <span class='ocrx_word' id='word_1_75' title='bbox 400 1020 519 1071; x_wconf 88' lang='lat' dir='ltr'><strong>sine</strong></span> <span class='ocrx_word' id='word_1_76' title='bbox 545 1030 648 1084; x_wconf 88' lang='lat' dir='ltr'><strong>qua</strong></span> <span class='ocrx_word' id='word_1_77' title='bbox 679 1014 838 1067; x_wconf 91' lang='lat' dir='ltr'><strong>homo</strong></span> <span class='ocrx_word' id='word_1_78' title='bbox 866 1025 970 1064; x_wconf 91' lang='lat' dir='ltr'><strong>non</strong></span> <span class='ocrx_word' id='word_1_79' title='bbox 1011 1008 1360 1078; x_wconf 80' lang='lat' dir='ltr'><strong>jnstiticatnr;</strong></span> <span class='ocrx_word' id='word_1_80' title='bbox 1393 1003 1480 1057; x_wconf 89' lang='lat' dir='ltr'><strong>ubi</strong></span> <span class='ocrx_word' id='word_1_81' title='bbox 1507 1001 1573 1056; x_wconf 93' lang='lat' dir='ltr'><strong>de</strong></span> <span class='ocrx_word' id='word_1_82' title='bbox 1599 1016 1793 1054; x_wconf 54' lang='lat' dir='ltr'><strong>sanan-</strong></span> 
     </span>
    </p>
   </div>
   <div class='ocr_carea' id='block_1_12' title="bbox 220 1091 1795 1167">
    <p class='ocr_par' dir='ltr' id='par_1_12' title="bbox 220 1091 1795 1167">
     <span class='ocr_line' id='line_1_12' title="bbox 220 1091 1795 1167; baseline -0.011 -6"><span class='ocrx_word' id='word_1_83' title='bbox 220 1109 318 1167; x_wconf 87' lang='lat' dir='ltr'><strong>dis,</strong></span> <span class='ocrx_word' id='word_1_84' title='bbox 352 1120 458 1160; x_wconf 92' lang='lat' dir='ltr'><strong>non</strong></span> <span class='ocrx_word' id='word_1_85' title='bbox 484 1104 553 1158; x_wconf 89' lang='lat' dir='ltr'><strong>de</strong></span> <span class='ocrx_word' id='word_1_86' title='bbox 580 1100 915 1156; x_wconf 89' lang='lat' dir='ltr'><strong>instituendis</strong></span> <span class='ocrx_word' id='word_1_87' title='bbox 942 1098 1142 1152; x_wconf 89' lang='lat' dir='ltr'><strong>naturis</strong></span> <span class='ocrx_word' id='word_1_88' title='bbox 1163 1096 1351 1164; x_wconf 88' lang='lat' dir='ltr'><strong>agitur.</strong></span> <span class='ocrx_word' id='word_1_89' title='bbox 1381 1093 1513 1147; x_wconf 90' lang='lat' dir='ltr'><strong>Iliiic</strong></span> <span class='ocrx_word' id='word_1_90' title='bbox 1534 1091 1643 1160; x_wconf 88' lang='lat' dir='ltr'><strong>jam</strong></span> <span class='ocrx_word' id='word_1_91' title='bbox 1669 1104 1795 1157; x_wconf 87' lang='lat' dir='ltr'><strong>ergo</strong></span> 
     </span>
    </p>
   </div>
   <div class='ocr_carea' id='block_1_13' title="bbox 219 1184 1794 1262">
    <p class='ocr_par' dir='ltr' id='par_1_13' title="bbox 219 1184 1794 1262">
     <span class='ocr_line' id='line_1_13' title="bbox 219 1184 1794 1262; baseline -0.011 -10"><span class='ocrx_word' id='word_1_92' title='bbox 219 1198 474 1252; x_wconf 84' lang='lat' dir='ltr'><strong>sollicitus</strong></span> <span class='ocrx_word' id='word_1_93' title='bbox 516 1194 655 1261; x_wconf 61' lang='lat' dir='ltr'><strong>coepi</strong></span> <span class='ocrx_word' id='word_1_94' title='bbox 684 1193 860 1262; x_wconf 82' lang='lat' dir='ltr'><strong>legere</strong></span> <span class='ocrx_word' id='word_1_95' title='bbox 887 1200 1079 1247; x_wconf 76' lang='lat' dir='ltr'><strong>cintera</strong></span> <span class='ocrx_word' id='word_1_96' title='bbox 1099 1229 1114 1252; x_wconf 88' lang='lat'><strong>,</strong></span> <span class='ocrx_word' id='word_1_97' title='bbox 1142 1197 1196 1243; x_wconf 86' lang='lat' dir='ltr'><strong>et</strong></span> <span class='ocrx_word' id='word_1_98' title='bbox 1224 1201 1306 1240; x_wconf 90' lang='lat' dir='ltr'><strong>me</strong></span> <span class='ocrx_word' id='word_1_99' title='bbox 1334 1200 1438 1239; x_wconf 91' lang='lat' dir='ltr'><strong>non</strong></span> <span class='ocrx_word' id='word_1_100' title='bbox 1468 1184 1599 1237; x_wconf 86' lang='lat' dir='ltr'><strong>falso</strong></span> <span class='ocrx_word' id='word_1_101' title='bbox 1642 1198 1794 1238; x_wconf 88' lang='lat' dir='ltr'><strong>com-</strong></span> 
     </span>
    </p>
   </div>
   <div class='ocr_carea' id='block_1_14' title="bbox 223 1286 716 1358">
    <p class='ocr_par' dir='ltr' id='par_1_14' title="bbox 223 1286 716 1358">
     <span class='ocr_line' id='line_1_14' title="bbox 223 1286 716 1358; baseline -0.012 -16"><span class='ocrx_word' id='word_1_102' title='bbox 223 1288 329 1358; x_wconf 83' lang='lat' dir='ltr'><strong>peri</strong></span> <span class='ocrx_word' id='word_1_103' title='bbox 359 1286 716 1353; x_wconf 79' lang='lat' dir='ltr'><strong>suspicatum.</strong></span> 
     </span>
    </p>
   </div>
   <div class='ocr_carea' id='block_1_15' title="bbox 285 1364 1799 1439">
    <p class='ocr_par' dir='ltr' id='par_1_15' title="bbox 285 1364 1799 1439">
     <span class='ocr_line' id='line_1_15' title="bbox 285 1364 1799 1439; baseline -0.009 -7"><span class='ocrx_word' id='word_1_104' title='bbox 285 1376 516 1432; x_wconf 74' lang='lat' dir='ltr'><strong>CAPUT</strong></span> <span class='ocrx_word' id='word_1_105' title='bbox 537 1373 1023 1439; x_wconf 73' lang='lat' dir='ltr'><strong>Xll.—I3.Sc0pus</strong></span> <span class='ocrx_word' id='word_1_106' title='bbox 1038 1371 1286 1424; x_wconf 76' lang='lat' dir='ltr'><strong>minarum</strong></span> <span class='ocrx_word' id='word_1_107' title='bbox 1306 1368 1445 1437; x_wconf 86' lang='lat' dir='ltr'><strong>legis.</strong></span> <span class='ocrx_word' id='word_1_108' title='bbox 1465 1364 1683 1436; x_wconf 80' lang='lat' dir='ltr'><strong>Perfecti</strong></span> <span class='ocrx_word' id='word_1_109' title='bbox 1701 1364 1799 1418; x_wconf 82' lang='lat' dir='ltr'><strong>eia-</strong></span> 
     </span>
    </p>
   </div>
   <div class='ocr_carea' id='block_1_16' title="bbox 219 1455 1796 1534">
    <p class='ocr_par' dir='ltr' id='par_1_16' title="bbox 219 1455 1796 1534">
     <span class='ocr_line' id='line_1_16' title="bbox 219 1455 1796 1534; baseline -0.009 -13"><span class='ocrx_word' id='word_1_110' title='bbox 219 1478 369 1521; x_wconf 96' lang='lat' dir='ltr'><strong>tores.</strong></span> <span class='ocrx_word' id='word_1_111' title='bbox 385 1466 506 1534; x_wconf 86' lang='lat' dir='ltr'><strong>Quo</strong></span> <span class='ocrx_word' id='word_1_112' title='bbox 522 1466 829 1534; x_wconf 73' lang='lat' dir='ltr'><strong>priusquam</strong></span> <span class='ocrx_word' id='word_1_113' title='bbox 850 1462 1077 1525; x_wconf 89' lang='lat' dir='ltr'><strong>veniam,</strong></span> <span class='ocrx_word' id='word_1_114' title='bbox 1094 1459 1268 1513; x_wconf 81' lang='lat' dir='ltr'><strong>videte</strong></span> <span class='ocrx_word' id='word_1_115' title='bbox 1286 1458 1410 1527; x_wconf 87' lang='lat' dir='ltr'><strong>quid</strong></span> <span class='ocrx_word' id='word_1_116' title='bbox 1432 1456 1642 1510; x_wconf 78' lang='lat' dir='ltr'><strong>dixerit.</strong></span> <span class='ocrx_word' id='word_1_117' title='bbox 1662 1455 1796 1509; x_wconf 87' lang='lat' dir='ltr'><strong>Cum</strong></span> 
     </span>
    </p>
   </div>
   <div class='ocr_carea' id='block_1_17' title="bbox 221 1544 1797 1623">
    <p class='ocr_par' dir='ltr' id='par_1_17' title="bbox 221 1544 1797 1623">
     <span class='ocr_line' id='line_1_17' title="bbox 221 1544 1797 1623; baseline -0.009 -12"><span class='ocrx_word' id='word_1_118' title='bbox 221 1564 471 1611; x_wconf 77' lang='lat' dir='ltr'><strong>tractaret</strong></span> <span class='ocrx_word' id='word_1_119' title='bbox 499 1553 844 1623; x_wconf 70' lang='lat' dir='ltr'><strong>quiesiioncin</strong></span> <span class='ocrx_word' id='word_1_120' title='bbox 862 1551 927 1605; x_wconf 92' lang='lat' dir='ltr'><strong>de</strong></span> <span class='ocrx_word' id='word_1_121' title='bbox 942 1549 1236 1605; x_wconf 81' lang='lat' dir='ltr'><strong>dili‘ereiitia</strong></span> <span class='ocrx_word' id='word_1_122' title='bbox 1251 1557 1606 1616; x_wconf 84' lang='lat' dir='ltr'><strong>peccatorum,</strong></span> <span class='ocrx_word' id='word_1_123' title='bbox 1626 1554 1678 1598; x_wconf 89' lang='lat' dir='ltr'><strong>et</strong></span> <span class='ocrx_word' id='word_1_124' title='bbox 1703 1544 1797 1598; x_wconf 81' lang='lat' dir='ltr'><strong>ob-</strong></span> 
     </span>
    </p>
   </div>
   <div class='ocr_carea' id='block_1_18' title="bbox 215 1635 1800 1715">
    <p class='ocr_par' dir='ltr' id='par_1_18' title="bbox 215 1635 1800 1715">
     <span class='ocr_line' id='line_1_18' title="bbox 215 1635 1800 1715; baseline -0.007 -16"><span class='ocrx_word' id='word_1_125' title='bbox 215 1646 403 1715; x_wconf 81' lang='lat' dir='ltr'><strong>jiceret</strong></span> <span class='ocrx_word' id='word_1_126' title='bbox 429 1645 555 1708; x_wconf 90' lang='lat' dir='ltr'><strong>sibi,</strong></span> <span class='ocrx_word' id='word_1_127' title='bbox 575 1642 711 1711; x_wconf 90' lang='lat' dir='ltr'><strong>quod</strong></span> <span class='ocrx_word' id='word_1_128' title='bbox 737 1642 947 1710; x_wconf 88' lang='lat' dir='ltr'><strong>quidam</strong></span> <span class='ocrx_word' id='word_1_129' title='bbox 977 1639 1182 1703; x_wconf 76' lang='lat' dir='ltr'><strong>dicunt,</strong></span> <span class='ocrx_word' id='word_1_130' title='bbox 1209 1656 1227 1688; x_wconf 79' lang='grc' dir='ltr'><strong>ι</strong></span> <span class='ocrx_word' id='word_1_131' title='bbox 1253 1638 1384 1693; x_wconf 86' lang='lat' dir='ltr'><strong>levia</strong></span> <span class='ocrx_word' id='word_1_132' title='bbox 1415 1635 1652 1705; x_wconf 70' lang='lat' dir='ltr'><strong>qumdam</strong></span> <span class='ocrx_word' id='word_1_133' title='bbox 1679 1648 1800 1703; x_wconf 83' lang='lat' dir='ltr'><strong>pec-</strong></span> 
     </span>
    </p>
   </div>
   <div class='ocr_carea' id='block_1_19' title="bbox 218 1718 1799 1805">
    <p class='ocr_par' dir='ltr' id='par_1_19' title="bbox 218 1718 1799 1805">
     <span class='ocr_line' id='line_1_19' title="bbox 218 1718 1799 1805; baseline -0.007 -14"><span class='ocrx_word' id='word_1_134' title='bbox 218 1744 336 1792; x_wconf 79' lang='lat' dir='ltr'><strong>cata</strong></span> <span class='ocrx_word' id='word_1_135' title='bbox 362 1736 477 1805; x_wconf 82' lang='lat' dir='ltr'><strong>ipsa</strong></span> <span class='ocrx_word' id='word_1_136' title='bbox 507 1718 874 1796; x_wconf 89' lang='lat' dir='ltr'><strong>multitudine,</strong></span> <span class='ocrx_word' id='word_1_137' title='bbox 908 1730 1045 1801; x_wconf 90' lang='lat' dir='ltr'><strong>quod</strong></span> <span class='ocrx_word' id='word_1_138' title='bbox 1075 1745 1216 1799; x_wconf 64' lang='lat' dir='ltr'><strong>saipe</strong></span> <span class='ocrx_word' id='word_1_139' title='bbox 1242 1728 1445 1783; x_wconf 89' lang='lat' dir='ltr'><strong>irriiaiil</strong></span> <span class='ocrx_word' id='word_1_140' title='bbox 1465 1769 1480 1793; x_wconf 95' lang='lat'><strong>,</strong></span> <span class='ocrx_word' id='word_1_141' title='bbox 1510 1742 1612 1780; x_wconf 88' lang='lat' dir='ltr'><strong>non</strong></span> <span class='ocrx_word' id='word_1_142' title='bbox 1645 1740 1799 1795; x_wconf 84' lang='lat' dir='ltr'><strong>posse</strong></span> 
     </span>
    </p>
   </div>
   <div class='ocr_carea' id='block_1_20' title="bbox 218 1818 1798 1893">
    <p class='ocr_par' dir='ltr' id='par_1_20' title="bbox 218 1818 1798 1893">
     <span class='ocr_line' id='line_1_20' title="bbox 218 1818 1798 1893; baseline -0.008 -12"><span class='ocrx_word' id='word_1_143' title='bbox 218 1836 407 1881; x_wconf 83' lang='lat' dir='ltr'><strong>cuncta</strong></span> <span class='ocrx_word' id='word_1_144' title='bbox 452 1824 645 1887; x_wconf 90' lang='lat' dir='ltr'><strong>vitari;</strong></span> <span class='ocrx_word' id='word_1_145' title='bbox 686 1843 703 1875; x_wconf 84' lang='lat' dir='ltr'><strong>i</strong></span> <span class='ocrx_word' id='word_1_146' title='bbox 740 1823 945 1893; x_wconf 85' lang='lat' dir='ltr'><strong>negavit</strong></span> <span class='ocrx_word' id='word_1_147' title='bbox 980 1840 998 1872; x_wconf 84' lang='lat' dir='ltr'><strong>i</strong></span> <span class='ocrx_word' id='word_1_148' title='bbox 1035 1821 1231 1875; x_wconf 78' lang='lat' dir='ltr'><strong>debere</strong></span> <span class='ocrx_word' id='word_1_149' title='bbox 1270 1819 1417 1889; x_wconf 80' lang='lat' dir='ltr'><strong>argui</strong></span> <span class='ocrx_word' id='word_1_150' title='bbox 1446 1833 1510 1872; x_wconf 89' lang='lat' dir='ltr'><strong>ne</strong></span> <span class='ocrx_word' id='word_1_151' title='bbox 1538 1818 1639 1871; x_wconf 86' lang='lat' dir='ltr'><strong>levi</strong></span> <span class='ocrx_word' id='word_1_152' title='bbox 1681 1818 1798 1887; x_wconf 84' lang='lat' dir='ltr'><strong>qui-</strong></span> 
     </span>
    </p>
   </div>
   <div class='ocr_carea' id='block_1_21' title="bbox 217 1912 1794 1985">
    <p class='ocr_par' dir='ltr' id='par_1_21' title="bbox 217 1912 1794 1985">
     <span class='ocr_line' id='line_1_21' title="bbox 217 1912 1794 1985; baseline -0.009 -12"><span class='ocrx_word' id='word_1_153' title='bbox 217 1918 341 1973; x_wconf 86' lang='lat' dir='ltr'><strong>deiii</strong></span> <span class='ocrx_word' id='word_1_154' title='bbox 382 1916 759 1985; x_wconf 75' lang='lat' dir='ltr'><strong>correptione.</strong></span> <span class='ocrx_word' id='word_1_155' title='bbox 805 1916 849 1967; x_wconf 92' lang='lat' dir='ltr'><strong>si</strong></span> <span class='ocrx_word' id='word_1_156' title='bbox 893 1912 1041 1967; x_wconf 86' lang='lat' dir='ltr'><strong>vitari</strong></span> <span class='ocrx_word' id='word_1_157' title='bbox 1085 1912 1302 1965; x_wconf 81' lang='lat' dir='ltr'><strong>omnino</strong></span> <span class='ocrx_word' id='word_1_158' title='bbox 1331 1926 1436 1963; x_wconf 91' lang='lat' dir='ltr'><strong>non</strong></span> <span class='ocrx_word' id='word_1_159' title='bbox 1469 1917 1732 1977; x_wconf 88' lang='lat' dir='ltr'><strong>possunt:</strong></span> <span class='ocrx_word' id='word_1_160' title='bbox 1776 1926 1794 1959; x_wconf 84' lang='lat' dir='ltr'><strong>i</strong></span> 
     </span>
    </p>
   </div>
   <div class='ocr_carea' id='block_1_22' title="bbox 223 1996 1799 2077">
    <p class='ocr_par' dir='ltr' id='par_1_22' title="bbox 223 1996 1799 2077">
     <span class='ocr_line' id='line_1_22' title="bbox 223 1996 1799 2077; baseline -0.01 -13"><span class='ocrx_word' id='word_1_161' title='bbox 223 2010 520 2077; x_wconf 78' lang='lat' dir='ltr'><strong>scripturas</strong></span> <span class='ocrx_word' id='word_1_162' title='bbox 544 2006 723 2074; x_wconf 81' lang='lat' dir='ltr'><strong>utique</strong></span> <span class='ocrx_word' id='word_1_163' title='bbox 751 2019 852 2058; x_wconf 89' lang='lat' dir='ltr'><strong>non</strong></span> <span class='ocrx_word' id='word_1_164' title='bbox 876 2004 1158 2057; x_wconf 71' lang='lat' dir='ltr'><strong>advertens</strong></span> <span class='ocrx_word' id='word_1_165' title='bbox 1181 2001 1310 2055; x_wconf 69' lang='lat' dir='ltr'><strong>Novi</strong></span> <span class='ocrx_word' id='word_1_166' title='bbox 1337 1998 1678 2058; x_wconf 82' lang='lat' dir='ltr'><strong>Testanieiiti,</strong></span> <span class='ocrx_word' id='word_1_167' title='bbox 1713 1996 1799 2050; x_wconf 87' lang='lat' dir='ltr'><strong>ubi</strong></span> 
     </span>
    </p>
   </div>
   <div class='ocr_carea' id='block_1_23' title="bbox 220 2086 1802 2163">
    <p class='ocr_par' dir='ltr' id='par_1_23' title="bbox 220 2086 1802 2163">
     <span class='ocr_line' id='line_1_23' title="bbox 220 2086 1802 2163; baseline -0.008 -11"><span class='ocrx_word' id='word_1_168' title='bbox 220 2098 449 2154; x_wconf 85' lang='lat' dir='ltr'><strong>dicimus</strong></span> <span class='ocrx_word' id='word_1_169' title='bbox 488 2096 564 2163; x_wconf 77' lang='lat' dir='ltr'><strong>(ii)</strong></span> <span class='ocrx_word' id='word_1_170' title='bbox 610 2095 745 2148; x_wconf 91' lang='lat' dir='ltr'><strong>hanc</strong></span> <span class='ocrx_word' id='word_1_171' title='bbox 769 2107 886 2147; x_wconf 85' lang='lat' dir='ltr'><strong>esse</strong></span> <span class='ocrx_word' id='word_1_172' title='bbox 922 2091 1263 2146; x_wconf 88' lang='lat' dir='ltr'><strong>intentionem</strong></span> <span class='ocrx_word' id='word_1_173' title='bbox 1293 2088 1420 2158; x_wconf 83' lang='lat' dir='ltr'><strong>legis</strong></span> <span class='ocrx_word' id='word_1_174' title='bbox 1439 2086 1725 2158; x_wconf 70' lang='lat' dir='ltr'><strong>arguentis,</strong></span> <span class='ocrx_word' id='word_1_175' title='bbox 1745 2095 1802 2140; x_wconf 91' lang='lat' dir='ltr'><strong>ut</strong></span> 
     </span>
    </p>
   </div>
   <div class='ocr_carea' id='block_1_24' title="bbox 221 2178 1799 2259">
    <p class='ocr_par' dir='ltr' id='par_1_24' title="bbox 221 2178 1799 2259">
     <span class='ocr_line' id='line_1_24' title="bbox 221 2178 1799 2259; baseline -0.008 -16"><span class='ocrx_word' id='word_1_176' title='bbox 221 2199 442 2259; x_wconf 75' lang='grc' dir='ltr'>ιηὀιιιιιι·</span> <span class='ocrx_word' id='word_1_177' title='bbox 464 2188 551 2240; x_wconf 90' lang='lat' dir='ltr'><strong>illa</strong></span> <span class='ocrx_word' id='word_1_178' title='bbox 570 2202 685 2255; x_wconf 72' lang='lat' dir='ltr'><strong>qua:</strong></span> <span class='ocrx_word' id='word_1_179' title='bbox 710 2200 979 2254; x_wconf 87' lang='lat' dir='ltr'><strong>perperam</strong></span> <span class='ocrx_word' id='word_1_180' title='bbox 999 2184 1147 2245; x_wconf 90' lang='lat' dir='ltr'><strong>Iiiiiil,</strong></span> <span class='ocrx_word' id='word_1_181' title='bbox 1161 2180 1490 2249; x_wconf 84' lang='lat' dir='ltr'><strong>confugiatur</strong></span> <span class='ocrx_word' id='word_1_182' title='bbox 1502 2178 1563 2232; x_wconf 83' lang='lat' dir='ltr'><strong>ad</strong></span> <span class='ocrx_word' id='word_1_183' title='bbox 1580 2178 1799 2248; x_wconf 79' lang='lat' dir='ltr'><strong>gratiam</strong></span> 
     </span>
    </p>
   </div>
   <div class='ocr_carea' id='block_1_25' title="bbox 223 2268 1800 2341">
    <p class='ocr_par' dir='ltr' id='par_1_25' title="bbox 223 2268 1800 2341">
     <span class='ocr_line' id='line_1_25' title="bbox 223 2268 1800 2341; baseline -0.008 -6"><span class='ocrx_word' id='word_1_184' title='bbox 223 2277 434 2335; x_wconf 79' lang='lat' dir='ltr'><strong>Domini</strong></span> <span class='ocrx_word' id='word_1_185' title='bbox 482 2276 821 2337; x_wconf 80' lang='lat' dir='ltr'><strong>miserantis;</strong></span> <span class='ocrx_word' id='word_1_186' title='bbox 853 2275 993 2328; x_wconf 89' lang='lat' dir='ltr'><strong>velut</strong></span> <span class='ocrx_word' id='word_1_187' title='bbox 1036 2273 1319 2341; x_wconf 83' lang='lat' dir='ltr'><strong>pa-dagogo</strong></span> <span class='ocrx_word' id='word_1_188' title='bbox 1356 2269 1703 2325; x_wconf 86' lang='lat' dir='ltr'><strong>concludente</strong></span> <span class='ocrx_word' id='word_1_189' title='bbox 1748 2268 1800 2322; x_wconf 91' lang='lat' dir='ltr'><strong>in</strong></span> 
     </span>
    </p>
   </div>
   <div class='ocr_carea' id='block_1_26' title="bbox 223 2360 1800 2433">
    <p class='ocr_par' dir='ltr' id='par_1_26' title="bbox 223 2360 1800 2433">
     <span class='ocr_line' id='line_1_26' title="bbox 223 2360 1800 2433; baseline -0.008 -10"><span class='ocrx_word' id='word_1_190' title='bbox 223 2367 409 2423; x_wconf 84' lang='lat' dir='ltr'><strong>eadem</strong></span> <span class='ocrx_word' id='word_1_191' title='bbox 441 2366 546 2418; x_wconf 81' lang='lat' dir='ltr'><strong>tiile</strong></span> <span class='ocrx_word' id='word_1_192' title='bbox 569 2365 582 2395; x_wconf 82' lang='lat'>&#39;</span> <span class='ocrx_word' id='word_1_193' title='bbox 606 2406 621 2429; x_wconf 94' lang='lat'><strong>,</strong></span> <span class='ocrx_word' id='word_1_194' title='bbox 651 2381 769 2433; x_wconf 76' lang='lat' dir='ltr'><strong>qua:</strong></span> <span class='ocrx_word' id='word_1_195' title='bbox 802 2374 980 2432; x_wconf 84' lang='lat' dir='ltr'><strong>postea</strong></span> <span class='ocrx_word' id='word_1_196' title='bbox 1013 2363 1240 2417; x_wconf 85' lang='lat' dir='ltr'><strong>revelata</strong></span> <span class='ocrx_word' id='word_1_197' title='bbox 1269 2371 1380 2426; x_wconf 75' lang='lat' dir='ltr'><strong>est;</strong></span> <span class='ocrx_word' id='word_1_198' title='bbox 1411 2362 1496 2415; x_wconf 89' lang='lat' dir='ltr'><strong>ubi</strong></span> <span class='ocrx_word' id='word_1_199' title='bbox 1540 2368 1593 2414; x_wconf 91' lang='lat' dir='ltr'><strong>et</strong></span> <span class='ocrx_word' id='word_1_200' title='bbox 1619 2360 1800 2414; x_wconf 84' lang='lat' dir='ltr'><strong>remit-</strong></span> 
     </span>
    </p>
   </div>
   <div class='ocr_carea' id='block_1_27' title="bbox 227 2452 1799 2524">
    <p class='ocr_par' dir='ltr' id='par_1_27' title="bbox 227 2452 1799 2524">
     <span class='ocr_line' id='line_1_27' title="bbox 227 2452 1799 2524; baseline -0.006 -13"><span class='ocrx_word' id='word_1_201' title='bbox 227 2466 403 2511; x_wconf 85' lang='lat' dir='ltr'><strong>tantur</strong></span> <span class='ocrx_word' id='word_1_202' title='bbox 428 2472 548 2524; x_wconf 77' lang='lat' dir='ltr'><strong>qua:</strong></span> <span class='ocrx_word' id='word_1_203' title='bbox 578 2456 715 2507; x_wconf 85' lang='lat' dir='ltr'><strong>male</strong></span> <span class='ocrx_word' id='word_1_204' title='bbox 759 2454 919 2516; x_wconf 91' lang='lat' dir='ltr'><strong>liiiiit,</strong></span> <span class='ocrx_word' id='word_1_205' title='bbox 951 2463 1003 2506; x_wconf 90' lang='lat' dir='ltr'><strong>et</strong></span> <span class='ocrx_word' id='word_1_206' title='bbox 1044 2453 1226 2506; x_wconf 87' lang='lat' dir='ltr'><strong>eadem</strong></span> <span class='ocrx_word' id='word_1_207' title='bbox 1255 2452 1416 2521; x_wconf 82' lang='lat' dir='ltr'><strong>gratia</strong></span> <span class='ocrx_word' id='word_1_208' title='bbox 1444 2452 1661 2519; x_wconf 84' lang='lat' dir='ltr'><strong>juvaiite</strong></span> <span class='ocrx_word' id='word_1_209' title='bbox 1687 2463 1799 2502; x_wconf 91' lang='lat' dir='ltr'><strong>non</strong></span> 
     </span>
    </p>
   </div>
   <div class='ocr_carea' id='block_1_28' title="bbox 231 2541 1802 2609">
    <p class='ocr_par' dir='ltr' id='par_1_28' title="bbox 231 2541 1802 2609">
     <span class='ocr_line' id='line_1_28' title="bbox 231 2541 1802 2609; baseline -0.006 -9"><span class='ocrx_word' id='word_1_210' title='bbox 231 2548 379 2600; x_wconf 84' lang='lat' dir='ltr'><strong>fiant.</strong></span> <span class='ocrx_word' id='word_1_211' title='bbox 410 2546 566 2599; x_wconf 83' lang='lat' dir='ltr'><strong>I‘rolii</strong></span> <span class='ocrx_word' id='word_1_212' title='bbox 587 2543 803 2597; x_wconf 88' lang='lat' dir='ltr'><strong>ieiitiuiii</strong></span> <span class='ocrx_word' id='word_1_213' title='bbox 826 2552 902 2596; x_wconf 89' lang='lat' dir='ltr'><strong>est</strong></span> <span class='ocrx_word' id='word_1_214' title='bbox 931 2542 1072 2597; x_wconf 85' lang='lat' dir='ltr'><strong>enim</strong></span> <span class='ocrx_word' id='word_1_215' title='bbox 1098 2557 1178 2595; x_wconf 89' lang='lat' dir='ltr'><strong>via</strong></span> <span class='ocrx_word' id='word_1_216' title='bbox 1207 2558 1217 2595; x_wconf 91' lang='lat'>:</span> <span class='ocrx_word' id='word_1_217' title='bbox 1251 2541 1490 2609; x_wconf 81' lang='lat' dir='ltr'><strong>quamvis</strong></span> <span class='ocrx_word' id='word_1_218' title='bbox 1518 2541 1651 2593; x_wconf 89' lang='lat' dir='ltr'><strong>bene</strong></span> <span class='ocrx_word' id='word_1_219' title='bbox 1683 2553 1802 2607; x_wconf 80' lang='lat' dir='ltr'><strong>pro-</strong></span> 
     </span>
    </p>
   </div>
   <div class='ocr_carea' id='block_1_29' title="bbox 228 2634 1799 2703">
    <p class='ocr_par' dir='ltr' id='par_1_29' title="bbox 228 2634 1799 2703">
     <span class='ocr_line' id='line_1_29' title="bbox 228 2634 1799 2703; baseline -0.004 -14"><span class='ocrx_word' id='word_1_220' title='bbox 228 2637 468 2690; x_wconf 75' lang='lat' dir='ltr'><strong>t&#39;icicnies</strong></span> <span class='ocrx_word' id='word_1_221' title='bbox 515 2636 757 2689; x_wconf 81' lang='lat' dir='ltr'><strong>dicantur</strong></span> <span class='ocrx_word' id='word_1_222' title='bbox 804 2635 1018 2703; x_wconf 80' lang='lat' dir='ltr'><strong>periei-ti</strong></span> <span class='ocrx_word' id='word_1_223' title='bbox 1066 2636 1311 2687; x_wconf 88' lang='lat' dir='ltr'><strong>viatores.</strong></span> <span class='ocrx_word' id='word_1_224' title='bbox 1364 2634 1451 2687; x_wconf 90' lang='lat' dir='ltr'><strong>Illa</strong></span> <span class='ocrx_word' id='word_1_225' title='bbox 1500 2643 1581 2686; x_wconf 85' lang='lat' dir='ltr'><strong>est</strong></span> <span class='ocrx_word' id='word_1_226' title='bbox 1626 2642 1799 2684; x_wconf 90' lang='lat' dir='ltr'><strong>autem</strong></span> 
     </span>
    </p>
   </div>
   <div class='ocr_carea' id='block_1_30' title="bbox 228 2719 1801 2792">
    <p class='ocr_par' dir='ltr' id='par_1_30' title="bbox 228 2719 1801 2792">
     <span class='ocr_line' id='line_1_30' title="bbox 228 2719 1801 2792; baseline -0.003 -15"><span class='ocrx_word' id='word_1_227' title='bbox 228 2739 432 2778; x_wconf 82' lang='lat' dir='ltr'><strong>summa</strong></span> <span class='ocrx_word' id='word_1_228' title='bbox 463 2723 718 2792; x_wconf 81' lang='lat' dir='ltr'><strong>perfectio</strong></span> <span class='ocrx_word' id='word_1_229' title='bbox 741 2724 823 2776; x_wconf 86' lang='lat' dir='ltr'><strong>cui</strong></span> <span class='ocrx_word' id='word_1_230' title='bbox 857 2721 981 2775; x_wconf 89' lang='lat' dir='ltr'><strong>nihil</strong></span> <span class='ocrx_word' id='word_1_231' title='bbox 1008 2721 1249 2784; x_wconf 85' lang='lat' dir='ltr'><strong>addatur,</strong></span> <span class='ocrx_word' id='word_1_232' title='bbox 1279 2737 1397 2776; x_wconf 86' lang='lat' dir='ltr'><strong>cum</strong></span> <span class='ocrx_word' id='word_1_233' title='bbox 1430 2721 1479 2775; x_wconf 90' lang='lat' dir='ltr'><strong>id</strong></span> <span class='ocrx_word' id='word_1_234' title='bbox 1506 2734 1610 2791; x_wconf 86' lang='lat' dir='ltr'><strong>quo</strong></span> <span class='ocrx_word' id='word_1_235' title='bbox 1632 2719 1801 2776; x_wconf 87' lang='lat' dir='ltr'><strong>tendi-</strong></span> 
     </span>
    </p>
   </div>
   <div class='ocr_carea' id='block_1_31' title="bbox 234 2812 1243 2883">
    <p class='ocr_par' dir='ltr' id='par_1_31' title="bbox 234 2812 1243 2883">
     <span class='ocr_line' id='line_1_31' title="bbox 234 2812 1243 2883; baseline -0.007 -14"><span class='ocrx_word' id='word_1_236' title='bbox 234 2826 318 2870; x_wconf 85' lang='lat' dir='ltr'><strong>tur</strong></span> <span class='ocrx_word' id='word_1_237' title='bbox 335 2857 348 2871; x_wconf 88' lang='lat'><strong>.</strong></span> <span class='ocrx_word' id='word_1_238' title='bbox 380 2825 602 2883; x_wconf 86' lang='lat' dir='ltr'><strong>cii-perit</strong></span> <span class='ocrx_word' id='word_1_239' title='bbox 635 2812 912 2882; x_wconf 84' lang='lat' dir='ltr'><strong>possideri.</strong></span> <span class='ocrx_word' id='word_1_240' title='bbox 1238 2868 1243 2875; x_wconf 48' lang='grc'>,</span> 
     </span>
    </p>
   </div>
   <div class='ocr_carea' id='block_1_32' title="bbox 298 2899 1799 2971">
    <p class='ocr_par' dir='ltr' id='par_1_32' title="bbox 298 2899 1799 2971">
     <span class='ocr_line' id='line_1_32' title="bbox 298 2899 1799 2971; baseline -0.006 -11"><span class='ocrx_word' id='word_1_241' title='bbox 298 2904 526 2961; x_wconf 68' lang='grc' dir='ltr'><strong>(ΣΑΡΕΤ</strong></span> <span class='ocrx_word' id='word_1_242' title='bbox 584 2903 716 2958; x_wconf 67' lang='lat' dir='ltr'><strong>XIII.</strong></span> <span class='ocrx_word' id='word_1_243' title='bbox 761 2932 826 2943; x_wconf 86' lang='lat'><strong>-</strong></span> <span class='ocrx_word' id='word_1_244' title='bbox 885 2904 969 2957; x_wconf 85' lang='lat' dir='ltr'><strong>I&#39;i.</strong></span> <span class='ocrx_word' id='word_1_245' title='bbox 1025 2902 1263 2971; x_wconf 84' lang='lat' dir='ltr'><strong>Sequitur</strong></span> <span class='ocrx_word' id='word_1_246' title='bbox 1305 2899 1501 2969; x_wconf 80' lang='lat' dir='ltr'><strong>Pelagii</strong></span> <span class='ocrx_word' id='word_1_247' title='bbox 1546 2900 1799 2968; x_wconf 74' lang='lat' dir='ltr'><strong>refutatio.</strong></span> 
     </span>
    </p>
   </div>
   <div class='ocr_carea' id='block_1_33' title="bbox 230 2990 1802 3065">
    <p class='ocr_par' dir='ltr' id='par_1_33' title="bbox 230 2990 1802 3065">
     <span class='ocr_line' id='line_1_33' title="bbox 230 2990 1802 3065; baseline -0.005 -13"><span class='ocrx_word' id='word_1_248' title='bbox 230 2996 343 3052; x_wconf 84' lang='lat' dir='ltr'><strong>Jaiii</strong></span> <span class='ocrx_word' id='word_1_249' title='bbox 372 3013 501 3050; x_wconf 87' lang='lat' dir='ltr'><strong>vero</strong></span> <span class='ocrx_word' id='word_1_250' title='bbox 530 2994 655 3048; x_wconf 88' lang='lat' dir='ltr'><strong>illud</strong></span> <span class='ocrx_word' id='word_1_251' title='bbox 682 2993 818 3065; x_wconf 89' lang='lat' dir='ltr'><strong>quod</strong></span> <span class='ocrx_word' id='word_1_252' title='bbox 846 2994 892 3047; x_wconf 92' lang='lat' dir='ltr'><strong>ei</strong></span> <span class='ocrx_word' id='word_1_253' title='bbox 934 2993 1122 3046; x_wconf 87' lang='lat' dir='ltr'><strong>dicitur</strong></span> <span class='ocrx_word' id='word_1_254' title='bbox 1140 2994 1160 3023; x_wconf 84' lang='grc'>¹</span> <span class='ocrx_word' id='word_1_255' title='bbox 1181 3033 1195 3055; x_wconf 86' lang='grc'><em>,</em></span> <span class='ocrx_word' id='word_1_256' title='bbox 1235 3010 1253 3042; x_wconf 82' lang='grc' dir='ltr'><strong>ι</strong></span> <span class='ocrx_word' id='word_1_257' title='bbox 1278 2992 1407 3058; x_wconf 80' lang='lat' dir='ltr'><strong>1pse</strong></span> <span class='ocrx_word' id='word_1_258' title='bbox 1451 2999 1504 3043; x_wconf 90' lang='lat' dir='ltr'><strong>tu</strong></span> <span class='ocrx_word' id='word_1_259' title='bbox 1535 2990 1649 3044; x_wconf 84' lang='lat' dir='ltr'><strong>sine</strong></span> <span class='ocrx_word' id='word_1_260' title='bbox 1676 3004 1802 3059; x_wconf 82' lang='lat' dir='ltr'><strong>pec-</strong></span> 
     </span>
    </p>
   </div>
   <div class='ocr_carea' id='block_1_34' title="bbox 229 3082 1801 3153">
    <p class='ocr_par' dir='ltr' id='par_1_34' title="bbox 229 3082 1801 3153">
     <span class='ocr_line' id='line_1_34' title="bbox 229 3082 1801 3153; baseline -0.003 -12"><span class='ocrx_word' id='word_1_261' title='bbox 229 3097 347 3141; x_wconf 86' lang='lat' dir='ltr'><strong>cato</strong></span> <span class='ocrx_word' id='word_1_262' title='bbox 388 3087 486 3141; x_wconf 87' lang='lat' dir='ltr'><strong>es?</strong></span> <span class='ocrx_word' id='word_1_263' title='bbox 524 3105 541 3138; x_wconf 86' lang='lat' dir='ltr'><strong>i</strong></span> <span class='ocrx_word' id='word_1_264' title='bbox 577 3101 757 3139; x_wconf 79' lang='lat' dir='ltr'><strong>revera</strong></span> <span class='ocrx_word' id='word_1_265' title='bbox 796 3100 900 3138; x_wconf 89' lang='lat' dir='ltr'><strong>nou</strong></span> <span class='ocrx_word' id='word_1_266' title='bbox 946 3085 1172 3153; x_wconf 82' lang='lat' dir='ltr'><strong>pertinet</strong></span> <span class='ocrx_word' id='word_1_267' title='bbox 1214 3082 1278 3136; x_wconf 89' lang='lat' dir='ltr'><strong>ad</strong></span> <span class='ocrx_word' id='word_1_268' title='bbox 1305 3098 1422 3137; x_wconf 90' lang='lat' dir='ltr'><strong>cam</strong></span> <span class='ocrx_word' id='word_1_269' title='bbox 1462 3097 1575 3135; x_wconf 87' lang='lat' dir='ltr'><strong>rem</strong></span> <span class='ocrx_word' id='word_1_270' title='bbox 1593 3082 1669 3138; x_wconf 87' lang='lat' dir='ltr'><strong>.de</strong></span> <span class='ocrx_word' id='word_1_271' title='bbox 1698 3097 1801 3151; x_wconf 88' lang='lat' dir='ltr'><strong>qua</strong></span> 
     </span>
    </p>
   </div>
   <div class='ocr_carea' id='block_1_35' title="bbox 230 3171 1802 3245">
    <p class='ocr_par' dir='ltr' id='par_1_35' title="bbox 230 3171 1802 3245">
     <span class='ocr_line' id='line_1_35' title="bbox 230 3171 1802 3245; baseline -0.005 -13"><span class='ocrx_word' id='word_1_272' title='bbox 230 3186 452 3232; x_wconf 71' lang='lat' dir='ltr'><strong>vertitur</strong></span> <span class='ocrx_word' id='word_1_273' title='bbox 479 3178 722 3245; x_wconf 69' lang='lat' dir='ltr'><strong>(IIKBSIIO.</strong></span> <span class='ocrx_word' id='word_1_274' title='bbox 753 3174 857 3229; x_wconf 84' lang='lat' dir='ltr'><strong>Sed</strong></span> <span class='ocrx_word' id='word_1_275' title='bbox 886 3174 1024 3242; x_wconf 87' lang='lat' dir='ltr'><strong>quod</strong></span> <span class='ocrx_word' id='word_1_276' title='bbox 1071 3171 1227 3236; x_wconf 88' lang='lat' dir='ltr'><strong>dicit,</strong></span> <span class='ocrx_word' id='word_1_277' title='bbox 1268 3191 1286 3223; x_wconf 83' lang='lat' dir='ltr'><strong>i</strong></span> <span class='ocrx_word' id='word_1_278' title='bbox 1325 3172 1653 3241; x_wconf 74' lang='lat' dir='ltr'><strong>negligentia:</strong></span> <span class='ocrx_word' id='word_1_279' title='bbox 1692 3186 1802 3224; x_wconf 57' lang='lat' dir='ltr'><strong>suae</strong></span> 
     </span>
    </p>
   </div>
   <div class='ocr_carea' id='block_1_36' title="bbox 229 3260 1802 3338">
    <p class='ocr_par' dir='ltr' id='par_1_36' title="bbox 229 3260 1802 3338">
     <span class='ocr_line' id='line_1_36' title="bbox 229 3260 1802 3338; baseline -0.003 -18"><span class='ocrx_word' id='word_1_280' title='bbox 229 3268 407 3338; x_wconf 83' lang='lat' dir='ltr'><strong>potius</strong></span> <span class='ocrx_word' id='word_1_281' title='bbox 432 3266 711 3334; x_wconf 89' lang='lat' dir='ltr'><strong>imputari,</strong></span> <span class='ocrx_word' id='word_1_282' title='bbox 744 3263 882 3333; x_wconf 91' lang='lat' dir='ltr'><strong>quod</strong></span> <span class='ocrx_word' id='word_1_283' title='bbox 911 3279 1014 3317; x_wconf 88' lang='lat' dir='ltr'><strong>non</strong></span> <span class='ocrx_word' id='word_1_284' title='bbox 1053 3263 1276 3317; x_wconf 88' lang='lat' dir='ltr'><strong>estsine</strong></span> <span class='ocrx_word' id='word_1_285' title='bbox 1313 3272 1529 3331; x_wconf 84' lang='lat' dir='ltr'><strong>peccato</strong></span> <span class='ocrx_word' id='word_1_286' title='bbox 1558 3277 1572 3315; x_wconf 88' lang='lat'><strong>:</strong></span> <span class='ocrx_word' id='word_1_287' title='bbox 1614 3280 1633 3313; x_wconf 83' lang='lat' dir='ltr'><strong>i</strong></span> <span class='ocrx_word' id='word_1_288' title='bbox 1669 3260 1802 3315; x_wconf 86' lang='lat' dir='ltr'><strong>bene</strong></span> 
     </span>
    </p>
   </div>
   <div class='ocr_carea' id='block_1_37' title="bbox 230 3350 1802 3426">
    <p class='ocr_par' dir='ltr' id='par_1_37' title="bbox 230 3350 1802 3426">
     <span class='ocr_line' id='line_1_37' title="bbox 230 3350 1802 3426; baseline -0.002 -19"><span class='ocrx_word' id='word_1_289' title='bbox 230 3356 439 3426; x_wconf 83' lang='lat' dir='ltr'><strong>quidem</strong></span> <span class='ocrx_word' id='word_1_290' title='bbox 470 3354 630 3416; x_wconf 81' lang='lat' dir='ltr'><strong>dicit;</strong></span> <span class='ocrx_word' id='word_1_291' title='bbox 658 3351 750 3406; x_wconf 91' lang='lat' dir='ltr'><strong>sed</strong></span> <span class='ocrx_word' id='word_1_292' title='bbox 791 3352 1034 3420; x_wconf 75' lang='lat' dir='ltr'><strong>dignetur</strong></span> <span class='ocrx_word' id='word_1_293' title='bbox 1062 3351 1184 3405; x_wconf 90' lang='lat' dir='ltr'><strong>inde</strong></span> <span class='ocrx_word' id='word_1_294' title='bbox 1213 3360 1266 3405; x_wconf 91' lang='lat' dir='ltr'><strong>et</strong></span> <span class='ocrx_word' id='word_1_295' title='bbox 1310 3365 1464 3405; x_wconf 87' lang='lat' dir='ltr'><strong>orare</strong></span> <span class='ocrx_word' id='word_1_296' title='bbox 1508 3350 1668 3404; x_wconf 87' lang='lat' dir='ltr'><strong>Deum</strong></span> <span class='ocrx_word' id='word_1_297' title='bbox 1690 3391 1704 3413; x_wconf 95' lang='lat'><strong>,</strong></span> <span class='ocrx_word' id='word_1_298' title='bbox 1738 3364 1802 3404; x_wconf 87' lang='lat' dir='ltr'><strong>ne</strong></span> 
     </span>
    </p>
   </div>
   <div class='ocr_carea' id='block_1_38' title="bbox 230 3440 1804 3513">
    <p class='ocr_par' dir='ltr' id='par_1_38' title="bbox 230 3440 1804 3513">
     <span class='ocr_line' id='line_1_38' title="bbox 230 3440 1804 3513; baseline -0.004 -13"><span class='ocrx_word' id='word_1_299' title='bbox 230 3446 303 3501; x_wconf 87' lang='lat' dir='ltr'><strong>illi</strong></span> <span class='ocrx_word' id='word_1_300' title='bbox 334 3445 451 3500; x_wconf 78' lang='lat' dir='ltr'><strong>h;ec</strong></span> <span class='ocrx_word' id='word_1_301' title='bbox 483 3445 657 3513; x_wconf 89' lang='lat' dir='ltr'><strong>iniqua</strong></span> <span class='ocrx_word' id='word_1_302' title='bbox 686 3443 994 3513; x_wconf 74' lang='lat' dir='ltr'><strong>negligentia</strong></span> <span class='ocrx_word' id='word_1_303' title='bbox 1019 3441 1322 3495; x_wconf 87' lang='lat' dir='ltr'><strong>dominetur</strong></span> <span class='ocrx_word' id='word_1_304' title='bbox 1353 3458 1367 3494; x_wconf 92' lang='lat'><strong>:</strong></span> <span class='ocrx_word' id='word_1_305' title='bbox 1400 3456 1557 3510; x_wconf 88' lang='lat' dir='ltr'><strong>quem</strong></span> <span class='ocrx_word' id='word_1_306' title='bbox 1588 3440 1804 3510; x_wconf 85' lang='lat' dir='ltr'><strong>rogabat</strong></span> 
     </span>
    </p>
   </div>
   <div class='ocr_carea' id='block_1_39' title="bbox 228 3524 1801 3609">
    <p class='ocr_par' dir='ltr' id='par_1_39' title="bbox 228 3524 1801 3609">
     <span class='ocr_line' id='line_1_39' title="bbox 228 3524 1801 3609; baseline -0.006 -18"><span class='ocrx_word' id='word_1_307' title='bbox 228 3537 465 3609; x_wconf 88' lang='lat' dir='ltr'><strong>quidam,</strong></span> <span class='ocrx_word' id='word_1_308' title='bbox 493 3534 704 3604; x_wconf 88' lang='lat' dir='ltr'><strong>quando</strong></span> <span class='ocrx_word' id='word_1_309' title='bbox 728 3533 953 3599; x_wconf 86' lang='lat' dir='ltr'><strong>dicebat,</strong></span> <span class='ocrx_word' id='word_1_310' title='bbox 986 3530 1173 3584; x_wconf 87' lang='lat' dir='ltr'><strong>Itinera</strong></span> <span class='ocrx_word' id='word_1_311' title='bbox 1208 3548 1316 3584; x_wconf 89' lang='lat' dir='ltr'><strong>mea</strong></span> <span class='ocrx_word' id='word_1_312' title='bbox 1343 3524 1502 3601; x_wconf 81' lang='lat' dir='ltr'><strong>dirige</strong></span> <span class='ocrx_word' id='word_1_313' title='bbox 1529 3530 1801 3584; x_wconf 87' lang='lat' dir='ltr'><strong>secundum</strong></span> 
     </span>
    </p>
   </div>
   <div class='ocr_carea' id='block_1_40' title="bbox 228 3620 1803 3689">
    <p class='ocr_par' dir='ltr' id='par_1_40' title="bbox 228 3620 1803 3689">
     <span class='ocr_line' id='line_1_40' title="bbox 228 3620 1803 3689; baseline -0.004 -9"><span class='ocrx_word' id='word_1_314' title='bbox 228 3628 427 3680; x_wconf 66' lang='lat' dir='ltr'><strong>verbum</strong></span> <span class='ocrx_word' id='word_1_315' title='bbox 472 3636 649 3688; x_wconf 82' lang='lat' dir='ltr'><strong>timui,</strong></span> <span class='ocrx_word' id='word_1_316' title='bbox 689 3633 860 3676; x_wconf 86' lang='lat' dir='ltr'><strong>etnon</strong></span> <span class='ocrx_word' id='word_1_317' title='bbox 902 3622 1185 3675; x_wconf 81' lang='lat' dir='ltr'><strong>dominetur</strong></span> <span class='ocrx_word' id='word_1_318' title='bbox 1212 3620 1338 3685; x_wconf 76' lang='lat' dir='ltr'><strong>mihi</strong></span> <span class='ocrx_word' id='word_1_319' title='bbox 1378 3620 1539 3674; x_wconf 86' lang='lat' dir='ltr'><strong>omnis</strong></span> <span class='ocrx_word' id='word_1_320' title='bbox 1567 3620 1803 3689; x_wconf 86' lang='lat' dir='ltr'><strong>iniquitas</strong></span> 
     </span>
    </p>
   </div>
   <div class='ocr_carea' id='block_1_41' title="bbox 230 3708 1801 3781">
    <p class='ocr_par' dir='ltr' id='par_1_41' title="bbox 230 3708 1801 3781">
     <span class='ocr_line' id='line_1_41' title="bbox 230 3708 1801 3781; baseline -0.003 -14"><span class='ocrx_word' id='word_1_321' title='bbox 230 3713 402 3781; x_wconf 83' lang='lat' dir='ltr'><strong>(Psat.</strong></span> <span class='ocrx_word' id='word_1_322' title='bbox 430 3728 612 3777; x_wconf 78' lang='lat' dir='ltr'><strong>cxviii,</strong></span> <span class='ocrx_word' id='word_1_323' title='bbox 635 3712 755 3781; x_wconf 59' lang='lat'><strong>133)</strong></span> <span class='ocrx_word' id='word_1_324' title='bbox 782 3729 792 3762; x_wconf 92' lang='lat'>:</span> <span class='ocrx_word' id='word_1_325' title='bbox 819 3727 885 3765; x_wconf 90' lang='lat' dir='ltr'><strong>ne</strong></span> <span class='ocrx_word' id='word_1_326' title='bbox 909 3710 1033 3764; x_wconf 88' lang='lat' dir='ltr'><strong>dum</strong></span> <span class='ocrx_word' id='word_1_327' title='bbox 1056 3725 1166 3764; x_wconf 66' lang='lat' dir='ltr'><strong>suae</strong></span> <span class='ocrx_word' id='word_1_328' title='bbox 1193 3708 1479 3779; x_wconf 72' lang='lat' dir='ltr'><strong>diligentia:</strong></span> <span class='ocrx_word' id='word_1_329' title='bbox 1505 3710 1653 3779; x_wconf 87' lang='lat' dir='ltr'><strong>quasi</strong></span> <span class='ocrx_word' id='word_1_330' title='bbox 1678 3725 1801 3779; x_wconf 85' lang='lat' dir='ltr'><strong>pro-</strong></span> 
     </span>
    </p>
   </div>
   <div class='ocr_carea' id='block_1_42' title="bbox 227 3799 1804 3874">
    <p class='ocr_par' dir='ltr' id='par_1_42' title="bbox 227 3799 1804 3874">
     <span class='ocr_line' id='line_1_42' title="bbox 227 3799 1804 3874; baseline -0.001 -18"><span class='ocrx_word' id='word_1_331' title='bbox 227 3804 362 3874; x_wconf 87' lang='lat' dir='ltr'><strong>priis</strong></span> <span class='ocrx_word' id='word_1_332' title='bbox 383 3802 583 3855; x_wconf 83' lang='lat' dir='ltr'><strong>viribus</strong></span> <span class='ocrx_word' id='word_1_333' title='bbox 600 3801 731 3864; x_wconf 91' lang='lat' dir='ltr'><strong>lidit,</strong></span> <span class='ocrx_word' id='word_1_334' title='bbox 752 3815 923 3871; x_wconf 88' lang='lat' dir='ltr'><strong>neque</strong></span> <span class='ocrx_word' id='word_1_335' title='bbox 944 3800 1031 3855; x_wconf 89' lang='lat' dir='ltr'><strong>liie</strong></span> <span class='ocrx_word' id='word_1_336' title='bbox 1051 3800 1116 3854; x_wconf 89' lang='lat' dir='ltr'><strong>ad</strong></span> <span class='ocrx_word' id='word_1_337' title='bbox 1140 3815 1315 3855; x_wconf 80' lang='lat' dir='ltr'><strong>veram</strong></span> <span class='ocrx_word' id='word_1_338' title='bbox 1332 3799 1613 3869; x_wconf 85' lang='lat' dir='ltr'><strong>justitiam,</strong></span> <span class='ocrx_word' id='word_1_339' title='bbox 1633 3814 1804 3869; x_wconf 84' lang='lat' dir='ltr'><strong>neque</strong></span> 
     </span>
    </p>
   </div>
   <div class='ocr_carea' id='block_1_43' title="bbox 230 3889 1803 3962">
    <p class='ocr_par' dir='ltr' id='par_1_43' title="bbox 230 3889 1803 3962">
     <span class='ocr_line' id='line_1_43' title="bbox 230 3889 1803 3962; baseline -0.003 -13"><span class='ocrx_word' id='word_1_340' title='bbox 230 3895 338 3950; x_wconf 88' lang='lat' dir='ltr'><strong>illic</strong></span> <span class='ocrx_word' id='word_1_341' title='bbox 356 3937 371 3958; x_wconf 94' lang='lat'><strong>,</strong></span> <span class='ocrx_word' id='word_1_342' title='bbox 400 3894 489 3948; x_wconf 90' lang='lat' dir='ltr'><strong>ubi</strong></span> <span class='ocrx_word' id='word_1_343' title='bbox 516 3894 631 3947; x_wconf 81' lang='lat' dir='ltr'><strong>sine</strong></span> <span class='ocrx_word' id='word_1_344' title='bbox 656 3892 814 3947; x_wconf 88' lang='lat' dir='ltr'><strong>dubio</strong></span> <span class='ocrx_word' id='word_1_345' title='bbox 854 3891 1086 3962; x_wconf 80' lang='lat' dir='ltr'><strong>perfecta</strong></span> <span class='ocrx_word' id='word_1_346' title='bbox 1114 3889 1462 3946; x_wconf 80' lang='lat' dir='ltr'><strong>desideranda</strong></span> <span class='ocrx_word' id='word_1_347' title='bbox 1490 3899 1573 3946; x_wconf 90' lang='lat' dir='ltr'><strong>est</strong></span> <span class='ocrx_word' id='word_1_348' title='bbox 1596 3898 1650 3945; x_wconf 90' lang='lat' dir='ltr'><strong>et</strong></span> <span class='ocrx_word' id='word_1_349' title='bbox 1677 3906 1803 3959; x_wconf 88' lang='lat' dir='ltr'><strong>spe-</strong></span> 
     </span>
    </p>
   </div>
   <div class='ocr_carea' id='block_1_44' title="bbox 230 3984 754 4055">
    <p class='ocr_par' dir='ltr' id='par_1_44' title="bbox 230 3984 754 4055">
     <span class='ocr_line' id='line_1_44' title="bbox 230 3984 754 4055; baseline -0.01 -15"><span class='ocrx_word' id='word_1_350' title='bbox 230 3986 393 4040; x_wconf 82' lang='lat' dir='ltr'><strong>randa</strong></span> <span class='ocrx_word' id='word_1_351' title='bbox 414 4026 429 4047; x_wconf 93' lang='lat'><strong>,</strong></span> <span class='ocrx_word' id='word_1_352' title='bbox 462 3984 754 4055; x_wconf 76' lang='lat' dir='ltr'><strong>perveniat.</strong></span> 
     </span>
    </p>
   </div>
   <div class='ocr_carea' id='block_1_45' title="bbox 297 4073 1801 4141">
    <p class='ocr_par' dir='ltr' id='par_1_45' title="bbox 297 4073 1801 4141">
     <span class='ocr_line' id='line_1_45' title="bbox 297 4073 1801 4141; baseline -0.003 -11"><span class='ocrx_word' id='word_1_353' title='bbox 297 4075 523 4131; x_wconf 69' lang='lat' dir='ltr'><strong>CAI’L&#39;T</strong></span> <span class='ocrx_word' id='word_1_354' title='bbox 570 4075 707 4129; x_wconf 77' lang='lat' dir='ltr'><strong>XIV.</strong></span> <span class='ocrx_word' id='word_1_355' title='bbox 756 4105 829 4116; x_wconf 90' lang='lat'><strong>—</strong></span> <span class='ocrx_word' id='word_1_356' title='bbox 882 4076 966 4132; x_wconf 81' lang='grc'><strong>15.</strong></span> <span class='ocrx_word' id='word_1_357' title='bbox 1025 4073 1143 4128; x_wconf 72' lang='lat' dir='ltr'><strong>Non</strong></span> <span class='ocrx_word' id='word_1_358' title='bbox 1187 4074 1354 4127; x_wconf 82' lang='lat' dir='ltr'><strong>omnia</strong></span> <span class='ocrx_word' id='word_1_359' title='bbox 1420 4074 1604 4141; x_wconf 86' lang='lat' dir='ltr'><strong>scripta</strong></span> <span class='ocrx_word' id='word_1_360' title='bbox 1666 4080 1801 4126; x_wconf 88' lang='lat' dir='ltr'><strong>sunt.</strong></span> 
     </span>
    </p>
   </div>
   <div class='ocr_carea' id='block_1_46' title="bbox 231 4164 1805 4236">
    <p class='ocr_par' dir='ltr' id='par_1_46' title="bbox 231 4164 1805 4236">
     <span class='ocr_line' id='line_1_46' title="bbox 231 4164 1805 4236; baseline -0.005 -14"><span class='ocrx_word' id='word_1_361' title='bbox 231 4169 294 4222; x_wconf 79' lang='lat' dir='ltr'><strong>Et</strong></span> <span class='ocrx_word' id='word_1_362' title='bbox 322 4166 448 4220; x_wconf 86' lang='lat' dir='ltr'><strong>illud</strong></span> <span class='ocrx_word' id='word_1_363' title='bbox 474 4166 613 4235; x_wconf 88' lang='lat' dir='ltr'><strong>quod</strong></span> <span class='ocrx_word' id='word_1_364' title='bbox 640 4166 686 4220; x_wconf 88' lang='lat' dir='ltr'><strong>ei</strong></span> <span class='ocrx_word' id='word_1_365' title='bbox 716 4181 745 4219; x_wconf 90' lang='lat' dir='ltr'><strong>a</strong></span> <span class='ocrx_word' id='word_1_366' title='bbox 776 4165 1083 4236; x_wconf 77' lang='lat' dir='ltr'><strong>quibusdam</strong></span> <span class='ocrx_word' id='word_1_367' title='bbox 1110 4164 1320 4227; x_wconf 89' lang='lat' dir='ltr'><strong>dicitur,</strong></span> <span class='ocrx_word' id='word_1_368' title='bbox 1352 4180 1368 4215; x_wconf 82' lang='grc' dir='ltr'><strong>ι</strong></span> <span class='ocrx_word' id='word_1_369' title='bbox 1401 4177 1657 4230; x_wconf 88' lang='lat' dir='ltr'><strong>nusquam</strong></span> <span class='ocrx_word' id='word_1_370' title='bbox 1686 4176 1805 4214; x_wconf 86' lang='lat' dir='ltr'><strong>esse</strong></span> 
     </span>
    </p>
   </div>
   <div class='ocr_carea' id='block_1_47' title="bbox 228 4251 1805 4327">
    <p class='ocr_par' dir='ltr' id='par_1_47' title="bbox 228 4251 1805 4327">
     <span class='ocr_line' id='line_1_47' title="bbox 228 4251 1805 4327; baseline -0.004 -15"><span class='ocrx_word' id='word_1_371' title='bbox 228 4259 484 4327; x_wconf 80' lang='lat' dir='ltr'><strong>scriptum</strong></span> <span class='ocrx_word' id='word_1_372' title='bbox 512 4257 594 4310; x_wconf 91' lang='lat' dir='ltr'><strong>liis</strong></span> <span class='ocrx_word' id='word_1_373' title='bbox 615 4256 831 4309; x_wconf 88' lang='lat' dir='ltr'><strong>omnino</strong></span> <span class='ocrx_word' id='word_1_374' title='bbox 855 4255 1048 4318; x_wconf 81' lang='lat' dir='ltr'><strong>verbis,</strong></span> <span class='ocrx_word' id='word_1_375' title='bbox 1069 4269 1223 4323; x_wconf 81' lang='lat' dir='ltr'><strong>posse</strong></span> <span class='ocrx_word' id='word_1_376' title='bbox 1248 4267 1369 4306; x_wconf 88' lang='lat' dir='ltr'><strong>esse</strong></span> <span class='ocrx_word' id='word_1_377' title='bbox 1396 4251 1661 4305; x_wconf 88' lang='lat' dir='ltr'><strong>hominem</strong></span> <span class='ocrx_word' id='word_1_378' title='bbox 1690 4253 1805 4305; x_wconf 87' lang='lat' dir='ltr'><strong>sine</strong></span> 
     </span>
    </p>
   </div>
   <div class='ocr_carea' id='block_1_48' title="bbox 229 4342 1803 4422">
    <p class='ocr_par' dir='ltr' id='par_1_48' title="bbox 229 4342 1803 4422">
     <span class='ocr_line' id='line_1_48' title="bbox 229 4342 1803 4422; baseline -0.006 -18"><span class='ocrx_word' id='word_1_379' title='bbox 229 4360 451 4422; x_wconf 84' lang='lat' dir='ltr'><strong>peccato</strong></span> <span class='ocrx_word' id='word_1_380' title='bbox 471 4390 486 4413; x_wconf 92' lang='lat'><strong>,</strong></span> <span class='ocrx_word' id='word_1_381' title='bbox 525 4366 544 4401; x_wconf 79' lang='grc' dir='ltr'><strong>ι</strong></span> <span class='ocrx_word' id='word_1_382' title='bbox 582 4348 733 4402; x_wconf 82' lang='lat' dir='ltr'><strong>facile</strong></span> <span class='ocrx_word' id='word_1_383' title='bbox 758 4347 982 4412; x_wconf 86' lang='lat' dir='ltr'><strong>refellit,</strong></span> <span class='ocrx_word' id='word_1_384' title='bbox 1019 4363 1037 4397; x_wconf 85' lang='lat' dir='ltr'><strong>i</strong></span> <span class='ocrx_word' id='word_1_385' title='bbox 1075 4345 1195 4414; x_wconf 87' lang='lat' dir='ltr'><strong>quia</strong></span> <span class='ocrx_word' id='word_1_386' title='bbox 1222 4361 1325 4398; x_wconf 89' lang='lat' dir='ltr'><strong>non</strong></span> <span class='ocrx_word' id='word_1_387' title='bbox 1354 4352 1430 4397; x_wconf 79' lang='lat' dir='ltr'><strong>est</strong></span> <span class='ocrx_word' id='word_1_388' title='bbox 1454 4343 1522 4396; x_wconf 88' lang='lat' dir='ltr'><strong>ibi</strong></span> <span class='ocrx_word' id='word_1_389' title='bbox 1545 4342 1764 4412; x_wconf 69' lang='lat' dir='ltr'><strong>quaestio</strong></span> <span class='ocrx_word' id='word_1_390' title='bbox 1789 4382 1803 4404; x_wconf 90' lang='lat'><strong>,</strong></span> 
     </span>
    </p>
   </div>
   <div class='ocr_carea' id='block_1_49' title="bbox 230 4431 1805 4511">
    <p class='ocr_par' dir='ltr' id='par_1_49' title="bbox 230 4431 1805 4511">
     <span class='ocr_line' id='line_1_49' title="bbox 230 4431 1805 4511; baseline -0.006 -17"><span class='ocrx_word' id='word_1_391' title='bbox 230 4442 426 4511; x_wconf 84' lang='lat' dir='ltr'><strong>quibus</strong></span> <span class='ocrx_word' id='word_1_392' title='bbox 470 4438 651 4493; x_wconf 87' lang='lat' dir='ltr'><strong>verbis</strong></span> <span class='ocrx_word' id='word_1_393' title='bbox 691 4437 896 4492; x_wconf 87' lang='lat' dir='ltr'><strong>dicatur</strong></span> <span class='ocrx_word' id='word_1_394' title='bbox 938 4450 1282 4507; x_wconf 77' lang='lat' dir='ltr'><strong>qu;ecniiique</strong></span> <span class='ocrx_word' id='word_1_395' title='bbox 1319 4434 1600 4488; x_wconf 88' lang='lat' dir='ltr'><strong>sententia.</strong></span> <span class='ocrx_word' id='word_1_396' title='bbox 1640 4451 1660 4484; x_wconf 75' lang='grc' dir='ltr'><strong>ι</strong></span> <span class='ocrx_word' id='word_1_397' title='bbox 1694 4431 1805 4486; x_wconf 82' lang='lat' dir='ltr'><strong>Non</strong></span> 
     </span>
    </p>
   </div>
   <div class='ocr_carea' id='block_1_50' title="bbox 233 4523 1808 4593">
    <p class='ocr_par' dir='ltr' id='par_1_50' title="bbox 233 4523 1808 4593">
     <span class='ocr_line' id='line_1_50' title="bbox 233 4523 1808 4593; baseline -0.004 -11"><span class='ocrx_word' id='word_1_398' title='bbox 233 4541 407 4583; x_wconf 83' lang='lat' dir='ltr'><strong>tamen</strong></span> <span class='ocrx_word' id='word_1_399' title='bbox 438 4529 665 4581; x_wconf 76' lang='lat' dir='ltr'><strong>fortasse</strong></span> <span class='ocrx_word' id='word_1_400' title='bbox 693 4526 809 4582; x_wconf 89' lang='lat' dir='ltr'><strong>sine</strong></span> <span class='ocrx_word' id='word_1_401' title='bbox 836 4540 1016 4590; x_wconf 88' lang='lat' dir='ltr'><strong>causa,</strong></span> <span class='ocrx_word' id='word_1_402' title='bbox 1043 4541 1163 4581; x_wconf 89' lang='lat' dir='ltr'><strong>cum</strong></span> <span class='ocrx_word' id='word_1_403' title='bbox 1193 4524 1471 4593; x_wconf 86' lang='lat' dir='ltr'><strong>aliquoties</strong></span> <span class='ocrx_word' id='word_1_404' title='bbox 1500 4523 1548 4576; x_wconf 91' lang='lat' dir='ltr'><strong>iii</strong></span> <span class='ocrx_word' id='word_1_405' title='bbox 1574 4524 1808 4592; x_wconf 87' lang='lat' dir='ltr'><strong>Scriptu-</strong></span> 
     </span>
    </p>
   </div>
   <div class='ocr_carea' id='block_1_51' title="bbox 230 4615 1808 4684">
    <p class='ocr_par' dir='ltr' id='par_1_51' title="bbox 230 4615 1808 4684">
     <span class='ocr_line' id='line_1_51' title="bbox 230 4615 1808 4684; baseline -0.005 -9"><span class='ocrx_word' id='word_1_406' title='bbox 230 4621 306 4675; x_wconf 87' lang='lat' dir='ltr'><strong>ris</strong></span> <span class='ocrx_word' id='word_1_407' title='bbox 336 4621 641 4674; x_wconf 88' lang='lat' dir='ltr'><strong>inveniatur</strong></span> <span class='ocrx_word' id='word_1_408' title='bbox 668 4618 909 4672; x_wconf 89' lang='lat' dir='ltr'><strong>homines</strong></span> <span class='ocrx_word' id='word_1_409' title='bbox 934 4618 1101 4672; x_wconf 89' lang='lat' dir='ltr'><strong>dictos</strong></span> <span class='ocrx_word' id='word_1_410' title='bbox 1139 4630 1259 4671; x_wconf 89' lang='lat' dir='ltr'><strong>esse</strong></span> <span class='ocrx_word' id='word_1_411' title='bbox 1285 4615 1397 4670; x_wconf 90' lang='lat' dir='ltr'><strong>sine</strong></span> <span class='ocrx_word' id='word_1_412' title='bbox 1424 4615 1633 4684; x_wconf 87' lang='lat' dir='ltr'><strong>querela</strong></span> <span class='ocrx_word' id='word_1_413' title='bbox 1657 4655 1670 4680; x_wconf 96' lang='lat'><strong>,</strong></span> <span class='ocrx_word' id='word_1_414' title='bbox 1705 4630 1808 4667; x_wconf 86' lang='lat' dir='ltr'><strong>non</strong></span> 
     </span>
    </p>
   </div>
   <div class='ocr_carea' id='block_1_52' title="bbox 233 4706 1809 4779">
    <p class='ocr_par' dir='ltr' id='par_1_52' title="bbox 233 4706 1809 4779">
     <span class='ocr_line' id='line_1_52' title="bbox 233 4706 1809 4779; baseline -0.004 -15"><span class='ocrx_word' id='word_1_415' title='bbox 233 4714 504 4766; x_wconf 75' lang='lat' dir='ltr'><strong>invenitur</strong></span> <span class='ocrx_word' id='word_1_416' title='bbox 531 4710 617 4778; x_wconf 90' lang='lat' dir='ltr'><strong>qui</strong></span> <span class='ocrx_word' id='word_1_417' title='bbox 645 4710 712 4763; x_wconf 89' lang='lat' dir='ltr'><strong>sit</strong></span> <span class='ocrx_word' id='word_1_418' title='bbox 739 4708 908 4763; x_wconf 86' lang='lat' dir='ltr'><strong>dictus</strong></span> <span class='ocrx_word' id='word_1_419' title='bbox 935 4709 1049 4762; x_wconf 88' lang='lat' dir='ltr'><strong>sine</strong></span> <span class='ocrx_word' id='word_1_420' title='bbox 1086 4716 1301 4779; x_wconf 86' lang='lat' dir='ltr'><strong>peccato</strong></span> <span class='ocrx_word' id='word_1_421' title='bbox 1322 4747 1336 4767; x_wconf 89' lang='lat'><strong>,</strong></span> <span class='ocrx_word' id='word_1_422' title='bbox 1367 4706 1463 4761; x_wconf 88' lang='lat' dir='ltr'><strong>nisi</strong></span> <span class='ocrx_word' id='word_1_423' title='bbox 1501 4721 1636 4759; x_wconf 88' lang='lat' dir='ltr'><strong>unus</strong></span> <span class='ocrx_word' id='word_1_424' title='bbox 1663 4706 1809 4759; x_wconf 83' lang='lat' dir='ltr'><strong>soliis</strong></span> 
     </span>
    </p>
   </div>
   <div class='ocr_carea' id='block_1_53' title="bbox 229 4795 1809 4870">
    <p class='ocr_par' dir='ltr' id='par_1_53' title="bbox 229 4795 1809 4870">
     <span class='ocr_line' id='line_1_53' title="bbox 229 4795 1809 4870; baseline -0.007 -14"><span class='ocrx_word' id='word_1_425' title='bbox 229 4801 298 4856; x_wconf 89' lang='lat' dir='ltr'><strong>dc</strong></span> <span class='ocrx_word' id='word_1_426' title='bbox 327 4816 432 4870; x_wconf 85' lang='lat' dir='ltr'><strong>quo</strong></span> <span class='ocrx_word' id='word_1_427' title='bbox 472 4808 658 4868; x_wconf 81' lang='lat' dir='ltr'><strong>aperte</strong></span> <span class='ocrx_word' id='word_1_428' title='bbox 686 4799 882 4853; x_wconf 80' lang='lat' dir='ltr'><strong>dictum</strong></span> <span class='ocrx_word' id='word_1_429' title='bbox 912 4806 991 4851; x_wconf 83' lang='lat' dir='ltr'><strong>est</strong></span> <span class='ocrx_word' id='word_1_430' title='bbox 1014 4837 1027 4861; x_wconf 90' lang='lat'><strong>,</strong></span> <span class='ocrx_word' id='word_1_431' title='bbox 1060 4795 1187 4849; x_wconf 64' lang='lat' dir='ltr'><strong>lium</strong></span> <span class='ocrx_word' id='word_1_432' title='bbox 1219 4796 1304 4864; x_wconf 88' lang='lat' dir='ltr'><strong>qui</strong></span> <span class='ocrx_word' id='word_1_433' title='bbox 1334 4811 1430 4848; x_wconf 87' lang='lat' dir='ltr'><strong>non</strong></span> <span class='ocrx_word' id='word_1_434' title='bbox 1458 4805 1656 4848; x_wconf 74' lang='lat' dir='ltr'><strong>noverat</strong></span> <span class='ocrx_word' id='word_1_435' title='bbox 1693 4810 1809 4862; x_wconf 81' lang='lat' dir='ltr'><strong>pec-</strong></span> 
     </span>
    </p>
   </div>
   <div class='ocr_carea' id='block_1_54' title="bbox 230 4883 1808 4957">
    <p class='ocr_par' dir='ltr' id='par_1_54' title="bbox 230 4883 1808 4957">
     <span class='ocr_line' id='line_1_54' title="bbox 230 4883 1808 4957; baseline -0.006 -11"><span class='ocrx_word' id='word_1_436' title='bbox 230 4905 398 4946; x_wconf 73' lang='lat' dir='ltr'><strong>catum</strong></span> <span class='ocrx_word' id='word_1_437' title='bbox 431 4890 495 4955; x_wconf 92' lang='lat' dir='ltr'><strong>(Il</strong></span> <span class='ocrx_word' id='word_1_438' title='bbox 526 4890 643 4944; x_wconf 77' lang='lat' dir='ltr'><strong>Cor.</strong></span> <span class='ocrx_word' id='word_1_439' title='bbox 664 4905 714 4954; x_wconf 87' lang='lat' dir='ltr'><strong>v,</strong></span> <span class='ocrx_word' id='word_1_440' title='bbox 735 4888 848 4957; x_wconf 76' lang='lat'><strong>2|).</strong></span> <span class='ocrx_word' id='word_1_441' title='bbox 883 4888 945 4942; x_wconf 79' lang='lat' dir='ltr'><strong>Et</strong></span> <span class='ocrx_word' id='word_1_442' title='bbox 966 4902 1029 4942; x_wconf 92' lang='lat' dir='ltr'><strong>eo</strong></span> <span class='ocrx_word' id='word_1_443' title='bbox 1053 4887 1167 4940; x_wconf 87' lang='lat' dir='ltr'><strong>loco</strong></span> <span class='ocrx_word' id='word_1_444' title='bbox 1196 4886 1280 4940; x_wconf 90' lang='lat' dir='ltr'><strong>ubi</strong></span> <span class='ocrx_word' id='word_1_445' title='bbox 1309 4885 1374 4939; x_wconf 87' lang='lat' dir='ltr'><strong>de</strong></span> <span class='ocrx_word' id='word_1_446' title='bbox 1405 4884 1764 4939; x_wconf 86' lang='lat' dir='ltr'><strong>sacerdotibus</strong></span> <span class='ocrx_word' id='word_1_447' title='bbox 1789 4883 1808 4914; x_wconf 85' lang='grc'>³</span> 
     </span>
    </p>
   </div>
   <div class='ocr_carea' id='block_1_55' title="bbox 229 4975 1809 5053">
    <p class='ocr_par' dir='ltr' id='par_1_55' title="bbox 229 4975 1809 5053">
     <span class='ocr_line' id='line_1_55' title="bbox 229 4975 1809 5053; baseline -0.004 -18"><span class='ocrx_word' id='word_1_448' title='bbox 229 4982 523 5053; x_wconf 75' lang='lat' dir='ltr'><strong>agebatur,</strong></span> <span class='ocrx_word' id='word_1_449' title='bbox 577 4978 771 5032; x_wconf 70' lang='lat' dir='ltr'><strong>Etenim</strong></span> <span class='ocrx_word' id='word_1_450' title='bbox 829 4989 1059 5048; x_wconf 67' lang='lat' dir='ltr'><strong>expertus</strong></span> <span class='ocrx_word' id='word_1_451' title='bbox 1105 4985 1174 5030; x_wconf 82' lang='lat' dir='ltr'><strong>est</strong></span> <span class='ocrx_word' id='word_1_452' title='bbox 1201 4976 1400 5039; x_wconf 88' lang='lat' dir='ltr'><strong>omnia,</strong></span> <span class='ocrx_word' id='word_1_453' title='bbox 1432 4975 1700 5028; x_wconf 85' lang='lat' dir='ltr'><strong>secundum</strong></span> <span class='ocrx_word' id='word_1_454' title='bbox 1739 4976 1809 5028; x_wconf 82' lang='lat' dir='ltr'><strong>si-</strong></span> 
     </span>
    </p>
   </div>
   <div class='ocr_carea' id='block_1_56' title="bbox 231 5068 1812 5141">
    <p class='ocr_par' dir='ltr' id='par_1_56' title="bbox 231 5068 1812 5141">
     <span class='ocr_line' id='line_1_56' title="bbox 231 5068 1812 5141; baseline -0.003 -16"><span class='ocrx_word' id='word_1_455' title='bbox 231 5073 570 5125; x_wconf 82' lang='lat' dir='ltr'><strong>militudinem</strong></span> <span class='ocrx_word' id='word_1_456' title='bbox 596 5071 781 5137; x_wconf 86' lang='lat' dir='ltr'><strong>absque</strong></span> <span class='ocrx_word' id='word_1_457' title='bbox 808 5081 1008 5140; x_wconf 78' lang='lat' dir='ltr'><strong>peccato</strong></span> <span class='ocrx_word' id='word_1_458' title='bbox 1038 5069 1218 5141; x_wconf 83' lang='lat' dir='ltr'><strong>(Hebr.</strong></span> <span class='ocrx_word' id='word_1_459' title='bbox 1247 5084 1318 5134; x_wconf 82' lang='lat' dir='ltr'><strong>iv,</strong></span> <span class='ocrx_word' id='word_1_460' title='bbox 1346 5069 1434 5139; x_wconf 76' lang='grc'><strong>15)</strong></span> <span class='ocrx_word' id='word_1_461' title='bbox 1468 5087 1480 5122; x_wconf 90' lang='lat'><strong>:</strong></span> <span class='ocrx_word' id='word_1_462' title='bbox 1514 5068 1565 5123; x_wconf 89' lang='lat' dir='ltr'><strong>in</strong></span> <span class='ocrx_word' id='word_1_463' title='bbox 1595 5068 1682 5123; x_wconf 87' lang='lat' dir='ltr'><strong>illa</strong></span> <span class='ocrx_word' id='word_1_464' title='bbox 1708 5069 1812 5123; x_wconf 91' lang='lat' dir='ltr'><strong>sci-</strong></span> 
     </span>
    </p>
   </div>
   <div class='ocr_carea' id='block_1_57' title="bbox 230 5160 1807 5233">
    <p class='ocr_par' dir='ltr' id='par_1_57' title="bbox 230 5160 1807 5233">
     <span class='ocr_line' id='line_1_57' title="bbox 230 5160 1807 5233; baseline -0.003 -16"><span class='ocrx_word' id='word_1_465' title='bbox 230 5167 359 5219; x_wconf 75' lang='lat' dir='ltr'><strong>licet</strong></span> <span class='ocrx_word' id='word_1_466' title='bbox 378 5179 561 5225; x_wconf 88' lang='lat' dir='ltr'><strong>carne,</strong></span> <span class='ocrx_word' id='word_1_467' title='bbox 584 5178 701 5233; x_wconf 65' lang='lat' dir='ltr'><strong>qua)</strong></span> <span class='ocrx_word' id='word_1_468' title='bbox 724 5162 946 5218; x_wconf 86' lang='lat' dir='ltr'><strong>habebat</strong></span> <span class='ocrx_word' id='word_1_469' title='bbox 966 5162 1359 5216; x_wconf 86' lang='lat' dir='ltr'><strong>similitudinem</strong></span> <span class='ocrx_word' id='word_1_470' title='bbox 1385 5161 1559 5215; x_wconf 89' lang='lat' dir='ltr'><strong>carnis</strong></span> <span class='ocrx_word' id='word_1_471' title='bbox 1587 5160 1807 5230; x_wconf 77' lang='lat' dir='ltr'><strong>peccati.</strong></span> 
     </span>
    </p>
   </div>
   <div class='ocr_carea' id='block_1_58' title="bbox 228 5252 1810 5325">
    <p class='ocr_par' dir='ltr' id='par_1_58' title="bbox 228 5252 1810 5325">
     <span class='ocr_line' id='line_1_58' title="bbox 228 5252 1810 5325; baseline -0.001 -19"><span class='ocrx_word' id='word_1_472' title='bbox 228 5256 481 5325; x_wconf 78' lang='lat' dir='ltr'><strong>quamvis</strong></span> <span class='ocrx_word' id='word_1_473' title='bbox 518 5270 621 5308; x_wconf 87' lang='lat' dir='ltr'><strong>non</strong></span> <span class='ocrx_word' id='word_1_474' title='bbox 652 5263 791 5309; x_wconf 82' lang='lat' dir='ltr'><strong>esset</strong></span> <span class='ocrx_word' id='word_1_475' title='bbox 817 5269 941 5309; x_wconf 89' lang='lat' dir='ltr'><strong>caro</strong></span> <span class='ocrx_word' id='word_1_476' title='bbox 968 5255 1201 5325; x_wconf 85' lang='lat' dir='ltr'><strong>peccati;</strong></span> <span class='ocrx_word' id='word_1_477' title='bbox 1238 5270 1391 5323; x_wconf 90' lang='lat' dir='ltr'><strong>quam</strong></span> <span class='ocrx_word' id='word_1_478' title='bbox 1422 5262 1592 5307; x_wconf 90' lang='lat' dir='ltr'><strong>tamen</strong></span> <span class='ocrx_word' id='word_1_479' title='bbox 1620 5252 1810 5306; x_wconf 87' lang='lat' dir='ltr'><strong>simili-</strong></span> 
     </span>
    </p>
   </div>
   <div class='ocr_carea' id='block_1_59' title="bbox 233 5342 1811 5409">
    <p class='ocr_par' dir='ltr' id='par_1_59' title="bbox 233 5342 1811 5409">
     <span class='ocr_line' id='line_1_59' title="bbox 233 5342 1811 5409; baseline -0.003 -11"><span class='ocrx_word' id='word_1_480' title='bbox 233 5344 474 5398; x_wconf 86' lang='lat' dir='ltr'><strong>tudinem</strong></span> <span class='ocrx_word' id='word_1_481' title='bbox 506 5357 613 5397; x_wconf 89' lang='lat' dir='ltr'><strong>non</strong></span> <span class='ocrx_word' id='word_1_482' title='bbox 657 5342 908 5409; x_wconf 84' lang='lat' dir='ltr'><strong>haberet,</strong></span> <span class='ocrx_word' id='word_1_483' title='bbox 959 5343 1057 5397; x_wconf 89' lang='lat' dir='ltr'><strong>nisi</strong></span> <span class='ocrx_word' id='word_1_484' title='bbox 1087 5353 1275 5397; x_wconf 60' lang='lat' dir='ltr'><strong>caetera</strong></span> <span class='ocrx_word' id='word_1_485' title='bbox 1310 5343 1482 5396; x_wconf 89' lang='lat' dir='ltr'><strong>omnis</strong></span> <span class='ocrx_word' id='word_1_486' title='bbox 1519 5350 1659 5396; x_wconf 86' lang='lat' dir='ltr'><strong>esset</strong></span> <span class='ocrx_word' id='word_1_487' title='bbox 1688 5355 1811 5394; x_wconf 88' lang='lat' dir='ltr'><strong>caro</strong></span> 
     </span>
    </p>
   </div>
   <div class='ocr_carea' id='block_1_60' title="bbox 304 5475 1210 5539">
    <p class='ocr_par' dir='ltr' id='par_1_60' title="bbox 304 5475 1210 5539">
     <span class='ocr_line' id='line_1_60' title="bbox 304 5475 1210 5539; baseline -0.001 -15"><span class='ocrx_word' id='word_1_488' title='bbox 304 5479 317 5539; x_wconf 53' lang='grc' dir='ltr'><strong>ε</strong></span> <span class='ocrx_word' id='word_1_489' title='bbox 338 5476 711 5539; x_wconf 69' lang='lat' dir='ltr'><strong>Cygiranncosis</strong></span> <span class='ocrx_word' id='word_1_490' title='bbox 724 5483 824 5533; x_wconf 60' lang='lat'><strong>315.,</strong></span> <span class='ocrx_word' id='word_1_491' title='bbox 844 5475 892 5526; x_wconf 89' lang='lat' dir='ltr'><strong>in</strong></span> <span class='ocrx_word' id='word_1_492' title='bbox 908 5489 1013 5526; x_wconf 86' lang='lat' dir='ltr'><strong>eam</strong></span> <span class='ocrx_word' id='word_1_493' title='bbox 1046 5476 1210 5539; x_wconf 78' lang='lat' dir='ltr'><strong>fidem.</strong></span> 
     </span>
    </p>
   </div>
   <div class='ocr_carea' id='block_1_61' title="bbox 298 5534 1808 5604">
    <p class='ocr_par' dir='ltr' id='par_1_61' title="bbox 298 5534 1808 5604">
     <span class='ocr_line' id='line_1_61' title="bbox 298 5534 1808 5604; baseline -0.001 -20"><span class='ocrx_word' id='word_1_494' title='bbox 298 5538 322 5567; x_wconf 71' lang='grc' dir='ltr'><strong>ι</strong></span> <span class='ocrx_word' id='word_1_495' title='bbox 348 5534 551 5604; x_wconf 44' lang='grc' dir='ltr'><strong>Αἶῦηεις.</strong></span> <span class='ocrx_word' id='word_1_496' title='bbox 580 5543 631 5604; x_wconf 72' lang='lat' dir='ltr'><strong>et</strong></span> <span class='ocrx_word' id='word_1_497' title='bbox 651 5537 871 5604; x_wconf 85' lang='lat' dir='ltr'><strong>plerique</strong></span> <span class='ocrx_word' id='word_1_498' title='bbox 905 5534 1208 5604; x_wconf 58' lang='lat' dir='ltr'><strong>iiiaiiiiSCi&#39;qiti</strong></span> <span class='ocrx_word' id='word_1_499' title='bbox 1249 5537 1324 5585; x_wconf 86' lang='lat' dir='ltr'><strong>Iiie</strong></span> <span class='ocrx_word' id='word_1_500' title='bbox 1347 5544 1397 5586; x_wconf 86' lang='lat' dir='ltr'><strong>et</strong></span> <span class='ocrx_word' id='word_1_501' title='bbox 1437 5534 1576 5599; x_wconf 82' lang='lat' dir='ltr'><strong>paulo</strong></span> <span class='ocrx_word' id='word_1_502' title='bbox 1599 5536 1734 5593; x_wconf 79' lang='lat' dir='ltr'><strong>infra,</strong></span> <span class='ocrx_word' id='word_1_503' title='bbox 1763 5551 1808 5584; x_wconf 91' lang='lat' dir='ltr'><strong>ii.</strong></span> 
     </span>
    </p>
   </div>
   <div class='ocr_carea' id='block_1_62' title="bbox 230 5596 1313 5667">
    <p class='ocr_par' dir='ltr' id='par_1_62' title="bbox 230 5596 1313 5667">
     <span class='ocr_line' id='line_1_62' title="bbox 230 5596 1313 5667; baseline -0.003 -18"><span class='ocrx_word' id='word_1_504' title='bbox 230 5598 317 5667; x_wconf 55' lang='grc' dir='ltr'><strong>με</strong></span> <span class='ocrx_word' id='word_1_505' title='bbox 334 5598 463 5667; x_wconf 82' lang='lat' dir='ltr'><strong>quod</strong></span> <span class='ocrx_word' id='word_1_506' title='bbox 484 5596 771 5667; x_wconf 41' lang='lat' dir='ltr'><strong>eis_dic’itur.</strong></span> <span class='ocrx_word' id='word_1_507' title='bbox 792 5596 867 5648; x_wconf 69' lang='lat' dir='ltr'><strong>&#39;s‘ie</strong></span> <span class='ocrx_word' id='word_1_508' title='bbox 890 5602 1033 5667; x_wconf 73' lang='lat' dir='ltr'><strong>etiam</strong></span> <span class='ocrx_word' id='word_1_509' title='bbox 1058 5613 1106 5647; x_wconf 95' lang='lat' dir='ltr'><strong>ii.</strong></span> <span class='ocrx_word' id='word_1_510' title='bbox 1130 5596 1206 5647; x_wconf 62' lang='lat' dir='ltr'><strong>at.</strong></span> <span class='ocrx_word' id='word_1_511' title='bbox 1238 5659 1248 5667; x_wconf 87' lang='lat'>_</span> <span class='ocrx_word' id='word_1_512' title='bbox 1286 5658 1313 5667; x_wconf 22' lang='grc' dir='ltr'><strong>Α,</strong></span> 
     </span>
    </p>
   </div>
   <div class='ocr_carea' id='block_1_63' title="bbox 304 5657 1624 5717">
    <p class='ocr_par' dir='ltr' id='par_1_63' title="bbox 304 5657 1624 5717">
     <span class='ocr_line' id='line_1_63' title="bbox 304 5657 1624 5717; baseline -0.002 -8"><span class='ocrx_word' id='word_1_513' title='bbox 304 5664 321 5691; x_wconf 82' lang='grc'><strong><em>⁸</em></strong></span> <span class='ocrx_word' id='word_1_514' title='bbox 343 5666 529 5709; x_wconf 81' lang='lat' dir='ltr'><strong>Omnes</strong></span> <span class='ocrx_word' id='word_1_515' title='bbox 559 5657 668 5707; x_wconf 86' lang='lat' dir='ltr'><strong>fere</strong></span> <span class='ocrx_word' id='word_1_516' title='bbox 701 5665 803 5707; x_wconf 76' lang='lat' dir='ltr'><strong>MSS.</strong></span> <span class='ocrx_word' id='word_1_517' title='bbox 824 5695 837 5717; x_wconf 93' lang='lat'><strong>,</strong></span> <span class='ocrx_word' id='word_1_518' title='bbox 874 5660 955 5712; x_wconf 82' lang='lat' dir='ltr'><strong>ubi</strong></span> <span class='ocrx_word' id='word_1_519' title='bbox 987 5660 1047 5711; x_wconf 85' lang='lat' dir='ltr'><strong>de</strong></span> <span class='ocrx_word' id='word_1_520' title='bbox 1077 5658 1402 5712; x_wconf 75' lang='lat' dir='ltr'><strong>sacerdotibus</strong></span> <span class='ocrx_word' id='word_1_521' title='bbox 1433 5658 1624 5710; x_wconf 71' lang='lat' dir='ltr'><strong>strictis.</strong></span> 
     </span>
    </p>
   </div>
   <div class='ocr_carea' id='block_1_64' title="bbox 299 5718 840 5785">
    <p class='ocr_par' dir='ltr' id='par_1_64' title="bbox 299 5718 840 5785">
     <span class='ocr_line' id='line_1_64' title="bbox 299 5718 840 5785; baseline 0.007 -19"><span class='ocrx_word' id='word_1_522' title='bbox 299 5718 379 5782; x_wconf 68' lang='grc' dir='ltr'>(ιι)</span> <span class='ocrx_word' id='word_1_523' title='bbox 411 5725 574 5785; x_wconf 76' lang='lat' dir='ltr'><strong>Forte,</strong></span> <span class='ocrx_word' id='word_1_524' title='bbox 595 5718 840 5770; x_wconf 81' lang='lat' dir='ltr'><strong>discimus.</strong></span> 
     </span>
    </p>
   </div>
   <div class='ocr_carea' id='block_1_65' title="bbox 1903 637 3479 711">
    <p class='ocr_par' dir='ltr' id='par_1_65' title="bbox 1903 637 3479 711">
     <span class='ocr_line' id='line_1_65' title="bbox 1903 637 3479 711; baseline 0.003 -23"><span class='ocrx_word' id='word_1_525' title='bbox 1903 637 2020 702; x_wconf 87' lang='lat' dir='ltr'><strong>quia</strong></span> <span class='ocrx_word' id='word_1_526' title='bbox 2047 654 2208 691; x_wconf 87' lang='lat' dir='ltr'><strong>semen</strong></span> <span class='ocrx_word' id='word_1_527' title='bbox 2230 640 2338 708; x_wconf 84' lang='lat' dir='ltr'><strong>ejus</strong></span> <span class='ocrx_word' id='word_1_528' title='bbox 2362 639 2412 693; x_wconf 89' lang='lat' dir='ltr'><strong>in</strong></span> <span class='ocrx_word' id='word_1_529' title='bbox 2437 641 2545 704; x_wconf 79' lang='lat' dir='ltr'><strong>ipso</strong></span> <span class='ocrx_word' id='word_1_530' title='bbox 2573 650 2733 693; x_wconf 83' lang='lat' dir='ltr'><strong>manet</strong></span> <span class='ocrx_word' id='word_1_531' title='bbox 2758 640 2797 711; x_wconf 91' lang='lat' dir='ltr'><strong>(l</strong></span> <span class='ocrx_word' id='word_1_532' title='bbox 2827 638 2983 694; x_wconf 86' lang='lat' dir='ltr'><strong>Joan.</strong></span> <span class='ocrx_word' id='word_1_533' title='bbox 3012 645 3090 706; x_wconf 81' lang='grc' dir='ltr'>ιιι,</span> <span class='ocrx_word' id='word_1_534' title='bbox 3108 639 3198 708; x_wconf 85' lang='lat'><strong>9);</strong></span> <span class='ocrx_word' id='word_1_535' title='bbox 3221 656 3340 695; x_wconf 90' lang='lat' dir='ltr'><strong>cum</strong></span> <span class='ocrx_word' id='word_1_536' title='bbox 3366 641 3479 708; x_wconf 79' lang='lat' dir='ltr'><strong>ipse</strong></span> 
     </span>
    </p>
   </div>
   <div class='ocr_carea' id='block_1_66' title="bbox 1903 727 3479 800">
    <p class='ocr_par' dir='ltr' id='par_1_66' title="bbox 1903 727 3479 800">
     <span class='ocr_line' id='line_1_66' title="bbox 1903 727 3479 800; baseline 0.002 -19"><span class='ocrx_word' id='word_1_537' title='bbox 1903 729 2171 796; x_wconf 84' lang='lat' dir='ltr'><strong>apostolus</strong></span> <span class='ocrx_word' id='word_1_538' title='bbox 2191 727 2440 793; x_wconf 74' lang='lat' dir='ltr'><strong>Joannes,</strong></span> <span class='ocrx_word' id='word_1_539' title='bbox 2462 731 2610 800; x_wconf 82' lang='lat' dir='ltr'><strong>quasi</strong></span> <span class='ocrx_word' id='word_1_540' title='bbox 2640 745 2743 783; x_wconf 91' lang='lat' dir='ltr'><strong>non</strong></span> <span class='ocrx_word' id='word_1_541' title='bbox 2773 731 3015 785; x_wconf 89' lang='lat' dir='ltr'><strong>sitnatus</strong></span> <span class='ocrx_word' id='word_1_542' title='bbox 3037 747 3103 786; x_wconf 84' lang='lat' dir='ltr'><strong>ex</strong></span> <span class='ocrx_word' id='word_1_543' title='bbox 3129 732 3259 797; x_wconf 90' lang='lat' dir='ltr'><strong>Deo,</strong></span> <span class='ocrx_word' id='word_1_544' title='bbox 3290 741 3380 784; x_wconf 88' lang='lat' dir='ltr'><strong>aut</strong></span> <span class='ocrx_word' id='word_1_545' title='bbox 3400 748 3430 785; x_wconf 88' lang='lat' dir='ltr'><strong>e</strong></span> <span class='ocrx_word' id='word_1_546' title='bbox 3453 748 3479 784; x_wconf 86' lang='lat' dir='ltr'><strong>s</strong></span> 
     </span>
    </p>
   </div>
   <div class='ocr_carea' id='block_1_67' title="bbox 1905 822 3454 892">
    <p class='ocr_par' dir='ltr' id='par_1_67' title="bbox 1905 822 3454 892">
     <span class='ocr_line' id='line_1_67' title="bbox 1905 822 3454 892; baseline -0.002 -16"><span class='ocrx_word' id='word_1_547' title='bbox 1905 825 2209 892; x_wconf 86' lang='lat' dir='ltr'><strong>loqueretur</strong></span> <span class='ocrx_word' id='word_1_548' title='bbox 2227 824 2313 891; x_wconf 93' lang='lat' dir='ltr'><strong>qui</strong></span> <span class='ocrx_word' id='word_1_549' title='bbox 2339 822 2568 877; x_wconf 88' lang='lat' dir='ltr'><strong>nondum</strong></span> <span class='ocrx_word' id='word_1_550' title='bbox 2597 824 2702 877; x_wconf 88' lang='lat' dir='ltr'><strong>nati</strong></span> <span class='ocrx_word' id='word_1_551' title='bbox 2730 833 2909 877; x_wconf 87' lang='lat' dir='ltr'><strong>essent</strong></span> <span class='ocrx_word' id='word_1_552' title='bbox 2933 840 2997 879; x_wconf 80' lang='lat' dir='ltr'><strong>ex</strong></span> <span class='ocrx_word' id='word_1_553' title='bbox 3027 825 3155 882; x_wconf 86' lang='lat' dir='ltr'><strong>Deo.</strong></span> <span class='ocrx_word' id='word_1_554' title='bbox 3178 834 3362 890; x_wconf 88' lang='lat' dir='ltr'><strong>aperio</strong></span> <span class='ocrx_word' id='word_1_555' title='bbox 3388 838 3454 891; x_wconf 90' lang='lat' dir='ltr'><strong>po</strong></span> 
     </span>
    </p>
   </div>
   <div class='ocr_carea' id='block_1_68' title="bbox 1902 913 3480 983">
    <p class='ocr_par' dir='ltr' id='par_1_68' title="bbox 1902 913 3480 983">
     <span class='ocr_line' id='line_1_68' title="bbox 1902 913 3480 983; baseline -0.002 -15"><span class='ocrx_word' id='word_1_556' title='bbox 1902 914 2102 975; x_wconf 83' lang='lat' dir='ltr'><strong>suerit,</strong></span> <span class='ocrx_word' id='word_1_557' title='bbox 2135 913 2193 968; x_wconf 83' lang='lat' dir='ltr'><strong>Si</strong></span> <span class='ocrx_word' id='word_1_558' title='bbox 2227 914 2498 968; x_wconf 70' lang='lat' dir='ltr'><strong>dixerimus</strong></span> <span class='ocrx_word' id='word_1_559' title='bbox 2525 915 2641 981; x_wconf 88' lang='lat' dir='ltr'><strong>quia</strong></span> <span class='ocrx_word' id='word_1_560' title='bbox 2670 923 2925 983; x_wconf 86' lang='lat' dir='ltr'><strong>peccatum</strong></span> <span class='ocrx_word' id='word_1_561' title='bbox 2951 930 3050 966; x_wconf 90' lang='lat' dir='ltr'><strong>non</strong></span> <span class='ocrx_word' id='word_1_562' title='bbox 3076 913 3312 967; x_wconf 83' lang='lat' dir='ltr'><strong>habemus</strong></span> <span class='ocrx_word' id='word_1_563' title='bbox 3329 950 3349 980; x_wconf 87' lang='lat'><strong>,</strong></span> <span class='ocrx_word' id='word_1_564' title='bbox 3388 927 3480 965; x_wconf 87' lang='lat' dir='ltr'><strong>nos</strong></span> 
     </span>
    </p>
   </div>
   <div class='ocr_carea' id='block_1_69' title="bbox 1904 1003 3483 1073">
    <p class='ocr_par' dir='ltr' id='par_1_69' title="bbox 1904 1003 3483 1073">
     <span class='ocr_line' id='line_1_69' title="bbox 1904 1003 3483 1073; baseline 0.001 -17"><span class='ocrx_word' id='word_1_565' title='bbox 1904 1006 2038 1071; x_wconf 76' lang='lat' dir='ltr'><strong>ipsos</strong></span> <span class='ocrx_word' id='word_1_566' title='bbox 2066 1005 2350 1057; x_wconf 84' lang='lat' dir='ltr'><strong>scducinius</strong></span> <span class='ocrx_word' id='word_1_567' title='bbox 2369 1046 2381 1067; x_wconf 91' lang='lat'><strong>,</strong></span> <span class='ocrx_word' id='word_1_568' title='bbox 2414 1015 2463 1058; x_wconf 88' lang='lat' dir='ltr'><strong>et</strong></span> <span class='ocrx_word' id='word_1_569' title='bbox 2488 1005 2667 1058; x_wconf 79' lang='lat' dir='ltr'><strong>veritas</strong></span> <span class='ocrx_word' id='word_1_570' title='bbox 2690 1006 2741 1058; x_wconf 87' lang='lat' dir='ltr'><strong>in</strong></span> <span class='ocrx_word' id='word_1_571' title='bbox 2769 1005 2909 1058; x_wconf 88' lang='lat' dir='ltr'><strong>nobis</strong></span> <span class='ocrx_word' id='word_1_572' title='bbox 2934 1021 3033 1058; x_wconf 87' lang='lat' dir='ltr'><strong>non</strong></span> <span class='ocrx_word' id='word_1_573' title='bbox 3057 1015 3127 1058; x_wconf 88' lang='lat' dir='ltr'><strong>est</strong></span> <span class='ocrx_word' id='word_1_574' title='bbox 3153 1003 3266 1073; x_wconf 85' lang='lat' dir='ltr'><strong>(Id.</strong></span> <span class='ocrx_word' id='word_1_575' title='bbox 3297 1020 3346 1068; x_wconf 92' lang='lat' dir='ltr'><strong>i,</strong></span> <span class='ocrx_word' id='word_1_576' title='bbox 3382 1003 3439 1071; x_wconf 90' lang='lat'><strong>8)</strong></span> <span class='ocrx_word' id='word_1_577' title='bbox 3467 1018 3483 1066; x_wconf 83' lang='lat'><strong>;</strong></span> 
     </span>
    </p>
   </div>
   <div class='ocr_carea' id='block_1_70' title="bbox 1906 1093 3479 1162">
    <p class='ocr_par' dir='ltr' id='par_1_70' title="bbox 1906 1093 3479 1162">
     <span class='ocr_line' id='line_1_70' title="bbox 1906 1093 3479 1162; baseline 0 -16"><span class='ocrx_word' id='word_1_578' title='bbox 1906 1093 1956 1147; x_wconf 92' lang='lat' dir='ltr'><strong>iii</strong></span> <span class='ocrx_word' id='word_1_579' title='bbox 1987 1094 2133 1148; x_wconf 89' lang='lat' dir='ltr'><strong>libris</strong></span> <span class='ocrx_word' id='word_1_580' title='bbox 2162 1109 2293 1162; x_wconf 92' lang='lat' dir='ltr'><strong>quos</strong></span> <span class='ocrx_word' id='word_1_581' title='bbox 2319 1094 2384 1147; x_wconf 90' lang='lat' dir='ltr'><strong>de</strong></span> <span class='ocrx_word' id='word_1_582' title='bbox 2413 1094 2509 1149; x_wconf 91' lang='lat' dir='ltr'><strong>hac</strong></span> <span class='ocrx_word' id='word_1_583' title='bbox 2540 1110 2598 1150; x_wconf 90' lang='lat' dir='ltr'><strong>re</strong></span> <span class='ocrx_word' id='word_1_584' title='bbox 2624 1095 2689 1149; x_wconf 88' lang='lat' dir='ltr'><strong>ad</strong></span> <span class='ocrx_word' id='word_1_585' title='bbox 2722 1095 3081 1149; x_wconf 79' lang='lat' dir='ltr'><strong>Marcellinum</strong></span> <span class='ocrx_word' id='word_1_586' title='bbox 3109 1094 3318 1160; x_wconf 81' lang='lat' dir='ltr'><strong>scripsi,</strong></span> <span class='ocrx_word' id='word_1_587' title='bbox 3342 1094 3479 1146; x_wconf 87' lang='lat' dir='ltr'><strong>sicut</strong></span> 
     </span>
    </p>
   </div>
   <div class='ocr_carea' id='block_1_71' title="bbox 1905 1182 3476 1253">
    <p class='ocr_par' dir='ltr' id='par_1_71' title="bbox 1905 1182 3476 1253">
     <span class='ocr_line' id='line_1_71' title="bbox 1905 1182 3476 1253; baseline 0 -19"><span class='ocrx_word' id='word_1_588' title='bbox 1905 1185 2070 1253; x_wconf 74' lang='lat' dir='ltr'><strong>potui,</strong></span> <span class='ocrx_word' id='word_1_589' title='bbox 2092 1184 2353 1252; x_wconf 76' lang='lat' dir='ltr'><strong>explicare</strong></span> <span class='ocrx_word' id='word_1_590' title='bbox 2382 1186 2561 1240; x_wconf 85' lang='lat' dir='ltr'><strong>curavi</strong></span> <span class='ocrx_word' id='word_1_591' title='bbox 2590 1184 2692 1252; x_wconf 86' lang='lat' dir='ltr'><strong>(De</strong></span> <span class='ocrx_word' id='word_1_592' title='bbox 2719 1183 3044 1238; x_wconf 81' lang='lat' dir='ltr'><strong>Peccatorum</strong></span> <span class='ocrx_word' id='word_1_593' title='bbox 3072 1183 3289 1246; x_wconf 80' lang='lat' dir='ltr'><strong>Meritis,</strong></span> <span class='ocrx_word' id='word_1_594' title='bbox 3309 1182 3397 1237; x_wconf 82' lang='lat' dir='ltr'><strong>tib.</strong></span> <span class='ocrx_word' id='word_1_595' title='bbox 3419 1182 3476 1246; x_wconf 75' lang='lat'><strong>9.,</strong></span> 
     </span>
    </p>
   </div>
   <div class='ocr_carea' id='block_1_72' title="bbox 1904 1276 3478 1346">
    <p class='ocr_par' dir='ltr' id='par_1_72' title="bbox 1904 1276 3478 1346">
     <span class='ocr_line' id='line_1_72' title="bbox 1904 1276 3478 1346; baseline -0.002 -19"><span class='ocrx_word' id='word_1_596' title='bbox 1904 1293 1955 1327; x_wconf 91' lang='lat' dir='ltr'><strong>n.</strong></span> <span class='ocrx_word' id='word_1_597' title='bbox 1984 1276 2158 1342; x_wconf 70' lang='lat'><strong>8-10).</strong></span> <span class='ocrx_word' id='word_1_598' title='bbox 2194 1277 2257 1330; x_wconf 65' lang='lat' dir='ltr'><strong>Iit</strong></span> <span class='ocrx_word' id='word_1_599' title='bbox 2286 1276 2410 1330; x_wconf 91' lang='lat' dir='ltr'><strong>illud</strong></span> <span class='ocrx_word' id='word_1_600' title='bbox 2437 1276 2576 1346; x_wconf 93' lang='lat' dir='ltr'><strong>quod</strong></span> <span class='ocrx_word' id='word_1_601' title='bbox 2602 1277 2800 1330; x_wconf 89' lang='lat' dir='ltr'><strong>dictum</strong></span> <span class='ocrx_word' id='word_1_602' title='bbox 2826 1286 2926 1341; x_wconf 87' lang='lat' dir='ltr'><strong>est,</strong></span> <span class='ocrx_word' id='word_1_603' title='bbox 2948 1293 3048 1329; x_wconf 88' lang='lat' dir='ltr'><strong>non</strong></span> <span class='ocrx_word' id='word_1_604' title='bbox 3074 1284 3230 1345; x_wconf 81' lang='lat' dir='ltr'><strong>potest</strong></span> <span class='ocrx_word' id='word_1_605' title='bbox 3251 1289 3478 1343; x_wconf 85' lang='lat' dir='ltr'><strong>peccare,</strong></span> 
     </span>
    </p>
   </div>
   <div class='ocr_carea' id='block_1_73' title="bbox 1906 1364 3479 1433">
    <p class='ocr_par' dir='ltr' id='par_1_73' title="bbox 1906 1364 3479 1433">
     <span class='ocr_line' id='line_1_73' title="bbox 1906 1364 3479 1433; baseline -0.001 -15"><span class='ocrx_word' id='word_1_606' title='bbox 1906 1379 2001 1433; x_wconf 89' lang='lat' dir='ltr'><strong>pro</strong></span> <span class='ocrx_word' id='word_1_607' title='bbox 2020 1381 2082 1417; x_wconf 91' lang='lat' dir='ltr'><strong>co</strong></span> <span class='ocrx_word' id='word_1_608' title='bbox 2102 1364 2299 1420; x_wconf 86' lang='lat' dir='ltr'><strong>dictum</strong></span> <span class='ocrx_word' id='word_1_609' title='bbox 2321 1381 2458 1429; x_wconf 76' lang='lat' dir='ltr'><strong>esse,</strong></span> <span class='ocrx_word' id='word_1_610' title='bbox 2478 1381 2539 1419; x_wconf 90' lang='lat' dir='ltr'><strong>ac</strong></span> <span class='ocrx_word' id='word_1_611' title='bbox 2557 1366 2601 1420; x_wconf 92' lang='lat' dir='ltr'><strong>si</strong></span> <span class='ocrx_word' id='word_1_612' title='bbox 2622 1366 2905 1431; x_wconf 87' lang='lat' dir='ltr'><strong>diceretur,</strong></span> <span class='ocrx_word' id='word_1_613' title='bbox 2925 1365 3038 1419; x_wconf 80' lang='lat' dir='ltr'><strong>Non</strong></span> <span class='ocrx_word' id='word_1_614' title='bbox 3060 1365 3217 1419; x_wconf 86' lang='lat' dir='ltr'><strong>debet</strong></span> <span class='ocrx_word' id='word_1_615' title='bbox 3238 1376 3479 1431; x_wconf 83' lang='lat' dir='ltr'><strong>peccare;</strong></span> 
     </span>
    </p>
   </div>
   <div class='ocr_carea' id='block_1_74' title="bbox 1906 1455 3479 1525">
    <p class='ocr_par' dir='ltr' id='par_1_74' title="bbox 1906 1455 3479 1525">
     <span class='ocr_line' id='line_1_74' title="bbox 1906 1455 3479 1525; baseline 0.001 -18"><span class='ocrx_word' id='word_1_616' title='bbox 1906 1470 2011 1508; x_wconf 90' lang='lat' dir='ltr'><strong>non</strong></span> <span class='ocrx_word' id='word_1_617' title='bbox 2029 1455 2368 1525; x_wconf 85' lang='lat' dir='ltr'><strong>improbanda</strong></span> <span class='ocrx_word' id='word_1_618' title='bbox 2391 1458 2517 1510; x_wconf 87' lang='lat' dir='ltr'><strong>mihi</strong></span> <span class='ocrx_word' id='word_1_619' title='bbox 2538 1457 2740 1511; x_wconf 87' lang='lat' dir='ltr'><strong>videtur</strong></span> <span class='ocrx_word' id='word_1_620' title='bbox 2756 1457 2911 1523; x_wconf 85' lang='lat' dir='ltr'><strong>hujus</strong></span> <span class='ocrx_word' id='word_1_621' title='bbox 2931 1457 3173 1510; x_wconf 88' lang='lat' dir='ltr'><strong>assertio.</strong></span> <span class='ocrx_word' id='word_1_622' title='bbox 3194 1455 3321 1521; x_wconf 86' lang='lat' dir='ltr'><strong>Quis</strong></span> <span class='ocrx_word' id='word_1_623' title='bbox 3338 1455 3479 1509; x_wconf 87' lang='lat' dir='ltr'><strong>enim</strong></span> 
     </span>
    </p>
   </div>
   <div class='ocr_carea' id='block_1_75' title="bbox 1906 1544 3478 1616">
    <p class='ocr_par' dir='ltr' id='par_1_75' title="bbox 1906 1544 3478 1616">
     <span class='ocr_line' id='line_1_75' title="bbox 1906 1544 3478 1616; baseline 0 -17"><span class='ocrx_word' id='word_1_624' title='bbox 1906 1544 2123 1599; x_wconf 67' lang='lat' dir='ltr'><strong>insonus</strong></span> <span class='ocrx_word' id='word_1_625' title='bbox 2148 1544 2285 1605; x_wconf 81' lang='lat' dir='ltr'><strong>dicat</strong></span> <span class='ocrx_word' id='word_1_626' title='bbox 2309 1546 2505 1601; x_wconf 78' lang='lat' dir='ltr'><strong>debere</strong></span> <span class='ocrx_word' id='word_1_627' title='bbox 2534 1549 2766 1616; x_wconf 87' lang='lat' dir='ltr'><strong>peccari;</strong></span> <span class='ocrx_word' id='word_1_628' title='bbox 2792 1562 2912 1601; x_wconf 87' lang='lat' dir='ltr'><strong>cum</strong></span> <span class='ocrx_word' id='word_1_629' title='bbox 2944 1547 3063 1601; x_wconf 84' lang='lat' dir='ltr'><strong>ideo</strong></span> <span class='ocrx_word' id='word_1_630' title='bbox 3090 1547 3158 1600; x_wconf 91' lang='lat' dir='ltr'><strong>sit</strong></span> <span class='ocrx_word' id='word_1_631' title='bbox 3180 1556 3478 1614; x_wconf 85' lang='lat' dir='ltr'><strong>peccatum,</strong></span> 
     </span>
    </p>
   </div>
   <div class='ocr_carea' id='block_1_76' title="bbox 1905 1634 2506 1701">
    <p class='ocr_par' dir='ltr' id='par_1_76' title="bbox 1905 1634 2506 1701">
     <span class='ocr_line' id='line_1_76' title="bbox 1905 1634 2506 1701; baseline 0.005 -16"><span class='ocrx_word' id='word_1_632' title='bbox 1905 1634 2022 1701; x_wconf 86' lang='lat' dir='ltr'><strong>quia</strong></span> <span class='ocrx_word' id='word_1_633' title='bbox 2049 1649 2153 1687; x_wconf 88' lang='lat' dir='ltr'><strong>non</strong></span> <span class='ocrx_word' id='word_1_634' title='bbox 2176 1634 2330 1688; x_wconf 86' lang='lat' dir='ltr'><strong>debet</strong></span> <span class='ocrx_word' id='word_1_635' title='bbox 2354 1635 2506 1688; x_wconf 81' lang='lat' dir='ltr'><strong>fieri?</strong></span> 
     </span>
    </p>
   </div>
   <div class='ocr_carea' id='block_1_77' title="bbox 1975 1723 3485 1796">
    <p class='ocr_par' dir='ltr' id='par_1_77' title="bbox 1975 1723 3485 1796">
     <span class='ocr_line' id='line_1_77' title="bbox 1975 1723 3485 1796; baseline 0 -18"><span class='ocrx_word' id='word_1_636' title='bbox 1975 1723 2201 1778; x_wconf 75' lang='lat' dir='ltr'><strong>CAPUT</strong></span> <span class='ocrx_word' id='word_1_637' title='bbox 2229 1724 2341 1778; x_wconf 74' lang='lat' dir='ltr'><strong>XV.</strong></span> <span class='ocrx_word' id='word_1_638' title='bbox 2366 1755 2434 1766; x_wconf 86' lang='lat'><strong>-—</strong></span> <span class='ocrx_word' id='word_1_639' title='bbox 2458 1726 2541 1780; x_wconf 72' lang='lat'><strong>1&#39;6.</strong></span> <span class='ocrx_word' id='word_1_640' title='bbox 2572 1725 2856 1796; x_wconf 70' lang='lat' dir='ltr'><strong>Corrumpit</strong></span> <span class='ocrx_word' id='word_1_641' title='bbox 2886 1724 3126 1795; x_wconf 84' lang='lat' dir='ltr'><strong>Pelagius</strong></span> <span class='ocrx_word' id='word_1_642' title='bbox 3149 1726 3329 1778; x_wconf 83' lang='lat' dir='ltr'><strong>Jacobi</strong></span> <span class='ocrx_word' id='word_1_643' title='bbox 3357 1740 3485 1794; x_wconf 81' lang='lat' dir='ltr'><strong>apo-</strong></span> 
     </span>
    </p>
   </div>
   <div class='ocr_carea' id='block_1_78' title="bbox 1904 1814 3486 1886">
    <p class='ocr_par' dir='ltr' id='par_1_78' title="bbox 1904 1814 3486 1886">
     <span class='ocr_line' id='line_1_78' title="bbox 1904 1814 3486 1886; baseline -0.001 -18"><span class='ocrx_word' id='word_1_644' title='bbox 1904 1814 2021 1868; x_wconf 85' lang='lat' dir='ltr'><strong>stoli</strong></span> <span class='ocrx_word' id='word_1_645' title='bbox 2048 1815 2211 1868; x_wconf 86' lang='lat' dir='ltr'><strong>locum</strong></span> <span class='ocrx_word' id='word_1_646' title='bbox 2232 1815 2403 1869; x_wconf 84' lang='lat' dir='ltr'><strong>addita</strong></span> <span class='ocrx_word' id='word_1_647' title='bbox 2432 1817 2834 1886; x_wconf 84' lang='lat' dir='ltr'><strong>interrogationis</strong></span> <span class='ocrx_word' id='word_1_648' title='bbox 2858 1827 2996 1871; x_wconf 87' lang='lat' dir='ltr'><strong>nota.</strong></span> <span class='ocrx_word' id='word_1_649' title='bbox 3028 1817 3167 1871; x_wconf 87' lang='lat' dir='ltr'><strong>Sane</strong></span> <span class='ocrx_word' id='word_1_650' title='bbox 3189 1815 3329 1885; x_wconf 87' lang='lat' dir='ltr'><strong>quod</strong></span> <span class='ocrx_word' id='word_1_651' title='bbox 3358 1829 3486 1885; x_wconf 58' lang='lat' dir='ltr'><strong>apo.</strong></span> 
     </span>
    </p>
   </div>
   <div class='ocr_carea' id='block_1_79' title="bbox 1906 1904 3483 1977">
    <p class='ocr_par' dir='ltr' id='par_1_79' title="bbox 1906 1904 3483 1977">
     <span class='ocr_line' id='line_1_79' title="bbox 1906 1904 3483 1977; baseline -0.001 -19"><span class='ocrx_word' id='word_1_652' title='bbox 1906 1906 2073 1958; x_wconf 87' lang='lat' dir='ltr'><strong>stolus</strong></span> <span class='ocrx_word' id='word_1_653' title='bbox 2112 1904 2341 1960; x_wconf 63' lang='lat' dir='ltr'><strong>Iacobus</strong></span> <span class='ocrx_word' id='word_1_654' title='bbox 2382 1907 2486 1972; x_wconf 89' lang='lat' dir='ltr'><strong>ait,</strong></span> <span class='ocrx_word' id='word_1_655' title='bbox 2520 1906 2771 1977; x_wconf 86' lang='lat' dir='ltr'><strong>Linguam</strong></span> <span class='ocrx_word' id='word_1_656' title='bbox 2816 1918 2982 1960; x_wconf 85' lang='lat' dir='ltr'><strong>autem</strong></span> <span class='ocrx_word' id='word_1_657' title='bbox 3011 1907 3181 1961; x_wconf 84' lang='lat' dir='ltr'><strong>nullus</strong></span> <span class='ocrx_word' id='word_1_658' title='bbox 3226 1907 3483 1959; x_wconf 82' lang='lat' dir='ltr'><strong>hominum</strong></span> 
     </span>
    </p>
   </div>
   <div class='ocr_carea' id='block_1_80' title="bbox 1905 1995 3485 2066">
    <p class='ocr_par' dir='ltr' id='par_1_80' title="bbox 1905 1995 3485 2066">
     <span class='ocr_line' id='line_1_80' title="bbox 1905 1995 3485 2066; baseline 0 -18"><span class='ocrx_word' id='word_1_659' title='bbox 1905 1995 2111 2049; x_wconf 85' lang='lat' dir='ltr'><strong>domare</strong></span> <span class='ocrx_word' id='word_1_660' title='bbox 2135 2005 2329 2064; x_wconf 79' lang='lat' dir='ltr'><strong>potest;</strong></span> <span class='ocrx_word' id='word_1_661' title='bbox 2360 2012 2465 2050; x_wconf 89' lang='lat' dir='ltr'><strong>non</strong></span> <span class='ocrx_word' id='word_1_662' title='bbox 2491 1997 2618 2050; x_wconf 92' lang='lat' dir='ltr'><strong>mihi</strong></span> <span class='ocrx_word' id='word_1_663' title='bbox 2648 1997 2855 2052; x_wconf 84' lang='lat' dir='ltr'><strong>videtur</strong></span> <span class='ocrx_word' id='word_1_664' title='bbox 2878 1999 2946 2051; x_wconf 87' lang='lat' dir='ltr'><strong>ita</strong></span> <span class='ocrx_word' id='word_1_665' title='bbox 2973 1996 3391 2066; x_wconf 82' lang='lat' dir='ltr'><strong>intelligendum,</strong></span> <span class='ocrx_word' id='word_1_666' title='bbox 3426 2004 3485 2048; x_wconf 91' lang='lat' dir='ltr'><strong>ut</strong></span> 
     </span>
    </p>
   </div>
   <div class='ocr_carea' id='block_1_81' title="bbox 1907 2084 3480 2156">
    <p class='ocr_par' dir='ltr' id='par_1_81' title="bbox 1907 2084 3480 2156">
     <span class='ocr_line' id='line_1_81' title="bbox 1907 2084 3480 2156; baseline -0.003 -16"><span class='ocrx_word' id='word_1_667' title='bbox 1907 2099 2175 2152; x_wconf 74' lang='lat' dir='ltr'><strong>exponere</strong></span> <span class='ocrx_word' id='word_1_668' title='bbox 2196 2084 2379 2147; x_wconf 83' lang='lat' dir='ltr'><strong>voluit,</strong></span> <span class='ocrx_word' id='word_1_669' title='bbox 2418 2104 2437 2136; x_wconf 78' lang='grc' dir='ltr'><strong>ι</strong></span> <span class='ocrx_word' id='word_1_670' title='bbox 2474 2085 2623 2154; x_wconf 81' lang='lat' dir='ltr'><strong>quasi</strong></span> <span class='ocrx_word' id='word_1_671' title='bbox 2650 2101 2745 2156; x_wconf 89' lang='lat' dir='ltr'><strong>per</strong></span> <span class='ocrx_word' id='word_1_672' title='bbox 2772 2086 3230 2153; x_wconf 85' lang='lat' dir='ltr'><strong>exprobrationem</strong></span> <span class='ocrx_word' id='word_1_673' title='bbox 3259 2085 3480 2149; x_wconf 88' lang='lat' dir='ltr'><strong>dictum,</strong></span> 
     </span>
    </p>
   </div>
   <div class='ocr_carea' id='block_1_82' title="bbox 1908 2173 3477 2243">
    <p class='ocr_par' dir='ltr' id='par_1_82' title="bbox 1908 2173 3477 2243">
     <span class='ocr_line' id='line_1_82' title="bbox 1908 2173 3477 2243; baseline -0.001 -17"><span class='ocrx_word' id='word_1_674' title='bbox 1908 2180 2154 2242; x_wconf 88' lang='lat' dir='ltr'><strong>tauquam</strong></span> <span class='ocrx_word' id='word_1_675' title='bbox 2181 2173 2474 2239; x_wconf 88' lang='lat' dir='ltr'><strong>diceretur,</strong></span> <span class='ocrx_word' id='word_1_676' title='bbox 2506 2174 2715 2243; x_wconf 86' lang='lat' dir='ltr'><strong>Ergone</strong></span> <span class='ocrx_word' id='word_1_677' title='bbox 2743 2175 2971 2243; x_wconf 87' lang='lat' dir='ltr'><strong>linguam</strong></span> <span class='ocrx_word' id='word_1_678' title='bbox 3005 2173 3179 2228; x_wconf 90' lang='lat' dir='ltr'><strong>nullus</strong></span> <span class='ocrx_word' id='word_1_679' title='bbox 3208 2174 3477 2227; x_wconf 78' lang='lat' dir='ltr'><strong>hominum</strong></span> 
     </span>
    </p>
   </div>
   <div class='ocr_carea' id='block_1_83' title="bbox 1907 2262 3484 2332">
    <p class='ocr_par' dir='ltr' id='par_1_83' title="bbox 1907 2262 3484 2332">
     <span class='ocr_line' id='line_1_83' title="bbox 1907 2262 3484 2332; baseline -0.001 -16"><span class='ocrx_word' id='word_1_680' title='bbox 1907 2263 2123 2316; x_wconf 88' lang='lat' dir='ltr'><strong>domare</strong></span> <span class='ocrx_word' id='word_1_681' title='bbox 2152 2263 2357 2331; x_wconf 85' lang='lat' dir='ltr'><strong>potest?</strong></span> <span class='ocrx_word' id='word_1_682' title='bbox 2381 2274 2624 2332; x_wconf 86' lang='lat' dir='ltr'><strong>tauquam</strong></span> <span class='ocrx_word' id='word_1_683' title='bbox 2650 2262 2935 2332; x_wconf 85' lang='lat' dir='ltr'><strong>objurgaiis</strong></span> <span class='ocrx_word' id='word_1_684' title='bbox 2958 2272 3011 2316; x_wconf 87' lang='lat' dir='ltr'><strong>et</strong></span> <span class='ocrx_word' id='word_1_685' title='bbox 3033 2262 3237 2327; x_wconf 89' lang='lat' dir='ltr'><strong>dicens,</strong></span> <span class='ocrx_word' id='word_1_686' title='bbox 3260 2262 3484 2315; x_wconf 85' lang='lat' dir='ltr'><strong>Domare</strong></span> 
     </span>
    </p>
   </div>
   <div class='ocr_carea' id='block_1_84' title="bbox 1910 2351 3488 2424">
    <p class='ocr_par' dir='ltr' id='par_1_84' title="bbox 1910 2351 3488 2424">
     <span class='ocr_line' id='line_1_84' title="bbox 1910 2351 3488 2424; baseline 0 -18"><span class='ocrx_word' id='word_1_687' title='bbox 1910 2351 2049 2408; x_wconf 78' lang='lat' dir='ltr'><strong>feras</strong></span> <span class='ocrx_word' id='word_1_688' title='bbox 2077 2354 2294 2422; x_wconf 72' lang='lat' dir='ltr'><strong>[IOI&#39;CSIIS</strong></span> <span class='ocrx_word' id='word_1_689' title='bbox 2314 2394 2329 2416; x_wconf 91' lang='lat'><strong>,</strong></span> <span class='ocrx_word' id='word_1_690' title='bbox 2357 2354 2583 2422; x_wconf 86' lang='lat' dir='ltr'><strong>linguam</strong></span> <span class='ocrx_word' id='word_1_691' title='bbox 2611 2370 2715 2407; x_wconf 91' lang='lat' dir='ltr'><strong>non</strong></span> <span class='ocrx_word' id='word_1_692' title='bbox 2742 2353 2998 2423; x_wconf 75' lang='lat' dir='ltr'><strong>potestis?</strong></span> <span class='ocrx_word' id='word_1_693' title='bbox 3019 2354 3167 2424; x_wconf 87' lang='lat' dir='ltr'><strong>quasi</strong></span> <span class='ocrx_word' id='word_1_694' title='bbox 3193 2352 3396 2407; x_wconf 88' lang='lat' dir='ltr'><strong>facilius</strong></span> <span class='ocrx_word' id='word_1_695' title='bbox 3417 2355 3488 2407; x_wconf 90' lang='lat' dir='ltr'><strong>sit</strong></span> 
     </span>
    </p>
   </div>
   <div class='ocr_carea' id='block_1_85' title="bbox 1909 2444 3486 2516">
    <p class='ocr_par' dir='ltr' id='par_1_85' title="bbox 1909 2444 3486 2516">
     <span class='ocr_line' id='line_1_85' title="bbox 1909 2444 3486 2516; baseline -0.003 -16"><span class='ocrx_word' id='word_1_696' title='bbox 1909 2446 2137 2516; x_wconf 88' lang='lat' dir='ltr'><strong>linguam</strong></span> <span class='ocrx_word' id='word_1_697' title='bbox 2163 2445 2573 2513; x_wconf 87' lang='lat' dir='ltr'><strong>domare,quam</strong></span> <span class='ocrx_word' id='word_1_698' title='bbox 2600 2445 2756 2501; x_wconf 86' lang='lat' dir='ltr'><strong>feras.</strong></span> <span class='ocrx_word' id='word_1_699' title='bbox 2790 2466 2807 2497; x_wconf 75' lang='grc' dir='ltr'><strong>ι</strong></span> <span class='ocrx_word' id='word_1_700' title='bbox 2837 2445 2952 2500; x_wconf 82' lang='lat' dir='ltr'><strong>Non</strong></span> <span class='ocrx_word' id='word_1_701' title='bbox 2978 2456 3104 2515; x_wconf 92' lang='lat' dir='ltr'><strong>puto</strong></span> <span class='ocrx_word' id='word_1_702' title='bbox 3131 2445 3269 2514; x_wconf 89' lang='lat' dir='ltr'><strong>quod</strong></span> <span class='ocrx_word' id='word_1_703' title='bbox 3297 2444 3397 2498; x_wconf 88' lang='lat' dir='ltr'><strong>iste</strong></span> <span class='ocrx_word' id='word_1_704' title='bbox 3416 2446 3486 2497; x_wconf 81' lang='lat' dir='ltr'><strong>sit</strong></span> 
     </span>
    </p>
   </div>
   <div class='ocr_carea' id='block_1_86' title="bbox 1908 2535 3486 2593">
    <p class='ocr_par' dir='ltr' id='par_1_86' title="bbox 1908 2535 3486 2593">
     <span class='ocr_line' id='line_1_86' title="bbox 1908 2535 3486 2593; baseline -0.001 -2"><span class='ocrx_word' id='word_1_705' title='bbox 1908 2550 2096 2591; x_wconf 88' lang='lat' dir='ltr'><strong>sensus</strong></span> <span class='ocrx_word' id='word_1_706' title='bbox 2120 2536 2217 2591; x_wconf 92' lang='lat' dir='ltr'><strong>hoc</strong></span> <span class='ocrx_word' id='word_1_707' title='bbox 2242 2537 2377 2590; x_wconf 91' lang='lat' dir='ltr'><strong>loco.</strong></span> <span class='ocrx_word' id='word_1_708' title='bbox 2400 2535 2455 2592; x_wconf 90' lang='lat' dir='ltr'><strong>Si</strong></span> <span class='ocrx_word' id='word_1_709' title='bbox 2476 2537 2615 2591; x_wconf 87' lang='lat' dir='ltr'><strong>enim</strong></span> <span class='ocrx_word' id='word_1_710' title='bbox 2643 2539 2742 2593; x_wconf 90' lang='lat' dir='ltr'><strong>hoc</strong></span> <span class='ocrx_word' id='word_1_711' title='bbox 2761 2538 2944 2592; x_wconf 84' lang='lat' dir='ltr'><strong>sentiri</strong></span> <span class='ocrx_word' id='word_1_712' title='bbox 2966 2538 3124 2593; x_wconf 82' lang='lat' dir='ltr'><strong>vellet</strong></span> <span class='ocrx_word' id='word_1_713' title='bbox 3145 2538 3210 2591; x_wconf 89' lang='lat' dir='ltr'><strong>de</strong></span> <span class='ocrx_word' id='word_1_714' title='bbox 3239 2537 3486 2590; x_wconf 78' lang='lat' dir='ltr'><strong>facilitate</strong></span> 
     </span>
    </p>
   </div>
   <div class='ocr_carea' id='block_1_87' title="bbox 1908 2626 3483 2698">
    <p class='ocr_par' dir='ltr' id='par_1_87' title="bbox 1908 2626 3483 2698">
     <span class='ocr_line' id='line_1_87' title="bbox 1908 2626 3483 2698; baseline 0.002 -19"><span class='ocrx_word' id='word_1_715' title='bbox 1908 2626 2186 2681; x_wconf 69' lang='lat' dir='ltr'><strong>domanda:</strong></span> <span class='ocrx_word' id='word_1_716' title='bbox 2229 2628 2455 2695; x_wconf 68' lang='lat' dir='ltr'><strong>linguae,</strong></span> <span class='ocrx_word' id='word_1_717' title='bbox 2503 2638 2692 2682; x_wconf 69' lang='lat' dir='ltr'><strong>cmtera</strong></span> <span class='ocrx_word' id='word_1_718' title='bbox 2724 2640 3068 2698; x_wconf 84' lang='lat' dir='ltr'><strong>sequerentur</strong></span> <span class='ocrx_word' id='word_1_719' title='bbox 3116 2630 3165 2683; x_wconf 93' lang='lat' dir='ltr'><strong>in</strong></span> <span class='ocrx_word' id='word_1_720' title='bbox 3199 2629 3483 2683; x_wconf 86' lang='lat' dir='ltr'><strong>bestiarum</strong></span> 
     </span>
    </p>
   </div>
   <div class='ocr_carea' id='block_1_88' title="bbox 1909 2719 3479 2790">
    <p class='ocr_par' dir='ltr' id='par_1_88' title="bbox 1909 2719 3479 2790">
     <span class='ocr_line' id='line_1_88' title="bbox 1909 2719 3479 2790; baseline 0.002 -19"><span class='ocrx_word' id='word_1_721' title='bbox 1909 2719 2302 2786; x_wconf 88' lang='lat' dir='ltr'><strong>comparatione</strong></span> <span class='ocrx_word' id='word_1_722' title='bbox 2326 2735 2339 2770; x_wconf 89' lang='lat'>:</span> <span class='ocrx_word' id='word_1_723' title='bbox 2366 2734 2504 2774; x_wconf 89' lang='lat' dir='ltr'><strong>nunc</strong></span> <span class='ocrx_word' id='word_1_724' title='bbox 2528 2735 2654 2774; x_wconf 90' lang='lat' dir='ltr'><strong>vero</strong></span> <span class='ocrx_word' id='word_1_725' title='bbox 2679 2722 2936 2789; x_wconf 87' lang='lat' dir='ltr'><strong>sequitur,</strong></span> <span class='ocrx_word' id='word_1_726' title='bbox 2958 2721 3243 2790; x_wconf 86' lang='lat' dir='ltr'><strong>lnquietum</strong></span> <span class='ocrx_word' id='word_1_727' title='bbox 3270 2724 3479 2787; x_wconf 85' lang='lat' dir='ltr'><strong>malum,</strong></span> 
     </span>
    </p>
   </div>
   <div class='ocr_carea' id='block_1_89' title="bbox 1911 2809 3483 2881">
    <p class='ocr_par' dir='ltr' id='par_1_89' title="bbox 1911 2809 3483 2881">
     <span class='ocr_line' id='line_1_89' title="bbox 1911 2809 3483 2881; baseline 0.003 -21"><span class='ocrx_word' id='word_1_728' title='bbox 1911 2809 2056 2875; x_wconf 79' lang='lat' dir='ltr'><strong>plena</strong></span> <span class='ocrx_word' id='word_1_729' title='bbox 2080 2826 2265 2862; x_wconf 85' lang='lat' dir='ltr'><strong>reneno</strong></span> <span class='ocrx_word' id='word_1_730' title='bbox 2305 2812 2559 2880; x_wconf 75' lang='lat' dir='ltr'><strong>mortifero</strong></span> <span class='ocrx_word' id='word_1_731' title='bbox 2590 2811 2790 2878; x_wconf 77' lang='lat' dir='ltr'><strong>(Jacobi</strong></span> <span class='ocrx_word' id='word_1_732' title='bbox 2830 2828 2881 2865; x_wconf 91' lang='lat' dir='ltr'><strong>iii</strong></span> <span class='ocrx_word' id='word_1_733' title='bbox 2903 2853 2920 2876; x_wconf 95' lang='lat'><strong>,</strong></span> <span class='ocrx_word' id='word_1_734' title='bbox 2951 2811 3039 2881; x_wconf 90' lang='grc'><strong>8);</strong></span> <span class='ocrx_word' id='word_1_735' title='bbox 3076 2814 3252 2880; x_wconf 89' lang='lat' dir='ltr'><strong>utique</strong></span> <span class='ocrx_word' id='word_1_736' title='bbox 3283 2828 3483 2868; x_wconf 88' lang='lat' dir='ltr'><strong>uocen-</strong></span> 
     </span>
    </p>
   </div>
   <div class='ocr_carea' id='block_1_90' title="bbox 1912 2899 3485 2971">
    <p class='ocr_par' dir='ltr' id='par_1_90' title="bbox 1912 2899 3485 2971">
     <span class='ocr_line' id='line_1_90' title="bbox 1912 2899 3485 2971; baseline 0.002 -18"><span class='ocrx_word' id='word_1_737' title='bbox 1912 2899 2061 2961; x_wconf 85' lang='lat' dir='ltr'><strong>tiore,</strong></span> <span class='ocrx_word' id='word_1_738' title='bbox 2085 2915 2240 2969; x_wconf 90' lang='lat' dir='ltr'><strong>quam</strong></span> <span class='ocrx_word' id='word_1_739' title='bbox 2273 2899 2555 2955; x_wconf 87' lang='lat' dir='ltr'><strong>bestiarum</strong></span> <span class='ocrx_word' id='word_1_740' title='bbox 2587 2912 2668 2956; x_wconf 91' lang='lat' dir='ltr'><strong>est</strong></span> <span class='ocrx_word' id='word_1_741' title='bbox 2694 2911 2852 2970; x_wconf 90' lang='lat' dir='ltr'><strong>alque</strong></span> <span class='ocrx_word' id='word_1_742' title='bbox 2882 2912 3187 2971; x_wconf 84' lang='lat' dir='ltr'><strong>serpentum</strong></span> <span class='ocrx_word' id='word_1_743' title='bbox 3221 2919 3233 2953; x_wconf 93' lang='lat'>:</span> <span class='ocrx_word' id='word_1_744' title='bbox 3269 2918 3388 2956; x_wconf 88' lang='lat' dir='ltr'><strong>nam</strong></span> <span class='ocrx_word' id='word_1_745' title='bbox 3422 2904 3485 2956; x_wconf 64' lang='lat' dir='ltr'><strong>ilo</strong></span> 
     </span>
    </p>
   </div>
   <div class='ocr_carea' id='block_1_91' title="bbox 1909 2988 3486 3060">
    <p class='ocr_par' dir='ltr' id='par_1_91' title="bbox 1909 2988 3486 3060">
     <span class='ocr_line' id='line_1_91' title="bbox 1909 2988 3486 3060; baseline 0.001 -17"><span class='ocrx_word' id='word_1_746' title='bbox 1909 2988 1995 3044; x_wconf 92' lang='lat' dir='ltr'><strong>Iiid</strong></span> <span class='ocrx_word' id='word_1_747' title='bbox 2020 3004 2230 3045; x_wconf 88' lang='lat' dir='ltr'><strong>carnem</strong></span> <span class='ocrx_word' id='word_1_748' title='bbox 2261 2991 2523 3055; x_wconf 81' lang='lat' dir='ltr'><strong>interficit,</strong></span> <span class='ocrx_word' id='word_1_749' title='bbox 2545 2990 2643 3044; x_wconf 89' lang='lat' dir='ltr'><strong>hoc</strong></span> <span class='ocrx_word' id='word_1_750' title='bbox 2672 3008 2800 3046; x_wconf 83' lang='lat' dir='ltr'><strong>vero</strong></span> <span class='ocrx_word' id='word_1_751' title='bbox 2818 2993 3067 3045; x_wconf 87' lang='lat' dir='ltr'><strong>animam.</strong></span> <span class='ocrx_word' id='word_1_752' title='bbox 3101 2991 3170 3045; x_wconf 88' lang='lat' dir='ltr'><strong>0s</strong></span> <span class='ocrx_word' id='word_1_753' title='bbox 3189 2993 3327 3047; x_wconf 89' lang='lat' dir='ltr'><strong>enini</strong></span> <span class='ocrx_word' id='word_1_754' title='bbox 3350 2992 3486 3060; x_wconf 80' lang='lat' dir='ltr'><strong>quod</strong></span> 
     </span>
    </p>
   </div>
   <div class='ocr_carea' id='block_1_92' title="bbox 1911 3082 3484 3152">
    <p class='ocr_par' dir='ltr' id='par_1_92' title="bbox 1911 3082 3484 3152">
     <span class='ocr_line' id='line_1_92' title="bbox 1911 3082 3484 3152; baseline 0.001 -18"><span class='ocrx_word' id='word_1_755' title='bbox 1911 3082 2143 3135; x_wconf 81' lang='lat' dir='ltr'><strong>mentitur</strong></span> <span class='ocrx_word' id='word_1_756' title='bbox 2162 3122 2176 3147; x_wconf 96' lang='lat'><strong>,</strong></span> <span class='ocrx_word' id='word_1_757' title='bbox 2209 3082 2388 3134; x_wconf 85' lang='lat' dir='ltr'><strong>occidit</strong></span> <span class='ocrx_word' id='word_1_758' title='bbox 2410 3083 2628 3135; x_wconf 88' lang='lat' dir='ltr'><strong>animam</strong></span> <span class='ocrx_word' id='word_1_759' title='bbox 2656 3082 2805 3150; x_wconf 83' lang='lat' dir='ltr'><strong>(Sap.</strong></span> <span class='ocrx_word' id='word_1_760' title='bbox 2838 3099 2849 3135; x_wconf 93' lang='grc' dir='ltr'><strong>ι</strong></span> <span class='ocrx_word' id='word_1_761' title='bbox 2873 3123 2885 3143; x_wconf 85' lang='grc'><em>,</em></span> <span class='ocrx_word' id='word_1_762' title='bbox 2917 3084 3026 3151; x_wconf 88' lang='grc'><strong>11).</strong></span> <span class='ocrx_word' id='word_1_763' title='bbox 3050 3082 3162 3137; x_wconf 74' lang='lat' dir='ltr'><strong>Non</strong></span> <span class='ocrx_word' id='word_1_764' title='bbox 3189 3098 3314 3152; x_wconf 86' lang='lat' dir='ltr'><strong>ergo</strong></span> <span class='ocrx_word' id='word_1_765' title='bbox 3334 3083 3484 3152; x_wconf 88' lang='lat' dir='ltr'><strong>quasi</strong></span> 
     </span>
    </p>
   </div>
   <div class='ocr_carea' id='block_1_93' title="bbox 1911 3154 3521 3242">
    <p class='ocr_par' dir='ltr' id='par_1_93' title="bbox 1911 3154 3521 3242">
     <span class='ocr_line' id='line_1_93' title="bbox 1911 3154 3521 3242; baseline 0 -18"><span class='ocrx_word' id='word_1_766' title='bbox 1911 3170 1959 3225; x_wconf 92' lang='lat' dir='ltr'><strong>id</strong></span> <span class='ocrx_word' id='word_1_767' title='bbox 1988 3181 2124 3226; x_wconf 72' lang='lat' dir='ltr'><strong>eset</strong></span> <span class='ocrx_word' id='word_1_768' title='bbox 2160 3171 2360 3226; x_wconf 81' lang='lat' dir='ltr'><strong>facilius</strong></span> <span class='ocrx_word' id='word_1_769' title='bbox 2381 3215 2394 3232; x_wconf 89' lang='lat'><strong>,</strong></span> <span class='ocrx_word' id='word_1_770' title='bbox 2416 3189 2574 3242; x_wconf 86' lang='lat' dir='ltr'><strong>quam</strong></span> <span class='ocrx_word' id='word_1_771' title='bbox 2605 3173 2980 3228; x_wconf 83' lang='lat' dir='ltr'><strong>mansuefactio</strong></span> <span class='ocrx_word' id='word_1_772' title='bbox 3002 3173 3287 3228; x_wconf 88' lang='lat' dir='ltr'><strong>bestiarum</strong></span> <span class='ocrx_word' id='word_1_773' title='bbox 3309 3212 3325 3239; x_wconf 88' lang='lat'><strong>,</strong></span> <span class='ocrx_word' id='word_1_774' title='bbox 3357 3189 3485 3227; x_wconf 87' lang='lat' dir='ltr'><strong>saii-</strong></span> <span class='ocrx_word' id='word_1_775' title='bbox 3512 3154 3521 3159; x_wconf 55' lang='grc'><em>’</em></span> 
     </span>
    </p>
   </div>
   <div class='ocr_carea' id='block_1_94' title="bbox 1911 3262 3485 3333">
    <p class='ocr_par' dir='ltr' id='par_1_94' title="bbox 1911 3262 3485 3333">
     <span class='ocr_line' id='line_1_94' title="bbox 1911 3262 3485 3333; baseline 0.003 -18"><span class='ocrx_word' id='word_1_776' title='bbox 1911 3272 2024 3315; x_wconf 69' lang='lat' dir='ltr'><strong>ctus</strong></span> <span class='ocrx_word' id='word_1_777' title='bbox 2039 3262 2267 3317; x_wconf 87' lang='lat' dir='ltr'><strong>Jacobus</strong></span> <span class='ocrx_word' id='word_1_778' title='bbox 2285 3263 2424 3317; x_wconf 89' lang='lat' dir='ltr'><strong>illam</strong></span> <span class='ocrx_word' id='word_1_779' title='bbox 2443 3264 2755 3317; x_wconf 86' lang='lat' dir='ltr'><strong>sententiain</strong></span> <span class='ocrx_word' id='word_1_780' title='bbox 2779 3264 3151 3333; x_wconf 88' lang='lat' dir='ltr'><strong>pronuntiavit,</strong></span> <span class='ocrx_word' id='word_1_781' title='bbox 3170 3274 3259 3317; x_wconf 89' lang='lat' dir='ltr'><strong>aut</strong></span> <span class='ocrx_word' id='word_1_782' title='bbox 3275 3280 3333 3319; x_wconf 86' lang='lat' dir='ltr'><strong>ea</strong></span> <span class='ocrx_word' id='word_1_783' title='bbox 3352 3279 3485 3319; x_wconf 81' lang='lat' dir='ltr'><strong>voce</strong></span> 
     </span>
    </p>
   </div>
   <div class='ocr_carea' id='block_1_95' title="bbox 1911 3354 3487 3431">
    <p class='ocr_par' dir='ltr' id='par_1_95' title="bbox 1911 3354 3487 3431">
     <span class='ocr_line' id='line_1_95' title="bbox 1911 3354 3487 3431; baseline 0.002 -25"><span class='ocrx_word' id='word_1_784' title='bbox 1911 3354 2071 3407; x_wconf 89' lang='lat' dir='ltr'><strong>voluit</strong></span> <span class='ocrx_word' id='word_1_785' title='bbox 2100 3354 2425 3423; x_wconf 88' lang='lat' dir='ltr'><strong>pronuntiari</strong></span> <span class='ocrx_word' id='word_1_786' title='bbox 2460 3372 2473 3407; x_wconf 90' lang='lat'><strong>:</strong></span> <span class='ocrx_word' id='word_1_787' title='bbox 2505 3354 2597 3409; x_wconf 89' lang='lat' dir='ltr'><strong>sed</strong></span> <span class='ocrx_word' id='word_1_788' title='bbox 2627 3354 2802 3423; x_wconf 84' lang='lat' dir='ltr'><strong>potius</strong></span> <span class='ocrx_word' id='word_1_789' title='bbox 2826 3355 3110 3410; x_wconf 84' lang='lat' dir='ltr'><strong>ostendens</strong></span> <span class='ocrx_word' id='word_1_790' title='bbox 3135 3365 3384 3431; x_wconf 83' lang='lat' dir='ltr'><strong>quantum</strong></span> <span class='ocrx_word' id='word_1_791' title='bbox 3416 3354 3487 3409; x_wconf 87' lang='lat' dir='ltr'><strong>sit</strong></span> 
     </span>
    </p>
   </div>
   <div class='ocr_carea' id='block_1_96' title="bbox 1911 3430 3485 3514">
    <p class='ocr_par' dir='ltr' id='par_1_96' title="bbox 1911 3430 3485 3514">
     <span class='ocr_line' id='line_1_96' title="bbox 1911 3430 3485 3514; baseline 0 -14"><span class='ocrx_word' id='word_1_792' title='bbox 1911 3447 1960 3501; x_wconf 93' lang='lat' dir='ltr'><strong>iii</strong></span> <span class='ocrx_word' id='word_1_793' title='bbox 1990 3446 2202 3501; x_wconf 88' lang='lat' dir='ltr'><strong>homine</strong></span> <span class='ocrx_word' id='word_1_794' title='bbox 2242 3447 2431 3514; x_wconf 72' lang='lat' dir='ltr'><strong>liiigu;e</strong></span> <span class='ocrx_word' id='word_1_795' title='bbox 2459 3448 2650 3500; x_wconf 90' lang='lat' dir='ltr'><strong>malum</strong></span> <span class='ocrx_word' id='word_1_796' title='bbox 2671 3489 2684 3508; x_wconf 89' lang='lat'><strong>,</strong></span> <span class='ocrx_word' id='word_1_797' title='bbox 2718 3458 2770 3501; x_wconf 93' lang='grc' dir='ltr'><strong>ιιι</strong></span> <span class='ocrx_word' id='word_1_798' title='bbox 2800 3464 2829 3500; x_wconf 91' lang='lat' dir='ltr'><strong>a</strong></span> <span class='ocrx_word' id='word_1_799' title='bbox 2862 3449 3004 3500; x_wconf 89' lang='lat' dir='ltr'><strong>nullo</strong></span> <span class='ocrx_word' id='word_1_800' title='bbox 3040 3430 3252 3500; x_wconf 76' lang='lat' dir='ltr'><strong>lioiiiiiie</strong></span> <span class='ocrx_word' id='word_1_801' title='bbox 3277 3447 3485 3500; x_wconf 88' lang='lat' dir='ltr'><strong>domari</strong></span> 
     </span>
    </p>
   </div>
   <div class='ocr_carea' id='block_1_97' title="bbox 1912 3537 3485 3607">
    <p class='ocr_par' dir='ltr' id='par_1_97' title="bbox 1912 3537 3485 3607">
     <span class='ocr_line' id='line_1_97' title="bbox 1912 3537 3485 3607; baseline 0.002 -18"><span class='ocrx_word' id='word_1_802' title='bbox 1912 3539 2095 3607; x_wconf 89' lang='lat' dir='ltr'><strong>possit,</strong></span> <span class='ocrx_word' id='word_1_803' title='bbox 2124 3554 2241 3593; x_wconf 87' lang='lat' dir='ltr'><strong>cum</strong></span> <span class='ocrx_word' id='word_1_804' title='bbox 2272 3540 2338 3591; x_wconf 87' lang='lat' dir='ltr'><strong>ab</strong></span> <span class='ocrx_word' id='word_1_805' title='bbox 2366 3538 2664 3592; x_wconf 83' lang='lat' dir='ltr'><strong>Iioiiiiiiilius</strong></span> <span class='ocrx_word' id='word_1_806' title='bbox 2691 3538 2971 3593; x_wconf 89' lang='lat' dir='ltr'><strong>domeutur</strong></span> <span class='ocrx_word' id='word_1_807' title='bbox 2994 3550 3045 3593; x_wconf 89' lang='lat' dir='ltr'><strong>ct</strong></span> <span class='ocrx_word' id='word_1_808' title='bbox 3074 3540 3272 3594; x_wconf 75' lang='lat' dir='ltr'><strong>bestia).</strong></span> <span class='ocrx_word' id='word_1_809' title='bbox 3302 3537 3485 3607; x_wconf 76' lang='lat' dir='ltr'><strong>Neque</strong></span> 
     </span>
    </p>
   </div>
   <div class='ocr_carea' id='block_1_98' title="bbox 1912 3629 3484 3701">
    <p class='ocr_par' dir='ltr' id='par_1_98' title="bbox 1912 3629 3484 3701">
     <span class='ocr_line' id='line_1_98' title="bbox 1912 3629 3484 3701; baseline 0.002 -19"><span class='ocrx_word' id='word_1_810' title='bbox 1912 3629 2013 3683; x_wconf 89' lang='lat' dir='ltr'><strong>hoc</strong></span> <span class='ocrx_word' id='word_1_811' title='bbox 2039 3630 2156 3684; x_wconf 87' lang='lat' dir='ltr'><strong>ideo</strong></span> <span class='ocrx_word' id='word_1_812' title='bbox 2181 3631 2330 3693; x_wconf 71' lang='lat' dir='ltr'><strong>dixit,</strong></span> <span class='ocrx_word' id='word_1_813' title='bbox 2351 3642 2403 3683; x_wconf 84' lang='grc' dir='ltr'><strong>ιιι</strong></span> <span class='ocrx_word' id='word_1_814' title='bbox 2436 3630 2589 3698; x_wconf 79' lang='lat' dir='ltr'><strong>hujus</strong></span> <span class='ocrx_word' id='word_1_815' title='bbox 2612 3631 2661 3683; x_wconf 91' lang='lat' dir='ltr'><strong>iii</strong></span> <span class='ocrx_word' id='word_1_816' title='bbox 2695 3645 2790 3684; x_wconf 85' lang='lat' dir='ltr'><strong>nos</strong></span> <span class='ocrx_word' id='word_1_817' title='bbox 2814 3632 2934 3684; x_wconf 88' lang='lat' dir='ltr'><strong>mali</strong></span> <span class='ocrx_word' id='word_1_818' title='bbox 2955 3631 3484 3701; x_wconf 83' lang='lat' dir='ltr'><strong>iloiiiiiiatimiciiipcr</strong></span> 
     </span>
    </p>
   </div>
   <div class='ocr_carea' id='block_1_99' title="bbox 1913 3720 3486 3791">
    <p class='ocr_par' dir='ltr' id='par_1_99' title="bbox 1913 3720 3486 3791">
     <span class='ocr_line' id='line_1_99' title="bbox 1913 3720 3486 3791; baseline -0.001 -18"><span class='ocrx_word' id='word_1_819' title='bbox 1913 3720 2280 3789; x_wconf 85' lang='lat' dir='ltr'><strong>negligentiam</strong></span> <span class='ocrx_word' id='word_1_820' title='bbox 2314 3735 2621 3789; x_wconf 81' lang='lat' dir='ltr'><strong>permanere</strong></span> <span class='ocrx_word' id='word_1_821' title='bbox 2644 3724 2906 3791; x_wconf 88' lang='lat' dir='ltr'><strong>patiamur</strong></span> <span class='ocrx_word' id='word_1_822' title='bbox 2930 3737 2942 3774; x_wconf 86' lang='lat'>:</span> <span class='ocrx_word' id='word_1_823' title='bbox 2966 3722 3058 3774; x_wconf 88' lang='lat' dir='ltr'><strong>sed</strong></span> <span class='ocrx_word' id='word_1_824' title='bbox 3087 3732 3137 3774; x_wconf 91' lang='grc' dir='ltr'><strong>ιιι</strong></span> <span class='ocrx_word' id='word_1_825' title='bbox 3165 3721 3228 3773; x_wconf 89' lang='lat' dir='ltr'><strong>ad</strong></span> <span class='ocrx_word' id='word_1_826' title='bbox 3258 3721 3486 3774; x_wconf 87' lang='lat' dir='ltr'><strong>douiau-</strong></span> 
     </span>
    </p>
   </div>
   <div class='ocr_carea' id='block_1_100' title="bbox 1910 3809 3485 3880">
    <p class='ocr_par' dir='ltr' id='par_1_100' title="bbox 1910 3809 3485 3880">
     <span class='ocr_line' id='line_1_100' title="bbox 1910 3809 3485 3880; baseline -0.001 -14"><span class='ocrx_word' id='word_1_827' title='bbox 1910 3811 2030 3866; x_wconf 88' lang='lat' dir='ltr'><strong>dam</strong></span> <span class='ocrx_word' id='word_1_828' title='bbox 2062 3813 2289 3879; x_wconf 70' lang='lat' dir='ltr'><strong>liiigiiam</strong></span> <span class='ocrx_word' id='word_1_829' title='bbox 2326 3812 2514 3865; x_wconf 70' lang='lat' dir='ltr'><strong>divitia!</strong></span> <span class='ocrx_word' id='word_1_830' title='bbox 2542 3813 2725 3880; x_wconf 78' lang='lat' dir='ltr'><strong>gratia:</strong></span> <span class='ocrx_word' id='word_1_831' title='bbox 2758 3825 3041 3879; x_wconf 80' lang='lat' dir='ltr'><strong>poscamus</strong></span> <span class='ocrx_word' id='word_1_832' title='bbox 3065 3810 3335 3864; x_wconf 76' lang='lat' dir='ltr'><strong>auxilium.</strong></span> <span class='ocrx_word' id='word_1_833' title='bbox 3367 3809 3485 3865; x_wconf 73' lang='lat' dir='ltr'><strong>Non</strong></span> 
     </span>
    </p>
   </div>
   <div class='ocr_carea' id='block_1_101' title="bbox 1909 3891 3489 3970">
    <p class='ocr_par' dir='ltr' id='par_1_101' title="bbox 1909 3891 3489 3970">
     <span class='ocr_line' id='line_1_101' title="bbox 1909 3891 3489 3970; baseline 0 -16"><span class='ocrx_word' id='word_1_834' title='bbox 1909 3891 2050 3955; x_wconf 84' lang='lat' dir='ltr'><strong>enim</strong></span> <span class='ocrx_word' id='word_1_835' title='bbox 2077 3902 2147 3954; x_wconf 87' lang='lat' dir='ltr'><strong>ait</strong></span> <span class='ocrx_word' id='word_1_836' title='bbox 2168 3942 2183 3963; x_wconf 94' lang='lat'><strong>,</strong></span> <span class='ocrx_word' id='word_1_837' title='bbox 2217 3901 2469 3970; x_wconf 82' lang='lat' dir='ltr'><strong>Linguam</strong></span> <span class='ocrx_word' id='word_1_838' title='bbox 2511 3901 2687 3955; x_wconf 88' lang='lat' dir='ltr'><strong>nullus</strong></span> <span class='ocrx_word' id='word_1_839' title='bbox 2711 3902 2926 3953; x_wconf 90' lang='lat' dir='ltr'><strong>iloiuare</strong></span> <span class='ocrx_word' id='word_1_840' title='bbox 2966 3910 3136 3970; x_wconf 88' lang='lat' dir='ltr'><strong>potest</strong></span> <span class='ocrx_word' id='word_1_841' title='bbox 3168 3915 3181 3951; x_wconf 92' lang='lat'><strong>:</strong></span> <span class='ocrx_word' id='word_1_842' title='bbox 3212 3899 3342 3964; x_wconf 91' lang='lat' dir='ltr'><strong>sed,</strong></span> <span class='ocrx_word' id='word_1_843' title='bbox 3372 3902 3489 3954; x_wconf 80' lang='lat' dir='ltr'><strong>nul-</strong></span> 
     </span>
    </p>
   </div>
   <div class='ocr_carea' id='block_1_102' title="bbox 1912 3989 3486 4051">
    <p class='ocr_par' dir='ltr' id='par_1_102' title="bbox 1912 3989 3486 4051">
     <span class='ocr_line' id='line_1_102' title="bbox 1912 3989 3486 4051; baseline -0.003 -6"><span class='ocrx_word' id='word_1_844' title='bbox 1912 3992 1990 4045; x_wconf 76' lang='lat' dir='ltr'><strong>lus</strong></span> <span class='ocrx_word' id='word_1_845' title='bbox 2016 3992 2310 4050; x_wconf 83' lang='lat' dir='ltr'><strong>hominum;</strong></span> <span class='ocrx_word' id='word_1_846' title='bbox 2342 4002 2394 4044; x_wconf 91' lang='lat' dir='ltr'><strong>iit</strong></span> <span class='ocrx_word' id='word_1_847' title='bbox 2423 4006 2541 4045; x_wconf 88' lang='lat' dir='ltr'><strong>cuiu</strong></span> <span class='ocrx_word' id='word_1_848' title='bbox 2572 3990 2835 4051; x_wconf 81' lang='lat' dir='ltr'><strong>domatur,</strong></span> <span class='ocrx_word' id='word_1_849' title='bbox 2862 3990 2951 4043; x_wconf 77' lang='lat' dir='ltr'><strong>Ilei</strong></span> <span class='ocrx_word' id='word_1_850' title='bbox 2984 3989 3362 4051; x_wconf 86' lang='lat' dir='ltr'><strong>misericordia,</strong></span> <span class='ocrx_word' id='word_1_851' title='bbox 3393 3989 3486 4043; x_wconf 80' lang='lat' dir='ltr'><strong>Dei</strong></span> 
     </span>
    </p>
   </div>
   <div class='ocr_carea' id='block_1_103' title="bbox 1912 4078 3487 4149">
    <p class='ocr_par' dir='ltr' id='par_1_103' title="bbox 1912 4078 3487 4149">
     <span class='ocr_line' id='line_1_103' title="bbox 1912 4078 3487 4149; baseline -0.001 -16"><span class='ocrx_word' id='word_1_852' title='bbox 1912 4080 2194 4149; x_wconf 74' lang='lat' dir='ltr'><strong>ailjiitoi&#39;io,</strong></span> <span class='ocrx_word' id='word_1_853' title='bbox 2219 4081 2306 4134; x_wconf 76' lang='lat' dir='ltr'><strong>llei</strong></span> <span class='ocrx_word' id='word_1_854' title='bbox 2337 4082 2499 4147; x_wconf 77' lang='lat' dir='ltr'><strong>gratia</strong></span> <span class='ocrx_word' id='word_1_855' title='bbox 2534 4080 2643 4134; x_wconf 85' lang='lat' dir='ltr'><strong>fieri</strong></span> <span class='ocrx_word' id='word_1_856' title='bbox 2673 4080 2948 4132; x_wconf 87' lang='lat' dir='ltr'><strong>fateamur.</strong></span> <span class='ocrx_word' id='word_1_857' title='bbox 2969 4080 3202 4132; x_wconf 75' lang='lat' dir='ltr'><strong>(Ioui-tur</strong></span> <span class='ocrx_word' id='word_1_858' title='bbox 3228 4093 3357 4147; x_wconf 83' lang='lat' dir='ltr'><strong>ergo</strong></span> <span class='ocrx_word' id='word_1_859' title='bbox 3372 4078 3487 4131; x_wconf 87' lang='lat' dir='ltr'><strong>atii-</strong></span> 
     </span>
    </p>
   </div>
   <div class='ocr_carea' id='block_1_104' title="bbox 1913 4169 3483 4238">
    <p class='ocr_par' dir='ltr' id='par_1_104' title="bbox 1913 4169 3483 4238">
     <span class='ocr_line' id='line_1_104' title="bbox 1913 4169 3483 4238; baseline -0.003 -13"><span class='ocrx_word' id='word_1_860' title='bbox 1913 4188 1994 4225; x_wconf 89' lang='lat' dir='ltr'><strong>iiia</strong></span> <span class='ocrx_word' id='word_1_861' title='bbox 2021 4171 2239 4225; x_wconf 90' lang='lat' dir='ltr'><strong>domare</strong></span> <span class='ocrx_word' id='word_1_862' title='bbox 2281 4171 2544 4238; x_wconf 76' lang='lat' dir='ltr'><strong>linguam,</strong></span> <span class='ocrx_word' id='word_1_863' title='bbox 2573 4181 2625 4223; x_wconf 92' lang='lat' dir='ltr'><strong>et</strong></span> <span class='ocrx_word' id='word_1_864' title='bbox 2664 4169 2789 4221; x_wconf 74' lang='lat' dir='ltr'><strong>ilu&#39;iu</strong></span> <span class='ocrx_word' id='word_1_865' title='bbox 2833 4179 3087 4233; x_wconf 90' lang='lat' dir='ltr'><strong>conatur,</strong></span> <span class='ocrx_word' id='word_1_866' title='bbox 3123 4177 3301 4236; x_wconf 86' lang='lat' dir='ltr'><strong>poscat</strong></span> <span class='ocrx_word' id='word_1_867' title='bbox 3329 4169 3483 4221; x_wconf 80' lang='lat' dir='ltr'><strong>auiti-</strong></span> 
     </span>
    </p>
   </div>
   <div class='ocr_carea' id='block_1_105' title="bbox 1913 4257 3484 4327">
    <p class='ocr_par' dir='ltr' id='par_1_105' title="bbox 1913 4257 3484 4327">
     <span class='ocr_line' id='line_1_105' title="bbox 1913 4257 3484 4327; baseline -0.003 -13"><span class='ocrx_word' id='word_1_868' title='bbox 1913 4262 2036 4315; x_wconf 90' lang='lat' dir='ltr'><strong>Iiiiiii</strong></span> <span class='ocrx_word' id='word_1_869' title='bbox 2063 4277 2074 4312; x_wconf 93' lang='lat'><strong>:</strong></span> <span class='ocrx_word' id='word_1_870' title='bbox 2099 4270 2149 4313; x_wconf 86' lang='lat' dir='ltr'><strong>et</strong></span> <span class='ocrx_word' id='word_1_871' title='bbox 2171 4270 2283 4312; x_wconf 89' lang='lat' dir='ltr'><strong>oret</strong></span> <span class='ocrx_word' id='word_1_872' title='bbox 2308 4260 2499 4327; x_wconf 85' lang='lat' dir='ltr'><strong>lingua,</strong></span> <span class='ocrx_word' id='word_1_873' title='bbox 2527 4268 2579 4311; x_wconf 89' lang='lat' dir='ltr'><strong>iit</strong></span> <span class='ocrx_word' id='word_1_874' title='bbox 2606 4258 2848 4311; x_wconf 86' lang='lat' dir='ltr'><strong>iloiiietur</strong></span> <span class='ocrx_word' id='word_1_875' title='bbox 2872 4258 3064 4326; x_wconf 89' lang='lat' dir='ltr'><strong>lingua,</strong></span> <span class='ocrx_word' id='word_1_876' title='bbox 3086 4257 3334 4311; x_wconf 90' lang='lat' dir='ltr'><strong>douiaute</strong></span> <span class='ocrx_word' id='word_1_877' title='bbox 3356 4257 3445 4312; x_wconf 89' lang='lat' dir='ltr'><strong>illo</strong></span> <span class='ocrx_word' id='word_1_878' title='bbox 3470 4258 3484 4289; x_wconf 85' lang='grc'>¹</span> 
     </span>
    </p>
   </div>
   <div class='ocr_carea' id='block_1_106' title="bbox 1913 4346 3486 4419">
    <p class='ocr_par' dir='ltr' id='par_1_106' title="bbox 1913 4346 3486 4419">
     <span class='ocr_line' id='line_1_106' title="bbox 1913 4346 3486 4419; baseline -0.001 -17"><span class='ocrx_word' id='word_1_879' title='bbox 1913 4350 1998 4419; x_wconf 86' lang='lat' dir='ltr'><strong>qui</strong></span> <span class='ocrx_word' id='word_1_880' title='bbox 2030 4350 2158 4402; x_wconf 75' lang='lat' dir='ltr'><strong>dixit</strong></span> <span class='ocrx_word' id='word_1_881' title='bbox 2181 4349 2245 4402; x_wconf 91' lang='lat' dir='ltr'><strong>ad</strong></span> <span class='ocrx_word' id='word_1_882' title='bbox 2277 4361 2420 4409; x_wconf 85' lang='lat' dir='ltr'><strong>suos,</strong></span> <span class='ocrx_word' id='word_1_883' title='bbox 2447 4347 2559 4401; x_wconf 65' lang='lat' dir='ltr'><strong>Non</strong></span> <span class='ocrx_word' id='word_1_884' title='bbox 2586 4348 2718 4400; x_wconf 85' lang='lat' dir='ltr'><strong>enim</strong></span> <span class='ocrx_word' id='word_1_885' title='bbox 2741 4362 2823 4400; x_wconf 81' lang='lat' dir='ltr'><strong>eos</strong></span> <span class='ocrx_word' id='word_1_886' title='bbox 2845 4350 2958 4400; x_wconf 87' lang='lat' dir='ltr'><strong>estis</strong></span> <span class='ocrx_word' id='word_1_887' title='bbox 2986 4349 3071 4415; x_wconf 89' lang='lat' dir='ltr'><strong>qui</strong></span> <span class='ocrx_word' id='word_1_888' title='bbox 3096 4346 3375 4416; x_wconf 87' lang='lat' dir='ltr'><strong>loquimini,</strong></span> <span class='ocrx_word' id='word_1_889' title='bbox 3399 4348 3486 4401; x_wconf 83' lang='lat' dir='ltr'><strong>sed</strong></span> 
     </span>
    </p>
   </div>
   <div class='ocr_carea' id='block_1_107' title="bbox 1915 4436 3573 4507">
    <p class='ocr_par' dir='ltr' id='par_1_107' title="bbox 1915 4436 3573 4507">
     <span class='ocr_line' id='line_1_107' title="bbox 1915 4436 3573 4507; baseline 0 -13"><span class='ocrx_word' id='word_1_890' title='bbox 1915 4439 2135 4507; x_wconf 82' lang='lat' dir='ltr'><strong>Spiritus</strong></span> <span class='ocrx_word' id='word_1_891' title='bbox 2156 4436 2322 4491; x_wconf 80' lang='lat' dir='ltr'><strong>Patris</strong></span> <span class='ocrx_word' id='word_1_892' title='bbox 2344 4438 2485 4491; x_wconf 55' lang='grc' dir='ltr'>ινδιιοὶ</span> <span class='ocrx_word' id='word_1_893' title='bbox 2507 4438 2591 4504; x_wconf 85' lang='lat' dir='ltr'><strong>qui</strong></span> <span class='ocrx_word' id='word_1_894' title='bbox 2612 4438 2832 4505; x_wconf 75' lang='lat' dir='ltr'><strong>loquitur</strong></span> <span class='ocrx_word' id='word_1_895' title='bbox 2847 4438 2897 4490; x_wconf 89' lang='lat' dir='ltr'><strong>in</strong></span> <span class='ocrx_word' id='word_1_896' title='bbox 2920 4437 3052 4490; x_wconf 67' lang='lat' dir='ltr'><strong>vobis</strong></span> <span class='ocrx_word' id='word_1_897' title='bbox 3069 4436 3280 4506; x_wconf 81' lang='lat' dir='ltr'><strong>(Matth.</strong></span> <span class='ocrx_word' id='word_1_898' title='bbox 3299 4453 3354 4503; x_wconf 71' lang='grc' dir='ltr'><strong>Χ,</strong></span> <span class='ocrx_word' id='word_1_899' title='bbox 3371 4437 3488 4507; x_wconf 72' lang='grc'><strong>20).</strong></span> <span class='ocrx_word' id='word_1_900' title='bbox 3558 4436 3573 4447; x_wconf 75' lang='grc'><strong>“</strong></span> 
     </span>
    </p>
   </div>
   <div class='ocr_carea' id='block_1_108' title="bbox 1917 4529 3492 4600">
    <p class='ocr_par' dir='ltr' id='par_1_108' title="bbox 1917 4529 3492 4600">
     <span class='ocr_line' id='line_1_108' title="bbox 1917 4529 3492 4600; baseline 0 -15"><span class='ocrx_word' id='word_1_901' title='bbox 1917 4531 2093 4599; x_wconf 84' lang='lat' dir='ltr'><strong>Itaque</strong></span> <span class='ocrx_word' id='word_1_902' title='bbox 2123 4540 2390 4600; x_wconf 82' lang='lat' dir='ltr'><strong>pra-cepto</strong></span> <span class='ocrx_word' id='word_1_903' title='bbox 2419 4530 2590 4583; x_wconf 87' lang='lat' dir='ltr'><strong>facere</strong></span> <span class='ocrx_word' id='word_1_904' title='bbox 2614 4544 3036 4594; x_wconf 89' lang='lat' dir='ltr'><strong>couiinoiicmur,</strong></span> <span class='ocrx_word' id='word_1_905' title='bbox 3068 4529 3207 4600; x_wconf 92' lang='lat' dir='ltr'><strong>quod</strong></span> <span class='ocrx_word' id='word_1_906' title='bbox 3238 4539 3492 4585; x_wconf 80' lang='lat' dir='ltr'><strong>conantes</strong></span> 
     </span>
    </p>
   </div>
   <div class='ocr_carea' id='block_1_109' title="bbox 1916 4619 3489 4689">
    <p class='ocr_par' dir='ltr' id='par_1_109' title="bbox 1916 4619 3489 4689">
     <span class='ocr_line' id='line_1_109' title="bbox 1916 4619 3489 4689; baseline 0 -17"><span class='ocrx_word' id='word_1_907' title='bbox 1916 4632 1963 4673; x_wconf 82' lang='lat' dir='ltr'><strong>et</strong></span> <span class='ocrx_word' id='word_1_908' title='bbox 1998 4620 2189 4673; x_wconf 50' lang='lat' dir='ltr'><strong>nostris</strong></span> <span class='ocrx_word' id='word_1_909' title='bbox 2216 4620 2413 4672; x_wconf 83' lang='lat' dir='ltr'><strong>viribus</strong></span> <span class='ocrx_word' id='word_1_910' title='bbox 2441 4635 2545 4672; x_wconf 93' lang='lat' dir='ltr'><strong>non</strong></span> <span class='ocrx_word' id='word_1_911' title='bbox 2589 4620 2856 4683; x_wconf 87' lang='lat' dir='ltr'><strong>valentes,</strong></span> <span class='ocrx_word' id='word_1_912' title='bbox 2904 4619 3223 4689; x_wconf 85' lang='lat' dir='ltr'><strong>adjutorium</strong></span> <span class='ocrx_word' id='word_1_913' title='bbox 3253 4620 3489 4674; x_wconf 82' lang='lat' dir='ltr'><strong>divinum</strong></span> 
     </span>
    </p>
   </div>
   <div class='ocr_carea' id='block_1_110' title="bbox 1919 4726 3553 4781">
    <p class='ocr_par' dir='ltr' id='par_1_110' title="bbox 1919 4726 3553 4781">
     <span class='ocr_line' id='line_1_110' title="bbox 1919 4726 3553 4781; baseline 0.001 -22"><span class='ocrx_word' id='word_1_914' title='bbox 1919 4726 2213 4780; x_wconf 81' lang='lat' dir='ltr'><strong>pi&#39;eeeiiiiir.</strong></span> <span class='ocrx_word' id='word_1_915' title='bbox 3542 4776 3553 4781; x_wconf 30' lang='grc' dir='ltr'><strong>η</strong></span> 
     </span>
    </p>
   </div>
   <div class='ocr_carea' id='block_1_111' title="bbox 1986 4799 3491 4855">
    <p class='ocr_par' dir='ltr' id='par_1_111' title="bbox 1986 4799 3491 4855">
     <span class='ocr_line' id='line_1_111' title="bbox 1986 4799 3491 4855; baseline -0.001 -1"><span class='ocrx_word' id='word_1_916' title='bbox 1986 4800 2207 4855; x_wconf 75' lang='lat' dir='ltr'><strong>(Z.\I&#39;L&#39;T</strong></span> <span class='ocrx_word' id='word_1_917' title='bbox 2255 4800 2389 4854; x_wconf 75' lang='lat' dir='ltr'><strong>XVI.</strong></span> <span class='ocrx_word' id='word_1_918' title='bbox 2423 4831 2487 4840; x_wconf 88' lang='lat'><strong>—-</strong></span> <span class='ocrx_word' id='word_1_919' title='bbox 2524 4802 2605 4854; x_wconf 80' lang='lat' dir='ltr'><strong>I7.</strong></span> <span class='ocrx_word' id='word_1_920' title='bbox 2642 4799 2896 4854; x_wconf 62' lang='lat' dir='ltr'><strong>lirolritur</strong></span> <span class='ocrx_word' id='word_1_921' title='bbox 2938 4801 3070 4853; x_wconf 87' lang='lat' dir='ltr'><strong>idem</strong></span> <span class='ocrx_word' id='word_1_922' title='bbox 3111 4800 3290 4853; x_wconf 84' lang='lat' dir='ltr'><strong>Jacobi</strong></span> <span class='ocrx_word' id='word_1_923' title='bbox 3330 4799 3491 4854; x_wconf 83' lang='lat' dir='ltr'><strong>locus.</strong></span> 
     </span>
    </p>
   </div>
   <div class='ocr_carea' id='block_1_112' title="bbox 1919 4889 3495 4961">
    <p class='ocr_par' dir='ltr' id='par_1_112' title="bbox 1919 4889 3495 4961">
     <span class='ocr_line' id='line_1_112' title="bbox 1919 4889 3495 4961; baseline -0.003 -15"><span class='ocrx_word' id='word_1_924' title='bbox 1919 4891 2145 4946; x_wconf 80' lang='lat' dir='ltr'><strong>Proinde</strong></span> <span class='ocrx_word' id='word_1_925' title='bbox 2172 4901 2221 4944; x_wconf 92' lang='lat' dir='ltr'><strong>et</strong></span> <span class='ocrx_word' id='word_1_926' title='bbox 2252 4891 2364 4959; x_wconf 84' lang='lat' dir='ltr'><strong>ipse</strong></span> <span class='ocrx_word' id='word_1_927' title='bbox 2387 4896 2507 4944; x_wconf 82' lang='lat' dir='ltr'><strong>e&#39;uui</strong></span> <span class='ocrx_word' id='word_1_928' title='bbox 2535 4899 2904 4961; x_wconf 74' lang='lat' dir='ltr'><strong>exaggerasset</strong></span> <span class='ocrx_word' id='word_1_929' title='bbox 2929 4890 3119 4959; x_wconf 77' lang='lat' dir='ltr'><strong>lingua:</strong></span> <span class='ocrx_word' id='word_1_930' title='bbox 3146 4890 3337 4943; x_wconf 88' lang='lat' dir='ltr'><strong>malum</strong></span> <span class='ocrx_word' id='word_1_931' title='bbox 3362 4930 3376 4953; x_wconf 95' lang='lat'><strong>,</strong></span> <span class='ocrx_word' id='word_1_932' title='bbox 3411 4889 3495 4942; x_wconf 91' lang='lat' dir='ltr'><strong>in-</strong></span> 
     </span>
    </p>
   </div>
   <div class='ocr_carea' id='block_1_113' title="bbox 1920 4979 3502 5052">
    <p class='ocr_par' dir='ltr' id='par_1_113' title="bbox 1920 4979 3502 5052">
     <span class='ocr_line' id='line_1_113' title="bbox 1920 4979 3502 5052; baseline -0.004 -15"><span class='ocrx_word' id='word_1_933' title='bbox 1920 4995 1997 5038; x_wconf 90' lang='lat' dir='ltr'><strong>ter</strong></span> <span class='ocrx_word' id='word_1_934' title='bbox 2020 4984 2129 5036; x_wconf 72' lang='lat' dir='ltr'><strong>lia&#39;c</strong></span> <span class='ocrx_word' id='word_1_935' title='bbox 2156 4982 2361 5047; x_wconf 88' lang='lat' dir='ltr'><strong>dicens,</strong></span> <span class='ocrx_word' id='word_1_936' title='bbox 2389 4980 2505 5036; x_wconf 71' lang='lat' dir='ltr'><strong>Non</strong></span> <span class='ocrx_word' id='word_1_937' title='bbox 2537 4991 2749 5049; x_wconf 81' lang='lat' dir='ltr'><strong>oportet,</strong></span> <span class='ocrx_word' id='word_1_938' title='bbox 2774 4985 2954 5052; x_wconf 73' lang='lat' dir='ltr'><strong>fratres</strong></span> <span class='ocrx_word' id='word_1_939' title='bbox 2984 4981 3098 5043; x_wconf 82' lang='lat' dir='ltr'><strong>mei,</strong></span> <span class='ocrx_word' id='word_1_940' title='bbox 3127 4984 3233 5033; x_wconf 68' lang='lat' dir='ltr'><strong>hare</strong></span> <span class='ocrx_word' id='word_1_941' title='bbox 3253 4979 3322 5031; x_wconf 89' lang='lat' dir='ltr'><strong>ita</strong></span> <span class='ocrx_word' id='word_1_942' title='bbox 3343 4979 3455 5046; x_wconf 80' lang='lat' dir='ltr'><strong>ﬁeri</strong></span> <span class='ocrx_word' id='word_1_943' title='bbox 3478 4994 3502 5048; x_wconf 58' lang='grc' dir='ltr'>ξ</span> 
     </span>
    </p>
   </div>
   <div class='ocr_carea' id='block_1_114' title="bbox 1917 5067 3495 5139">
    <p class='ocr_par' dir='ltr' id='par_1_114' title="bbox 1917 5067 3495 5139">
     <span class='ocr_line' id='line_1_114' title="bbox 1917 5067 3495 5139; baseline -0.004 -12"><span class='ocrx_word' id='word_1_944' title='bbox 1917 5073 2166 5127; x_wconf 88' lang='lat' dir='ltr'><strong>continuo</strong></span> <span class='ocrx_word' id='word_1_945' title='bbox 2197 5072 2417 5134; x_wconf 88' lang='lat' dir='ltr'><strong>monuit,</strong></span> <span class='ocrx_word' id='word_1_946' title='bbox 2447 5071 2828 5126; x_wconf 87' lang='lat' dir='ltr'><strong>consummatis</strong></span> <span class='ocrx_word' id='word_1_947' title='bbox 2858 5068 2940 5122; x_wconf 90' lang='lat' dir='ltr'><strong>his</strong></span> <span class='ocrx_word' id='word_1_948' title='bbox 2969 5084 3087 5139; x_wconf 69' lang='lat' dir='ltr'><strong>quae</strong></span> <span class='ocrx_word' id='word_1_949' title='bbox 3112 5068 3235 5123; x_wconf 89' lang='lat' dir='ltr'><strong>hinc</strong></span> <span class='ocrx_word' id='word_1_950' title='bbox 3259 5067 3495 5137; x_wconf 78' lang='lat' dir='ltr'><strong>dicebat,</strong></span> 
     </span>
    </p>
   </div>
   <div class='ocr_carea' id='block_1_115' title="bbox 1917 5158 3499 5236">
    <p class='ocr_par' dir='ltr' id='par_1_115' title="bbox 1917 5158 3499 5236">
     <span class='ocr_line' id='line_1_115' title="bbox 1917 5158 3499 5236; baseline -0.004 -17"><span class='ocrx_word' id='word_1_951' title='bbox 1917 5181 2021 5236; x_wconf 87' lang='lat' dir='ltr'><strong>quo</strong></span> <span class='ocrx_word' id='word_1_952' title='bbox 2034 5164 2296 5233; x_wconf 88' lang='lat' dir='ltr'><strong>adjutorio</strong></span> <span class='ocrx_word' id='word_1_953' title='bbox 2324 5162 2422 5218; x_wconf 90' lang='lat' dir='ltr'><strong>ista</strong></span> <span class='ocrx_word' id='word_1_954' title='bbox 2442 5179 2544 5217; x_wconf 91' lang='lat' dir='ltr'><strong>non</strong></span> <span class='ocrx_word' id='word_1_955' title='bbox 2574 5164 2776 5225; x_wconf 87' lang='lat' dir='ltr'><strong>tierent,</strong></span> <span class='ocrx_word' id='word_1_956' title='bbox 2796 5175 2912 5229; x_wconf 74' lang='lat' dir='ltr'><strong>qua:</strong></span> <span class='ocrx_word' id='word_1_957' title='bbox 2928 5158 3060 5213; x_wconf 76' lang='lat' dir='ltr'><strong>dixit</strong></span> <span class='ocrx_word' id='word_1_958' title='bbox 3079 5158 3189 5212; x_wconf 85' lang='lat' dir='ltr'><strong>fieri</strong></span> <span class='ocrx_word' id='word_1_959' title='bbox 3218 5174 3320 5211; x_wconf 88' lang='lat' dir='ltr'><strong>non</strong></span> <span class='ocrx_word' id='word_1_960' title='bbox 3341 5174 3499 5226; x_wconf 64' lang='grc' dir='ltr'>θροις</span> 
     </span>
    </p>
   </div>
   <div class='ocr_carea' id='block_1_116' title="bbox 1920 5244 3498 5324">
    <p class='ocr_par' dir='ltr' id='par_1_116' title="bbox 1920 5244 3498 5324">
     <span class='ocr_line' id='line_1_116' title="bbox 1920 5244 3498 5324; baseline -0.003 -15"><span class='ocrx_word' id='word_1_961' title='bbox 1920 5265 2052 5311; x_wconf 87' lang='lat' dir='ltr'><strong>tere.</strong></span> <span class='ocrx_word' id='word_1_962' title='bbox 2094 5255 2216 5323; x_wconf 83' lang='lat' dir='ltr'><strong>Quis</strong></span> <span class='ocrx_word' id='word_1_963' title='bbox 2254 5254 2385 5308; x_wconf 84' lang='lat' dir='ltr'><strong>enim</strong></span> <span class='ocrx_word' id='word_1_964' title='bbox 2414 5254 2614 5324; x_wconf 85' lang='lat' dir='ltr'><strong>sapiens</strong></span> <span class='ocrx_word' id='word_1_965' title='bbox 2640 5262 2685 5306; x_wconf 88' lang='lat' dir='ltr'><strong>et</strong></span> <span class='ocrx_word' id='word_1_966' title='bbox 2712 5250 3063 5320; x_wconf 80' lang='lat' dir='ltr'><strong>discipliuatus</strong></span> <span class='ocrx_word' id='word_1_967' title='bbox 3088 5249 3218 5302; x_wconf 85' lang='lat' dir='ltr'><strong>inter</strong></span> <span class='ocrx_word' id='word_1_968' title='bbox 3242 5244 3329 5301; x_wconf 69' lang='lat' dir='ltr'><strong>vos</strong></span> <span class='ocrx_word' id='word_1_969' title='bbox 3342 5249 3366 5301; x_wconf 85' lang='lat'><strong><em>?</em></strong></span> <span class='ocrx_word' id='word_1_970' title='bbox 3399 5246 3498 5304; x_wconf 51' lang='lat' dir='ltr'><strong>0s:</strong></span> 
     </span>
    </p>
   </div>
   <div class='ocr_carea' id='block_1_117' title="bbox 1920 5338 3497 5412">
    <p class='ocr_par' dir='ltr' id='par_1_117' title="bbox 1920 5338 3497 5412">
     <span class='ocr_line' id='line_1_117' title="bbox 1920 5338 3497 5412; baseline -0.005 -14"><span class='ocrx_word' id='word_1_971' title='bbox 1920 5344 2084 5398; x_wconf 82' lang='lat' dir='ltr'><strong>tendat</strong></span> <span class='ocrx_word' id='word_1_972' title='bbox 2113 5360 2175 5398; x_wconf 67' lang='lat' dir='ltr'><strong>ex</strong></span> <span class='ocrx_word' id='word_1_973' title='bbox 2195 5344 2323 5397; x_wconf 89' lang='lat' dir='ltr'><strong>bona</strong></span> <span class='ocrx_word' id='word_1_974' title='bbox 2343 5342 2714 5397; x_wconf 73' lang='lat' dir='ltr'><strong>conversatione</strong></span> <span class='ocrx_word' id='word_1_975' title='bbox 2733 5341 3070 5412; x_wconf 84' lang='lat' dir='ltr'><strong>operationem</strong></span> <span class='ocrx_word' id='word_1_976' title='bbox 3093 5355 3235 5393; x_wconf 85' lang='lat' dir='ltr'><strong>suam</strong></span> <span class='ocrx_word' id='word_1_977' title='bbox 3273 5338 3325 5390; x_wconf 87' lang='lat' dir='ltr'><strong>in</strong></span> <span class='ocrx_word' id='word_1_978' title='bbox 3353 5354 3497 5390; x_wconf 83' lang='lat' dir='ltr'><strong>nian-</strong></span> 
     </span>
    </p>
   </div>
   <div class='ocr_carea' id='block_1_118' title="bbox 1919 5427 3502 5501">
    <p class='ocr_par' dir='ltr' id='par_1_118' title="bbox 1919 5427 3502 5501">
     <span class='ocr_line' id='line_1_118' title="bbox 1919 5427 3502 5501; baseline -0.003 -14"><span class='ocrx_word' id='word_1_979' title='bbox 1919 5434 2177 5488; x_wconf 87' lang='lat' dir='ltr'><strong>snetudiue</strong></span> <span class='ocrx_word' id='word_1_980' title='bbox 2197 5433 2474 5501; x_wconf 68' lang='lat' dir='ltr'><strong>sapientia’.</strong></span> <span class='ocrx_word' id='word_1_981' title='bbox 2520 5429 2667 5497; x_wconf 84' lang='lat' dir='ltr'><strong>Quod</strong></span> <span class='ocrx_word' id='word_1_982' title='bbox 2700 5431 2745 5483; x_wconf 86' lang='lat' dir='ltr'><strong>si</strong></span> <span class='ocrx_word' id='word_1_983' title='bbox 2771 5430 2931 5483; x_wconf 78' lang='lat' dir='ltr'><strong>zelum</strong></span> <span class='ocrx_word' id='word_1_984' title='bbox 2956 5445 3186 5481; x_wconf 87' lang='lat' dir='ltr'><strong>amarum</strong></span> <span class='ocrx_word' id='word_1_985' title='bbox 3225 5427 3414 5480; x_wconf 75' lang='lat' dir='ltr'><strong>hbetis</strong></span> <span class='ocrx_word' id='word_1_986' title='bbox 3454 5437 3502 5483; x_wconf 79' lang='lat' dir='ltr'><strong>et</strong></span> 
     </span>
    </p>
   </div>
   <div class='ocr_carea' id='block_1_119' title="bbox 1919 5520 3497 5592">
    <p class='ocr_par' dir='ltr' id='par_1_119' title="bbox 1919 5520 3497 5592">
     <span class='ocr_line' id='line_1_119' title="bbox 1919 5520 3497 5592; baseline -0.006 -14"><span class='ocrx_word' id='word_1_987' title='bbox 1919 5524 2251 5578; x_wconf 80' lang='lat' dir='ltr'><strong>contentiones</strong></span> <span class='ocrx_word' id='word_1_988' title='bbox 2288 5523 2337 5575; x_wconf 88' lang='lat' dir='ltr'><strong>in</strong></span> <span class='ocrx_word' id='word_1_989' title='bbox 2367 5522 2597 5578; x_wconf 78' lang='lat' dir='ltr'><strong>cordibus</strong></span> <span class='ocrx_word' id='word_1_990' title='bbox 2624 5521 2796 5575; x_wconf 74' lang='lat' dir='ltr'><strong>vestris</strong></span> <span class='ocrx_word' id='word_1_991' title='bbox 2816 5561 2830 5587; x_wconf 96' lang='lat'><strong>,</strong></span> <span class='ocrx_word' id='word_1_992' title='bbox 2848 5520 3018 5575; x_wconf 75' lang='lat' dir='ltr'><strong>&quot;nolite</strong></span> <span class='ocrx_word' id='word_1_993' title='bbox 3054 5520 3262 5592; x_wconf 82' lang='lat' dir='ltr'><strong>gloriari</strong></span> <span class='ocrx_word' id='word_1_994' title='bbox 3287 5529 3330 5571; x_wconf 85' lang='lat' dir='ltr'><strong>ct</strong></span> <span class='ocrx_word' id='word_1_995' title='bbox 3359 5533 3497 5581; x_wconf 76' lang='lat' dir='ltr'><strong>mcu-</strong></span> 
     </span>
    </p>
   </div>
   <div class='ocr_carea' id='block_1_120' title="bbox 1987 5714 2667 5778">
    <p class='ocr_par' dir='ltr' id='par_1_120' title="bbox 1987 5714 2667 5778">
     <span class='ocr_line' id='line_1_120' title="bbox 1987 5714 2667 5778; baseline 0 -14"><span class='ocrx_word' id='word_1_996' title='bbox 1987 5719 1997 5747; x_wconf 83' lang='grc'>¹</span> <span class='ocrx_word' id='word_1_997' title='bbox 2030 5714 2194 5765; x_wconf 69' lang='lat' dir='ltr'><strong>t‘liires</strong></span> <span class='ocrx_word' id='word_1_998' title='bbox 2220 5723 2344 5778; x_wconf 80' lang='lat' dir='ltr'><strong>\lss.,</strong></span> <span class='ocrx_word' id='word_1_999' title='bbox 2371 5714 2573 5767; x_wconf 86' lang='lat' dir='ltr'><strong>donante</strong></span> <span class='ocrx_word' id='word_1_1000' title='bbox 2595 5726 2667 5776; x_wconf 79' lang='lat' dir='ltr'><strong>eo,</strong></span> 
     </span>
    </p>
   </div>
  </div>
