3994 6178
497 317 606 375 155
1153 320 1180 338 “

501 436 650 488 doces
676 451 781 490 esse
807 435 1045 488 adversus
1069 431 1340 485 veritatem.
1375 428 1493 481 Non
1513 435 1585 480 est
1609 424 1707 478 ista
1732 417 1979 497 sapientia
1999 417 2088 469 de-

498 543 698 582 sursum
739 524 1038 580 descendens
1057 565 1072 589 ,
1103 522 1192 576 sed
1237 532 1434 575 terrena
1453 561 1469 585 ,
1515 514 1784 580 animalis,
1816 509 2084 565 diabolica.

501 617 602 674 Ubi
629 618 758 672 enim
783 618 920 670 zelus
964 625 1010 670 et
1038 615 1286 669 contentio
1305 655 1318 678 ,
1349 613 1420 666 ibi
1455 610 1825 672 inconstantia,
1857 614 1904 659 et
1941 617 2089 657 omne

497 725 625 778 opus
661 725 889 778 pravum.
933 707 1060 774 Qui:
1082 715 1250 758 autem
1275 705 1534 756 desursum
1561 709 1634 754 est
1670 697 1952 768 sapientia,
1983 694 2090 765 pri-

496 814 632 850 mum
657 798 856 867 quidem
885 797 1069 866 pudica
1092 805 1184 854 est.
1217 795 1396 847 deinde
1423 791 1658 863 paci/ica,
1685 790 1931 852 modesta,
1960 803 2086 840 sua-

493 888 664 942 dibilis
683 929 695 947 .
725 888 873 956 plena
899 886 1242 940 misericordia
1262 896 1306 938 et
1333 882 1578 955 fructibus
1611 881 1749 935 bonis
1769 921 1786 946 ,
1813 878 2088 934 intestima-

495 978 608 1030 bilis
629 1019 643 1040 ,
671 979 778 1030 sine
797 978 1116 1030 sinudatione
1140 976 1343 1034 (Jacobi
1372 990 1424 1028 ιιι
1446 1015 1460 1032 .
1497 974 1561 1028 ιο
1579 1014 1594 1036 ,
1635 973 1829 1040 15-17).
1866 971 1987 1022 IIa-c
2005 976 2090 1024 est

494 1069 751 1136 sapientia
783 1085 899 1134 quae
930 1071 1069 1135 lingu
1090 1085 1156 1119 un
1189 1075 1220 1119 ιι
1245 1075 1389 1129 unat,
1421 1065 1702 1120 dcsursuni
1731 1061 2082 1126 descendens,

497 1175 600 1210 non
633 1159 698 1207 ab
743 1159 972 1210 humano
1001 1157 1162 1210 corde
1192 1157 1494 1226 [)I'OSlIlt'IIS.
1527 1157 1606 1208 An
1638 1162 1692 1207 ct
1737 1153 1889 1206 ismm
1933 1165 2080 1220 quis-

495 1265 651 1316 quam
679 1248 936 1314 abrogare
959 1250 1117 1300 amlel.
1145 1249 1326 1312 gratia:
1357 1246 1471 1308 Dei,
1490 1254 1542 1298 ct
1570 1259 1686 1298 eaut
1707 1241 2083 1310 superbissima

499 1347 730 1390 \auttate
762 1338 900 1404 po..it
933 1339 982 1389 in
1029 1337 1259 1390 hominis
1287 1335 1583 1404 potestate?
1611 1331 1720 1388 Cur
1747 1349 1874 1400 ergo
1902 1342 2087 1383 oratur

497 1437 554 1480 ιιι
580 1428 884 1496 ιιι;ι·ἰιιὶιιιιιι“,
903 1428 947 1482 εἰ
973 1429 1039 1480 ab
1061 1428 1274 1481 h-nnine
1295 1437 1374 1480 est
1398 1438 1453 1480 ιιι
1481 1425 1770 1478 habeatur"
1789 1426 1868 1476 Au
1890 1434 1944 1476 et
1965 1421 2086 1476 huic

495 1519 724 1572 Orationi
755 1518 1164 1578 contradicitur,
1199 1531 1266 1572 ne
1297 1520 1384 1570 liat
1413 1515 1600 1584 injuria
1634 1515 1800 1568 libero
1824 1513 2042 1566 arbitrio
2065 1553 2082 1577 ,

493 1611 634 1679 quod
663 1611 760 1662 sibi
783 1611 974 1665 sul'licit
999 1611 1344 1679 possibilitate
1371 1618 1570 1662 natum
1598 1607 1663 1661 ad
1687 1607 1947 1676 implemla
1971 1621 2088 1658 om-

495 1703 581 1756 nia
616 1711 876 1770 praiccpta
903 1701 1158 1770 iustitiae?
1185 1701 1590 1755 Contradicatur
1617 1713 1745 1767 ergo
1769 1697 1941 1752 cidem
1983 1695 2084 1765 ipsi

494 1793 738 1862 apostolo
763 1792 962 1847 Jacobo
990 1791 1296 1846 admonenti
1323 1803 1376 1846 et
1403 1789 1598 1844 dicenti
1621 1831 1637 1855 ,
1679 1789 1742 1843 Si
1767 1789 1879 1858 quis
1917 1796 2084 1840 autent

495 1894 710 1936 vestrum
748 1884 934 1953 indiget
955 1885 1203 1952 sapientia
1223 1923 1236 1944 ,
1267 1883 1482 1952 postulet
1509 1899 1540 1933 a
1569 1881 1677 1934 Deo
1698 1921 1711 1941 ,
1737 1880 1823 1949 qui
1859 1879 1948 1931 dat
1977 1895 2085 1932 om-

495 1973 641 2027 nibus
663 1975 920 2045 afﬂuenter
938 1985 984 2028 et
1009 1991 1108 2027 non
1130 1974 1458 2044 improperat,
1489 1981 1534 2026 et
1559 1971 1762 2024 dabitur
1791 1971 1836 2023 ei
1865 1985 1884 2024 :
1912 1978 2088 2039 postu-

493 2065 560 2118 let
580 2076 747 2119 autem
767 2065 819 2118 in
845 2065 946 2133 ﬁde
970 2065 1098 2118 nihil
1119 2065 1356 2118 [ursimus
1385 2063 1495 2132 (td.
1520 2078 1556 2124 ι,
1577 2061 1650 2134 5).
1686 2061 1808 2115 IILBC
1827 2069 1910 2116 est
1929 2061 2082 2124 (idos,

494 2155 558 2208 ad
587 2171 742 2222 quam
764 2165 1024 2227 princepta
1052 2155 1477 2224 conipollunt,ut
1503 2154 1586 2207 lex
1615 2153 1859 2220 imperet,
1879 2160 1932 2204 et
1954 2151 2084 2206 lides

493 2255 760 2312 impetret.
806 2246 905 2299 Per
931 2245 1165 2315 linguam
1191 2245 1334 2300 enim
1357 2287 1372 2309 ,
1401 2259 1558 2314 quam
1600 2243 1776 2296 nullus
1806 2241 2081 2296 hominum

493 2334 712 2391 domare
771 2346 989 2406 potest,
1049 2337 1144 2390 sed
1199 2337 1460 2404 sapientia
1514 2335 1793 2387 desursmn
1852 2333 2082 2388 descen-

490 2427 663 2494 dens,
702 2429 756 2480 in
794 2429 966 2481 multis
1003 2419 1307 2494 o/fendimus
1345 2443 1514 2480 omnes
1561 2425 1668 2493 (Id.
1716 2441 1804 2489 ιιι,
1843 2425 1922 2495 9.).
1969 2425 2082 2482 Non

493 2521 637 2576 enim
659 2531 710 2574 et
737 2520 838 2575 hoc
865 2520 966 2574 iste
989 2520 1262 2588 apostolus
1287 2519 1392 2573 alio
1410 2517 1567 2572 modo
1586 2517 1956 2586 pronuntiavit,
1986 2517 2084 2572 tic-

495 2619 553 2665 ιιι
599 2611 727 2666 iIlnd
771 2611 912 2682 quod
955 2612 1062 2679 ait,
1089 2611 1343 2683 Linguam
1384 2609 1556 2664 nullus
1597 2609 1854 2662 hominum
1877 2607 2085 2664 donare

495 2711 674 2772 potest.

563 2795 789 2852 CAPUT
835 2794 1000 2851 XVII.
1029 2825 1103 2836 —
1133 2793 1218 2850 I8.
1256 2792 1318 2848 in
1363 2809 1513 2848 carne
1553 2809 1660 2848 esse
1699 2793 1785 2862 qui
1827 2791 2080 2845 dicantur.

493 2885 807 2958 Ignorantia:
835 2895 1052 2956 peccata.
1085 2885 1278 2950 Quibus
1323 2883 1600 2953 petentibus
1628 2883 1774 2936 detur
1800 2899 1832 2935 a
1865 2881 1966 2936 Deo
1993 2897 2080 2936 sae

493 2979 702 3047 picntia.
734 2979 842 3032 Nec
883 2979 1007 3032 illml
1040 2982 1316 3046 quisquam
1359 2978 1474 3031 istis
1515 2991 1612 3046 pro
1656 2975 2082 3046 impossibilitate

495 3085 600 3121 non
633 3068 883 3138 peccandi
905 3068 1151 3122 similiter
1169 3060 1444 3136 objecerit,
1463 3065 1603 3135 quod
1626 3064 1822 3119 dictum
1843 3070 1956 3118 est:
1979 3061 2084 3118 Sac

495 3159 682 3227 pientia
711 3159 876 3211 carnis
900 3159 1105 3210 inimica
1131 3167 1204 3212 est
1242 3158 1294 3210 in
1323 3156 1484 3209 Deum
1515 3171 1534 3208 :
1564 3155 1658 3225 legi
1685 3155 1819 3208 enim
1858 3153 1954 3207 Dei
1981 3169 2081 3208 non

495 3259 568 3302 est
595 3249 854 3313 subiecta;
881 3267 969 3304 nec
995 3251 1127 3304 enim
1153 3260 1327 3320 potest.
1358 3249 1459 3317 Qui
1482 3258 1648 3302 autem
1673 3248 1724 3302 in
1747 3265 1898 3302 carne
1923 3257 2040 3302 sunt
2062 3288 2078 3314 ,

495 3340 604 3394 Deo
624 3341 821 3410 placere
841 3357 940 3394 non
967 3351 1172 3408 possunt
1199 3341 1372 3412 (Rom.
1405 3357 1492 3395 vnt
1513 3383 1528 3406 ,
1561 3341 1592 3394 7
1613 3380 1628 3403 ,
1651 3339 1730 3408 8).
1756 3339 2080 3409 Sapientiam

493 3431 692 3500 quippe
717 3433 894 3486 carnis
913 3431 1066 3496 dixit,
1091 3448 1194 3486 non
1223 3431 1534 3500 sapientiam
1561 3431 1838 3485 desursum
1861 3431 2084 3487 descen-

494 3521 710 3574 dentem
733 3539 745 3575 :
765 3532 815 3574 et
843 3523 893 3574 in
914 3537 1073 3577 carne
1099 3538 1238 3586 esse,
1261 3538 1362 3576 non
1390 3538 1482 3576 cos
1508 3524 1596 3590 qui
1624 3522 1856 3576 umidum
1882 3523 1948 3576 de
1963 3537 2083 3577 cor-

499 3625 626 3677 pore
655 3612 922 3678 exierunt,
951 3613 1044 3666 sed
1075 3627 1168 3668 eos
1195 3612 1284 3683 qui
1312 3613 1603 3670 secundum
1631 3629 1848 3668 carnem
1876 3615 2078 3679 vivunt,

495 3701 819 3770 signiticatos
856 3718 976 3757 esse
1007 3705 1340 3757 manifestum
1369 3713 1472 3758 est.
1519 3703 1632 3757 Non
1663 3713 1838 3758 autem
1887 3704 1954 3758 ibi
1999 3711 2084 3758 est

495 3800 719 3860 qua-stin
744 3807 862 3860 qua:
890 3803 1150 3846 versatur.
1177 3793 1306 3846 Illud
1337 3801 1418 3846 εει
1437 3793 1579 3862 quod
1609 3804 1864 3862 exspecto
1892 3793 1960 3846 ab
1981 3794 2082 3846 isto

495 3881 680 3934 audire
705 3882 748 3934 si
783 3883 1013 3949 possim,
1041 3897 1134 3936 cos
1158 3884 1245 3951 qni
1274 3883 1564 3936 secundum
1590 3882 1832 3950 spiritum
1861 3883 2076 3947 vivunt,

494 3979 551 4024 ιιι
574 3971 643 4022 ob
670 3969 771 4025 hoc
791 3971 950 4024 etiam
983 3972 1065 4026 hic
1087 3971 1258 4025 adhuc
1281 3973 1514 4026 viventes
1534 3971 1644 4041 jam
1673 3972 1900 4042 quodam
1924 3973 2082 4028 modo

497 4062 548 4113 in
573 4074 734 4114 carne
763 4077 866 4114 non
895 4071 1040 4126 sunt,
1073 4071 1246 4114 utrum
1273 4063 1438 4132 gratia
1469 4063 1558 4115 ι)ιοὶ
1590 4063 1765 4115 vivant
1789 4063 2082 4118 secundum

495 4151 775 4218 spiritum;
807 4165 873 4204 an
914 4152 1013 4205 sibi
1045 4152 1342 4216 sufﬁciant,
1383 4152 1493 4220 jam
1519 4151 1640 4206 data
1684 4168 1805 4207 cum
1834 4162 2084 4208 creantur

492 4241 843 4310 possibilitate
883 4252 1084 4296 natura:
1104 4285 1118 4308 ,
1151 4252 1207 4298 et
1232 4259 1326 4296 sua
1371 4243 1581 4312 propria
1614 4243 1884 4298 voluntate
1915 4261 1928 4298 :
1961 4259 2080 4299 cum

497 4332 766 4399 plenitudo
795 4333 924 4403 legis
951 4349 1054 4387 non
1085 4335 1154 4387 sit
1179 4334 1277 4388 nisi
1303 4334 1536 4388 Charitas
1566 4332 1676 4404 (id.
1710 4350 1800 4388 xm
1823 4375 1837 4397 ,
1870 4335 1955 4406 10)
1980 4375 1995 4399 ,
2027 4345 2083 4390 et

493 4419 726 4477 charitas
756 4424 844 4476 Dci
873 4424 1061 4478 dill'usa
1088 4425 1155 4477 sit
1198 4424 1249 4478 in
1277 4424 1529 4479 cordibus
1575 4426 1802 4491 nostris,
1836 4441 1941 4480 non
1984 4442 2084 4497 per

493 4529 591 4568 nos
617 4514 780 4583 ipsos,
799 4517 892 4568 sed
920 4531 1015 4584 per
1038 4516 1292 4584 Spiritum
1314 4526 1554 4570 sauctmn
1582 4517 1670 4586 qui
1697 4515 1852 4571 datus
1879 4527 1962 4572 est
1984 4534 2082 4572 no-

493 4607 574 4661 bis
596 4605 704 4676 (Id.
725 4607 877 4674 v,'5).
1119 4604 1124 4608 ’

566 4699 650 4752 19.
683 4697 896 4752 Tractat
938 4699 1100 4754 etiam
1127 4698 1226 4754 iste
1260 4698 1326 4752 de
1369 4698 1602 4768 peccatis
1638 4699 1986 4769 ignorantiae,
2027 4707 2083 4756 et

491 4789 655 4853 dicit,
693 4809 712 4843 ι
768 4789 1036 4844 hominem
1087 4789 1418 4860 przrvigilare
1470 4789 1665 4866 debere
1719 4807 1786 4843 ne
1829 4791 2079 4860 ignoret;

497 4899 516 4931 ι
565 4880 789 4952 ideoque
816 4897 936 4936 esse
959 4879 1272 4950 culpandam
1297 4879 1668 4950 ignorantiam,
1695 4879 1816 4948 quia
1841 4880 1890 4933 id
1919 4879 2080 4934 homo

497 4989 515 5023 ι
566 4951 730 5026 nescit
757 4972 1071 5042 negligentia
1097 4985 1213 5034 sua,
1243 4970 1382 5040 quod
1419 4969 1650 5026 adhibita
1675 4971 1944 5042 diligentia
1971 4970 2076 5024 sci-

495 5081 514 5116 ι
563 5079 619 5118 re
638 5061 908 5118 debuisset
941 5083 955 5120 :
989 5082 1008 5114 ι
1041 5063 1165 5116 dum
1197 5071 1374 5117 tamen
1409 5063 1584 5115 omnia
1615 5063 1789 5130 potius
1811 5062 2076 5132 disputet,

489 5169 648 5223 quam
685 5164 745 5208 ut
785 5164 902 5208 oret
930 5162 984 5208 et
1011 5153 1186 5219 dicat,
1218 5151 1296 5206 Da
1323 5153 1446 5205 milii
1469 5149 1778 5206 intellectum
1806 5163 1859 5205 ut
1885 5153 2079 5206 discant

494 5245 726 5297 mandata
743 5255 829 5298 tua
853 5243 1020 5316 (Psal.
1039 5260 1218 5308 cwut,
1244 5245 1364 5316 75).
1389 5243 1542 5299 Aliud
1560 5253 1642 5301 est
1667 5245 1830 5311 enim,
1859 5259 1965 5300 non
1994 5259 2080 5300 cu-

489 5348 633 5387 rasse
659 5335 795 5390 scire
813 5377 830 5400 ,
859 5353 977 5404 qtae
999 5335 1334 5406 negligentia:
1365 5345 1577 5405 pere-ita
1603 5336 1763 5390 etiam
1787 5348 1882 5404 per
1907 5335 2077 5391 sacri-

490 5424 606 5477 licia
629 5426 872 5494 qumdam
893 5426 1026 5498 legis
1046 5427 1361 5482 videbantur
1381 5427 1582 5498 expiari
1621 5445 1634 5478 :
1671 5426 1847 5492 aliud,
1879 5427 2074 5484 intelli-

485 5528 612 5583 gere
644 5515 780 5570 velle
802 5555 820 5580 ,
851 5531 950 5570 nec
973 5532 1160 5586 posse,
1206 5529 1260 5574 ει
1289 5517 1464 5573 facere
1500 5527 1684 5574 Contra
1728 5518 1896 5588 legem
1916 5557 1930 5579 ,
1971 5531 2076 5572 non

487 5605 834 5676 intelligendo
861 5607 985 5678 quid
1028 5609 1138 5664 ﬁeri
1181 5610 1326 5664 velit.
1357 5609 1508 5666 Unde
1536 5610 1884 5664 admonemur
1907 5627 1933 5663 a
1969 5611 2077 5664 Dco

489 5705 668 5769 petere
697 5698 1006 5769 sapientiam
1029 5740 1044 5768 ,
1071 5701 1155 5770 qui
1185 5701 1270 5755 dat
1297 5702 1522 5757 omnibus
1549 5701 1816 5771 afﬂuenter
1854 5743 1866 5768 ,
1893 5703 2072 5773 utique

1445 313 1532 367 υε
1571 307 1849 366 ΝΛἩΞΚΛ
1894 303 1982 359 ΕΤ
2022 301 2299 368 ΟΒᾹΤΙᾹ,
2339 303 2404 357 S.
2450 303 2818 361 AUGUSTINI

3673 312 3782 371 256

2196 411 2279 470 his
2298 415 2546 474 cronibus
2570 419 2660 488 qui
2685 417 2762 474 sic
2778 427 2964 488 petunt
2982 428 3036 476 ει
3063 429 3263 476 tantum
3283 429 3492 492 petunt,
3513 424 3784 496 quomodo

2193 513 2248 560 et
2283 515 2538 576 quantum
2571 524 2656 564 res
2686 517 2829 564 tanta
2862 509 3089 579 petenda
3111 520 3214 566 est.

2265 597 2492 655 CAPUT
2531 599 2716 655 Χνιιι.
2736 600 2912 657 -ειλ
2940 601 3103 670 ριιαιιι
3130 603 3407 658 orationem
3427 601 3676 677 Pelagius
3697 624 3784 666 u-

2191 694 2458 746 cessariam
2498 693 2776 748 admiserit.
2817 712 2839 748 ι
2875 695 3134 751 Diviuitus
3169 706 3344 752 tamen
3373 711 3494 753 esse
3520 699 3782 769 expianda

2199 801 2220 834 ι
2267 793 2479 852 peccata
2503 787 2819 851 commissa,
2851 795 2908 841 et
2943 801 3039 856 pro
3092 787 3170 842 eis
3219 787 3502 842 Dominum
3549 803 3785 845 exoran-

2197 891 2218 926 ι
2266 873 2390 928 dum
2426 893 2447 927 ι
2475 874 2694 940 fatetur,
2737 886 2953 946 propter
2997 877 3202 932 veniam
3230 879 3433 932 scilicet
3465 893 3778 947 promeren-

2191 963 2352 1024 dam:
2387 983 2407 1018 ι
2443 967 2560 1036 quia
2594 967 2643 1020 id
2683 967 2826 1036 qnml
2852 969 3044 1021 factum
3066 976 3176 1029 est,
3209 968 3384 1024 facere
3424 969 3676 1024 infectum
3703 1011 3716 1032 ,
3757 989 3778 1022 ι

2127 1077 2130 1081 ·
2191 1056 2413 1109 multum
2438 1058 2505 1110 ab
2541 1059 2640 1112 isto
2667 1057 2871 1111 laudata
2905 1075 2924 1108 ι
2967 1058 3200 1126 potentia
3235 1077 3254 1110 ι
3291 1057 3376 1112 illa
3409 1077 3428 1110 ι
3479 1071 3685 1114 natura:
3728 1072 3781 1116 et

2192 1145 2432 1198 Voluntas
2477 1146 2737 1211 hominis,
2780 1167 2807 1200 ι.
2856 1151 3013 1202 etiam
3055 1150 3169 1218 ipso
3200 1151 3432 1215 fatente,
3479 1168 3499 1201 ι
3541 1165 3646 1205 ιιιιιι
3681 1169 3780 1219 po-

2194 1243 2294 1291 test
2325 1253 2339 1288 :
2390 1255 2408 1288 ι
2445 1255 2606 1306 quare
2638 1241 2735 1291 hac
2763 1240 3079 1292 necessitate
3108 1251 3269 1293 resmt
3311 1251 3366 1294 ιιι
3410 1253 3526 1294 οι·οι
3553 1243 3777 1312 ignosci.

2194 1326 2262 1382 Ut
2288 1337 2461 1380 autem
2491 1329 2769 1395 adjuvetur
2796 1345 2862 1384 ne
2906 1339 3086 1400 peccet
3109 1371 3124 1395 ,
3173 1346 3428 1400 numquam
3457 1334 3624 1395 dixit,
3672 1349 3776 1388 non

2191 1414 2279 1470 hic
2313 1417 2413 1487 legi
2449 1460 2462 1480 ,
2491 1420 2678 1471 mirum
2719 1421 2790 1475 de
2832 1421 2928 1475 hac
2966 1437 3022 1475 re
3061 1423 3278 1476 omnino
3305 1407 3574 1477 silentium
3609 1442 3622 1478 :
3653 1441 3775 1480 cum

2190 1507 2361 1560 oratio
2401 1507 2662 1563 dnninica
2705 1519 2987 1581 utrumque
3029 1513 3313 1582 petendam
3359 1528 3480 1569 eSse
3528 1531 3774 1569 couinno-

2192 1613 2333 1668 neat,
2357 1614 2410 1658 et
2438 1614 2493 1656 ut
2512 1603 2846 1658 dimittantur
2875 1607 3028 1659 nobis
3050 1607 3224 1659 debita
3253 1617 3471 1672 nostra,
3503 1618 3555 1662 et
3582 1619 3637 1660 ut
3665 1624 3774 1664 non

2191 1693 2517 1749 ἰιιΓειίιιιιιιι·ι
2549 1697 2600 1749 in
2651 1697 2990 1764 tentationem
3019 1713 3034 1764 ;
3085 1698 3210 1752 illud
3235 1739 3252 1764 ,
3286 1707 3346 1753 ut
3393 1702 3656 1768 pranerita
3683 1717 3779 1758 ex-

2193 1785 2401 1855 pientur
2433 1803 2447 1850 ;
2481 1785 2602 1852 hoc,
2630 1799 2684 1841 ut
2714 1787 2886 1843 futura
2917 1789 3170 1844 vitentur.
3199 1790 3351 1859 Quod
3381 1791 3501 1847 licet
3530 1809 3634 1846 non
3664 1795 3774 1860 ﬁat,

2190 1877 2290 1930 nisi
2311 1877 2556 1932 voluntas
2583 1879 2720 1932 adsit
2749 1893 2765 1943 ;
2795 1889 2968 1936 tmnen
3001 1892 3058 1936 ut
3085 1881 3211 1948 ﬁat,
3242 1883 3486 1938 voluntas
3516 1885 3628 1940 sola
3668 1903 3776 1942 non

2190 1967 2386 2022 sol‘ticit
2417 1985 2430 2022 :
2461 1967 2580 2023 ideo
2611 1985 2706 2038 pro
2733 1969 2830 2024 hac
2857 1986 2916 2026 re
2945 1987 3042 2026 nec
3071 1972 3340 2042 superﬂua
3371 1990 3469 2030 nec
3493 1977 3778 2046 impudens

2191 2057 2416 2112 Domino
2446 2058 2753 2114 immolatur
2777 2062 2970 2116 oratio.
3007 2062 3139 2118 Nam
3169 2067 3292 2134 quid
3325 2067 3538 2121 stultius
3558 2107 3572 2132 ,
3611 2082 3776 2138 quam

2188 2161 2343 2202 orare
2373 2159 2428 2202 ut
2457 2147 2618 2204 facias
2642 2151 2781 2220 quod
2827 2151 2878 2205 in
2909 2163 3200 2220 postestate
3228 2145 3426 2210 habeas
3455 2156 3488 2211 “to

2261 2236 2485 2295 CAPUT
2524 2239 2664 2296 XIX.
2684 2241 2860 2296 —2l.
2883 2241 3052 2314 Negat
3084 2243 3320 2316 Pelagius
3344 2257 3578 2300 naturam
3602 2249 3782 2303 huma-

2188 2343 2306 2383 nam
2325 2326 2528 2398 peccato
2543 2317 2866 2402 deprauatum
2880 2345 2967 2386 aut
2989 2346 3296 2400 corruptam.
3319 2335 3434 2392 Jatn
3466 2353 3606 2392 nunc
3635 2341 3780 2395 vide-

2190 2424 2261 2482 te,
2285 2419 2423 2486 quod
2451 2419 2517 2472 ad
2547 2436 2658 2475 rem
2685 2423 2912 2478 tiiaxime
2934 2425 3180 2494 pertinet,
3202 2426 3467 2495 quomodo
3489 2428 3778 2484 lmmanam

2187 2518 2429 2562 naturam
2458 2518 2705 2581 tanquam
2735 2515 2954 2567 omnino
2977 2515 3094 2570 sine
3122 2515 3232 2570 ullo
3264 2517 3389 2569 vitio
3419 2517 3520 2582 sit,
3550 2529 3783 2576 conetur

2186 2602 2466 2657 ostendere
2494 2645 2508 2666 .
2536 2613 2590 2657 ct
2615 2613 2798 2659 contra
2823 2606 3184 2676 apertissimas
3226 2605 3527 2678 Scripturas
3573 2610 3665 2664 Dei
3694 2611 3778 2665 Iu-

2185 2702 2359 2748 etetur
2400 2697 2656 2764 sapientia
2707 2699 2877 2764 verbi,
2931 2716 3032 2770 qua
3079 2712 3366 2756 evacuatur
3411 2717 3542 2758 crux
3569 2703 3768 2763 Christi

2189 2785 2381 2858 (lCor.
2415 2802 2462 2852 ι,
2495 2789 2561 2843 17
2582 2791 2622 2860 ).
2647 2789 2751 2844 Sed
2793 2791 2950 2861 plane
2986 2791 3074 2858 illa
3111 2809 3219 2848 non
3245 2797 3622 2866 evacuabitur,
3676 2799 3780 2858 ista

2188 2879 2366 2948 potius
2397 2881 2656 2949 sapientia
2686 2882 3040 2938 subvertetur.
3069 2884 3202 2940 Nam
3232 2903 3353 2940 cum
3386 2890 3485 2943 hoc
3518 2891 3778 2948 ostende-

2186 2967 2354 3024 rimus
2376 3011 2391 3034 ,
2423 2971 2592 3026 aderit
2620 2973 2846 3030 fortasse
2875 2975 3234 3030 misericordia
3268 2977 3358 3032 Dei
3383 3018 3402 3045 ,
3432 2989 3488 3034 ut
3516 2991 3570 3035 et
3597 2981 3778 3052 ipsum

2187 3059 2302 3115 hatc
2325 3061 2524 3116 dixisse
2549 3066 2820 3134 poeniteat.
2857 3084 2876 3118 ι
2904 3066 3084 3122 Primo
3103 3108 3116 3126 .
3146 3085 3166 3120 ι
3199 3069 3384 3140 inquit,
3417 3090 3438 3122 ι
3469 3071 3538 3128 de
3565 3089 3631 3128 eo
3656 3075 3772 3129 dis-

2189 3153 2478 3222 putandum
2503 3165 2603 3216 est,
2632 3156 2770 3225 qtuul
2796 3173 2887 3226 per
2911 3167 3182 3228 peccatum
3205 3159 3474 3216 debilitata
3503 3163 3694 3218 dicitur
3723 3175 3780 3223 ct

2187 3243 2461 3300 immutata
2504 3258 2708 3302 natura.
2741 3249 2890 3306 Unde
2917 3262 3040 3306 ante
3079 3255 3256 3307 omnia
3295 3257 3634 3324 quaerendum
3673 3273 3781 3328 pu-

2188 3346 2262 3406 to,
2285 3337 2516 3410 riuquit,
2542 3357 2561 3391 ι
2587 3341 2711 3411 quid
2737 3345 2805 3396 sit
2831 3355 3100 3412 peccatum
3133 3363 3146 3400 :
3169 3346 3460 3403 substantia
3487 3351 3679 3421 aliqua,
3707 3369 3780 3408 an

2185 3431 2753 3490 omnino'sub‘tamia
2793 3449 2983 3492 carens
3034 3453 3264 3503 nomen,
3317 3455 3423 3510 quo
3477 3457 3583 3498 non
3645 3423 3782 3512 res,

2187 3537 2294 3576 non
2330 3525 2610 3580 existcnlia
2640 3567 2655 3592 ,
2709 3542 2813 3581 non
2843 3544 3038 3599 corpus
3074 3532 3286 3600 aliquod
3311 3575 3327 3600 ,
3365 3534 3459 3588 sed
3499 3551 3781 3606 perperam

2187 3610 2309 3666 facti
2335 3622 2486 3666 actus
2511 3617 2842 3685 exprimitur.
2876 3637 2896 3672 ι
2919 3618 3116 3674 Dcimle
3142 3623 3406 3692 adjungit:
3427 3643 3446 3676 ι
3475 3627 3643 3680 Credo
3663 3669 3677 3691 ,
3707 3628 3782 3684 ita

2187 3715 2288 3760 εει.
2309 3705 2372 3759 Ει
2400 3706 2442 3758 si
2468 3707 2536 3760 ita
2563 3717 2663 3773 est,
2687 3727 2706 3760 ι
2737 3711 2923 3779 inquit,
2945 3729 2962 3762 ι
2987 3713 3253 3780 quomodo
3283 3716 3452 3784 potttit
3493 3717 3782 3776 humanam

2189 3794 2467 3852 debilitare
2494 3797 2578 3852 vel
2625 3811 2829 3854 mutare
2860 3811 3098 3856 naturam
3119 3845 3134 3869 ,
3181 3803 3323 3874 quod
3353 3807 3644 3863 substantia
3681 3824 3782 3865 ca-

2188 3898 2271 3944 ret
2311 3891 2337 3941 ?
2383 3909 2401 3942 »
2453 3891 2668 3955 Videte,
2721 3909 2930 3964 qureso,
2975 3896 3242 3964 quomodo
3293 3899 3539 3954 nesciens
3582 3901 3784 3958 nitatur

2187 3991 2430 4037 evertere
2471 3983 2864 4039 medicinalimn
2910 3986 3242 4056 eloquiorum
3283 4003 3442 4044 voces
3481 3992 3782 4047 saluberri-
3861 4039 3865 4043 .

2189 4086 2324 4127 mas.
2359 4071 2470 4143 Ego
2496 4073 2605 4128 dixi
2629 4089 2649 4128 :
2673 4073 2919 4137 Domine,
2952 4077 3186 4132 miserere
3219 4079 3316 4133 mei
3347 4097 3366 4146 ;
3393 4096 3520 4134 sana
3556 4081 3783 4138 animam

2188 4179 2350 4218 meam
2375 4207 2390 4229 ,
2421 4166 2538 4230 quia
2563 4167 2761 4234 peccavi
2786 4165 2874 4219 tibi
2900 4165 3080 4236 (Psal.
3109 4184 3212 4236 ιιι..
3242 4171 3312 4242 5)
3365 4171 3502 4240 Quid
3533 4182 3780 4242 sanatur,

2189 4253 2232 4308 si
2265 4244 2392 4309 nihil
2424 4263 2509 4311 est
2546 4256 2911 4320 vulneratum,
2945 4257 3078 4312 nihil
3109 4262 3432 4326 sauciatam,
3467 4261 3594 4317 nihil
3625 4263 3783 4320 debi-

2187 4345 2394 4402 litatum
2439 4357 2599 4418 atque
2628 4349 2866 4402 vitiatum
2895 4349 2920 4402 ἲ
2955 4350 3120 4405 Porro
3165 4353 3208 4406 si
3238 4361 3320 4406 cst
3354 4353 3496 4424 quod
3525 4365 3779 4425 sanetur,

2191 4439 2332 4496 unde
2366 4440 2610 4496 vitiatum
2634 4452 2712 4496 est
2741 4443 2764 4496 ’ἔ
2794 4443 2958 4497 Audis
2987 4445 3326 4502 confitentem
3359 4465 3372 4500 :
3401 4448 3525 4517 quid
3555 4449 3779 4504 deside-

2186 4547 2277 4586 ras
2310 4533 2666 4602 diSputantem
2695 4533 2720 4588 ?
2751 4535 2914 4603 Sana,
2957 4537 3162 4607 inquit,
3202 4539 3425 4593 anintam
3463 4559 3644 4595 meam.
3691 4543 3782 4598 Ab

2165 4623 2274 4678 .illo
2299 4639 2512 4694 quone,
2545 4625 2682 4680 unde
2709 4627 2948 4680 vitiatum
2987 4629 3086 4694 sit,
3112 4629 3252 4700 quod
3283 4631 3458 4684 sanari
3487 4643 3636 4702 rogit
3665 4651 3678 4686 :
3717 4645 3779 4688 et

2185 4716 2314 4772 audi
2355 4719 2497 4787 quod
2545 4720 2818 4789 sequitur,
2852 4719 3102 4786 Quoniam
3129 4723 3327 4789 peccavi
3351 4723 3459 4777 tibi.
3499 4723 3648 4778 llunc
3675 4725 3784 4782 iste

2185 4807 2508 4878 interroget,
2537 4809 2606 4863 ab
2645 4810 2748 4866 ἱειο
2786 4820 2990 4880 quaerat
3033 4813 3174 4881 quod
3204 4813 3551 4883 quzerendum
3584 4824 3777 4884 putat,

2185 4908 2239 4954 et
2267 4899 2408 4954 dicat
2433 4917 2447 4954 :
2475 4899 2520 4954 0
2547 4910 2601 4954 ιιι
2629 4901 2717 4969 qui
2742 4903 2942 4956 clamas
2961 4944 2976 4967 ,
3007 4901 3152 4958 Sana
3172 4904 3399 4957 animam
3427 4921 3618 4969 meam,
3646 4921 3784 4975 quo-

2185 4994 2322 5048 niam
2346 4994 2546 5064 peccavi
2576 4994 2706 5060 tibi,
2747 4995 2872 5066 quid
2915 5005 2998 5051 est
3035 4997 3364 5068 peccatum?
3409 5015 3429 5050 ι
3479 4997 3780 5054 substantia

2183 5087 2394 5158 aliqua,
2432 5103 2500 5143 an
2541 5088 2762 5144 omnino
2803 5089 3097 5144 substantia
3146 5105 3336 5146 carens
3379 5106 3576 5147 nomen
3603 5131 3620 5159 ,
3667 5106 3782 5160 quo

2184 5195 2290 5235 non
2338 5195 2428 5237 res
2451 5222 2466 5246 ,
2512 5197 2619 5236 non
2658 5181 2936 5236 existentia
2963 5222 2979 5249 ,
3012 5195 3118 5236 non
3159 5195 3354 5252 corpus
3383 5182 3596 5250 aliquod
3621 5223 3636 5244 ,
3677 5183 3782 5239 sed

2185 5280 2388 5326 tantum
2425 5287 2703 5342 perperam
2745 5271 2869 5328 facti
2895 5280 3045 5328 actus
3071 5273 3434 5342 exprimitur?
3470 5291 3490 5326 ι
3527 5273 3781 5342 Respon-

2183 5363 2274 5420 det
2301 5364 2387 5419 ille
2432 5381 2446 5418 :
2481 5363 2556 5418 Ita
2593 5373 2676 5418 est
2713 5371 2770 5417 ut
2808 5363 2987 5426 dicis;
3029 5379 3136 5418 non
3172 5373 3255 5419 est
3279 5374 3554 5434 peccatum
3595 5362 3780 5434 aliqua

2183 5455 2497 5522 substantia,
2519 5455 2613 5511 sed
2641 5463 2844 5511 tantum
2863 5455 2964 5512 hoc
2988 5455 3203 5512 nomine
3223 5470 3502 5528 perperam
3531 5453 3656 5510 tacti
3679 5467 3776 5510 ac-

2249 5650 2264 5682 ¹
2291 5655 2470 5698 Omnes
2486 5646 2596 5699 fere
2615 5655 2740 5706 Μεε..
2757 5647 3047 5700 inducamur

2250 5713 2268 5743 ³
2305 5709 2527 5774 Plerique
2543 5717 2634 5760 Mss
2657 5743 2672 5774 ,
2695 5723 2839 5762 omns.
