4002 6178
225 251 330 306 25'!

221 381 308 424 tus
335 369 690 439 exprimitur.
739 367 803 422 Et
841 374 1025 423 contra
1049 369 1149 422 iste
1189 386 1204 422 :
1245 367 1382 436 Quid
1427 383 1551 437 ergo
1581 371 1820 432 clamas,

135 489 140 494 -
221 463 368 516 Sana
405 461 632 515 animam
661 477 822 514 meam
847 501 862 526 ,
890 460 1130 530 quoniam
1157 460 1360 530 peccavi
1388 459 1473 512 tibi
1501 459 1826 527 ?Quomodo

223 553 394 623 pﬂltlil
433 553 628 608 vitiare
667 551 898 604 animam
942 547 1086 605 luam
1130 552 1268 622 quod
1299 553 1590 606 substantia
1632 553 1826 608 caret?

223 640 412 698 Nonne.
441 641 531 695 ille
569 657 800 696 mmrore
825 641 1102 695 conlectus
1131 642 1364 696 vulneris
1397 645 1474 696 sui
1501 683 1514 702 .
1547 659 1612 696 ne
1637 641 1822 711 tlisptt-

223 735 426 788 talione
465 735 534 788 ab
573 735 816 794 oratione
851 743 1184 788 averteretur
1211 775 1224 794 .
1259 735 1490 789 breviter
1533 737 1826 803 responde-

223 837 298 880 ret
331 833 386 880 et
415 825 620 879 diceret
655 843 671 879 :
705 825 915 880 “ccede
943 841 972 878 ει
1005 841 1126 888 me,
1169 825 1393 878 obsecro
1423 843 1435 876 :
1468 843 1586 878 cum
1613 826 1701 878 illo
1731 841 1824 894 po-

225 918 326 971 tius
355 919 568 988 disputa
593 958 610 983 ,
640 919 682 970 si
725 927 877 988 potes
902 960 915 982 ,
954 919 1042 987 qui
1075 917 1242 978 dixit,
1287 916 1402 970 Non
1434 929 1504 970 est
1531 935 1656 984 opus
1684 919 1822 971 sanis

221 1009 464 1074 mrdicns,
491 1009 582 1062 sed
602 1009 964 1078 n-grotantibus
997 1026 1014 1062 :
1040 1026 1140 1062 non
1169 1010 1278 1061 t-cni
1303 1025 1478 1062 vacare
1494 1011 1660 1076 justas
1683 1047 1698 1073 ,
1731 1008 1820 1061 sed

223 1113 507 1166 peccatores
533 1101 551 1171 (
577 1100 764 1154 Matth.
792 1117 872 1166 nt,
907 1101 990 1162 1‘2,
1025 1101 1118 1170 15)
1153 1118 1164 1162 ;
1201 1101 1284 1152 ubi
1314 1101 1486 1168 justus
1516 1102 1694 1171 utique
1734 1115 1820 1156 sa-

221 1208 320 1246 nos
339 1233 356 1257 ,
389 1203 700 1258 peccatores
730 1205 905 1246 autem
943 1193 1224 1259 appellavit
1253 1201 1480 1260 a-grotos
1505 1191 1528 1244 Ἰ

285 1281 521 1336 CAPUT
545 1279 664 1335 XX.
683 1281 864 1334 —9.'2.
899 1279 1134 1342 Peccato,
1162 1290 1204 1332 et
1231 1282 1274 1333 si
1295 1279 1572 1334 substantia
1603 1297 1702 1334 non
1732 1281 1816 1348 sit,

217 1374 474 1440 quomodo
501 1373 670 1425 vitiari
693 1383 876 1424 natura
897 1373 1132 1440 potuerit.
1156 1371 1455 1430 (Βυτιιιιίμιιυ
1482 1387 1586 1440 quo
1612 1375 1814 1437 tendat,

216 1471 268 1516 et
321 1479 432 1530 quo
477 1479 668 1517 manus
711 1466 944 1532 porrigat
985 1462 1095 1515 Ιι.ιο(;
1137 1462 1470 1530 diSputatio?
1513 1471 1568 1514 ut
1601 1464 1820 1516 otnuino

214 1553 410 1607 frustra
451 1553 652 1608 dictum
695 1565 941 1622 putetur,
1000 1551 1206 1604 i’ocabts
1237 1569 1412 1604 nomen
1453 1553 1561 1621 ejus
1591 1551 1817 1618 Jesmn;

213 1645 322 1712 ipsc
342 1645 478 1698 enim
503 1645 700 1698 salttum
732 1645 880 1714 faciet
912 1665 924 1708 ι
945 1662 1040 1714 opu
1051 1643 1154 1695 lum
1181 1661 1327 1696 suum
1356 1661 1386 1694 a
1405 1647 1620 1714 peccatis
1645 1663 1818 1697 eorum

209 1735 332 1804 (Id.
361 1751 414 1802 ι,
437 1737 500 1790 9.!
529 1745 568 1804 ι.
601 1737 879 1804 Quomodo
907 1738 1046 1789 enim
1089 1737 1296 1790 salvum
1327 1739 1477 1790 iacit-1
1504 1779 1517 1800 ,
1555 1738 1638 1788 ubi
1675 1739 1812 1792 nulla

214 1839 294 1882 est
323 1829 590 1898 :egritudo
619 1831 642 1882 ?
673 1829 892 1882 Peccata
921 1829 1118 1897 quippe
1138 1869 1152 1890 .
1201 1846 1228 1880 ει
1269 1829 1460 1896 quibus
1487 1829 1613 1882 tilCll
1645 1829 1820 1883 Evan-

215 1919 416 1989 gelium
445 1921 656 1974 salvum
689 1919 984 1972 iaciendum
1015 1919 1264 1986 pupulum
1290 1919 1489 1972 (Ibi-isti
1518 1961 1531 1982 ,
1568 1920 1816 1974 substan-

219 2011 304 2062 tia:
329 2025 440 2062 non
461 2019 607 2073 sunt,
637 2019 690 2062 et
715 2009 1006 2062 secundum
1031 2011 1186 2062 istum
1219 2011 1404 2062 vitiare
1439 2025 1542 2062 non
1571 2021 1812 2078 possunt.

221 2099 264 2154 0
299 2099 502 2163 frater,
550 2099 744 2152 bonum
773 2109 853 2153 est
885 2109 940 2153 nt
981 2100 1287 2154 memineris
1329 2109 1379 2154 te
1420 2115 1538 2154 esse
1568 2101 1816 2156 cbrisria-

219 2207 368 2244 num.
395 2190 638 2246 Credere
659 2191 758 2244 ista
787 2191 1010 2246 fortasse
1031 2191 1302 2246 snl‘ticeret
1327 2209 1340 2244 :
1364 2194 1456 2246 sed
1488 2204 1662 2248 tamen
1694 2197 1815 2263 quia

217 2279 494 2350 disputare
530 2285 609 2336 vis
631 2321 648 2346 ,
681 2296 780 2336 nec
815 2283 1000 2348 oin-5t,
1035 2283 1144 2336 imo
1173 2283 1334 2337 etiam
1373 2285 1616 2352 ιιι-ιιάρει,
1647 2286 1690 2338 si
1723 2287 1814 2340 lir-

217 2373 454 2428 missima
505 2374 772 2443 pnecedat
815 2374 990 2438 lidcs;
1044 2389 1142 2428 nec
1186 2376 1550 2430 existimemus
1597 2390 1814 2445 peccato

221 2453 466 2520 naturam
497 2471 782 2519 lnnuauam
813 2481 914 2519 nou
947 2481 1102 2534 posse
1129 2467 1298 2519 vitiari
1321 2509 1334 2528 ,
1367 2467 1458 2520 sed
1486 2469 1676 2521 divinis
1705 2485 1816 2524 cre-

219 2558 412 2614 dentes
447 2559 743 2628 Scripturis
792 2568 1008 2626 peccato
1049 2573 1166 2612 eam
1210 2573 1328 2613 esse
1369 2560 1638 2624 vitiatam,
1677 2575 1808 2630 quo-

221 2651 382 2704 modo
403 2651 454 2704 id
487 2652 599 2704 licri
631 2654 860 2720 potuerit
884 2651 1229 2720 iuquiramus.
1253 2650 1511 2718 Quoniam
1538 2663 1809 2719 peceatum

217 2741 326 2812 jam
354 2743 636 2797 didicimus
667 2757 772 2796 non
801 2757 920 2797 esse
947 2742 1294 2795 substantiam
1327 2761 1341 2806 ς
1373 2757 1546 2797 uanae
1585 2743 1814 2796 attendi-

221 2843 342 2899 tur,
387 2843 444 2888 ut
491 2833 592 2887 alia
637 2835 915 2898 omittam,
945 2835 1102 2887 etiam
1155 2849 1257 2886 non
1303 2833 1656 2898 manducare,
1703 2847 1810 2887 non

219 2939 337 2980 esse
383 2925 792 2978 substantiam?
835 2925 878 2978 A
927 2925 1216 2978 substantia
1255 2925 1450 2992 quippe
1497 2924 1807 2991 receditur;

219 3019 466 3086 quoniam
509 3018 660 3071 cibus
705 3015 998 3070 substantia
1041 3025 1142 3071 est.
1184 3014 1286 3069 Sed
1335 3015 1602 3070 abstinere
1630 3033 1658 3068 a
1688 3016 1810 3071 cibo

217 3123 322 3162 non
353 3117 436 3161 est
463 3107 788 3172 substantia,
833 3117 886 3161 et
923 3117 1093 3160 tamen
1125 3107 1416 3160 substantia
1454 3109 1693 3176 corporis
1717 3147 1730 3170 ,
1763 3122 1809 3162 SI

219 3202 440 3253 omnino
466 3199 766 3252 abstinetur
789 3213 816 3250 a
850 3199 970 3252 cibo
991 3239 1008 3264 ,
1040 3199 1105 3250 ita
1133 3199 1461 3268 languescit,
1495 3203 1562 3254 ita
1604 3199 1808 3254 valetu-

215 3293 354 3348 dinis
397 3293 760 3360 ittmqualilate
797 3293 1190 3359 corrumpitur,
1226 3295 1292 3344 ita
1333 3291 1642 3346 exhauritur
1671 3297 1806 3346 viri-

221 3393 338 3446 bus,
379 3384 450 3438 ita
481 3385 794 3439 las~ittultne
820 3383 1125 3437 debilitatur
1143 3393 1194 3436 et
1223 3383 1502 3452 frangitur,
1548 3393 1602 3436 ut
1633 3385 1674 3436 si
1703 3385 1806 3437 ali-

215 3491 318 3544 quo
349 3477 510 3530 modo
544 3475 794 3542 perduret
821 3477 872 3528 in
903 3477 1038 3538 vita,
1073 3476 1154 3528 vix
1188 3475 1352 3544 possit
1379 3477 1442 3528 ad
1474 3493 1594 3530 eum
1627 3477 1804 3530 cibum

215 3579 490 3629 revocari,
549 3563 684 3620 unde
726 3565 1042 3620 abstinendo
1083 3565 1259 3618 vitiata
1301 3573 1404 3620 est.
1449 3564 1536 3619 Sic
1581 3581 1684 3618 non
1725 3573 1808 3620 est

213 3655 508 3710 substantia
533 3665 805 3723 peccatum
839 3673 853 3711 :
883 3656 973 3711 sed
1005 3657 1297 3710 substantia
1349 3665 1430 3709 est
1455 3657 1636 3721 Dinis,
1661 3671 1806 3709 sunt-

213 3759 406 3815 maque
435 3748 728 3800 substantia
751 3785 768 3811 ,
795 3756 848 3801 et
883 3748 1030 3800 solus
1057 3761 1214 3800 verus
1247 3746 1521 3800 rationalis
1549 3757 1808 3801 creatura:

213 3837 366 3890 cibus
397 3853 414 3898 :
466 3853 495 3890 a
525 3855 632 3906 quo
661 3853 755 3905 per
797 3837 1210 3893 tuobedieuliam
1257 3837 1554 3890 recedeudo
1578 3879 1593 3902 ,
1631 3847 1684 3892 ct
1713 3853 1810 3907 per

217 3923 586 3980 inﬁrmitatem
627 3943 732 3981 non
777 3929 999 3982 valendo
1035 3943 1224 3996 capere
1263 3943 1368 3996 quo
1390 3927 1572 3982 debuit
1599 3937 1652 3982 et
1676 3943 1806 3998 gau-

211 4017 340 4072 dere
359 4061 374 4082 ,
401 4019 554 4072 audis
579 4019 1020 4089 quemadmmlum
1051 4020 1192 4074 dieat
1221 4039 1235 4075 :
1265 4018 1570 4074 I’crcussum
1596 4031 1670 4075 est
1697 4023 1712 4053 ί
1735 4022 1810 4074 si-

209 4119 294 4160 cut
319 4111 494 4178 fenum
521 4119 568 4162 et
590 4121 722 4162 aruit
746 4127 832 4163 cor
857 4127 1040 4175 meum,
1063 4111 1300 4180 quoniam
1322 4109 1502 4164 oblitus
1536 4127 1649 4164 sum
1669 4129 1807 4166 man-

211 4199 400 4253 ducare
429 4217 614 4266 panem
640 4217 801 4254 meum
829 4185 1008 4272 (Psal;
1033 4217 1105 4268 Cl,
1139 4199 1204 4274 5)
1231 4202 1256 4254 ?

283 4289 518 4346 CAPUT
557 4289 698 4344 XXI.
733 4321 800 4330 --
840 4291 931 4346 23.
979 4291 1144 4344 Adam
1207 4291 1394 4346 Christi
1459 4291 1806 4346 misericordia

211 4379 476 4434 liberatus.
555 4381 826 4436 Attendite
906 4389 1082 4434 autem
1149 4381 1419 4451 quomodo
1501 4381 1674 4436 adhuc
1745 4395 1806 4438 se

211 4483 402 4544 urgeat
487 4474 867 4530 verisimilibus
931 4475 1225 4528 rationibus
1280 4483 1464 4527 contra
1518 4473 1806 4543 Scriptura:

215 4575 414 4620 sancite
465 4567 767 4622 veritatem.
816 4566 1072 4621 Dominus
1127 4566 1284 4620 Iesus
1331 4567 1480 4634 dicit,
1525 4569 1614 4636 qui
1685 4583 1808 4637 pro-

215 4665 394 4726 pterea
439 4656 598 4712 Jesus
639 4669 898 4724 vocatur,
943 4659 1064 4728 quia
1117 4659 1228 4728 ipse
1272 4658 1477 4712 salvum
1533 4657 1656 4712 facit
1709 4674 1804 4728 po-

213 4747 396 4816 pulum
451 4761 604 4801 suum
633 4763 664 4802 a
695 4747 924 4817 peccatis
965 4763 1150 4802 eorum
1178 4765 1192 4800 :
1219 4748 1346 4802 dicit
1393 4763 1522 4818 ergo
1549 4749 1806 4806 Dominus

211 4835 370 4890 Jesus
389 4877 404 4902 ,
439 4835 564 4892 Non
589 4847 665 4892 est
693 4853 822 4906 Opus
854 4838 990 4892 sanis
1015 4838 1240 4892 medicus
1264 4879 1279 4904 ,
1313 4837 1400 4892 sed
1424 4839 1802 4908 mgrotantibus.

213 4925 342 4980 Non
369 4927 478 4981 veni
497 4943 673 4982 vocare
688 4931 858 4997 justas
881 4970 894 4992 ,
921 4929 1010 4982 sed
1035 4937 1317 4998 peccatores
1343 4929 1361 5000 (
1388 4928 1568 4982 Matth.
1595 4945 1668 4994 Ix,
1699 4931 1766 4984 12
1789 4970 1804 4996 ,

211 5019 282 5075 l3
304 5017 348 5089 ).
378 5017 527 5075 Unde
551 5019 680 5074 dicit
709 5027 762 5075 et
799 5021 1085 5091 Apostolus
1107 5062 1122 5086 ,
1167 5019 1360 5075 Fidelis
1396 5035 1559 5074 sermo
1595 5029 1640 5074 et
1669 5021 1807 5074 onmi

207 5109 504 5178 acceptione
543 5109 751 5180 dignus,
791 5111 910 5179 quia
952 5109 1102 5166 Iesus
1143 5111 1370 5166 Christus
1405 5113 1538 5166 venit
1583 5113 1634 5166 in
1674 5113 1806 5166 hunc

206 5199 462 5252 matulam
483 5209 766 5270 peccatores
791 5201 956 5255 salvos
979 5199 1147 5271 facere
1171 5203 1190 5270 (
1213 5201 1230 5256 l
1255 5201 1383 5255 Tim.
1407 5217 1446 5270 ι,
1471 5203 1538 5257 i5
1555 5203 1594 5273 ).
1623 5203 1688 5257 Et
1709 5201 1807 5257 iste

205 5299 400 5348 contra
425 5289 636 5348 ﬁdelem
657 5307 960 5348 sermonem
989 5301 1044 5348 et
1065 5293 1210 5348 omni
1233 5295 1540 5364 acceptione
1559 5293 1801 5364 dignum,

205 5382 344 5438 dicit
377 5402 400 5434 ι
433 5397 540 5438 non
564 5383 814 5442 debuisse
841 5383 979 5440 bane
1005 5383 1370 5454 mgritudinem
1410 5381 1649 5440 contrahi
1679 5399 1808 5454 pec-

201 5475 348 5528 catis
375 5517 392 5541 ,
423 5487 492 5529 ne
514 5474 582 5530 ad
603 5475 708 5530 hoc
729 5486 872 5531 esset
901 5475 1000 5530 ista
1027 5489 1184 5546 pretia
1212 5475 1414 5546 peccati
1441 5518 1454 5542 ,
1483 5483 1538 5528 nt
1563 5475 1805 5530 commit-

273 5647 296 5677 ³
333 5643 477 5706 uno,
491 5657 748 5708 percussus
767 5659 890 5698 sitm.
915 5653 972 5696 Αι
993 5646 1162 5710 plures
1177 5653 1302 5706 uss,
1327 5659 1606 5710 percussum
1627 5651 1712 5698 est.
1733 5651 1804 5698 sic

205 5711 686 5772 mugilanum,
705 5721 864 5758 em.
882 5710 932 5758 in
957 5709 1183 5759 eumdem
1207 5709 1460 5774 psabbum,
1481 5723 1628 5772 scrin.
1662 5713 1700 5757 t.

1653 249 1854 304 LIBER
1899 250 2097 307 UNUS.

3415 263 3518 318 158

1939 375 2176 419 terentur
2223 365 2372 434 plura
2417 375 2648 435 peccata.
2691 387 2708 420 ι
2745 369 3011 436 Qumritnr
3051 373 3208 428 etiam
3240 377 3253 406 ¹
3288 382 3518 443 parvulis

1935 464 2110 510 tantus
2139 457 2372 510 medicus
2397 458 2679 527 opitulator
2711 479 2724 514 :
2760 471 2810 514 et
2839 463 2937 516 iste
2964 463 3112 530 dicit,
3149 484 3167 516 ι
3204 467 3338 532 Quid
3369 487 3516 538 qua-.-

1933 546 2048 601 ritis
2075 547 2098 600 ?
2123 547 2248 603 Sani
2279 559 2402 604 sunt
2431 562 2648 620 propter
2673 571 2804 621 quos
2830 557 3090 611 medicum
3121 562 3373 626 quaeritis.
3409 563 3516 616 Nec

1933 640 2046 709 ipse
2074 642 2274 708 primus
2299 643 2455 694 homo
2483 643 2600 696 ideo
2623 655 2791 698 morte
2816 647 3093 700 damnatus
3121 661 3238 704 est:
3269 669 3388 704 nam
3424 671 3517 721 po-

1929 739 2040 783 stea
2089 748 2192 784 non
2240 735 2492 800 peccavit.
2527 753 2548 786 ι
2581 737 2740 802 Quasi
2771 739 2964 806 aliquid
2995 750 3172 806 postea
3213 741 3280 796 de
3313 747 3518 810 perlec-

1930 821 2070 874 tione
2095 822 2314 889 jnstilia:
2344 825 2456 890 ejus
2487 828 2706 880 audient
2729 869 2742 890 ,
2775 829 2872 879 nisi
2895 831 3032 894 quod
3055 833 3392 886 Commendat
3418 835 3514 888 Ec-

1927 912 2086 965 clesia
2125 923 2177 964 et
2227 915 2394 980 ipsum
2447 917 2648 968 ltotuini
2680 917 2873 970 Christi
2919 921 3280 978 tttiscricortlia
3319 925 3512 978 liln‘t'a-

1929 1010 2059 1054 ιιιιιι.
2099 1021 2116 1052 ι
2153 1003 2278 1070 lijus
2320 1019 2528 1072 quoque
2571 1017 2811 1072 posteros
2845 1025 2864 1058 ›
2903 1011 2997 1062 ἰδιυ
3023 1011 3179 1072 dicit,
3233 1032 3250 1062 ι
3289 1031 3394 1068 non
3423 1033 3512 1066 so-

1927 1091 2033 1143 ]tnu
2059 1093 2149 1146 illo
2181 1109 2284 1147 non
2309 1111 2426 1148 esse
2457 1097 2772 1150 iulirmiores
2794 1138 2808 1164 ,
2842 1102 2932 1154 sed
2963 1105 3118 1154 etiam
3147 1106 3290 1171 plura
3323 1109 3511 1176 it-uple-

1925 1183 2067 1237 visse
2099 1200 2380 1253 praecepta,
2411 1202 2528 1240 cum
2561 1189 2647 1242 ille
2681 1205 2838 1243 unum
2874 1193 3091 1262 implere
3117 1197 3410 1264 neglexerit
3443 1217 3453 1250 :
3489 1219 3508 1250 ι

1925 1289 2058 1343 quos
2105 1289 2344 1344 posteros
2391 1279 2532 1332 videt
2578 1280 2645 1332 ita
2699 1283 2877 1346 IliL‘Ci,
2930 1289 3196 1350 qtnunodo
3238 1299 3381 1342 certe
3429 1290 3514 1342 ille

1927 1364 2096 1420 iactus
2125 1386 2226 1420 non
2253 1379 2332 1421 est
2355 1409 2370 1434 ,
2409 1386 2510 1422 nou
2539 1373 2711 1424 solum
2744 1379 2986 1442 pra'ecpti
3023 1378 3296 1444 incapaces
3319 1423 3330 1440 ,
3373 1381 3514 1448 quod

1925 1461 2141 1511 omnino
2173 1477 2276 1513 non
2317 1465 2580 1526 sentiunt,
2627 1467 2718 1519 sed
2769 1468 2848 1520 vix
2877 1483 3098 1536 capaces
3143 1473 3350 1539 papilla:
3391 1489 3512 1526 cum

1925 1551 2202 1614 ('suriunt;
2248 1567 2340 1606 eos
2371 1565 2542 1606 tamen
2575 1556 2624 1607 in
2669 1557 2854 1608 matris
2887 1558 3132 1612 lit-closia'
3160 1563 3362 1628 gremio
3391 1578 3512 1616 cum

1925 1647 2102 1699 S:Il\'OS
2129 1650 2292 1716 gratia
2325 1667 2416 1700 sua
2452 1649 2624 1702 facere
2653 1651 2811 1715 velit,
2839 1653 2924 1718 qui
2957 1656 3158 1707 >ςιιιιιιιι
3191 1656 3310 1708 l'acit
3346 1673 3508 1724 ιομιιο

1925 1736 2032 1789 Ιιιιιι
2063 1755 2216 1790 suum
2247 1759 2274 1789 a
2313 1741 2542 1808 peccatis
2569 1758 2754 1794 eorum
2777 1785 2790 1804 ,
2831 1747 3196 1798 contrmliruut
3231 1747 3470 1802 homines
3491 1789 3507 1812 ,

1925 1837 1976 1880 ct
2003 1829 2152 1897 quasi
2181 1841 2498 1892 creaturam,
2523 1849 2640 1900 qua:
2672 1849 2763 1900 per
2786 1835 2930 1887 illum
2957 1838 3166 1888 cotnlita
3195 1849 3292 1896 est.
3321 1840 3513 1892 melius

1932 1919 2025 1972 illo
2053 1921 2314 1989 iuSpicere
2345 1924 2608 1990 noverint,
2637 1941 2766 1979 voce
2791 1943 2894 1980 non
2922 1942 3049 1980 sana
3073 1945 3231 1983 sanos
3251 1945 3368 1984 esse
3389 1947 3502 2000 pro-

1923 2021 2194 2066 ιιιιιιιιτιιιι.

1992 2101 2219 2156 CAI'U'I‘
2261 2103 2616 2158 ΧΧιι.-2ι.
2659 2105 2805 2158 Idem
2847 2119 3102 2176 peccatum
3134 2119 3178 2162 et
3208 2127 3353 2180 paena
3395 2127 3512 2180 pec-

1920 2194 2038 2245 cati.
2074 2212 2090 2243 t
2133 2195 2404 2248 Materiam
2438 2198 2638 2262 peccati
2671 2217 2688 2248 ι
2721 2199 2848 2260 dicit
2883 2218 2902 2248 ι
2941 2214 3059 2254 esse
3103 2202 3422 2266 vuubrtam,
3466 2207 3510 2258 si

1921 2284 1984 2334 ad
2019 2283 2120 2337 boc
2149 2294 2395 2352 pem-ator
2423 2287 2716 2340 iulit'matns
2741 2301 2818 2344 (‘Sl
2842 2330 2857 2353 ,
2895 2299 2950 2342 ιιι
2985 2291 3130 2354 plura
3181 2303 3444 2360 peccaret.
3486 2314 3504 2345 ι

1918 2373 2027 2426 Nec
2061 2379 2258 2438 cogitat
2283 2377 2738 2444 pra-varicatorem
2774 2380 2900 2444 legis
2929 2397 3086 2448 ιιιιειιιι
3113 2381 3268 2448 digne
3299 2385 3384 2436 lux
3409 2384 3506 2440 de-

1920 2473 2062 2516 serat
2085 2465 2322 2518 veritatis
2351 2483 2363 2526 ;
2388 2483 2489 2534 qua
2519 2468 2764 2522 desertus
2793 2471 2972 2536 utique
2995 2475 3050 2523 lit
3079 2487 3252 2526 eiectis
3271 2513 3286 2536 ,
3315 2485 3367 2528 et
3395 2479 3510 2544 plus

1921 2571 2140 2610 necesse
2170 2567 2251 2610 est
2279 2557 2508 2612 oll'endat
2535 2599 2550 2622 ,
2581 2571 2632 2612 et
2653 2562 2888 2614 cadendo
2909 2577 3150 2628 vexetur,
3185 2578 3508 2638 \‘t-Xatusque

1921 2663 2026 2700 non
2073 2660 2289 2716 surgat,
2323 2659 2378 2702 ut
2408 2651 2524 2704 ideo
2563 2661 2760 2704 tantum
2791 2654 2968 2705 audiat
3001 2671 3184 2709 vocem
3219 2659 3369 2726 legis.
3403 2677 3508 2727 quo

1919 2737 2270 2792 admoneatur
2311 2740 2590 2806 implomre
2619 2745 2840 2809 gratiam
2889 2741 3200 2798 Salvatoris.
3241 2749 3318 2800 Au
3362 2750 3505 2804 nulla

1920 2842 2074 2895 poma
2115 2837 2197 2880 est
2243 2845 2460 2889 eortuu.
2509 2829 2575 2882 de
2620 2830 2811 2898 quibus
2847 2832 2968 2885 dicit
3015 2836 3329 2900 Apo-tolus,
3371 2839 3506 2904 Quia

1918 2932 2032 2968 cum
2055 2919 2394 2986 cognovissent
2420 2917 2598 2982 Deum,
2631 2937 2730 2972 non
2756 2923 2880 2974 sicut
2913 2923 3070 2975 Deum
3095 2925 3504 2994 glori/icam'ruut

1923 3018 2012 3060 aut
2044 3009 2234 3078 gratias
2273 3019 2523 3078 egerunt;
2563 3012 2650 3062 sed
2689 3023 2994 3066 ceannerrmt
3034 3015 3084 3067 in
3126 3018 3506 3082 cogitationibus

1917 3099 2044 3160 suis,
2067 3109 2112 3151 et
2139 3101 2456 3153 obscuratum
2481 3111 2550 3154 est
2577 3103 2813 3171 insipiens
2839 3119 2925 3157 cor
2947 3123 3116 3159 eorum
3137 3109 3165 3162 7
3197 3108 3387 3178 Utique
3409 3113 3506 3166 ista

1917 3186 2218 3241 obscuratio
2265 3191 2492 3242 vindicta
2522 3201 2574 3242 et
2608 3207 2760 3259 poena
2795 3193 2902 3260 jam
2937 3193 3036 3247 fuit
3075 3213 3088 3248 :
3121 3209 3170 3248 et
3205 3209 3377 3252 tamen
3413 3217 3506 3268 per

1919 3279 2054 3334 banc
2085 3297 2292 3349 plenam
2319 3323 2333 3346 ,
2369 3281 2420 3334 id
2463 3293 2576 3347 est,
2611 3299 2704 3352 per
2732 3285 2907 3339 ctu-dis
2937 3289 3230 3342 c.t-citatetn
3253 3331 3268 3354 ,
3299 3307 3418 3359 qua:
3449 3297 3508 3347 lit.

1917 3371 2198 3424 deserente
2243 3373 2358 3426 luce
2388 3375 2683 3441 sementim,
2719 3376 2768 3428 iu
2803 3379 2947 3442 plura
2991 3385 3045 3430 et
3081 3381 3258 3446 gravia
3289 3395 3504 3449 peccata

1916 3461 2136 3530 collapsi
2183 3471 2325 3516 sunt.
2361 3461 2591 3516 Dicentes
2619 3465 2750 3517 enim
2795 3483 2849 3517 se
2887 3483 2992 3520 esse
3037 3470 3316 3538 sapientes,
3365 3475 3506 3528 stulti

1917 3555 2040 3622 facti
2084 3563 2220 3605 sunt.
2267 3553 2452 3607 Gravis
2485 3554 2598 3608 lucc
2626 3569 2780 3624 ptena
2825 3565 2908 3610 est
2931 3598 2945 3621 ,
2979 3559 3022 3611 si
3053 3575 3170 3628 quis
3211 3563 3499 3633 intelligat,

1915 3651 1970 3696 et
1997 3659 2061 3695 ex
2093 3643 2192 3698 bac
2235 3659 2391 3712 parua
2437 3647 2556 3700 vide
2595 3663 2700 3716 quo
2729 3647 2902 3701 ierunt
2931 3666 2944 3701 :
2979 3652 3043 3703 Et
3085 3654 3500 3722 immutavernnt,

1915 3733 2104 3803 inquit,
2129 3735 2342 3807 gloriam
2365 3739 2756 3809 incorruptibilis
2784 3741 2877 3794 Dei
2898 3743 2950 3796 in
2969 3745 3350 3802 similitudinem
3375 3751 3504 3804 itna-

1913 3827 2043 3897 ginis
2063 3831 2401 3899 corruptibilis
2428 3831 2643 3885 hominis
2667 3875 2681 3896 ,
2713 3843 2759 3886 et
2796 3835 3054 3889 volucrum
3077 3879 3092 3902 ,
3133 3849 3178 3892 et
3215 3841 3502 3914 quadrupe-

1912 3917 2064 3984 dum,
2106 3929 2152 3972 et
2189 3922 2510 3990 serpentium.
2554 3923 2654 3976 Ista
2707 3924 2944 3980 fecerunt
2983 3943 3046 3981 ex
3089 3934 3286 3997 peccati
3316 3949 3495 4000 pinna,

1910 4024 2011 4080 qua
2029 4009 2343 4063 obscuratum
2368 4021 2438 4064 est
2469 4013 2708 4081 insipiens
2734 4031 2820 4067 cor
2838 4033 3028 4069 cormn.
3049 4017 3113 4071 Et
3147 4031 3360 4087 propter
3385 4021 3501 4078 ba-c

1913 4108 2088 4154 tamen
2113 4141 2128 4162 ,
2156 4103 2278 4168 quia
2307 4102 2434 4157 licet
2465 4104 2690 4170 ptenalia
2709 4145 2722 4168 ,
2755 4106 2914 4158 etiam
2947 4107 3057 4174 ipsa
3087 4119 3300 4176 peccata
3341 4125 3496 4177 sunt,

1910 4193 2150 4262 adjungit
2174 4202 2230 4247 et
2251 4193 2378 4248 dicit
2412 4213 2426 4248 :
2459 4195 2733 4260 Propterea
2763 4199 2970 4250 tradidit
2993 4201 3107 4252 illos
3135 4200 3272 4256 Deus
3293 4204 3342 4256 in
3365 4205 3502 4258 deri-

1911 4284 2052 4337 deria
2083 4285 2250 4338 cordis
2285 4284 2510 4348 illorum,
2556 4285 2610 4338 in
2649 4287 3044 4342 immunditiam.
3077 4291 3214 4346 Ecce
3239 4295 3498 4363 quemad-

1911 4376 2126 4430 modum
2175 4375 2312 4430 Deus
2341 4377 2552 4446 gravius
2577 4377 2990 4442 condemnavit,
3043 4383 3258 4438 tradens
3299 4383 3418 4438 illos
3447 4387 3498 4440 in

1911 4467 2170 4522 desideria
2217 4469 2394 4522 cordis
2443 4468 2694 4532 illorum,
2753 4470 2804 4523 in
2855 4471 3262 4530 immunditiam.
3313 4477 3500 4535 Videte

1911 4559 2069 4612 etiam
2097 4573 2164 4614 ex
2194 4557 2291 4612 bac
2319 4573 2471 4628 pmna
2501 4576 2618 4628 qua:
2647 4561 2666 4590 ²
2697 4559 2890 4615 iaciant
2919 4579 2932 4614 :
2967 4562 3034 4618 Ut
3058 4567 3390 4635 contumeliis,
3421 4572 3502 4624 in-

1911 4649 2058 4718 quit,
2088 4648 2317 4718 aﬁiciant
2341 4666 2558 4718 corpora
2579 4667 2672 4704 sua
2699 4651 2751 4705 in
2779 4655 3074 4722 semetipsis.
3101 4656 3168 4711 Et
3193 4661 3312 4728 quia
3343 4675 3498 4728 puum

1911 4747 1992 4792 est
2031 4739 2128 4793 ista
2163 4741 2486 4809 iniquitatis,
2520 4755 2641 4795 cum
2683 4743 2752 4796 sit
2789 4753 2842 4797 et
2885 4744 3166 4813 iniquitas,
3199 4747 3496 4805 evidentius

1911 4831 2251 4886 commendat
2297 4832 2478 4886 dicens
2525 4850 2540 4887 :
2595 4831 2696 4900 Qui
2745 4842 3202 4888 transnmtavernnt
3243 4838 3495 4893 veritatem

1913 4921 2010 4979 Dei
2040 4927 2090 4976 in
2119 4923 2464 4986 mendacium,
2497 4935 2542 4978 et
2583 4925 2840 4978 coluerunt
2865 4935 2912 4978 et
2953 4927 3224 4982 seruierunt
3253 4940 3498 4984 creatum

1915 5016 2082 5082 potius
2119 5031 2270 5082 quam
2314 5015 2571 5080 Creatori,
2613 5017 2700 5085 qui
2745 5025 2816 5070 est
2855 5017 3142 5073 benedictus
3188 5019 3238 5072 in
3283 5022 3494 5076 uacula.

1913 5107 2090 5160 Amen.
2125 5105 2340 5176 Pmptcr
2367 5109 2459 5162 hoc
2483 5147 2497 5171 ,
2532 5106 2699 5178 inquit
2722 5150 2734 5164 .
2767 5108 2974 5160 tradidit
3003 5107 3135 5164 Deus
3161 5110 3274 5164 illos
3299 5111 3354 5165 in
3378 5129 3498 5183 pas-

1913 5197 2080 5252 siones
2117 5197 2426 5268 ignominia.
2461 5199 2598 5254 Ecce
2624 5199 2830 5268 quoties
2867 5199 3096 5254 vindicat
3131 5201 3266 5256 Deus
3291 5245 3306 5269 ,
3337 5213 3394 5260 et
3427 5221 3495 5261 ex

1915 5289 2100 5342 eadem
2125 5288 2352 5344 vindicta
2387 5289 2532 5358 plura
2559 5296 2612 5344 et
2637 5289 2876 5359 graviora
2907 5301 3118 5359 peccata
3147 5305 3494 5367 consurgunt.

1917 5375 2055 5432 Nam
2077 5380 2280 5448 femine
2305 5393 2480 5432 eorum
2519 5378 2904 5435 inmutaverunt
2941 5383 3222 5438 naturalem
3258 5401 3406 5442 nsum
3445 5405 3498 5442 tu

1915 5487 2028 5524 eum
2071 5487 2216 5524 usum
2249 5471 2332 5540 qui
2363 5479 2434 5523 est
2472 5481 2648 5524 contra
2671 5481 2902 5528 naturam
2932 5492 2948 5530 :
2979 5475 3206 5531 similiter
3243 5488 3410 5534 autem
3453 5493 3498 5536 et

1983 5649 1996 5678 ³
2019 5647 2092 5695 sic
2114 5653 2216 5696 uss.
2244 5651 2297 5706 at
2319 5645 2454 5704 editi,
2473 5658 2602 5706 ergo.

1983 5711 2002 5740 ι
2024 5706 2161 5758 Eunt.
2182 5705 2316 5766 quid.
2341 5705 2680 5772 Atuss.,"qu¢.
