4002 6178
442 306 466 377 ς
509 290 615 365 πθ

1473 301 1564 358 DE
1601 301 1881 359 NATURA
1925 303 2014 357 ET
2053 303 2333 366 GBATIA.
2361 303 2418 360 S.
2460 305 2832 364 AUGUSTINI

3679 315 3786 373 260

510 421 726 477 masculi
745 419 917 476 relicto
945 417 1165 473 naturali
1193 432 1288 470 usu
1310 415 1528 502 finitima,
1551 425 1841 471 exarserunt
1866 415 1918 469 in
1938 400 2096 486 appe-
2167 415 2380 478 .dendo
2431 428 2672 474 naturam
2695 463 2708 485 ,
2757 421 2940 490 gratim
2991 423 3224 488 Christi,
3265 440 3369 494 qua
3405 423 3782 497 jumilicamur,

509 513 657 567 titum
673 529 820 566 suum
835 513 886 564 in
911 509 1142 571 invicem,
1164 508 1376 561 masculi
1400 507 1452 560 in
1470 507 1718 560 masculos
1729 506 2094 578 deformitatem

510 615 792 676 operantes.
837 605 1010 671 Atque
1039 611 1097 655 ut
1123 599 1428 654 ostenderet
1456 599 1534 652 sle
1557 612 1677 652 esse
1707 598 1804 650 ista
1837 605 2048 666 peccata
2079 639 2092 660 ,

505 705 566 750 ut
591 697 748 748 etiam
779 707 949 761 ptume
977 691 1082 744 sint
1112 699 1475 759 peccatorum,
1507 690 1666 742 etiam
1697 686 1777 741 his
1802 687 2042 755 adjunxit
2072 704 2086 740 :

509 786 576 840 Et
613 784 887 838 mercedem
926 791 1152 834 mutuam
1180 821 1193 843 ,
1235 795 1384 850 quam
1421 779 1676 848 oportuit,
1706 779 1890 832 erroris
1918 779 1998 832 sui
2038 777 2091 830 in

505 874 782 945 semetipsis
812 874 1122 940 recipientes.
1155 871 1337 924 Videte
1375 871 1583 939 quoties
1603 870 1856 936 Vindicet,
1885 868 2092 925 eadem-

503 983 606 1037 que
635 966 860 1019 vindicta
901 980 1019 1034 qua:
1064 962 1232 1032 pariat
1269 963 1589 1030 pulluletque
1629 973 1868 1030 peccata.
1902 961 2089 1016 Adhuc

501 1057 757 1110 attendite
805 1074 817 1108 :
860 1055 922 1108 Et
962 1057 1088 1107 sicut
1124 1042 1222 1106 rion
1265 1053 1627 1121 probaverunt,
1673 1053 1881 1121 inquit,
1921 1051 2086 1104 Deum

505 1149 684 1201 habere
710 1149 760 1198 in
791 1147 968 1199 notitia
991 1187 1006 1210 ,
1036 1147 1245 1198 tradidit
1271 1146 1386 1198 illos
1414 1143 1550 1198 Deus
1584 1145 1634 1195 in
1660 1144 1924 1212 reprobam
1951 1159 2090 1196 men-

506 1249 603 1290 tem
629 1278 643 1302 ,
692 1247 746 1290 ut
768 1238 956 1308 faciant
983 1252 1094 1305 qua:
1123 1253 1222 1289 non
1253 1237 1574 1297 conueniunt,
1611 1234 1823 1304 repletos
1851 1235 1988 1287 omni
2015 1235 2093 1286 in-

500 1329 709 1398 iquitate
727 1368 742 1391 ,
770 1344 883 1380 cum
908 1329 1352 1389 circumventione,
1382 1327 1605 1388 malitia,
1639 1327 1882 1390 avaritia,
1916 1327 2090 1393 plenos

503 1421 724 1486 inuidia,
756 1419 1046 1483 homicidio,
1072 1420 1414 1479 contentione,
1446 1419 1564 1472 dolo
1587 1459 1600 1480 ,
1629 1418 1967 1488 malignitate,
1999 1433 2089 1470 su-

499 1528 763 1574 surrones,
793 1511 1118 1573 detractores,
1146 1507 1252 1562 Deo
1289 1509 1526 1572 odibiles,
1556 1507 1960 1570 contumeliosos,
1997 1524 2086 1560 su-

501 1602 700 1672 perbos,
722 1601 879 1655 elatos
901 1616 920 1664 ;
940 1603 1217 1654 inventores
1238 1600 1514 1663 malorum,
1541 1598 1828 1668 parentibus
1849 1615 1949 1651 non
1974 1597 2088 1650 obc-

467 1709 471 1712 ·
499 1692 690 1746 dientes
722 1733 738 1758 ,
777 1691 1064 1757 insipientes
1085 1732 1100 1754 ,
1136 1691 1496 1758 incompositos
1519 1729 1536 1755 ,
1575 1691 1684 1742 sine
1716 1687 1902 1754 affectu
1925 1729 1940 1752 ,
1980 1687 2090 1740 sine

501 1783 848 1836 misericordia
873 1779 1130 1851 (Rom.t,
1175 1780 1332 1834 2l-5l
1360 1781 1398 1848 ).
1442 1779 1539 1834 llic
1580 1794 1718 1832 nunc
1773 1780 1871 1832 istc
1911 1778 2083 1843 dicat,

505 1895 524 1927 ε
571 1875 686 1930 Non
711 1875 897 1930 debuit
922 1875 998 1929 sic
1027 1874 1282 1928 vindicari
1313 1882 1604 1942 peccatum,
1635 1880 1691 1925 ut
1721 1880 1968 1940 peccatur
1991 1884 2086 1939 per

497 1968 784 2021 vindictam
815 1967 960 2036 plura
987 1967 1362 2020 committeret.
1397 1983 1417 2018 s

569 2057 797 2113 CAPUT
837 2056 1022 2111 XXIII.
1045 2087 1117 2096 —
1135 2058 1224 2112 25.
1268 2054 1388 2108 Non
1411 2054 1592 2109 deserit
1621 2051 1758 2107 Deus
1783 2052 1881 2106 nisi
1906 2051 2086 2122 dignos

498 2149 680 2203 deseri.
716 2147 797 2201 Ad
847 2147 1156 2218 peccandum
1193 2146 1335 2198 nobis
1363 2145 1460 2214 ipsi
1497 2143 1805 2214 saﬂicimus;
1846 2143 1913 2194 ad
1937 2143 2086 2212 justi-

497 2242 622 2294 tiam
645 2255 758 2293 vero
788 2249 843 2292 ut
875 2239 1154 2294 redeamus.
1189 2251 1290 2293 non
1324 2236 1460 2288 item.
1495 2233 1638 2287 Mors
1679 2249 1822 2302 paena
1861 2241 1954 2296 est,
1984 2247 2084 2284 non

495 2351 648 2388 causa
669 2333 872 2402 peccati.
903 2331 1153 2385 Fortasse
1183 2327 1524 2397 respondeat,
1561 2327 1726 2380 Deum
1755 2325 1820 2378 ad
1849 2326 1946 2380 ista
1975 2339 2080 2377 non

495 2435 705 2490 cogere,
753 2419 846 2472 sed
888 2417 1078 2487 dignos
1111 2415 1286 2470 deseri
1323 2423 1524 2467 tantum
1563 2412 1834 2466 deserere.
1882 2411 1936 2465 Si
1982 2410 2084 2464 hoc

494 2511 642 2574 dicit,
681 2509 957 2563 verissime
999 2507 1162 2560 dicit:
1194 2505 1393 2559 deserti
1439 2503 1656 2573 quippe,
1699 2511 1756 2557 ut
1801 2501 1933 2565 dixi,
1967 2502 2084 2555 luce

491 2600 710 2670 justitite
750 2609 802 2652 et
830 2613 924 2666 per
950 2598 1051 2650 hoc
1093 2593 1459 2648 contenebrati
1497 2592 1624 2660 quid
1656 2591 1863 2660 pariant
1903 2590 2079 2655 aliud,

492 2707 651 2763 quam
679 2691 792 2744 haec
821 2687 1021 2753 omnia,
1051 2701 1169 2756 qnzc
1198 2682 1612 2738 commemoravi
1641 2697 1802 2750 Opera
1832 2685 2080 2735 tenebra-

493 2797 634 2848 rum,
665 2781 834 2836 douec
862 2779 1069 2833 dicatur
1097 2776 1196 2837 eis,
1219 2776 1264 2829 si
1285 2774 1425 2828 dicto
1451 2773 1757 2838 obaudiunt,
1789 2773 1972 2843 Surge,
1997 2773 2083 2841 qui

491 2873 702 2937 dormis,
733 2879 778 2924 et
809 2884 1021 2937 exsurge
1047 2883 1080 2919 a
1109 2866 1337 2928 mortuis,
1380 2873 1428 2917 et
1455 2861 1760 2917 illnntinabit
1785 2873 1830 2916 te
1854 2862 2082 2916 Christus

491 2963 710 3037 (Ep/tes.
740 2978 791 3028 γ,
826 2961 956 3030 ll)?
987 2960 1221 3014 Mortuos
1243 2957 1448 3012 Veritas
1484 2956 1632 3018 dicit,
1661 2955 1802 3010 unde
1825 2965 1907 3010 est
1935 2964 1990 3008 et
2015 2955 2081 3008 il-

491 3055 602 3119 lud,
635 3052 760 3107 Sine
796 3059 1016 3104 mortuos
1058 3048 1268 3117 sepelire
1306 3055 1526 3098 mortuos
1562 3061 1679 3097 suos
1720 3043 1931 3114 (Matth.
1962 3059 2076 3110 νιη,

489 3143 581 3212 9.2)
609 3159 622 3195 :
646 3152 886 3196 mortuos
909 3126 1038 3206 ergo
1061 3135 1269 3190 Veritas
1294 3134 1442 3199 dicit,
1461 3149 1594 3200 quies
1615 3133 1714 3187 iste
1734 3133 1862 3186 dicit
1888 3133 2004 3186 Itl‘di
2027 3141 2083 3188 et

489 3232 664 3286 vitiari
717 3245 822 3284 non
864 3229 1100 3299 potuisse
1152 3235 1386 3294 peccato.
1439 3224 1560 3296 quia
1607 3223 1852 3278 videlicet
1896 3223 2080 3277 didicit

490 3336 767 3394 peccatum
818 3337 922 3375 non
963 3334 1082 3374 esse
1114 3317 1483 3371 substantiam.
1517 3315 1684 3369 Nemo
1729 3315 1776 3368 ei
1819 3313 1968 3380 dicit,
2007 3314 2080 3368 sic

489 3415 742 3470 hominem
769 3417 974 3484 pictum,
1011 3419 1064 3464 ut
1085 3408 1148 3463 de
1161 3407 1368 3480 justitia
1394 3408 1593 3472 quidem
1633 3419 1796 3472 posset
1819 3406 1874 3460 in
1904 3422 2076 3476 pecca-

490 3518 598 3560 tum
625 3506 718 3566 ire.
765 3513 812 3557 et
837 3503 900 3556 de
928 3511 1133 3572 peccato
1157 3499 1226 3553 ad
1244 3499 1500 3568 justitiam
1539 3497 1705 3551 redire
1741 3513 1842 3551 non
1873 3506 2079 3566 posset:

487 3596 583 3652 sed
614 3608 669 3650 ut
696 3595 746 3650 iu
775 3602 1044 3663 peccatum
1073 3591 1191 3655 iret,
1215 3589 1421 3644 sulTecit
1440 3589 1490 3642 ei
1518 3587 1742 3643 liberum
1773 3589 2074 3654 arbitrium,

486 3702 596 3758 quo
639 3701 698 3742 se
736 3686 851 3756 ipse
891 3683 1122 3748 vitiavit;
1162 3691 1220 3737 ut
1259 3691 1435 3735 autem
1483 3681 1664 3736 redeat
1701 3680 1768 3735 ad
1793 3680 2073 3750 justitiam,

485 3793 623 3849 opus
665 3777 824 3832 habet
869 3775 1098 3840 medico,
1147 3773 1397 3841 quoniam
1439 3787 1600 3826 sanus
1639 3786 1746 3826 non
1785 3780 1900 3836 est;
1941 3773 2092 3839 opus‘

487 3869 650 3924 habet
689 3865 1033 3930 uiuificatore,
1079 3864 1197 3934 quia
1247 3870 1488 3917 mortuus
1525 3872 1627 3917 est.
1659 3863 1736 3917 De
1771 3877 1871 3930 qua
1907 3863 2072 3932 gratia

484 3959 704 4014 omnino
747 3957 877 4012 nihil
910 3957 1008 4011 iste
1036 3953 1185 4020 dicit,
1232 3953 1380 4021 quasi
1426 3954 1538 4008 sola
1580 3968 1675 4008 sua
1705 3955 1973 4007 voluntate
2015 3966 2074 4007 se

484 4052 657 4122 possit
695 4063 906 4112 sanare,
938 4047 1058 4118 quia
1099 4060 1222 4102 cum
1263 4045 1430 4113 patuit
1480 4044 1592 4100 sola
1621 4045 1825 4098 vitiare.
1868 4044 1982 4099 Non
2021 4044 2072 4100 ei

491 4143 728 4206 dicimus,
755 4148 963 4194 mortem
987 4135 1213 4209 corporis
1241 4136 1308 4188 ad
1335 4146 1594 4205 peccatum
1634 4135 1816 4202 valere,
1847 4135 1934 4188 tibi
1960 4135 2070 4188 sola

482 4233 717 4288 vindicta
755 4241 872 4295 est;
914 4245 1074 4285 nemo
1097 4227 1238 4284 enim
1282 4235 1464 4297 peccat
1497 4241 1724 4296 corpore
1753 4226 2068 4282 moriendo:

483 4325 579 4380 sed
607 4323 672 4379 ad
714 4330 989 4392 peccatum
1018 4319 1156 4374 valet
1202 4332 1348 4373 mors
1388 4318 1618 4384 amimm,
1649 4333 1807 4387 quam
1838 4317 2072 4373 deseruit

484 4416 591 4472 vita
621 4431 736 4478 sua,
766 4414 867 4467 hoc
882 4421 992 4475 est,
1020 4411 1158 4464 Deus
1186 4409 1320 4480 ejus,
1347 4424 1467 4478 qua:
1507 4423 1726 4464 necesse
1755 4421 1837 4464 est
1864 4418 2070 4464 mortua

483 4521 648 4576 opera
690 4503 865 4568 faciat,
896 4503 1068 4557 donec
1104 4501 1301 4556 Christi
1331 4500 1496 4570 gratia
1536 4501 1830 4556 reviviscat.
1861 4500 2070 4556 Famem

484 4609 533 4653 et
557 4596 694 4653 sitim
735 4605 780 4650 et
816 4603 1022 4648 canet-as
1046 4591 1300 4646 molestias
1325 4591 1632 4662 corporales,
1675 4592 1813 4646 absit
1845 4601 1903 4648 ut
1927 4593 2072 4648 dica-

488 4703 607 4744 mus
651 4685 993 4742 necessitatem
1043 4683 1224 4737 habere
1264 4681 1523 4754 peccandi,
1569 4684 1760 4752 quibus
1814 4684 2070 4740 molestiis

487 4781 776 4838 exercitata
819 4778 924 4832 vita
959 4775 1226 4847 justorum
1271 4773 1601 4845 splendidius
1635 4775 1842 4843 enituit,
1886 4788 1940 4832 et
1979 4792 2070 4829 cas

487 4889 580 4943 per
609 4868 913 4941 patientiam
941 4864 1242 4935 superando
1265 4863 1518 4932 majorem
1544 4865 1765 4933 gloriam
1793 4880 2068 4935 compara-

484 4965 595 5027 vit;
626 4961 722 5018 sed
751 4959 928 5030 adjuta
966 4957 1134 5028 gratia
1164 4957 1278 5024 Dei,
1310 4955 1488 5025 adjuta
1530 4956 1716 5024 spiritu
1747 4957 1860 5022 Dei,
1889 4957 2067 5024 adjuta

485 5052 848 5110 misericordia
875 5049 1002 5115 Dei;
1031 5065 1136 5104 non
1165 5047 1392 5118 superba
1414 5048 1683 5102 voluntate
1705 5063 1765 5103 se
1785 5049 2064 5112 extollens,

484 5147 577 5203 sed
616 5147 800 5202 humili
838 5142 1176 5200 confessione
1203 5139 1563 5196 fortitudinem
1595 5129 1925 5209 promerens.
1957 5139 2066 5194 No-

483 5247 636 5292 verat
661 5238 802 5290 enim
835 5236 945 5291 Deo
979 5235 1178 5297 dicere,
1214 5231 1465 5298 Quoniam
1513 5241 1566 5284 tu
1610 5248 1660 5286 es
1689 5231 1929 5301 patientia
1959 5247 2068 5284 mea

487 5327 660 5398 (Psal.
683 5344 816 5392 ιιι,
840 5328 919 5399 5).
951 5327 1026 5382 De
1050 5342 1152 5396 qua
1178 5325 1345 5396 gratia
1376 5332 1428 5378 et
1457 5323 1721 5392 adiutorio
1763 5331 1817 5376 et
1858 5321 2067 5376 miscri~

484 5419 685 5487 cordia,
727 5421 844 5475 sine
872 5433 974 5488 qua
1015 5419 1150 5473 bene
1193 5432 1298 5472 non
1327 5429 1612 5488 possumus
1638 5415 1838 5479 vivere,
1887 5413 2068 5468 nescio

483 5524 649 5580 quare
674 5510 774 5565 iste
803 5510 1020 5564 omnino
1048 5507 1180 5562 nihil
1204 5507 1370 5562 dicit:
1397 5507 1504 5562 imo
1533 5505 1694 5562 etiam
1716 5504 1858 5560 velut
1877 5505 1974 5558 sibi
2001 5503 2066 5558 ad

481 5603 738 5674 justitiam
774 5600 1148 5665 sufﬁcientem,
1176 5599 1221 5654 si
1248 5599 1359 5654 sola
1391 5599 1633 5652 voluntas
1657 5597 1848 5664 adsit‘,
1878 5595 2064 5650 delen-

552 5717 570 5748 ι
596 5711 1028 5772 tov.,siuoltmtas
1059 5725 1146 5762 sua
1186 5710 1331 5762 adsit.
1369 5710 1488 5760 ιζᾱὶιί
1511 5711 1593 5760 alii
1639 5718 1691 5760 te
1743 5717 1854 5770 Mss,
1897 5707 2066 5762 αἰδοία

481 5776 694 5828 commas
715 5775 859 5825 adsit.
1304 5781 1326 5800 ί

2201 511 2535 578 apertissime
2581 513 3058 598 contradicitdlttr
3093 525 3269 570 autem
3312 518 3488 573 soluto
3531 534 3625 589 per
3663 521 3828 591 gra-‘
3909 533 3921 543 °

2201 601 2324 652 tiam
2355 601 2553 670 peccati
2595 611 2744 658 reatu
2767 603 2833 657 ad
2865 604 3298 660 exercitationem
3330 607 3451 663 tidei
3479 625 3623 664 mors
3656 626 3782 666 cor-

2201 695 2346 758 poris
2392 688 2628 757 maneat,
2675 693 2917 762 quamvis
2946 695 3151 750 venerit
3196 679 3265 752 de
3307 709 3546 766 peceato,
3573 700 3682 769 jam
3731 709 3786 756 et

2201 781 2300 834 hoc
2345 780 2396 834 in
2426 781 2528 835 illis
2577 782 2641 836 ad
2687 793 2884 838 sancta:
2915 784 3187 838 memoria:
3226 785 3586 843 Marcellinum
3617 790 3692 862 (η)
3723 793 3786 846 li-

2197 873 2325 934 bris.
2357 882 2414 926 ut
2435 873 2594 939 Vt’tIlll,
2622 873 2849 928 disserui
2875 875 2974 944 (De
3017 875 3346 931 Peccatorum
3375 877 3571 933 Meritis
3599 892 3644 934 et
3678 881 3784 936 Re-

2196 963 2454 1024 missione,
2478 964 2564 1017 lib.
2593 965 2647 1023 εὶ,
2674 982 2725 1018 n.
2755 965 2966 1036 49-56).

2265 1053 2490 1108 (ZAPU'I‘
2530 1054 2716 1108 XXIV.
2747 1085 2822 1095 —
2857 1057 2946 1110 26.
2989 1055 3218 1112 Christus
3259 1069 3484 1113 mortuus
3517 1069 3782 1130 potestate.

2195 1143 2367 1198 Etiam
2391 1147 2522 1199 mala
2548 1147 2638 1201 Dri
2663 1149 3002 1202 misericordia
3025 1161 3250 1219 prosunt.
3275 1149 3427 1218 Quod
3452 1167 3577 1206 vero
3602 1151 3784 1205 Domi-

2194 1253 2314 1290 num
2331 1239 2456 1291 dicit
2474 1241 2580 1291 sine
2598 1249 2800 1307 peccato
2817 1242 2946 1294 mori
2962 1243 3182 1309 potuisse
3200 1258 3219 1296 .°
3240 1243 3309 1296 illi
3323 1245 3480 1298 etiam
3504 1246 3670 1312 nasci,
3685 1261 3784 1316 p0-

2195 1337 2362 1381 testas
2407 1329 2807 1395 misericordiae,
2851 1347 2956 1384 non
3002 1333 3236 1386 conditio
3284 1343 3490 1388 natura:
3539 1334 3660 1398 fuit;
3702 1337 3783 1390 sic

2192 1418 2351 1472 etiam
2379 1430 2620 1474 mortuus
2658 1428 2743 1476 est
2779 1429 3069 1490 potestate;
3103 1432 3158 1478 et
3179 1423 3279 1478 hoc
3307 1435 3390 1478 est
3423 1426 3650 1494 pretium
3677 1442 3781 1481 no-

2191 1519 2384 1574 strum,
2412 1527 2518 1580 quo
2557 1528 2654 1566 nos
2699 1529 2727 1566 a
2769 1522 2938 1570 morte
2979 1516 3284 1569 redimeret.
3314 1515 3384 1570 Et
3419 1517 3520 1570 hoc
3551 1525 3778 1574 tstnrum

2188 1601 2474 1671 disputatio
2520 1618 2778 1659 evaeuarc
2806 1605 3100 1667 contendit,
3127 1621 3248 1660 cum
3277 1606 3342 1660 ab
3371 1608 3449 1661 eis
3481 1609 3548 1661 ita
3588 1619 3777 1662 natura

2190 1691 2418 1747 humana
2445 1693 2766 1761 defenditur,
2817 1704 2876 1748 ut
2899 1697 3063 1765 p05sit
3103 1696 3326 1751 liberum
3367 1698 3643 1752 arbitrium
3671 1699 3778 1755 isto

2188 1783 2360 1853 pretio
2399 1801 2502 1838 non
2539 1802 2714 1855 egere,
2751 1795 2858 1840 uta
2892 1795 3149 1852 potestate
3177 1786 3512 1841 tenebrarum
3554 1797 3606 1842 et
3631 1804 3777 1858 pra:-

2188 1874 2348 1941 positi
2388 1876 2575 1929 mortis
2621 1876 2670 1930 in
2715 1893 2936 1945 rrgmtm
2975 1876 3171 1930 Christi
3215 1878 3420 1931 Domini
3453 1880 3779 1934 transferan-

2189 1973 2291 2018 tur.
2328 1965 2395 2019 Et
2431 1975 2602 2020 tamen
2647 1967 2861 2036 quando
2905 1967 3158 2020 Dominus
3203 1967 3270 2022 ad
3310 1968 3606 2036 passionem
3652 1985 3778 2039 pcr-

2187 2054 2346 2121 rexit,
2382 2053 2527 2118 Ecce,
2561 2055 2746 2125 inquit,
2782 2060 2937 2109 veniet
2971 2058 3201 2126 princeps
3229 2057 3380 2129 hujus
3409 2059 3602 2124 mundi,
3643 2068 3690 2112 et
3716 2062 3776 2113 iis

2187 2163 2266 2200 me
2299 2147 2426 2200 nihil
2453 2148 2696 2200 inueniet‘
2720 2165 2732 2200 :
2761 2157 2815 2201 et
2840 2147 3019 2217 utique
3055 2148 3182 2202 nihil
3211 2149 3432 2216 peccati,
3465 2149 3602 2202 unde
3627 2164 3776 2218 pra:-

2186 2240 2392 2308 positus
2422 2244 2610 2294 mortis
2634 2240 2754 2308 jure
2794 2255 2892 2295 suo
2919 2250 3121 2310 ageret,
3155 2251 3211 2294 ut
3240 2239 3542 2310 perimeret.
3585 2239 3690 2294 Sed
3713 2251 3777 2293 ut

2185 2334 2345 2384 sciant
2365 2348 2554 2394 omnes,
2586 2331 2775 2400 inquit,
2805 2348 2922 2402 quia
2962 2332 3265 2384 voluntatem
3299 2329 3469 2384 Patris
3493 2333 3588 2384 mei
3612 2333 3772 2402 facio,

2184 2414 2392 2483 surgite,
2433 2431 2605 2469 eamus
2645 2416 2762 2467 hinc
2802 2413 2980 2483 (Joan.
3010 2429 3118 2480 xw,
3145 2413 3235 2478 50,
3265 2414 3354 2484 51)
3384 2433 3396 2467 :
3426 2407 3478 2467 id
3519 2427 3619 2482 est,
3647 2417 3774 2484 quia

2186 2519 2293 2557 non
2326 2505 2526 2559 morior
2565 2505 2881 2559 necessitate
2926 2505 3147 2574 peccati,
3190 2503 3284 2558 sed
3330 2503 3645 2560 obedientize
3671 2520 3773 2560 vo-

2184 2595 2407 2648 luntate.

2251 2683 2343 2738 Ἥ.
2389 2683 2524 2738 Dicit
2548 2685 2746 2739 nullam
2763 2685 2782 2715 ²
2815 2689 3004 2738 malum
3028 2684 3144 2737 boni
3161 2683 3378 2752 alicujus
3408 2699 3512 2738 esse
3535 2699 3772 2740 causam.

2182 2775 2342 2842 Quasi
2375 2792 2530 2844 [urna
2572 2775 2766 2831 bomnu
2805 2775 2896 2841 sit,
2937 2789 3040 2844 qua
3089 2784 3266 2830 tamen
3313 2777 3461 2829 multi
3499 2775 3772 2832 emendati

2183 2877 2325 2922 sunt.
2353 2870 2486 2922 Sunt
2509 2883 2639 2937 ergo
2665 2869 2800 2921 mala
2826 2882 2942 2936 qua:
2965 2875 3187 2936 prosunt
3207 2865 3430 2920 mirabili
3462 2867 3772 2922 misericor-

2181 2959 2268 3014 dia
2313 2959 2430 3012 Dei.
2468 2957 2731 3028 Nutnquid
2777 2957 2866 3011 ille
2913 2955 3039 3010 boni
3081 2955 3278 3024 aliquid
3313 2971 3499 3024 passus
3541 2967 3642 3024 est,
3673 2959 3770 3027 qui

2180 3047 2333 3113 dixit,
2362 3050 2592 3103 Avertisti
2621 3049 2800 3120 [aciem
2823 3058 2960 3100 tuam
2985 3064 3017 3100 α
3041 3063 3138 3111 me,
3166 3057 3214 3100 et
3239 3051 3404 3116 {actus
3421 3065 3534 3101 sum
3559 3060 3769 3102 contur-

2183 3140 2363 3194 batus?
2390 3139 2503 3194 Nan
2536 3142 2753 3208 utique:
2780 3149 2833 3194 et
2863 3147 3038 3192 tamen
3065 3137 3180 3192 hate
3208 3137 3258 3191 ei
3278 3139 3612 3193 conturbatio
3635 3153 3772 3194 con-

2183 3241 2259 3286 tra
2285 3231 2588 3300 superbiam
2613 3232 2708 3284 fuit
2728 3229 3058 3285 medicinalis
3082 3229 3313 3299 quodam
3339 3231 3519 3282 modo.
3550 3231 3770 3286 Dixerat

2181 3322 2323 3376 enim
2357 3321 2406 3374 in
2427 3321 2747 3374 abundantia
2775 3334 2890 3386 Sua,
2921 3318 3039 3373 Non
3067 3320 3295 3372 movebar
3321 3321 3370 3373 in
3399 3331 3642 3374 teter-num
3661 3336 3680 3372 :
3709 3331 3768 3377 et

2180 3411 2278 3465 sibi
2316 3412 2581 3466 tribuebat
2619 3410 2760 3481 quod
2804 3425 2834 3463 a
2886 3410 3106 3464 Domino
3149 3409 3395 3465 habebat.
3437 3411 3573 3478 Quid
3617 3427 3768 3466 entut

2180 3499 2412 3556 habebat
2449 3500 2590 3572 quod
2638 3515 2745 3554 non
2787 3511 3066 3568 accepi-rat
3108 3499 3150 3573 (I
3177 3499 3292 3554 Cor.
3333 3514 3408 3564 tv,
3451 3501 3545 3570 ην
3585 3501 3768 3568 Quare

2177 3591 2568 3647 ostendendum
2594 3591 2642 3645 ei
2669 3592 2836 3645 fuerat
2861 3589 3002 3645 unde
3029 3589 3270 3657 haberet,
3300 3601 3358 3643 ut
3378 3591 3638 3659 reciperet
3659 3590 3766 3644 bu-

2178 3683 2342 3749 tuilis,
2370 3682 2512 3752 quod
2539 3682 2800 3752 superbus
2829 3683 3099 3736 amiserat.
3130 3679 3274 3748 Ideo,
3303 3679 3540 3748 Domine,
3565 3683 3764 3752 inquit,

2176 3777 2230 3830 in
2257 3775 2510 3829 uoluntate
2539 3782 2624 3827 tua
2652 3772 2926 3844 prwstitisti
2960 3771 3126 3826 decori
3154 3788 3262 3826 meo
3287 3773 3535 3826 virtutem.
3567 3769 3623 3826 In
3649 3786 3758 3842 qua

2174 3883 2275 3938 ego
2305 3865 2626 3922 abundantia
2653 3881 2766 3920 mea
2794 3863 3059 3932 dicebam,
3085 3862 3206 3918 Non
3233 3863 3480 3930 movebar,
3514 3879 3634 3919 cum
3657 3865 3764 3920 hoc

2176 3959 2305 4014 mihi
2333 3967 2476 4014 esset
2499 3958 2598 4013 abs
2625 3968 2696 4024 te,
2735 3972 2842 4012 non
2871 3971 2902 4011 a
2927 3972 3035 4013 me.
3063 3957 3302 4026 Denique
3335 3957 3556 4011 arei-sisti
3578 3956 3766 4026 faciem

2175 4061 2310 4105 tuam
2333 4067 2364 4104 a
2386 4067 2483 4116 me,
2507 4062 2554 4103 et
2575 4052 2738 4120 [actus
2762 4066 2872 4102 sum
2895 4047 3222 4102 conturbatus
3243 4045 3414 4120 (Psal.
3437 4062 3591 4115 xxtx,
3607 4048 3758 4117 7,8).

2209 4140 2434 4199 CAPUT
2449 4140 2588 4196 XXV
2599 4140 2766 4195 .—28
2795 4138 3089 4193 Errantium
3101 4138 3504 4210 ingenium.Cnm
3514 4137 3764 4192 ha'rcticis

2171 4233 2466 4307 quihusdam
2484 4251 2581 4288 non
2597 4245 2698 4289 tam
2706 4233 3125 4306 disputationibus
3137 4247 3288 4300 quam
3297 4231 3603 4285 orationibus
3612 4247 3764 4302 agen-

2172 4330 2312 4382 dum.
2355 4328 2465 4383 Hoc
2493 4326 2755 4396 superbus
2802 4325 3012 4380 animus
3053 4323 3272 4378 omnino
3299 4336 3405 4377 nou
3431 4320 3760 4392 sapit':sed

2171 4437 2392 4492 magnus
2411 4430 2496 4476 est
2523 4419 2794 4485 Dominus,
2821 4418 2911 4489 qui
2945 4417 2994 4472 id
3018 4415 3334 4487 persuadeat
3351 4415 3620 4486 quomodo
3645 4416 3764 4487 ipse

2170 4513 2335 4568 norit.
2381 4511 2514 4568 Nam
2563 4512 2906 4582 procliviores
2931 4524 3116 4566 sumus
3135 4523 3376 4580 qua:er
3415 4513 3594 4582 potius
3629 4511 3764 4580 quid

2169 4616 2353 4662 contra
2371 4622 2433 4662 ea
2450 4606 2882 4675 respondeamus,
2897 4619 3014 4674 quae
3033 4613 3215 4659 nostro
3230 4604 3552 4674 objiciuntur
3565 4604 3761 4669 errori,

2170 4713 2326 4768 qnam
2342 4697 2618 4754 intendere
2627 4713 2784 4768 quam
2805 4697 2912 4750 sint
2926 4695 3178 4762 salubria,
3195 4705 3538 4752 utcareamus
3549 4712 3760 4753 errore.

2172 4788 2325 4844 Unde
2360 4804 2480 4844 cum
2531 4788 2646 4842 istis
2674 4803 2777 4842 non
2810 4789 2917 4841 tam
2949 4785 3422 4857 diaputationibus,
3461 4801 3620 4858 quam
3657 4803 3765 4858 pro

2173 4889 2268 4951 eis,
2313 4887 2450 4941 sicut
2487 4901 2582 4954 pro
2613 4883 2787 4946 nobis,
2833 4879 3164 4936 orationibus
3205 4889 3289 4936 est
3313 4881 3597 4951 agendum.
3640 4879 3762 4934 Non

2172 4980 2313 5033 enim
2337 4978 2436 5032 hoc
2460 4977 2539 5032 eis
2558 4975 2803 5040 dicimus,
2827 4972 2969 5043 quod
2998 4971 3102 5026 sibi
3123 4974 3226 5028 iste
3254 4973 3522 5042 opposuit,
3547 4980 3605 5025 ut
3634 4981 3762 5027 esset

2235 5157 2252 5188 ι
2276 5154 2643 5216 ttemensisttss
2661 5160 2796 5216 Ecce,
2819 5149 2995 5216 inquit,
3017 5149 3146 5202 venit
3171 5148 3395 5215 princeps
3408 5148 3553 5213 hujus
3565 5149 3759 5209 assumi.

2171 5225 2217 5270 ct
2239 5217 2290 5268 in
2312 5229 2388 5266 me
2411 5213 2532 5265 nihil
2555 5213 2747 5266 invenit.

2235 5282 2254 5310 ²
2281 5285 2329 5327 In
2352 5277 2518 5326 multis
2535 5275 2888 5337 manuscriptis,
2904 5273 3044 5326 nulli.

2235 5341 2256 5373 ³
2279 5337 2650 5410 Mss.._Gallicani
2693 5331 2798 5386 tres
2841 5331 2894 5387 et
2937 5336 3154 5401 Belgici:
3198 5342 3299 5388 Hoc
3321 5331 3763 5398 superbus-meus

2171 5415 2265 5452 non
2287 5415 2428 5452 δαυιι.

2235 5415 2265 5451 n
2287 5407 2428 5464 sapit.

2235 5458 2609 5525 (.t))tarcellinu_s
2630 5459 2853 5509 tribunus
2866 5459 3059 5525 obierat
3079 5469 3206 5525 anno
3225 5455 3334 5516 413,
3354 5467 3527 5525 mense
3541 5463 3762 5518 septem-

2171 5519 2262 5582 bri‘,
2289 5519 2321 5570 ἰ
2345 5525 2438 5572 sub
2461 5523 2636 5571 invidia
2659 5523 2922 5582 tyrannidis
2957 5519 3266 5576 Heracliauaa,
3287 5533 3314 5564 ι
3343 5519 3423 5582 uti
3445 5520 3766 5582 ttierouymus

2173 5572 2219 5636 in
2232 5572 2360 5634 libro
2381 5586 2412 5632 5
2433 5591 2601 5633 contra
2624 5572 2907 5644 Pelagianos
2921 5583 3102 5640 scribit,
3133 5598 3154 5626 ι
3175 5583 3236 5644 ab
3257 5572 3502 5644 beneﬁcis
3525 5572 3762 5644 melicam

2179 5667 2200 5692 (ι
2223 5661 2432 5698 οωευδ.»
2476 5651 2608 5694 ttuuc
2637 5638 2958 5706 cis-petuahhs
2997 5638 3242 5691 memoria:
3284 5642 3439 5706 virum
3477 5657 3500 5686 ι
3545 5638 3762 5706 appellat

2173 5707 2472 5757 tlonoriusin
2507 5706 2620 5769 lege
2643 5703 2856 5769 daianie
2881 5706 3130 5769 trigesima
3169 5705 3377 5766 augusti,
3403 5715 3529 5753 anno
3564 5703 3680 5764 4η,
3707 5704 3761 5752 in

2177 5776 2300 5819 libro
2331 5772 2382 5818 id
2406 5769 2516 5816 cod.
2545 5767 2723 5817 ‘I‘beod.
2745 5768 2809 5816 de
2835 5773 3010 5816 Haeret.
3039 5767 3069 5814 ι.
