4002 6178
242 312 346 367 261

237 443 394 482 causa
434 427 800 484 misericordiae
831 427 942 493 Dei,
982 413 1318 482 necessarium
1352 427 1508 495 fuisse
1546 433 1823 495 peccatum.

242 520 456 576 Utinam
489 535 597 574 non
632 519 817 574 fuisset
846 520 1080 585 miseria,
1113 536 1180 574 ne
1210 521 1309 574 ista
1357 529 1496 574 esset
1528 520 1829 573 misericor-

237 612 323 666 dia
356 613 685 667 necessaria.
716 612 823 667 Sed
852 613 1182 682 iniquitatem
1216 612 1416 681 peccati
1446 618 1590 666 tanta
1621 611 1830 681 gravio-

237 719 377 768 rem,
404 716 612 771 quanto
641 705 845 757 facilius
877 703 1036 757 homo
1074 719 1178 757 non
1214 711 1474 771 peccaret,
1502 719 1658 770 quem
1692 702 1832 755 nulla

236 794 413 845 adlauc
450 793 662 845 tenebat
691 792 991 855 intirmitas,
1027 808 1179 861 pmna
1202 792 1497 861 justissima
1544 792 1829 847 subsecuta

238 896 320 936 est
354 901 368 937 :
400 896 456 937 ut
485 885 786 937 meri-edem
822 895 1055 939 mutuam
1096 887 1294 953 peceati
1340 885 1419 937 sui
1460 885 1509 936 in
1541 884 1830 951 semetipso

238 980 525 1041 reciperet,
568 978 822 1030 amittens
851 975 949 1027 sub
978 989 1036 1029 se
1069 977 1291 1042 positam
1324 975 1403 1026 sui
1434 976 1674 1041 corporis
1698 990 1825 1040 quo-

236 1067 359 1119 dant
404 1066 568 1119 modo
608 1067 986 1129 obedientiam,
1026 1082 1182 1135 quam
1228 1066 1544 1133 prau-ipuam
1589 1066 1690 1120 Sttl)
1731 1066 1832 1118 lto—

237 1157 385 1208 mino
429 1173 531 1210 suo
588 1159 702 1228 ipse
750 1167 1162 1224 CIIIIICIIIPSI'I'HL
1215 1157 1279 1209 Et
1333 1155 1472 1225 quod
1528 1172 1667 1208 nunc
1710 1171 1828 1209 eum

235 1249 427 1301 eadem
457 1247 573 1316 lege
601 1249 801 1316 peccati
822 1250 1111 1311 nascimur,
1134 1264 1251 1316 quze
1274 1248 1324 1300 in
1352 1247 1605 1300 membris
1635 1248 1830 1299 nostris

235 1350 499 1409 repugnat
532 1340 632 1409 legi
660 1341 853 1393 mentis
885 1340 1060 1408 (llam.
1091 1356 1183 1405 vtt,
1210 1339 1337 1408 ‘25);
1370 1355 1541 1408 neque
1576 1339 1831 1392 adversus

236 1431 409 1485 Deum
458 1448 813 1497 murmurare,
864 1448 1032 1502 neque
1070 1444 1254 1487 contra
1307 1448 1416 1487 rem
1459 1431 1829 1485 manifestissi-

233 1539 379 1576 mam
421 1524 719 1593 di~putare,
759 1524 852 1578 sed
887 1540 981 1592 pro
1025 1540 1179 1593 poena
1216 1534 1395 1577 nostra
1440 1524 1580 1578 illius
1623 1524 1831 1578 miseri-

232 1616 478 1670 cordiam
507 1632 748 1681 qna-rere
769 1624 822 1669 et
852 1631 1003 1668 orare
1034 1615 1308 1669 debemus.

306 1703 536 1759 CAPUT
584 1703 768 1757 XX”.
815 1734 887 1745 —
920 1704 1006 1758 29.
1051 1705 1341 1760 Similitudo
1387 1723 1488 1777 qua
1536 1707 1831 1777 intelligitur

241 1793 337 1848 Dei
360 1795 581 1863 gratiam
609 1796 840 1865 faciendo
865 1796 1022 1848 cuivis
1040 1797 1178 1865 operi
1206 1797 1333 1848 bono
1357 1798 1703 1851 necessarium.
1736 1799 1828 1852 At-

236 1884 442 1938 tendite
490 1899 620 1938 sane
675 1885 954 1954 vigilanter
999 1886 1267 1955 quomodo
1315 1887 1507 1940 dixerit
1556 1905 1568 1938 :
1610 1889 1826 1941 Att/libet

234 1975 438 2046 quidem
467 1975 587 2025 huic
618 1975 769 2027 etiam
797 1976 950 2044 parti,
983 1977 1023 2027 si
1052 1977 1254 2044 quando
1296 1977 1628 2029 necessarium
1650 1978 1822 2045 fuerit,

234 2066 636 2119 miscricordiam
664 2082 805 2118 suam
845 2064 1015 2128 Deus;
1041 2068 1158 2136 quia
1201 2067 1393 2118 homini
1421 2078 1530 2135 post
1570 2079 1827 2137 pecratnm

237 2155 307 2207 ita
344 2156 599 2208 subveniri
627 2171 878 2208 necessum
918 2166 1010 2217 est,
1043 2172 1139 2207 non
1171 2157 1287 2225 quia
1320 2154 1457 2207 Deus
1487 2172 1692 2208 causam
1729 2159 1825 2209 Itu-

229 2246 378 2314 ᾔδει-ε
417 2247 727 2299 necessitatis
767 2248 1026 2315 optuvrrit.
1064 2248 1333 2301 Videtisne
1377 2249 1822 2315 quemadmodum

239 2352 344 2390 non
375 2337 518 2389 dicat
548 2338 901 2393 necessariam
934 2338 1348 2390 miscricordiam
1382 2337 1469 2389 Dei
1495 2349 1549 2390 ut
1576 2356 1678 2392 non
1705 2356 1826 2407 pec-

237 2443 445 2491 εειιιιιε,
479 2429 573 2481 sed
598 2431 720 2496 quia
756 2429 1123 2496 peccavimus?
1162 2430 1358 2482 Deinde
1386 2429 1653 2498 sttlijungit
1684 2433 1826 2485 :Scd

238 2531 286 2573 et
329 2516 555 2573 medicus
594 2522 661 2572 ad
691 2522 970 2573 curandum
992 2523 1104 2592 jam
1133 2522 1442 2575 vulneratum
1480 2534 1685 2591 paratus
1723 2540 1827 2576 esse

239 2610 416 2673 debet;
452 2628 552 2663 non
591 2611 727 2663 debet
771 2622 935 2663 autent
977 2623 1030 2663 ut
1066 2628 1215 2664 sanus
1243 2614 1525 2665 rulneretur
1550 2623 1742 2681 optare.
1771 2613 1825 2666 Si

238 2701 339 2756 ista
386 2701 685 2756 similitudo
737 2702 895 2755 rebus
946 2700 1014 2755 de
1062 2702 1254 2770 quibus
1301 2706 1506 2771 agimus
1560 2702 1823 2770 Cttngrttil,

239 2804 385 2850 certe
419 2795 687 2849 vulnerari
727 2809 831 2847 non
873 2805 1045 2862 potest
1091 2804 1275 2848 natura
1325 2797 1550 2849 lmmaua
1584 2804 1821 2864 peccato,

239 2888 491 2956 quoniam
535 2895 808 2955 peccatum
848 2887 988 2939 nulla
1026 2886 1315 2940 substantia
1357 2898 1456 2940 est.
1498 2886 1644 2942 Sicut
1691 2902 1821 2957 ergo

240 2976 481 3038 Vulnere,
526 2978 673 3031 verbi
726 2977 915 3046 gratia,
970 2977 1275 3031 claudicans
1328 2977 1447 3031 ideo
1490 2989 1724 3040 cnratttr,
1768 2986 1827 3032 ttt

241 3078 426 3122 sanan
449 3068 591 3121 malo
615 3069 902 3137 praua-ritu,
934 3066 1141 3122 futurus
1163 3068 1418 3138 dirigatur
1448 3067 1687 3122 incessus
1713 3086 1725 3121 :
1748 3069 1825 3124 sic

239 3160 373 3211 mala
404 3170 588 3212 nostra
622 3174 725 3213 non
753 3160 817 3210 ad
847 3157 947 3214 hoc
975 3160 1147 3214 solum
1175 3175 1439 3226 supernus
1467 3160 1704 3215 medicus
1733 3176 1816 3216 sa-

240 3256 351 3312 nat,
379 3258 437 3301 ut
469 3248 556 3302 illa
579 3248 686 3317 jam
722 3264 825 3302 non
854 3251 980 3315 sint,
1013 3252 1104 3306 sed
1136 3262 1191 3305 ut
1220 3251 1286 3305 de
1310 3262 1507 3306 ett-tero
1538 3261 1679 3306 recte
1708 3268 1824 3305 am-

238 3335 421 3391 bulare
467 3338 764 3405 possimus;
807 3340 947 3409 quod
992 3340 1205 3409 quidem
1249 3342 1406 3394 etiam
1450 3342 1564 3396 sani
1614 3342 1824 3397 nonnisi

238 3426 327 3482 illo
364 3427 655 3497 adjuvante
696 3433 1007 3500 poterimus.
1057 3431 1189 3485 Nam
1232 3432 1472 3489 medicus
1501 3433 1662 3487 homo
1701 3450 1823 3489 cum

236 3520 505 3573 sanaverit
530 3519 822 3588 hominem,
844 3521 954 3591 jam
976 3521 1042 3575 de
1066 3530 1261 3577 cattero
1290 3524 1695 3581 sustentandum
1718 3528 1827 3583 elc-

236 3610 433 3665 mentis
466 3618 522 3666 et
560 3611 830 3668 alimentis
872 3614 1260 3683 corporalibus,
1300 3622 1359 3670 ut
1393 3616 1579 3672 eadem
1624 3621 1824 3677 sanitas

237 3707 362 3767 apto
382 3699 626 3755 subsidio
650 3702 987 3759 convalescat
1011 3714 1170 3775 atque
1209 3705 1482 3775 persistat,
1509 3708 1622 3764 Deo
1645 3709 1824 3765 dimit-
1866 3716 1869 3717 ⁷

239 3790 335 3855 tit;
362 3791 451 3860 qui
481 3792 680 3860 praebet
720 3793 817 3847 ista
860 3794 911 3848 in
953 3809 1113 3850 carne
1136 3796 1457 3863 viventibus,
1494 3798 1643 3867 cujus
1671 3810 1824 3857 erant

237 3881 398 3935 etiam
432 3881 519 3935 itla
551 3898 689 3952 qnte,
733 3884 857 3939 dum
898 3896 1127 3950 curaret,
1172 3886 1476 3943 adhibebat.
1523 3888 1638 3944 Non
1681 3892 1822 3945 enim

236 3983 561 4039 quemquam
588 3973 823 4027 medicus
862 3990 924 4029 ex
956 3972 1040 4028 bis
1069 3976 1227 4030 rebus
1255 3991 1387 4046 quas
1426 3977 1539 4046 ipse
1562 3981 1824 4035 creaverit

238 4068 425 4125 sanat;
456 4060 549 4115 sed
577 4076 642 4117 ex
669 4061 811 4118 illius
847 4064 1092 4133 opibus‘,
1122 4067 1209 4137 qui
1239 4078 1385 4123 creat
1427 4070 1604 4124 omnia
1635 4087 1820 4127 neces-

237 4150 376 4202 saria
405 4151 552 4205 sanis
576 4164 735 4222 atque.
759 4155 982 4209 vitiosis.
1015 4154 1130 4225 Ipse
1160 4166 1336 4212 autem
1380 4159 1538 4225 Deus,
1577 4174 1697 4216 cum
1728 4178 1824 4231 per

240 4238 590 4295 mediatorem
626 4243 715 4297 Dei
759 4252 811 4298 et
843 4243 1119 4300 hominum
1150 4248 1417 4302 hominem
1446 4249 1628 4305 Jesum
1667 4251 1819 4306 Cbri-

242 4342 379 4383 stum
410 4330 453 4403 (1
478 4331 613 4386 Tim.
646 4349 704 4397 tt,
728 4336 805 4405 5),
846 4337 1195 4405 Spirituallter
1224 4351 1376 4395 sanat
1410 4357 1610 4412 a-grum
1642 4344 1724 4398 vel
1746 4345 1824 4397 vi-

243 4421 416 4477 vificat
442 4434 735 4490 mortuum,
765 4427 814 4482 id
841 4439 942 4488 est.
966 4429 1218 4500 justiﬁcat
1247 4433 1488 4501 impium,
1529 4445 1583 4489 et
1609 4451 1728 4489 cum
1754 4437 1820 4491 ad

241 4513 529 4582 perfectam
570 4520 872 4584 sanitatem,
924 4520 1026 4576 boe
1070 4533 1173 4587 est,
1224 4506 1287 4575 ad
1328 4523 1617 4595 perfectam
1663 4527 1824 4583 vitam

234 4603 601 4679 justitiamque
632 4611 959 4680 perduxvrit,
1005 4631 1107 4667 non
1136 4615 1334 4670 deserit
1375 4617 1418 4671 si
1460 4633 1562 4671 non
1607 4618 1821 4674 desera-

238 4708 341 4755 tur.
394 4711 452 4754 ut
511 4703 591 4770 pie
642 4720 851 4773 setup-r
895 4705 1140 4775 justeque
1190 4709 1435 4778 γίγειιιιν,⁵
1476 4710 1621 4764 Sicut
1680 4713 1821 4765 enim

234 4790 420 4841 oculus
458 4794 696 4859 corporis
726 4795 885 4848 etiam
915 4794 1218 4862 plenissime
1251 4814 1428 4861 sanus,
1469 4800 1563 4853 nisi
1594 4800 1822 4855 candore

233 4879 366 4933 luris
400 4883 613 4947 adjutus
641 4901 744 4937 non
776 4895 947 4953 potest
981 4902 1201 4942 cernere
1231 4906 1245 4941 :
1275 4869 1430 4943 sic’et
1464 4890 1620 4942 homo
1663 4892 1819 4945 etiam

233 4969 623 5039 perfectissime
653 4974 994 5043 justificatus,
1040 4979 1142 5033 nisi
1193 4982 1423 5033 mterna'
1462 4980 1576 5035 luce
1606 4982 1822 5051 justitite

230 5062 488 5117 divinitus
530 5062 826 5134 adjuvetur,
874 5080 1018 5125 recte
1060 5087 1163 5123 non
1211 5081 1383 5139 potest
1421 5073 1617 5127 vivere.
1659 5073 1824 5129 Sanat

227 5166 362 5221 ergo
409 5153 566 5219 Deus,
615 5174 718 5209 non
754 5158 925 5212 Solum
966 5169 1024 5214 ut
1063 5161 1234 5215 deleat
1279 5161 1420 5233 quod
1460 5165 1819 5232 peccavimus,

225 5244 325 5298 sed
356 5253 414 5297 ut
439 5254 651 5313 pnestet
684 5248 842 5304 etiam
874 5267 939 5303 ne
967 5267 1262 5318 peccemus.

300 5332 532 5389 CAPUT
571 5335 985 5396 XXVll.—30.
1040 5341 1309 5398 Peccatum
1357 5351 1561 5413 peccato
1602 5345 1818 5403 tollitur.

224 5422 472 5477 Sanandi
497 5427 725 5481 ordinent
754 5430 963 5485 cwlestis
990 5433 1211 5486 medicus
1243 5451 1342 5488 non
1380 5434 1441 5489 ab
1466 5446 1654 5507 aegroto
1680 5439 1819 5492 acci-

223 5513 326 5578 pit,
350 5515 441 5568 sed
466 5533 500 5569 a
530 5533 583 5571 se
604 5518 735 5588 ipso.
753 5517 918 5573 Justis
933 5538 1046 5590 quia
1065 5540 1223 5576 causa
1250 5524 1476 5578 timendi.
1499 5529 1665 5582 Acute
1696 5544 1823 5584 sane

224 5612 426 5658 tractat
469 5615 524 5660 et
568 5617 781 5669 versat,
811 5619 865 5663 et
893 5619 1145 5679 quantum
1191 5614 1288 5667 sibi
1321 5615 1529 5670 videtur
1557 5617 1823 5688 redarguit

295 5696 311 5771 ξ
332 5696 406 5771 sic
416 5696 597 5771 omnes
615 5711 767 5771 prope
785 5707 888 5750 \tss.
902 5709 957 5751 At
972 5703 1108 5764 editi,
1125 5704 1360 5769 operibus,
1384 5708 1498 5757 vile
1518 5706 1657 5771 infra,
1680 5724 1727 5760 ιι.
1741 5710 1817 5762 70.

294 5760 311 5787 ¹
336 5762 675 5810 Ctstcrciuzusis
697 5769 800 5819 ιιι..
824 5771 1036 5814 a'trrnce.

1676 310 1874 367 LIBER
1915 311 2115 369 L’NUS.

3427 324 3553 409 sar.

1939 436 2099 496 atque
2141 430 2405 484 convincit
2443 433 2581 502 quod
2625 436 2703 490 eis
2731 436 2976 501 dicitur',
3005 439 3153 492 etiam
3191 441 3526 497 necessarium

1939 518 2098 588 fuisse
2119 519 2311 573 homini
2331 521 2398 573 ad
2425 524 2750 592 auferendum
2789 531 3036 598 superbia:
3064 534 3139 585 vel
3172 532 3349 603 gloria!
3373 550 3522 588 orca-

1939 606 2149 671 siouent,
2182 620 2236 663 ut
2260 611 2443 679 absque
2481 628 2683 684 peccato
2717 635 2821 672 esse
2849 638 2946 674 non
2977 632 3160 690 posset.
3199 624 3520 679 Absurdissi-

1938 712 2073 751 tnunt
2103 701 2289 771 quippe
2326 712 2370 755 ct
2411 705 2758 760 stultissinnnn
2790 721 2953 777 putat,
2990 723 3246 776 peceatum
3279 716 3434 779 fuisse
3461 733 3524 768 ne

1939 802 2193 857 peccatum
2224 804 2365 857 esset,
2408 798 2642 863 quoniam
2669 809 2713 850 et
2743 800 2850 869 ipsa
2879 805 3113 871 superbia
3148 806 3314 865 utique
3340 824 3519 874 pecca-
3586 818 3611 830 ‘

1938 887 2042 931 tum
2072 891 2144 933 est
2167 898 2185 936 :
2206 884 2352 952 quasi
2401 901 2504 938 tt0u
2550 896 2601 941 et
2634 890 2781 943 ulcus
2814 892 2861 943 in
2894 892 3077 947 dolore
3122 905 3224 957 est,
3257 905 3307 948 et
3353 897 3520 949 sectio

1937 972 2176 1027 dolorem
2225 987 2497 1042 operatur,
2547 987 2603 1032 ut
2636 980 2786 1034 dolor
2815 983 2993 1035 dolore
3041 986 3269 1040 tollatur.
3323 987 3432 1040 Iloc
3476 988 3520 1041 si

1938 1067 2141 1134 experti
2184 1082 2287 1120 non
2336 1085 2593 1127 essemus.
2640 1082 2693 1125 et
2725 1074 2773 1124 iu
2812 1076 3075 1142 aliquibus
3106 1080 3258 1132 terris
3302 1081 3385 1132 ubi
3420 1082 3516 1135 iSta

1938 1172 2206 1224 tamquam
2249 1160 2597 1227 etmtigerant,
2646 1164 2970 1230 audiremus,
3004 1169 3118 1221 :iIIC
3148 1170 3308 1222 dubio
3340 1174 3517 1239 utique

1937 1246 2264 1315 deridentes,
2308 1249 2549 1305 fortassis
2577 1254 2735 1308 etiam
2775 1258 2950 1310 verbis
2979 1260 3130 1327 lmjns
3168 1271 3435 1315 uteremur
3461 1273 3518 1316 et

1936 1335 2255 1401 diceremus,
2298 1340 2752 1398 AbsurdiSsimmn
2784 1357 2861 1400 est
2889 1348 3125 1403 dolorem
3159 1354 3516 1406 necessarium

1936 1426 2119 1492 fuisse,
2158 1446 2223 1485 ne
2255 1433 2446 1487 ulceris
2476 1435 2629 1487 dolor
2653 1447 2815 1491 esset.

2008 1520 2095 1574 3|.
2141 1521 2247 1575 Sed
2288 1522 2443 1588 Deus,
2475 1525 2736 1593 inquiunt,
2764 1538 2925 1599 potest
2968 1531 3136 1584 omnia
3175 1549 3372 1586 sanare.
3406 1534 3516 1590 Hoc

1935 1610 2116 1679 utique
2142 1614 2269 1681 agit,
2302 1624 2355 1666 ut
2376 1624 2526 1668 sanet
2552 1620 2725 1670 omnia
2752 1638 2764 1671 :
2790 1620 2880 1674 sed
2909 1623 3014 1690 agit
3035 1622 3234 1690 judicio
3264 1640 3379 1686 suo,
3416 1643 3515 1682 nec

1934 1701 2176 1755 ordinem
2221 1705 2441 1758 sanandi
2492 1709 2682 1777 accipit
2725 1710 2791 1764 ab
2835 1724 3054 1780 a-grnto.
3109 1713 3300 1768 Procul
3352 1717 3515 1771 dubio

1934 1792 2129 1861 quippe
2147 1795 2503 1849 firmissimum
2523 1800 2832 1867 Apostolum
2851 1804 3055 1857 volebat
3072 1805 3303 1869 efﬁcere,
3329 1809 3410 1859 cui
3431 1818 3511 1860 tae

1934 1898 2057 1936 men
2097 1883 2247 1950 dixit,
2303 1884 2469 1940 Virtus
2513 1892 2564 1942 in
2604 1891 2896 1955 inﬁrmitate
2923 1895 3179 1961 per/icitur
3208 1911 3226 1949 :
3251 1906 3303 1950 et
3332 1912 3435 1951 non
3464 1899 3512 1953 ei

1936 1974 2091 2027 toties
2133 1976 2304 2028 onmti
2356 1978 2528 2031 aufert
2573 1980 2754 2034 nescio
2797 1997 2953 2050 quem
2998 1985 3268 2037 stimulum
3313 1987 3510 2052 Carnis,

1932 2077 2089 2130 quetn
2106 2064 2202 2116 sibi
2218 2065 2341 2117 dicit
2356 2066 2557 2133 datum,
2575 2085 2639 2123 ne
2654 2072 3011 2139 magnitudine
3025 2077 3403 2130 revelatiouunt
3422 2095 3515 2131 ex—

1934 2152 2210 2207 tolleretur
2258 2154 2322 2223 (ll
2354 2155 2470 2209 Cor.
2517 2174 2612 2223 xu,
2641 2159 2777 2228 7-9).
2821 2163 3019 2215 Ctetera
3059 2167 3200 2219 enim
3232 2168 3352 2220 vitia
3404 2182 3509 2221 tan-

1933 2249 2043 2295 tum
2079 2244 2128 2295 in
2156 2243 2448 2299 malefactis
2479 2250 2674 2310 valent,
2715 2251 2824 2302 sola
2859 2263 3034 2307 autem
3075 2256 3319 2322 superbia
3349 2262 3511 2315 etiam

1932 2332 1983 2386 in
2010 2345 2152 2388 recte
2187 2334 2336 2388 factis
2363 2340 2592 2391 eavenda
2622 2350 2721 2394 est.
2759 2341 2905 2397 Unde
2944 2345 3296 2401 admonentur
3324 2351 3418 2414 illi,
3444 2366 3510 2405 ne

1929 2422 2069 2477 dona
2101 2426 2190 2478 llei
2229 2440 2338 2479 sua:
2367 2431 2610 2495 potestati
2652 2433 2929 2487 tribuendo
2957 2451 3179 2507 seseque
3207 2441 3517 2493 extollendo

1931 2515 2142 2583 gravius
2170 2528 2406 2584 pereant,
2430 2535 2587 2587 qttatu
2616 2522 2658 2573 si
2686 2524 2756 2575 nil
2785 2538 3131 2598 operarentur
3153 2529 3293 2589 boni,
3322 2533 3515 2599 quibus

1932 2605 2145 2669 dieitur,
2192 2605 2315 2660 Cum
2342 2610 2519 2662 timore
2558 2621 2604 2663 et
2635 2622 2848 2667 tremore
2873 2627 3084 2669 vestram
3122 2620 3344 2685 ipsorum
3373 2624 3512 2675 salu-

1933 2706 2029 2749 tent
2057 2698 2334 2764 operamini
2358 2713 2376 2750 :
2405 2697 2545 2751 Deus
2575 2703 2705 2754 enim
2745 2713 2817 2755 est
2841 2705 2925 2773 qui
2961 2718 3198 2775 aperatur
3224 2712 3274 2761 in
3302 2711 3437 2764 vobis
3467 2721 3514 2764 et

1930 2787 2057 2838 velle
2091 2795 2137 2838 et
2183 2787 2403 2852 operari,
2452 2805 2544 2857 pro
2587 2791 2714 2843 bona
2753 2795 3003 2848 voluntate
3044 2795 3303 2867 (Philipp.
3335 2816 3389 2864 tt,
3426 2802 3509 2864 l2.

1932 2874 2045 2944 15).
2078 2876 2251 2939 Quare
2280 2892 2406 2946 ergo
2433 2892 2553 2931 cum
2597 2879 2783 2934 titnore
2812 2893 2863 2935 et
2897 2894 3146 2951 tretnare,
3179 2897 3233 2940 et
3272 2903 3377 2942 non
3411 2905 3507 2958 po-

1932 2963 2035 3016 tius
2063 2979 2182 3017 entn
2213 2970 2514 3030 securitate,
2553 2969 2597 3022 si
2637 2969 2773 3023 Deus
2800 2983 3081 3042 operatur;
3107 2977 3203 3029 nisi
3231 2978 3350 3046 quia
3390 2995 3513 3047 pro-

1930 3064 2050 3125 pter
2075 3057 2399 3112 voluntatem
2441 3069 2696 3123 nostram,
2741 3062 2855 3118 sine
2881 3080 2980 3133 qua
3012 3065 3146 3120 bene
3183 3084 3286 3120 non
3318 3085 3508 3139 possu-

1932 3135 2047 3198 rbus
2077 3149 2304 3217 operari,
2326 3149 2432 3201 cito
2455 3162 2628 3219 potest
2656 3154 2943 3221 subrepere
2975 3158 3153 3213 animo
3182 3160 3432 3223 humano,
3454 3171 3510 3216 ut

1930 3238 2071 3307 quod
2105 3240 2238 3294 bene
2264 3255 2532 3309 operatur,
2564 3259 2718 3298 suum
2748 3251 3112 3302 tantummodo
3140 3251 3427 3315 existimet,
3456 3262 3510 3309 et

1930 3329 2071 3383 dicat
2099 3328 2152 3382 in
2188 3331 2509 3387 alnmdantia
2554 3351 2669 3402 sua,
2702 3334 2824 3391 Non
2869 3344 3097 3394 movebar
3134 3342 3186 3395 in
3226 3345 3511 3399 a'ternunt?

1931 3418 2056 3475 Ideo
2084 3421 2172 3491 qui
2201 3422 2252 3475 in
2286 3423 2557 3479 voluntate
2583 3442 2674 3480 sua
2710 3430 3026 3496 praestiterat
3051 3432 3230 3486 decori
3259 3434 3375 3504 ejus
3400 3434 3508 3489 vir-

1930 3518 2120 3577 tutem,
2175 3514 2365 3569 avertit
2407 3516 2677 3583 paululum
2720 3517 2908 3574 faciem
2950 3537 3122 3587 suam,
3173 3533 3230 3577 ut
3280 3526 3367 3593 qui
3411 3526 3512 3580 boc

1928 3597 2136 3654 dixerat
2163 3601 2312 3657 fieret
2346 3605 2694 3660 conturbatus
2722 3624 2735 3660 :
2761 3609 3011 3679 quoniam
3039 3612 3166 3681 ipsis
3193 3626 3275 3670 est
3301 3614 3392 3670 ille
3423 3625 3508 3670 tu-

1928 3693 2339 3747 mor-sanandus
2367 3694 2660 3750 doloribus.

1998 3782 2224 3863 CAPUT
2284 3784 2519 3841 XXVIII.
2547 3787 2721 3843 —-52.
2773 3787 2969 3845 Deserit
2995 3792 3306 3863 aliquantum
3346 3794 3508 3862 Deus,

1928 3891 1992 3929 ne
2015 3859 2378 3945 superbiantus.
2409 3878 2523 3934 Non
2568 3880 2742 3951 itaque
2790 3882 2983 3938 dicitur
3026 3885 3248 3954 ltomiui,
3292 3886 3512 3944 Necesse

1928 3974 2000 4017 est
2041 3981 2263 4036 peccare,
2321 3984 2383 4022 ne
2433 3985 2656 4037 pecces:
2702 3972 2795 4026 sed
2861 3973 3051 4027 dicitur
3108 3974 3349 4043 homini,
3404 3978 3509 4032 De-

1928 4054 2055 4106 serit
2087 4054 2412 4123 aliquautum
2460 4058 2597 4112 Deus
2641 4057 2781 4115 unde
2826 4061 3086 4128 superbis,
3137 4072 3194 4115 ut
3217 4063 3355 4118 scias
3402 4080 3511 4121 non

1930 4152 2097 4210 tuum,
2127 4145 2221 4201 sed
2273 4147 2389 4217 ejus
2431 4164 2569 4214 esse,
2614 4161 2667 4204 ct
2711 4151 2887 4205 discas
2923 4154 3185 4221 superbus
3222 4170 3330 4210 non
3368 4172 3511 4213 esse.

1925 4234 2058 4289 Nam
2086 4236 2212 4289 illud
2248 4240 2407 4291 etiam
2458 4240 2695 4308 Apostoli
2724 4243 2880 4310 quale
2925 4252 3026 4312 est,
3062 4260 3237 4302 nonne
3288 4248 3357 4301 ita
3410 4251 3513 4303 tui-

1926 4324 2116 4392 rabile,
2149 4333 2206 4379 ut
2263 4327 2365 4380 nisi
2421 4329 2542 4397 quia
2614 4330 2725 4399 ipse
2776 4332 2943 4398 dicit,
3001 4336 3086 4390 cui
3140 4352 3262 4392 vera
3312 4337 3513 4395 dicenti

1928 4418 2293 4474 contradicere
2345 4419 2493 4476 nefas
2538 4431 2664 4490 est,
2721 4438 2824 4477 non
2893 4426 2962 4479 sit
3025 4426 3320 4486 credibile?
3380 4431 3510 4500 Quis

1928 4509 2071 4565 enim
2104 4511 2302 4565 nesciat
2331 4512 2585 4577 fidelium,
2614 4530 2642 4567 a
2671 4524 2852 4571 satana
2888 4518 3098 4575 venisse
3128 4523 3350 4601 pinnam
3382 4539 3508 4592 pec-

1926 4602 2031 4656 cati
2052 4603 2354 4657 suasionem
2378 4602 2529 4672 (Gen.
2561 4622 2639 4673 ιιι,
2670 4608 2813 4679 1ο6),
2837 4611 3046 4679 etquod
3076 4612 3162 4667 ille
3188 4616 3389 4683 primus
3418 4630 3511 4669 ειυς

1928 4699 2044 4747 ctor
2070 4691 2136 4745 sit
2166 4693 2401 4747 omnium
2434 4699 2810 4765 peccatorum?
2837 4700 2901 4753 Et
2946 4710 3119 4755 tamen
3161 4704 3371 4770 quidam
3398 4714 3507 4759 tra-

1927 4780 2126 4835 duntur
2158 4793 2375 4846 satanas,
2423 4796 2479 4838 ut
2520 4784 2728 4853 discant
2771 4805 2874 4842 non
2912 4791 3277 4859 blaSpliemare
3303 4793 3345 4861 (Ι
3376 4791 3508 4847 Tim.

1927 4886 1965 4938 ι,
1995 4871 2107 4941 9.0).
2140 4874 2417 4938 Quomodo
2446 4875 2601 4945 igitur
2630 4893 2763 4949 opus
2784 4891 2983 4933 satana:
3021 4882 3318 4935 excluditur
3343 4899 3506 4952 opere

1927 4965 2161 5018 Satanae?
2190 4966 2311 5020 Ila'c
2333 4978 2489 5036 atque
2509 4968 2810 5037 ltujusmodi
2835 4974 3115 5037 intueatur,
3139 4989 3206 5027 ne
3228 4974 3506 5029 videantur

1927 5055 1973 5108 ei
2003 5055 2159 5107 nimis
2187 5065 2357 5119 acuta,
2384 5073 2502 5124 qum
2536 5062 2746 5114 acntnle
2783 5076 2995 5128 sonant,
3026 5072 3078 5116 et
3100 5062 3335 5117 discussa
3362 5066 3509 5120 inve-

1927 5144 2146 5199 niuntur
2168 5146 2376 5201 obtusa.
2402 5149 2536 5213 Quid
2567 5150 2707 5218 quod
2747 5153 2904 5205 etiam
2942 5153 3315 5210 similitudines
3351 5157 3507 5210 adbi-

1926 5233 2035 5301 bet,
2062 5236 2255 5306 quibus
2283 5238 2449 5309 magis
2477 5239 2759 5294 admoneat
2785 5242 2908 5311 quid
2949 5242 2998 5296 ei
3042 5242 3234 5297 debeat
3283 5260 3507 5316 respon-

1914 5324 2076 5382 ‘deri?
2124 5327 2259 5395 Quid
2306 5331 2523 5402 amplius
2565 5332 2752 5399 dicam,
2804 5334 3009 5403 inquit,
3044 5336 3142 5389 nisi
3176 5338 3296 5406 quia
3351 5351 3509 5407 potest

1926 5418 2062 5471 credi
2090 5420 2224 5489 quod
2252 5420 2392 5490 ignes
2434 5421 2633 5491 ignibus
2670 5424 3075 5493 exstinguuntur,
3113 5427 3159 5480 si
3185 5427 3204 5457 '
3233 5429 3369 5481 credi
3411 5448 3506 5499 po-

1928 5517 2018 5562 test
2068 5511 2205 5580 quod
2255 5512 2468 5580 peccatis
2521 5523 2725 5583 peccata
2784 5518 3064 5572 curentur?
3090 5517 3224 5588 Quid
3269 5521 3312 5575 si
3360 5522 3511 5591 ignes

1926 5600 2261 5671 exstinguere
2298 5603 2578 5673 quisquam
2608 5622 2710 5661 non
2739 5618 2908 5676 potest
2938 5610 3168 5681 ignibus,
3199 5613 3289 5668 sed
3331 5624 3508 5668 tamen

1993 5716 2010 5779 ξ
2035 5715 2401 5779 ᾳείηιιιιρηδίε
2423 5722 2525 5773 δίδη
2550 5720 2677 5779 quor!
2700 5718 2745 5770 ci
2769 5720 2964 5770 dicitur.

1993 5774 2012 5805 ⁸
2035 5774 2170 5833 editi,
2193 5777 2278 5827 sic.
2304 5774 2602 5841 castigantur
2629 5794 2687 5831 ex
2716 5797 2790 5832 ira
2811 5785 3065 5848 inscriptis.
