  <div class='ocr_page' id='page_1' title='image "/cluster/home/n/w/nwhite01/storage/ocr_20150623/44/hvd.32044069687945/137.png"; bbox 0 0 4002 6178; ppageno 0'>
   <div class='ocr_carea' id='block_1_1' title="bbox 487 279 594 337">
    <p class='ocr_par' dir='ltr' id='par_1_1' title="bbox 487 279 594 337">
     <span class='ocr_line' id='line_1_1' title="bbox 487 279 594 337; baseline 0.009 -1"><span class='ocrx_word' id='word_1_1' title='bbox 487 279 594 337; x_wconf 69' lang='lat'><strong>253</strong></span> 
     </span>
    </p>
   </div>
   <div class='ocr_carea' id='block_1_2' title="bbox 487 388 2071 469">
    <p class='ocr_par' dir='ltr' id='par_1_2' title="bbox 487 388 2071 469">
     <span class='ocr_line' id='line_1_2' title="bbox 487 388 2071 469; baseline -0.008 -16"><span class='ocrx_word' id='word_1_2' title='bbox 487 407 731 469; x_wconf 85' lang='lat' dir='ltr'><strong>possunt,</strong></span> <span class='ocrx_word' id='word_1_3' title='bbox 763 406 819 451; x_wconf 89' lang='lat' dir='ltr'><strong>ut</strong></span> <span class='ocrx_word' id='word_1_4' title='bbox 843 395 1020 461; x_wconf 81' lang='lat' dir='ltr'><strong>docui,</strong></span> <span class='ocrx_word' id='word_1_5' title='bbox 1051 391 1265 448; x_wconf 87' lang='lat' dir='ltr'><strong>dolores</strong></span> <span class='ocrx_word' id='word_1_6' title='bbox 1291 391 1465 447; x_wconf 88' lang='lat' dir='ltr'><strong>curari</strong></span> <span class='ocrx_word' id='word_1_7' title='bbox 1492 389 1813 446; x_wconf 78' lang='lat' dir='ltr'><strong>doloribus?</strong></span> <span class='ocrx_word' id='word_1_8' title='bbox 1838 388 2071 444; x_wconf 83' lang='lat' dir='ltr'><strong>Possunt</strong></span> 
     </span>
    </p>
   </div>
   <div class='ocr_carea' id='block_1_3' title="bbox 485 479 2068 558">
    <p class='ocr_par' dir='ltr' id='par_1_3' title="bbox 485 479 2068 558">
     <span class='ocr_line' id='line_1_3' title="bbox 485 479 2068 558; baseline -0.006 -14"><span class='ocrx_word' id='word_1_9' title='bbox 485 491 667 554; x_wconf 88' lang='lat' dir='ltr'><strong>etiam,</strong></span> <span class='ocrx_word' id='word_1_10' title='bbox 701 488 743 543; x_wconf 90' lang='lat' dir='ltr'><strong>si</strong></span> <span class='ocrx_word' id='word_1_11' title='bbox 765 496 969 558; x_wconf 82' lang='lat' dir='ltr'><strong>qmerat</strong></span> <span class='ocrx_word' id='word_1_12' title='bbox 1018 496 1070 540; x_wconf 91' lang='lat' dir='ltr'><strong>et</strong></span> <span class='ocrx_word' id='word_1_13' title='bbox 1099 485 1288 550; x_wconf 79' lang='lat' dir='ltr'><strong>discat,</strong></span> <span class='ocrx_word' id='word_1_14' title='bbox 1343 484 1564 539; x_wconf 84' lang='lat' dir='ltr'><strong>venenis</strong></span> <span class='ocrx_word' id='word_1_15' title='bbox 1615 496 1818 537; x_wconf 90' lang='lat' dir='ltr'><strong>venena</strong></span> <span class='ocrx_word' id='word_1_16' title='bbox 1853 479 2068 550; x_wconf 91' lang='lat' dir='ltr'><strong>depelli.</strong></span> 
     </span>
    </p>
   </div>
   <div class='ocr_carea' id='block_1_4' title="bbox 484 572 2068 645">
    <p class='ocr_par' dir='ltr' id='par_1_4' title="bbox 484 572 2068 645">
     <span class='ocr_line' id='line_1_4' title="bbox 484 572 2068 645; baseline -0.006 -10"><span class='ocrx_word' id='word_1_17' title='bbox 484 580 640 644; x_wconf 78' lang='lat' dir='ltr'><strong>Nam,</strong></span> <span class='ocrx_word' id='word_1_18' title='bbox 671 581 714 632; x_wconf 88' lang='lat' dir='ltr'><strong>si</strong></span> <span class='ocrx_word' id='word_1_19' title='bbox 742 589 792 632; x_wconf 88' lang='lat' dir='ltr'><strong>et</strong></span> <span class='ocrx_word' id='word_1_20' title='bbox 819 577 1046 632; x_wconf 89' lang='lat' dir='ltr'><strong>advertit</strong></span> <span class='ocrx_word' id='word_1_21' title='bbox 1073 575 1358 645; x_wconf 82' lang='lat' dir='ltr'><strong>aliquando</strong></span> <span class='ocrx_word' id='word_1_22' title='bbox 1408 575 1617 630; x_wconf 86' lang='lat' dir='ltr'><strong>calores</strong></span> <span class='ocrx_word' id='word_1_23' title='bbox 1664 573 1892 628; x_wconf 79' lang='lat' dir='ltr'><strong>febrium</strong></span> <span class='ocrx_word' id='word_1_24' title='bbox 1949 572 2068 641; x_wconf 85' lang='lat' dir='ltr'><strong>qui-</strong></span> 
     </span>
    </p>
   </div>
   <div class='ocr_carea' id='block_1_5' title="bbox 483 663 2072 737">
    <p class='ocr_par' dir='ltr' id='par_1_5' title="bbox 483 663 2072 737">
     <span class='ocr_line' id='line_1_5' title="bbox 483 663 2072 737; baseline -0.005 -11"><span class='ocrx_word' id='word_1_25' title='bbox 483 671 707 726; x_wconf 83' lang='lat' dir='ltr'><strong>busdam</strong></span> <span class='ocrx_word' id='word_1_26' title='bbox 753 669 1020 724; x_wconf 80' lang='lat' dir='ltr'><strong>caloribus</strong></span> <span class='ocrx_word' id='word_1_27' title='bbox 1049 667 1448 722; x_wconf 82' lang='lat' dir='ltr'><strong>medicinalibus</strong></span> <span class='ocrx_word' id='word_1_28' title='bbox 1479 667 1668 737; x_wconf 80' lang='lat' dir='ltr'><strong>frangi,</strong></span> <span class='ocrx_word' id='word_1_29' title='bbox 1721 667 1880 720; x_wconf 91' lang='lat' dir='ltr'><strong>etiam</strong></span> <span class='ocrx_word' id='word_1_30' title='bbox 1922 663 2072 736; x_wconf 80' lang='lat' dir='ltr'><strong>ignes</strong></span> 
     </span>
    </p>
   </div>
   <div class='ocr_carea' id='block_1_6' title="bbox 485 759 1536 834">
    <p class='ocr_par' dir='ltr' id='par_1_6' title="bbox 485 759 1536 834">
     <span class='ocr_line' id='line_1_6' title="bbox 485 759 1536 834; baseline -0.004 -18"><span class='ocrx_word' id='word_1_31' title='bbox 485 763 692 834; x_wconf 68' lang='lat' dir='ltr'><strong>ignibus</strong></span> <span class='ocrx_word' id='word_1_32' title='bbox 715 760 940 815; x_wconf 66' lang='lat' dir='ltr'><strong>fortasse</strong></span> <span class='ocrx_word' id='word_1_33' title='bbox 969 759 1228 814; x_wconf 88' lang='lat' dir='ltr'><strong>concedet</strong></span> <span class='ocrx_word' id='word_1_34' title='bbox 1252 759 1536 828; x_wconf 78' lang='lat' dir='ltr'><strong>exstingui.</strong></span> 
     </span>
    </p>
   </div>
   <div class='ocr_carea' id='block_1_7' title="bbox 554 845 2072 918">
    <p class='ocr_par' dir='ltr' id='par_1_7' title="bbox 554 845 2072 918">
     <span class='ocr_line' id='line_1_7' title="bbox 554 845 2072 918; baseline -0.005 -12"><span class='ocrx_word' id='word_1_35' title='bbox 554 851 778 906; x_wconf 72' lang='lat' dir='ltr'><strong>CAPUT</strong></span> <span class='ocrx_word' id='word_1_36' title='bbox 809 849 995 904; x_wconf 72' lang='lat' dir='ltr'><strong>XXIX.</strong></span> <span class='ocrx_word' id='word_1_37' title='bbox 1029 880 1098 890; x_wconf 89' lang='lat'><strong><em>—</em></strong></span> <span class='ocrx_word' id='word_1_38' title='bbox 1124 851 1212 904; x_wconf 81' lang='grc'><strong>55.</strong></span> <span class='ocrx_word' id='word_1_39' title='bbox 1244 847 1361 902; x_wconf 80' lang='lat' dir='ltr'><strong>Non</strong></span> <span class='ocrx_word' id='word_1_40' title='bbox 1385 864 1532 901; x_wconf 88' lang='lat' dir='ltr'><strong>omne</strong></span> <span class='ocrx_word' id='word_1_41' title='bbox 1556 856 1814 918; x_wconf 82' lang='lat' dir='ltr'><strong>peccatum</strong></span> <span class='ocrx_word' id='word_1_42' title='bbox 1837 845 2072 914; x_wconf 74' lang='lat' dir='ltr'><strong>superbia</strong></span> 
     </span>
    </p>
   </div>
   <div class='ocr_carea' id='block_1_8' title="bbox 480 937 2071 1013">
    <p class='ocr_par' dir='ltr' id='par_1_8' title="bbox 480 937 2071 1013">
     <span class='ocr_line' id='line_1_8' title="bbox 480 937 2071 1013; baseline -0.005 -16"><span class='ocrx_word' id='word_1_43' title='bbox 480 953 576 998; x_wconf 82' lang='lat' dir='ltr'><strong>est.</strong></span> <span class='ocrx_word' id='word_1_44' title='bbox 602 941 848 1013; x_wconf 78' lang='lat' dir='ltr'><strong>Superbia</strong></span> <span class='ocrx_word' id='word_1_45' title='bbox 879 942 1130 1011; x_wconf 78' lang='lat' dir='ltr'><strong>quomodo</strong></span> <span class='ocrx_word' id='word_1_46' title='bbox 1179 941 1340 994; x_wconf 86' lang='lat' dir='ltr'><strong>omnis</strong></span> <span class='ocrx_word' id='word_1_47' title='bbox 1364 941 1552 1010; x_wconf 80' lang='lat' dir='ltr'><strong>peccati</strong></span> <span class='ocrx_word' id='word_1_48' title='bbox 1583 939 1800 991; x_wconf 88' lang='lat' dir='ltr'><strong>initium.</strong></span> <span class='ocrx_word' id='word_1_49' title='bbox 1837 937 2071 1002; x_wconf 82' lang='lat' dir='ltr'><strong>Quonam</strong></span> 
     </span>
    </p>
   </div>
   <div class='ocr_carea' id='block_1_9' title="bbox 485 1028 2072 1103">
    <p class='ocr_par' dir='ltr' id='par_1_9' title="bbox 485 1028 2072 1103">
     <span class='ocr_line' id='line_1_9' title="bbox 485 1028 2072 1103; baseline -0.003 -16"><span class='ocrx_word' id='word_1_50' title='bbox 485 1038 654 1096; x_wconf 83' lang='lat' dir='ltr'><strong>modo,</strong></span> <span class='ocrx_word' id='word_1_51' title='bbox 687 1035 875 1103; x_wconf 90' lang='lat' dir='ltr'><strong>inquit,</strong></span> <span class='ocrx_word' id='word_1_52' title='bbox 895 1033 1181 1100; x_wconf 73' lang='lat' dir='ltr'><strong>superbiam</strong></span> <span class='ocrx_word' id='word_1_53' title='bbox 1210 1034 1372 1102; x_wconf 88' lang='lat' dir='ltr'><strong>ipsam</strong></span> <span class='ocrx_word' id='word_1_54' title='bbox 1402 1047 1433 1084; x_wconf 89' lang='lat' dir='ltr'><strong>a</strong></span> <span class='ocrx_word' id='word_1_55' title='bbox 1463 1041 1666 1101; x_wconf 73' lang='lat' dir='ltr'><strong>peccato</strong></span> <span class='ocrx_word' id='word_1_56' title='bbox 1685 1029 2027 1098; x_wconf 83' lang='lat' dir='ltr'><strong>separabinms</strong></span> <span class='ocrx_word' id='word_1_57' title='bbox 2045 1028 2072 1082; x_wconf 84' lang='lat'><strong><em>?</em></strong></span> 
     </span>
    </p>
   </div>
   <div class='ocr_carea' id='block_1_10' title="bbox 482 1119 2068 1195">
    <p class='ocr_par' dir='ltr' id='par_1_10' title="bbox 482 1119 2068 1195">
     <span class='ocr_line' id='line_1_10' title="bbox 482 1119 2068 1195; baseline -0.004 -16"><span class='ocrx_word' id='word_1_58' title='bbox 482 1128 618 1195; x_wconf 81' lang='lat' dir='ltr'><strong>Quid</strong></span> <span class='ocrx_word' id='word_1_59' title='bbox 660 1128 798 1179; x_wconf 86' lang='lat' dir='ltr'><strong>enim</strong></span> <span class='ocrx_word' id='word_1_60' title='bbox 844 1126 945 1179; x_wconf 85' lang='lat' dir='ltr'><strong>line</strong></span> <span class='ocrx_word' id='word_1_61' title='bbox 995 1133 1165 1192; x_wconf 78' lang='lat' dir='ltr'><strong>urget,</strong></span> <span class='ocrx_word' id='word_1_62' title='bbox 1223 1138 1342 1176; x_wconf 89' lang='lat' dir='ltr'><strong>cum</strong></span> <span class='ocrx_word' id='word_1_63' title='bbox 1394 1120 1732 1176; x_wconf 79' lang='lat' dir='ltr'><strong>manifestum</strong></span> <span class='ocrx_word' id='word_1_64' title='bbox 1787 1121 1858 1173; x_wconf 90' lang='lat' dir='ltr'><strong>sit</strong></span> <span class='ocrx_word' id='word_1_65' title='bbox 1906 1119 2068 1174; x_wconf 89' lang='lat' dir='ltr'><strong>etiam</strong></span> 
     </span>
    </p>
   </div>
   <div class='ocr_carea' id='block_1_11' title="bbox 485 1209 2065 1286">
    <p class='ocr_par' dir='ltr' id='par_1_11' title="bbox 485 1209 2065 1286">
     <span class='ocr_line' id='line_1_11' title="bbox 485 1209 2065 1286; baseline -0.004 -16"><span class='ocrx_word' id='word_1_66' title='bbox 485 1217 651 1286; x_wconf 69' lang='lat' dir='ltr'><strong>ipsum</strong></span> <span class='ocrx_word' id='word_1_67' title='bbox 677 1231 794 1270; x_wconf 81' lang='lat' dir='ltr'><strong>esse</strong></span> <span class='ocrx_word' id='word_1_68' title='bbox 834 1217 1146 1283; x_wconf 68' lang='lat' dir='ltr'><strong>peceatum?</strong></span> <span class='ocrx_word' id='word_1_69' title='bbox 1169 1211 1296 1266; x_wconf 82' lang='lat' dir='ltr'><strong>Tant</strong></span> <span class='ocrx_word' id='word_1_70' title='bbox 1327 1227 1552 1282; x_wconf 82' lang='lat' dir='ltr'><strong>peccare,</strong></span> <span class='ocrx_word' id='word_1_71' title='bbox 1579 1211 1766 1278; x_wconf 85' lang='lat' dir='ltr'><strong>inquit.</strong></span> <span class='ocrx_word' id='word_1_72' title='bbox 1805 1209 2065 1278; x_wconf 78' lang='lat' dir='ltr'><strong>superbire</strong></span> 
     </span>
    </p>
   </div>
   <div class='ocr_carea' id='block_1_12' title="bbox 481 1301 2069 1376">
    <p class='ocr_par' dir='ltr' id='par_1_12' title="bbox 481 1301 2069 1376">
     <span class='ocr_line' id='line_1_12' title="bbox 481 1301 2069 1376; baseline -0.004 -16"><span class='ocrx_word' id='word_1_73' title='bbox 481 1317 575 1371; x_wconf 84' lang='lat' dir='ltr'><strong>est,</strong></span> <span class='ocrx_word' id='word_1_74' title='bbox 607 1323 754 1376; x_wconf 80' lang='lat' dir='ltr'><strong>quam</strong></span> <span class='ocrx_word' id='word_1_75' title='bbox 792 1307 1047 1375; x_wconf 78' lang='lat' dir='ltr'><strong>superbire</strong></span> <span class='ocrx_word' id='word_1_76' title='bbox 1067 1319 1290 1374; x_wconf 79' lang='lat' dir='ltr'><strong>peccare.</strong></span> <span class='ocrx_word' id='word_1_77' title='bbox 1327 1301 1462 1356; x_wconf 63' lang='lat' dir='ltr'><strong>Nam</strong></span> <span class='ocrx_word' id='word_1_78' title='bbox 1483 1318 1651 1371; x_wconf 76' lang='lat' dir='ltr'><strong>qurere</strong></span> <span class='ocrx_word' id='word_1_79' title='bbox 1668 1302 1792 1372; x_wconf 84' lang='lat' dir='ltr'><strong>quid</strong></span> <span class='ocrx_word' id='word_1_80' title='bbox 1815 1303 1879 1354; x_wconf 87' lang='lat' dir='ltr'><strong>sit</strong></span> <span class='ocrx_word' id='word_1_81' title='bbox 1901 1305 2069 1372; x_wconf 80' lang='lat' dir='ltr'><strong>quod-</strong></span> 
     </span>
    </p>
   </div>
   <div class='ocr_carea' id='block_1_13' title="bbox 480 1390 2058 1466">
    <p class='ocr_par' dir='ltr' id='par_1_13' title="bbox 480 1390 2058 1466">
     <span class='ocr_line' id='line_1_13' title="bbox 480 1390 2058 1466; baseline -0.004 -16"><span class='ocrx_word' id='word_1_82' title='bbox 480 1413 694 1466; x_wconf 79' lang='lat' dir='ltr'><strong>cumque</strong></span> <span class='ocrx_word' id='word_1_83' title='bbox 719 1407 992 1464; x_wconf 85' lang='lat' dir='ltr'><strong>peccatnm,</strong></span> <span class='ocrx_word' id='word_1_84' title='bbox 1024 1406 1068 1448; x_wconf 83' lang='lat' dir='ltr'><strong>et</strong></span> <span class='ocrx_word' id='word_1_85' title='bbox 1091 1397 1202 1448; x_wconf 83' lang='lat' dir='ltr'><strong>vide</strong></span> <span class='ocrx_word' id='word_1_86' title='bbox 1242 1395 1285 1446; x_wconf 91' lang='lat' dir='ltr'><strong>si</strong></span> <span class='ocrx_word' id='word_1_87' title='bbox 1319 1393 1538 1446; x_wconf 85' lang='lat' dir='ltr'><strong>invenies</strong></span> <span class='ocrx_word' id='word_1_88' title='bbox 1572 1390 1777 1462; x_wconf 78' lang='lat' dir='ltr'><strong>aliquod</strong></span> <span class='ocrx_word' id='word_1_89' title='bbox 1823 1391 1934 1444; x_wconf 87' lang='lat' dir='ltr'><strong>sine</strong></span> <span class='ocrx_word' id='word_1_90' title='bbox 1971 1407 2058 1444; x_wconf 87' lang='lat' dir='ltr'><strong>su-</strong></span> 
     </span>
    </p>
   </div>
   <div class='ocr_carea' id='block_1_14' title="bbox 484 1485 2066 1560">
    <p class='ocr_par' dir='ltr' id='par_1_14' title="bbox 484 1485 2066 1560">
     <span class='ocr_line' id='line_1_14' title="bbox 484 1485 2066 1560; baseline -0.004 -16"><span class='ocrx_word' id='word_1_91' title='bbox 484 1491 670 1558; x_wconf 78' lang='lat' dir='ltr'><strong>perbire</strong></span> <span class='ocrx_word' id='word_1_92' title='bbox 693 1489 1032 1560; x_wconf 75' lang='lat' dir='ltr'><strong>appellatione</strong></span> <span class='ocrx_word' id='word_1_93' title='bbox 1054 1497 1331 1558; x_wconf 62' lang='lat' dir='ltr'><strong>peicatum.</strong></span> <span class='ocrx_word' id='word_1_94' title='bbox 1359 1486 1505 1540; x_wconf 83' lang='lat' dir='ltr'><strong>Hauc</strong></span> <span class='ocrx_word' id='word_1_95' title='bbox 1532 1496 1711 1538; x_wconf 87' lang='lat' dir='ltr'><strong>autem</strong></span> <span class='ocrx_word' id='word_1_96' title='bbox 1747 1485 2066 1537; x_wconf 75' lang='lat' dir='ltr'><strong>sententiam</strong></span> 
     </span>
    </p>
   </div>
   <div class='ocr_carea' id='block_1_15' title="bbox 483 1575 2068 1646">
    <p class='ocr_par' dir='ltr' id='par_1_15' title="bbox 483 1575 2068 1646">
     <span class='ocr_line' id='line_1_15' title="bbox 483 1575 2068 1646; baseline -0.003 -14"><span class='ocrx_word' id='word_1_97' title='bbox 483 1580 561 1632; x_wconf 90' lang='lat' dir='ltr'><strong>sic</strong></span> <span class='ocrx_word' id='word_1_98' title='bbox 603 1581 933 1646; x_wconf 72' lang='lat' dir='ltr'><strong>exsequitur,</strong></span> <span class='ocrx_word' id='word_1_99' title='bbox 972 1588 1028 1633; x_wconf 92' lang='lat' dir='ltr'><strong>ct</strong></span> <span class='ocrx_word' id='word_1_100' title='bbox 1074 1579 1152 1632; x_wconf 90' lang='lat' dir='ltr'><strong>sic</strong></span> <span class='ocrx_word' id='word_1_101' title='bbox 1201 1577 1426 1646; x_wconf 84' lang='lat' dir='ltr'><strong>probare</strong></span> <span class='ocrx_word' id='word_1_102' title='bbox 1483 1587 1745 1630; x_wconf 85' lang='lat' dir='ltr'><strong>conatur:</strong></span> <span class='ocrx_word' id='word_1_103' title='bbox 1777 1575 1956 1638; x_wconf 86' lang='lat' dir='ltr'><strong>Omne,</strong></span> <span class='ocrx_word' id='word_1_104' title='bbox 1989 1575 2068 1628; x_wconf 85' lang='lat' dir='ltr'><strong>iti-</strong></span> 
     </span>
    </p>
   </div>
   <div class='ocr_carea' id='block_1_16' title="bbox 484 1667 2066 1747">
    <p class='ocr_par' dir='ltr' id='par_1_16' title="bbox 484 1667 2066 1747">
     <span class='ocr_line' id='line_1_16' title="bbox 484 1667 2066 1747; baseline -0.004 -21"><span class='ocrx_word' id='word_1_105' title='bbox 484 1673 620 1743; x_wconf 86' lang='lat' dir='ltr'><strong>qnil,</strong></span> <span class='ocrx_word' id='word_1_106' title='bbox 677 1683 956 1740; x_wconf 81' lang='lat' dir='ltr'><strong>peccatum,</strong></span> <span class='ocrx_word' id='word_1_107' title='bbox 1002 1671 1098 1722; x_wconf 86' lang='lat' dir='ltr'><strong>nisi</strong></span> <span class='ocrx_word' id='word_1_108' title='bbox 1142 1670 1328 1740; x_wconf 76' lang='lat' dir='ltr'><strong>fallor,</strong></span> <span class='ocrx_word' id='word_1_109' title='bbox 1363 1667 1470 1747; x_wconf 69' lang='grc' dir='ltr'><strong>ρει</strong></span> <span class='ocrx_word' id='word_1_110' title='bbox 1512 1678 1828 1735; x_wconf 88' lang='lat' dir='ltr'><strong>contemptus</strong></span> <span class='ocrx_word' id='word_1_111' title='bbox 1875 1677 1946 1720; x_wconf 85' lang='lat' dir='ltr'><strong>est</strong></span> <span class='ocrx_word' id='word_1_112' title='bbox 1975 1676 2066 1720; x_wconf 86' lang='lat' dir='ltr'><strong>:et</strong></span> 
     </span>
    </p>
   </div>
   <div class='ocr_carea' id='block_1_17' title="bbox 493 1757 2061 1831">
    <p class='ocr_par' dir='ltr' id='par_1_17' title="bbox 493 1757 2061 1831">
     <span class='ocr_line' id='line_1_17' title="bbox 493 1757 2061 1831; baseline -0.006 -13"><span class='ocrx_word' id='word_1_113' title='bbox 493 1767 657 1818; x_wconf 89' lang='lat' dir='ltr'><strong>omnis</strong></span> <span class='ocrx_word' id='word_1_114' title='bbox 681 1763 770 1816; x_wconf 76' lang='lat' dir='ltr'><strong>Dei</strong></span> <span class='ocrx_word' id='word_1_115' title='bbox 795 1772 1106 1831; x_wconf 76' lang='lat' dir='ltr'><strong>contemptus</strong></span> <span class='ocrx_word' id='word_1_116' title='bbox 1133 1761 1369 1828; x_wconf 80' lang='lat' dir='ltr'><strong>superbia</strong></span> <span class='ocrx_word' id='word_1_117' title='bbox 1396 1769 1486 1812; x_wconf 87' lang='lat' dir='ltr'><strong>est.</strong></span> <span class='ocrx_word' id='word_1_118' title='bbox 1519 1757 1655 1824; x_wconf 84' lang='lat' dir='ltr'><strong>Quid</strong></span> <span class='ocrx_word' id='word_1_119' title='bbox 1683 1758 1813 1809; x_wconf 85' lang='lat' dir='ltr'><strong>enim</strong></span> <span class='ocrx_word' id='word_1_120' title='bbox 1841 1767 1944 1809; x_wconf 89' lang='lat' dir='ltr'><strong>tam</strong></span> <span class='ocrx_word' id='word_1_121' title='bbox 1969 1773 2061 1810; x_wconf 84' lang='lat' dir='ltr'><strong>su-</strong></span> 
     </span>
    </p>
   </div>
   <div class='ocr_carea' id='block_1_18' title="bbox 480 1847 2067 1926">
    <p class='ocr_par' dir='ltr' id='par_1_18' title="bbox 480 1847 2067 1926">
     <span class='ocr_line' id='line_1_18' title="bbox 480 1847 2067 1926; baseline -0.005 -18"><span class='ocrx_word' id='word_1_122' title='bbox 480 1857 708 1926; x_wconf 83' lang='lat' dir='ltr'><strong>perbum,</strong></span> <span class='ocrx_word' id='word_1_123' title='bbox 732 1870 882 1924; x_wconf 78' lang='lat' dir='ltr'><strong>quam</strong></span> <span class='ocrx_word' id='word_1_124' title='bbox 909 1852 1067 1906; x_wconf 85' lang='lat' dir='ltr'><strong>Deum</strong></span> <span class='ocrx_word' id='word_1_125' title='bbox 1089 1850 1443 1904; x_wconf 85' lang='lat' dir='ltr'><strong>contemnere?</strong></span> <span class='ocrx_word' id='word_1_126' title='bbox 1476 1847 1638 1902; x_wconf 85' lang='lat' dir='ltr'><strong>Omne</strong></span> <span class='ocrx_word' id='word_1_127' title='bbox 1661 1865 1778 1918; x_wconf 83' lang='lat' dir='ltr'><strong>ergo</strong></span> <span class='ocrx_word' id='word_1_128' title='bbox 1808 1858 2067 1918; x_wconf 87' lang='lat' dir='ltr'><strong>peccatum</strong></span> 
     </span>
    </p>
   </div>
   <div class='ocr_carea' id='block_1_19' title="bbox 479 1937 2066 2014">
    <p class='ocr_par' dir='ltr' id='par_1_19' title="bbox 479 1937 2066 2014">
     <span class='ocr_line' id='line_1_19' title="bbox 479 1937 2066 2014; baseline -0.004 -15"><span class='ocrx_word' id='word_1_129' title='bbox 479 1957 527 1999; x_wconf 83' lang='grc' dir='ltr'>ει</span> <span class='ocrx_word' id='word_1_130' title='bbox 570 1944 806 2014; x_wconf 77' lang='lat' dir='ltr'><strong>superbia</strong></span> <span class='ocrx_word' id='word_1_131' title='bbox 861 1952 954 2001; x_wconf 82' lang='lat' dir='ltr'><strong>est,</strong></span> <span class='ocrx_word' id='word_1_132' title='bbox 1004 1943 1154 1995; x_wconf 88' lang='lat' dir='ltr'><strong>etiam</strong></span> <span class='ocrx_word' id='word_1_133' title='bbox 1197 1941 1466 2011; x_wconf 80' lang='lat' dir='ltr'><strong>Scriptura</strong></span> <span class='ocrx_word' id='word_1_134' title='bbox 1537 1941 1750 2003; x_wconf 81' lang='lat' dir='ltr'><strong>dicente,</strong></span> <span class='ocrx_word' id='word_1_135' title='bbox 1806 1955 1824 1988; x_wconf 79' lang='grc' dir='ltr'><strong>ι</strong></span> <span class='ocrx_word' id='word_1_136' title='bbox 1855 1937 2066 1992; x_wconf 82' lang='lat' dir='ltr'><strong>Initium</strong></span> 
     </span>
    </p>
   </div>
   <div class='ocr_carea' id='block_1_20' title="bbox 485 2031 2067 2102">
    <p class='ocr_par' dir='ltr' id='par_1_20' title="bbox 485 2031 2067 2102">
     <span class='ocr_line' id='line_1_20' title="bbox 485 2031 2067 2102; baseline -0.001 -14"><span class='ocrx_word' id='word_1_137' title='bbox 485 2055 507 2088; x_wconf 78' lang='grc' dir='ltr'><strong>ι</strong></span> <span class='ocrx_word' id='word_1_138' title='bbox 538 2039 700 2090; x_wconf 88' lang='lat' dir='ltr'><strong>oumis</strong></span> <span class='ocrx_word' id='word_1_139' title='bbox 732 2037 919 2097; x_wconf 79' lang='lat' dir='ltr'><strong>peccati</strong></span> <span class='ocrx_word' id='word_1_140' title='bbox 945 2035 1180 2102; x_wconf 79' lang='lat' dir='ltr'><strong>superbia</strong></span> <span class='ocrx_word' id='word_1_141' title='bbox 1227 2043 1321 2086; x_wconf 88' lang='lat' dir='ltr'><strong>est.</strong></span> <span class='ocrx_word' id='word_1_142' title='bbox 1349 2052 1367 2084; x_wconf 76' lang='grc' dir='ltr'><strong>ι</strong></span> <span class='ocrx_word' id='word_1_143' title='bbox 1402 2033 1616 2099; x_wconf 68' lang='lat' dir='ltr'><strong>Quasrat</strong></span> <span class='ocrx_word' id='word_1_144' title='bbox 1663 2031 1964 2100; x_wconf 80' lang='lat' dir='ltr'><strong>diligenter,</strong></span> <span class='ocrx_word' id='word_1_145' title='bbox 2013 2041 2067 2086; x_wconf 90' lang='lat' dir='ltr'><strong>et</strong></span> 
     </span>
    </p>
   </div>
   <div class='ocr_carea' id='block_1_21' title="bbox 479 2120 2066 2194">
    <p class='ocr_par' dir='ltr' id='par_1_21' title="bbox 479 2120 2066 2194">
     <span class='ocr_line' id='line_1_21' title="bbox 479 2120 2066 2194; baseline -0.004 -12"><span class='ocrx_word' id='word_1_146' title='bbox 479 2128 712 2182; x_wconf 85' lang='lat' dir='ltr'><strong>inveniet</strong></span> <span class='ocrx_word' id='word_1_147' title='bbox 743 2127 792 2179; x_wconf 86' lang='lat' dir='ltr'><strong>ir.</strong></span> <span class='ocrx_word' id='word_1_148' title='bbox 841 2125 956 2194; x_wconf 79' lang='lat' dir='ltr'><strong>lege</strong></span> <span class='ocrx_word' id='word_1_149' title='bbox 1011 2124 1232 2178; x_wconf 92' lang='lat' dir='ltr'><strong>multum</strong></span> <span class='ocrx_word' id='word_1_150' title='bbox 1275 2121 1566 2176; x_wconf 79' lang='lat' dir='ltr'><strong>discretum</strong></span> <span class='ocrx_word' id='word_1_151' title='bbox 1615 2136 1735 2176; x_wconf 85' lang='lat' dir='ltr'><strong>esse</strong></span> <span class='ocrx_word' id='word_1_152' title='bbox 1777 2134 1805 2172; x_wconf 92' lang='lat' dir='ltr'><strong>a</strong></span> <span class='ocrx_word' id='word_1_153' title='bbox 1857 2120 2066 2175; x_wconf 75' lang='lat' dir='ltr'><strong>ca-tcris</strong></span> 
     </span>
    </p>
   </div>
   <div class='ocr_carea' id='block_1_22' title="bbox 479 2198 2065 2286">
    <p class='ocr_par' dir='ltr' id='par_1_22' title="bbox 479 2198 2065 2286">
     <span class='ocr_line' id='line_1_22' title="bbox 479 2198 2065 2286; baseline -0.006 -13"><span class='ocrx_word' id='word_1_154' title='bbox 479 2219 710 2286; x_wconf 73' lang='lat' dir='ltr'><strong>peccatis</strong></span> <span class='ocrx_word' id='word_1_155' title='bbox 743 2228 1014 2283; x_wconf 78' lang='lat' dir='ltr'><strong>precatum</strong></span> <span class='ocrx_word' id='word_1_156' title='bbox 1041 2198 1326 2282; x_wconf 65' lang='lat' dir='ltr'><strong>superbize.</strong></span> <span class='ocrx_word' id='word_1_157' title='bbox 1356 2211 1514 2264; x_wconf 81' lang='lat' dir='ltr'><strong>Multa</strong></span> <span class='ocrx_word' id='word_1_158' title='bbox 1541 2211 1683 2264; x_wconf 88' lang='lat' dir='ltr'><strong>enim</strong></span> <span class='ocrx_word' id='word_1_159' title='bbox 1715 2220 1929 2277; x_wconf 84' lang='lat' dir='ltr'><strong>peccata</strong></span> <span class='ocrx_word' id='word_1_160' title='bbox 1972 2225 2065 2279; x_wconf 87' lang='lat' dir='ltr'><strong>per</strong></span> 
     </span>
    </p>
   </div>
   <div class='ocr_carea' id='block_1_23' title="bbox 479 2301 2066 2379">
    <p class='ocr_par' dir='ltr' id='par_1_23' title="bbox 479 2301 2066 2379">
     <span class='ocr_line' id='line_1_23' title="bbox 479 2301 2066 2379; baseline -0.006 -15"><span class='ocrx_word' id='word_1_161' title='bbox 479 2311 778 2379; x_wconf 77' lang='lat' dir='ltr'><strong>superbir=in</strong></span> <span class='ocrx_word' id='word_1_162' title='bbox 807 2307 1232 2368; x_wconf 85' lang='lat' dir='ltr'><strong>cunnnittuntur,</strong></span> <span class='ocrx_word' id='word_1_163' title='bbox 1276 2303 1370 2358; x_wconf 89' lang='lat' dir='ltr'><strong>sed</strong></span> <span class='ocrx_word' id='word_1_164' title='bbox 1412 2317 1584 2371; x_wconf 84' lang='lat' dir='ltr'><strong>neque</strong></span> <span class='ocrx_word' id='word_1_165' title='bbox 1626 2302 1802 2353; x_wconf 89' lang='lat' dir='ltr'><strong>omnia</strong></span> <span class='ocrx_word' id='word_1_166' title='bbox 1833 2301 2066 2370; x_wconf 86' lang='lat' dir='ltr'><strong>superbe</strong></span> 
     </span>
    </p>
   </div>
   <div class='ocr_carea' id='block_1_24' title="bbox 467 2391 2064 2468">
    <p class='ocr_par' dir='ltr' id='par_1_24' title="bbox 467 2391 2064 2468">
     <span class='ocr_line' id='line_1_24' title="bbox 467 2391 2064 2468; baseline -0.006 -15"><span class='ocrx_word' id='word_1_167' title='bbox 467 2399 632 2465; x_wconf 83' lang='lat' dir='ltr'><strong>.tiuut,</strong></span> <span class='ocrx_word' id='word_1_168' title='bbox 663 2415 780 2468; x_wconf 79' lang='lat' dir='ltr'><strong>qua:</strong></span> <span class='ocrx_word' id='word_1_169' title='bbox 809 2413 1083 2466; x_wconf 87' lang='lat' dir='ltr'><strong>perperam</strong></span> <span class='ocrx_word' id='word_1_170' title='bbox 1109 2399 1258 2456; x_wconf 84' lang='lat' dir='ltr'><strong>liunt;</strong></span> <span class='ocrx_word' id='word_1_171' title='bbox 1277 2403 1424 2448; x_wconf 89' lang='lat' dir='ltr'><strong>certe</strong></span> <span class='ocrx_word' id='word_1_172' title='bbox 1449 2408 1478 2444; x_wconf 72' lang='grc' dir='ltr'><strong>ιι</strong></span> <span class='ocrx_word' id='word_1_173' title='bbox 1504 2391 1886 2456; x_wconf 88' lang='lat' dir='ltr'><strong>nescientibus,</strong></span> <span class='ocrx_word' id='word_1_174' title='bbox 1918 2401 2064 2444; x_wconf 85' lang='lat' dir='ltr'><strong>certe</strong></span> 
     </span>
    </p>
   </div>
   <div class='ocr_carea' id='block_1_25' title="bbox 477 2482 2061 2555">
    <p class='ocr_par' dir='ltr' id='par_1_25' title="bbox 477 2482 2061 2555">
     <span class='ocr_line' id='line_1_25' title="bbox 477 2482 2061 2555; baseline -0.006 -9"><span class='ocrx_word' id='word_1_175' title='bbox 477 2493 546 2546; x_wconf 88' lang='lat' dir='ltr'><strong>ab</strong></span> <span class='ocrx_word' id='word_1_176' title='bbox 573 2490 814 2549; x_wconf 82' lang='lat' dir='ltr'><strong>inlinnis,</strong></span> <span class='ocrx_word' id='word_1_177' title='bbox 847 2498 995 2542; x_wconf 89' lang='lat' dir='ltr'><strong>certe</strong></span> <span class='ocrx_word' id='word_1_178' title='bbox 1026 2487 1335 2555; x_wconf 85' lang='lat' dir='ltr'><strong>plerumque</strong></span> <span class='ocrx_word' id='word_1_179' title='bbox 1361 2501 1389 2536; x_wconf 86' lang='lat' dir='ltr'><strong>a</strong></span> <span class='ocrx_word' id='word_1_180' title='bbox 1422 2483 1670 2537; x_wconf 84' lang='lat' dir='ltr'><strong>ﬂentibus</strong></span> <span class='ocrx_word' id='word_1_181' title='bbox 1713 2491 1767 2536; x_wconf 90' lang='lat' dir='ltr'><strong>et</strong></span> <span class='ocrx_word' id='word_1_182' title='bbox 1795 2482 2061 2551; x_wconf 77' lang='lat' dir='ltr'><strong>gementi-</strong></span> 
     </span>
    </p>
   </div>
   <div class='ocr_carea' id='block_1_26' title="bbox 479 2578 2062 2653">
    <p class='ocr_par' dir='ltr' id='par_1_26' title="bbox 479 2578 2062 2653">
     <span class='ocr_line' id='line_1_26' title="bbox 479 2578 2062 2653; baseline -0.005 -14"><span class='ocrx_word' id='word_1_183' title='bbox 479 2585 596 2639; x_wconf 88' lang='lat' dir='ltr'><strong>bus.</strong></span> <span class='ocrx_word' id='word_1_184' title='bbox 625 2585 690 2640; x_wconf 76' lang='lat' dir='ltr'><strong>Et</strong></span> <span class='ocrx_word' id='word_1_185' title='bbox 725 2584 938 2653; x_wconf 87' lang='lat' dir='ltr'><strong>quidem</strong></span> <span class='ocrx_word' id='word_1_186' title='bbox 971 2582 1236 2652; x_wconf 76' lang='lat' dir='ltr'><strong>superbia,</strong></span> <span class='ocrx_word' id='word_1_187' title='bbox 1268 2594 1389 2636; x_wconf 91' lang='lat' dir='ltr'><strong>cum</strong></span> <span class='ocrx_word' id='word_1_188' title='bbox 1417 2593 1665 2650; x_wconf 82' lang='lat' dir='ltr'><strong>magnum</strong></span> <span class='ocrx_word' id='word_1_189' title='bbox 1693 2578 1764 2631; x_wconf 90' lang='lat' dir='ltr'><strong>sit</strong></span> <span class='ocrx_word' id='word_1_190' title='bbox 1795 2579 1907 2646; x_wconf 84' lang='lat' dir='ltr'><strong>ipsa</strong></span> <span class='ocrx_word' id='word_1_191' title='bbox 1940 2590 2062 2646; x_wconf 82' lang='lat' dir='ltr'><strong>pec-</strong></span> 
     </span>
    </p>
   </div>
   <div class='ocr_carea' id='block_1_27' title="bbox 476 2668 2061 2744">
    <p class='ocr_par' dir='ltr' id='par_1_27' title="bbox 476 2668 2061 2744">
     <span class='ocr_line' id='line_1_27' title="bbox 476 2668 2061 2744; baseline -0.006 -12"><span class='ocrx_word' id='word_1_192' title='bbox 476 2689 672 2740; x_wconf 89' lang='lat' dir='ltr'><strong>eatum,</strong></span> <span class='ocrx_word' id='word_1_193' title='bbox 704 2677 774 2729; x_wconf 90' lang='lat' dir='ltr'><strong>ita</strong></span> <span class='ocrx_word' id='word_1_194' title='bbox 795 2677 910 2728; x_wconf 87' lang='lat' dir='ltr'><strong>siue</strong></span> <span class='ocrx_word' id='word_1_195' title='bbox 935 2675 1052 2727; x_wconf 83' lang='lat' dir='ltr'><strong>aliis</strong></span> <span class='ocrx_word' id='word_1_196' title='bbox 1073 2687 1169 2744; x_wconf 70' lang='lat' dir='ltr'><strong>per</strong></span> <span class='ocrx_word' id='word_1_197' title='bbox 1192 2671 1253 2727; x_wconf 78' lang='lat' dir='ltr'><strong>s&#39;e</strong></span> <span class='ocrx_word' id='word_1_198' title='bbox 1281 2673 1390 2740; x_wconf 87' lang='lat' dir='ltr'><strong>ipsa</strong></span> <span class='ocrx_word' id='word_1_199' title='bbox 1416 2683 1518 2736; x_wconf 89' lang='lat' dir='ltr'><strong>est,</strong></span> <span class='ocrx_word' id='word_1_200' title='bbox 1549 2679 1606 2724; x_wconf 89' lang='lat' dir='ltr'><strong>ut</strong></span> <span class='ocrx_word' id='word_1_201' title='bbox 1635 2670 1794 2726; x_wconf 87' lang='lat' dir='ltr'><strong>etiam</strong></span> <span class='ocrx_word' id='word_1_202' title='bbox 1824 2668 2061 2737; x_wconf 88' lang='lat' dir='ltr'><strong>plerum-</strong></span> 
     </span>
    </p>
   </div>
   <div class='ocr_carea' id='block_1_28' title="bbox 475 2759 2062 2838">
    <p class='ocr_par' dir='ltr' id='par_1_28' title="bbox 475 2759 2062 2838">
     <span class='ocr_line' id='line_1_28' title="bbox 475 2759 2062 2838; baseline -0.003 -17"><span class='ocrx_word' id='word_1_203' title='bbox 475 2785 602 2838; x_wconf 89' lang='lat' dir='ltr'><strong>que,</strong></span> <span class='ocrx_word' id='word_1_204' title='bbox 633 2779 689 2822; x_wconf 91' lang='lat' dir='ltr'><strong>ut</strong></span> <span class='ocrx_word' id='word_1_205' title='bbox 721 2769 848 2832; x_wconf 81' lang='lat' dir='ltr'><strong>dixi,</strong></span> <span class='ocrx_word' id='word_1_206' title='bbox 874 2782 978 2820; x_wconf 88' lang='lat' dir='ltr'><strong>non</strong></span> <span class='ocrx_word' id='word_1_207' title='bbox 1003 2766 1052 2820; x_wconf 91' lang='lat' dir='ltr'><strong>in</strong></span> <span class='ocrx_word' id='word_1_208' title='bbox 1087 2764 1338 2836; x_wconf 74' lang='lat' dir='ltr'><strong>peccatis,</strong></span> <span class='ocrx_word' id='word_1_209' title='bbox 1362 2763 1454 2818; x_wconf 91' lang='lat' dir='ltr'><strong>sed</strong></span> <span class='ocrx_word' id='word_1_210' title='bbox 1496 2763 1547 2816; x_wconf 91' lang='lat' dir='ltr'><strong>in</strong></span> <span class='ocrx_word' id='word_1_211' title='bbox 1577 2763 1706 2832; x_wconf 90' lang='lat' dir='ltr'><strong>ipsis</strong></span> <span class='ocrx_word' id='word_1_212' title='bbox 1735 2771 1880 2817; x_wconf 89' lang='lat' dir='ltr'><strong>recte</strong></span> <span class='ocrx_word' id='word_1_213' title='bbox 1905 2759 2062 2816; x_wconf 79' lang='lat' dir='ltr'><strong>factis</strong></span> 
     </span>
    </p>
   </div>
   <div class='ocr_carea' id='block_1_29' title="bbox 480 2854 2060 2929">
    <p class='ocr_par' dir='ltr' id='par_1_29' title="bbox 480 2854 2060 2929">
     <span class='ocr_line' id='line_1_29' title="bbox 480 2854 2060 2929; baseline -0.003 -17"><span class='ocrx_word' id='word_1_214' title='bbox 480 2860 614 2929; x_wconf 90' lang='lat' dir='ltr'><strong>pede</strong></span> <span class='ocrx_word' id='word_1_215' title='bbox 643 2859 904 2912; x_wconf 85' lang='lat' dir='ltr'><strong>celeriore</strong></span> <span class='ocrx_word' id='word_1_216' title='bbox 931 2857 1274 2928; x_wconf 78' lang='lat' dir='ltr'><strong>superveniat</strong></span> <span class='ocrx_word' id='word_1_217' title='bbox 1299 2864 1354 2910; x_wconf 89' lang='lat' dir='ltr'><strong>et</strong></span> <span class='ocrx_word' id='word_1_218' title='bbox 1397 2856 1639 2924; x_wconf 89' lang='lat' dir='ltr'><strong>obrepat.</strong></span> <span class='ocrx_word' id='word_1_219' title='bbox 1673 2854 1777 2910; x_wconf 87' lang='lat' dir='ltr'><strong>Sed</strong></span> <span class='ocrx_word' id='word_1_220' title='bbox 1819 2855 1938 2908; x_wconf 91' lang='lat' dir='ltr'><strong>ideo</strong></span> <span class='ocrx_word' id='word_1_221' title='bbox 1964 2869 2060 2908; x_wconf 86' lang='lat' dir='ltr'><strong>ve-</strong></span> 
     </span>
    </p>
   </div>
   <div class='ocr_carea' id='block_1_30' title="bbox 479 2941 2064 3017">
    <p class='ocr_par' dir='ltr' id='par_1_30' title="bbox 479 2941 2064 3017">
     <span class='ocr_line' id='line_1_30' title="bbox 479 2941 2064 3017; baseline -0.005 -11"><span class='ocrx_word' id='word_1_222' title='bbox 479 2951 694 3006; x_wconf 67' lang='lat' dir='ltr'><strong>rissime</strong></span> <span class='ocrx_word' id='word_1_223' title='bbox 755 2950 950 3003; x_wconf 77' lang='lat' dir='ltr'><strong>dictum</strong></span> <span class='ocrx_word' id='word_1_224' title='bbox 991 2958 1092 3014; x_wconf 78' lang='lat' dir='ltr'><strong>est,</strong></span> <span class='ocrx_word' id='word_1_225' title='bbox 1133 2947 1274 3017; x_wconf 90' lang='lat' dir='ltr'><strong>quod</strong></span> <span class='ocrx_word' id='word_1_226' title='bbox 1319 2950 1419 3002; x_wconf 89' lang='lat' dir='ltr'><strong>iste</strong></span> <span class='ocrx_word' id='word_1_227' title='bbox 1454 2947 1610 3000; x_wconf 88' lang='lat' dir='ltr'><strong>aliter</strong></span> <span class='ocrx_word' id='word_1_228' title='bbox 1651 2945 1928 3008; x_wconf 79' lang='lat' dir='ltr'><strong>intellexit,</strong></span> <span class='ocrx_word' id='word_1_229' title='bbox 1969 2941 2064 2998; x_wconf 83' lang='lat' dir='ltr'><strong>Irt-</strong></span> 
     </span>
    </p>
   </div>
   <div class='ocr_carea' id='block_1_31' title="bbox 475 3035 2058 3109">
    <p class='ocr_par' dir='ltr' id='par_1_31' title="bbox 475 3035 2058 3109">
     <span class='ocr_line' id='line_1_31' title="bbox 475 3035 2058 3109; baseline -0.003 -16"><span class='ocrx_word' id='word_1_230' title='bbox 475 3040 625 3094; x_wconf 88' lang='lat' dir='ltr'><strong>itium</strong></span> <span class='ocrx_word' id='word_1_231' title='bbox 668 3045 830 3094; x_wconf 86' lang='lat' dir='ltr'><strong>omnis</strong></span> <span class='ocrx_word' id='word_1_232' title='bbox 878 3039 1069 3109; x_wconf 84' lang='lat' dir='ltr'><strong>peccati</strong></span> <span class='ocrx_word' id='word_1_233' title='bbox 1108 3038 1384 3106; x_wconf 84' lang='lat' dir='ltr'><strong>superbia:</strong></span> <span class='ocrx_word' id='word_1_234' title='bbox 1412 3037 1662 3106; x_wconf 88' lang='lat' dir='ltr'><strong>quoniam</strong></span> <span class='ocrx_word' id='word_1_235' title='bbox 1707 3035 1996 3102; x_wconf 83' lang='lat' dir='ltr'><strong>diabolum,</strong></span> <span class='ocrx_word' id='word_1_236' title='bbox 2027 3049 2058 3089; x_wconf 86' lang='lat' dir='ltr'><strong>a</strong></span> 
     </span>
    </p>
   </div>
   <div class='ocr_carea' id='block_1_32' title="bbox 473 3127 2059 3205">
    <p class='ocr_par' dir='ltr' id='par_1_32' title="bbox 473 3127 2059 3205">
     <span class='ocr_line' id='line_1_32' title="bbox 473 3127 2059 3205; baseline -0.002 -22"><span class='ocrx_word' id='word_1_237' title='bbox 473 3150 580 3205; x_wconf 89' lang='lat' dir='ltr'><strong>quo</strong></span> <span class='ocrx_word' id='word_1_238' title='bbox 609 3133 810 3187; x_wconf 60' lang='lat' dir='ltr'><strong>OXslilil</strong></span> <span class='ocrx_word' id='word_1_239' title='bbox 835 3136 986 3199; x_wconf 67' lang='lat' dir='ltr'><strong>origo</strong></span> <span class='ocrx_word' id='word_1_240' title='bbox 1012 3135 1234 3200; x_wconf 87' lang='lat' dir='ltr'><strong>peceati,</strong></span> <span class='ocrx_word' id='word_1_241' title='bbox 1262 3133 1372 3199; x_wconf 85' lang='lat' dir='ltr'><strong>ipsa</strong></span> <span class='ocrx_word' id='word_1_242' title='bbox 1392 3129 1611 3196; x_wconf 63' lang='lat' dir='ltr'><strong>deiecit,</strong></span> <span class='ocrx_word' id='word_1_243' title='bbox 1630 3137 1684 3183; x_wconf 88' lang='lat' dir='ltr'><strong>et</strong></span> <span class='ocrx_word' id='word_1_244' title='bbox 1699 3127 2059 3196; x_wconf 87' lang='lat' dir='ltr'><strong>subsequente</strong></span> 
     </span>
    </p>
   </div>
   <div class='ocr_carea' id='block_1_33' title="bbox 475 3217 2058 3288">
    <p class='ocr_par' dir='ltr' id='par_1_33' title="bbox 475 3217 2058 3288">
     <span class='ocr_line' id='line_1_33' title="bbox 475 3217 2058 3288; baseline -0.003 -11"><span class='ocrx_word' id='word_1_245' title='bbox 475 3225 764 3278; x_wconf 83' lang='lat' dir='ltr'><strong>invidentia</strong></span> <span class='ocrx_word' id='word_1_246' title='bbox 794 3225 1061 3277; x_wconf 84' lang='lat' dir='ltr'><strong>hominem</strong></span> <span class='ocrx_word' id='word_1_247' title='bbox 1085 3231 1337 3285; x_wconf 90' lang='lat' dir='ltr'><strong>stamcm,</strong></span> <span class='ocrx_word' id='word_1_248' title='bbox 1372 3219 1512 3273; x_wconf 86' lang='lat' dir='ltr'><strong>unde</strong></span> <span class='ocrx_word' id='word_1_249' title='bbox 1543 3220 1656 3288; x_wconf 88' lang='lat' dir='ltr'><strong>ipse</strong></span> <span class='ocrx_word' id='word_1_250' title='bbox 1685 3217 1896 3280; x_wconf 85' lang='lat' dir='ltr'><strong>cecidit,</strong></span> <span class='ocrx_word' id='word_1_251' title='bbox 1935 3217 2058 3272; x_wconf 87' lang='lat' dir='ltr'><strong>inde</strong></span> 
     </span>
    </p>
   </div>
   <div class='ocr_carea' id='block_1_34' title="bbox 477 3308 2056 3382">
    <p class='ocr_par' dir='ltr' id='par_1_34' title="bbox 477 3308 2056 3382">
     <span class='ocr_line' id='line_1_34' title="bbox 477 3308 2056 3382; baseline -0.005 -12"><span class='ocrx_word' id='word_1_252' title='bbox 477 3317 761 3371; x_wconf 75' lang='lat' dir='ltr'><strong>subvi-rtit.</strong></span> <span class='ocrx_word' id='word_1_253' title='bbox 794 3313 924 3368; x_wconf 78' lang='lat' dir='ltr'><strong>Nam</strong></span> <span class='ocrx_word' id='word_1_254' title='bbox 953 3315 1134 3382; x_wconf 89' lang='lat' dir='ltr'><strong>utique</strong></span> <span class='ocrx_word' id='word_1_255' title='bbox 1159 3311 1426 3381; x_wconf 76' lang='lat' dir='ltr'><strong>jactantia:</strong></span> <span class='ocrx_word' id='word_1_256' title='bbox 1459 3309 1694 3380; x_wconf 87' lang='lat' dir='ltr'><strong>januam,</strong></span> <span class='ocrx_word' id='word_1_257' title='bbox 1737 3323 1839 3378; x_wconf 89' lang='lat' dir='ltr'><strong>qua</strong></span> <span class='ocrx_word' id='word_1_258' title='bbox 1890 3308 2056 3362; x_wconf 81' lang='lat' dir='ltr'><strong>intra-</strong></span> 
     </span>
    </p>
   </div>
   <div class='ocr_carea' id='block_1_35' title="bbox 474 3397 2056 3474">
    <p class='ocr_par' dir='ltr' id='par_1_35' title="bbox 474 3397 2056 3474">
     <span class='ocr_line' id='line_1_35' title="bbox 474 3397 2056 3474; baseline -0.006 -12"><span class='ocrx_word' id='word_1_259' title='bbox 474 3415 574 3472; x_wconf 88' lang='lat' dir='ltr'><strong>ret,</strong></span> <span class='ocrx_word' id='word_1_260' title='bbox 597 3421 819 3474; x_wconf 81' lang='lat' dir='ltr'><strong>serpens</strong></span> <span class='ocrx_word' id='word_1_261' title='bbox 848 3405 932 3458; x_wconf 87' lang='lat' dir='ltr'><strong>ille</strong></span> <span class='ocrx_word' id='word_1_262' title='bbox 959 3405 1224 3474; x_wconf 71' lang='lat' dir='ltr'><strong>quaesivit,</strong></span> <span class='ocrx_word' id='word_1_263' title='bbox 1255 3401 1470 3472; x_wconf 86' lang='lat' dir='ltr'><strong>quando</strong></span> <span class='ocrx_word' id='word_1_264' title='bbox 1497 3401 1591 3462; x_wconf 88' lang='lat' dir='ltr'><strong>ait,</strong></span> <span class='ocrx_word' id='word_1_265' title='bbox 1640 3399 1798 3453; x_wconf 80' lang='lat' dir='ltr'><strong>Erilis</strong></span> <span class='ocrx_word' id='word_1_266' title='bbox 1824 3399 1954 3454; x_wconf 82' lang='lat' dir='ltr'><strong>sicut</strong></span> <span class='ocrx_word' id='word_1_267' title='bbox 1983 3397 2056 3452; x_wconf 83' lang='lat' dir='ltr'><strong>dii</strong></span> 
     </span>
    </p>
   </div>
   <div class='ocr_carea' id='block_1_36' title="bbox 473 3491 2057 3569">
    <p class='ocr_par' dir='ltr' id='par_1_36' title="bbox 473 3491 2057 3569">
     <span class='ocr_line' id='line_1_36' title="bbox 473 3491 2057 3569; baseline -0.006 -16"><span class='ocrx_word' id='word_1_268' title='bbox 473 3498 628 3569; x_wconf 83' lang='lat' dir='ltr'><strong>(Gen.</strong></span> <span class='ocrx_word' id='word_1_269' title='bbox 661 3514 737 3563; x_wconf 93' lang='grc' dir='ltr'>ιιι,</span> <span class='ocrx_word' id='word_1_270' title='bbox 769 3499 845 3568; x_wconf 74' lang='lat'><strong>5).</strong></span> <span class='ocrx_word' id='word_1_271' title='bbox 873 3497 996 3550; x_wconf 83' lang='lat' dir='ltr'><strong>Ideo</strong></span> <span class='ocrx_word' id='word_1_272' title='bbox 1025 3497 1224 3549; x_wconf 85' lang='lat' dir='ltr'><strong>dictum</strong></span> <span class='ocrx_word' id='word_1_273' title='bbox 1272 3505 1374 3559; x_wconf 89' lang='lat' dir='ltr'><strong>est,</strong></span> <span class='ocrx_word' id='word_1_274' title='bbox 1407 3493 1618 3547; x_wconf 85' lang='lat' dir='ltr'><strong>Initium</strong></span> <span class='ocrx_word' id='word_1_275' title='bbox 1658 3495 1822 3546; x_wconf 87' lang='lat' dir='ltr'><strong>omnis</strong></span> <span class='ocrx_word' id='word_1_276' title='bbox 1865 3491 2057 3564; x_wconf 84' lang='lat' dir='ltr'><strong>peccati</strong></span> 
     </span>
    </p>
   </div>
   <div class='ocr_carea' id='block_1_37' title="bbox 470 3585 2056 3659">
    <p class='ocr_par' dir='ltr' id='par_1_37' title="bbox 470 3585 2056 3659">
     <span class='ocr_line' id='line_1_37' title="bbox 470 3585 2056 3659; baseline -0.004 -16"><span class='ocrx_word' id='word_1_277' title='bbox 470 3590 724 3659; x_wconf 82' lang='lat' dir='ltr'><strong>superbia,-</strong></span> <span class='ocrx_word' id='word_1_278' title='bbox 753 3599 826 3655; x_wconf 91' lang='lat' dir='ltr'><strong>et,</strong></span> <span class='ocrx_word' id='word_1_279' title='bbox 877 3587 1087 3642; x_wconf 78' lang='lat' dir='ltr'><strong>Initium</strong></span> <span class='ocrx_word' id='word_1_280' title='bbox 1133 3587 1380 3654; x_wconf 71' lang='lat' dir='ltr'><strong>superbia:</strong></span> <span class='ocrx_word' id='word_1_281' title='bbox 1431 3585 1650 3638; x_wconf 74' lang='lat' dir='ltr'><strong>hominis</strong></span> <span class='ocrx_word' id='word_1_282' title='bbox 1695 3593 1983 3654; x_wconf 84' lang='lat' dir='ltr'><strong>apostatare</strong></span> <span class='ocrx_word' id='word_1_283' title='bbox 2022 3599 2056 3636; x_wconf 89' lang='lat' dir='ltr'><strong>a</strong></span> 
     </span>
    </p>
   </div>
   <div class='ocr_carea' id='block_1_38' title="bbox 473 3678 1131 3753">
    <p class='ocr_par' dir='ltr' id='par_1_38' title="bbox 473 3678 1131 3753">
     <span class='ocr_line' id='line_1_38' title="bbox 473 3678 1131 3753; baseline -0.006 -19"><span class='ocrx_word' id='word_1_284' title='bbox 473 3680 583 3736; x_wconf 79' lang='lat' dir='ltr'><strong>Deo</strong></span> <span class='ocrx_word' id='word_1_285' title='bbox 609 3681 794 3753; x_wconf 72' lang='lat' dir='ltr'><strong>(Eccli.</strong></span> <span class='ocrx_word' id='word_1_286' title='bbox 819 3697 873 3738; x_wconf 72' lang='grc' dir='ltr'><strong>Χ.</strong></span> <span class='ocrx_word' id='word_1_287' title='bbox 903 3680 988 3743; x_wconf 79' lang='grc'><strong>15,</strong></span> <span class='ocrx_word' id='word_1_288' title='bbox 1021 3678 1131 3750; x_wconf 73' lang='grc' dir='ltr'><strong>Η).</strong></span> 
     </span>
    </p>
   </div>
   <div class='ocr_carea' id='block_1_39' title="bbox 540 3767 2053 3837">
    <p class='ocr_par' dir='ltr' id='par_1_39' title="bbox 540 3767 2053 3837">
     <span class='ocr_line' id='line_1_39' title="bbox 540 3767 2053 3837; baseline -0.007 -9"><span class='ocrx_word' id='word_1_289' title='bbox 540 3773 767 3828; x_wconf 76' lang='lat' dir='ltr'><strong>CAPUT</strong></span> <span class='ocrx_word' id='word_1_290' title='bbox 795 3769 1128 3826; x_wconf 54' lang='lat' dir='ltr'><strong>XXX-~51.</strong></span> <span class='ocrx_word' id='word_1_291' title='bbox 1157 3768 1420 3837; x_wconf 84' lang='lat' dir='ltr'><strong>Quomodo</strong></span> <span class='ocrx_word' id='word_1_292' title='bbox 1437 3783 1582 3822; x_wconf 86' lang='lat' dir='ltr'><strong>suum</strong></span> <span class='ocrx_word' id='word_1_293' title='bbox 1599 3777 1671 3822; x_wconf 86' lang='lat' dir='ltr'><strong>est</strong></span> <span class='ocrx_word' id='word_1_294' title='bbox 1697 3767 1914 3822; x_wconf 79' lang='lat' dir='ltr'><strong>hominis</strong></span> <span class='ocrx_word' id='word_1_295' title='bbox 1935 3783 2053 3837; x_wconf 81' lang='lat' dir='ltr'><strong>pec-</strong></span> 
     </span>
    </p>
   </div>
   <div class='ocr_carea' id='block_1_40' title="bbox 470 3860 2054 3935">
    <p class='ocr_par' dir='ltr' id='par_1_40' title="bbox 470 3860 2054 3935">
     <span class='ocr_line' id='line_1_40' title="bbox 470 3860 2054 3935; baseline -0.004 -16"><span class='ocrx_word' id='word_1_296' title='bbox 470 3874 658 3926; x_wconf 84' lang='lat' dir='ltr'><strong>catum,</strong></span> <span class='ocrx_word' id='word_1_297' title='bbox 689 3865 802 3918; x_wconf 78' lang='lat' dir='ltr'><strong>licet</strong></span> <span class='ocrx_word' id='word_1_298' title='bbox 840 3868 1002 3935; x_wconf 85' lang='lat' dir='ltr'><strong>gratia</strong></span> <span class='ocrx_word' id='word_1_299' title='bbox 1040 3861 1260 3932; x_wconf 87' lang='lat' dir='ltr'><strong>indigeat</strong></span> <span class='ocrx_word' id='word_1_300' title='bbox 1288 3871 1340 3914; x_wconf 89' lang='lat' dir='ltr'><strong>ut</strong></span> <span class='ocrx_word' id='word_1_301' title='bbox 1377 3871 1580 3914; x_wconf 83' lang='lat' dir='ltr'><strong>sanetur</strong></span> <span class='ocrx_word' id='word_1_302' title='bbox 1619 3861 1730 3930; x_wconf 87' lang='lat' dir='ltr'><strong>ejus</strong></span> <span class='ocrx_word' id='word_1_303' title='bbox 1763 3860 2054 3928; x_wconf 80' lang='lat' dir='ltr'><strong>inﬁrmitas.</strong></span> 
     </span>
    </p>
   </div>
   <div class='ocr_carea' id='block_1_41' title="bbox 469 3949 2054 4026">
    <p class='ocr_par' dir='ltr' id='par_1_41' title="bbox 469 3949 2054 4026">
     <span class='ocr_line' id='line_1_41' title="bbox 469 3949 2054 4026; baseline -0.004 -15"><span class='ocrx_word' id='word_1_304' title='bbox 469 3957 606 4026; x_wconf 84' lang='lat' dir='ltr'><strong>Quid</strong></span> <span class='ocrx_word' id='word_1_305' title='bbox 633 3965 808 4010; x_wconf 89' lang='lat' dir='ltr'><strong>autem</strong></span> <span class='ocrx_word' id='word_1_306' title='bbox 847 3955 946 4009; x_wconf 89' lang='lat' dir='ltr'><strong>sibi</strong></span> <span class='ocrx_word' id='word_1_307' title='bbox 995 3954 1128 4018; x_wconf 89' lang='lat' dir='ltr'><strong>vult,</strong></span> <span class='ocrx_word' id='word_1_308' title='bbox 1174 3953 1315 4022; x_wconf 88' lang='lat' dir='ltr'><strong>quod</strong></span> <span class='ocrx_word' id='word_1_309' title='bbox 1359 3951 1488 4008; x_wconf 89' lang='lat' dir='ltr'><strong>dicit</strong></span> <span class='ocrx_word' id='word_1_310' title='bbox 1522 3967 1535 4004; x_wconf 91' lang='lat'>:</span> <span class='ocrx_word' id='word_1_311' title='bbox 1568 3949 1764 4004; x_wconf 79' lang='lat' dir='ltr'><strong>Deinde</strong></span> <span class='ocrx_word' id='word_1_312' title='bbox 1805 3951 2054 4020; x_wconf 73' lang='lat' dir='ltr'><strong>quomodo</strong></span> 
     </span>
    </p>
   </div>
   <div class='ocr_carea' id='block_1_42' title="bbox 472 4041 2055 4116">
    <p class='ocr_par' dir='ltr' id='par_1_42' title="bbox 472 4041 2055 4116">
     <span class='ocr_line' id='line_1_42' title="bbox 472 4041 2055 4116; baseline -0.006 -14"><span class='ocrx_word' id='word_1_313' title='bbox 472 4048 579 4104; x_wconf 86' lang='lat' dir='ltr'><strong>Deo</strong></span> <span class='ocrx_word' id='word_1_314' title='bbox 605 4064 696 4116; x_wconf 90' lang='lat' dir='ltr'><strong>pro</strong></span> <span class='ocrx_word' id='word_1_315' title='bbox 721 4047 861 4101; x_wconf 82' lang='lat' dir='ltr'><strong>illius</strong></span> <span class='ocrx_word' id='word_1_316' title='bbox 884 4043 1075 4113; x_wconf 83' lang='lat' dir='ltr'><strong>peccati</strong></span> <span class='ocrx_word' id='word_1_317' title='bbox 1103 4054 1246 4096; x_wconf 89' lang='lat' dir='ltr'><strong>reatu</strong></span> <span class='ocrx_word' id='word_1_318' title='bbox 1277 4042 1506 4096; x_wconf 86' lang='lat' dir='ltr'><strong>subditus</strong></span> <span class='ocrx_word' id='word_1_319' title='bbox 1537 4057 1644 4095; x_wconf 85' lang='lat' dir='ltr'><strong>esse</strong></span> <span class='ocrx_word' id='word_1_320' title='bbox 1671 4041 1871 4110; x_wconf 87' lang='lat' dir='ltr'><strong>poterit,</strong></span> <span class='ocrx_word' id='word_1_321' title='bbox 1919 4041 2055 4111; x_wconf 82' lang='lat' dir='ltr'><strong>quod</strong></span> 
     </span>
    </p>
   </div>
   <div class='ocr_carea' id='block_1_43' title="bbox 469 4131 2048 4207">
    <p class='ocr_par' dir='ltr' id='par_1_43' title="bbox 469 4131 2048 4207">
     <span class='ocr_line' id='line_1_43' title="bbox 469 4131 2048 4207; baseline -0.006 -14"><span class='ocrx_word' id='word_1_322' title='bbox 469 4156 617 4193; x_wconf 85' lang='lat' dir='ltr'><strong>suum</strong></span> <span class='ocrx_word' id='word_1_323' title='bbox 641 4156 740 4192; x_wconf 87' lang='lat' dir='ltr'><strong>non</strong></span> <span class='ocrx_word' id='word_1_324' title='bbox 763 4154 866 4192; x_wconf 86' lang='lat' dir='ltr'><strong>esse</strong></span> <span class='ocrx_word' id='word_1_325' title='bbox 885 4134 1169 4207; x_wconf 81' lang='lat' dir='ltr'><strong>cognoverit</strong></span> <span class='ocrx_word' id='word_1_326' title='bbox 1189 4134 1214 4188; x_wconf 70' lang='lat'><strong>.9</strong></span> <span class='ocrx_word' id='word_1_327' title='bbox 1236 4131 1400 4188; x_wconf 88' lang='lat' dir='ltr'><strong>Suum</strong></span> <span class='ocrx_word' id='word_1_328' title='bbox 1427 4131 1561 4186; x_wconf 87' lang='lat' dir='ltr'><strong>enim</strong></span> <span class='ocrx_word' id='word_1_329' title='bbox 1592 4139 1826 4195; x_wconf 84' lang='lat' dir='ltr'><strong>non.est,</strong></span> <span class='ocrx_word' id='word_1_330' title='bbox 1857 4133 2048 4202; x_wconf 86' lang='lat' dir='ltr'><strong>inquit,</strong></span> 
     </span>
    </p>
   </div>
   <div class='ocr_carea' id='block_1_44' title="bbox 469 4222 2053 4289">
    <p class='ocr_par' dir='ltr' id='par_1_44' title="bbox 469 4222 2053 4289">
     <span class='ocr_line' id='line_1_44' title="bbox 469 4222 2053 4289; baseline -0.006 -5"><span class='ocrx_word' id='word_1_331' title='bbox 469 4230 512 4284; x_wconf 88' lang='lat' dir='ltr'><strong>si</strong></span> <span class='ocrx_word' id='word_1_332' title='bbox 537 4229 872 4285; x_wconf 85' lang='lat' dir='ltr'><strong>necessarium</strong></span> <span class='ocrx_word' id='word_1_333' title='bbox 899 4237 988 4281; x_wconf 84' lang='lat' dir='ltr'><strong>est.</strong></span> <span class='ocrx_word' id='word_1_334' title='bbox 1018 4226 1115 4280; x_wconf 80' lang='lat' dir='ltr'><strong>Aut</strong></span> <span class='ocrx_word' id='word_1_335' title='bbox 1143 4225 1186 4280; x_wconf 87' lang='lat' dir='ltr'><strong>si</strong></span> <span class='ocrx_word' id='word_1_336' title='bbox 1211 4241 1360 4278; x_wconf 86' lang='lat' dir='ltr'><strong>suum</strong></span> <span class='ocrx_word' id='word_1_337' title='bbox 1405 4232 1496 4289; x_wconf 88' lang='lat' dir='ltr'><strong>est,</strong></span> <span class='ocrx_word' id='word_1_338' title='bbox 1543 4222 1884 4276; x_wconf 78' lang='lat' dir='ltr'><strong>voluntarium</strong></span> <span class='ocrx_word' id='word_1_339' title='bbox 1939 4231 2011 4276; x_wconf 88' lang='lat' dir='ltr'><strong>est</strong></span> <span class='ocrx_word' id='word_1_340' title='bbox 2032 4237 2053 4274; x_wconf 89' lang='lat'><strong><em>:</em></strong></span> 
     </span>
    </p>
   </div>
   <div class='ocr_carea' id='block_1_45' title="bbox 470 4313 2050 4386">
    <p class='ocr_par' dir='ltr' id='par_1_45' title="bbox 470 4313 2050 4386">
     <span class='ocr_line' id='line_1_45' title="bbox 470 4313 2050 4386; baseline -0.006 -8"><span class='ocrx_word' id='word_1_341' title='bbox 470 4333 518 4378; x_wconf 87' lang='lat' dir='ltr'><strong>et</strong></span> <span class='ocrx_word' id='word_1_342' title='bbox 544 4324 587 4377; x_wconf 84' lang='lat' dir='ltr'><strong>si</strong></span> <span class='ocrx_word' id='word_1_343' title='bbox 613 4321 951 4376; x_wconf 72' lang='lat' dir='ltr'><strong>uoluntarium</strong></span> <span class='ocrx_word' id='word_1_344' title='bbox 975 4329 1070 4381; x_wconf 88' lang='lat' dir='ltr'><strong>est,</strong></span> <span class='ocrx_word' id='word_1_345' title='bbox 1098 4317 1244 4372; x_wconf 81' lang='lat' dir='ltr'><strong>vitari</strong></span> <span class='ocrx_word' id='word_1_346' title='bbox 1272 4325 1450 4386; x_wconf 87' lang='lat' dir='ltr'><strong>potest.</strong></span> <span class='ocrx_word' id='word_1_347' title='bbox 1493 4313 1602 4369; x_wconf 83' lang='lat' dir='ltr'><strong>Nos</strong></span> <span class='ocrx_word' id='word_1_348' title='bbox 1629 4313 2050 4383; x_wconf 73' lang='lat' dir='ltr'><strong>respondemus:</strong></span> 
     </span>
    </p>
   </div>
   <div class='ocr_carea' id='block_1_46' title="bbox 469 4406 2050 4476">
    <p class='ocr_par' dir='ltr' id='par_1_46' title="bbox 469 4406 2050 4476">
     <span class='ocr_line' id='line_1_46' title="bbox 469 4406 2050 4476; baseline -0.008 -7"><span class='ocrx_word' id='word_1_349' title='bbox 469 4415 638 4472; x_wconf 84' lang='lat' dir='ltr'><strong>Suum</strong></span> <span class='ocrx_word' id='word_1_350' title='bbox 665 4422 744 4468; x_wconf 89' lang='lat' dir='ltr'><strong>est</strong></span> <span class='ocrx_word' id='word_1_351' title='bbox 773 4411 1026 4473; x_wconf 70' lang='lat' dir='ltr'><strong>omnino;</strong></span> <span class='ocrx_word' id='word_1_352' title='bbox 1057 4409 1150 4464; x_wconf 87' lang='lat' dir='ltr'><strong>sed</strong></span> <span class='ocrx_word' id='word_1_353' title='bbox 1177 4407 1364 4460; x_wconf 78' lang='lat' dir='ltr'><strong>vitium</strong></span> <span class='ocrx_word' id='word_1_354' title='bbox 1395 4421 1499 4476; x_wconf 89' lang='lat' dir='ltr'><strong>quo</strong></span> <span class='ocrx_word' id='word_1_355' title='bbox 1522 4406 1888 4468; x_wconf 74' lang='lat' dir='ltr'><strong>committitur,</strong></span> <span class='ocrx_word' id='word_1_356' title='bbox 1917 4418 2050 4458; x_wconf 81' lang='lat' dir='ltr'><strong>non-</strong></span> 
     </span>
    </p>
   </div>
   <div class='ocr_carea' id='block_1_47' title="bbox 467 4494 2055 4570">
    <p class='ocr_par' dir='ltr' id='par_1_47' title="bbox 467 4494 2055 4570">
     <span class='ocr_line' id='line_1_47' title="bbox 467 4494 2055 4570; baseline -0.01 -6"><span class='ocrx_word' id='word_1_357' title='bbox 467 4507 599 4564; x_wconf 89' lang='lat' dir='ltr'><strong>dum</strong></span> <span class='ocrx_word' id='word_1_358' title='bbox 627 4503 772 4558; x_wconf 89' lang='lat' dir='ltr'><strong>omni</strong></span> <span class='ocrx_word' id='word_1_359' title='bbox 802 4517 866 4556; x_wconf 75' lang='lat' dir='ltr'><strong>ex</strong></span> <span class='ocrx_word' id='word_1_360' title='bbox 909 4507 1056 4570; x_wconf 88' lang='lat' dir='ltr'><strong>parte</strong></span> <span class='ocrx_word' id='word_1_361' title='bbox 1096 4505 1340 4554; x_wconf 74' lang='lat' dir='ltr'><strong>Sanatum</strong></span> <span class='ocrx_word' id='word_1_362' title='bbox 1387 4505 1472 4550; x_wconf 81' lang='lat' dir='ltr'><strong>est</strong></span> <span class='ocrx_word' id='word_1_363' title='bbox 1503 4511 1515 4548; x_wconf 90' lang='lat'>:</span> <span class='ocrx_word' id='word_1_364' title='bbox 1543 4495 1683 4566; x_wconf 88' lang='lat' dir='ltr'><strong>quod</strong></span> <span class='ocrx_word' id='word_1_365' title='bbox 1735 4494 1948 4565; x_wconf 88' lang='lat' dir='ltr'><strong>quidem</strong></span> <span class='ocrx_word' id='word_1_366' title='bbox 1994 4503 2055 4548; x_wconf 89' lang='lat' dir='ltr'><strong>ut</strong></span> 
     </span>
    </p>
   </div>
   <div class='ocr_carea' id='block_1_48' title="bbox 473 4588 2051 4670">
    <p class='ocr_par' dir='ltr' id='par_1_48' title="bbox 473 4588 2051 4670">
     <span class='ocr_line' id='line_1_48' title="bbox 473 4588 2051 4670; baseline -0.004 -18"><span class='ocrx_word' id='word_1_367' title='bbox 473 4599 808 4670; x_wconf 80' lang='lat' dir='ltr'><strong>inolescerct,</strong></span> <span class='ocrx_word' id='word_1_368' title='bbox 832 4593 902 4648; x_wconf 90' lang='lat' dir='ltr'><strong>de</strong></span> <span class='ocrx_word' id='word_1_369' title='bbox 929 4607 1030 4645; x_wconf 90' lang='lat' dir='ltr'><strong>non</strong></span> <span class='ocrx_word' id='word_1_370' title='bbox 1053 4599 1196 4646; x_wconf 87' lang='lat' dir='ltr'><strong>recte</strong></span> <span class='ocrx_word' id='word_1_371' title='bbox 1223 4605 1315 4644; x_wconf 87' lang='lat' dir='ltr'><strong>usa</strong></span> <span class='ocrx_word' id='word_1_372' title='bbox 1361 4589 1588 4643; x_wconf 73' lang='lat' dir='ltr'><strong>sanitate</strong></span> <span class='ocrx_word' id='word_1_373' title='bbox 1634 4588 1914 4644; x_wconf 88' lang='lat' dir='ltr'><strong>descendit</strong></span> <span class='ocrx_word' id='word_1_374' title='bbox 1942 4607 1956 4642; x_wconf 93' lang='lat'><strong>:</strong></span> <span class='ocrx_word' id='word_1_375' title='bbox 1985 4605 2051 4646; x_wconf 81' lang='lat' dir='ltr'><strong>ex</strong></span> 
     </span>
    </p>
   </div>
   <div class='ocr_carea' id='block_1_49' title="bbox 469 4677 2050 4766">
    <p class='ocr_par' dir='ltr' id='par_1_49' title="bbox 469 4677 2050 4766">
     <span class='ocr_line' id='line_1_49' title="bbox 469 4677 2050 4766; baseline -0.005 -22"><span class='ocrx_word' id='word_1_376' title='bbox 469 4706 578 4766; x_wconf 79' lang='lat' dir='ltr'><strong>quo</strong></span> <span class='ocrx_word' id='word_1_377' title='bbox 605 4691 732 4744; x_wconf 84' lang='lat' dir='ltr'><strong>vitio</strong></span> <span class='ocrx_word' id='word_1_378' title='bbox 754 4689 862 4758; x_wconf 81' lang='lat' dir='ltr'><strong>jam</strong></span> <span class='ocrx_word' id='word_1_379' title='bbox 889 4685 1030 4740; x_wconf 87' lang='lat' dir='ltr'><strong>male</strong></span> <span class='ocrx_word' id='word_1_380' title='bbox 1068 4683 1272 4748; x_wconf 82' lang='lat' dir='ltr'><strong>valens,</strong></span> <span class='ocrx_word' id='word_1_381' title='bbox 1303 4680 1388 4734; x_wconf 89' lang='lat' dir='ltr'><strong>vel</strong></span> <span class='ocrx_word' id='word_1_382' title='bbox 1417 4677 1746 4744; x_wconf 78' lang='lat' dir='ltr'><strong>inﬁrmitate,</strong></span> <span class='ocrx_word' id='word_1_383' title='bbox 1777 4682 1862 4736; x_wconf 84' lang='lat' dir='ltr'><strong>vel</strong></span> <span class='ocrx_word' id='word_1_384' title='bbox 1887 4681 2050 4737; x_wconf 60' lang='lat' dir='ltr'><strong>eieci-</strong></span> 
     </span>
    </p>
   </div>
   <div class='ocr_carea' id='block_1_50' title="bbox 471 4771 2052 4854">
    <p class='ocr_par' dir='ltr' id='par_1_50' title="bbox 471 4771 2052 4854">
     <span class='ocr_line' id='line_1_50' title="bbox 471 4771 2052 4854; baseline -0.008 -15"><span class='ocrx_word' id='word_1_385' title='bbox 471 4795 579 4842; x_wconf 88' lang='lat' dir='ltr'><strong>tate</strong></span> <span class='ocrx_word' id='word_1_386' title='bbox 609 4783 756 4854; x_wconf 88' lang='lat' dir='ltr'><strong>plura</strong></span> <span class='ocrx_word' id='word_1_387' title='bbox 777 4775 1065 4834; x_wconf 87' lang='lat' dir='ltr'><strong>committit</strong></span> <span class='ocrx_word' id='word_1_388' title='bbox 1093 4790 1227 4844; x_wconf 85' lang='lat' dir='ltr'><strong>:pro</strong></span> <span class='ocrx_word' id='word_1_389' title='bbox 1271 4789 1376 4843; x_wconf 91' lang='lat' dir='ltr'><strong>quo</strong></span> <span class='ocrx_word' id='word_1_390' title='bbox 1418 4771 1820 4842; x_wconf 84' lang='lat' dir='ltr'><strong>supplicandum</strong></span> <span class='ocrx_word' id='word_1_391' title='bbox 1863 4781 1964 4837; x_wconf 90' lang='lat' dir='ltr'><strong>est,</strong></span> <span class='ocrx_word' id='word_1_392' title='bbox 1997 4782 2052 4826; x_wconf 91' lang='lat' dir='ltr'><strong>ut</strong></span> 
     </span>
    </p>
   </div>
   <div class='ocr_carea' id='block_1_51' title="bbox 469 4863 2046 4938">
    <p class='ocr_par' dir='ltr' id='par_1_51' title="bbox 469 4863 2046 4938">
     <span class='ocr_line' id='line_1_51' title="bbox 469 4863 2046 4938; baseline -0.008 -7"><span class='ocrx_word' id='word_1_393' title='bbox 469 4886 708 4938; x_wconf 79' lang='lat' dir='ltr'><strong>sanetur,</strong></span> <span class='ocrx_word' id='word_1_394' title='bbox 749 4880 804 4927; x_wconf 90' lang='lat' dir='ltr'><strong>et</strong></span> <span class='ocrx_word' id='word_1_395' title='bbox 840 4867 1092 4937; x_wconf 81' lang='lat' dir='ltr'><strong>deinceps</strong></span> <span class='ocrx_word' id='word_1_396' title='bbox 1132 4866 1184 4920; x_wconf 89' lang='lat' dir='ltr'><strong>in</strong></span> <span class='ocrx_word' id='word_1_397' title='bbox 1222 4873 1474 4934; x_wconf 87' lang='lat' dir='ltr'><strong>perpetua</strong></span> <span class='ocrx_word' id='word_1_398' title='bbox 1527 4863 1758 4919; x_wconf 85' lang='lat' dir='ltr'><strong>sanitate</strong></span> <span class='ocrx_word' id='word_1_399' title='bbox 1806 4863 2046 4926; x_wconf 83' lang='lat' dir='ltr'><strong>vivatur;</strong></span> 
     </span>
    </p>
   </div>
   <div class='ocr_carea' id='block_1_52' title="bbox 471 4953 2046 5038">
    <p class='ocr_par' dir='ltr' id='par_1_52' title="bbox 471 4953 2046 5038">
     <span class='ocr_line' id='line_1_52' title="bbox 471 4953 2046 5038; baseline -0.009 -15"><span class='ocrx_word' id='word_1_400' title='bbox 471 4985 575 5023; x_wconf 87' lang='lat' dir='ltr'><strong>non</strong></span> <span class='ocrx_word' id='word_1_401' title='bbox 597 4960 1032 5038; x_wconf 86' lang='lat' dir='ltr'><strong>superbiendum,</strong></span> <span class='ocrx_word' id='word_1_402' title='bbox 1056 4957 1204 5029; x_wconf 89' lang='lat' dir='ltr'><strong>quasi</strong></span> <span class='ocrx_word' id='word_1_403' title='bbox 1235 4956 1398 5011; x_wconf 78' lang='lat' dir='ltr'><strong>homo</strong></span> <span class='ocrx_word' id='word_1_404' title='bbox 1422 4953 1611 5010; x_wconf 85' lang='lat' dir='ltr'><strong>eadem</strong></span> <span class='ocrx_word' id='word_1_405' title='bbox 1657 4963 1919 5026; x_wconf 84' lang='lat' dir='ltr'><strong>potestate</strong></span> <span class='ocrx_word' id='word_1_406' title='bbox 1961 4971 2046 5010; x_wconf 62' lang='lat' dir='ltr'><strong>sae</strong></span> 
     </span>
    </p>
   </div>
   <div class='ocr_carea' id='block_1_53' title="bbox 471 5047 1437 5126">
    <p class='ocr_par' dir='ltr' id='par_1_53' title="bbox 471 5047 1437 5126">
     <span class='ocr_line' id='line_1_53' title="bbox 471 5047 1437 5126; baseline -0.018 -11"><span class='ocrx_word' id='word_1_407' title='bbox 471 5070 648 5121; x_wconf 88' lang='lat' dir='ltr'><strong>netnr,</strong></span> <span class='ocrx_word' id='word_1_408' title='bbox 677 5070 777 5126; x_wconf 86' lang='lat' dir='ltr'><strong>qua</strong></span> <span class='ocrx_word' id='word_1_409' title='bbox 802 5059 1064 5126; x_wconf 87' lang='lat' dir='ltr'><strong>potestate</strong></span> <span class='ocrx_word' id='word_1_410' title='bbox 1093 5047 1311 5102; x_wconf 87' lang='lat' dir='ltr'><strong>vitiatus</strong></span> <span class='ocrx_word' id='word_1_411' title='bbox 1333 5055 1437 5100; x_wconf 80' lang='lat' dir='ltr'><strong>est.</strong></span> 
     </span>
    </p>
   </div>
   <div class='ocr_carea' id='block_1_54' title="bbox 541 5137 2051 5211">
    <p class='ocr_par' dir='ltr' id='par_1_54' title="bbox 541 5137 2051 5211">
     <span class='ocr_line' id='line_1_54' title="bbox 541 5137 2051 5211; baseline -0.009 -5"><span class='ocrx_word' id='word_1_412' title='bbox 541 5148 764 5206; x_wconf 77' lang='lat' dir='ltr'><strong>CAPUT</strong></span> <span class='ocrx_word' id='word_1_413' title='bbox 795 5144 990 5203; x_wconf 72' lang='lat' dir='ltr'><strong>XXXI.</strong></span> <span class='ocrx_word' id='word_1_414' title='bbox 1013 5173 1083 5184; x_wconf 90' lang='lat'>—</span> <span class='ocrx_word' id='word_1_415' title='bbox 1107 5141 1196 5199; x_wconf 75' lang='lat'><strong>35.</strong></span> <span class='ocrx_word' id='word_1_416' title='bbox 1244 5137 1546 5211; x_wconf 86' lang='lat' dir='ltr'><strong>Superbiam</strong></span> <span class='ocrx_word' id='word_1_417' title='bbox 1582 5139 1744 5208; x_wconf 87' lang='lat' dir='ltr'><strong>ipsam</strong></span> <span class='ocrx_word' id='word_1_418' title='bbox 1770 5155 1860 5192; x_wconf 88' lang='lat' dir='ltr'><strong>cur</strong></span> <span class='ocrx_word' id='word_1_419' title='bbox 1911 5138 2051 5192; x_wconf 84' lang='lat' dir='ltr'><strong>Deus</strong></span> 
     </span>
    </p>
   </div>
   <div class='ocr_carea' id='block_1_55' title="bbox 471 5228 2050 5304">
    <p class='ocr_par' dir='ltr' id='par_1_55' title="bbox 471 5228 2050 5304">
     <span class='ocr_line' id='line_1_55' title="bbox 471 5228 2050 5304; baseline -0.008 -6"><span class='ocrx_word' id='word_1_420' title='bbox 471 5260 570 5300; x_wconf 82' lang='lat' dir='ltr'><strong>non</strong></span> <span class='ocrx_word' id='word_1_421' title='bbox 596 5243 696 5296; x_wconf 89' lang='lat' dir='ltr'><strong>cito</strong></span> <span class='ocrx_word' id='word_1_422' title='bbox 739 5228 899 5294; x_wconf 78' lang='lat' dir='ltr'><strong>sanet.</strong></span> <span class='ocrx_word' id='word_1_423' title='bbox 934 5237 1096 5304; x_wconf 84' lang='lat' dir='ltr'><strong>Quam</strong></span> <span class='ocrx_word' id='word_1_424' title='bbox 1138 5234 1329 5289; x_wconf 86' lang='lat' dir='ltr'><strong>occulte</strong></span> <span class='ocrx_word' id='word_1_425' title='bbox 1368 5231 1634 5287; x_wconf 85' lang='lat' dir='ltr'><strong>insidietur</strong></span> <span class='ocrx_word' id='word_1_426' title='bbox 1682 5230 1938 5303; x_wconf 80' lang='lat' dir='ltr'><strong>superbia.</strong></span> <span class='ocrx_word' id='word_1_427' title='bbox 1983 5230 2050 5286; x_wconf 88' lang='lat' dir='ltr'><strong>Et</strong></span> 
     </span>
    </p>
   </div>
   <div class='ocr_carea' id='block_1_56' title="bbox 472 5323 2051 5404">
    <p class='ocr_par' dir='ltr' id='par_1_56' title="bbox 472 5323 2051 5404">
     <span class='ocr_line' id='line_1_56' title="bbox 472 5323 2051 5404; baseline -0.005 -15"><span class='ocrx_word' id='word_1_428' title='bbox 472 5337 586 5390; x_wconf 64' lang='lat' dir='ltr'><strong>hate</strong></span> <span class='ocrx_word' id='word_1_429' title='bbox 613 5331 827 5404; x_wconf 80' lang='lat' dir='ltr'><strong>quidem</strong></span> <span class='ocrx_word' id='word_1_430' title='bbox 848 5331 916 5385; x_wconf 83' lang='lat' dir='ltr'><strong>ita</strong></span> <span class='ocrx_word' id='word_1_431' title='bbox 937 5328 1184 5390; x_wconf 77' lang='lat' dir='ltr'><strong>dixerim,</strong></span> <span class='ocrx_word' id='word_1_432' title='bbox 1212 5333 1272 5380; x_wconf 79' lang='lat' dir='ltr'><strong>ut</strong></span> <span class='ocrx_word' id='word_1_433' title='bbox 1297 5325 1454 5380; x_wconf 79' lang='lat' dir='ltr'><strong>altius</strong></span> <span class='ocrx_word' id='word_1_434' title='bbox 1483 5323 1574 5379; x_wconf 89' lang='lat' dir='ltr'><strong>Dei</strong></span> <span class='ocrx_word' id='word_1_435' title='bbox 1603 5324 1880 5380; x_wconf 90' lang='lat' dir='ltr'><strong>consilium</strong></span> <span class='ocrx_word' id='word_1_436' title='bbox 1915 5326 1931 5358; x_wconf 76' lang='grc'>³</span> <span class='ocrx_word' id='word_1_437' title='bbox 1966 5342 2051 5381; x_wconf 90' lang='lat' dir='ltr'><strong>me</strong></span> 
     </span>
    </p>
   </div>
   <div class='ocr_carea' id='block_1_57' title="bbox 471 5415 2051 5494">
    <p class='ocr_par' dir='ltr' id='par_1_57' title="bbox 471 5415 2051 5494">
     <span class='ocr_line' id='line_1_57' title="bbox 471 5415 2051 5494; baseline -0.004 -16"><span class='ocrx_word' id='word_1_438' title='bbox 471 5428 638 5483; x_wconf 79' lang='lat' dir='ltr'><strong>fatear</strong></span> <span class='ocrx_word' id='word_1_439' title='bbox 666 5425 930 5494; x_wconf 81' lang='lat' dir='ltr'><strong>ignorare,</strong></span> <span class='ocrx_word' id='word_1_440' title='bbox 957 5435 1053 5474; x_wconf 81' lang='lat' dir='ltr'><strong>cur</strong></span> <span class='ocrx_word' id='word_1_441' title='bbox 1079 5417 1240 5474; x_wconf 87' lang='lat' dir='ltr'><strong>etiam</strong></span> <span class='ocrx_word' id='word_1_442' title='bbox 1273 5416 1440 5486; x_wconf 88' lang='lat' dir='ltr'><strong>ipsam</strong></span> <span class='ocrx_word' id='word_1_443' title='bbox 1467 5415 1792 5488; x_wconf 82' lang='lat' dir='ltr'><strong>superbiam,</strong></span> <span class='ocrx_word' id='word_1_444' title='bbox 1835 5431 1955 5488; x_wconf 64' lang='lat' dir='ltr'><strong>quae</strong></span> <span class='ocrx_word' id='word_1_445' title='bbox 1997 5425 2051 5471; x_wconf 90' lang='lat' dir='ltr'><strong>et</strong></span> 
     </span>
    </p>
   </div>
   <div class='ocr_carea' id='block_1_58' title="bbox 471 5498 2050 5575">
    <p class='ocr_par' dir='ltr' id='par_1_58' title="bbox 471 5498 2050 5575">
     <span class='ocr_line' id='line_1_58' title="bbox 471 5498 2050 5575; baseline -0.006 0"><span class='ocrx_word' id='word_1_446' title='bbox 471 5523 522 5575; x_wconf 89' lang='lat' dir='ltr'><strong>in</strong></span> <span class='ocrx_word' id='word_1_447' title='bbox 561 5526 707 5574; x_wconf 84' lang='lat' dir='ltr'><strong>recte</strong></span> <span class='ocrx_word' id='word_1_448' title='bbox 759 5512 907 5568; x_wconf 79' lang='lat' dir='ltr'><strong>factis</strong></span> <span class='ocrx_word' id='word_1_449' title='bbox 935 5511 1112 5566; x_wconf 84' lang='lat' dir='ltr'><strong>animo</strong></span> <span class='ocrx_word' id='word_1_450' title='bbox 1153 5509 1434 5566; x_wconf 87' lang='lat' dir='ltr'><strong>insidiatur</strong></span> <span class='ocrx_word' id='word_1_451' title='bbox 1481 5507 1732 5575; x_wconf 83' lang='lat' dir='ltr'><strong>humano,</strong></span> <span class='ocrx_word' id='word_1_452' title='bbox 1791 5525 1896 5563; x_wconf 92' lang='lat' dir='ltr'><strong>non</strong></span> <span class='ocrx_word' id='word_1_453' title='bbox 1942 5498 2050 5565; x_wconf 91' lang='lat' dir='ltr'><strong>cito</strong></span> 
     </span>
    </p>
   </div>
   <div class='ocr_carea' id='block_1_59' title="bbox 473 5601 2045 5674">
    <p class='ocr_par' dir='ltr' id='par_1_59' title="bbox 473 5601 2045 5674">
     <span class='ocr_line' id='line_1_59' title="bbox 473 5601 2045 5674; baseline -0.009 -6"><span class='ocrx_word' id='word_1_454' title='bbox 473 5614 612 5667; x_wconf 83' lang='lat' dir='ltr'><strong>Dens</strong></span> <span class='ocrx_word' id='word_1_455' title='bbox 637 5615 820 5662; x_wconf 85' lang='lat' dir='ltr'><strong>sanet:</strong></span> <span class='ocrx_word' id='word_1_456' title='bbox 858 5609 954 5674; x_wconf 84' lang='lat' dir='ltr'><strong>pro</strong></span> <span class='ocrx_word' id='word_1_457' title='bbox 994 5619 1094 5673; x_wconf 90' lang='lat' dir='ltr'><strong>qua</strong></span> <span class='ocrx_word' id='word_1_458' title='bbox 1135 5601 1370 5655; x_wconf 89' lang='lat' dir='ltr'><strong>sananda</strong></span> <span class='ocrx_word' id='word_1_459' title='bbox 1420 5601 1494 5656; x_wconf 90' lang='lat' dir='ltr'><strong>illi</strong></span> <span class='ocrx_word' id='word_1_460' title='bbox 1551 5603 1647 5672; x_wconf 75' lang='lat' dir='ltr'><strong>pia:</strong></span> <span class='ocrx_word' id='word_1_461' title='bbox 1694 5603 1882 5658; x_wconf 72' lang='lat' dir='ltr'><strong>anima:</strong></span> <span class='ocrx_word' id='word_1_462' title='bbox 1925 5620 2045 5660; x_wconf 87' lang='lat' dir='ltr'><strong>eum</strong></span> 
     </span>
    </p>
   </div>
   <div class='ocr_carea' id='block_1_60' title="bbox 532 5711 1396 5784">
    <p class='ocr_par' dir='ltr' id='par_1_60' title="bbox 532 5711 1396 5784">
     <span class='ocr_line' id='line_1_60' title="bbox 532 5711 1396 5784; baseline -0.014 -10"><span class='ocrx_word' id='word_1_463' title='bbox 532 5727 550 5757; x_wconf 73' lang='grc'><strong>⁸</strong></span> <span class='ocrx_word' id='word_1_464' title='bbox 573 5721 748 5784; x_wconf 65' lang='grc' dir='ltr'>Βθιειώ</span> <span class='ocrx_word' id='word_1_465' title='bbox 767 5717 958 5784; x_wconf 76' lang='lat' dir='ltr'><strong>quidam</strong></span> <span class='ocrx_word' id='word_1_466' title='bbox 982 5723 1108 5776; x_wconf 75' lang='lat' dir='ltr'><strong>ttss.,</strong></span> <span class='ocrx_word' id='word_1_467' title='bbox 1133 5711 1396 5775; x_wconf 79' lang='lat' dir='ltr'><strong>judicium.</strong></span> 
     </span>
    </p>
   </div>
   <div class='ocr_carea' id='block_1_61' title="bbox 1451 267 2810 334">
    <p class='ocr_par' dir='ltr' id='par_1_61' title="bbox 1451 267 2810 334">
     <span class='ocr_line' id='line_1_61' title="bbox 1451 267 2810 334; baseline -0.001 -6"><span class='ocrx_word' id='word_1_468' title='bbox 1451 272 1536 329; x_wconf 80' lang='lat' dir='ltr'><strong>DE</strong></span> <span class='ocrx_word' id='word_1_469' title='bbox 1571 271 1854 328; x_wconf 77' lang='lat' dir='ltr'><strong>NATUBA</strong></span> <span class='ocrx_word' id='word_1_470' title='bbox 1893 267 1981 324; x_wconf 80' lang='lat' dir='ltr'><strong>ET</strong></span> <span class='ocrx_word' id='word_1_471' title='bbox 2021 267 2300 334; x_wconf 72' lang='lat' dir='ltr'><strong>GRATIA,</strong></span> <span class='ocrx_word' id='word_1_472' title='bbox 2342 269 2398 324; x_wconf 86' lang='lat' dir='ltr'><strong>S.</strong></span> <span class='ocrx_word' id='word_1_473' title='bbox 2441 268 2810 327; x_wconf 55' lang='lat' dir='ltr'><strong>AUGUSTI?“</strong></span> 
     </span>
    </p>
   </div>
   <div class='ocr_carea' id='block_1_62' title="bbox 3666 274 3778 334">
    <p class='ocr_par' dir='ltr' id='par_1_62' title="bbox 3666 274 3778 334">
     <span class='ocr_line' id='line_1_62' title="bbox 3666 274 3778 334; baseline 0 0"><span class='ocrx_word' id='word_1_474' title='bbox 3666 274 3778 334; x_wconf 62' lang='lat' dir='ltr'><strong>26b</strong></span> 
     </span>
    </p>
   </div>
   <div class='ocr_carea' id='block_1_63' title="bbox 2182 385 3770 463">
    <p class='ocr_par' dir='ltr' id='par_1_63' title="bbox 2182 385 3770 463">
     <span class='ocr_line' id='line_1_63' title="bbox 2182 385 3770 463; baseline 0.004 -23"><span class='ocrx_word' id='word_1_475' title='bbox 2182 385 2432 458; x_wconf 85' lang='lat' dir='ltr'><strong>lacrymis</strong></span> <span class='ocrx_word' id='word_1_476' title='bbox 2458 397 2511 444; x_wconf 84' lang='lat' dir='ltr'><strong>et</strong></span> <span class='ocrx_word' id='word_1_477' title='bbox 2539 390 2746 459; x_wconf 82' lang='lat' dir='ltr'><strong>magnis</strong></span> <span class='ocrx_word' id='word_1_478' title='bbox 2771 391 3052 460; x_wconf 75' lang='lat' dir='ltr'><strong>gemitibus</strong></span> <span class='ocrx_word' id='word_1_479' title='bbox 3078 391 3401 463; x_wconf 85' lang='lat' dir='ltr'><strong>supplicant,</strong></span> <span class='ocrx_word' id='word_1_480' title='bbox 3435 399 3492 446; x_wconf 88' lang='lat' dir='ltr'><strong>ut</strong></span> <span class='ocrx_word' id='word_1_481' title='bbox 3535 388 3602 447; x_wconf 87' lang='lat' dir='ltr'><strong>ad</strong></span> <span class='ocrx_word' id='word_1_482' title='bbox 3648 407 3770 447; x_wconf 84' lang='lat' dir='ltr'><strong>eam</strong></span> 
     </span>
    </p>
   </div>
   <div class='ocr_carea' id='block_1_64' title="bbox 2179 478 3766 551">
    <p class='ocr_par' dir='ltr' id='par_1_64' title="bbox 2179 478 3766 551">
     <span class='ocr_line' id='line_1_64' title="bbox 2179 478 3766 551; baseline 0.006 -21"><span class='ocrx_word' id='word_1_483' title='bbox 2179 478 2530 546; x_wconf 86' lang='lat' dir='ltr'><strong>superandam</strong></span> <span class='ocrx_word' id='word_1_484' title='bbox 2558 489 2611 534; x_wconf 90' lang='lat' dir='ltr'><strong>et</strong></span> <span class='ocrx_word' id='word_1_485' title='bbox 2635 481 2864 551; x_wconf 84' lang='lat' dir='ltr'><strong>quodam</strong></span> <span class='ocrx_word' id='word_1_486' title='bbox 2897 482 3055 536; x_wconf 91' lang='lat' dir='ltr'><strong>modo</strong></span> <span class='ocrx_word' id='word_1_487' title='bbox 3077 484 3388 537; x_wconf 86' lang='lat' dir='ltr'><strong>caleandam</strong></span> <span class='ocrx_word' id='word_1_488' title='bbox 3433 495 3490 538; x_wconf 83' lang='lat' dir='ltr'><strong>et</strong></span> <span class='ocrx_word' id='word_1_489' title='bbox 3521 483 3766 540; x_wconf 84' lang='lat' dir='ltr'><strong>obteren-</strong></span> 
     </span>
    </p>
   </div>
   <div class='ocr_carea' id='block_1_65' title="bbox 2177 569 3766 645">
    <p class='ocr_par' dir='ltr' id='par_1_65' title="bbox 2177 569 3766 645">
     <span class='ocr_line' id='line_1_65' title="bbox 2177 569 3766 645; baseline 0.003 -20"><span class='ocrx_word' id='word_1_490' title='bbox 2177 569 2320 634; x_wconf 64' lang='lat' dir='ltr'><strong>dum,</strong></span> <span class='ocrx_word' id='word_1_491' title='bbox 2354 572 2626 626; x_wconf 78' lang='lat' dir='ltr'><strong>dexteram</strong></span> <span class='ocrx_word' id='word_1_492' title='bbox 2651 575 2970 628; x_wconf 85' lang='lat' dir='ltr'><strong>conantibus</strong></span> <span class='ocrx_word' id='word_1_493' title='bbox 2988 576 3238 645; x_wconf 83' lang='lat' dir='ltr'><strong>porrigat.</strong></span> <span class='ocrx_word' id='word_1_494' title='bbox 3267 575 3367 630; x_wconf 89' lang='lat' dir='ltr'><strong>Ubi</strong></span> <span class='ocrx_word' id='word_1_495' title='bbox 3395 577 3536 630; x_wconf 79' lang='lat' dir='ltr'><strong>enim</strong></span> <span class='ocrx_word' id='word_1_496' title='bbox 3556 575 3766 630; x_wconf 61' lang='lat' dir='ltr'><strong>uelatus</strong></span> 
     </span>
    </p>
   </div>
   <div class='ocr_carea' id='block_1_66' title="bbox 2180 661 3770 735">
    <p class='ocr_par' dir='ltr' id='par_1_66' title="bbox 2180 661 3770 735">
     <span class='ocr_line' id='line_1_66' title="bbox 2180 661 3770 735; baseline 0.006 -23"><span class='ocrx_word' id='word_1_497' title='bbox 2180 661 2340 714; x_wconf 84' lang='lat' dir='ltr'><strong>homo</strong></span> <span class='ocrx_word' id='word_1_498' title='bbox 2368 661 2543 726; x_wconf 80' lang='lat' dir='ltr'><strong>fuerit,</strong></span> <span class='ocrx_word' id='word_1_499' title='bbox 2582 663 2632 716; x_wconf 92' lang='lat' dir='ltr'><strong>iu</strong></span> <span class='ocrx_word' id='word_1_500' title='bbox 2655 665 2832 734; x_wconf 89' lang='lat' dir='ltr'><strong>aliquo</strong></span> <span class='ocrx_word' id='word_1_501' title='bbox 2859 665 2998 718; x_wconf 86' lang='lat' dir='ltr'><strong>b0no</strong></span> <span class='ocrx_word' id='word_1_502' title='bbox 3025 681 3188 735; x_wconf 85' lang='lat' dir='ltr'><strong>opere</strong></span> <span class='ocrx_word' id='word_1_503' title='bbox 3213 681 3274 720; x_wconf 88' lang='lat' dir='ltr'><strong>se</strong></span> <span class='ocrx_word' id='word_1_504' title='bbox 3295 667 3452 718; x_wconf 86' lang='lat' dir='ltr'><strong>etiam</strong></span> <span class='ocrx_word' id='word_1_505' title='bbox 3483 680 3770 735; x_wconf 84' lang='lat' dir='ltr'><strong>superasse</strong></span> 
     </span>
    </p>
   </div>
   <div class='ocr_carea' id='block_1_67' title="bbox 2177 754 3766 826">
    <p class='ocr_par' dir='ltr' id='par_1_67' title="bbox 2177 754 3766 826">
     <span class='ocr_line' id='line_1_67' title="bbox 2177 754 3766 826; baseline 0.005 -20"><span class='ocrx_word' id='word_1_506' title='bbox 2177 754 2582 822; x_wconf 57' lang='lat' dir='ltr'><strong>superbiam,“</strong></span> <span class='ocrx_word' id='word_1_507' title='bbox 2613 755 2722 823; x_wconf 85' lang='lat' dir='ltr'><strong>ipsa</strong></span> <span class='ocrx_word' id='word_1_508' title='bbox 2753 755 2930 809; x_wconf 74' lang='lat' dir='ltr'><strong>la2titia</strong></span> <span class='ocrx_word' id='word_1_509' title='bbox 2955 767 3112 825; x_wconf 88' lang='lat' dir='ltr'><strong>caput</strong></span> <span class='ocrx_word' id='word_1_510' title='bbox 3138 759 3313 826; x_wconf 78' lang='lat' dir='ltr'><strong>erigit,</strong></span> <span class='ocrx_word' id='word_1_511' title='bbox 3343 767 3398 811; x_wconf 86' lang='lat' dir='ltr'><strong>et</strong></span> <span class='ocrx_word' id='word_1_512' title='bbox 3421 758 3550 811; x_wconf 79' lang='lat' dir='ltr'><strong>dicit</strong></span> <span class='ocrx_word' id='word_1_513' title='bbox 3582 775 3596 810; x_wconf 88' lang='lat'><strong>:</strong></span> <span class='ocrx_word' id='word_1_514' title='bbox 3630 759 3766 814; x_wconf 82' lang='lat' dir='ltr'><strong>Ecce</strong></span> 
     </span>
    </p>
   </div>
   <div class='ocr_carea' id='block_1_68' title="bbox 2177 844 3764 918">
    <p class='ocr_par' dir='ltr' id='par_1_68' title="bbox 2177 844 3764 918">
     <span class='ocr_line' id='line_1_68' title="bbox 2177 844 3764 918; baseline 0.004 -22"><span class='ocrx_word' id='word_1_515' title='bbox 2177 859 2277 913; x_wconf 77' lang='lat' dir='ltr'><strong>ego</strong></span> <span class='ocrx_word' id='word_1_516' title='bbox 2303 844 2443 908; x_wconf 83' lang='lat' dir='ltr'><strong>vivo,</strong></span> <span class='ocrx_word' id='word_1_517' title='bbox 2474 845 2599 914; x_wconf 82' lang='lat' dir='ltr'><strong>quiti</strong></span> <span class='ocrx_word' id='word_1_518' title='bbox 2629 847 2957 914; x_wconf 80' lang='lat' dir='ltr'><strong>triumphas?</strong></span> <span class='ocrx_word' id='word_1_519' title='bbox 2982 858 3036 901; x_wconf 88' lang='lat' dir='ltr'><strong>et</strong></span> <span class='ocrx_word' id='word_1_520' title='bbox 3067 848 3188 901; x_wconf 83' lang='lat' dir='ltr'><strong>ideo</strong></span> <span class='ocrx_word' id='word_1_521' title='bbox 3229 849 3368 910; x_wconf 88' lang='lat' dir='ltr'><strong>vivo,</strong></span> <span class='ocrx_word' id='word_1_522' title='bbox 3409 853 3532 918; x_wconf 85' lang='lat' dir='ltr'><strong>quia</strong></span> <span class='ocrx_word' id='word_1_523' title='bbox 3577 851 3764 902; x_wconf 81' lang='lat' dir='ltr'><strong>trium-</strong></span> 
     </span>
    </p>
   </div>
   <div class='ocr_carea' id='block_1_69' title="bbox 2179 935 3762 1007">
    <p class='ocr_par' dir='ltr' id='par_1_69' title="bbox 2179 935 3762 1007">
     <span class='ocr_line' id='line_1_69' title="bbox 2179 935 3762 1007; baseline 0.008 -27"><span class='ocrx_word' id='word_1_524' title='bbox 2179 935 2330 1003; x_wconf 82' lang='lat' dir='ltr'><strong>plias.</strong></span> <span class='ocrx_word' id='word_1_525' title='bbox 2359 935 2498 988; x_wconf 81' lang='lat' dir='ltr'><strong>Ante</strong></span> <span class='ocrx_word' id='word_1_526' title='bbox 2521 947 2729 1004; x_wconf 88' lang='lat' dir='ltr'><strong>tempus</strong></span> <span class='ocrx_word' id='word_1_527' title='bbox 2755 937 2897 990; x_wconf 84' lang='lat' dir='ltr'><strong>enim</strong></span> <span class='ocrx_word' id='word_1_528' title='bbox 2926 936 3152 992; x_wconf 63' lang='lat' dir='ltr'><strong>fortasse</strong></span> <span class='ocrx_word' id='word_1_529' title='bbox 3199 938 3265 992; x_wconf 88' lang='lat' dir='ltr'><strong>de</strong></span> <span class='ocrx_word' id='word_1_530' title='bbox 3307 939 3388 992; x_wconf 81' lang='lat' dir='ltr'><strong>illa</strong></span> <span class='ocrx_word' id='word_1_531' title='bbox 3436 941 3586 1007; x_wconf 84' lang='lat' dir='ltr'><strong>quasi</strong></span> <span class='ocrx_word' id='word_1_532' title='bbox 3627 943 3762 992; x_wconf 70' lang='lat' dir='ltr'><strong>victa</strong></span> 
     </span>
    </p>
   </div>
   <div class='ocr_carea' id='block_1_70' title="bbox 2179 1027 3764 1097">
    <p class='ocr_par' dir='ltr' id='par_1_70' title="bbox 2179 1027 3764 1097">
     <span class='ocr_line' id='line_1_70' title="bbox 2179 1027 3764 1097; baseline 0.003 -18"><span class='ocrx_word' id='word_1_533' title='bbox 2179 1027 2505 1096; x_wconf 81' lang='lat' dir='ltr'><strong>triumphare</strong></span> <span class='ocrx_word' id='word_1_534' title='bbox 2535 1027 2783 1090; x_wconf 80' lang='lat' dir='ltr'><strong>delectat,</strong></span> <span class='ocrx_word' id='word_1_535' title='bbox 2833 1045 2953 1082; x_wconf 89' lang='lat' dir='ltr'><strong>cum</strong></span> <span class='ocrx_word' id='word_1_536' title='bbox 2999 1040 3238 1084; x_wconf 66' lang='lat' dir='ltr'><strong>extrema</strong></span> <span class='ocrx_word' id='word_1_537' title='bbox 3281 1031 3396 1097; x_wconf 78' lang='lat' dir='ltr'><strong>ejus</strong></span> <span class='ocrx_word' id='word_1_538' title='bbox 3437 1033 3624 1084; x_wconf 87' lang='lat' dir='ltr'><strong>umbra</strong></span> <span class='ocrx_word' id='word_1_539' title='bbox 3673 1033 3764 1086; x_wconf 89' lang='lat' dir='ltr'><strong>illo</strong></span> 
     </span>
    </p>
   </div>
   <div class='ocr_carea' id='block_1_71' title="bbox 2175 1104 3764 1191">
    <p class='ocr_par' dir='ltr' id='par_1_71' title="bbox 2175 1104 3764 1191">
     <span class='ocr_line' id='line_1_71' title="bbox 2175 1104 3764 1191; baseline 0.003 -19"><span class='ocrx_word' id='word_1_540' title='bbox 2175 1119 2420 1181; x_wconf 86' lang='lat' dir='ltr'><strong>meridie,</strong></span> <span class='ocrx_word' id='word_1_541' title='bbox 2445 1130 2698 1186; x_wconf 85' lang='lat' dir='ltr'><strong>quantum</strong></span> <span class='ocrx_word' id='word_1_542' title='bbox 2731 1121 2980 1183; x_wconf 89' lang='lat' dir='ltr'><strong>arbitror,</strong></span> <span class='ocrx_word' id='word_1_543' title='bbox 3025 1122 3397 1175; x_wconf 85' lang='lat' dir='ltr'><strong>absorbebitur</strong></span> <span class='ocrx_word' id='word_1_544' title='bbox 3425 1140 3437 1174; x_wconf 88' lang='lat'>:</span> <span class='ocrx_word' id='word_1_545' title='bbox 3467 1104 3553 1191; x_wconf 85' lang='lat' dir='ltr'><strong>qui</strong></span> <span class='ocrx_word' id='word_1_546' title='bbox 3597 1125 3764 1176; x_wconf 85' lang='lat' dir='ltr'><strong>meri-</strong></span> 
     </span>
    </p>
   </div>
   <div class='ocr_carea' id='block_1_72' title="bbox 2175 1211 3770 1281">
    <p class='ocr_par' dir='ltr' id='par_1_72' title="bbox 2175 1211 3770 1281">
     <span class='ocr_line' id='line_1_72' title="bbox 2175 1211 3770 1281; baseline 0.001 -17"><span class='ocrx_word' id='word_1_547' title='bbox 2175 1211 2290 1266; x_wconf 88' lang='lat' dir='ltr'><strong>dies</strong></span> <span class='ocrx_word' id='word_1_548' title='bbox 2314 1211 2583 1280; x_wconf 81' lang='lat' dir='ltr'><strong>Seriptura</strong></span> <span class='ocrx_word' id='word_1_549' title='bbox 2609 1212 2819 1267; x_wconf 82' lang='lat' dir='ltr'><strong>dicente</strong></span> <span class='ocrx_word' id='word_1_550' title='bbox 2859 1215 3203 1281; x_wconf 83' lang='lat' dir='ltr'><strong>promittitur,</strong></span> <span class='ocrx_word' id='word_1_551' title='bbox 3235 1213 3299 1265; x_wconf 84' lang='lat' dir='ltr'><strong>Et</strong></span> <span class='ocrx_word' id='word_1_552' title='bbox 3325 1215 3498 1266; x_wconf 80' lang='lat' dir='ltr'><strong>educet</strong></span> <span class='ocrx_word' id='word_1_553' title='bbox 3525 1215 3653 1267; x_wconf 86' lang='lat' dir='ltr'><strong>sicut</strong></span> <span class='ocrx_word' id='word_1_554' title='bbox 3685 1214 3770 1266; x_wconf 82' lang='lat' dir='ltr'><strong>lu-</strong></span> 
     </span>
    </p>
   </div>
   <div class='ocr_carea' id='block_1_73' title="bbox 2175 1305 3767 1376">
    <p class='ocr_par' dir='ltr' id='par_1_73' title="bbox 2175 1305 3767 1376">
     <span class='ocr_line' id='line_1_73' title="bbox 2175 1305 3767 1376; baseline 0.002 -19"><span class='ocrx_word' id='word_1_555' title='bbox 2175 1321 2286 1358; x_wconf 84' lang='lat' dir='ltr'><strong>men</strong></span> <span class='ocrx_word' id='word_1_556' title='bbox 2301 1305 2556 1374; x_wconf 80' lang='lat' dir='ltr'><strong>justitiam</strong></span> <span class='ocrx_word' id='word_1_557' title='bbox 2578 1317 2737 1369; x_wconf 90' lang='lat' dir='ltr'><strong>tuam,</strong></span> <span class='ocrx_word' id='word_1_558' title='bbox 2767 1316 2814 1358; x_wconf 89' lang='lat' dir='ltr'><strong>et</strong></span> <span class='ocrx_word' id='word_1_559' title='bbox 2828 1307 3084 1376; x_wconf 85' lang='lat' dir='ltr'><strong>judicium</strong></span> <span class='ocrx_word' id='word_1_560' title='bbox 3115 1317 3255 1358; x_wconf 90' lang='lat' dir='ltr'><strong>tuum</strong></span> <span class='ocrx_word' id='word_1_561' title='bbox 3288 1307 3418 1360; x_wconf 88' lang='lat' dir='ltr'><strong>sicut</strong></span> <span class='ocrx_word' id='word_1_562' title='bbox 3451 1307 3712 1360; x_wconf 86' lang='lat' dir='ltr'><strong>meridiem</strong></span> <span class='ocrx_word' id='word_1_563' title='bbox 3743 1321 3767 1360; x_wconf 90' lang='lat'><strong><em>:</em></strong></span> 
     </span>
    </p>
   </div>
   <div class='ocr_carea' id='block_1_74' title="bbox 2174 1398 3764 1471">
    <p class='ocr_par' dir='ltr' id='par_1_74' title="bbox 2174 1398 3764 1471">
     <span class='ocr_line' id='line_1_74' title="bbox 2174 1398 3764 1471; baseline -0.001 -17"><span class='ocrx_word' id='word_1_564' title='bbox 2174 1401 2217 1455; x_wconf 89' lang='lat' dir='ltr'><strong>si</strong></span> <span class='ocrx_word' id='word_1_565' title='bbox 2249 1401 2338 1454; x_wconf 79' lang='lat' dir='ltr'><strong>iiut</strong></span> <span class='ocrx_word' id='word_1_566' title='bbox 2362 1401 2504 1471; x_wconf 90' lang='lat' dir='ltr'><strong>quod</strong></span> <span class='ocrx_word' id='word_1_567' title='bbox 2535 1417 2691 1470; x_wconf 82' lang='lat' dir='ltr'><strong>supra</strong></span> <span class='ocrx_word' id='word_1_568' title='bbox 2734 1402 2986 1469; x_wconf 83' lang='lat' dir='ltr'><strong>scriptum</strong></span> <span class='ocrx_word' id='word_1_569' title='bbox 3015 1410 3120 1465; x_wconf 88' lang='lat' dir='ltr'><strong>est,</strong></span> <span class='ocrx_word' id='word_1_570' title='bbox 3163 1399 3350 1454; x_wconf 63' lang='lat' dir='ltr'><strong>Revela</strong></span> <span class='ocrx_word' id='word_1_571' title='bbox 3389 1401 3456 1452; x_wconf 86' lang='lat' dir='ltr'><strong>ad</strong></span> <span class='ocrx_word' id='word_1_572' title='bbox 3488 1398 3764 1452; x_wconf 77' lang='lat' dir='ltr'><strong>Dominum</strong></span> 
     </span>
    </p>
   </div>
   <div class='ocr_carea' id='block_1_75' title="bbox 2173 1491 3759 1561">
    <p class='ocr_par' dir='ltr' id='par_1_75' title="bbox 2173 1491 3759 1561">
     <span class='ocr_line' id='line_1_75' title="bbox 2173 1491 3759 1561; baseline 0.001 -17"><span class='ocrx_word' id='word_1_573' title='bbox 2173 1493 2303 1546; x_wconf 82' lang='lat' dir='ltr'><strong>viam</strong></span> <span class='ocrx_word' id='word_1_574' title='bbox 2330 1507 2489 1559; x_wconf 89' lang='lat' dir='ltr'><strong>tuam,</strong></span> <span class='ocrx_word' id='word_1_575' title='bbox 2521 1501 2567 1546; x_wconf 88' lang='lat' dir='ltr'><strong>et</strong></span> <span class='ocrx_word' id='word_1_576' title='bbox 2591 1509 2740 1560; x_wconf 88' lang='lat' dir='ltr'><strong>spera</strong></span> <span class='ocrx_word' id='word_1_577' title='bbox 2766 1493 2974 1556; x_wconf 62' lang='lat' dir='ltr'><strong>incum;</strong></span> <span class='ocrx_word' id='word_1_578' title='bbox 2995 1503 3040 1546; x_wconf 87' lang='lat' dir='ltr'><strong>et</strong></span> <span class='ocrx_word' id='word_1_579' title='bbox 3061 1493 3168 1556; x_wconf 81' lang='lat' dir='ltr'><strong>ipse</strong></span> <span class='ocrx_word' id='word_1_580' title='bbox 3189 1493 3336 1560; x_wconf 77' lang='lat' dir='ltr'><strong>faciet</strong></span> <span class='ocrx_word' id='word_1_581' title='bbox 3363 1491 3533 1561; x_wconf 76' lang='lat' dir='ltr'><strong>(Psal.</strong></span> <span class='ocrx_word' id='word_1_582' title='bbox 3567 1507 3759 1556; x_wconf 74' lang='lat' dir='ltr'><strong>xxxvl,</strong></span> 
     </span>
    </p>
   </div>
   <div class='ocr_carea' id='block_1_76' title="bbox 2173 1582 3759 1656">
    <p class='ocr_par' dir='ltr' id='par_1_76' title="bbox 2173 1582 3759 1656">
     <span class='ocr_line' id='line_1_76' title="bbox 2173 1582 3759 1656; baseline -0.003 -18"><span class='ocrx_word' id='word_1_583' title='bbox 2173 1584 2226 1648; x_wconf 89' lang='lat'><strong>6,</strong></span> <span class='ocrx_word' id='word_1_584' title='bbox 2255 1585 2310 1656; x_wconf 83' lang='lat'><strong>5)</strong></span> <span class='ocrx_word' id='word_1_585' title='bbox 2341 1601 2354 1638; x_wconf 91' lang='lat'><strong>:</strong></span> <span class='ocrx_word' id='word_1_586' title='bbox 2385 1600 2487 1638; x_wconf 89' lang='lat' dir='ltr'><strong>non</strong></span> <span class='ocrx_word' id='word_1_587' title='bbox 2521 1585 2656 1638; x_wconf 81' lang='lat' dir='ltr'><strong>sicut</strong></span> <span class='ocrx_word' id='word_1_588' title='bbox 2681 1585 2892 1654; x_wconf 87' lang='lat' dir='ltr'><strong>quidam</strong></span> <span class='ocrx_word' id='word_1_589' title='bbox 2923 1593 3125 1654; x_wconf 88' lang='lat' dir='ltr'><strong>putant,</strong></span> <span class='ocrx_word' id='word_1_590' title='bbox 3152 1585 3292 1654; x_wconf 87' lang='lat' dir='ltr'><strong>quod</strong></span> <span class='ocrx_word' id='word_1_591' title='bbox 3318 1586 3412 1652; x_wconf 87' lang='lat' dir='ltr'><strong>ipsi</strong></span> <span class='ocrx_word' id='word_1_592' title='bbox 3443 1583 3656 1638; x_wconf 79' lang='lat' dir='ltr'><strong>faciant.</strong></span> <span class='ocrx_word' id='word_1_593' title='bbox 3679 1582 3759 1654; x_wconf 89' lang='lat' dir='ltr'><strong>(a)</strong></span> 
     </span>
    </p>
   </div>
   <div class='ocr_carea' id='block_1_77' title="bbox 2172 1675 3759 1745">
    <p class='ocr_par' dir='ltr' id='par_1_77' title="bbox 2172 1675 3759 1745">
     <span class='ocr_line' id='line_1_77' title="bbox 2172 1675 3759 1745; baseline -0.002 -14"><span class='ocrx_word' id='word_1_594' title='bbox 2172 1676 2355 1731; x_wconf 87' lang='lat' dir='ltr'><strong>Nullos</strong></span> <span class='ocrx_word' id='word_1_595' title='bbox 2383 1677 2524 1730; x_wconf 86' lang='lat' dir='ltr'><strong>enim</strong></span> <span class='ocrx_word' id='word_1_596' title='bbox 2549 1678 2756 1730; x_wconf 87' lang='lat' dir='ltr'><strong>videtur</strong></span> <span class='ocrx_word' id='word_1_597' title='bbox 2785 1677 3046 1730; x_wconf 87' lang='lat' dir='ltr'><strong>atlendiss</strong></span> <span class='ocrx_word' id='word_1_598' title='bbox 3066 1696 3098 1742; x_wconf 87' lang='grc'>·,</span> <span class='ocrx_word' id='word_1_599' title='bbox 3129 1692 3250 1730; x_wconf 84' lang='lat' dir='ltr'><strong>eum</strong></span> <span class='ocrx_word' id='word_1_600' title='bbox 3277 1677 3429 1740; x_wconf 81' lang='lat' dir='ltr'><strong>dixit,</strong></span> <span class='ocrx_word' id='word_1_601' title='bbox 3461 1675 3526 1728; x_wconf 81' lang='lat' dir='ltr'><strong>Et</strong></span> <span class='ocrx_word' id='word_1_602' title='bbox 3551 1679 3661 1744; x_wconf 83' lang='lat' dir='ltr'><strong>ipse</strong></span> <span class='ocrx_word' id='word_1_603' title='bbox 3677 1681 3759 1745; x_wconf 81' lang='lat' dir='ltr'><strong>[a-</strong></span> 
     </span>
    </p>
   </div>
   <div class='ocr_carea' id='block_1_78' title="bbox 2171 1767 3760 1838">
    <p class='ocr_par' dir='ltr' id='par_1_78' title="bbox 2171 1767 3760 1838">
     <span class='ocr_line' id='line_1_78' title="bbox 2171 1767 3760 1838; baseline -0.001 -16"><span class='ocrx_word' id='word_1_604' title='bbox 2171 1771 2304 1833; x_wconf 85' lang='lat' dir='ltr'><strong>ciet;</strong></span> <span class='ocrx_word' id='word_1_605' title='bbox 2330 1769 2428 1822; x_wconf 88' lang='lat' dir='ltr'><strong>nisi</strong></span> <span class='ocrx_word' id='word_1_606' title='bbox 2471 1785 2565 1824; x_wconf 90' lang='lat' dir='ltr'><strong>eos</strong></span> <span class='ocrx_word' id='word_1_607' title='bbox 2607 1769 2694 1838; x_wconf 89' lang='lat' dir='ltr'><strong>qui</strong></span> <span class='ocrx_word' id='word_1_608' title='bbox 2727 1769 2931 1834; x_wconf 88' lang='lat' dir='ltr'><strong>dicunt,</strong></span> <span class='ocrx_word' id='word_1_609' title='bbox 2982 1768 3089 1822; x_wconf 83' lang='lat' dir='ltr'><strong>Nos</strong></span> <span class='ocrx_word' id='word_1_610' title='bbox 3135 1769 3377 1830; x_wconf 82' lang='lat' dir='ltr'><strong>facimus,</strong></span> <span class='ocrx_word' id='word_1_611' title='bbox 3425 1767 3474 1820; x_wconf 89' lang='lat' dir='ltr'><strong>id</strong></span> <span class='ocrx_word' id='word_1_612' title='bbox 3509 1777 3612 1828; x_wconf 86' lang='lat' dir='ltr'><strong>est,</strong></span> <span class='ocrx_word' id='word_1_613' title='bbox 3659 1782 3760 1821; x_wconf 91' lang='lat' dir='ltr'><strong>nos</strong></span> 
     </span>
    </p>
   </div>
   <div class='ocr_carea' id='block_1_79' title="bbox 2173 1860 3759 1931">
    <p class='ocr_par' dir='ltr' id='par_1_79' title="bbox 2173 1860 3759 1931">
     <span class='ocr_line' id='line_1_79' title="bbox 2173 1860 3759 1931; baseline 0 -15"><span class='ocrx_word' id='word_1_614' title='bbox 2173 1861 2272 1929; x_wconf 85' lang='lat' dir='ltr'><strong>ipsi</strong></span> <span class='ocrx_word' id='word_1_615' title='bbox 2299 1877 2396 1915; x_wconf 89' lang='lat' dir='ltr'><strong>nos</strong></span> <span class='ocrx_word' id='word_1_616' title='bbox 2423 1860 2957 1930; x_wconf 79' lang='lat' dir='ltr'><strong>ipsosjnstilicamus.</strong></span> <span class='ocrx_word' id='word_1_617' title='bbox 2982 1861 3079 1916; x_wconf 90' lang='lat' dir='ltr'><strong>Ubi</strong></span> <span class='ocrx_word' id='word_1_618' title='bbox 3118 1860 3332 1931; x_wconf 86' lang='lat' dir='ltr'><strong>quidem</strong></span> <span class='ocrx_word' id='word_1_619' title='bbox 3376 1876 3661 1931; x_wconf 75' lang='lat' dir='ltr'><strong>operantur</strong></span> <span class='ocrx_word' id='word_1_620' title='bbox 3702 1871 3759 1916; x_wconf 86' lang='lat' dir='ltr'><strong>et</strong></span> 
     </span>
    </p>
   </div>
   <div class='ocr_carea' id='block_1_80' title="bbox 2171 1953 3757 2022">
    <p class='ocr_par' dir='ltr' id='par_1_80' title="bbox 2171 1953 3757 2022">
     <span class='ocr_line' id='line_1_80' title="bbox 2171 1953 3757 2022; baseline 0 -15"><span class='ocrx_word' id='word_1_621' title='bbox 2171 1967 2271 2008; x_wconf 89' lang='lat' dir='ltr'><strong>nos</strong></span> <span class='ocrx_word' id='word_1_622' title='bbox 2303 1970 2316 2005; x_wconf 90' lang='lat'><strong>:</strong></span> <span class='ocrx_word' id='word_1_623' title='bbox 2349 1954 2442 2007; x_wconf 87' lang='lat' dir='ltr'><strong>sed</strong></span> <span class='ocrx_word' id='word_1_624' title='bbox 2471 1953 2561 2006; x_wconf 89' lang='lat' dir='ltr'><strong>illo</strong></span> <span class='ocrx_word' id='word_1_625' title='bbox 2586 1967 2840 2019; x_wconf 86' lang='lat' dir='ltr'><strong>operante</strong></span> <span class='ocrx_word' id='word_1_626' title='bbox 2867 1969 3238 2022; x_wconf 89' lang='lat' dir='ltr'><strong>coopermnur,</strong></span> <span class='ocrx_word' id='word_1_627' title='bbox 3283 1953 3406 2022; x_wconf 92' lang='lat' dir='ltr'><strong>quia</strong></span> <span class='ocrx_word' id='word_1_628' title='bbox 3449 1953 3757 2007; x_wconf 62' lang='grc' dir='ltr'><strong>ιιιίμει-ἰεοτ·</strong></span> 
     </span>
    </p>
   </div>
   <div class='ocr_carea' id='block_1_81' title="bbox 2170 2044 3753 2126">
    <p class='ocr_par' dir='ltr' id='par_1_81' title="bbox 2170 2044 3753 2126">
     <span class='ocr_line' id='line_1_81' title="bbox 2170 2044 3753 2126; baseline -0.002 -27"><span class='ocrx_word' id='word_1_629' title='bbox 2170 2044 2256 2100; x_wconf 87' lang='lat' dir='ltr'><strong>dia</strong></span> <span class='ocrx_word' id='word_1_630' title='bbox 2282 2046 2397 2114; x_wconf 83' lang='lat' dir='ltr'><strong>ejus</strong></span> <span class='ocrx_word' id='word_1_631' title='bbox 2439 2047 2828 2114; x_wconf 73' lang='lat' dir='ltr'><strong>prmvenitnos.</strong></span> <span class='ocrx_word' id='word_1_632' title='bbox 2868 2046 3129 2100; x_wconf 67' lang='lat' dir='ltr'><strong>Praevenit</strong></span> <span class='ocrx_word' id='word_1_633' title='bbox 3171 2055 3348 2099; x_wconf 87' lang='lat' dir='ltr'><strong>autem</strong></span> <span class='ocrx_word' id='word_1_634' title='bbox 3389 2053 3753 2126; x_wconf 54' lang='lat' dir='ltr'><strong>[ll/Stttlt‘llllll‘,</strong></span> 
     </span>
    </p>
   </div>
   <div class='ocr_carea' id='block_1_82' title="bbox 2169 2135 3750 2207">
    <p class='ocr_par' dir='ltr' id='par_1_82' title="bbox 2169 2135 3750 2207">
     <span class='ocr_line' id='line_1_82' title="bbox 2169 2135 3750 2207; baseline -0.001 -19"><span class='ocrx_word' id='word_1_635' title='bbox 2169 2137 2290 2207; x_wconf 89' lang='lat' dir='ltr'><strong>quia</strong></span> <span class='ocrx_word' id='word_1_636' title='bbox 2333 2147 2387 2190; x_wconf 92' lang='lat' dir='ltr'><strong>ct</strong></span> <span class='ocrx_word' id='word_1_637' title='bbox 2439 2137 2794 2206; x_wconf 72' lang='lat' dir='ltr'><strong>subqunelur</strong></span> <span class='ocrx_word' id='word_1_638' title='bbox 2825 2137 2841 2169; x_wconf 77' lang='grc'>⁸</span> <span class='ocrx_word' id='word_1_639' title='bbox 2870 2145 2928 2190; x_wconf 86' lang='grc' dir='ltr'><strong>ιιι</strong></span> <span class='ocrx_word' id='word_1_640' title='bbox 2966 2137 3124 2191; x_wconf 86' lang='lat' dir='ltr'><strong>cti:nn</strong></span> <span class='ocrx_word' id='word_1_641' title='bbox 3187 2135 3354 2190; x_wconf 78' lang='lat' dir='ltr'><strong>sanati</strong></span> <span class='ocrx_word' id='word_1_642' title='bbox 3405 2144 3750 2204; x_wconf 82' lang='lat' dir='ltr'><strong>vegetemur:</strong></span> 
     </span>
    </p>
   </div>
   <div class='ocr_carea' id='block_1_83' title="bbox 2170 2225 3751 2297">
    <p class='ocr_par' dir='ltr' id='par_1_83' title="bbox 2170 2225 3751 2297">
     <span class='ocr_line' id='line_1_83' title="bbox 2170 2225 3751 2297; baseline -0.001 -17"><span class='ocrx_word' id='word_1_643' title='bbox 2170 2227 2506 2297; x_wconf 61' lang='lat' dir='ltr'><strong>pratveuitut</strong></span> <span class='ocrx_word' id='word_1_644' title='bbox 2531 2242 2804 2291; x_wconf 85' lang='lat' dir='ltr'><strong>vocemur,</strong></span> <span class='ocrx_word' id='word_1_645' title='bbox 2855 2228 3211 2294; x_wconf 85' lang='lat' dir='ltr'><strong>subsequetur</strong></span> <span class='ocrx_word' id='word_1_646' title='bbox 3259 2233 3315 2279; x_wconf 89' lang='grc' dir='ltr'><strong>ιιι</strong></span> <span class='ocrx_word' id='word_1_647' title='bbox 3349 2225 3751 2296; x_wconf 78' lang='lat' dir='ltr'><strong>gloriﬁcemur:</strong></span> 
     </span>
    </p>
   </div>
   <div class='ocr_carea' id='block_1_84' title="bbox 2171 2311 3753 2386">
    <p class='ocr_par' dir='ltr' id='par_1_84' title="bbox 2171 2311 3753 2386">
     <span class='ocr_line' id='line_1_84' title="bbox 2171 2311 3753 2386; baseline -0.004 -16"><span class='ocrx_word' id='word_1_648' title='bbox 2171 2316 2428 2386; x_wconf 68' lang='lat' dir='ltr'><strong>prtevenit</strong></span> <span class='ocrx_word' id='word_1_649' title='bbox 2457 2326 2513 2369; x_wconf 89' lang='lat' dir='ltr'><strong>ut</strong></span> <span class='ocrx_word' id='word_1_650' title='bbox 2555 2317 2637 2386; x_wconf 90' lang='lat' dir='ltr'><strong>pie</strong></span> <span class='ocrx_word' id='word_1_651' title='bbox 2676 2316 2936 2382; x_wconf 68' lang='lat' dir='ltr'><strong>vivamus,</strong></span> <span class='ocrx_word' id='word_1_652' title='bbox 2981 2316 3332 2384; x_wconf 74' lang='lat' dir='ltr'><strong>subsequetur</strong></span> <span class='ocrx_word' id='word_1_653' title='bbox 3376 2324 3434 2368; x_wconf 91' lang='lat' dir='ltr'><strong>ut</strong></span> <span class='ocrx_word' id='word_1_654' title='bbox 3485 2329 3606 2367; x_wconf 90' lang='lat' dir='ltr'><strong>cum</strong></span> <span class='ocrx_word' id='word_1_655' title='bbox 3659 2311 3753 2366; x_wconf 90' lang='lat' dir='ltr'><strong>illo</strong></span> 
     </span>
    </p>
   </div>
   <div class='ocr_carea' id='block_1_85' title="bbox 2169 2402 3754 2475">
    <p class='ocr_par' dir='ltr' id='par_1_85' title="bbox 2169 2402 3754 2475">
     <span class='ocr_line' id='line_1_85' title="bbox 2169 2402 3754 2475; baseline -0.003 -15"><span class='ocrx_word' id='word_1_656' title='bbox 2169 2421 2382 2475; x_wconf 89' lang='lat' dir='ltr'><strong>semper</strong></span> <span class='ocrx_word' id='word_1_657' title='bbox 2407 2408 2648 2461; x_wconf 87' lang='lat' dir='ltr'><strong>vivamus</strong></span> <span class='ocrx_word' id='word_1_658' title='bbox 2679 2424 2692 2459; x_wconf 89' lang='lat'><strong>:</strong></span> <span class='ocrx_word' id='word_1_659' title='bbox 2725 2407 2846 2475; x_wconf 85' lang='lat' dir='ltr'><strong>quia</strong></span> <span class='ocrx_word' id='word_1_660' title='bbox 2877 2407 2992 2460; x_wconf 88' lang='lat' dir='ltr'><strong>sine</strong></span> <span class='ocrx_word' id='word_1_661' title='bbox 3044 2405 3132 2459; x_wconf 90' lang='lat' dir='ltr'><strong>illo</strong></span> <span class='ocrx_word' id='word_1_662' title='bbox 3173 2405 3304 2458; x_wconf 85' lang='lat' dir='ltr'><strong>nihil</strong></span> <span class='ocrx_word' id='word_1_663' title='bbox 3352 2418 3635 2474; x_wconf 88' lang='lat' dir='ltr'><strong>possumus</strong></span> <span class='ocrx_word' id='word_1_664' title='bbox 3677 2402 3754 2456; x_wconf 81' lang='lat' dir='ltr'><strong>fa-</strong></span> 
     </span>
    </p>
   </div>
   <div class='ocr_carea' id='block_1_86' title="bbox 2167 2497 3749 2569">
    <p class='ocr_par' dir='ltr' id='par_1_86' title="bbox 2167 2497 3749 2569">
     <span class='ocr_line' id='line_1_86' title="bbox 2167 2497 3749 2569; baseline -0.002 -16"><span class='ocrx_word' id='word_1_665' title='bbox 2167 2512 2290 2553; x_wconf 85' lang='lat' dir='ltr'><strong>cere</strong></span> <span class='ocrx_word' id='word_1_666' title='bbox 2315 2497 2489 2569; x_wconf 74' lang='lat' dir='ltr'><strong>(Joan.</strong></span> <span class='ocrx_word' id='word_1_667' title='bbox 2518 2513 2608 2562; x_wconf 74' lang='lat' dir='ltr'><strong>xv,</strong></span> <span class='ocrx_word' id='word_1_668' title='bbox 2636 2498 2708 2568; x_wconf 85' lang='lat'><strong>5).</strong></span> <span class='ocrx_word' id='word_1_669' title='bbox 2739 2497 3031 2566; x_wconf 87' lang='lat' dir='ltr'><strong>Utrumque</strong></span> <span class='ocrx_word' id='word_1_670' title='bbox 3061 2497 3201 2551; x_wconf 90' lang='lat' dir='ltr'><strong>enim</strong></span> <span class='ocrx_word' id='word_1_671' title='bbox 3231 2497 3482 2562; x_wconf 82' lang='lat' dir='ltr'><strong>scriptum</strong></span> <span class='ocrx_word' id='word_1_672' title='bbox 3509 2505 3591 2549; x_wconf 89' lang='lat' dir='ltr'><strong>est</strong></span> <span class='ocrx_word' id='word_1_673' title='bbox 3620 2513 3633 2548; x_wconf 91' lang='lat'>:</span> <span class='ocrx_word' id='word_1_674' title='bbox 3658 2503 3749 2558; x_wconf 87' lang='lat' dir='ltr'><strong>ct.</strong></span> 
     </span>
    </p>
   </div>
   <div class='ocr_carea' id='block_1_87' title="bbox 2167 2584 3748 2657">
    <p class='ocr_par' dir='ltr' id='par_1_87' title="bbox 2167 2584 3748 2657">
     <span class='ocr_line' id='line_1_87' title="bbox 2167 2584 3748 2657; baseline -0.003 -15"><span class='ocrx_word' id='word_1_675' title='bbox 2167 2585 2306 2642; x_wconf 82' lang='lat' dir='ltr'><strong>Deus</strong></span> <span class='ocrx_word' id='word_1_676' title='bbox 2358 2603 2517 2654; x_wconf 86' lang='lat' dir='ltr'><strong>meus,</strong></span> <span class='ocrx_word' id='word_1_677' title='bbox 2571 2587 2912 2640; x_wconf 83' lang='lat' dir='ltr'><strong>misericordia</strong></span> <span class='ocrx_word' id='word_1_678' title='bbox 2954 2589 3064 2656; x_wconf 81' lang='lat' dir='ltr'><strong>ejus</strong></span> <span class='ocrx_word' id='word_1_679' title='bbox 3116 2587 3380 2654; x_wconf 68' lang='lat' dir='ltr'><strong>praeveniet</strong></span> <span class='ocrx_word' id='word_1_680' title='bbox 3428 2603 3506 2639; x_wconf 88' lang='lat' dir='ltr'><strong>me</strong></span> <span class='ocrx_word' id='word_1_681' title='bbox 3556 2584 3748 2657; x_wconf 83' lang='lat' dir='ltr'><strong>(Psal.</strong></span> 
     </span>
    </p>
   </div>
   <div class='ocr_carea' id='block_1_88' title="bbox 2167 2679 3754 2750">
    <p class='ocr_par' dir='ltr' id='par_1_88' title="bbox 2167 2679 3754 2750">
     <span class='ocr_line' id='line_1_88' title="bbox 2167 2679 3754 2750; baseline -0.004 -12"><span class='ocrx_word' id='word_1_682' title='bbox 2167 2696 2312 2748; x_wconf 78' lang='grc' dir='ltr'>ινιιι,</span> <span class='ocrx_word' id='word_1_683' title='bbox 2347 2681 2459 2750; x_wconf 79' lang='lat' dir='ltr'><strong>ll);</strong></span> <span class='ocrx_word' id='word_1_684' title='bbox 2505 2689 2560 2736; x_wconf 89' lang='lat' dir='ltr'><strong>et</strong></span> <span class='ocrx_word' id='word_1_685' title='bbox 2611 2679 2965 2734; x_wconf 79' lang='lat' dir='ltr'><strong>Misericordia</strong></span> <span class='ocrx_word' id='word_1_686' title='bbox 3011 2692 3098 2732; x_wconf 87' lang='lat' dir='ltr'><strong>tua</strong></span> <span class='ocrx_word' id='word_1_687' title='bbox 3153 2681 3476 2749; x_wconf 76' lang='lat' dir='ltr'><strong>subsequetnr</strong></span> <span class='ocrx_word' id='word_1_688' title='bbox 3529 2694 3607 2731; x_wconf 88' lang='lat' dir='ltr'><strong>me</strong></span> <span class='ocrx_word' id='word_1_689' title='bbox 3659 2694 3754 2748; x_wconf 84' lang='lat' dir='ltr'><strong>per</strong></span> 
     </span>
    </p>
   </div>
   <div class='ocr_carea' id='block_1_89' title="bbox 2165 2771 3755 2844">
    <p class='ocr_par' dir='ltr' id='par_1_89' title="bbox 2165 2771 3755 2844">
     <span class='ocr_line' id='line_1_89' title="bbox 2165 2771 3755 2844; baseline -0.003 -17"><span class='ocrx_word' id='word_1_690' title='bbox 2165 2789 2338 2828; x_wconf 84' lang='lat' dir='ltr'><strong>omnes</strong></span> <span class='ocrx_word' id='word_1_691' title='bbox 2355 2772 2462 2826; x_wconf 85' lang='lat' dir='ltr'><strong>dies</strong></span> <span class='ocrx_word' id='word_1_692' title='bbox 2486 2773 2600 2827; x_wconf 68' lang='lat' dir='ltr'><strong>vita</strong></span> <span class='ocrx_word' id='word_1_693' title='bbox 2620 2787 2745 2826; x_wconf 67' lang='lat' dir='ltr'><strong>mea:</strong></span> <span class='ocrx_word' id='word_1_694' title='bbox 2784 2771 2951 2844; x_wconf 82' lang='lat' dir='ltr'><strong>(Psal.</strong></span> <span class='ocrx_word' id='word_1_695' title='bbox 2988 2787 3115 2836; x_wconf 67' lang='grc' dir='ltr'>χχιι,</span> <span class='ocrx_word' id='word_1_696' title='bbox 3145 2771 3220 2841; x_wconf 83' lang='grc'><strong>6).</strong></span> <span class='ocrx_word' id='word_1_697' title='bbox 3261 2771 3578 2825; x_wconf 71' lang='lat' dir='ltr'><strong>Revcleaus</strong></span> <span class='ocrx_word' id='word_1_698' title='bbox 3621 2784 3755 2840; x_wconf 76' lang='lat' dir='ltr'><strong>ergo</strong></span> 
     </span>
    </p>
   </div>
   <div class='ocr_carea' id='block_1_90' title="bbox 2162 2861 3752 2927">
    <p class='ocr_par' dir='ltr' id='par_1_90' title="bbox 2162 2861 3752 2927">
     <span class='ocr_line' id='line_1_90' title="bbox 2162 2861 3752 2927; baseline -0.003 -7"><span class='ocrx_word' id='word_1_699' title='bbox 2162 2864 2233 2920; x_wconf 80' lang='lat' dir='ltr'><strong>sd</strong></span> <span class='ocrx_word' id='word_1_700' title='bbox 2257 2879 2380 2918; x_wconf 89' lang='lat' dir='ltr'><strong>eum</strong></span> <span class='ocrx_word' id='word_1_701' title='bbox 2407 2863 2544 2917; x_wconf 84' lang='lat' dir='ltr'><strong>viam</strong></span> <span class='ocrx_word' id='word_1_702' title='bbox 2583 2875 2820 2918; x_wconf 87' lang='lat' dir='ltr'><strong>nostram</strong></span> <span class='ocrx_word' id='word_1_703' title='bbox 2870 2861 3226 2927; x_wconf 79' lang='lat' dir='ltr'><strong>confessione,</strong></span> <span class='ocrx_word' id='word_1_704' title='bbox 3279 2877 3385 2916; x_wconf 82' lang='lat' dir='ltr'><strong>non</strong></span> <span class='ocrx_word' id='word_1_705' title='bbox 3434 2861 3752 2916; x_wconf 81' lang='lat' dir='ltr'><strong>defensione</strong></span> 
     </span>
    </p>
   </div>
   <div class='ocr_carea' id='block_1_91' title="bbox 2165 2953 3748 3025">
    <p class='ocr_par' dir='ltr' id='par_1_91' title="bbox 2165 2953 3748 3025">
     <span class='ocr_line' id='line_1_91' title="bbox 2165 2953 3748 3025; baseline -0.004 -14"><span class='ocrx_word' id='word_1_706' title='bbox 2165 2954 2467 3011; x_wconf 86' lang='lat' dir='ltr'><strong>laudemus.</strong></span> <span class='ocrx_word' id='word_1_707' title='bbox 2521 2953 2576 3011; x_wconf 91' lang='lat' dir='ltr'><strong>Si</strong></span> <span class='ocrx_word' id='word_1_708' title='bbox 2606 2955 2745 3009; x_wconf 89' lang='lat' dir='ltr'><strong>enim</strong></span> <span class='ocrx_word' id='word_1_709' title='bbox 2777 2969 2883 3008; x_wconf 92' lang='lat' dir='ltr'><strong>non</strong></span> <span class='ocrx_word' id='word_1_710' title='bbox 2927 2962 3012 3009; x_wconf 68' lang='lat' dir='ltr'><strong>est</strong></span> <span class='ocrx_word' id='word_1_711' title='bbox 3046 2955 3212 3025; x_wconf 87' lang='lat' dir='ltr'><strong>ipsius</strong></span> <span class='ocrx_word' id='word_1_712' title='bbox 3255 2953 3362 3020; x_wconf 89' lang='lat' dir='ltr'><strong>via,</strong></span> <span class='ocrx_word' id='word_1_713' title='bbox 3407 2953 3500 3008; x_wconf 86' lang='lat' dir='ltr'><strong>sed</strong></span> <span class='ocrx_word' id='word_1_714' title='bbox 3538 2963 3748 3017; x_wconf 85' lang='lat' dir='ltr'><strong>nostra,</strong></span> 
     </span>
    </p>
   </div>
   <div class='ocr_carea' id='block_1_92' title="bbox 2165 3043 3818 3116">
    <p class='ocr_par' dir='ltr' id='par_1_92' title="bbox 2165 3043 3818 3116">
     <span class='ocr_line' id='line_1_92' title="bbox 2165 3043 3818 3116; baseline -0.004 -16"><span class='ocrx_word' id='word_1_715' title='bbox 2165 3046 2533 3116; x_wconf 88' lang='lat' dir='ltr'><strong>proculdubio</strong></span> <span class='ocrx_word' id='word_1_716' title='bbox 2580 3055 2796 3100; x_wconf 83' lang='lat' dir='ltr'><strong>nonest</strong></span> <span class='ocrx_word' id='word_1_717' title='bbox 2851 3054 3015 3099; x_wconf 86' lang='lat' dir='ltr'><strong>recta.</strong></span> <span class='ocrx_word' id='word_1_718' title='bbox 3063 3045 3378 3099; x_wconf 78' lang='lat' dir='ltr'><strong>ltevelennis</strong></span> <span class='ocrx_word' id='word_1_719' title='bbox 3425 3059 3540 3098; x_wconf 88' lang='lat' dir='ltr'><strong>eam</strong></span> <span class='ocrx_word' id='word_1_720' title='bbox 3583 3043 3751 3096; x_wconf 78' lang='lat' dir='ltr'><strong>conli—</strong></span> <span class='ocrx_word' id='word_1_721' title='bbox 3801 3075 3818 3086; x_wconf 64' lang='grc' dir='ltr'><em>ο</em></span> 
     </span>
    </p>
   </div>
   <div class='ocr_carea' id='block_1_93' title="bbox 2163 3139 3746 3208">
    <p class='ocr_par' dir='ltr' id='par_1_93' title="bbox 2163 3139 3746 3208">
     <span class='ocr_line' id='line_1_93' title="bbox 2163 3139 3746 3208; baseline -0.003 -15"><span class='ocrx_word' id='word_1_722' title='bbox 2163 3139 2360 3200; x_wconf 82' lang='lat' dir='ltr'><strong>tendo;</strong></span> <span class='ocrx_word' id='word_1_723' title='bbox 2389 3141 2510 3208; x_wconf 84' lang='lat' dir='ltr'><strong>quia</strong></span> <span class='ocrx_word' id='word_1_724' title='bbox 2540 3155 2645 3192; x_wconf 91' lang='lat' dir='ltr'><strong>non</strong></span> <span class='ocrx_word' id='word_1_725' title='bbox 2672 3153 2794 3193; x_wconf 90' lang='lat' dir='ltr'><strong>eum</strong></span> <span class='ocrx_word' id='word_1_726' title='bbox 2816 3139 2961 3201; x_wconf 87' lang='lat' dir='ltr'><strong>latet,</strong></span> <span class='ocrx_word' id='word_1_727' title='bbox 2997 3139 3204 3193; x_wconf 78' lang='lat' dir='ltr'><strong>etiamsi</strong></span> <span class='ocrx_word' id='word_1_728' title='bbox 3228 3142 3444 3208; x_wconf 80' lang='lat' dir='ltr'><strong>operire</strong></span> <span class='ocrx_word' id='word_1_729' title='bbox 3467 3151 3746 3192; x_wconf 83' lang='lat' dir='ltr'><strong>conemur.</strong></span> 
     </span>
    </p>
   </div>
   <div class='ocr_carea' id='block_1_94' title="bbox 2162 3227 3651 3301">
    <p class='ocr_par' dir='ltr' id='par_1_94' title="bbox 2162 3227 3651 3301">
     <span class='ocr_line' id='line_1_94' title="bbox 2162 3227 3651 3301; baseline 0 -17"><span class='ocrx_word' id='word_1_730' title='bbox 2162 3229 2366 3284; x_wconf 84' lang='lat' dir='ltr'><strong>Bonum</strong></span> <span class='ocrx_word' id='word_1_731' title='bbox 2393 3239 2472 3284; x_wconf 83' lang='lat' dir='ltr'><strong>est</strong></span> <span class='ocrx_word' id='word_1_732' title='bbox 2504 3239 2680 3283; x_wconf 89' lang='lat' dir='ltr'><strong>autem</strong></span> <span class='ocrx_word' id='word_1_733' title='bbox 2705 3230 2946 3284; x_wconf 75' lang='lat' dir='ltr'><strong>confiteri</strong></span> <span class='ocrx_word' id='word_1_734' title='bbox 2982 3231 3206 3282; x_wconf 84' lang='lat' dir='ltr'><strong>Domino</strong></span> <span class='ocrx_word' id='word_1_735' title='bbox 3234 3229 3405 3298; x_wconf 85' lang='lat' dir='ltr'><strong>(Psal.</strong></span> <span class='ocrx_word' id='word_1_736' title='bbox 3438 3245 3542 3294; x_wconf 72' lang='lat' dir='ltr'><strong>XCI,</strong></span> <span class='ocrx_word' id='word_1_737' title='bbox 3571 3227 3651 3301; x_wconf 78' lang='lat'><strong>9.).</strong></span> 
     </span>
    </p>
   </div>
   <div class='ocr_carea' id='block_1_95' title="bbox 2231 3319 3752 3390">
    <p class='ocr_par' dir='ltr' id='par_1_95' title="bbox 2231 3319 3752 3390">
     <span class='ocr_line' id='line_1_95' title="bbox 2231 3319 3752 3390; baseline -0.003 -13"><span class='ocrx_word' id='word_1_738' title='bbox 2231 3320 2458 3377; x_wconf 76' lang='lat' dir='ltr'><strong>CAPUT</strong></span> <span class='ocrx_word' id='word_1_739' title='bbox 2488 3319 2704 3376; x_wconf 73' lang='lat' dir='ltr'><strong>XXXII.</strong></span> <span class='ocrx_word' id='word_1_740' title='bbox 2723 3319 2958 3390; x_wconf 79' lang='lat' dir='ltr'><strong>(b)-—56.</strong></span> <span class='ocrx_word' id='word_1_741' title='bbox 2979 3319 3230 3390; x_wconf 82' lang='lat' dir='ltr'><strong>Superbia</strong></span> <span class='ocrx_word' id='word_1_742' title='bbox 3254 3321 3404 3375; x_wconf 88' lang='lat' dir='ltr'><strong>etiam</strong></span> <span class='ocrx_word' id='word_1_743' title='bbox 3429 3323 3480 3374; x_wconf 85' lang='lat' dir='ltr'><strong>in</strong></span> <span class='ocrx_word' id='word_1_744' title='bbox 3506 3331 3637 3374; x_wconf 81' lang='lat' dir='ltr'><strong>recte</strong></span> <span class='ocrx_word' id='word_1_745' title='bbox 3667 3319 3752 3390; x_wconf 76' lang='lat' dir='ltr'><strong>fa-</strong></span> 
     </span>
    </p>
   </div>
   <div class='ocr_carea' id='block_1_96' title="bbox 2161 3411 3751 3481">
    <p class='ocr_par' dir='ltr' id='par_1_96' title="bbox 2161 3411 3751 3481">
     <span class='ocr_line' id='line_1_96' title="bbox 2161 3411 3751 3481; baseline -0.003 -14"><span class='ocrx_word' id='word_1_746' title='bbox 2161 3413 2254 3468; x_wconf 85' lang='lat' dir='ltr'><strong>ctis</strong></span> <span class='ocrx_word' id='word_1_747' title='bbox 2279 3411 2521 3466; x_wconf 76' lang='lat' dir='ltr'><strong>cavenda.</strong></span> <span class='ocrx_word' id='word_1_748' title='bbox 2549 3411 2784 3466; x_wconf 85' lang='lat' dir='ltr'><strong>Liberum</strong></span> <span class='ocrx_word' id='word_1_749' title='bbox 2808 3413 3069 3465; x_wconf 87' lang='lat' dir='ltr'><strong>arbitrium</strong></span> <span class='ocrx_word' id='word_1_750' title='bbox 3105 3428 3204 3464; x_wconf 90' lang='lat' dir='ltr'><strong>non</strong></span> <span class='ocrx_word' id='word_1_751' title='bbox 3231 3412 3427 3465; x_wconf 81' lang='lat' dir='ltr'><strong>tollitur</strong></span> <span class='ocrx_word' id='word_1_752' title='bbox 3467 3429 3582 3464; x_wconf 89' lang='lat' dir='ltr'><strong>cum</strong></span> <span class='ocrx_word' id='word_1_753' title='bbox 3627 3428 3751 3481; x_wconf 66' lang='grc' dir='ltr'><strong>θνα.</strong></span> 
     </span>
    </p>
   </div>
   <div class='ocr_carea' id='block_1_97' title="bbox 2160 3503 3744 3575">
    <p class='ocr_par' dir='ltr' id='par_1_97' title="bbox 2160 3503 3744 3575">
     <span class='ocr_line' id='line_1_97' title="bbox 2160 3503 3744 3575; baseline -0.003 -15"><span class='ocrx_word' id='word_1_754' title='bbox 2160 3505 2233 3560; x_wconf 82' lang='lat' dir='ltr'><strong>tia</strong></span> <span class='ocrx_word' id='word_1_755' title='bbox 2258 3507 2582 3574; x_wconf 81' lang='lat' dir='ltr'><strong>prtcdicatur.</strong></span> <span class='ocrx_word' id='word_1_756' title='bbox 2613 3503 2686 3557; x_wconf 91' lang='lat' dir='ltr'><strong>lta</strong></span> <span class='ocrx_word' id='word_1_757' title='bbox 2713 3505 2854 3558; x_wconf 87' lang='lat' dir='ltr'><strong>enim</strong></span> <span class='ocrx_word' id='word_1_758' title='bbox 2887 3505 3025 3575; x_wconf 90' lang='lat' dir='ltr'><strong>quod</strong></span> <span class='ocrx_word' id='word_1_759' title='bbox 3071 3505 3119 3559; x_wconf 90' lang='lat' dir='ltr'><strong>ei</strong></span> <span class='ocrx_word' id='word_1_760' title='bbox 3151 3506 3324 3574; x_wconf 76' lang='lat' dir='ltr'><strong>placet</strong></span> <span class='ocrx_word' id='word_1_761' title='bbox 3369 3504 3516 3558; x_wconf 87' lang='lat' dir='ltr'><strong>dabit</strong></span> <span class='ocrx_word' id='word_1_762' title='bbox 3562 3503 3744 3569; x_wconf 88' lang='lat' dir='ltr'><strong>nobis,</strong></span> 
     </span>
    </p>
   </div>
   <div class='ocr_carea' id='block_1_98' title="bbox 2160 3595 3743 3668">
    <p class='ocr_par' dir='ltr' id='par_1_98' title="bbox 2160 3595 3743 3668">
     <span class='ocr_line' id='line_1_98' title="bbox 2160 3595 3743 3668; baseline -0.003 -16"><span class='ocrx_word' id='word_1_763' title='bbox 2160 3597 2206 3652; x_wconf 89' lang='lat' dir='ltr'><strong>si</strong></span> <span class='ocrx_word' id='word_1_764' title='bbox 2254 3596 2394 3668; x_wconf 84' lang='lat' dir='ltr'><strong>quod</strong></span> <span class='ocrx_word' id='word_1_765' title='bbox 2435 3596 2485 3650; x_wconf 89' lang='lat' dir='ltr'><strong>ei</strong></span> <span class='ocrx_word' id='word_1_766' title='bbox 2531 3596 2773 3666; x_wconf 85' lang='lat' dir='ltr'><strong>displicet</strong></span> <span class='ocrx_word' id='word_1_767' title='bbox 2826 3597 2877 3650; x_wconf 92' lang='lat' dir='ltr'><strong>in</strong></span> <span class='ocrx_word' id='word_1_768' title='bbox 2924 3596 3095 3661; x_wconf 85' lang='lat' dir='ltr'><strong>nobis,</strong></span> <span class='ocrx_word' id='word_1_769' title='bbox 3150 3597 3429 3666; x_wconf 72' lang='lat' dir='ltr'><strong>displiceat</strong></span> <span class='ocrx_word' id='word_1_770' title='bbox 3469 3603 3524 3650; x_wconf 85' lang='lat' dir='ltr'><strong>et</strong></span> <span class='ocrx_word' id='word_1_771' title='bbox 3568 3595 3743 3649; x_wconf 89' lang='lat' dir='ltr'><strong>nobis.</strong></span> 
     </span>
    </p>
   </div>
   <div class='ocr_carea' id='block_1_99' title="bbox 2160 3684 3748 3756">
    <p class='ocr_par' dir='ltr' id='par_1_99' title="bbox 2160 3684 3748 3756">
     <span class='ocr_line' id='line_1_99' title="bbox 2160 3684 3748 3756; baseline -0.004 -14"><span class='ocrx_word' id='word_1_772' title='bbox 2160 3687 2398 3754; x_wconf 81' lang='lat' dir='ltr'><strong>Avertet,</strong></span> <span class='ocrx_word' id='word_1_773' title='bbox 2420 3687 2827 3756; x_wconf 87' lang='lat' dir='ltr'><strong>sicntscriptum</strong></span> <span class='ocrx_word' id='word_1_774' title='bbox 2849 3694 2948 3750; x_wconf 91' lang='lat' dir='ltr'><strong>est,</strong></span> <span class='ocrx_word' id='word_1_775' title='bbox 2983 3687 3204 3742; x_wconf 87' lang='lat' dir='ltr'><strong>semitas</strong></span> <span class='ocrx_word' id='word_1_776' title='bbox 3235 3697 3446 3740; x_wconf 79' lang='lat' dir='ltr'><strong>nostras</strong></span> <span class='ocrx_word' id='word_1_777' title='bbox 3487 3700 3515 3738; x_wconf 83' lang='lat' dir='ltr'><strong>a</strong></span> <span class='ocrx_word' id='word_1_778' title='bbox 3543 3684 3625 3738; x_wconf 86' lang='lat' dir='ltr'><strong>via</strong></span> <span class='ocrx_word' id='word_1_779' title='bbox 3648 3699 3748 3738; x_wconf 82' lang='lat' dir='ltr'><strong>sua</strong></span> 
     </span>
    </p>
   </div>
   <div class='ocr_carea' id='block_1_100' title="bbox 2161 3776 3748 3853">
    <p class='ocr_par' dir='ltr' id='par_1_100' title="bbox 2161 3776 3748 3853">
     <span class='ocr_line' id='line_1_100' title="bbox 2161 3776 3748 3853; baseline -0.001 -21"><span class='ocrx_word' id='word_1_780' title='bbox 2161 3776 2332 3853; x_wconf 81' lang='lat' dir='ltr'><strong>(Psal.</strong></span> <span class='ocrx_word' id='word_1_781' title='bbox 2375 3794 2526 3842; x_wconf 76' lang='lat' dir='ltr'><strong>mn,</strong></span> <span class='ocrx_word' id='word_1_782' title='bbox 2559 3777 2672 3850; x_wconf 81' lang='lat' dir='ltr'><strong>l9),</strong></span> <span class='ocrx_word' id='word_1_783' title='bbox 2725 3787 2781 3834; x_wconf 87' lang='lat' dir='ltr'><strong>et</strong></span> <span class='ocrx_word' id='word_1_784' title='bbox 2814 3789 3050 3834; x_wconf 89' lang='lat' dir='ltr'><strong>nostram</strong></span> <span class='ocrx_word' id='word_1_785' title='bbox 3100 3779 3257 3834; x_wconf 80' lang='lat' dir='ltr'><strong>faciet</strong></span> <span class='ocrx_word' id='word_1_786' title='bbox 3321 3794 3440 3832; x_wconf 84' lang='lat' dir='ltr'><strong>esse</strong></span> <span class='ocrx_word' id='word_1_787' title='bbox 3481 3795 3601 3848; x_wconf 70' lang='lat' dir='ltr'><strong>quin</strong></span> <span class='ocrx_word' id='word_1_788' title='bbox 3650 3792 3748 3831; x_wconf 80' lang='lat' dir='ltr'><strong>sua</strong></span> 
     </span>
    </p>
   </div>
   <div class='ocr_carea' id='block_1_101' title="bbox 2159 3868 3744 3940">
    <p class='ocr_par' dir='ltr' id='par_1_101' title="bbox 2159 3868 3744 3940">
     <span class='ocr_line' id='line_1_101' title="bbox 2159 3868 3744 3940; baseline -0.003 -16"><span class='ocrx_word' id='word_1_789' title='bbox 2159 3878 2271 3935; x_wconf 90' lang='lat' dir='ltr'><strong>est;</strong></span> <span class='ocrx_word' id='word_1_790' title='bbox 2302 3870 2552 3940; x_wconf 87' lang='lat' dir='ltr'><strong>quoniam</strong></span> <span class='ocrx_word' id='word_1_791' title='bbox 2582 3870 2648 3924; x_wconf 85' lang='lat' dir='ltr'><strong>ab</strong></span> <span class='ocrx_word' id='word_1_792' title='bbox 2689 3869 2806 3940; x_wconf 91' lang='lat' dir='ltr'><strong>ipso</strong></span> <span class='ocrx_word' id='word_1_793' title='bbox 2839 3869 3103 3939; x_wconf 55' lang='lat' dir='ltr'><strong>praebetur</strong></span> <span class='ocrx_word' id='word_1_794' title='bbox 3129 3868 3466 3924; x_wconf 86' lang='lat' dir='ltr'><strong>credentibus</strong></span> <span class='ocrx_word' id='word_1_795' title='bbox 3495 3868 3547 3923; x_wconf 89' lang='lat' dir='ltr'><strong>in</strong></span> <span class='ocrx_word' id='word_1_796' title='bbox 3597 3883 3744 3934; x_wconf 81' lang='lat' dir='ltr'><strong>eum,</strong></span> 
     </span>
    </p>
   </div>
   <div class='ocr_carea' id='block_1_102' title="bbox 2159 3958 3734 4030">
    <p class='ocr_par' dir='ltr' id='par_1_102' title="bbox 2159 3958 3734 4030">
     <span class='ocr_line' id='line_1_102' title="bbox 2159 3958 3734 4030; baseline -0.003 -14"><span class='ocrx_word' id='word_1_797' title='bbox 2159 3969 2212 4016; x_wconf 85' lang='lat' dir='ltr'><strong>et</strong></span> <span class='ocrx_word' id='word_1_798' title='bbox 2241 3958 2576 4029; x_wconf 87' lang='lat' dir='ltr'><strong>sperantibus</strong></span> <span class='ocrx_word' id='word_1_799' title='bbox 2605 3958 2659 4014; x_wconf 91' lang='lat' dir='ltr'><strong>in</strong></span> <span class='ocrx_word' id='word_1_800' title='bbox 2687 3975 2808 4016; x_wconf 90' lang='lat' dir='ltr'><strong>eum</strong></span> <span class='ocrx_word' id='word_1_801' title='bbox 2832 3971 2890 4014; x_wconf 90' lang='lat' dir='ltr'><strong>ut</strong></span> <span class='ocrx_word' id='word_1_802' title='bbox 2930 3961 3044 4030; x_wconf 90' lang='lat' dir='ltr'><strong>ipse</strong></span> <span class='ocrx_word' id='word_1_803' title='bbox 3087 3961 3261 4014; x_wconf 78' lang='lat' dir='ltr'><strong>faciat.</strong></span> <span class='ocrx_word' id='word_1_804' title='bbox 3311 3959 3426 4029; x_wconf 88' lang='lat' dir='ltr'><strong>Ipsa</strong></span> <span class='ocrx_word' id='word_1_805' title='bbox 3468 3967 3553 4012; x_wconf 91' lang='lat' dir='ltr'><strong>est</strong></span> <span class='ocrx_word' id='word_1_806' title='bbox 3589 3958 3734 4012; x_wconf 87' lang='lat' dir='ltr'><strong>enim</strong></span> 
     </span>
    </p>
   </div>
   <div class='ocr_carea' id='block_1_103' title="bbox 2160 4047 3745 4122">
    <p class='ocr_par' dir='ltr' id='par_1_103' title="bbox 2160 4047 3745 4122">
     <span class='ocr_line' id='line_1_103' title="bbox 2160 4047 3745 4122; baseline -0.003 -17"><span class='ocrx_word' id='word_1_807' title='bbox 2160 4053 2422 4122; x_wconf 85' lang='lat' dir='ltr'><strong>viajnsta,</strong></span> <span class='ocrx_word' id='word_1_808' title='bbox 2453 4068 2611 4122; x_wconf 89' lang='lat' dir='ltr'><strong>quam</strong></span> <span class='ocrx_word' id='word_1_809' title='bbox 2641 4052 2947 4122; x_wconf 84' lang='lat' dir='ltr'><strong>ignorantes</strong></span> <span class='ocrx_word' id='word_1_810' title='bbox 2983 4053 3071 4122; x_wconf 91' lang='lat' dir='ltr'><strong>qui</strong></span> <span class='ocrx_word' id='word_1_811' title='bbox 3099 4052 3260 4106; x_wconf 81' lang='lat' dir='ltr'><strong>zelum</strong></span> <span class='ocrx_word' id='word_1_812' title='bbox 3288 4049 3379 4106; x_wconf 89' lang='lat' dir='ltr'><strong>Dei</strong></span> <span class='ocrx_word' id='word_1_813' title='bbox 3399 4049 3603 4114; x_wconf 86' lang='lat' dir='ltr'><strong>habent,</strong></span> <span class='ocrx_word' id='word_1_814' title='bbox 3652 4047 3745 4102; x_wconf 83' lang='lat' dir='ltr'><strong>sed</strong></span> 
     </span>
    </p>
   </div>
   <div class='ocr_carea' id='block_1_104' title="bbox 2160 4141 3748 4208">
    <p class='ocr_par' dir='ltr' id='par_1_104' title="bbox 2160 4141 3748 4208">
     <span class='ocr_line' id='line_1_104' title="bbox 2160 4141 3748 4208; baseline -0.003 -10"><span class='ocrx_word' id='word_1_815' title='bbox 2160 4161 2259 4198; x_wconf 87' lang='lat' dir='ltr'><strong>non</strong></span> <span class='ocrx_word' id='word_1_816' title='bbox 2283 4143 2558 4200; x_wconf 87' lang='lat' dir='ltr'><strong>secundum</strong></span> <span class='ocrx_word' id='word_1_817' title='bbox 2586 4143 2871 4208; x_wconf 86' lang='lat' dir='ltr'><strong>scientiam;</strong></span> <span class='ocrx_word' id='word_1_818' title='bbox 2914 4151 2962 4197; x_wconf 90' lang='lat' dir='ltr'><strong>et</strong></span> <span class='ocrx_word' id='word_1_819' title='bbox 3005 4160 3147 4197; x_wconf 87' lang='lat' dir='ltr'><strong>suam</strong></span> <span class='ocrx_word' id='word_1_820' title='bbox 3177 4141 3396 4197; x_wconf 80' lang='lat' dir='ltr'><strong>volentes</strong></span> <span class='ocrx_word' id='word_1_821' title='bbox 3447 4142 3748 4195; x_wconf 75' lang='lat' dir='ltr'><strong>constituere</strong></span> 
     </span>
    </p>
   </div>
   <div class='ocr_carea' id='block_1_105' title="bbox 2149 4228 3750 4306">
    <p class='ocr_par' dir='ltr' id='par_1_105' title="bbox 2149 4228 3750 4306">
     <span class='ocr_line' id='line_1_105' title="bbox 2149 4228 3750 4306; baseline -0.004 -19"><span class='ocrx_word' id='word_1_822' title='bbox 2149 4235 2427 4306; x_wconf 86' lang='lat' dir='ltr'><strong>justitiam,</strong></span> <span class='ocrx_word' id='word_1_823' title='bbox 2449 4233 2655 4301; x_wconf 75' lang='lat' dir='ltr'><strong>iustitia:</strong></span> <span class='ocrx_word' id='word_1_824' title='bbox 2695 4231 2788 4286; x_wconf 87' lang='lat' dir='ltr'><strong>Dei</strong></span> <span class='ocrx_word' id='word_1_825' title='bbox 2836 4249 2940 4286; x_wconf 81' lang='lat' dir='ltr'><strong>non</strong></span> <span class='ocrx_word' id='word_1_826' title='bbox 2977 4241 3094 4286; x_wconf 88' lang='lat' dir='ltr'><strong>sunt</strong></span> <span class='ocrx_word' id='word_1_827' title='bbox 3132 4231 3362 4300; x_wconf 85' lang='lat' dir='ltr'><strong>subjecti.</strong></span> <span class='ocrx_word' id='word_1_828' title='bbox 3414 4228 3559 4284; x_wconf 81' lang='lat' dir='ltr'><strong>Finis</strong></span> <span class='ocrx_word' id='word_1_829' title='bbox 3611 4230 3750 4282; x_wconf 86' lang='lat' dir='ltr'><strong>enim</strong></span> 
     </span>
    </p>
   </div>
   <div class='ocr_carea' id='block_1_106' title="bbox 2159 4322 3744 4398">
    <p class='ocr_par' dir='ltr' id='par_1_106' title="bbox 2159 4322 3744 4398">
     <span class='ocr_line' id='line_1_106' title="bbox 2159 4322 3744 4398; baseline -0.003 -18"><span class='ocrx_word' id='word_1_830' title='bbox 2159 4326 2283 4398; x_wconf 85' lang='lat' dir='ltr'><strong>legis</strong></span> <span class='ocrx_word' id='word_1_831' title='bbox 2307 4325 2556 4391; x_wconf 84' lang='lat' dir='ltr'><strong>Christus,</strong></span> <span class='ocrx_word' id='word_1_832' title='bbox 2582 4328 2657 4394; x_wconf 70' lang='lat' dir='ltr'><strong>ad</strong></span> <span class='ocrx_word' id='word_1_833' title='bbox 2691 4324 2950 4394; x_wconf 88' lang='lat' dir='ltr'><strong>justitiam</strong></span> <span class='ocrx_word' id='word_1_834' title='bbox 2997 4324 3134 4378; x_wconf 84' lang='lat' dir='ltr'><strong>omni</strong></span> <span class='ocrx_word' id='word_1_835' title='bbox 3175 4323 3396 4378; x_wconf 86' lang='lat' dir='ltr'><strong>credenti</strong></span> <span class='ocrx_word' id='word_1_836' title='bbox 3449 4322 3646 4395; x_wconf 81' lang='lat' dir='ltr'><strong>(Rom.</strong></span> <span class='ocrx_word' id='word_1_837' title='bbox 3686 4336 3744 4388; x_wconf 69' lang='grc' dir='ltr'>κ,</span> 
     </span>
    </p>
   </div>
   <div class='ocr_carea' id='block_1_107' title="bbox 2158 4411 3745 4490">
    <p class='ocr_par' dir='ltr' id='par_1_107' title="bbox 2158 4411 3745 4490">
     <span class='ocr_line' id='line_1_107' title="bbox 2158 4411 3745 4490; baseline -0.006 -18"><span class='ocrx_word' id='word_1_838' title='bbox 2158 4415 2300 4490; x_wconf 75' lang='grc'><strong>2-4),</strong></span> <span class='ocrx_word' id='word_1_839' title='bbox 2327 4417 2414 4486; x_wconf 85' lang='grc' dir='ltr'>(ιιιί</span> <span class='ocrx_word' id='word_1_840' title='bbox 2435 4415 2594 4480; x_wconf 80' lang='lat' dir='ltr'><strong>dixit,</strong></span> <span class='ocrx_word' id='word_1_841' title='bbox 2619 4414 2726 4483; x_wconf 79' lang='lat' dir='ltr'><strong>Ego</strong></span> <span class='ocrx_word' id='word_1_842' title='bbox 2746 4432 2855 4470; x_wconf 89' lang='lat' dir='ltr'><strong>sum</strong></span> <span class='ocrx_word' id='word_1_843' title='bbox 2875 4415 2954 4468; x_wconf 81' lang='lat' dir='ltr'><strong>ria</strong></span> <span class='ocrx_word' id='word_1_844' title='bbox 2977 4413 3158 4488; x_wconf 83' lang='lat' dir='ltr'><strong>(Joan.</strong></span> <span class='ocrx_word' id='word_1_845' title='bbox 3177 4429 3292 4481; x_wconf 77' lang='lat' dir='ltr'><strong>xw,</strong></span> <span class='ocrx_word' id='word_1_846' title='bbox 3313 4415 3393 4480; x_wconf 83' lang='grc'><strong>6).</strong></span> <span class='ocrx_word' id='word_1_847' title='bbox 3425 4413 3480 4467; x_wconf 89' lang='lat' dir='ltr'><strong>In</strong></span> <span class='ocrx_word' id='word_1_848' title='bbox 3509 4429 3610 4483; x_wconf 86' lang='lat' dir='ltr'><strong>qua</strong></span> <span class='ocrx_word' id='word_1_849' title='bbox 3634 4411 3745 4480; x_wconf 79' lang='lat' dir='ltr'><strong>jam</strong></span> 
     </span>
    </p>
   </div>
   <div class='ocr_carea' id='block_1_108' title="bbox 2160 4500 3749 4572">
    <p class='ocr_par' dir='ltr' id='par_1_108' title="bbox 2160 4500 3749 4572">
     <span class='ocr_line' id='line_1_108' title="bbox 2160 4500 3749 4572; baseline -0.004 -10"><span class='ocrx_word' id='word_1_850' title='bbox 2160 4509 2498 4562; x_wconf 83' lang='lat' dir='ltr'><strong>ambulantes</strong></span> <span class='ocrx_word' id='word_1_851' title='bbox 2549 4517 2729 4561; x_wconf 85' lang='lat' dir='ltr'><strong>tamen</strong></span> <span class='ocrx_word' id='word_1_852' title='bbox 2759 4507 2946 4560; x_wconf 90' lang='lat' dir='ltr'><strong>terruit</strong></span> <span class='ocrx_word' id='word_1_853' title='bbox 2992 4521 3092 4560; x_wconf 76' lang='lat' dir='ltr'><strong>Vox</strong></span> <span class='ocrx_word' id='word_1_854' title='bbox 3133 4505 3331 4570; x_wconf 88' lang='lat' dir='ltr'><strong>divina,</strong></span> <span class='ocrx_word' id='word_1_855' title='bbox 3371 4519 3438 4558; x_wconf 88' lang='lat' dir='ltr'><strong>ne</strong></span> <span class='ocrx_word' id='word_1_856' title='bbox 3483 4503 3632 4572; x_wconf 89' lang='lat' dir='ltr'><strong>quasi</strong></span> <span class='ocrx_word' id='word_1_857' title='bbox 3677 4500 3749 4556; x_wconf 85' lang='lat' dir='ltr'><strong>de</strong></span> 
     </span>
    </p>
   </div>
   <div class='ocr_carea' id='block_1_109' title="bbox 2161 4591 3752 4672">
    <p class='ocr_par' dir='ltr' id='par_1_109' title="bbox 2161 4591 3752 4672">
     <span class='ocr_line' id='line_1_109' title="bbox 2161 4591 3752 4672; baseline -0.006 -17"><span class='ocrx_word' id='word_1_858' title='bbox 2161 4591 2391 4672; x_wconf 75' lang='lat' dir='ltr'><strong>propriis</strong></span> <span class='ocrx_word' id='word_1_859' title='bbox 2418 4600 2471 4654; x_wconf 87' lang='lat' dir='ltr'><strong>in</strong></span> <span class='ocrx_word' id='word_1_860' title='bbox 2510 4614 2572 4655; x_wconf 87' lang='lat' dir='ltr'><strong>ea</strong></span> <span class='ocrx_word' id='word_1_861' title='bbox 2603 4599 2804 4652; x_wconf 85' lang='lat' dir='ltr'><strong>viribus</strong></span> <span class='ocrx_word' id='word_1_862' title='bbox 2841 4598 3186 4653; x_wconf 78' lang='lat' dir='ltr'><strong>extollantur.</strong></span> <span class='ocrx_word' id='word_1_863' title='bbox 3219 4596 3350 4651; x_wconf 84' lang='lat' dir='ltr'><strong>Nam</strong></span> <span class='ocrx_word' id='word_1_864' title='bbox 3384 4597 3578 4667; x_wconf 81' lang='lat' dir='ltr'><strong>quibus</strong></span> <span class='ocrx_word' id='word_1_865' title='bbox 3623 4611 3752 4664; x_wconf 84' lang='lat' dir='ltr'><strong>pro-</strong></span> 
     </span>
    </p>
   </div>
   <div class='ocr_carea' id='block_1_110' title="bbox 2161 4685 3745 4761">
    <p class='ocr_par' dir='ltr' id='par_1_110' title="bbox 2161 4685 3745 4761">
     <span class='ocr_line' id='line_1_110' title="bbox 2161 4685 3745 4761; baseline -0.003 -18"><span class='ocrx_word' id='word_1_866' title='bbox 2161 4700 2280 4761; x_wconf 83' lang='lat' dir='ltr'><strong>pter</strong></span> <span class='ocrx_word' id='word_1_867' title='bbox 2308 4689 2410 4744; x_wconf 90' lang='lat' dir='ltr'><strong>hoc</strong></span> <span class='ocrx_word' id='word_1_868' title='bbox 2455 4689 2530 4743; x_wconf 88' lang='lat' dir='ltr'><strong>ait</strong></span> <span class='ocrx_word' id='word_1_869' title='bbox 2561 4688 2868 4758; x_wconf 78' lang='lat' dir='ltr'><strong>Apostolus,</strong></span> <span class='ocrx_word' id='word_1_870' title='bbox 2916 4685 3042 4742; x_wconf 87' lang='lat' dir='ltr'><strong>Cum</strong></span> <span class='ocrx_word' id='word_1_871' title='bbox 3091 4687 3268 4740; x_wconf 85' lang='lat' dir='ltr'><strong>timore</strong></span> <span class='ocrx_word' id='word_1_872' title='bbox 3311 4691 3357 4739; x_wconf 87' lang='lat' dir='ltr'><strong>et</strong></span> <span class='ocrx_word' id='word_1_873' title='bbox 3401 4695 3614 4738; x_wconf 85' lang='lat' dir='ltr'><strong>tremore</strong></span> <span class='ocrx_word' id='word_1_874' title='bbox 3658 4699 3745 4738; x_wconf 79' lang='lat' dir='ltr'><strong>ve-</strong></span> 
     </span>
    </p>
   </div>
   <div class='ocr_carea' id='block_1_111' title="bbox 2159 4776 3750 4850">
    <p class='ocr_par' dir='ltr' id='par_1_111' title="bbox 2159 4776 3750 4850">
     <span class='ocr_line' id='line_1_111' title="bbox 2159 4776 3750 4850; baseline -0.005 -14"><span class='ocrx_word' id='word_1_875' title='bbox 2159 4792 2315 4838; x_wconf 84' lang='lat' dir='ltr'><strong>stram</strong></span> <span class='ocrx_word' id='word_1_876' title='bbox 2343 4782 2565 4850; x_wconf 88' lang='lat' dir='ltr'><strong>ipsorum</strong></span> <span class='ocrx_word' id='word_1_877' title='bbox 2606 4779 2886 4850; x_wconf 85' lang='lat' dir='ltr'><strong>operamini</strong></span> <span class='ocrx_word' id='word_1_878' title='bbox 2913 4779 3160 4842; x_wconf 85' lang='lat' dir='ltr'><strong>salutem;</strong></span> <span class='ocrx_word' id='word_1_879' title='bbox 3205 4776 3343 4832; x_wconf 86' lang='lat' dir='ltr'><strong>Deus</strong></span> <span class='ocrx_word' id='word_1_880' title='bbox 3369 4777 3500 4830; x_wconf 84' lang='lat' dir='ltr'><strong>enim</strong></span> <span class='ocrx_word' id='word_1_881' title='bbox 3541 4785 3611 4830; x_wconf 88' lang='lat' dir='ltr'><strong>est</strong></span> <span class='ocrx_word' id='word_1_882' title='bbox 3661 4777 3750 4844; x_wconf 86' lang='lat' dir='ltr'><strong>qui</strong></span> 
     </span>
    </p>
   </div>
   <div class='ocr_carea' id='block_1_112' title="bbox 2161 4865 3747 4944">
    <p class='ocr_par' dir='ltr' id='par_1_112' title="bbox 2161 4865 3747 4944">
     <span class='ocr_line' id='line_1_112' title="bbox 2161 4865 3747 4944; baseline -0.003 -19"><span class='ocrx_word' id='word_1_883' title='bbox 2161 4881 2396 4944; x_wconf 82' lang='lat' dir='ltr'><strong>operatur</strong></span> <span class='ocrx_word' id='word_1_884' title='bbox 2421 4872 2472 4924; x_wconf 86' lang='lat' dir='ltr'><strong>iu</strong></span> <span class='ocrx_word' id='word_1_885' title='bbox 2502 4869 2637 4925; x_wconf 71' lang='lat' dir='ltr'><strong>vobis</strong></span> <span class='ocrx_word' id='word_1_886' title='bbox 2675 4879 2721 4924; x_wconf 85' lang='lat' dir='ltr'><strong>et</strong></span> <span class='ocrx_word' id='word_1_887' title='bbox 2747 4869 2870 4924; x_wconf 79' lang='lat' dir='ltr'><strong>reile</strong></span> <span class='ocrx_word' id='word_1_888' title='bbox 2899 4878 2944 4922; x_wconf 88' lang='lat' dir='ltr'><strong>et</strong></span> <span class='ocrx_word' id='word_1_889' title='bbox 2975 4867 3196 4938; x_wconf 85' lang='lat' dir='ltr'><strong>aperari,</strong></span> <span class='ocrx_word' id='word_1_890' title='bbox 3247 4884 3340 4938; x_wconf 88' lang='lat' dir='ltr'><strong>pro</strong></span> <span class='ocrx_word' id='word_1_891' title='bbox 3382 4866 3514 4920; x_wconf 84' lang='lat' dir='ltr'><strong>bona</strong></span> <span class='ocrx_word' id='word_1_892' title='bbox 3560 4865 3747 4920; x_wconf 76' lang='lat' dir='ltr'><strong>volun-</strong></span> 
     </span>
    </p>
   </div>
   <div class='ocr_carea' id='block_1_113' title="bbox 2161 4958 3751 5033">
    <p class='ocr_par' dir='ltr' id='par_1_113' title="bbox 2161 4958 3751 5033">
     <span class='ocr_line' id='line_1_113' title="bbox 2161 4958 3751 5033; baseline -0.003 -15"><span class='ocrx_word' id='word_1_893' title='bbox 2161 4975 2259 5018; x_wconf 85' lang='lat' dir='ltr'><strong>tate</strong></span> <span class='ocrx_word' id='word_1_894' title='bbox 2283 4962 2539 5033; x_wconf 79' lang='lat' dir='ltr'><strong>(Pliilipp.</strong></span> <span class='ocrx_word' id='word_1_895' title='bbox 2574 4978 2632 5027; x_wconf 91' lang='grc' dir='ltr'><strong>ιι,</strong></span> <span class='ocrx_word' id='word_1_896' title='bbox 2659 4960 2741 5024; x_wconf 67' lang='lat'><strong>{‘2,</strong></span> <span class='ocrx_word' id='word_1_897' title='bbox 2775 4959 2862 5032; x_wconf 80' lang='lat' dir='ltr'><strong>l3)</strong></span> <span class='ocrx_word' id='word_1_898' title='bbox 2891 4979 2902 5013; x_wconf 72' lang='grc' dir='ltr'><em>τ</em></span> <span class='ocrx_word' id='word_1_899' title='bbox 2935 4961 3014 5015; x_wconf 91' lang='lat' dir='ltr'><strong>eis</strong></span> <span class='ocrx_word' id='word_1_900' title='bbox 3030 4970 3250 5031; x_wconf 88' lang='lat' dir='ltr'><strong>propter</strong></span> <span class='ocrx_word' id='word_1_901' title='bbox 3278 4958 3380 5016; x_wconf 83' lang='lat' dir='ltr'><strong>line</strong></span> <span class='ocrx_word' id='word_1_902' title='bbox 3412 4960 3582 5030; x_wconf 83' lang='lat' dir='ltr'><strong>ipsum</strong></span> <span class='ocrx_word' id='word_1_903' title='bbox 3616 4960 3751 5014; x_wconf 68' lang='lat' dir='ltr'><strong>dicit</strong></span> 
     </span>
    </p>
   </div>
   <div class='ocr_carea' id='block_1_114' title="bbox 2159 5034 3750 5115">
    <p class='ocr_par' dir='ltr' id='par_1_114' title="bbox 2159 5034 3750 5115">
     <span class='ocr_line' id='line_1_114' title="bbox 2159 5034 3750 5115; baseline -0.004 -5"><span class='ocrx_word' id='word_1_904' title='bbox 2159 5056 2318 5110; x_wconf 86' lang='lat' dir='ltr'><strong>etiam</strong></span> <span class='ocrx_word' id='word_1_905' title='bbox 2345 5055 2607 5115; x_wconf 79' lang='lat' dir='ltr'><strong>Psalmus,</strong></span> <span class='ocrx_word' id='word_1_906' title='bbox 2649 5051 2848 5107; x_wconf 78' lang='lat' dir='ltr'><strong>Servite</strong></span> <span class='ocrx_word' id='word_1_907' title='bbox 2889 5049 3110 5104; x_wconf 89' lang='lat' dir='ltr'><strong>Donnno</strong></span> <span class='ocrx_word' id='word_1_908' title='bbox 3149 5034 3210 5104; x_wconf 10' lang='lat' dir='ltr'><strong>in,</strong></span> <span class='ocrx_word' id='word_1_909' title='bbox 3242 5051 3436 5112; x_wconf 86' lang='lat' dir='ltr'><strong>timore,</strong></span> <span class='ocrx_word' id='word_1_910' title='bbox 3474 5060 3522 5104; x_wconf 83' lang='lat' dir='ltr'><strong>et</strong></span> <span class='ocrx_word' id='word_1_911' title='bbox 3572 5052 3750 5105; x_wconf 72' lang='lat' dir='ltr'><strong>exsul-</strong></span> 
     </span>
    </p>
   </div>
   <div class='ocr_carea' id='block_1_115' title="bbox 2161 5143 3751 5214">
    <p class='ocr_par' dir='ltr' id='par_1_115' title="bbox 2161 5143 3751 5214">
     <span class='ocr_line' id='line_1_115' title="bbox 2161 5143 3751 5214; baseline -0.001 -13"><span class='ocrx_word' id='word_1_912' title='bbox 2161 5157 2260 5201; x_wconf 88' lang='lat' dir='ltr'><strong>tote</strong></span> <span class='ocrx_word' id='word_1_913' title='bbox 2305 5147 2350 5200; x_wconf 88' lang='lat' dir='ltr'><strong>ei</strong></span> <span class='ocrx_word' id='word_1_914' title='bbox 2395 5162 2510 5199; x_wconf 89' lang='lat' dir='ltr'><strong>cum</strong></span> <span class='ocrx_word' id='word_1_915' title='bbox 2579 5154 2822 5206; x_wconf 86' lang='lat' dir='ltr'><strong>tremore;</strong></span> <span class='ocrx_word' id='word_1_916' title='bbox 2885 5143 3250 5214; x_wconf 82' lang='lat' dir='ltr'><strong>apprelteudite</strong></span> <span class='ocrx_word' id='word_1_917' title='bbox 3295 5143 3638 5214; x_wconf 78' lang='lat' dir='ltr'><strong>disciplinam,</strong></span> <span class='ocrx_word' id='word_1_918' title='bbox 3686 5160 3751 5200; x_wconf 90' lang='lat' dir='ltr'><strong>ne</strong></span> 
     </span>
    </p>
   </div>
   <div class='ocr_carea' id='block_1_116' title="bbox 2159 5232 3750 5308">
    <p class='ocr_par' dir='ltr' id='par_1_116' title="bbox 2159 5232 3750 5308">
     <span class='ocr_line' id='line_1_116' title="bbox 2159 5232 3750 5308; baseline -0.001 -20"><span class='ocrx_word' id='word_1_919' title='bbox 2159 5235 2362 5308; x_wconf 83' lang='lat' dir='ltr'><strong>quando</strong></span> <span class='ocrx_word' id='word_1_920' title='bbox 2394 5236 2644 5289; x_wconf 88' lang='lat' dir='ltr'><strong>irascatur</strong></span> <span class='ocrx_word' id='word_1_921' title='bbox 2668 5232 2935 5298; x_wconf 86' lang='lat' dir='ltr'><strong>Dominus,</strong></span> <span class='ocrx_word' id='word_1_922' title='bbox 2963 5243 3010 5286; x_wconf 88' lang='lat' dir='ltr'><strong>et</strong></span> <span class='ocrx_word' id='word_1_923' title='bbox 3031 5233 3244 5304; x_wconf 85' lang='lat' dir='ltr'><strong>pereatis</strong></span> <span class='ocrx_word' id='word_1_924' title='bbox 3271 5233 3334 5286; x_wconf 86' lang='lat' dir='ltr'><strong>de</strong></span> <span class='ocrx_word' id='word_1_925' title='bbox 3351 5233 3430 5286; x_wconf 81' lang='lat' dir='ltr'><strong>via</strong></span> <span class='ocrx_word' id='word_1_926' title='bbox 3443 5234 3608 5304; x_wconf 86' lang='lat' dir='ltr'><strong>justa,</strong></span> <span class='ocrx_word' id='word_1_927' title='bbox 3631 5250 3750 5286; x_wconf 85' lang='lat' dir='ltr'><strong>cum</strong></span> 
     </span>
    </p>
   </div>
   <div class='ocr_carea' id='block_1_117' title="bbox 2159 5323 3751 5396">
    <p class='ocr_par' dir='ltr' id='par_1_117' title="bbox 2159 5323 3751 5396">
     <span class='ocr_line' id='line_1_117' title="bbox 2159 5323 3751 5396; baseline -0.003 -14"><span class='ocrx_word' id='word_1_928' title='bbox 2159 5327 2400 5382; x_wconf 69' lang='lat' dir='ltr'><strong>exarserit</strong></span> <span class='ocrx_word' id='word_1_929' title='bbox 2421 5327 2472 5378; x_wconf 89' lang='lat' dir='ltr'><strong>in</strong></span> <span class='ocrx_word' id='word_1_930' title='bbox 2499 5324 2632 5378; x_wconf 81' lang='lat' dir='ltr'><strong>brevi</strong></span> <span class='ocrx_word' id='word_1_931' title='bbox 2655 5325 2732 5378; x_wconf 89' lang='lat' dir='ltr'><strong>ira</strong></span> <span class='ocrx_word' id='word_1_932' title='bbox 2753 5325 2861 5393; x_wconf 77' lang='lat' dir='ltr'><strong>ejus</strong></span> <span class='ocrx_word' id='word_1_933' title='bbox 2884 5339 3038 5396; x_wconf 84' lang='lat' dir='ltr'><strong>super</strong></span> <span class='ocrx_word' id='word_1_934' title='bbox 3063 5340 3170 5378; x_wconf 85' lang='lat' dir='ltr'><strong>vos.</strong></span> <span class='ocrx_word' id='word_1_935' title='bbox 3202 5323 3314 5377; x_wconf 85' lang='lat' dir='ltr'><strong>Non</strong></span> <span class='ocrx_word' id='word_1_936' title='bbox 3337 5324 3432 5389; x_wconf 88' lang='lat' dir='ltr'><strong>ait,</strong></span> <span class='ocrx_word' id='word_1_937' title='bbox 3462 5339 3524 5378; x_wconf 85' lang='lat' dir='ltr'><strong>ne</strong></span> <span class='ocrx_word' id='word_1_938' title='bbox 3540 5326 3751 5394; x_wconf 83' lang='lat' dir='ltr'><strong>quando</strong></span> 
     </span>
    </p>
   </div>
   <div class='ocr_carea' id='block_1_118' title="bbox 2159 5415 3748 5484">
    <p class='ocr_par' dir='ltr' id='par_1_118' title="bbox 2159 5415 3748 5484">
     <span class='ocr_line' id='line_1_118' title="bbox 2159 5415 3748 5484; baseline -0.003 -11"><span class='ocrx_word' id='word_1_939' title='bbox 2159 5421 2404 5473; x_wconf 79' lang='lat' dir='ltr'><strong>irascatur</strong></span> <span class='ocrx_word' id='word_1_940' title='bbox 2437 5417 2700 5478; x_wconf 87' lang='lat' dir='ltr'><strong>Dominus,</strong></span> <span class='ocrx_word' id='word_1_941' title='bbox 2724 5423 2778 5470; x_wconf 89' lang='lat' dir='ltr'><strong>et</strong></span> <span class='ocrx_word' id='word_1_942' title='bbox 2799 5430 2903 5468; x_wconf 90' lang='lat' dir='ltr'><strong>non</strong></span> <span class='ocrx_word' id='word_1_943' title='bbox 2928 5415 3078 5470; x_wconf 86' lang='lat' dir='ltr'><strong>vobis</strong></span> <span class='ocrx_word' id='word_1_944' title='bbox 3097 5415 3342 5470; x_wconf 88' lang='lat' dir='ltr'><strong>ostendat</strong></span> <span class='ocrx_word' id='word_1_945' title='bbox 3361 5415 3500 5468; x_wconf 85' lang='lat' dir='ltr'><strong>viam</strong></span> <span class='ocrx_word' id='word_1_946' title='bbox 3521 5415 3748 5484; x_wconf 82' lang='lat' dir='ltr'><strong>justam,</strong></span> 
     </span>
    </p>
   </div>
   <div class='ocr_carea' id='block_1_119' title="bbox 2225 5523 3750 5596">
    <p class='ocr_par' dir='ltr' id='par_1_119' title="bbox 2225 5523 3750 5596">
     <span class='ocr_line' id='line_1_119' title="bbox 2225 5523 3750 5596; baseline -0.001 -17"><span class='ocrx_word' id='word_1_947' title='bbox 2225 5535 2239 5564; x_wconf 76' lang='grc' dir='ltr'><strong>ι</strong></span> <span class='ocrx_word' id='word_1_948' title='bbox 2266 5527 2633 5596; x_wconf 75' lang='lat' dir='ltr'><strong>Cygiraaneusis</strong></span> <span class='ocrx_word' id='word_1_949' title='bbox 2655 5527 2810 5578; x_wconf 78' lang='lat' dir='ltr'><strong>codex</strong></span> <span class='ocrx_word' id='word_1_950' title='bbox 2836 5535 2886 5577; x_wconf 87' lang='lat' dir='ltr'><strong>ct</strong></span> <span class='ocrx_word' id='word_1_951' title='bbox 2905 5524 3086 5591; x_wconf 77' lang='lat' dir='ltr'><strong>aliquot</strong></span> <span class='ocrx_word' id='word_1_952' title='bbox 3124 5527 3330 5576; x_wconf 71' lang='lat' dir='ltr'><strong>Vaticani</strong></span> <span class='ocrx_word' id='word_1_953' title='bbox 3356 5533 3481 5587; x_wconf 62' lang='lat' dir='ltr'><strong>Mss,</strong></span> <span class='ocrx_word' id='word_1_954' title='bbox 3499 5523 3750 5589; x_wconf 73' lang='lat' dir='ltr'><strong>subsequi-</strong></span> 
     </span>
    </p>
   </div>
   <div class='ocr_carea' id='block_1_120' title="bbox 2157 5602 2254 5645">
    <p class='ocr_par' dir='ltr' id='par_1_120' title="bbox 2157 5602 2254 5645">
     <span class='ocr_line' id='line_1_120' title="bbox 2157 5602 2254 5645; baseline -0.031 0"><span class='ocrx_word' id='word_1_955' title='bbox 2157 5602 2254 5645; x_wconf 78' lang='lat' dir='ltr'><strong>tur.</strong></span> 
     </span>
    </p>
   </div>
   <div class='ocr_carea' id='block_1_121' title="bbox 2221 5643 3286 5714">
    <p class='ocr_par' dir='ltr' id='par_1_121' title="bbox 2221 5643 3286 5714">
     <span class='ocr_line' id='line_1_121' title="bbox 2221 5643 3286 5714; baseline -0.006 -10"><span class='ocrx_word' id='word_1_956' title='bbox 2221 5657 2296 5714; x_wconf 81' lang='grc' dir='ltr'><strong>(α)</strong></span> <span class='ocrx_word' id='word_1_957' title='bbox 2327 5656 2408 5704; x_wconf 82' lang='lat' dir='ltr'><strong>ttie</strong></span> <span class='ocrx_word' id='word_1_958' title='bbox 2431 5653 2542 5714; x_wconf 66' lang='lat' dir='ltr'><strong>inci;</strong></span> <span class='ocrx_word' id='word_1_959' title='bbox 2560 5652 2594 5701; x_wconf 90' lang='lat' dir='ltr'><strong>it</strong></span> <span class='ocrx_word' id='word_1_960' title='bbox 2611 5659 2752 5714; x_wconf 68' lang='lat' dir='ltr'><strong>caput</strong></span> <span class='ocrx_word' id='word_1_961' title='bbox 2775 5643 2981 5714; x_wconf 21' lang='lat' dir='ltr'><strong>Egiapnd</strong></span> <span class='ocrx_word' id='word_1_962' title='bbox 3021 5661 3116 5699; x_wconf 76' lang='lat' dir='ltr'><strong>Am.</strong></span> <span class='ocrx_word' id='word_1_963' title='bbox 3139 5658 3186 5700; x_wconf 81' lang='lat' dir='ltr'><strong>et</strong></span> <span class='ocrx_word' id='word_1_964' title='bbox 3213 5657 3286 5698; x_wconf 74' lang='lat' dir='ltr'><strong>Er.</strong></span> 
     </span>
    </p>
   </div>
   <div class='ocr_carea' id='block_1_122' title="bbox 2224 5713 2872 5781">
    <p class='ocr_par' dir='ltr' id='par_1_122' title="bbox 2224 5713 2872 5781">
     <span class='ocr_line' id='line_1_122' title="bbox 2224 5713 2872 5781; baseline 0 -18"><span class='ocrx_word' id='word_1_965' title='bbox 2224 5713 2293 5781; x_wconf 72' lang='grc' dir='ltr'><strong>(ο)</strong></span> <span class='ocrx_word' id='word_1_966' title='bbox 2331 5715 2457 5766; x_wconf 71' lang='lat' dir='ltr'><strong>Mani</strong></span> <span class='ocrx_word' id='word_1_967' title='bbox 2484 5713 2577 5760; x_wconf 69' lang='grc' dir='ltr'>Αιιι.</span> <span class='ocrx_word' id='word_1_968' title='bbox 2608 5723 2656 5762; x_wconf 79' lang='lat' dir='ltr'><strong>et</strong></span> <span class='ocrx_word' id='word_1_969' title='bbox 2674 5713 2774 5773; x_wconf 59' lang='lat' dir='ltr'><strong>lin,</strong></span> <span class='ocrx_word' id='word_1_970' title='bbox 2800 5713 2872 5766; x_wconf 77' lang='lat'><strong>53.</strong></span> 
     </span>
    </p>
   </div>
  </div>
