4002 6178
252 357 359 418 9Οὸ

254 493 362 549 aut,
391 486 497 536 non
529 492 622 534 vos
641 469 940 534 introducat
970 474 1022 528 in
1055 473 1194 526 viam
1222 470 1416 540 justam
1451 477 1462 521 ὲ
1494 455 1585 521 sed
1630 465 1738 534 jam
1769 465 1828 516 il-

255 573 320 626 lic
343 569 680 625 ambulantes
700 567 776 621 sic
803 573 1004 620 terrere
1033 559 1200 631 potuit
1229 569 1286 612 ut
1309 557 1529 620 diceret,
1566 569 1626 606 ne
1665 569 1838 623 perra-

251 665 316 716 tis
342 663 404 715 de
423 647 512 714 eia-
525 661 686 729 justo.
723 654 894 720 Unde,
928 653 1026 707 nisi
1051 651 1174 723 quia
1198 646 1471 717 superbia,
1502 643 1644 715 quod
1681 643 1837 696 toties

251 752 386 816 dixi,
415 760 470 805 ει
494 765 638 818 s:epe
657 745 938 802 dicendum
963 753 1066 806 est,
1115 740 1276 796 etiam
1319 738 1372 792 in
1411 735 1540 806 ipsis
1579 741 1725 789 recte
1761 729 1842 784 fa-

255 843 358 897 ctis
383 837 620 894 cavenda
645 845 748 904 est,
797 835 850 890 id
879 842 979 898 est,
1012 833 1065 886 in
1097 832 1210 902 ipsa
1239 829 1324 882 via
1353 827 1529 897 justa;
1573 839 1640 878 ne
1677 823 1840 876 homo

256 933 384 988 dum
412 932 554 1001 quod
575 929 670 985 Dei
713 935 796 983 est
823 927 1042 996 deputat
1091 935 1268 986 suum,
1315 919 1524 973 amittat
1560 915 1699 988 quod
1747 915 1836 968 Del

257 1027 364 1080 est,
391 1025 446 1070 et
473 1014 661 1070 redeat
687 1011 752 1064 ad
781 1009 972 1065 suum?
993 1006 1140 1072 Ideo,
1169 1019 1276 1074 quo
1295 1001 1528 1072 psalmus
1579 1001 1679 1052 iste
1713 1010 1843 1051 cons

257 1108 514 1168 cluditur,
541 1103 796 1156 faciamus
838 1097 1021 1152 :Beati
1065 1109 1237 1149 omnes
1259 1092 1345 1164 qui
1391 1089 1654 1158 confidunt
1694 1087 1746 1139 in
1786 1099 1843 1138 eo

263 1195 438 1266 (Psal.
463 1209 520 1256 ιι,
553 1193 740 1261 11-15)
775 1190 994 1258 :utique
1021 1195 1080 1241 ut
1098 1185 1212 1256 ipse
1231 1183 1404 1245 faciat,
1439 1180 1553 1248 ipse
1595 1175 1845 1232 ostendat

261 1294 402 1346 viam
430 1303 605 1351 suam,
645 1287 730 1342 cui
759 1285 970 1349 dicitur,
1006 1278 1225 1336 Ostende
1267 1275 1428 1340 nobis,
1475 1271 1708 1337 Domine,
1751 1270 1847 1322 mi-

261 1380 592 1436 δεήσοι-αἰανῆ
619 1389 757 1430 tuam
787 1393 800 1429 :
833 1375 1020 1443 etipse
1041 1370 1130 1424 det
1173 1368 1422 1432 salutem,
1469 1370 1527 1419 ut
1576 1361 1846 1416 ambulare

263 1473 556 1541 possimus,
586 1467 671 1522 cui
701 1465 916 1529 dicitur,
938 1461 1006 1516 Et
1026 1459 1248 1514 salutare
1272 1465 1412 1510 tuum
1433 1454 1499 1507 da
1515 1452 1658 1541 nobis
1673 1447 1844 1541 μέθαι.

265 1539 498 1624 ίιςκιν,
524 1559 622 1627 8):
658 1555 846 1626 ipsein
872 1551 1056 1606 eadem
1091 1549 1176 1604 via
1207 1545 1452 1605 deducat,
1507 1543 1590 1598 cui
1633 1539 1846 1598 dicitur,

265 1650 450 1704 Reduc
471 1664 570 1712 me,
597 1645 834 1708 Domine,
867 1643 916 1695 in
941 1643 1021 1696 via
1050 1649 1158 1706 tua,
1181 1645 1228 1691 et
1256 1632 1524 1688 ambulabo
1551 1633 1603 1686 in
1647 1630 1852 1684 veritate

267 1753 356 1796 tua
383 1739 562 1810 (Psal.
590 1751 785 1801 Lxxxv,
815 1733 948 1805 Il):
983 1732 1098 1800 ipse
1138 1729 1205 1785 ad
1251 1728 1357 1790 illa,
1395 1741 1500 1797 quo
1549 1725 1632 1778 via
1684 1722 1849 1786 ducit,

271 1830 540 1899 promissa
569 1825 840 1895 perducat,
871 1823 952 1876 cui
983 1819 1202 1882 dicitur,
1248 1816 1450 1871 Etenim
1503 1813 1626 1868 illuc
1673 1827 1852 1866 manus

269 1931 360 1974 tua
401 1919 617 1972 deducet
655 1932 755 1978 me,
783 1924 832 1968 et
875 1913 1110 1984 perducet
1151 1925 1232 1965 me
1273 1908 1480 1962 dextera
1529 1904 1676 1976 tua‘(
1707 1904 1850 1959 Psol.

272 2023 530 2072 cxxxvut,
557 2003 646 2077 10)
677 2022 690 2057 :
720 2005 833 2073 ipse
853 2002 922 2056 ibi
954 2009 1135 2070 pascat
1153 1997 1523 2053 recumbentes
1547 2009 1666 2049 cum
1685 1993 1855 2048 Abra-

273 2099 426 2160 ham,
455 2097 621 2160 Isaac,
647 2103 703 2148 et
728 2092 912 2158 Jacoh,
941 2091 1009 2146 de
1037 2105 1144 2160 quo
1184 2087 1382 2144 dictum
1421 2093 1522 2152 est,
1573 2084 1748 2138 Faciet
1773 2100 1858 2138 eos

273 2189 582 2251 recumbere,
608 2194 654 2240 et
685 2183 933 2248 transibit,
959 2191 1006 2236 et
1037 2181 1338 2236 ministrabit
1362 2179 1433 2232 eis
1463 2176 1594 2248 (Luc
1621 2191 1715 2238 xu,
1743 2173 1854 2245 57).

171 2309 176 2314 -
275 2278 390 2333 Non
420 2277 584 2340 enim,
617 2291 738 2330 cum
767 2275 868 2328 ista
905 2283 1407 2334 commemoramus,
1455 2267 1731 2321 arbitrium
1761 2281 1858 2319 vo-

283 2367 506 2424 luntatis
531 2367 785 2428 tollimus.
817 2363 910 2421 sed
943 2364 1036 2418 Dei
1077 2363 1300 2434 gratiam
1349 2360 1714 2430 prtedicamus.
1763 2355 1857 2412 Cui

277 2459 420 2514 enim
447 2465 671 2528 prosunt
700 2456 798 2509 ista
828 2455 928 2509 nisi
955 2453 1172 2520 volenti,
1195 2451 1290 2506 sed
1333 2450 1602 2504 humiliter
1642 2448 1858 2514 volenti,

281 2565 388 2604 non
417 2563 476 2603 se
513 2547 580 2602 de
609 2546 897 2600 voluntatis
930 2544 1149 2608 viribus,
1196 2553 1446 2612 tanquam
1485 2540 1550 2595 ad
1585 2539 1865 2610 perfectio-

281 2654 404 2696 nem
427 2639 652 2709 justitiac
672 2636 784 2690 sola
810 2635 1058 2702 sufﬁciat,
1089 2632 1396 2690 extollenti?

354 2728 583 2784 CAPUT
609 2726 828 2783 XXXIII
847 2726 1108 2798 (a).—3‘l.
1133 2724 1258 2779 Esse
1275 2725 1384 2780 sine
1401 2725 1508 2778 ullo
1533 2723 1736 2778 omnino
1748 2737 1865 2793 pec.

287 2832 396 2876 cato
413 2821 640 2874 nondum
665 2827 828 2889 aequat
853 2819 1101 2873 hominem
1117 2816 1244 2871 Deo.
1267 2816 1417 2871 Absit
1439 2823 1612 2870 autem
1632 2824 1688 2870 ut
1706 2815 1756 2870 ei
1787 2813 1867 2870 di-'

287 2927 488 2974 camus,
513 2911 656 2982 quod
685 2926 712 2963 a
735 2909 1050 2980 quibusdam
1077 2918 1262 2963 contra
1289 2923 1348 2963 se
1365 2907 1469 2963 dici
1495 2907 1588 2972 ait,
1607 2925 1626 2958 ι
1655 2915 1864 2975 compa-

288 3004 392 3056 rari
429 3002 701 3056 hominem
725 3001 854 3066 Deo,
883 2999 926 3053 si
957 2999 1156 3069 absque
1183 3005 1396 3068 peccato
1419 3011 1537 3053 esse
1551 3005 1818 3053 asseratur
1841 3009 1863 3052 ι

289 3095 360 3165 (b)
391 3094 580 3165 :quasi
625 3107 755 3147 vero
800 3092 1038 3163 angelus,
1092 3091 1213 3160 quia
1265 3088 1464 3158 absque
1503 3095 1721 3158 peccato
1763 3095 1866 3153 est,

289 3193 634 3254 comparetur
663 3183 792 3239 Deo.
821 3182 935 3252 Ego
955 3180 1166 3251 quidem
1193 3179 1294 3234 hoc
1319 3180 1516 3244 sentio,
1549 3179 1672 3249 quia
1709 3179 1870 3235 etiam

288 3289 410 3328 cum
439 3273 600 3327 fuerit
632 3273 682 3326 in
712 3272 863 3326 nobis
889 3278 1034 3326 tanta
1069 3269 1294 3339 justitia,
1338 3277 1394 3323 ut
1421 3268 1470 3324 ei
1501 3267 1621 3324 addi
1650 3270 1871 3322 omnino

289 3363 420 3418 nihil
449 3364 638 3433 possit,
670 3375 778 3417 non
797 3360 1094 3431 :equabitur
1120 3366 1362 3414 creatura
1387 3357 1647 3413 Creatori.
1682 3357 1736 3413 Si
1774 3374 1872 3412 au-

293 3465 398 3510 tem
423 3455 590 3525 aliqui
609 3462 797 3523 putant
829 3461 1030 3508 tantum
1061 3459 1300 3505 nostrum
1331 3448 1564 3504 futurum
1597 3463 1716 3504 esse
1755 3465 1875 3519 pro-

293 3557 534 3614 vectum,
563 3555 622 3600 ut
658 3546 713 3601 in
741 3545 835 3600 Dei
863 3542 1212 3600 substantiam
1239 3549 1631 3604 convertamur,
1675 3548 1728 3593 et
1764 3540 1868 3595 hoc

291 3639 593 3696 efﬁciamur
617 3653 840 3709 prorsus
889 3636 1026 3707 quod
1059 3634 1148 3689 ille
1189 3641 1312 3689 est:
1343 3633 1571 3688 viderint
1619 3633 1874 3704 quemad-

294 3731 516 3786 modum
543 3738 783 3786 astruant
831 3727 1150 3785 sententiam
1179 3739 1361 3790 suam;
1407 3725 1532 3780 mihi
1560 3725 1661 3780 hoc
1709 3725 1879 3781 fateor

299 3838 404 3878 non
427 3837 550 3878 esse
577 3835 914 3894 persuasum.

367 3911 594 3968 CAPUT
633 3910 872 3966 XXXIV.
896 3941 968 3952 -—
995 3911 1085 3966 58.
1126 3909 1389 3964 Verissime
1413 3905 1624 3963 dicimus
1651 3925 1742 3963 nos
1779 3919 1880 3964 nou

298 4019 408 4057 esse
441 4003 552 4058 sine
593 4011 814 4072 peccato.
862 4000 974 4055 Nec
1014 4000 1271 4054 modestia:
1313 4014 1467 4053 causa
1513 3997 1876 4052 mentiendum.

299 4093 440 4149 Laus
477 4095 776 4148 humilitatis
818 4094 873 4147 in
914 4101 1054 4164 parte
1093 4109 1192 4146 non
1223 4101 1296 4146 est
1343 4090 1574 4161 ponenda
1625 4091 1878 4162 falsitatis.

299 4185 418 4240 Jam
451 4201 582 4240 sane
608 4186 708 4240 hoc
739 4186 958 4239 multum
983 4183 1132 4239 faveo
1163 4183 1278 4238 libri
1301 4184 1456 4252 hujus
1484 4182 1716 4249 auctori,
1741 4181 1882 4252 quod

303 4278 560 4332 adversus
589 4293 683 4332 eos
711 4278 798 4346 qui
829 4275 1046 4341 dicunt,
1083 4294 1102 4327 ι
1141 4273 1468 4329 Rationabile
1496 4273 1706 4343 quidem
1733 4273 1885 4326 vidc-

307 4381 394 4424 tur
429 4385 550 4426 esse
573 4369 716 4438 quod
745 4369 974 4436 asseris,
1018 4368 1112 4423 sed
1153 4367 1438 4438 superbum
1468 4375 1547 4421 cst
1575 4366 1677 4422 dici
1715 4365 1886 4420 homi-
1925 4403 1928 4408 -

307 4475 429 4514 nem
485 4459 684 4528 absque
733 4467 951 4529 peccato
997 4471 1116 4514 esse
1162 4471 1351 4528 posse;
1391 4475 1408 4510 ι
1453 4458 1520 4513 ita
1575 4455 1882 4526 respondet,

309 4563 366 4605 ιιι
395 4565 612 4606 omnino
652 4551 697 4604 si
719 4563 906 4606 verum
933 4559 1012 4604 est
1032 4589 1047 4615 ,
1081 4549 1224 4603 nubo
1255 4549 1412 4603 modo
1457 4549 1740 4618 superbum
1768 4561 1886 4602 esse

307 4641 592 4696 dicendum
619 4641 708 4694 sit.
753 4641 842 4694 Ait
865 4639 1006 4695 enim
1041 4639 1346 4695 acutissime
1387 4649 1542 4708 atque
1569 4639 1844 4692 veriSsilne
1871 4656 1884 4691 :

315 4751 336 4784 ι
387 4733 438 4788 lu
463 4747 568 4802 qua
597 4732 764 4802 magis
793 4741 941 4802 parte
969 4731 1238 4788 humilitas
1266 4729 1574 4786 collocanda
1604 4731 1722 4785 est?
1763 4731 1890 4786 Sine

309 4821 472 4876 dubio
491 4863 507 4886 ,
541 4821 815 4885 falsitatis,
843 4822 886 4874 si
919 4821 969 4874 in
1000 4835 1059 4873 ea
1087 4836 1205 4889 qu'c
1231 4820 1466 4875 veritatis
1489 4823 1745 4891 probatur
1771 4835 1889 4876 esse

307 4911 562 4980 superbia
603 4920 704 4966 est.
741 4929 763 4962 ι
795 4914 868 4964 Ac
898 4925 990 4980 per
1033 4911 1134 4966 hoc
1173 4911 1345 4980 placet
1382 4911 1489 4976 illi,
1517 4917 1571 4966 et
1601 4921 1742 4966 recte
1772 4913 1889 4981 pla-

309 5015 428 5070 cet,
461 5013 516 5057 ut
545 5005 598 5058 in
643 5013 794 5074 parte
819 5003 1054 5057 veritatis
1073 5045 1087 5066 ,
1117 5021 1222 5057 non
1253 5005 1304 5056 in
1338 5013 1484 5072 parte
1512 5002 1754 5057 falsitatis
1781 5019 1892 5057 ma-

307 5097 398 5166 gis
427 5095 698 5150 humilitas
738 5095 1049 5151 collocetur.
1097 5096 1172 5150 Ex
1214 5109 1319 5164 quo
1358 5104 1438 5148 est
1481 5109 1806 5164 consequens
1836 5101 1892 5148 ut

311 5189 408 5242 ille
429 5187 524 5258 qui
553 5187 682 5242 dixit
701 5227 718 5253 ,
749 5185 812 5242 Si
855 5187 1126 5242 dixerimus
1167 5186 1284 5256 quia
1323 5194 1577 5255 peceatum
1608 5201 1706 5238 non
1737 5181 1890 5240 liabe-

399 5341 606 5416 953m
631 5341 1124 5416 ΑΨῑὲΕέδέἪὸ
1256 5403 1265 5413 .
1405 5415 1409 5416 ν
1621 5415 1629 5416 ,

401 5401 453 5463 b)
471 5401 564 5452 son
588 5404 758 5464 probat
775 5401 821 5467 id
838 5401 1024 5467 Pelagio
1041 5403 1298 5467 objectari;
1323 5415 1420 5467 quo
1441 5401 1635 5467 quidem
1660 5401 1898 5467 adversus

381 5417 453 5463 to)
471 5417 564 5452 son
588 5417 758 5464 pronai
775 5417 821 5452 ια
838 5417 1024 5514 Pelagio
1041 5417 1298 5465 Objectart;
1323 5417 1420 5467 quo
1441 5417 1635 5465 quidem
1660 5417 1896 5453 adversus

311 5477 434 5513 eum
449 5472 742 5526 argumento
753 5466 911 5528 utitur,
979 5465 1296 5528 erouymuslu
1321 5464 1521 5528 epistola
1537 5459 1595 5512 ad
1615 5463 1896 5527 Ctesiphon-

311 5533 420 5576 tem
443 5539 456 5574 :
484 5525 766 5590 saumquid
785 5560 800 5584 ,
822 5539 846 5568 ι
874 5525 1218 5590 ai_t,__¢‘pr‘.ecej
1237 5527 1272 5574 it
1311 5525 1424 5575 mihi
1467 5532 1593 5574 Deus
1614 5530 1690 5590 _ut
1731 5525 1896 5574 essem

321 5605 346 5632 ι
371 5587 498 5648 quod
521 5593 650 5654 Deus
668 5585 746 5654 est
763 5619 778 5642 ,
802 5593 856 5635 ut
879 5585 994 5636 nihil
1017 5585 1243 5654 iuterjne
1268 5594 1402 5654 esset
1425 5587 1746 5654 etpomintun
1759 5597 1897 5635 crea-

327 5665 346 5692 ι
373 5646 548 5710 torem,
569 5652 625 5694 ut
647 5646 796 5710 major
819 5659 980 5710 essem
1015 5646 1303 5710 Angelt‘u‘um
1340 5648 1534 5710 tastigio
1551 5681 1564 5704 ,
1591 5655 1642 5697 ut
1661 5647 1898 5710 haberem

321 5725 348 5754 ι
371 5708 500 5772 quod
523 5705 691 5772 Angcli
713 5705 806 5758 nou
825 5708 1041 5757 habent?
1062 5705 1236 5772 _De_illo
1259 5705 1486 5769 arriptum
1520 5715 1594 5758 est
1617 5708 1752 5770 quasi
1781 5720 1896 5769 pro-

323 5785 348 5812 ι
377 5769 546 5828 icium,
563 5769 646 5825 Qui
670 5779 916 5830 peccatum
942 5782 1034 5818 non
1057 5769 1186 5819 fecit.
1209 5786 1228 5813 ι

507 5923 510 5926 _
601 5843 872 5904 ΡΑΤΙιΟῐ..
921 5845 1137 5907 XLIV.

1663 337 1859 402 LIBER
1903 337 2099 401 UNL‘S.

3404 337 3508 399 266

1947 479 2058 515 mus
2080 505 2092 525 ,
2125 477 2214 516 nos
2254 461 2385 532 ipsos
2417 461 2688 531 decipimus
2713 503 2724 520 .
2750 467 2795 513 et
2833 459 3010 514 veritas
3049 457 3098 514 in
3129 457 3268 513 nobis
3308 475 3406 514 non
3447 471 3524 514 est

1946 553 1986 621 (I
2011 552 2166 606 Joan.
2198 568 2249 619 ι,
2281 551 2373 622 8);
2401 567 2581 607 verum
2612 551 2808 606 dixisse
2836 553 3052 606 minime
3075 551 3346 606 dubitetur
3365 594 3380 618 ,
3413 569 3481 610 ne
3503 555 3520 586 ‘

1947 655 2104 697 causa
2147 641 2452 697 humilitatis
2483 643 2580 697 huc
2625 642 2812 697 falsum
2853 643 3052 698 dixisse
3099 641 3357 698 videatur.
3391 645 3524 700 Pro-

1948 740 2127 800 pterea
2155 731 2296 785 enim
2337 732 2565 794 addidit,
2601 731 2668 786 Et
2691 734 2872 787 veritas
2895 733 2945 786 in
2973 728 3114 788 nobis
3137 751 3234 787 non
3266 745 3336 788 cst
3361 751 3377 787 :
3405 749 3525 789 cum

1948 819 2084 875 forte
2125 820 2392 877 sufficeret
2417 823 2624 887 dicere,
2661 819 2770 878 Nos
2805 825 2940 894 ipsos
2983 825 3292 894 decipimus;
3319 825 3419 880 nisi
3449 838 3532 880 at-

1951 911 2192 966 tcnderct
2231 911 2486 982 quosdam
2529 917 2712 984 putare
2765 929 2952 986 posse,
3007 913 3127 969 ideo
3173 913 3402 982 dictum,
3437 933 3528 969 nos

1949 1001 2085 1070 ipsos
2131 1000 2444 1070 decipimus,
2493 1003 2618 1072 quia
2661 1004 2819 1058 etiam
2865 1003 2931 1058 de
2972 1019 3098 1058 vero
3144 1005 3281 1060 bono
3328 1006 3415 1076 qui
3471 1022 3530 1061 se

1954 1088 2130 1143 laudat
2153 1091 2442 1146 extollitur.
2467 1091 2734 1147 'Addendo
2761 1093 2964 1162 itaque,
2997 1087 3066 1147 Et
3087 1091 3269 1148 veritas
3299 1091 3351 1148 in
3389 1093 3533 1152 nobis

1953 1195 2052 1232 non
2081 1189 2185 1246 est,
2217 1181 2495 1236 manifeste
2523 1181 2788 1247 ostendit,
2820 1184 2956 1237 sicut
2984 1183 3143 1239 etiam
3180 1183 3300 1240 huic
3345 1183 3532 1242 rectis-

1952 1269 2088 1324 sime
2113 1269 2315 1339 placet,
2347 1269 2448 1326 hoc
2484 1275 2700 1328 omnino
2737 1285 2919 1330 verum
2949 1291 3051 1330 non
3081 1292 3234 1344 esse,
3275 1275 3320 1331 si
3343 1278 3534 1334 dixeri-

1953 1377 2065 1415 mus
2095 1363 2213 1432 (γαῖα
2237 1373 2495 1433 peccatum
2525 1381 2624 1418 non
2664 1365 2904 1422 habemus
2936 1383 2956 1422 .°
2994 1385 3060 1424 ne
3101 1367 3370 1427 humilitas
3397 1389 3530 1430 cou-
3597 1427 3600 1430 .

1955 1452 2135 1506 stituta
2164 1453 2214 1507 in
2248 1463 2394 1523 parte
2416 1455 2687 1524 falsitatis,
2714 1459 2897 1526 perdat
2925 1459 3202 1529 prmmium
3235 1461 3491 1518 veritatis.

2025 1544 2112 1599 59.
2145 1544 2311 1599 Porro
2337 1555 2511 1600 autem
2540 1547 2677 1618 quod
2709 1548 2798 1604 Dei
2825 1565 3038 1605 causam
3070 1550 3167 1606 sibi
3195 1567 3352 1624 agere
3380 1555 3528 1612 vidc-

1957 1641 2060 1694 tur,
2092 1633 2424 1689 defendendo
2446 1643 2719 1704 naturam;
2748 1655 2849 1693 non
2879 1641 3102 1698 attendit
3125 1643 3264 1714 quod
3290 1645 3536 1702 eamdem

1958 1727 2197 1776 naturam
2227 1737 2408 1777 sanam
2436 1739 2552 1779 esse
2577 1723 2800 1782 dicimdo
2819 1771 2833 1794 ,
2867 1729 3055 1786 medici
3087 1733 3290 1803 rrpellit
3319 1734 3527 1792 miseri-

1959 1814 2218 1867 cordiam.
2269 1815 2382 1884 Ipse
2411 1825 2491 1870 est
2533 1827 2709 1872 autem
2761 1827 2970 1875 creator
3008 1821 3152 1892 ejus,
3188 1823 3278 1894 qui
3308 1825 3546 1892 salvator,

1960 1903 2092 1972 ejus.
2125 1904 2236 1959 Non
2277 1920 2404 1977 ergo
2443 1906 2698 1964 debemus
2741 1909 2818 1965 sic
2849 1911 3066 1968 laudare
3109 1925 3434 1982 creatorem,
3482 1928 3540 1974 ut

1959 2007 2239 2064 cogamur,
2273 1998 2378 2051 imo
2409 2013 2532 2056 vere
2557 2003 2578 2032 ⁸
2602 2001 2978 2058 convincuntur
3007 2001 3186 2060 dicere
3214 2006 3538 2076 superﬂuum

1961 2085 2294 2140 salvatorem.
2341 2087 2588 2144 Naturam
2617 2091 2794 2160 itaque
2839 2091 3065 2148 hominis
3087 2094 3261 2164 dignis
3299 2095 3542 2152 laudibus

1964 2172 2314 2244 honoremus,
2339 2193 2538 2250 easque
2579 2181 2764 2236 laudes
2813 2181 2876 2236 ad
2905 2185 3159 2239 creatoris
3189 2185 3408 2256 gloriam
3453 2204 3542 2242 rc-

1965 2266 2195 2323 feramus
2225 2285 2238 2322 :
2265 2267 2358 2324 sed
2401 2272 2522 2341 quia
2569 2287 2666 2328 nos
2694 2273 2926 2340 creavit,
2979 2277 3045 2329 ita
3075 2273 3242 2330 simus
3285 2279 3449 2348 grati,
3482 2289 3542 2334 ut

1965 2371 2070 2410 non
2119 2358 2320 2422 simus,
2365 2361 2486 2430 quia
2514 2371 2698 2430 sanat,
2753 2365 2964 2434 ingrati.
3013 2363 3150 2420 Vitia
3195 2381 3324 2424 satio
3366 2378 3543 2424 nostra

1966 2459 2084 2514 qua:
2114 2453 2296 2511 sanat,
2331 2461 2436 2502 non
2465 2449 2646 2505 divino
2673 2454 2852 2521 operi,
2893 2453 2986 2508 sed
3018 2451 3262 2510 humana:
3291 2458 3544 2512 voluntati

1962 2533 2224 2606 jusueque
2249 2537 2390 2594 illius
2418 2541 2662 2596 vindicta:
2693 2543 2986 2598 tribuamus
3031 2559 3045 2598 :
3085 2544 3177 2601 sed
3202 2557 3258 2602 ut
3287 2545 3336 2601 in
3355 2532 3548 2604 .nostra

1967 2635 2232 2697 potestate
2275 2628 2436 2686 fuisse
2467 2648 2533 2688 ne
2559 2633 2860 2689 acciderent
2903 2637 3251 2706 conlitemur,
3284 2640 3352 2694 ita
3381 2653 3436 2696 ut
3467 2656 3554 2694 sa-

1970 2726 2164 2773 nentur
2193 2718 2244 2772 in
2274 2719 2413 2776 illius
2441 2723 2608 2792 magis
2636 2737 2754 2778 esse
2784 2723 3142 2782 misericordia
3169 2744 3326 2798 quam
3372 2731 3421 2784 in
3451 2747 3550 2784 no-

1970 2815 2077 2861 stra
2105 2815 2367 2879 potestate
2413 2809 2694 2866 fateamur.
2727 2813 2874 2868 lianc
2915 2815 3012 2870 iste
3043 2805 3468 2874 misericordiam
3499 2829 3554 2876 et

1972 2899 2288 2956 medicinale
2314 2901 2600 2958 Salvatoris
2628 2905 2878 2960 auxilium
2909 2915 3108 2962 lautum
3141 2909 3193 2962 in
3236 2909 3337 2966 hoc
3364 2913 3550 2982 ponit,

1975 3001 2030 3046 ut
2059 2992 2297 3062 ignoscat
2343 2993 2626 3050 cetnmissa
2681 2993 2948 3064 prteterita
2971 3038 2984 3062 ,
3015 3011 3119 3052 non
3151 3008 3212 3052 ut
3250 2999 3464 3069 adjuvet
3486 3003 3555 3057 ad

1975 3081 2146 3137 futura
2173 3082 2406 3138 vitanda.
2437 3084 2530 3140 llic
2563 3083 3006 3155 perniciosissimo
3034 3085 3229 3144 fallitur
3259 3107 3271 3142 :
3308 3091 3393 3146 hic
3413 3133 3426 3157 ,
3454 3093 3556 3148 etsi

1975 3173 2219 3228 nesciens
2239 3214 2253 3238 ,
2286 3173 2534 3243 prohibet
2563 3185 2660 3232 nos
2688 3171 2905 3245 vigilare
2937 3181 2994 3232 et
3018 3193 3171 3234 orare
3197 3196 3264 3235 ne
3301 3181 3557 3239 intremus

1977 3260 2028 3315 in
2053 3263 2396 3318 tentatiouem
2417 3305 2434 3332 ,
2458 3279 2578 3319 cum
2609 3265 2711 3322 hoc
2749 3281 2816 3322 ne
2845 3267 2999 3323 nobis
3028 3269 3265 3338 accidat,
3298 3272 3348 3326 iu
3379 3285 3558 3330 nostra

1979 3360 2178 3406 tantum
2205 3361 2466 3424 potestate
2493 3369 2612 3411 esse
2637 3353 2926 3412 contendit.

2049 3443 2274 3499 CAPUT
2313 3443 2527 3500 XXXV.
2569 3477 2640 3488 -—-
2678 3449 2766 3502 40.
2823 3435 3174 3516 Quorumdam
3225 3469 3320 3507 cur
3369 3457 3560 3528 scripta

1980 3555 2114 3609 perc;
2132 3549 2202 3594 ta.
2234 3538 2524 3610 Desperatio
2548 3543 2600 3595 in
2638 3545 2852 3614 peccatis
2890 3544 3098 3614 perdere
3121 3563 3174 3600 se
3202 3556 3342 3618 putat
3373 3549 3418 3602 si
3439 3550 3561 3620 quid

1981 3649 2081 3684 non
2125 3633 2296 3702 fecerit
2333 3649 2429 3702 quo
2459 3633 2659 3704 instigat
2701 3635 2876 3689 libido.
2909 3634 2988 3690 An
3031 3639 3193 3692 sancti
3234 3641 3418 3694 mortui
3460 3641 3562 3694 sirt

1979 3725 2086 3777 sine
2129 3733 2350 3793 peccato.
2391 3743 2407 3776 ι
2445 3723 2801 3792 Quorumdam
2836 3744 2855 3778 ι
2891 3739 3016 3781 sane
3047 3746 3066 3779 ι
3102 3729 3342 3800 exempla
3365 3772 3379 3796 ,
3427 3746 3561 3802 quos

1983 3827 2232 3882 peccasse
2262 3815 2516 3884 legimus,
2557 3833 2574 3868 ι
2609 3830 2711 3869 non
2748 3835 2764 3867 ι
2805 3815 2925 3872 ideo
2973 3817 3168 3888 scripta
3207 3837 3225 3870 ι
3259 3819 3382 3874 dicit
3407 3822 3558 3891 ,'qui

1983 3921 2170 3961 sanum
2218 3909 2388 3977 sopit,
2427 3925 2445 3960 ι
2484 3915 2540 3962 ut
2581 3908 2648 3962 ad
2691 3907 3116 3980 desperationem
3166 3927 3268 3964 non
3311 3914 3561 3982 peccandi

1983 3999 2222 4062 valeant,
2255 4007 2308 4054 et
2330 3999 2666 4056 securitatem
2696 4001 2947 4071 peccandi
2970 4001 3121 4058 nobis
3148 4004 3373 4072 quodam
3405 4005 3563 4060 modo

1989 4091 2222 4159 praebere
2265 4091 2542 4146 videantur
2571 4110 2585 4146 :
2626 4112 2644 4145 ι
2677 4093 2768 4148 sed
2808 4102 2868 4147 ut
2893 4091 3218 4149 disceremus
3239 4137 3253 4160 ,
3278 4095 3358 4150 vel
3391 4097 3565 4167 paeni-

1989 4181 2132 4238 tendi
2175 4181 2524 4239 humilitatem
2546 4227 2560 4248 ,
2594 4185 2676 4239 vel
2704 4185 2860 4239 etiam
2903 4185 2955 4240 in
2985 4183 3172 4242 talibus
3201 4187 3434 4256 lapsibus
3459 4205 3563 4244 non

1989 4271 2373 4342 desperandam
2413 4275 2656 4328 salutem.
2685 4269 2908 4342 Quidam
2940 4271 3081 4330 enim
3121 4275 3172 4330 in
3203 4289 3414 4346 peccata
3447 4269 3568 4348 pro-

1991 4363 2120 4434 lapsi
2151 4363 2516 4432 desperatione
2547 4365 2664 4434 plus
2693 4375 2942 4435 pereunt,
2982 4382 3078 4422 nec
3102 4367 3278 4422 solum
3307 4371 3569 4438 perniten-

1991 4453 2041 4507 di
2089 4454 2357 4525 negligant
2395 4455 2711 4510 medicinam
2733 4497 2747 4520 ,
2793 4457 2884 4510 sed
2915 4457 2980 4512 ad
3007 4459 3262 4528 explenda
3293 4459 3568 4518 inhonesta

1991 4557 2044 4600 et
2088 4545 2284 4600 nefaria
2330 4545 2588 4602 desideria
2619 4546 2757 4602 servi
2791 4547 3061 4604 libidinum
3107 4560 3162 4606 et
3190 4553 3568 4610 sceleratorum

1990 4639 2332 4711 cupiditatum
2376 4639 2538 4706 liunt;
2580 4641 2728 4712 quasi
2775 4641 3029 4711 perdant,
3071 4643 3114 4698 si
3161 4659 3265 4698 non
3309 4646 3568 4712 fecerint,

1993 4731 2131 4800 quod
2183 4730 2395 4800 instigat
2447 4729 2640 4796 libido,
2694 4747 2812 4786 cum
2858 4747 2951 4786 eos
2990 4731 3099 4802 jam
3153 4747 3362 4789 maneat
3425 4747 3572 4793 certa

1993 4823 2281 4877 damnatio.
2334 4820 2603 4877 Adversus
2661 4822 2804 4876 hunc
2854 4821 3096 4876 morbum
3147 4823 3368 4879 nimium
3433 4827 3574 4896 peri-

1994 4909 2230 4967 culosum
2276 4921 2328 4966 et
2365 4911 2716 4974 exitiabilem,
2775 4911 2914 4967 valet
2963 4915 3395 4972 commemoratio
3444 4931 3572 4986 pee-

1995 5013 2232 5059 catorum
2290 5001 2448 5057 etiam
2515 5001 2568 5056 in
2633 5019 2752 5072 quae
2809 5003 2936 5074 justi
2998 5005 3272 5075 sanctique
3334 5010 3571 5080 prolapsi

1993 5101 2137 5154 sunt.

2066 5189 2154 5246 ιι.
2187 5187 2293 5243 Sed
2322 5195 2473 5241 acute
2494 5184 2702 5240 videtur
2727 5181 3072 5256 interrogare,
3104 5205 3120 5238 ι
3149 5189 3416 5256 quommlo
3444 5193 3573 5246 istos

1997 5281 2300 5336 sanctos'de
2324 5281 2424 5334 hac
2450 5277 2553 5332 vita
2589 5277 2784 5333 abiisse
2806 5277 3128 5333 credendum
3157 5280 3256 5346 sit,
3285 5297 3402 5336 cum
3447 5300 3573 5355 ρεθ-

1998 5357 2146 5440 cato,
2175 5387 2240 5426 an
2261 5371 2376 5426 sine
2401 5377 2634 5440 peccato.
2671 5388 2692 5422 ι
2725 5367 2792 5426 Ut
2822 5369 2866 5426 si
2894 5385 3205 5438 responsum
3232 5369 3408 5438 fuerit,
3441 5375 3570 5434 Cum

2001 5473 2248 5534 peccato,
2275 5468 2486 5530 putetur
2523 5471 2616 5512 cits
2659 5469 2838 5513 secuta
2886 5460 3190 5528 damnatio,
3239 5465 3378 5534 quod
3427 5467 3572 5552 nefa}

2001 5563 2080 5612 est
2103 5551 2322 5608 credere
2349 5551 2390 5613 ³;
2415 5551 2464 5622 si
2490 5559 2672 5605 autem
2689 5550 2804 5606 sine
2835 5545 3269 5620 pet-cato'tlictum
3299 5553 3448 5612 fuerit
3477 5545 3570 5613 eos

2067 5645 2080 5678 ι
2109 5653 2205 5692 Am.
2231 5647 2304 5690 Er.
2331 5649 2382 5690 et
2405 5654 2622 5704 (pnntu
2643 5648 2771 5699 titss.,
2795 5654 2898 5692 nec.

2021 5749 2026 5754 ,
2065 5707 2085 5766 ξ
2107 5704 2472 5766 cygiraunensis
2493 5707 2596 5766 bis,
2621 5715 2744 5752 vero.

2070 5764 2090 5793 ⁸
2112 5753 2332 5828 ιᾷιῖιίψιε
2351 5771 2472 5826 uss,
2492 5753 2670 5814 dicere.

3007 5851 3268 5928 {Neu/1,}
