3994 6178
433 299 538 360 261

429 377 604 492 exisse
645 411 714 468 de
738 411 838 467 hac
864 411 1002 477 vita,
1033 401 1224 480 probet
1266 409 1534 464 hominem
1555 409 1743 464 saltem
1789 405 2010 478 propin-

427 501 624 577 quante
649 510 819 558 morte
843 497 1008 556 fuisse
1032 499 1148 555 sine
1173 510 1392 572 peccato
1421 499 1475 554 in
1500 499 1600 554 hac
1623 499 1751 552 vita.
1793 495 1894 554 Ubi
1923 510 2017 562 pa-

429 608 548 649 rum
571 592 822 658 attendit,
843 607 973 668 cum
993 591 1065 648 sit
1099 590 1458 659 acutissimus,
1491 605 1598 647 non
1627 589 1824 645 frustra
1849 587 2012 644 etiam
2059 594 2092 610 ‘

427 683 599 754 iustos
627 682 681 738 in
708 682 948 738 oratione
971 680 1148 738 dicere
1166 722 1182 748 ,
1209 679 1422 736 Dimitte
1446 679 1588 735 nobis
1616 679 1784 734 debita
1807 687 2012 746 nostra,

428 775 556 829 sicut
576 773 624 828 et
667 789 757 844 nos
786 767 1083 830 dimittimus
1115 772 1420 828 debitoribus
1445 773 1630 828 nostris
1655 787 1675 827 :
1703 771 2015 828 Dominum-

430 857 533 932 que
563 862 831 920 Christum
849 905 864 930 ,
907 878 1028 920 cum
1055 861 1298 919 eamdem
1327 862 1623 919 orationem
1649 860 1890 918 docendo
1917 876 2016 916 ex-

431 941 737 1024 plicuisset,
788 953 1130 1010 veracissime
1157 949 1455 1010 subdidisse
1475 996 1490 1021 ,
1531 953 1594 1008 Si
1612 953 1744 1008 enim
1767 952 2017 1008 dimiseri-

428 1047 490 1100 tis
527 1027 731 1115 p'ecéaia
776 1039 1058 1098 hominibus
1077 1085 1092 1110 ,
1123 1043 1338 1098 dimittet
1367 1041 1502 1098 vobis
1529 1041 1685 1098 Pater
1709 1051 1867 1098 uester
1901 1057 2018 1112 pee-

430 1127 544 1189 eam
589 1127 770 1190 v’eitra.
828 1125 933 1192 Per
996 1129 1100 1192 hoc
1127 1135 1274 1192 enim
1322 1135 1687 1206 quotidianum
1739 1133 2017 1205 spirituale

430 1213 659 1296 quddam
682 1226 842 1308 modo
867 1219 1142 1284 incensum
1162 1269 1178 1296 ,
1206 1226 1347 1300 quod
1399 1235 1524 1283 ante
1553 1227 1719 1286 Deum
1764 1227 1820 1283 in
1847 1225 2018 1282 altare

429 1312 606 1373 cordis
628 1357 643 1384 ,
683 1317 825 1390 quod
852 1307 1064 1374 sursum
1111 1317 1309 1375 habere
1336 1317 1684 1374 admonemur
1701 1359 1718 1385 ,
1749 1317 1976 1372 infertur
1997 1357 2014 1383 ,

429 1403 639 1462 etiamsi
667 1423 773 1464 non
803 1407 889 1464 hic
915 1405 1121 1464 vivatur
1161 1407 1278 1464 sine
1305 1417 1522 1479 peccato
1540 1449 1556 1476 ,
1583 1405 1873 1466 licetmori
1897 1407 2018 1463 sine

343 1509 358 1524 ί
431 1495 683 1567 peccato,
725 1493 852 1554 dum
889 1497 1114 1555 subinde
1153 1499 1308 1555 venia
1351 1497 1586 1564 deletur,
1625 1497 1767 1568 quod
1795 1497 2018 1554 subinde

431 1577 724 1667 ignorantia
756 1589 839 1667 vel
863 1586 1168 1644 inﬁrmitate
1187 1588 1554 1667 committitur.
1593 1661 1601 1667 .

500 1661 727 1737 CM’UT
762 1659 1178 1736 XXXVI.—42.
1203 1660 1394 1736 Sancta
1418 1679 1556 1750 uirgo
1585 1661 1750 1734 Maria
1775 1677 1884 1733 sine
1910 1677 2018 1734 ulla

432 1767 552 1824 vixit
587 1773 810 1838 peccato.
843 1767 1034 1826 Nullus
1077 1763 1318 1840 prieterea
1357 1779 1644 1825 sanctorum
1679 1768 1862 1838 absque
1903 1783 2021 1840 pec-

429 1870 561 1915 cato.
577 1859 780 1916 Deinde
792 1870 1173 1916 commemorat
1187 1874 1300 1927 eos,
1324 1859 1444 1932 «qui
1459 1874 1566 1915 non
1583 1859 1743 1914 modo
1763 1874 1867 1914 non
1897 1873 2019 1928 pec-

431 1961 616 2016 casse,
651 1945 829 2005 verum
871 1949 1030 2005 etiam
1053 1949 1195 2020 juste
1238 1949 1437 2006 vixisse
1482 1946 1801 2024 referuntur,
1857 1947 2020 2016 Abel,

433 2037 638 2104 Enoch,
655 2039 1065 2108 Melchisedech,
1082 2039 1368 2110 Abraham,
1391 2040 1557 2107 Isaac,
1579 2041 1763 2108 Iacob,
1783 2040 1907 2096 Jesu
1925 2039 2020 2094 Na-

431 2145 516 2196 ve,
539 2129 788 2198 Phinees,
808 2130 1046 2199 Samuel,
1072 2129 1301 2198 Nathan,
1330 2119 1490 2198 Elias,
1525 2130 1744 2201 Ioseph,
1774 2131 2016 2196 Eliszrus,

431 2220 684 2288 Micheas,
715 2218 923 2290 Daniel,
957 2221 1210 2288 Ananias,
1239 2216 1487 2289 Azarias,
1513 2203 1714 2289 Misael,
1738 2219 2016 2285 Ezechiel,

433 2305 834 2380 Mardochteus,
880 2310 1135 2379 Simeo'n,
1181 2309 1383 2380 Ioseph
1412 2311 1497 2366 cui
1543 2309 1861 2380 desponsata
1903 2318 2021 2366 erat

437 2395 585 2469 iit-go
631 2389 828 2466 Maria,
877 2397 1134 2457 Joannes.
1192 2418 1211 2452 ι
1265 2381 1518 2472 Adjungit
1557 2399 1716 2454 etiam
1763 2398 2018 2465 feminas,

433 2503 455 2540 ι
505 2476 836 2567 Debboram,
892 2483 1099 2564 Annam
1165 2482 1428 2546 Samuelis
1487 2497 1746 2567 matrem,
1799 2487 2017 2554 Iudith,

433 2561 656 2647 Esiher,
689 2581 910 2636 alteram
939 2561 1146 2635 Annam
1187 2577 1349 2634 ﬁliam
1390 2577 1663 2646 Phanuel,
1705 2561 1976 2636 Elisabeth
1999 2619 2018 2648 ,

432 2672 599 2740 ipsam
644 2670 812 2727 "etiam
856 2668 1065 2726 Do'mi'ni
1101 2685 1166 2726 ac
1203 2665 1495 2726 Salvatoris
1541 2669 1710 2736 nostri
1754 2668 1978 2725 Matrem
2001 2709 2017 2734 ,

429 2765 590 2832 quam
635 2779 656 2814 ι
697 2759 826 2816 dicit
869 2779 888 2814 ι
926 2761 1041 2816 sine
1071 2769 1292 2832 peccato
1347 2758 1591 2816 confiteri
1636 2772 1856 2841 necesse
1899 2773 2020 2816 esse

431 2850 634 2924 pietati.
691 2851 712 2906 ὁ
763 2851 994 2923 Excepta
1043 2851 1224 2924 itaque
1267 2860 1448 2908 sancta
1469 2851 1675 2926 virgine
1719 2850 1917 2918 Maria,
1951 2849 2021 2908 de

429 2956 532 3014 qua
557 2945 774 3013 propter
803 2937 1066 3025 honorem
1095 2939 1303 2998 Domini
1329 2941 1532 2999 nullam
1560 2955 1784 3014 prorsus
1807 2955 1929 2998 cum
1952 2941 2020 2998 de

431 3035 662 3106 peccatis
707 3026 914 3104 agitur,
965 3033 1150 3091 haberi
1197 3035 1216 3068 ί
1255 3034 1376 3090 velo
1413 3031 1766 3104 quastionem
1813 3051 1828 3089 :
1879 3031 2019 3090 unde

430 3127 574 3183 enim
605 3127 804 3184 scimus
829 3125 956 3200 quid
999 3128 1051 3186 ei
1095 3124 1217 3200 plus
1242 3127 1427 3199 gratia:
1453 3127 1703 3184 collatum
1751 3124 1912 3182 fuerit
1947 3123 2019 3180 ad

429 3217 749 3298 vincendum
769 3213 914 3298 Omni
935 3233 1004 3274 ex
1031 3211 1180 3290 parte
1204 3227 1509 3290 peccatum,
1537 3232 1657 3290 quae
1683 3217 1968 3288 concipere
1995 3217 2018 3248 ³

430 3295 494 3366 tie
517 3306 706 3380 par'ere
725 3295 946 3378 meruit,
974 3325 1131 3382 quem
1161 3320 1372 3368 constat
1389 3311 1590 3368 nullum
1617 3309 1868 3368 habuisse
1893 3325 2021 3382 pec-

430 3399 648 3456 eatum?
674 3399 774 3456 hac
793 3415 921 3474 ergo
941 3391 1158 3472 Virgine
1178 3409 1418 3473 excepta,
1453 3403 1498 3458 si
1526 3416 1714 3464 omnes
1739 3398 1862 3458 illos
1887 3416 2016 3458 san-

430 3483 546 3548 ctos
566 3499 621 3548 et
648 3501 858 3548 sanctas
874 3533 890 3558 ,
918 3507 1040 3548 cum
1070 3493 1155 3548 hic
1182 3493 1458 3562 viverent,
1483 3508 1809 3565 congregare
1831 3508 2020 3565 posse-

432 3580 552 3666 mus
575 3593 628 3644 et
673 3585 1004 3656 interrogare
1047 3580 1224 3642 uti-um
1253 3595 1431 3642 essent
1457 3587 1574 3642 sine
1611 3595 1864 3658 peccato,
1890 3585 2018 3658 quid

430 3677 596 3736 fuisse
640 3691 993 3750 responsuros
1041 3677 1326 3748 putamus?
1371 3679 1550 3732 utrum
1598 3676 1700 3732 hoc
1742 3673 1883 3748 quod
1915 3677 2019 3732 iste

429 3769 559 3826 dicit
577 3812 592 3838 ,
619 3774 684 3826 an
716 3769 857 3842 quod
885 3767 1118 3826 Joannes
1155 3755 1464 3840 apostolus?
1502 3768 1652 3840 Rogo
1679 3783 1776 3824 vos
1794 3809 1811 3836 ,
1840 3782 2016 3838 quan-

434 3859 618 3918 talibet
643 3857 837 3916 fuerint
867 3860 918 3915 in
952 3855 1056 3915 hoc
1081 3873 1310 3930 corpore
1337 3857 1651 3915 excellentia
1679 3857 1972 3914 sanctitatis
1993 3898 2010 3922 ,

431 3953 478 4010 si
510 3951 614 4008 hoc
643 3949 963 4024 interrogari
1001 3949 1331 4022 potuissent,
1363 3963 1540 4005 nonne
1565 3948 1586 4026 ξ
1607 3962 1716 4004 una
1738 3961 1870 4004 voce
1903 3947 2018 4003 cla-

432 4041 702 4111 massent,
744 4039 804 4098 Si
847 4039 1122 4097 dixerimus
1157 4039 1276 4112 quia
1314 4046 1572 4112 peccatum
1613 4055 1714 4094 non
1742 4038 2014 4106 habemus,

432 4132 526 4192 nos
561 4133 696 4207 ipso‘s
719 4123 996 4205 decipimus
1017 4174 1034 4202 ,
1079 4141 1126 4188 et
1164 4132 1344 4187 veritas
1370 4131 1422 4186 in
1461 4129 1604 4186 nobis
1649 4145 1750 4184 non
1785 4129 1900 4186 est?
1935 4129 2022 4186 An

433 4220 566 4281 illud
604 4224 854 4280 humilius
883 4218 1271 4296 responderent
1313 4221 1574 4288 fortasse,
1619 4236 1778 4292 quam
1800 4219 2020 4278 verius?

435 4314 541 4374 Sed
571 4315 693 4370 h'uic
728 4313 838 4386 jam
867 4313 1076 4387 placet,
1125 4322 1180 4370 et
1207 4319 1354 4370 recte
1391 4313 1594 4384 placet,
1627 4331 1646 4365 ι
1679 4313 1889 4370 laudem
1919 4311 2022 4368 hu-

437 4405 678 4464 militalis
705 4405 757 4460 in
788 4413 937 4475 parte
964 4420 1069 4470 non
1101 4401 1302 4473 ponere
1330 4402 1594 4459 falsitatis.
1632 4421 1651 4456 ι
1693 4401 1877 4474 Itaque
1919 4401 2020 4458 hoc

436 4490 483 4552 si
508 4509 690 4551 verum
719 4493 989 4560 dicerent,
1021 4493 1280 4550 haberent
1301 4503 1611 4565 peccatum;
1639 4490 1779 4566 quod
1804 4482 2021 4547 h'umiii-

437 4596 518 4644 t‘er
546 4584 670 4656 quia
711 4583 1037 4650 faterentur,
1069 4583 1265 4642 veritas
1305 4584 1360 4639 in
1382 4583 1460 4640 eis
1496 4592 1639 4639 esset
1663 4575 1687 4613 λ
1715 4599 1728 4636 :
1753 4583 1796 4638 si
1842 4591 2022 4640 autem

440 4677 543 4732 hoc
579 4674 960 4740 mentirentur,
1009 4671 1357 4729 nihilominus
1406 4663 1666 4728 haberent
1706 4682 2019 4742 peccatum,

438 4759 561 4842 quia
588 4765 782 4822 veritas
808 4765 861 4820 in
883 4763 962 4821 eis
985 4779 1088 4820 non
1113 4773 1276 4819 esset.

499 4848 737 4917 ἐῖιιιυτ
773 4845 1036 4913 XXXVII.
1065 4886 1137 4897 —
1162 4855 1252 4912 l3.
1285 4853 1388 4909 Cur
1415 4851 1514 4908 non
1553 4853 1778 4909 omnium
1818 4865 2024 4928 peccata

442 4949 710 5022 Scriptura
735 4950 1214 5004 reuunemoraverit.
1240 4965 1259 5000 ι
1289 4945 1477 5002 Dicent
1503 4943 1748 5011 forsitan,
1773 4964 1792 4998 ι
1829 4947 2020 5016 inquit,

447 5061 467 5096 ι
511 5027 775 5112 Numquid
821 5039 1061 5095 omnium
1092 5037 1264 5109 potuit
1300 5034 1572 5107 Scriptura
1598 5051 2024 5093 commemorare

441 5132 696 5205 peccata?
734 5149 753 5184 ι
789 5131 852 5186 Et
885 5143 1070 5185 verum
1111 5126 1161 5183 ci
1191 5126 1404 5192 dicent,
1434 5126 1754 5198 quicumque
1795 5126 2018 5182 dicent:

505 5265 522 5297 ί
550 5263 761 5316 tncditis
779 5261 1058 5323 legebatur,
1085 5257 1280 5323 habere.
1311 5264 1372 5310 At
1399 5259 1456 5323 In
1487 5255 1836 5323 μη,

502 5327 524 5359 ³
549 5329 648 5374 Duo
669 5337 734 5374 ex
757 5317 976 5382 quinque
997 5317 1233 5382 Vaticanis
1255 5329 1396 5382 uss”,
1413 5318 1529 5370 inde
1541 5317 1678 5382 enim
1693 5317 1872 5382 scinuts
1893 5320 2022 5382 quod

438 5399 492 5439 θ’
507 5385 617 5454 PM
632 5377 807 5452 σηικᾶ
826 5377 1051 5454 φαοαῑη
1069 5381 1226 5454 Μ,
1251 5377 1636 5454 “ﬁmth
1656 5377 1868 5454 πρῖεεὲ
1885 5377 2026 5454 EF“

1184 5452 1280 5496 αα
1318 5445 1393 5494 εκ
1433 5439 2028 5508 memm-

442 5508 767 5620 ιῃῗ[ξι-διέξτῆ
1129 5567 1302 5628 mne,
1323 5572 1386 5616 ex
1400 5577 1500 5616 uno
1519 5563 1685 5617 calice
1708 5561 1918 5628 Belgica.
1931 5561 2024 5616 sed

442 5633 582 5684 abest
603 5643 633 5681 a
653 5631 848 5680 casteria
874 5629 1019 5679 editis
1041 5627 1465 5689 et

505 5696 526 5724 δ
557 5691 680 5753 apud
699 5696 772 5740 Er.
798 5698 850 5740 et
873 5696 984 5739 Iov.
1005 5697 1188 5753 mutato
1203 5685 1470 5753 verborum
1486 5687 1660 5738 auitae
1673 5685 1872 5752 legitur,
1889 5689 2020 5753 quod

505 5707 526 5724 ‘
557 5707 579 5738 Α
605 5707 680 5740 )υ(Ι
699 5707 772 5740 I‘J'.
798 5707 850 5740 ει
873 5707 984 5739 ιυν.
1005 5707 1188 5740 ωυιειω
1203 5707 1470 5740 νει-ηυτιιηι
1486 5707 1635 5738 σιύιιιι

443 5707 686 5808 nuntiiiter
708 5755 988 5818 faterentur,
1013 5751 1126 5817 quia
1149 5749 1321 5802 raritas
1336 5748 1384 5801 in
1407 5749 1477 5803 eis
1498 5757 1635 5805 esset.

1370 295 1458 352 DE
1496 293 1777 352 NATURA
1821 293 1908 348 ET
1949 291 2228 359 GRATIA,
2274 293 2332 348 S.
2378 293 2740 350 AUGUSTINI

2123 420 2224 462 nec
2287 422 2410 464 eum
2477 418 2662 463 contra
2724 409 2826 464 hoc
2866 407 3066 480 aliquid
3121 410 3358 470 validum
3417 411 3574 470 video
3619 429 3711 470 re-

2122 495 2435 565 spondisse;
2481 497 2725 567 quamvis
2777 497 2983 554 videam
3041 511 3219 557 tacere
3258 501 3512 560 noluisse.
3573 501 3712 570 Quid

2121 587 2264 641 enim
2322 587 2552 652 dixerit,
2614 603 2833 659 quaso,
2880 578 3158 648 attendite.
3196 609 3217 645 ι
3269 592 3413 660 Iloc,
3449 613 3469 648 ι
3503 595 3710 664 inquit,

2127 694 2147 728 ς
2181 687 2325 736 recte
2366 687 2544 750 potest
2580 677 2685 735 dici
2714 679 2782 735 de
2831 677 2915 734 his
2953 696 3180 752 quorum
3236 698 3410 754 neque
3450 684 3712 741 bonorum

2121 783 2294 839 neque
2331 763 2593 826 malorum
2620 769 2893 842 Scriptura
2942 771 3012 826 sit
3058 787 3264 828 memor
3286 791 3306 828 ς
3335 774 3402 830 de
3449 773 3557 831 illis
3585 791 3712 830 vero

2122 873 2347 930 quorum
2387 859 2606 930 iustitia:
2643 860 2919 927 meminit,
2953 870 3010 917 et
3071 871 3411 932 peccatorum
3453 865 3572 920 sine
3613 865 3713 920 du-

2121 949 2211 1006 bio
2274 950 2640 1019 meminisset,
2683 951 2729 1007 si
2769 967 2874 1022 qua
2917 965 3013 1008 eos
3054 966 3307 1023 peccasse
3366 954 3643 1010 sensisset.
3685 974 3705 1008 ι

2123 1037 2270 1094 Dicat
2299 1054 2430 1112 ergo
2467 1054 2574 1096 non
2602 1041 2924 1112 pertinuisse
2961 1041 3029 1097 ad
3065 1043 3326 1114 justitiam
3360 1053 3560 1100 tantam
3591 1047 3712 1101 illo-

2122 1144 2242 1185 rum
2286 1129 2447 1186 ﬂdem
2467 1169 2484 1198 ,
2530 1131 2621 1202 qui
2647 1146 2839 1202 magna
2882 1133 3214 1188 multitudine
3254 1133 3620 1206 plaudentes
3657 1145 3712 1192 et

2121 1227 2510 1292 consequentes
2537 1236 2659 1276 eum
2699 1219 2944 1278 laudibus
2991 1221 3204 1278 Domini
3243 1224 3464 1279 asellum
3485 1260 3502 1292 ,
3545 1225 3710 1282 etiam

2121 1311 2260 1369 inter
2289 1311 2578 1369 frementes
2595 1379 2600 1382 _
2617 1314 2784 1383 quare
2809 1311 2911 1368 hoc
2939 1313 3178 1368 facerent
3203 1313 3474 1379 inimicos,
3505 1315 3710 1370 clama-

2121 1403 2252 1458 bant
2275 1403 2550 1470 dicentes,
2586 1402 2834 1458 Hosamta
2867 1404 2977 1474 ﬁlio
3014 1386 3183 1460 Dauid
3212 1406 3267 1469 ¹;
3303 1406 3588 1462 benedictus
3623 1411 3710 1478 qui

2120 1495 2250 1551 venit
2271 1496 2325 1550 in
2351 1496 2552 1550 nentine
2588 1495 2796 1552 Domini
2825 1495 3036 1568 (Matth.
3067 1512 3157 1552 ut
3180 1541 3196 1563 ,
3224 1497 3311 1568 9).
3348 1498 3558 1562 Audeat
3579 1515 3710 1571 ergo

2121 1587 2300 1644 dicere
2328 1587 2462 1654 iste,
2500 1588 2548 1642 si
2595 1595 2802 1658 potest,
2831 1589 3098 1646 neminem
3137 1587 3302 1646 fuisse
3347 1589 3401 1645 in
3445 1599 3592 1647 tanta
3619 1591 3707 1648 illa

2122 1679 2496 1750 multitudine,
2533 1681 2622 1762 qui
2667 1679 2832 1736 ullum
2880 1680 3101 1738 haberet
3141 1680 3361 1738 omnino
3407 1691 3706 1752 peccatum.

2121 1769 2274 1839 Quod
2305 1769 2348 1824 si
2373 1769 2817 1826 absurdissimum
2839 1779 2926 1826 est
2949 1771 3158 1838 dicere,
3183 1785 3281 1827 cur
3321 1771 3464 1830 nulla
3490 1783 3708 1843 peccata

2122 1876 2308 1917 eorum
2329 1860 2600 1932 Scriptura
2627 1862 3097 1928 commemoravit,
3127 1877 3248 1933 qua:
3279 1871 3486 1918 tantum
3509 1863 3706 1920 bonum

2125 1949 2246 2006 ﬁdei
2271 1949 2510 2021 ipsorum
2533 1965 2958 2008 commemorare
2981 1950 3224 2007 curavit?

2192 2039 2280 2094 u.
2307 2038 2415 2100 Sed
2443 2041 2546 2096 hoc
2569 2040 2730 2096 etiam
2766 2039 2986 2096 forsitan
3013 2041 3132 2112 ipse
3151 2041 3312 2109 vidit,
3343 2051 3398 2098 et
3420 2041 3540 2100 ideo
3576 2042 3706 2098 sub-

2117 2129 2248 2198 jecit
2281 2138 2440 2201 atque
2475 2129 2590 2185 ait:
2631 2147 2650 2182 ι
2684 2129 2789 2186 Sed
2825 2140 2976 2196 esto,
3019 2131 3140 2186 aliis
3167 2132 3496 2202 temporibus
3537 2132 3708 2188 turbae

2125 2221 2505 2296 numerositate
2541 2221 2778 2276 omnium
2816 2221 3228 2278 dissimulaverit
3267 2231 3482 2293 peccata
3519 2230 3707 2278 conte:

2123 2325 2249 2366 sere
2277 2329 2292 2366 :
2324 2312 2377 2366 in
2407 2311 2523 2382 ipso
2563 2312 2742 2368 statim
2772 2311 2958 2367 mundi
3002 2311 3324 2382 primordie,
3365 2312 3458 2368 ubi
3495 2313 3707 2368 nonnisi

2123 2411 2349 2471 quatuor
2386 2401 2632 2458 homines
2671 2411 2856 2468 erant,
2902 2401 3028 2472 quid
3049 2443 3067 2470 ,
3105 2415 3125 2456 ι
3157 2403 3357 2473 inquit,
3389 2421 3409 2455 ι
3443 2402 3707 2472 dicimus;

2121 2505 2218 2548 cur
2237 2506 2346 2546 non
2367 2492 2608 2548 omnium
2636 2492 2864 2548 voluerit
2887 2492 3079 2550 delicta
3124 2493 3461 2550 memoraret
3485 2493 3707 2552 Hui-n-

2123 2594 2191 2634 ne
2220 2579 2450 2650 ingentis
2495 2581 2846 2638 multitudinis
2873 2597 3070 2652 causa,
3113 2598 3232 2654 quae
3277 2583 3516 2639 nondum
3549 2584 3706 2640 erat!

2124 2682 2211 2722 an.
2238 2669 2363 2742 quia
2405 2669 2620 2728 illorum
2666 2679 2868 2730 tantum
2897 2674 2988 2744 qui
3023 2674 3705 2747 cominiscratttmcmiait,

2123 2751 2261 2839 illius
2299 2773 2426 2814 vero
2451 2759 2542 2832 qui
2575 2759 2718 2816 nulla
2758 2762 3100 2820 commiserat
3120 2763 3435 2820 meminisse
3461 2779 3568 2821 non
3605 2781 3706 2836 po-

2124 2847 2260 2935 tuit?
2296 2867 2317 2902 ι
2350 2848 2541 2906 Adhuc
2570 2851 2591 2882 ⁸
2618 2850 2858 2921 adjungit
2882 2852 3078 2916 verba,
3103 2852 3296 2923 quibus
3325 2853 3424 2910 ista
3443 2856 3706 2910 sententia

2123 2938 2342 3021 uberius
2364 2949 2420 2996 et
2439 2940 2648 3012 planius
2665 2950 2933 2998 astruatur
2955 2959 2969 2996 :
2995 2959 3017 2995 ι
3049 2942 3228 3012 Certe,
3253 2959 3272 2996 ο
3305 2943 3507 3014 inquit,
3539 2961 3560 2998 ι
3593 2947 3704 3015 pri-

2122 3046 2211 3088 mo
2236 3031 2288 3086 in
2313 3037 2554 3102 tempore
2578 3032 2747 3088 Adam
2773 3042 2827 3088 et
2853 3033 2964 3089 Eva
2985 3075 3001 3101 ,
3031 3049 3100 3090 ex
3125 3035 3318 3106 quibus
3345 3035 3476 3098 Cain
3498 3044 3554 3115 et
3571 3036 3706 3100 Abel

2123 3121 2230 3177 nati
2272 3130 2432 3188 sunt,
2474 3115 2702 3194 quatuor
2740 3133 2946 3182 tantum
2991 3125 3236 3186 homines
3262 3126 3426 3185 fuisse
3467 3127 3708 3199 referun-

2123 3222 2210 3270 tur
2235 3229 2254 3268 :
2275 3215 2516 3295 peccavit
2535 3215 2665 3285 Eva,
2684 3215 2959 3288 Scriptura
2977 3217 3081 3274 hoc
3099 3218 3353 3289 prodidit,
3385 3219 3554 3276 Adam
3575 3234 3710 3290 qn-

2120 3319 2226 3376 que
2270 3304 2516 3376 deliquit,
2544 3305 2731 3364 eadem
2759 3306 3035 3380 Scriptura
3075 3323 3182 3366 non
3208 3310 3372 3367 tacuit
3391 3307 3547 3380 (Gen.
3574 3311 3658 3380 tu)
3692 3328 3708 3364 :

2119 3397 2217 3455 sed
2260 3406 2316 3454 et
2348 3395 2480 3455 Cain
2526 3413 2808 3470 peccasse,
2851 3401 2966 3472 ipsa
3012 3417 3167 3473 teque
3209 3401 3480 3472 Scriptura
3519 3409 3712 3458 testata

2121 3499 2204 3546 est
2247 3489 2361 3561 (Id.
2409 3490 2486 3564 tv)
2539 3509 2556 3547 :
2599 3507 2826 3563 quorum
2870 3507 2978 3550 non
3023 3495 3183 3554 modo
3223 3503 3478 3566 metata,
3519 3509 3710 3550 verum

2121 3583 2282 3659 etiam
2312 3591 2653 3652 peccaton
2674 3583 2872 3640 indicat
2891 3585 3224 3654 qualitatem.
3245 3583 3398 3652 Quod
3423 3585 3474 3642 si
3493 3595 3550 3640 et
3573 3585 3712 3640 Mitt

2123 3680 2428 3748 peccasset,
2467 3682 2522 3729 ct
2544 3672 2646 3730 hoc
2677 3675 2794 3730 sine
2817 3674 2979 3730 dubio
3002 3674 3276 3746 Scriptura
3316 3675 3540 3732 dixisset
3567 3693 3581 3728 :
3613 3675 3712 3732 sed

2122 3780 2228 3820 non
2253 3764 2424 3831 dixit;
2451 3780 2581 3836 ergo
2605 3781 2703 3821 nec
2740 3766 2828 3822 ille
2857 3770 3132 3836 peccavit;
3167 3764 3294 3835 quin
3317 3767 3482 3823 etiam
3506 3767 3710 3838 iustum

2121 3855 2375 3914 ostendit.
2419 3856 2714 3912 Credamus
2755 3857 2916 3928 igitur
2959 3858 3104 3929 quod
3165 3857 3438 3930 nimus,
3465 3866 3521 3914 'e't
3563 3857 3708 3928 quod

2123 3961 2231 4002 non
2252 3945 2505 4016 legimus,
2534 3945 2682 4002 nefas
2706 3945 2990 4002 credamus
3014 3957 3274 4004 astruere.
3310 3965 3331 4000 ι

2191 4033 2418 4094 CAPUT
2446 4034 2732 4092 XXXVIII.
2763 4067 2828 4078 —
2845 4037 2934 4093 45.
2955 4035 3082 4092 Cain
3101 4054 3164 4092 ca:
3179 4036 3287 4092 Eua
3307 4037 3715 4109 mutregenatisst

2123 4145 2214 4183 cur
2241 4135 2474 4200 putatum
2494 4143 2527 4182 a
2549 4127 2849 4201 quibusdam
2892 4129 3069 4199 fuerit.
3104 4126 3326 4184 Peracta
3339 4129 3635 4200 justam;
3657 4137 3714 4184 α

2116 4218 2291 4288 justus
2315 4217 2430 4288 quis
2457 4233 2564 4272 esse
2589 4225 2636 4271 et
2669 4217 2779 4272 sine
2805 4227 3012 4288 peccato
3035 4233 3135 4272 non
3158 4233 3270 4273 esse
3293 4227 3475 4290 potest.
3503 4217 3567 4273 Si
3587 4217 3714 4287 quid

2124 4311 2292 4393 minus
2315 4318 2388 4366 est
2411 4303 2694 4377 charitatis,
2715 4325 2779 4365 ea:
2801 4310 2922 4364 uitio
2942 4320 3032 4366 est.
3052 4309 3178 4366 Haec
3193 4309 3398 4378 dicens,
3417 4325 3604 4381 parum
3625 4317 3714 4364 at-

2127 4404 2448 4476 tenditquod
2471 4404 2630 4474 paulo
2649 4413 2774 4460 ante
2789 4404 2901 4472 ipse
2917 4403 3144 4472 dixerat,
3166 4421 3186 4456 ε
3207 4403 3319 4474 iam
3339 4413 3526 4460 exerta
3542 4402 3717 4477 amiti-

2127 4497 2308 4553 tudine
2333 4496 2546 4568 generis
2585 4495 2833 4562 humani,
2859 4495 3028 4550 turbae
3067 4495 3448 4550 numerositate
3476 4493 3716 4564 potuisse

2125 4588 2452 4661 Scripturam
2477 4577 2812 4644 dissimulare
2847 4586 3088 4645 etmiium
3113 4595 3329 4656 peccata
3355 4595 3660 4643 contexere.
3683 4593 3712 4636 ι

2129 4679 2242 4739 lloc
2279 4678 2421 4734 enim
2459 4677 2507 4732 si
2543 4677 2676 4733 satis
2711 4676 3047 4743 attendisset,
3077 4674 3282 4733 videret
3317 4675 3478 4731 etiam
3516 4675 3570 4728 in
3605 4685 3719 4729 uno

2129 4767 2344 4824 homine
2374 4767 2582 4822 turbam
2611 4775 2668 4822 et
2689 4765 3085 4822 multitudinem
3116 4775 3456 4837 peccatorum
3494 4763 3718 4830 levium,

2129 4858 2212 4914 vel
2243 4872 2347 4913 non
2375 4856 2650 4927 potuisse,
2681 4856 2766 4912 vel
2805 4857 2853 4912 si
2891 4857 3054 4912 etiam
3093 4856 3294 4926 potuit,
3335 4871 3442 4912 non
3468 4854 3719 4911 debuisse

2129 4947 2416 5004 conscribi.
2433 4947 2509 5002 Ea
2522 4947 2718 5020 quippe
2731 4948 2931 5019 scripta
2943 4947 3284 5020 sunt,quibus
3297 4957 3352 5004 et
3367 4945 3719 5009 haedus-adhi-

2131 5039 2335 5097 bendus
2362 5039 2478 5106 fuit,
2509 5049 2563 5094 et
2601 5039 2785 5109 paucis
2817 5040 3080 5110 exemplis
3113 5038 3183 5094 ad
3215 5039 3384 5097 multa
3411 5039 3719 5094 necessus:

2133 5134 2300 5190 lector
2316 5129 2678 5188 instruendus.
2710 5129 2842 5185 Nam
2863 5146 2984 5186 cum
3001 5131 3146 5202 ipsos
3166 5139 3293 5186 tunc
3309 5127 3576 5196 homines,
3595 5128 3720 5182 liam

2023 5281 2030 5288 ,
2129 5225 2304 5280 adhuc
2323 5237 2540 5295 paucos,
2555 5231 2685 5292 quot
2704 5221 2787 5277 vel
2808 5222 2899 5292 qui
2919 5221 3133 5287 fuerint,
3153 5220 3204 5276 id
3221 5229 3326 5288 est,
3347 5219 3514 5275 Adam
3527 5227 3581 5274 et
3607 5218 3716 5272 Eva

2130 5325 2260 5387 quot
2283 5313 2424 5370 alios
2451 5322 2506 5369 et
2532 5313 2665 5368 tilias
2695 5307 3116 5382 procreavewin't',
3141 5315 3196 5366 et
3219 5311 3340 5383 qam
3369 5304 3472 5366 illis
3501 5303 3718 5368 dehinc

2132 5401 2483 5478 ii‘nposuerint
2512 5404 2788 5476 Scriptura
2815 5399 3243 5464 commemorare
3279 5392 3514 5458 noluerit
3537 5403 3558 5472 (
3579 5394 3719 5458 inulc

2197 5567 2215 5599 ι
2238 5566 2310 5615 Sic
2345 5565 2493 5615 etiam
2524 5569 2635 5614 tm.
2673 5570 2800 5625 usa,
2847 5567 2960 5612 mn
3000 5560 3228 5625 vulgata;
3261 5567 3313 5610 at
3336 5555 3472 5624 editi,
3505 5541 3580 5622 ‘ﬁ'b'
3619 5553 3720 5605 ἠαδ

2130 5626 2336 5805 $1.5;
2333 5664 2440 5739 iss.
2470 5695 2524 5740 At
2557 5693 2688 5750 tom,
2712 5687 2779 5738 ad
2801 5687 2910 5738 hic:
2943 5697 2958 5736 :
2985 5691 3048 5736 ct‘
3077 5683 3211 5746 Mra,
3235 5681 3424 5748 pieizius
3445 5695 3461 5742 ,°
3485 5693 3584 5744 pr",
3615 5678 3714 5748 pte-

2185 5765 2258 5802 us.

2185 5765 2258 5802 us.
