4002 6178
251 448 358 504 ειῦῠ

251 563 495 620 nonnulli
528 576 719 633 parum
747 561 1153 617 considerantes
1183 573 1339 631 quam
1370 558 1533 614 multa
1571 558 1841 630 Scriptura

251 656 412 711 meite
436 660 756 725 prtelereat,
784 653 959 726 ipsum
989 651 1120 708 Cain
1148 667 1270 708 cum
1300 660 1469 707 matre
1495 650 1846 705 concubuisse

251 753 606 818 putaverunt,
628 744 774 801 unde
798 746 1002 816 prolem
1032 760 1150 815 quae
1174 750 1586 800 conmemorant
1612 751 1695 798 est
1722 756 1844 812 pro-

250 847 483 901 crearet,
511 846 766 910 putantes
791 837 900 891 illis
927 835 1052 891 liliis
1085 834 1256 890 Adam
1284 846 1498 890 sorores
1524 846 1629 887 non
1655 831 1841 897 fuisse,

248 929 373 999 quia
409 943 503 983 eas
528 928 808 998 Scriptura
837 936 964 981 tunc
990 927 1189 991 tacuit,
1224 934 1407 995 postea
1442 921 1843 993 recapitulando

248 1016 487 1073 inferens
534 1017 676 1088 quod
721 1017 1174 1087 praetermiserat,
1225 1014 1395 1070 Adam
1430 1013 1570 1068 illius
1612 1021 1667 1068 et
1710 1012 1843 1066 ﬁlias

246 1120 566 1178 proci-casse
608 1106 760 1181 (Gen.
792 1124 853 1174 v,
885 1108 978 1178 4),
1013 1122 1113 1161 nec
1145 1114 1355 1177 tempus
1389 1120 1496 1174 quo
1536 1104 1642 1159 nati
1681 1115 1839 1171 sunt,

245 1213 350 1253 nec
395 1210 677 1253 numerum
703 1239 719 1265 ,
764 1213 867 1253 nec
912 1196 1170 1253 vocabula
1214 1193 1528 1265 ostendens)
1574 1210 1586 1247 :
1625 1192 1697 1248 ita
1743 1208 1844 1249 nec

244 1287 781 1343 commemorandum
807 1287 925 1355 fuit,
947 1288 993 1342 si
1015 1287 1168 1350 Abel,
1191 1284 1437 1356 quamvis
1457 1286 1648 1339 merito
1663 1284 1842 1354 justus

242 1380 549 1450 appellatus
575 1388 693 1444 est,
723 1381 882 1449 paulo
917 1379 1323 1434 immoderatius
1361 1376 1645 1447 aliquando
1687 1377 1837 1441 risit,

242 1472 332 1526 vel
368 1470 534 1525 animi
564 1472 884 1526 remissione
908 1471 1118 1541 jocatus
1142 1479 1243 1536 est,
1275 1469 1359 1525 vel
1388 1468 1519 1523 vidit
1544 1467 1744 1539 aliquid
1773 1467 1840 1521 ad

240 1560 770 1630 concupiscendum,
815 1561 897 1616 vel
937 1561 1206 1632 aliquanto
1245 1559 1648 1614 immoderatius
1685 1573 1838 1628 poma

244 1651 555 1720 decerpsit,
594 1654 679 1709 Vel
726 1654 968 1723 plusculo
1006 1654 1128 1709 cibo
1168 1654 1384 1710 crudior
1422 1636 1553 1721 fuit,
1595 1653 1679 1709 Vel
1716 1670 1837 1709 cum

242 1750 429 1796 oraret
450 1742 706 1811 cogitavit
734 1741 933 1813 aliquid
967 1742 1106 1798 unde
1133 1743 1250 1813 ejus
1281 1744 1332 1797 in
1360 1742 1501 1797 aliud
1529 1754 1841 1799 avocaretur

243 1831 496 1898 intentio,
526 1840 581 1888 et
602 1834 814 1904 quoties
836 1833 910 1889 illi
927 1834 1031 1890 ista
1057 1846 1121 1889 ac
1146 1833 1336 1890 similia
1364 1834 1530 1890 multa
1559 1835 1841 1904 subrepse-

146 1978 151 1985 ,
243 1925 370 1977 rint.
399 1927 483 1978 An
508 1923 645 1979 forte
666 1930 881 1995 peccata
905 1940 1010 1981 non
1036 1934 1188 1990 sunt,
1214 1923 1282 1980 de
1300 1924 1495 1995 quibus
1510 1924 1838 1995 generaliter

244 2015 505 2069 cavendis
525 2025 684 2086 atque
708 2015 1021 2072 cohibendis
1047 2015 1397 2072 admonemur
1418 2026 1685 2087 prtecepto
1710 2031 1837 2086 θίγοι

242 2105 438 2161 stolico
457 2147 473 2172 ,
502 2107 590 2162 ubi
618 2107 777 2172 dicit,
811 2105 929 2162 Non
955 2124 1071 2180 ergo
1104 2117 1272 2178 regnet
1307 2115 1568 2177 peccatum
1594 2107 1646 2161 in
1674 2118 1835 2161 vestro

240 2196 451 2251 mortali
470 2208 684 2268 Corpore
705 2197 772 2251 ad
792 2198 1120 2252 obedientium
1145 2197 1406 2252 desideriis
1428 2196 1538 2268 ejus
1559 2194 1737 2265 (Rom.
1759 2212 1832 2262 Vl,

246 2286 380 2357 12)?
408 2287 505 2343 llis
524 2289 724 2359 quippe
748 2300 817 2345 ne
846 2286 1157 2345 obedianms
1180 2287 1245 2343 ad
1275 2304 1335 2344 ea
1366 2303 1485 2359 qua:
1512 2303 1618 2343 non
1641 2287 1830 2350 licent,

244 2380 327 2435 vel
356 2380 538 2436 minus
567 2381 797 2448 decent,
826 2379 1131 2452 quotidiana
1173 2390 1227 2437 et
1268 2388 1521 2451 perpetua
1558 2379 1836 2436 conﬂicta-

242 2475 724 2530 tionec‘ertandum
741 2485 843 2531 est.
867 2475 998 2531 Nam
1022 2476 1202 2545 utique
1222 2489 1288 2531 ex
1314 2473 1415 2530 hoc
1438 2475 1564 2530 vitio
1584 2475 1831 2534 mittitur,

212 2549 327 2621 ’γει
354 2567 643 2622 dimittitur
671 2567 856 2623 oculus
876 2607 891 2634 ,
924 2578 1029 2638 quo
1059 2581 1164 2622 non
1195 2574 1445 2637 oportet:
1475 2563 1616 2637 quod
1649 2565 1831 2619 vitium

244 2657 288 2709 si
311 2657 646 2712 convaluerit
682 2665 736 2714 et
772 2658 1109 2729 praevaluerit
1129 2699 1143 2722 ,
1168 2657 1327 2712 etiam
1358 2654 1680 2711 adulterium
1709 2668 1833 2727 per-

247 2760 487 2815 peti-ator
528 2748 584 2803 in
622 2762 885 2819 corpore,
926 2747 1066 2819 quod
1106 2749 1160 2803 in
1188 2745 1350 2803 corde
1379 2756 1528 2802 tanto
1565 2745 1620 2819 ﬁt
1646 2747 1830 2809 citius,

246 2852 447 2907 quamo
485 2849 571 2895 est
608 2841 859 2909 cogitatio
889 2834 1114 2895 celerior
1135 2880 1149 2906 ,
1179 2849 1233 2894 et
1258 2838 1458 2892 nullum
1485 2835 1835 2906 itnpcdjmcn-

249 2940 359 2983 tum
392 2944 686 2985 morarum.
716 2928 829 2984 Hoc
868 2938 1140 3000 peccatum
1162 2971 1177 2995 ,
1208 2927 1260 2983 id
1297 2932 1379 2983 est
1399 2969 1411 2993 ,
1452 2927 1592 2980 hunc
1630 2925 1834 2981 vitiosa:

246 3018 547 3074 auctionis
581 3020 874 3089 appetitum
897 3020 989 3090 qui
1016 3034 1204 3089 magna
1234 3033 1299 3074 ex
1342 3024 1493 3087 parte
1521 3014 1830 3082 frcnarunt,

246 3120 302 3163 ut
331 3125 442 3164 non
478 3109 765 3165 obedirent
803 3109 1083 3163 desideriis
1106 3107 1225 3179 ejus
1247 3150 1260 3173 ,
1298 3121 1397 3163 nec
1431 3105 1750 3162 exhibet-ent
1784 3106 1833 3160 ci

246 3199 484 3255 membra
519 3214 616 3255 sua
659 3215 805 3254 arma
855 3198 1183 3270 iniquitatis,
1212 3199 1369 3253 etiam
1410 3197 1537 3267 justi
1580 3195 1833 3265 appellari

244 3301 597 3350 meruerunt;
620 3302 674 3346 et
702 3291 826 3357 hoc,
852 3289 1117 3360 adjutorio
1139 3289 1323 3360 gratia:
1351 3287 1465 3342 Dei.
1490 3286 1683 3367 Verum
1710 3286 1834 3356 quia
1871 3309 1874 3312 ~

243 3398 389 3454 smpe
416 3385 472 3438 in
498 3383 783 3438 levissimis
816 3389 871 3439 et
907 3382 1189 3453 aliquando
1216 3380 1440 3436 incautis
1466 3378 1674 3448 obrepit
1705 3392 1831 3449 pce-

242 3484 453 3538 catum;
481 3484 534 3529 et
559 3473 686 3544 justi
714 3474 958 3538 fuerunt,
987 3483 1045 3528 et
1074 3473 1190 3527 sine
1216 3478 1437 3541 peccato
1463 3484 1568 3525 non
1593 3466 1828 3525 fuerunt.

247 3562 527 3621 Postremo
554 3564 598 3619 si
624 3566 678 3619 in
706 3563 838 3620 Abel
864 3564 1007 3633 justo
1032 3560 1262 3618 charitas
1289 3560 1382 3616 Dei
1402 3600 1417 3626 ,
1445 3574 1549 3631 qua
1575 3572 1679 3614 una
1706 3571 1833 3614 vero

240 3658 414 3722 justus
442 3663 528 3710 est
553 3653 875 3724 quicumque
899 3653 1073 3723 justus
1098 3660 1199 3717 est,
1228 3650 1547 3706 adhuc-erat
1573 3663 1679 3719 quo
1708 3664 1831 3719 pos-

243 3755 325 3800 set
364 3753 421 3800 et
460 3744 683 3800 deberet
718 3745 897 3814 augeri
935 3741 1012 3814 (α)
1038 3784 1052 3807 ,
1093 3740 1347 3813 quidquid
1387 3740 1564 3795 minus
1594 3750 1737 3806 enat,
1763 3750 1828 3793 ex

244 3836 374 3890 vitio
400 3844 539 3890 erat.
572 3835 639 3889 Et
664 3834 748 3891 cui
772 3848 878 3888 non
912 3834 1092 3888 minus
1115 3833 1215 3896 sit,
1252 3830 1423 3886 donec
1448 3828 1515 3884 ad
1542 3829 1685 3884 illam
1715 3828 1831 3898 ejus

245 3925 610 3982 fortitudinem
642 3926 884 3982 veniatur
903 3968 918 3995 ,
947 3925 1035 3981 ubi
1077 3934 1186 3979 tota
1212 3921 1450 3979 hominis
1478 3922 1832 3977 absorbeatur

242 4017 529 4071 inﬁrmitas
542 4016 568 4070 ἲ
1778 4011 1795 4027 ’

306 4105 544 4162 CAPUT
582 4100 824 4161 XXXIX.
868 4136 942 4146 —
982 4098 1071 4161 46.
1112 4104 1259 4158 Idem
1294 4108 1536 4159 tractatur
1561 4112 1830 4174 argumen-

244 4206 370 4251 tum.
394 4196 581 4267 Bagoa
604 4198 759 4267 plane
776 4196 1046 4253 sententia
1061 4196 1326 4252 conclusit
1349 4194 1489 4250 hmie
1510 4196 1684 4250 locum
1707 4206 1827 4250 eum

242 4289 318 4343 ait
346 4289 661 4343 ξιξ-τάπητας
689 4290 845 4359 igitur
878 4289 1015 4360 quod
1051 4288 1259 4359 legimus
1278 4330 1292 4354 ,
1323 4299 1368 4342 et
1395 4286 1529 4357 quod
1562 4304 1662 4341 non
1699 4286 1828 4357 legi-

244 4396 354 4432 nms
372 4420 387 4443 ,
414 4378 559 4448 nefas
584 4381 849 4434 credulitas
886 4390 1148 4445 asn‘ucrc,
1178 4381 1313 4449 quod
1353 4379 1415 4431 de
1448 4380 1637 4432 minatis
1678 4382 1827 4433 etiam

244 4471 431 4523 dum
451 4468 679 4541 suﬁciat.
707 4470 905 4525 Contra
932 4484 1031 4539 ego
1061 4469 1202 4535 dico,
1229 4484 1325 4523 nec
1355 4484 1513 4525 omne
1534 4470 1672 4537 quod
1696 4470 1825 4538 legi-

240 4575 364 4612 mus
382 4560 601 4614 credere
623 4576 721 4614 nos
739 4560 958 4625 debere,
986 4569 1202 4630 propter
1223 4559 1348 4612 illud
1371 4559 1510 4627 quod
1542 4558 1827 4628 Apostolus

240 4651 318 4701 ait
338 4689 353 4710 ,
391 4648 577 4702 Omnia
616 4642 797 4721 legite,
824 4665 939 4722 qua:
963 4650 1091 4703 bona
1131 4658 1245 4703 sunt
1285 4648 1521 4719 tenete“
1553 4648 1725 4704 Thess.
1759 4665 1822 4713 v,

230 4738 335 4807 ﬂ;
368 4748 466 4795 :et
488 4749 731 4795 astruere
750 4739 950 4809 aliquid
975 4739 1132 4794 etiam
1159 4738 1300 4809 quod
1330 4753 1433 4793 non
1458 4739 1701 4808 legimus,
1730 4757 1825 4795 ne-

235 4829 323 4883 fas
342 4840 456 4884 non
475 4844 619 4885 esse.
640 4831 939 4885 Possumus
972 4830 1119 4884 enim
1149 4829 1345 4900 aliquid
1368 4831 1507 4883 bona
1535 4830 1636 4884 lide
1667 4840 1826 4886 testes

236 4930 483 4976 astruere
506 4921 648 4992 quod
675 4921 883 4991 experti
904 4932 1108 4984 smnus,
1134 4921 1291 4975 etiam
1316 4920 1362 4972 si
1382 4920 1527 4975 forte
1550 4934 1655 4975 non
1692 4922 1824 4990 legiL

234 5028 382 5066 ntus.
408 5012 508 5067 Hic
537 5013 762 5068 fertasse
784 5012 1093 5082 vespmidet,
1121 5012 1228 5082 Ego
1246 5029 1362 5065 cum
1389 5012 1482 5066 hoc
1503 5014 1737 5079 dicerem,
1762 5012 1825 5068 de

232 5107 525 5177 Scriptum
551 5109 737 5162 sanctis
767 5107 998 5178 agebant.
1024 5105 1074 5161 0
1104 5107 1303 5161 utinam
1323 5147 1338 5172 ,
1378 5120 1482 5160 non
1523 5105 1644 5162 dico
1680 5108 1820 5162 aliud

223 5215 395 5269 quam
426 5199 478 5252 in
498 5199 606 5252 illis
634 5200 850 5253 bitter-is
882 5197 1042 5267 legit,
1075 5210 1257 5252 verum
1283 5207 1466 5251 contra
1498 5195 1547 5251 id
1576 5198 1714 5266 quod
1736 5201 1821 5252 le-

227 5296 332 5365 git,
365 5291 499 5346 nihil
531 5292 695 5346 vellet
727 5288 1000 5344 astruere!
1035 5287 1261 5343 ﬁdeliter
1290 5299 1343 5343 et
1381 5286 1694 5342 obudicntcr
1722 5304 1818 5342 au-

224 5387 375 5439 diret
403 5383 547 5454 quod
567 5384 822 5451 scriptum
850 5392 953 5445 est,
979 5378 1081 5434 Per
1110 5397 1267 5434 unum
1288 5380 1538 5433 hominem
1563 5391 1821 5449 peccatum

224 5476 437 5530 intrauit
465 5474 518 5528 in
548 5475 827 5538 mundum,
876 5482 922 5526 et
959 5488 1048 5542 per
1086 5480 1345 5541 peccatum
1387 5485 1558 5531 mors;
1593 5480 1637 5522 ct
1675 5470 1743 5522 ita
1769 5470 1821 5523 in

299 5632 374 5692 (α)
408 5628 650 5689 tntellige,
674 5641 772 5692 quo
798 5634 963 5692 posset
982 5635 1033 5692 et
1053 5625 1263 5692 deberet
1284 5623 1374 5672 hac
1395 5624 1458 5692 _in
1496 5625 1590 5671 vita
1629 5626 1815 5692 augeri.

226 5710 257 5741 ι
298 5686 467 5755 neque
509 5686 639 5755 enim
661 5724 677 5748 ,
694 5686 723 5733 ὂ
751 5686 821 5739 ait
858 5690 985 5738 libro
1005 5689 1264 5755 de‘s'piritu
1289 5694 1339 5755 et
1361 5687 1625 5755 Littera,_:_i_._
1649 5686 1759 5743 63,.
1780 5688 1818 5755 si

231 5776 259 5801 ι
432 5753 643 5817 nondum
665 5747 831 5817 potest
854 5758 983 5817 tanta
1016 5747 1216 5817 dilectio
1236 5748 1333 5806 Dei,
1361 5757 1536 5817 quanta
1563 5747 1626 5794 illi
1652 5750 1819 5817 cogni-

233 5835 256 5863 ο
284 5816 405 5864 tiuni
431 5812 590 5883 plene
608 5809 1180 5883 perlecttequedehetur,
1196 5810 1299 5883 jam
1322 5809 1819 5883 cttipa_dejiuta:iclttiit

233 5895 260 5926 ι
292 5884 389 5928 est.
414 5869 443 5922 ί
468 5875 583 5925 Vide
610 5869 925 5928 init-alituum
941 5875 1001 5920 de
1020 5869 1323 5922 l'e‘rfcctieuc
1356 5871 1564 5933 iustitiae,
1593 5884 1637 5917 n.
1673 5872 1739 5920 15.

1658 440 1858 502 LIBER
1897 439 2094 503 UNUS;

3384 507 3391 515 ,
3422 444 3528 507 9.7.0

1955 577 2125 615 omnes
2168 561 2394 618 homines
2432 560 2724 634 pertransiit
2746 609 2761 631 ,
2802 568 2853 621 in
2891 580 2988 638 quo
3013 581 3181 624 attines
3209 578 3540 634 ρσωααεηκι

1956 652 2130 721 (Rom.
2163 668 2213 722 ν,
2249 656 2336 727 η)
2362 675 2373 710 :
2398 664 2579 712 etnon
2604 657 2894 714 inmutaret
2916 660 3048 715 tanti
3066 660 3261 715 medici
3283 661 3531 733 gratiam,

1952 743 2076 799 dum
2104 743 2257 801 fateri
2285 761 2388 801 non
2410 748 2522 801 vult
2546 756 2787 802 naturam
2814 748 3097 804 humanam
3121 764 3247 806 esse
3268 752 3530 807 vitiatam.

1951 836 1997 889 υ
2039 837 2239 891 utinam
2284 839 2422 893 sicut
2460 838 2782 895 christianos
2827 840 3028 909 legeret
3048 848 3065 905 ’,
3107 849 3306 911 prater
3345 842 3531 899 desum

1951 926 2217 981 Christum
2243 928 2445 984 nullum
2469 944 2587 985 esse
2605 938 2801 987 nomen
2822 933 2922 987 sub
2939 933 3096 1000 etelo,
3120 934 3172 988 in
3193 948 3300 1004 quo
3319 944 3532 1005 oportet

1950 1017 2125 1071 salvos
2140 1017 2254 1072 fieri
2272 1032 2367 1073 nos
2380 1019 2511 1089 (Act.
2528 1035 2601 1087 tv,
2619 1018 2707 1089 l2)
2726 1039 2739 1076 :
2758 1031 2811 1076 et
2832 1036 2935 1077 non
2959 1023 3361 1093 possibilitatem
3378 1034 3532 1081 natu-

1950 1125 2023 1164 rte
2050 1110 2292 1165 humanae
2323 1112 2393 1165 ita
2421 1112 2747 1177 defenderet,
2766 1124 2821 1168 ut
2842 1113 2999 1170 homo
3023 1130 3116 1184 per
3137 1116 3359 1172 liberum
3383 1108 3531 1172 orbi-

1950 1200 2105 1254 trium
2121 1201 2278 1255 etiam
2297 1202 2411 1257 sine
2425 1202 2523 1256 isto
2534 1203 2749 1259 nomine
2760 1203 2941 1261 salvus
2952 1220 3239 1275 esseposse
3253 1199 3523 1265 credatur!

2017 1290 2243 1346 CAPUT
2282 1290 2393 1346 XL.
2426 1323 2498 1333 —
2524 1294 2612 1348 47.
2646 1294 2904 1349 Christum
2938 1297 3004 1349 ad
3037 1298 3158 1367 quid
3192 1299 3526 1352 manuarium

1947 1380 2088 1433 nobis
2117 1382 2273 1451 fuisse
2311 1384 2502 1451 putt-rvit
2545 1383 2803 1456 Pelagius.
2832 1385 2941 1441 Sed
2970 1394 3117 1456 putat
3152 1387 3376 1444 fortasse
3406 1388 3526 1444 ideo

1948 1474 2301 1527 necessarium
2316 1488 2434 1529 esse
2445 1470 2642 1530 Christi
2659 1490 2849 1532 nomen
2858 1486 3044 1548 ,ulper
3056 1479 3170 1549 ejus
3184 1480 3523 1550 Evangelium

1944 1562 2211 1617 discamus
2236 1565 2681 1634 quemadmodum
2703 1567 2881 1622 vivere
2903 1567 3211 1635 debeamus,
3234 1585 3339 1624 non
3360 1570 3522 1624 etiam

1947 1660 2002 1706 ut
2027 1653 2142 1721 ejus
2165 1653 2477 1724 adjuvemur
2494 1657 2683 1726 gratia,
2711 1671 2818 1728 quo
2844 1644 2979 1713 bene
3000 1659 3257 1714 vivamus.
3282 1659 3378 1715 Vel
3398 1659 3525 1716 hinc

1944 1742 2131 1797 saltem
2157 1746 2468 1800 confiteatur
2483 1760 2608 1802 esse
2627 1746 2960 1803 miserabiles
2987 1749 3236 1804 tenebras
3265 1750 3318 1803 in
3343 1750 3524 1804 animo

1945 1832 2178 1889 humano
2197 1874 2211 1898 ,
2240 1834 2329 1904 qui
2364 1836 2465 1891 scit
2494 1837 2942 1907 quemadmodum
2968 1837 3159 1893 debeat
3185 1839 3395 1894 leonem
3421 1838 3524 1894 do-

1942 1937 2091 1978 mane
2111 1960 2127 1991 ,
2165 1932 2220 1980 et
2260 1926 2431 1981 nescit
2455 1925 2904 1996 quernadmwum
2932 1928 3130 1983 vivere.
3157 1928 3236 1982 An
3262 1939 3317 1984 et
3341 1928 3443 1983 hoc
3468 1939 3526 1985 ut

1942 2015 2074 2067 sciat
2111 2014 2308 2070 sufﬁcit
2346 2016 2395 2071 ei
2428 2016 2653 2072 liberum
2693 2017 2969 2072 arbitrium
3000 2019 3188 2088 lexque
3229 2019 3522 2076 naturalis?

1940 2104 2065 2160 llaec
2091 2115 2172 2160 est
2196 2109 2452 2176 sapientia
2485 2109 2665 2178 verbi,
2692 2124 2794 2180 qua
2832 2119 3120 2166 evacuatur
3144 2126 3274 2166 crux
3300 2110 3519 2167 Christi.

1941 2195 2046 2250 Sed
2070 2197 2157 2265 qtti
2180 2196 2335 2263 dixit,
2361 2195 2585 2252 Perdant
2602 2196 2904 2269 sapientiam
2928 2200 3245 2271 sapientum;
3275 2202 3396 2271 quia
3420 2202 3519 2257 ista

1939 2292 2203 2340 cruX'non
2232 2294 2405 2356 potest
2433 2288 2699 2354 evacuari,
2729 2289 2969 2359 profecto
3004 2290 3160 2345 istam
3202 2288 3521 2361 sapientiam

1943 2387 2037 2444 per
2068 2377 2343 2431 stultitiam
2377 2378 2787 2448 praedicationis,
2812 2394 2914 2450 qua
2935 2380 3215 2437 credentes
3243 2394 3517 2450 sanantur,

1940 2467 2126 2520 evertit
2157 2464 2199 2539 (ι
2224 2467 2342 2522 Cor.
2375 2484 2419 2535 ι,
2454 2470 2536 2535 l7,
2566 2468 2652 2536 l9,
2676 2469 2791 2539 2|).
2824 2469 2880 2525 Si
2906 2471 3046 2525 enim
3073 2472 3397 2541 possibilitas
3420 2486 3519 2528 na-

1941 2557 2126 2612 ttn'alis
2152 2573 2248 2627 per
2288 2557 2513 2615 liberum
2544 2560 2860 2630 arbitrium,
2892 2573 2943 2617 et
2979 2563 3047 2618 ad
3087 2565 3518 2635 cognoscendum

1939 2647 2203 2716 quomodo
2231 2649 2409 2705 vivere
2431 2650 2655 2717 debeat,
2685 2663 2737 2707 et
2766 2652 2831 2707 ad
2862 2654 2994 2708 bene
3021 2654 3300 2709 viventium
3325 2655 3522 2711 sufficit

1940 2736 2075 2803 sibi;
2108 2748 2226 2807 ergo
2256 2736 2486 2793 Christus
2509 2742 2668 2810 gratis
2705 2753 2930 2795 mortuus
2954 2752 3028 2796 est
3048 2742 3243 2813 (Colat.
3282 2759 3318 2797 tt
3338 2781 3354 2811 ,
3384 2744 3515 2816 2i);

1939 2843 2056 2897 ergo
2092 2838 2384 2882 erat-uatum
2415 2839 2487 2883 est
2523 2830 2819 2884 scandalum
2855 2832 3037 2884 crucis.
3068 2831 3174 2886 Cur
3212 2840 3314 2886 non
3356 2835 3518 2888 etiam

1938 2931 2035 2989 ego
2057 2917 2141 2972 hic
2161 2920 2478 2973 exclamem?
2499 2921 2607 2976 into
2627 2921 2957 2987 cxclamabo,
2981 2931 3034 2976 et
3057 2922 3171 2978 istis
3192 2923 3518 2994 increpitabo
3555 2955 3561 2963 ~

1938 3007 2119 3063 dolore
2166 3008 2459 3064 christiano
2503 3028 2518 3065 :
2564 3009 2817 3065 Evacuati
2856 3012 2986 3065 estis
3013 3025 3045 3067 a
3072 3012 3287 3067 Christo
3306 3054 3320 3078 ,
3347 3015 3435 3085 qui
3463 3016 3513 3068 in

1939 3107 2122 3151 natura
2145 3098 2531 3168 justitienmini,
2555 3113 2584 3153 a
2610 3100 2775 3170 gratia
2801 3100 3072 3157 excidistis
3092 3101 3200 3174 (Id.
3232 3117 3284 3170 v,
3312 3104 3397 3170 ll,
3421 3103 3474 3179 4)
3501 3122 3513 3157 :

1937 3188 2241 3259 ignorantes
2283 3189 2428 3245 enim
2473 3189 2563 3247 Dei
2599 3191 2860 3262 justitiam
2881 3235 2896 3259 ,
2928 3200 2983 3248 et
3018 3204 3248 3249 chtram
3277 3196 3519 3250 volantes

1934 3279 2279 3344 Constituere,
2300 3279 2518 3349 justitiae
2545 3281 2636 3336 Dei
2663 3297 2767 3337 non
2789 3284 2920 3339 estis
2941 3283 3182 3354 subjecti.
3207 3285 3354 3341 Sicut
3373 3288 3513 3342 enim

1936 3370 2058 3424 ﬁnis
2084 3371 2233 3441 legis,
2267 3373 2336 3425 ita
2368 3373 2526 3427 etiam
2556 3383 2758 3430 natum
2785 3376 3029 3432 humanm
3054 3377 3255 3433 vitiosa:
3284 3378 3519 3436 salvator

1937 3462 2177 3518 Chrisms
2194 3464 2364 3527 est,ad
2377 3464 2637 3535 justitiam
2656 3468 2800 3539 omni
2818 3466 3051 3524 credenti
3067 3464 3241 3542 (Rom.
3259 3487 3316 3537 at,
3332 3468 3488 3543 3214)
3501 3512 3515 3527 .

2002 3555 2232 3612 CAPUT
2270 3556 2403 3611 XLI.
2435 3587 2505 3598 --
2529 3559 2618 3613 48.
2649 3559 2845 3614 omnes
2872 3561 3119 3626 quomodo
3148 3562 3515 3631 accipiendum,

1936 3646 1987 3698 in
2031 3645 2189 3700 verbis
2218 3646 2447 3717 Apostoli
2469 3685 2483 3714 ,
2516 3648 2579 3702 de
2616 3648 2793 3717 quibus
2833 3661 3057 3702 movetur
3094 3651 3320 3719 quwstio.
3357 3652 3518 3718 Quod

1935 3750 2111 3794 autent
2133 3739 2232 3794 sibi
2254 3741 2499 3808 opposuit
2528 3740 2593 3796 ab
2623 3741 2701 3796 cis
2728 3740 2853 3804 dici,
2888 3749 3071 3795 contra
3099 3755 3233 3810 quos
3261 3743 3513 3811 laquitur,

1939 3831 2125 3885 Omnes
2145 3833 2620 3919 eu‘itufeccauerunt
2648 3831 2781 3903 (ld.,
2807 3828 2885 3901 tu,
2914 3835 3009 3904 ‘23)
3035 3851 3048 3887 :
3071 3834 3409 3890 manifestum
3432 3847 3515 3891 (ιιι

1898 3938 1907 3947 ·
1935 3921 2076 3991 quod
2111 3922 2174 3976 de
2200 3922 2278 3976 his
2303 3923 2498 3977 dicebat
2522 3923 2794 3995 Apostolus
2820 3924 2907 3995 qui
2936 3934 3055 3977 tunc
3082 3935 3223 3979 erant
3241 3966 3256 3990 ,
3287 3926 3380 3979 hoc
3405 3934 3475 3979 est
3495 3970 3508 3990 ,

1936 4014 1998 4067 de
2022 4012 2218 4068 Judwis
2244 4023 2291 4068 et
2320 4012 2580 4069 Gentibus.
2617 4013 2724 4071 Sed
2763 4014 2920 4083 plane
2943 4014 3072 4069 illud
3107 4016 3246 4084 quod
3274 4029 3510 4070 comme—

1937 4104 2159 4170 tnoravi,
2191 4102 2292 4158 Per
2321 4119 2473 4158 unum
2495 4104 2746 4158 hominem
2773 4115 3032 4173 peccatum
3061 4105 3263 4158 intravit
3285 4106 3337 4160 in
3365 4122 3512 4160 mun-

1935 4197 2077 4258 dum,
2100 4204 2145 4249 et
2167 4210 2255 4264 per
2271 4205 2526 4264 peceatum
2546 4209 2715 4259 mors;
2733 4204 2782 4248 et
2802 4195 2872 4247 ita
2891 4194 2945 4247 in
2964 4208 3136 4250 omnes
3156 4195 3380 4252 homines
3401 4215 3515 4267 per-

1933 4288 2169 4351 transiit,
2215 4286 2267 4340 in
2312 4298 2413 4355 quo
2451 4302 2621 4341 omnes
2668 4295 3035 4356 peccaverunt;
3075 4296 3128 4342 et
3171 4289 3418 4359 antiquos
3458 4303 3514 4347 et

1933 4378 2277 4443 recentiores,
2318 4386 2371 4432 et
2398 4391 2497 4431 nos
2522 4383 2577 4430 ct
2616 4385 2859 4447 posteros
2885 4387 3096 4433 nostros
3123 4383 3383 4436 sententia
3412 4382 3510 4436 ista

1933 4469 2322 4539 complectitur.
2365 4468 2520 4523 Ponit
2551 4469 2710 4524 etiam
2752 4468 2879 4524 illud
2923 4472 3285 4527 testimonium
3311 4509 3327 4541 ,
3374 4476 3513 4530 unde

1936 4559 2122 4631 probet
2145 4573 2265 4614 cum
2292 4558 2539 4614 dicuntur
2571 4574 2775 4626 omnes,
2806 4575 2910 4615 non
2933 4574 3146 4631 semper
3183 4578 3369 4619 omnes
3399 4580 3516 4620 om-

1934 4651 2061 4706 nino
2083 4650 2231 4706 nullo
2259 4651 2617 4721 prmtermisso
2648 4650 2865 4720 intelligi
2894 4662 3162 4720 oportere.
3197 4670 3216 4705 ι
3250 4642 3395 4708 Sicut
3424 4670 3515 4723 per

1939 4761 1957 4793 ‹
1996 4744 2185 4809 unius,
2222 4761 2241 4795 ι
2281 4742 2487 4813 inquit,
2524 4761 2542 4793 ς
2588 4742 2826 4796 delictum
2871 4742 2924 4796 in
2972 4759 3144 4798 omnes
3189 4745 3416 4798 homines
3461 4748 3515 4800 in

1939 4852 1957 4884 ι
1996 4834 2459 4888 condemnationem
2481 4850 2500 4898 ;
2523 4834 2595 4887 sic
2615 4842 2662 4887 et
2697 4848 2786 4904 per
2814 4833 2963 4888 unius
2975 4834 3232 4904 justitiam
3252 4836 3305 4888 in
3341 4851 3514 4892 omnes

1940 4943 1959 4978 α
1995 4925 2219 4979 homines
2247 4926 2300 4978 in
2328 4924 2746 4997 justiticatiouem
2787 4926 2919 4980 vitat.
2955 4943 2975 4977 ›
3015 4924 3140 4980 Cum
3165 4937 3255 4995 per
3279 4925 3511 4993 Christi,

1933 5017 2134 5086 inquit,
2154 5012 2409 5086 justitiam
2432 5055 2447 5083 ,
2476 5004 2813 5080 nou‘oimt’cs',
2852 5017 2940 5069 sed
2977 5032 3059 5082 eos
3094 5025 3289 5070 tantum
3324 5018 3408 5087 qui
3434 5020 3513 5073 illi

1933 5107 2135 5161 obedire
2172 5106 2434 5158 voluerunt
2459 5148 2474 5171 ,
2520 5117 2564 5158 et
2606 5104 2854 5173 Baptismi
2890 5108 3002 5176 ejus
3025 5106 3276 5160 ablatione
3313 5113 3513 5179 purgati

1930 5207 2078 5262 sunt,
2114 5197 2454 5265 sancti/italos
2480 5214 2586 5251 esse
2610 5213 2709 5259 non
2730 5197 2938 5250 dubium
2963 5198 3050 5251 sit.
3078 5197 3195 5253 Non
3226 5200 3379 5268 plane
3411 5204 3512 5256 isto
3538 5212 3544 5218 ’

1934 5286 2238 5341 testimonio
2270 5286 2454 5356 probat
2480 5285 2620 5354 quod
2650 5286 2786 5340 vult.
2828 5285 2957 5340 Nam
2987 5286 3125 5357 sicut
3165 5288 3362 5345 dictum
3390 5303 3473 5345 est
3493 5333 3509 5357 ,

1934 5379 2077 5433 Sicut
2105 5395 2193 5448 per
2222 5379 2371 5432 unius
2409 5378 2645 5430 delictum
2675 5376 2725 5430 in
2756 5394 2925 5432 omnes
2962 5379 3187 5434 homines
3227 5382 3279 5434 in
3322 5385 3511 5438 conde~

1931 5473 2263 5535 mnationem,
2307 5480 2363 5525 ut
2387 5471 2561 5524 nulltts
2590 5472 3085 5539 prietermitteretur
3112 5491 3126 5527 :
3159 5474 3238 5528 sic
3272 5484 3329 5529 et
3370 5478 3421 5529 iu
3450 5490 3512 5529 eo

1931 5562 2071 5637 quod
2098 5562 2295 5617 dictum
2318 5572 2420 5626 est,
2452 5578 2539 5631 per
2562 5563 2708 5615 unius
2725 5563 2978 5635 justitiam
3009 5564 3061 5617 in
3089 5580 3263 5619 omnes
3286 5566 3511 5620 heroine:

1929 5654 2411 5724 injustiﬁcutiouem
2434 5662 2548 5707 vita:
2570 5652 2679 5721 (Id.
2706 5669 2760 5719 ν,
2788 5654 2894 5722 18,),
2922 5657 3097 5711 nullus
3122 5661 3511 5727 praetermissus

1930 5757 2011 5800 est
2039 5764 2051 5797 :
2078 5761 2181 5799 non
2210 5745 2329 5813 quia
2353 5758 2540 5799 Omnes
2563 5746 2613 5799 in
2636 5761 2758 5799 eum
2781 5747 3001 5800 credunt
3026 5760 3079 5801 et
3098 5748 3372 5817 Baptismo
3394 5749 3509 5816 ejus

1930 5840 2251 5907 abluuntur,
2294 5836 2385 5893 sed
2431 5838 2551 5908 quia
2595 5854 2748 5893 nemo
2787 5838 3105 5908 justizicutur
3146 5840 3249 5894 nisi
3291 5841 3346 5894 iu
3387 5854 3507 5897 cum
