3994 6178
483 349 588 404 τη

459 433 669 517 'eredat
686 467 741 516 et
762 456 1032 529 Baptismo
1051 453 1166 523 ejus
1187 451 1449 507 abluatur.
1475 449 1654 519 Itaque
1675 465 1845 503 omnes
1866 447 2063 502 dictum

483 560 606 618 est,
653 565 721 605 ne
764 548 942 617 aliquo
984 543 1144 600 modo
1181 543 1288 598 alio
1327 548 1520 611 praeter
1569 543 1742 608 ipsum
1785 538 2061 606 quisquam

487 641 664 697 salvus
685 637 800 694 ﬁeri
819 650 976 708 posse
995 634 1262 690 credatur.
1293 631 1441 688 Sicut
1461 630 1603 686 enim
1631 645 1738 683 uno
1769 627 2059 682 litterarum

487 732 744 802 magistro
770 729 822 784 in
845 726 1070 786 civitate
1107 723 1432 789 constituto,
1471 719 1769 776 rectissime
1798 717 2058 780 dicimus.

485 821 684 882 Omnes
719 821 821 877 iste
860 819 946 874 hic
961 817 1176 874 litteras
1200 815 1391 882 docet;
1419 829 1524 868 non
1553 812 1676 882 quia
1705 825 1892 867 omnes
1919 815 2063 864 cives

488 913 692 974 litteras
711 910 942 977 discunt,
968 907 1065 964 sed
1090 907 1213 978 quia
1244 918 1404 962 nemo
1429 903 1586 958 discit
1605 943 1619 966 ,
1651 901 1755 956 nisi
1779 915 1937 971 quem
1975 899 2064 954 ille

483 1003 726 1079 docuerit
750 1020 764 1056 :
792 1002 870 1060 sic
896 1014 1055 1056 nemo
1073 997 1408 1070 justiticatur,
1435 996 1535 1052 nisi
1555 1009 1712 1066 quem
1733 993 2062 1064 justiticave-

485 1096 555 1150 rit
581 1094 843 1150 Christus.

556 1182 780 1240 CARUT
817 1179 976 1236 XLII.
1000 1209 1074 1221 --
1090 1177 1180 1235 49.
1209 1176 1386 1232 Potest
1411 1176 1560 1230 homo
1589 1175 1693 1229 sine
1713 1183 1915 1244 peccato
1936 1189 2060 1237 esse,

484 1274 574 1330 sed
605 1271 883 1328 auxiliante
896 1270 1096 1344 gratia.
1126 1264 1442 1323 Possibilitas
1475 1266 1527 1320 in
1561 1265 1749 1319 sanctis
1773 1263 1924 1318 simul
1943 1279 2064 1316 eum

487 1363 665 1431 e/l'ectu
683 1363 1005 1436 prouenit.—
1021 1351 1128 1417 Sed
1137 1369 1262 1426 esto,
1283 1359 1473 1428 inquit,
1495 1357 1802 1412 consentiam
1813 1357 1942 1428 quia
1957 1371 2037 1410 om
2050 1372 2066 1393 δ

487 1473 572 1511 nes
593 1463 874 1527 peccatores
899 1453 1056 1524 fuisse
1093 1459 1322 1506 testatur.
1351 1447 1493 1503 Dicit
1521 1448 1653 1502 enim
1679 1447 1802 1514 quid
1839 1446 2060 1516 fuerint,

486 1563 585 1600 non
621 1544 754 1614 quod
793 1543 937 1599 aliud
977 1557 1085 1596 esse
1126 1557 1226 1596 non
1268 1539 1538 1611 potuerint.
1587 1534 1922 1604 Quamobrem
1950 1535 2066 1590 etsi

487 1651 656 1690 omnes
677 1633 910 1689 Jioniines
929 1641 1233 1704 peceatores,
1259 1629 1447 1698 inquit,
1469 1635 1671 1700 possent
1700 1624 1904 1698 probari
1923 1665 1937 1690 ,
1971 1623 2062 1677 de-

485 1724 704 1793 ﬁnitioni
740 1733 905 1776 tamen
931 1730 1116 1776 nostra:
1137 1734 1450 1791 nequaquam
1485 1716 1544 1770 id
1583 1715 1774 1771 obesset
1797 1756 1812 1781 ,
1853 1715 1937 1784 qui
1964 1729 2064 1768 non

486 1827 588 1868 tam
612 1813 732 1886 quid
753 1813 978 1868 homines
1007 1813 1110 1867 sint
1127 1853 1142 1878 ,
1167 1827 1319 1884 quam
1338 1809 1462 1883 quid
1486 1817 1687 1879 possent
1710 1822 1815 1862 esse
1837 1806 2068 1878 defendi-

487 1920 616 1958 mus.
649 1903 745 1958 llic
769 1911 914 1957 recte
935 1902 1056 1956 facit
1076 1902 1116 1968 ⁸,
1143 1897 1430 1970 aliquando
1454 1897 1780 1962 consentire,
1809 1895 1930 1966 quia
1959 1910 2064 1950 non

483 1992 854 2063 jiistiticabitur
868 1992 920 2046 in
937 1999 1222 2062 conspectu
1237 1989 1328 2045 Dei
1340 1975 1514 2045 omnis
1529 1973 1712 2042 vivens
1727 1986 2062 2058 (Psat.cxt.n,

484 2084 565 2152 2).
598 2083 713 2138 Non
745 2090 919 2137 tamen
944 2080 1023 2136 ibi
1050 2095 1169 2136 esse
1193 2079 1573 2151 quaestionem,
1603 2077 1696 2134 sed
1732 2077 1782 2132 in
1814 2075 1928 2146 ipsa
1959 2091 2065 2130 non

484 2174 739 2246 peccandi
779 2173 1127 2244 possibilitate
1161 2171 1464 2237 contendit,
1495 2171 1547 2224 in
1581 2185 1688 2242 qua
1715 2183 1812 2224 nec
1843 2183 1942 2223 nos
1968 2166 2065 2222 ad-

394 2322 397 2325 .
485 2281 670 2322 versus
699 2280 820 2320 eum
845 2273 1052 2321 certare
1076 2279 1212 2334 opus
1239 2271 1340 2317 est.
1379 2261 1510 2317 Nam
1549 2274 1722 2329 neque
1751 2257 2066 2312 illud-nimis

485 2373 632 2423 curo,
660 2364 837 2410 utrum
868 2353 1062 2409 fuerint
1083 2353 1170 2408 hic
1193 2350 1377 2422 aliqui,
1409 2350 1493 2406 vel
1517 2349 1644 2414 sint,
1671 2347 1756 2402 vel
1783 2361 1901 2404 esse
1939 2361 2066 2416 pos-

485 2449 609 2515 sint,
637 2447 726 2516 qui
751 2443 1063 2515 perfectam,
1093 2443 1176 2498 cui
1200 2441 1329 2496 nihil
1351 2439 1654 2496 addendum
1677 2447 1840 2504 esset,
1863 2437 2066 2492 habue-

485 2540 622 2605 rint,
653 2537 739 2593 vel
777 2535 1042 2601 habeant,
1088 2533 1170 2588 vel
1211 2531 1440 2587 habituri
1481 2531 1588 2586 sint
1633 2529 1945 2599 charitatem
1974 2527 2066 2583 Dei

486 2631 623 2700 (ipsa
652 2636 735 2684 est
759 2626 900 2683 enim
927 2627 950 2658 ³
979 2623 1274 2688 verissima,
1297 2621 1626 2693 plenissima,
1655 2617 2068 2690 perfectissima-

486 2735 589 2790 que
613 2714 876 2790 justitia);
907 2715 1156 2787 quoniam
1199 2713 1250 2768 id
1273 2755 1286 2778 ,
1313 2711 1454 2784 quod
1485 2711 1506 2744 ³
1534 2711 1802 2766 voluntate
1837 2707 2068 2763 hominis

483 2808 660 2878 adjuta
703 2821 801 2879 per
840 2806 933 2862 Dei
975 2804 1196 2876 gratiam
1241 2801 1352 2856 ﬁeri
1398 2815 1556 2872 posse
1590 2799 1849 2854 confiteor
1872 2805 1932 2853 et
1966 2795 2065 2852 de-

484 2898 664 2965 Icndo,
691 2896 904 2968 quando
933 2895 1016 2951 vel
1040 2893 1130 2949 ubi
1156 2893 1240 2948 vel
1270 2891 1323 2946 in
1354 2906 1460 2962 quo
1485 2891 1596 2958 ﬁat,
1618 2887 1840 2945 nimium
1859 2894 2068 2944 certare

485 3003 589 3042 non
633 2986 822 3041 debeo.
870 2983 1052 3054 Neque
1095 2982 1162 3038 de
1217 2981 1328 3052 ipsa
1371 2979 1722 3050 possibilitate
1769 2974 2062 3043 contendo,

483 3091 604 3132 cum
647 3084 830 3129 sanata
873 3082 932 3130 et
973 3073 1154 3143 adjuta
1205 3070 1435 3126 hominis
1486 3068 1760 3124 voluntate
1795 3066 2066 3138 possibili-

485 3177 567 3221 tas
595 3167 708 3236 ipsa
737 3165 892 3220 simul
917 3178 1037 3220 cum
1063 3161 1262 3218 :etl'ectu
1299 3161 1351 3215 in
1377 3159 1576 3215 sanctis
1601 3158 1912 3229 proveniat,
1939 3156 2065 3211 dum

487 3255 714 3310 i-haritas
743 3254 858 3336 Dei,
893 3259 1150 3324 quantum
1181 3249 1488 3321 plenissime
1512 3257 1699 3303 natura
1729 3253 1909 3302 nostra
1937 3260 2065 3302 sana

481 3357 641 3418 atque
669 3353 885 3416 purgata
917 3357 1114 3414 capere
1143 3348 1350 3413 potest,
1381 3339 1695 3396 diffunditur
1729 3337 1785 3394 in
1811 3337 2066 3394 cordibus

484 3435 682 3492 nostris
709 3449 802 3506 per
826 3434 1080 3506 Spiritu
1123 3440 1402 3498 sanctum,
1451 3430 1540 3498 qui
1583 3430 1742 3486 datus
1785 3439 1869 3485 est
1912 3429 2066 3484 nobis

485 3526 662 3595 (nam.
691 3539 747 3592 v,
777 3524 856 3596 5).
887 3522 1074 3579 Melius
1099 3522 1273 3592 itaque
1298 3520 1391 3576 Dei
1409 3533 1576 3576 causa
1601 3519 1776 3590 agitur
1803 3517 1982 3592 (Quam
2007 3533 2067 3574 se

485 3603 586 3671 iste
615 3615 820 3688 agendo
843 3614 972 3670 dicit
996 3613 1277 3670 defensare
1304 3613 1594 3685 naturam),
1625 3627 1746 3668 cum
1776 3621 1830 3668 et
1858 3618 2069 3667 creator

486 3719 533 3764 et
559 3707 793 3763 salvator
815 3704 1118 3776 agnoscitur
1137 3745 1152 3768 ,
1191 3718 1348 3774 quam
1372 3717 1492 3758 cum
1522 3701 1738 3758 defensa
1767 3701 1912 3756 velut
1937 3715 2067 3756 sana

488 3800 792 3868 viribusque
828 3796 1047 3868 integris
1085 3802 1328 3851 creatura
1359 3793 1635 3866 epitulatio
1670 3791 1952 3848 salvatoris
1982 3791 2066 3846 in-

485 3891 681 3943 anitur.
1690 3898 1700 3906 '
2008 3915 2012 3919 ο

558 3977 780 4036 CAPUT
818 3975 998 4032 XLIII.
1021 3977 1202 4034 -50.
1229 3975 1364 4032 Deus
1403 3992 1502 4032 non
1531 3976 1674 4048 jubet
1714 3973 2064 4046 impossibilia.

493 4070 684 4126 Verum
722 4076 806 4125 est
841 4078 1015 4124 autem
1055 4066 1196 4138 quod
1234 4068 1301 4122 ait
1325 4108 1340 4134 ,
1391 4065 1539 4134 Quod
1578 4064 1718 4120 Deus
1764 4074 1866 4119 tam
1909 4065 2078 4126 bonus,

488 4177 638 4232 quam
654 4161 830 4228 justus
855 4158 1007 4213 talem
1045 4159 1299 4212 hominem
1337 4157 1541 4230 fecerit,
1571 4156 1656 4227 qui
1675 4154 1699 4187 ‘
1720 4155 1908 4226 peccati
1933 4153 2068 4229 malo

489 4266 660 4309 carere
681 4250 943 4323 anniceret,
969 4249 1057 4303 sed
1081 4249 1126 4304 si
1149 4249 1403 4304 voiuisset.
1425 4247 1555 4316 Quis
1580 4247 1722 4302 enim
1748 4261 1872 4302 eum
1899 4244 2070 4300 nescit

489 4357 678 4400 sanum
699 4351 752 4397 et
773 4341 1144 4411 inculpabilcm
1168 4341 1380 4406 factum,
1406 4349 1461 4395 et
1484 4339 1652 4396 libero
1672 4337 1890 4394 arbitrio
1911 4347 2068 4405 atque

489 4435 554 4489 ad
578 4435 718 4504 justo
742 4432 1027 4488 vivendum
1059 4440 1319 4501 potestate
1361 4431 1524 4485 libera
1554 4428 1938 4485 constitutum?
1965 4427 2067 4482 Sed

492 4540 633 4582 nunc
658 4523 726 4578 de
755 4522 846 4577 illo
870 4523 1071 4593 agitur,
1099 4536 1258 4591 quem
1283 4520 1596 4576 semivivum
1624 4518 1858 4573 latrones
1895 4517 1948 4572 in
1983 4517 2064 4570 via

493 4614 836 4685 reliquerunt,
860 4611 944 4682 qui
967 4611 1214 4682 gravibus
1239 4613 1449 4665 saucius
1478 4607 1860 4678 confessusque
1887 4607 2070 4662 vulne-

491 4705 638 4760 ribus
677 4716 784 4757 non
822 4703 891 4757 ita
936 4707 1109 4771 potest
1145 4698 1210 4754 ad
1249 4699 1468 4770 iustitia:
1505 4699 1716 4754 culmen
1740 4697 2064 4762 ascendere,

448 4808 450 4811 '
491 4799 626 4852 sicut
648 4795 814 4866 potuit
841 4792 962 4849 inde
981 4791 1307 4848 descendere
1338 4809 1348 4846 :
1377 4791 1470 4862 qui
1494 4791 1652 4847 etiam
1675 4791 1718 4845 si
1742 4773 1852 4860 jam
1885 4791 1936 4844 in
1962 4799 2069 4844 sta-

491 4889 612 4944 bulo
637 4897 736 4954 est,
770 4886 941 4942 adhuc
964 4893 1180 4942 curatur
1206 4883 1352 4952 (Luc.
1381 4899 1412 4940 x
1433 4925 1450 4950 ,
1481 4881 1580 4950 30,
1617 4879 1729 4955 δι).
1761 4879 1874 4936 Non
1911 4881 2069 4954 igitur

493 4979 635 5034 Deus
677 4976 1020 5048 impossibilia
1055 4973 1208 5044 jubet
1243 4991 1257 5028 :
1297 4971 1395 5028 sed
1431 4971 1670 5044 jubendo
1706 4971 1985 5035 admouet,
2017 4980 2070 5026 et

491 5077 666 5132 facere
689 5073 830 5144 quod
857 5069 1062 5142 pOSSis,
1101 5078 1156 5124 ct
1193 5078 1378 5139 petere
1402 5066 1546 5138 quod
1585 5082 1688 5121 nun
1726 5065 1916 5136 possis.
1953 5064 2068 5119 .Iam

421 5183 442 5198 ο
491 5180 631 5219 nunc
660 5163 931 5220 videamus
957 5159 1096 5214 unde
1124 5158 1309 5232 possit,
1338 5157 1480 5212 unde
1509 5172 1612 5210 non
1640 5155 1826 5226 possit.
1861 5156 1962 5210 Iste
1985 5155 2060 5210 di-

489 5258 561 5309 cit
588 5271 601 5308 :
639 5251 908 5308 Votuntate
929 5238 1037 5306 non
1065 5259 1172 5316 est,
1201 5248 1336 5321 quod
1357 5257 1540 5314 natura
1561 5257 1740 5320 potest.
1771 5247 1880 5318 Ego
1908 5245 2027 5300 dico
2053 5263 2066 5303 :

494 5345 776 5400 \oluntate
817 5344 1029 5414 quidem
1073 5357 1178 5398 non
1219 5350 1302 5398 est
1345 5342 1506 5397 homo
1544 5341 1752 5409 justus,
1793 5339 1836 5393 si
1881 5347 2068 5412 natura

493 5445 666 5507 potest
697 5455 710 5490 :
749 5437 841 5491 sed
869 5435 1128 5491 medicina
1161 5433 1378 5506 peterit,
1407 5432 1546 5504 quod
1577 5432 1704 5487 vitio
1743 5446 1846 5485 non
1877 5421 2068 5502 potest.

555 5554 570 5584 ²
599 5559 699 5602 Duo
719 5551 928 5602 Vaticani
952 5557 1078 5610 Mss,
1102 5547 1190 5599 hoc
1212 5553 1340 5610 recte
1359 5545 1494 5610 facit

553 5615 575 5675 ξ
598 5611 842 5675 Plerique,
861 5619 988 5675 Mss,
1011 5606 1118 5664 ipsa
1139 5617 1208 5661 est
1232 5606 1493 5675 purissima,
1519 5608 1697 5659 omisso
1718 5606 1863 5675 enim.

549 5673 578 5769 τ
599 5644 1885 5786 ἶῖιηῖιξίιξνοῖιιξεςυ.
1903 5668 2025 5730 quod
2035 5703 2047 5714 .

599 5742 697 5790 Αω.
725 5748 752 5784 C
855 5767 886 5790 η
911 5745 1012 5785 ταις
1181 5755 1184 5759 ’

687 5772 697 5784 ι
725 5767 776 5786 υ.
797 5767 886 5794 ιιι-ι

1425 337 1513 393 ne
1552 334 1830 393 suum
1875 333 1960 390 ur
2001 290 2280 398 enim,
2319 331 2375 389 s.
2419 331 2786 390 AUGUSTI-Nl

2137 447 2141 452 '
2239 443 2465 502 CAPUT
2503 445 2686 502 XLIV.
2713 447 2888 503 _51.
2916 445 3095 500 Status
3119 444 3408 514 qututiouis
3433 447 3560 499 inter
3594 423 3749 501 retu;

3642 328 3748 385 ιη

2167 539 2344 608 gianos
2389 547 2436 591 et
2481 535 2784 594 Catliolii‘os.
2837 537 3044 608 Antiqui
3104 537 3226 604 iusti
3271 535 3448 591 eadem
3507 553 3609 607 qua
3657 553 3748 592 nos

2169 629 2356 684 Christi
2382 630 2484 699 ﬁde
2519 630 2716 684 saluati.
2749 629 2884 698 Quid
2924 644 3051 698 ergo
3089 629 3198 698 jam
3240 643 3374 698 opus
3412 635 3497 684 est
3535 628 3590 682 in
3635 629 3750 699 phi-

2169 719 2315 772 ribus
2377 717 2700 774 immorari?
2765 718 3048 773 Veniamus
3103 718 3344 782 interius
3379 717 3447 774 ad
3509 733 3746 782 causam,

2169 824 2325 878 quam
2382 807 2434 862 in
2492 809 2593 864 hac
2648 808 2902 867 duntaxat
2949 809 3247 880 quaestione
3285 809 3368 864 vel
3411 809 3616 871 solam.
3665 810 3748 878 vgl

2170 915 2302 968 pene
2347 900 2514 954 solam
2568 917 2687 956 cum
2742 901 2857 958 istis
2911 901 3191 958 habemus.
3245 903 3394 958 Sicut
3441 905 3581 958 enim
3636 903 3752 973 ipse

2168 991 2314 1057 dicit,
2347 1009 2366 1042 ι
2391 991 2456 1046 ad
2484 991 2622 1061 quod
2653 1008 2792 1046 nunc
2820 993 2928 1062 agit
2954 1008 3058 1047 non
3086 993 3354 1063 pertinere
3380 1001 3436 1048 ut
3460 1003 3750 1064 quairatur,

2171 1089 2343 1134 utrum
2387 1079 2602 1145 fuerint,
2646 1083 2726 1134 vel
2769 1082 2878 1136 sint
2919 1083 3080 1152 aliqui
3123 1081 3368 1138 homines
3410 1086 3464 1138 in
3508 1082 3610 1138 hac
3645 1085 3752 1140 vita

2165 1171 2580 1242 sine'peccato,
2620 1172 2714 1228 sed
2753 1182 2926 1228 utrum
2969 1187 3088 1230 esse
3135 1174 3439 1244 potuerint,
3468 1176 3580 1230 sive
3623 1191 3750 1246 pos-

2169 1263 2276 1317 sint
2315 1279 2328 1316 :
2379 1281 2398 1316 »
2443 1263 2510 1317 ita
2541 1277 2640 1332 ego
2665 1263 2873 1318 etiamsi
2919 1263 3195 1320 fuisse'vel
3237 1279 3357 1321 csse
3396 1267 3748 1331 consentiam,

2171 1353 2313 1406 nullo
2341 1353 2498 1409 modo
2527 1362 2702 1410 tamen
2733 1356 2968 1424 potuisse
3005 1356 3089 1412 vel
3131 1371 3287 1427 posse
3325 1357 3616 1423 conﬁrmo,
3648 1339 3756 1413 nisi

2165 1443 2481 1513 justiﬁestos
2518 1445 2684 1515 gratia
2717 1447 2806 1500 Dei
2838 1461 2931 1514 per
2967 1445 3148 1502 Iesum
3174 1444 3440 1502 Christum
3465 1449 3750 1504 Dominum

2170 1543 2408 1591 nostrum
2437 1545 2491 1591 et
2521 1537 2661 1592 hunc
2687 1537 3018 1592 cruciﬁxum.
3069 1537 3143 1598 Ea
3177 1539 3373 1608 quippe
3417 1539 3547 1595 Iides
3578 1540 3754 1608 justos

2170 1625 2376 1681 sanavit
2409 1626 2676 1696 antiquos,
2705 1641 2822 1696 qua:
2851 1636 3001 1682 sanat
3027 1635 3084 1682 et
3112 1643 3244 1695 nos,
3274 1629 3327 1684 id
3355 1638 3458 1692 est,
3489 1630 3750 1684 mediato-

2169 1717 2246 1771 ris
2272 1716 2362 1770 Dei
2391 1723 2445 1771 et
2468 1715 2737 1772 hominum
2780 1715 3008 1772 hominis
3033 1717 3162 1774 Jesu
3191 1715 3387 1773 Christi
3413 1735 3428 1784 ;
3462 1718 3595 1774 fides
3620 1733 3752 1774 san-

2169 1807 2344 1876 guinis
2371 1807 2486 1876 ejus
2505 1847 2518 1868 ,
2551 1807 2684 1862 ﬁdes
2711 1808 2884 1862 crucis
2908 1807 3026 1878 ejus
3044 1850 3058 1873 ,
3093 1809 3224 1864 tides
3250 1809 3437 1865 mortis
3475 1818 3530 1864 et
3565 1825 3751 1866 resur-

2169 1897 2419 1953 rectionis
2459 1897 2595 1966 ejus.
2642 1897 2895 1952 [labentes
2921 1913 3050 1969 ergo
3089 1897 3318 1956 eumdem
3347 1900 3577 1969 spiritum
3605 1900 3751 1971 ﬁdei,

2170 1995 2216 2042 et
2235 2004 2325 2041 nos
2349 1987 2618 2054 credimus,
2637 1997 2840 2062 propter
2853 1989 2989 2058 quod
3003 1999 3048 2042 et
3061 1987 3313 2058 loquimur
3333 1989 3402 2056 (ll
3413 1987 3532 2045 Cor.
3545 2005 3619 2056 tv,
3635 1991 3747 2062 13).

2241 2077 2334 2133 52.
2364 2075 2466 2132 Iste
2494 2093 2620 2132 vero
2646 2061 2852 2147 objecta
2881 2077 2982 2132 sibi
3011 2079 3326 2148 quaestione,
3350 2079 3401 2133 in
3430 2094 3534 2150 qua
3562 2061 3752 2136 revera

2171 2166 2520 2222 intolerabilis
2566 2165 2771 2221 videtur
2819 2166 3072 2222 cordibus
3117 2167 3440 2233 christianis,
3489 2168 3615 2239 quid
3659 2185 3752 2226 re-

2171 2256 2428 2326 spondeat
2454 2256 2806 2312 attendamus.
2840 2257 2928 2312 Ait
2963 2257 3105 2314 enim
3133 2275 3148 2312 :
3183 2275 3206 2311 ι
3236 2256 3342 2314 Sed
3371 2259 3472 2315 hoc
3497 2270 3580 2315 est
3607 2261 3754 2330 quod

2172 2347 2366 2402 multos
2410 2356 2608 2412 movet,
2651 2347 2878 2418 inquies,
2917 2349 3058 2420 quod
3100 2364 3206 2406 non
3249 2366 3345 2422 per
3387 2351 3480 2408 Dei
3524 2352 3752 2422 gratiam

2173 2437 2439 2492 hominem
2465 2438 2580 2493 sine
2609 2448 2826 2508 peccato
2851 2453 2972 2495 esse
3002 2455 3156 2512 posse
3179 2440 3440 2498 defendis.
3472 2462 3492 2497 ι
3522 2443 3756 2508 Prorsus

2171 2525 2273 2581 hoc
2300 2534 2383 2582 est
2419 2527 2560 2598 quod
2587 2536 2786 2595 movet,
2817 2528 2918 2584 hoc
2960 2539 3043 2586 est
3087 2531 3227 2602 quod
3271 2533 3569 2602 obiicimus.
3617 2535 3754 2591 Item

2173 2617 2339 2688 ipsam
2369 2616 2533 2684 dicit;
2566 2617 2670 2674 hoc
2697 2621 2915 2677 omnino
2942 2621 3219 2692 aegerrime
3237 2625 3556 2681 sustinemus
3581 2643 3595 2680 :
3626 2625 3756 2682 hinc
3821 2607 3823 2609 1

2169 2725 2202 2765 a
2229 2707 2546 2766 Christianis
2589 2711 2711 2766 talia
2741 2711 3031 2782 disputari,
3063 2728 3126 2769 ea
3153 2729 3312 2785 quam
3347 2715 3400 2770 in
3435 2717 3568 2771 alios
3601 2728 3658 2773 et
3701 2720 3754 2774 in

2171 2801 2316 2872 ipsos
2361 2801 2640 2870 habemus,
2687 2803 2972 2860 dilectione
3017 2819 3122 2860 non
3173 2805 3412 2862 ferimus.
3460 2808 3755 2865 Audiamus

2179 2893 2336 2963 igitur
2377 2895 2644 2964 quomodo
2685 2909 2745 2950 se
2791 2895 2857 2950 ab
2904 2895 3202 2968 obiectione
3243 2901 3551 2970 qumstionis
3596 2901 3756 2972 hujus

2170 2983 2440 3053 expediat.
2479 3003 2498 3036 ι
2529 2985 2576 3040 0
2605 2986 2914 3056 ignorantiae
2940 2988 3170 3056 caecitas,
3201 3006 3221 3040 ι
3253 2989 3440 3061 inquit,
3475 3009 3494 3044 s
3528 3007 3562 3048 ο
3587 2994 3756 3063 impe-

2169 3077 2286 3131 rita:
2314 3077 2509 3134 mentis
2539 3077 2743 3149 ignavia
2763 3119 2778 3143 ,
2808 3093 2928 3150 qua:
2954 3078 3008 3135 id
3035 3080 3151 3136 sine
3173 3081 3266 3136 Dei
3290 3083 3458 3153 gratia
3483 3083 3752 3140 defensari

2170 3167 2460 3236 existimat,
2481 3169 2625 3240 quod
2647 3170 2756 3226 Deo
2779 3178 2982 3226 tantum
3007 3171 3186 3228 audiat
3208 3171 3410 3230 debere
3437 3177 3700 3246 reputari!
3729 3197 3748 3230 ι

2171 3257 2228 3312 Si
2259 3259 2586 3315 nesciremus
2613 3275 2732 3330 quae
2759 3270 3067 3332 sequantur,
3099 3262 3182 3318 his
3211 3267 3574 3321 tantummodo
3601 3269 3754 3324 andi-

2171 3349 2272 3417 tis,
2301 3347 2435 3404 falsa
2473 3365 2574 3405 nos
2612 3350 2680 3406 de
2725 3351 2868 3418 illis,
2890 3352 3126 3423 jactante
3167 3352 3303 3409 fama
3343 3365 3398 3411 et
3436 3357 3755 3426 quibusdam

2173 3438 2420 3497 fratribus
2449 3441 2465 3473 ¹
2496 3440 2703 3497 idoneis
2731 3442 2954 3498 testibus
2980 3445 3433 3510 asseverantibus,
3459 3447 3758 3505 credidisse

2173 3541 2498 3600 putaremus.
2541 3529 2676 3600 Quid
2706 3520 2857 3586 enim
2885 3531 2988 3586 dici
3029 3531 3238 3588 brevius
3271 3535 3440 3604 potuit
3467 3545 3522 3592 et
3551 3538 3754 3604 verius,

2171 3636 2328 3692 quam
2389 3620 2794 3691 possibilitatem
2841 3636 2950 3676 non
3003 3623 3276 3693 peccandi,
3327 3634 3759 3694 quantacumque

2169 3721 2252 3766 est
2280 3710 2366 3766 vel
2395 3711 2499 3766 erit
2523 3711 2574 3765 in
2605 3711 2840 3778 homine,
2873 3713 3080 3767 nonnisi
3112 3713 3220 3768 Deo
3247 3713 3444 3770 debere
3473 3717 3710 3786 reputari
3734 3717 3758 3770 τ

2175 3801 2283 3864 lluc
2307 3808 2364 3856 et
2381 3816 2485 3855 nos
2515 3801 2758 3868 dicimus,
2784 3801 3069 3873 jungamns
3094 3802 3360 3859 dexteras.

2243 3893 2468 3950 CAPUT
2508 3893 2666 3949 XLV.
2706 3923 2776 3935 —
2813 3895 2902 3950 55.
2935 3894 3076 3950 Alias
3122 3897 3358 3967 appendit
3397 3898 3756 3955 similitudines

2173 3995 2216 4042 ct
2244 3986 2652 4040 ratiocinationes
2692 3984 2910 4057 Pelagii.
2955 3988 3036 4041 An
3075 3987 3335 4043 audienda
3364 3999 3486 4044 sunt
3514 3990 3755 4044 cst-tera?

2173 4077 2445 4133 Audienda
2489 4079 2643 4156 plane
2665 4119 2678 4142 ,
2709 4087 2764 4134 et
2799 4078 3109 4149 corrigenda
3155 4078 3336 4151 utique
3367 4079 3450 4134 vel
3492 4081 3728 4134 cavenda

2179 4188 2199 4222 ι
2245 4169 2377 4226 Nam
2405 4185 2527 4226 eum
2551 4169 2761 4232 dicitur.
2799 4189 2816 4223 ι
2853 4169 3042 4240 inquit,
3079 4189 3098 4223 ι
3135 4170 3307 4240 ipsum
3338 4185 3516 4241 posse,
3543 4171 3750 4226 arbitrii

2173 4261 2391 4317 humani
2431 4261 2649 4316 omnino
2693 4277 2802 4317 non
2839 4277 2976 4328 esse,
3008 4261 3102 4317 sed
3143 4263 3374 4317 auctoris
3400 4271 3622 4326 naturae,
3659 4262 3752 4316 Dei

2172 4346 2412 4418 scilicet;
2456 4351 2609 4427 ecqui
2655 4351 2768 4407 fieri
2799 4360 2974 4422 potest
3001 4359 3059 4406 ut
3097 4351 3297 4424 absque
3328 4353 3418 4406 Dei
3459 4352 3624 4422 gratia
3668 4353 3748 4406 in-

2175 4441 2460 4511 telligatur,
2501 4441 2638 4511 quod
2679 4441 2744 4496 ad
2787 4443 2953 4497 Deum
2995 4444 3208 4512 proprie
3253 4443 3519 4512 pertinere
3559 4457 3758 4497 cense-

2175 4533 2295 4588 tur?
2329 4552 2348 4586 ι
2382 4532 2496 4588 .Iam
2535 4533 2698 4604 coepit
2731 4547 2988 4604 apparere
3015 4534 3143 4604 quid
3172 4533 3312 4588 dicat
3341 4550 3354 4587 :
3381 4533 3478 4590 sed
3519 4549 3587 4588 ne
3614 4531 3761 4588 forte

2176 4623 2448 4689 fallamur,
2477 4623 2634 4679 latius
2671 4623 2720 4678 id
2759 4623 3009 4692 explanat
3035 4631 3091 4678 et
3115 4625 3329 4680 clarius.
3373 4643 3392 4676 ι
3427 4623 3533 4679 Sed
3565 4631 3621 4678 ut
3651 4624 3762 4679 hoc

2175 4715 2541 4780 manifestius,
2580 4733 2596 4766 ι
2631 4716 2834 4786 inquit,
2871 4732 2893 4768 ι
2931 4715 3021 4768 liat
3045 4757 3060 4781 ,
3088 4714 3244 4784 paqu
3271 4716 3428 4770 latins
3471 4715 3762 4784 disputan-

2174 4804 2298 4859 dum
2329 4815 2430 4860 est.
2467 4805 2699 4869 Dicimus
2741 4805 2883 4858 enim
2923 4803 3180 4874 cujusque
3213 4805 3289 4859 rei
3323 4804 3761 4875 possibilitatem,

2175 4913 2280 4954 non
2312 4907 2418 4952 tam
2459 4901 2512 4952 in
2549 4897 2754 4952 arbitrii
2800 4897 3018 4951 humani
3060 4905 3352 4968 potestate,
3384 4911 3543 4966 quam
3570 4913 3624 4952 in
3654 4911 3763 4952 na-

2176 4998 2307 5043 tura:
2357 4987 2672 5044 necessitate
2719 4988 3036 5044 consistere.
3083 5006 3106 5044 »
3150 4987 3422 5056 Exemplis
3465 4987 3626 5042 etiam
3673 4987 3766 5044 vel

2176 5077 2610 5133 similitudinibus
2653 5077 2776 5147 quid
2820 5076 2962 5132 dicat
3002 5077 3272 5132 illustrat:
3306 5093 3326 5131 ι
3361 5075 3429 5133 Ut
3455 5086 3577 5146 puta
3615 5094 3634 5128 ι
3671 5079 3766 5132 in-

2174 5170 2309 5240 quit,
2359 5187 2378 5221 t
2429 5169 2570 5238 loqui
2617 5182 2877 5236 possum:
2916 5167 3059 5238 quod
3101 5167 3244 5238 loqui
3288 5154 3770 5244 possum,_meum

2177 5276 2281 5313 non
2312 5267 2429 5319 est;
2473 5257 2616 5328 quod
2658 5258 2880 5328 loquor,
2911 5272 3089 5313 meum
3123 5267 3242 5320 est.
3285 5255 3338 5310 id
3367 5264 3484 5321 cst,
3526 5257 3769 5325 propriae

2177 5347 2464 5408 voluntatis
2491 5365 2504 5402 :
2535 5357 2589 5402 et
2618 5349 2740 5418 quia
2771 5347 2912 5418 quod
2943 5348 3130 5416 loquor
3149 5388 3165 5412 ,
3195 5361 3372 5402 meum
3409 5355 3514 5412 est,
3549 5356 3768 5400 utrum-

2174 5457 2278 5511 que
2307 5440 2480 5494 facere
2526 5454 2772 5510 possum,
2803 5438 2851 5492 id
2882 5447 2997 5502 est,
3025 5449 3080 5492 et
3123 5437 3266 5508 loqui
3306 5445 3360 5492 et
3405 5450 3510 5490 non
3559 5435 3712 5504 loqui
3749 5452 3766 5489 :

2175 5535 2296 5606 quia
2322 5547 2449 5588 vero
2477 5533 2618 5604 quod
2647 5533 2788 5602 loqui
2819 5547 3056 5602 possum,
3087 5545 3264 5586 meum
3291 5544 3397 5584 non
3429 5539 3530 5596 est,
3563 5526 3615 5582 id
3651 5539 3770 5595 cst,

2241 5667 2256 5697 ¹
2285 5668 2505 5729 Belgicus
2527 5663 2696 5729 codex
2715 5670 2760 5716 S.
2795 5663 3004 5725 Amaudi,
3027 5669 3074 5715 et
3096 5661 3384 5728 quibusdam
3405 5656 3588 5713 ithzet't
3629 5665 3757 5712 tests

2184 5730 2268 5776 bus
2287 5742 2300 5786 ;
2317 5724 2510 5787 omisso,
2535 5724 2782 5788 fratribus.
2913 5761 2917 5763 -
