4002 6178
198 388 286 443 273

198 499 383 559 arbitrii
414 498 520 555 mei
549 508 708 571 atque
733 500 1016 557 voluntatis
1034 539 1051 567 ,
1079 514 1296 554 necesse
1324 505 1406 553 est
1448 511 1531 551 me
1558 506 1771 565 semper

199 590 324 660 loqui
372 605 573 661 posse;
624 599 679 646 et
726 588 770 645 si
814 589 1037 645 voluero
1087 604 1192 667 non
1244 602 1399 659 posse
1445 587 1627 667 ιοςιιι]ι
1662 600 1768 640 non

200 696 401 754 possum
432 689 611 736 tamen
639 696 744 736 non
773 695 931 751 posse
956 680 1134 749 loqui,
1164 679 1263 733 nisi
1305 676 1441 733 forte
1469 676 1771 732 meﬁbrum

200 774 312 829 Illud
335 774 594 842 adimam,
623 790 727 845 quo
755 773 1006 844 loquendi
1037 772 1246 842 intpleri
1274 770 1504 826 ofﬁcium
1534 780 1725 841 potest.
1749 788 1768 822 ι

201 866 342 922 Ilulta
375 850 592 936 quidem
637 866 741 920 dici
791 873 1027 934 possent,
1071 863 1285 933 quibus,
1331 862 1375 917 si
1403 861 1568 927 velit,
1613 860 1774 915 homo

203 958 386 1012 adimat
433 957 538 1011 sibi
598 955 1004 1026 possibilitatem
1057 951 1327 1022 loquendi,
1368 967 1476 1005 non
1525 950 1775 1020 adempto

205 1050 284 1104 illo
312 1047 558 1103 membro
581 1063 688 1116 quo
717 1047 1003 1116 loquimur.
1041 1044 1191 1098 Velut
1217 1043 1261 1098 si
1291 1042 1485 1113 aliquid
1516 1041 1607 1096 [lat
1635 1041 1774 1096 unde

203 1155 293 1194 Vt)!
341 1140 456 1208 ipsa
512 1138 747 1204 tollatur,
798 1136 938 1205 [equi
989 1150 1145 1189 nemo
1195 1134 1392 1203 poterit
1438 1131 1776 1187 manentibus

205 1229 446 1285 membris
491 1245 505 1281 :
553 1243 660 1282 non
708 1227 851 1283 enim
881 1242 981 1280 νςιχ
1030 1224 1273 1279 hominis
1305 1222 1605 1277 membrum
1650 1228 1773 1275 est:

205 1330 383 1376 vexato
426 1334 559 1374 sane
604 1319 782 1388 aliquo
821 1317 1081 1371 interiore
1122 1314 1363 1369 membro
1392 1314 1407 1345 ¹
1433 1312 1547 1367 fieri
1580 1319 1774 1382 potest,

205 1426 298 1465 non
341 1409 616 1479 adempto.
659 1408 763 1463 Sed
795 1423 861 1461 ne
888 1406 1051 1461 verbo
1086 1419 1332 1475 premere
1370 1402 1583 1469 videar,
1625 1401 1780 1455 milti—

203 1517 298 1571 que
322 1500 663 1554 contentiose
700 1498 934 1564 dicatur,
965 1497 1133 1551 Etiam
1159 1510 1353 1549 vexare
1386 1494 1620 1548 adimere
1658 1502 1738 1546 est
1764 1509 1775 1544 :

205 1606 482 1661 possumus
509 1589 721 1660 quidem
754 1588 804 1642 id
829 1589 1041 1643 eflicere
1067 1596 1119 1642 et
1149 1601 1244 1641 ore
1270 1586 1534 1657 aliquibus
1559 1583 1780 1639 vinculis

203 1683 275 1737 sic
298 1682 487 1735 clauso
527 1690 684 1751 atque
711 1680 984 1743 obscrato,
1013 1687 1070 1733 ut
1109 1678 1160 1733 id
1200 1677 1406 1748 aperire
1448 1677 1666 1731 minime
1692 1692 1782 1731 va-

205 1772 403 1828 leamus
426 1812 441 1836 ,
482 1787 655 1841 neque
684 1780 739 1825 ut
777 1771 1047 1840 aperiatur
1088 1771 1139 1823 in
1172 1778 1351 1824 nostra
1395 1769 1463 1825 sit
1497 1779 1778 1839 potestate,

206 1877 316 1916 cum
356 1862 411 1915 in
453 1869 718 1932 potestate
747 1859 907 1915 fuerit
948 1869 1002 1913 ut
1040 1858 1376 1913 clauderetur
1409 1870 1657 1913 manente
1698 1858 1780 1912 in-

209 1952 445 2022 tegritate
476 1962 533 2005 et
563 1951 787 2004 sanitate
819 1950 1201 2004 membrorum.

270 2040 499 2098 CAPUT
529 2039 711 2095 XLVI.
730 2040 907 2096 -—54.
928 2038 1213 2094 Necessitas
1231 2056 1331 2094 non
1351 2047 1541 2111 pugnat
1561 2056 1674 2095 cum
1696 2057 1786 2094 ar-

210 2134 345 2189 bitrio
356 2134 653 2189 voluntatis.
669 2133 774 2189 Sed
788 2134 911 2203 quid
926 2132 988 2187 ad
1004 2133 1137 2187 nos?
1151 2133 1436 2188 Videamus
1452 2135 1575 2205 quid
1592 2135 1783 2191 exinde

210 2233 450 2280 contexet
474 2242 489 2277 :
513 2224 847 2278 «Voluntatis
863 2224 1003 2277 enim
1021 2223 1261 2292 arbitrio,
1276 2242 1295 2276 ι
1313 2222 1500 2294 inquit,
1527 2244 1544 2275 ς
1569 2238 1633 2279 ac
1653 2223 1786 2280 deli-

210 2316 478 2371 beratione
508 2315 741 2385 privatur
760 2354 775 2378 ,
795 2312 1047 2383 quidquid
1075 2314 1301 2368 naturali
1328 2315 1645 2370 necessitate
1665 2330 1786 2371 cono

210 2409 503 2477 stringitur.
531 2426 550 2460 ι
588 2406 651 2460 Et
677 2405 766 2461 hic
801 2405 1050 2460 nonnulla
1074 2405 1299 2474 quaestio
1324 2414 1423 2460 est.
1463 2406 1564 2461 Per
1585 2405 1727 2461 enim
1763 2409 1784 2439 ³

211 2501 491 2555 absurdum
541 2507 645 2562 est.
696 2507 757 2553 ut
803 2496 923 2553 ideo
973 2497 1212 2552 dicamus
1259 2512 1362 2551 non
1409 2497 1677 2567 pertinere
1718 2498 1782 2552 ad

214 2592 529 2645 voluntatem
570 2597 810 2643 nostram
848 2587 987 2658 quod
1031 2587 1171 2642 beati
1210 2602 1331 2642 esse
1364 2588 1626 2653 volumus,
1663 2589 1784 2659 quia

213 2681 260 2735 id
292 2682 514 2736 omnino
543 2679 685 2733 nolle
728 2694 833 2732 non
875 2692 1177 2748 possumus,
1220 2677 1400 2732 nescio
1423 2693 1526 2748 qua
1555 2688 1609 2733 et
1648 2678 1784 2733 bona

214 2771 584 2826 ceustrtctione
646 2778 847 2824 natura
894 2787 908 2824 :
954 2784 1053 2824 nec
1103 2769 1284 2825 dicere
1329 2769 1615 2836 audemus,
1669 2771 1787 2825 ideo

216 2862 372 2916 Deum
416 2877 523 2915 non
550 2860 895 2926 voluntatem,
925 2860 1017 2915 scd
1060 2859 1430 2915 necessitatem
1469 2859 1665 2915 habere
1697 2861 1785 2930 jn-

214 2955 386 3018 σιὶιίεει,
412 2953 535 3022 quin
563 2967 667 3006 non
700 2959 875 3021 potest
903 2951 1037 3005 velle
1062 2965 1301 3020 peccare.

276 3044 506 3101 CAPUT
545 3043 750 3099 XLVII.
791 3072 863 3084 —-
905 3043 992 3098 55.
1036 3041 1182 3096 [dent
1229 3052 1474 3097 tractatur
1515 3058 1787 3113 argumen-

214 3146 330 3189 tum.
358 3135 634 3190 Attendite
658 3135 817 3189 etiam
845 3149 963 3204 qua:
989 3140 1279 3203 sequuntur
1304 3150 1316 3186 :
1346 3151 1365 3184 ι
1393 3132 1523 3197 Iloc,
1554 3152 1572 3186 ι
1600 3133 1786 3201 inquit,

218 3248 235 3279 ι
261 3239 311 3284 et
336 3228 408 3283 de
432 3226 639 3291 auditu,
663 3226 908 3291 odoratu,
940 3224 1024 3278 vel
1054 3224 1168 3278 visu
1198 3224 1379 3278 sentiri
1409 3222 1660 3294 possibile
1686 3233 1788 3287 cst,

213 3318 346 3386 quod
374 3316 564 3371 audire
584 3358 599 3382 ,
626 3314 876 3379 odorari,
907 3314 1089 3368 videre
1130 3314 1404 3383 potestatis
1448 3321 1644 3367 nostra:
1683 3314 1788 3379 sit;

213 3422 369 3476 posse
395 3420 529 3461 vero
566 3406 771 3467 audire,
806 3405 891 3459 vel
921 3403 1155 3469 odorari,
1187 3403 1271 3457 vel
1300 3402 1481 3457 videre
1516 3404 1792 3472 potestatis

214 3508 411 3552 nostra:
432 3512 541 3551 non
567 3495 656 3561 sit,
681 3496 772 3551 sed
800 3497 849 3549 in
875 3495 1098 3549 naturali
1128 3494 1442 3549 necessitate
1463 3493 1739 3548 consistat.
1769 3513 1786 3545 ι

217 3590 315 3642 Aut
344 3602 446 3658 ego
478 3602 588 3641 non
631 3587 868 3657 intelligo
897 3585 1019 3656 quid
1046 3584 1206 3651 dicat,
1237 3595 1327 3640 aut
1354 3585 1485 3654 ipse.
1512 3584 1794 3653 Quomodo

209 3680 351 3732 enim
383 3680 436 3732 in
465 3686 728 3747 potestate
754 3688 932 3731 nostra
963 3692 1066 3731 non
1097 3685 1179 3731 est
1203 3675 1413 3730 videndi
1445 3676 1792 3745 possibilitas,

208 3771 253 3824 si
303 3771 361 3824 in
406 3778 671 3841 pou-state
719 3779 898 3824 nostra
943 3777 1026 3824 est
1050 3784 1171 3822 -non
1220 3767 1431 3823 videndi
1481 3770 1788 3833 necessitas,

207 3862 333 3930 quia
380 3861 433 3913 in
484 3869 741 3929 potestate
789 3871 870 3915 est
908 3860 1137 3926 cmcilas,
1167 3873 1268 3929 qua
1309 3859 1359 3914 id
1402 3860 1573 3928 ipsum
1614 3860 1795 3916 videre

212 3968 371 4022 posse
430 3953 621 4019 nobis,
678 3953 723 4007 si
770 3955 1048 4016 volumus,
1096 3952 1445 4008 adimamus?
1516 3953 1794 4022 Quomodo

211 4054 389 4098 autem
447 4045 501 4098 in
542 4052 805 4115 potestate
858 4052 1035 4098 nostra
1090 4053 1170 4099 est
1213 4044 1410 4109 videre,
1460 4046 1505 4100 si
1548 4046 1790 4111 velimus,

208 4150 331 4190 cum
371 4136 535 4189 etiam
575 4135 719 4188 salva
759 4135 1056 4204 integritate
1101 4143 1302 4189 natura!
1339 4136 1576 4206 corporis
1614 4135 1796 4190 oculo-

209 4242 437 4297 rumque
484 4237 809 4293 nostrorum,
854 4241 953 4282 nec
991 4226 1232 4281 volentes
1274 4225 1473 4281 videre
1502 4226 1790 4296 possimus,

209 4319 325 4369 sive
366 4331 467 4386 per
504 4325 714 4370 noctem
754 4316 1039 4370 luminibus
1065 4330 1183 4385 quae
1216 4313 1511 4369 forinsecus
1535 4313 1795 4369 adhiben-

213 4416 298 4462 tur
333 4409 620 4478 ademptis,
660 4410 772 4461 sive
816 4422 912 4461 nos
951 4407 1227 4478 quisquam
1267 4406 1317 4461 in
1365 4406 1644 4461 tenebroso
1676 4407 1794 4462 loco

212 4497 392 4567 aliqua
432 4496 707 4551 includat?
749 4496 876 4551 Item
916 4496 962 4550 si
1002 4496 1142 4566 quod
1184 4496 1366 4551 audire
1408 4511 1686 4567 possumus
1714 4498 1792 4550 vel

215 4604 321 4641 non
368 4604 686 4658 possumus,
719 4589 772 4641 in
808 4594 986 4641 nostra
1018 4594 1280 4656 potestate
1322 4601 1427 4641 non
1465 4595 1547 4644 est
1568 4629 1582 4653 ,
1615 4587 1709 4642 scd
1741 4587 1792 4641 in

215 4690 420 4734 naturm
464 4681 879 4745 constrictione;
927 4679 1066 4750 quod
1104 4693 1232 4733 vero
1274 4679 1519 4736 audimus
1557 4681 1638 4735 vel
1691 4694 1793 4735 non

214 4772 483 4838 audimus,
516 4773 618 4827 hoc
642 4781 723 4827 est
750 4772 976 4841 propria:
1007 4771 1289 4826 voluntatis
1318 4793 1331 4827 :
1364 4787 1460 4828 cur
1487 4788 1590 4827 non
1616 4782 1794 4828 atten-

215 4861 311 4925 dit,
342 4873 535 4933 quanta
557 4862 837 4917 audiamus
861 4862 1029 4924 inviti,
1049 4878 1166 4932 qua:
1196 4871 1475 4931 penetrant
1499 4862 1549 4918 in
1578 4879 1796 4920 sensum

219 4966 455 5008 nostrum
483 4956 641 5009 etiam
672 4955 889 5010 auribus
916 4954 1174 5008 obturatis
1198 4994 1211 5019 ,
1243 4954 1395 5009 sicuti
1439 4968 1521 5010 cSt
1556 4955 1627 5010 de
1668 4971 1797 5026 pro-

219 5045 364 5099 ximo
407 5061 570 5101 serrae
605 5048 821 5110 stridor,
862 5047 941 5101 vel
972 5047 1253 5117 grunnitus
1280 5048 1433 5101 suis?
1482 5047 1793 5119 Quanquam

218 5135 486 5191 obturatio
520 5138 727 5191 aurium
766 5137 1030 5203 ostendit,
1073 5153 1177 5191 non
1224 5136 1276 5190 in
1314 5145 1579 5206 potestate
1616 5147 1794 5192 nostra

217 5239 361 5292 esse,
387 5228 584 5295 apertis
611 5228 829 5282 auribus
855 5242 960 5281 non
990 5227 1210 5283 audire:
1239 5227 1366 5282 facit
1386 5228 1547 5281 etiam
1570 5228 1797 5284 fortasse

220 5318 344 5371 talis
375 5320 638 5373 obteratio
674 5335 794 5388 qua:
839 5321 1010 5388 ipsum
1052 5335 1266 5376 sensum
1309 5329 1547 5375 nostrum
1576 5320 1793 5388 adimat,

218 5417 273 5459 ut
311 5409 364 5462 in
403 5420 579 5463 nostra
625 5418 887 5479 potestate
927 5410 991 5463 sit
1038 5411 1195 5463 etiam
1240 5409 1425 5464 audire
1469 5426 1571 5464 non
1615 5426 1792 5483 pOSse.

275 5564 293 5595 ⁸
324 5567 372 5610 tn
396 5561 739 5630 rolemieorum
757 5564 977 5630 .ed'tione
993 5562 1242 5630 tjarisiensi
1268 5564 1378 5630 anni
1416 5563 1552 5621 16H,
1578 5563 1797 5630 loqui»;-

213 5635 292 5671 m
333 5624 500 5684 poterit
540 5624 836 5675 manentibus
875 5624 1101 5675 membris
1136 5626 1247 5683 (non
1288 5623 1416 5674 enim
1461 5638 1551 5674 mc
1594 5623 1798 5678 hominis

210 5686 481 5793 paucorum
504 5694 596 5748 ιρι)
626 5698 645 5737 :
667 5684 719 5736 id
742 5687 868 5750 quod
896 5693 1065 5737 vexato
1086 5699 1200 5735 δείδιε
1222 5684 1381 5749 aliqua
1402 5686 1624 5737 interiore
1652 5702 1797 5735 mm:-

241 5760 299 5794 -'0
319 5784 336 5795 .
358 5756 453 5795 etc.
1500 5777 1506 5783 .

277 5768 299 5794 υ
358 5768 453 5796 CW.
1500 5777 1506 5783 ο

277 5810 295 5837 ⁸
422 5822 518 5857 λιιι.
544 5815 595 5857 ct
614 5816 715 5857 ηδε.
746 5815 799 5857 At
822 5814 893 5857 Er.
924 5821 971 5858 et
989 5815 1117 5867 Ima,
1143 5822 1292 5872 porr,"
1309 5823 1371 5857 un
1398 5809 1538 5858 cnim.

1607 382 1805 435 LIBER
1844 382 1936 435 ΒΝ
1944 379 2047 442 US.
2104 338 2109 343 ν

3349 346 3449 441 an

1879 496 1953 551 De
1978 495 2200 551 odoratu
2227 502 2407 551 autem
2426 492 2573 565 quod
2589 495 2733 563 dicit,
2757 510 2935 552 nonne
2960 510 3145 567 parum
3170 495 3392 554 attendit
3412 499 3479 569 ιν,

1884 604 1903 638 α
1941 602 2046 642 non
2075 601 2195 642 esse
2224 587 2275 640 in
2321 601 2501 641 nostra
2529 592 2789 656 potestate
2816 599 2971 657 posse
2994 585 3207 643 odorari
3237 587 3323 643 vel
3346 602 3456 644 non

1878 690 2054 745 posse,
2095 676 2190 732 sed
2232 676 2285 731 in
2330 688 2509 732 nostra
2552 684 2812 746 p0testate
2852 691 2994 745 esse,
3042 696 3063 732 ι
3109 677 3212 733 hoc
3252 684 3359 747 est,
3404 682 3461 733 tu

1878 765 2043 821 libera
2089 766 2376 833 voluntate,
2414 786 2433 820 ι
2467 768 2680 824 odorari
2725 767 2805 823 vel
2851 783 2956 823 non
3004 768 3216 824 odorari
3247 786 3260 823 :
3291 788 3310 822 ι
3332 784 3454 826 cum

1878 854 2016 910 inter
2059 855 2252 911 odores
2294 871 2484 926 graves
2529 866 2585 912 et
2626 858 2882 913 molestos
2929 858 3139 928 quando
3184 860 3457 915 constituti

1878 946 2160 1015 fuerimus,
2195 947 2241 1002 si
2266 949 2385 1018 quis
2412 964 2510 1003 nos
2537 949 2645 1004 illic
2668 950 2914 1006 manibus
2952 950 3125 1020 ligatis
3148 952 3454 1018 constituat,

1879 1048 2089 1093 servata
2147 1053 2362 1110 prorsus
2416 1040 2716 1110 integritate
2760 1055 2823 1096 ac
2865 1041 3035 1096 salute
3091 1042 3453 1099 membrorum

1882 1129 2104 1183 velimus
2151 1145 2254 1184 non
2303 1130 2536 1197 odorari,
2585 1144 2684 1186 nec
2728 1130 2945 1185 omnino
2993 1131 3290 1200 possimus;
3334 1133 3458 1203 quia

1880 1234 2000 1274 cum
2054 1221 2297 1290 spiritum
2348 1220 2545 1276 ducere
2596 1220 2878 1291 cogimur;
2936 1220 3092 1275 simul
3138 1230 3194 1276 et
3238 1222 3455 1278 odorem

1881 1326 2038 1381 quem
2070 1312 2331 1377 nolumus,
2367 1311 2668 1366 trahimus?

1952 1399 2178 1456 CAPUT
2209 1400 2438 1456 XLVIII.
2464 1431 2531 1442 —
2548 1402 2637 1457 56.
2658 1400 2847 1457 Gratia:
2866 1403 3177 1473 adjutorium
3206 1402 3258 1457 in
3278 1412 3459 1460 natura

1883 1492 2094 1563 integra.
2126 1492 2272 1571 Sicut
2298 1507 2425 1563 ergo
2467 1493 2582 1548 ista:
2621 1493 2991 1554 similitudines
3035 1480 3358 1559 falsas'sunt,
3391 1495 3460 1549 ita

1883 1589 1939 1637 et
1967 1583 2091 1637 illud
2122 1582 2338 1653 prepter
2373 1583 2514 1655 quod
2561 1599 2653 1640 eas
2698 1586 2861 1639 voluit
2906 1584 3180 1653 adbibere.
3214 1585 3465 1656 Sequitur

1884 1674 2026 1729 enim
2053 1683 2107 1730 et
2134 1675 2262 1730 dicit
2294 1693 2308 1729 :
2346 1692 2366 1727 ι
2400 1674 2570 1731 Simili
2601 1690 2729 1746 ergo
2765 1674 2923 1732 modo
2960 1676 3028 1732 de
3067 1692 3172 1732 non
3212 1679 3465 1747 peccandi

1886 1767 2237 1836 possibilitate
2289 1766 2687 1839 intelligendum
2716 1756 2845 1835 ‘est,
2898 1768 3038 1838 quod
3093 1783 3199 1823 non
3247 1784 3469 1838 peccare
3518 1816 3527 1823 .

1886 1866 2129 1913 nostrum
2156 1857 2247 1925 sit,
2278 1872 2437 1930 posse
2462 1874 2591 1914 vero
2617 1873 2723 1914 non
2752 1873 2978 1929 peccare
3008 1874 3111 1915 non
3146 1869 3408 1915 nostrum.
3445 1880 3481 1913 ι.

1886 1946 1941 2001 Si
1987 1947 2057 2003 de
2107 1949 2313 2020 integra
2359 1960 2413 2004 et
2458 1933 2864 2005 sana'homiuis
2909 1960 3095 2005 natura
3142 1950 3493 2021 loqueretur”

1887 2054 2045 2109 quam
2069 2039 2229 2094 modo
2253 2054 2359 2094 non
2384 2038 2642 2095 habemus
2663 2038 2794 2112 (Spe
2815 2040 2950 2095 enim
2975 2039 3101 2094 salvi
3129 2041 3251 2112 facti
3272 2057 3493 2106 sumus;

1891 2144 2006 2198 spes
2032 2138 2199 2183 autem
2238 2145 2351 2200 quae
2375 2129 2571 2184 videtur
2606 2146 2705 2184 non
2747 2139 2817 2183 est
2857 2146 2971 2201 spes
2999 2144 3018 2183 :
3043 2130 3089 2185 si
3127 2141 3293 2186 autem
3337 2134 3470 2202 quod

1888 2235 1990 2274 non
2039 2220 2264 2275 ridemus
2313 2236 2595 2292 speramus,
2646 2237 2735 2291 per
2786 2221 3079 2291 patientiam
3126 2232 3471 2294 exspectamus

1890 2307 2065 2382 [Rom
2092 2326 2202 2377 vni,
2232 2310 2324 2377 24,
2350 2309 2494 2383 25]),
2519 2325 2618 2366 nec
2654 2310 2733 2366 sic
2766 2320 2910 2367 recte
2938 2311 3157 2379 diceret,
3186 2311 3329 2383 quod
3365 2329 3495 2368 non.

1889 2415 2114 2471 peccare
2150 2410 2392 2458 nostrum
2439 2402 2804 2459 tantummodo
2837 2403 2929 2471 sit,
2969 2404 3213 2475 quamvis
3252 2419 3480 2477 peccare

1892 2501 2132 2549 nostrum
2157 2503 2301 2551 esset
2328 2513 2342 2550 :
2387 2508 2509 2550 nam
2537 2503 2594 2551 et
2627 2504 2752 2552 tunc
2787 2504 2931 2553 esset
2956 2498 2977 2529 ²
3004 2496 3323 2568 adjutorium
3356 2498 3471 2565 Dei,

1891 2595 1945 2642 et
1971 2596 2220 2658 tanquam
2247 2587 2427 2643 lumen
2455 2587 2600 2643 sanis
2626 2587 2795 2643 oculis
2819 2602 2924 2659 quo
2960 2589 3124 2659 adjuti
3151 2589 3383 2657 videant,
3414 2604 3475 2646 se

1890 2681 2155 2751 praeberet
2178 2680 2200 2713 ³
2226 2681 2547 2737 volentibus.
2595 2678 2728 2747 Quia
2753 2694 2881 2736 vero
2917 2680 2985 2735 de
3033 2681 3131 2737 liae
3155 2681 3260 2736 vita
3288 2680 3474 2752 diSpu-

1893 2783 1988 2839 tat,
2017 2773 2106 2829 ubl
2144 2787 2338 2843 corpus
2365 2771 2506 2843 quod
2533 2772 2910 2841 corrumpitur,
2942 2779 3196 2842 aggravat
3217 2771 3471 2839 animam,

1892 2873 1946 2918 et
1982 2862 2236 2933 deprimit
2276 2869 2486 2917 terrena
2529 2859 2842 2916 inbabitatio
2887 2875 3102 2915 sensum
3132 2860 3294 2915 multa
3326 2862 3474 2932 cogi-

1895 2961 2092 3008 tantem
2122 2952 2277 3027 (Sap.
2308 2967 2390 3019 ix,
2417 2950 2507 3022 l5)
2536 2967 2551 3016 ;
2598 2950 2764 3005 miror
2790 2965 2901 3020 .quo
2945 2950 3128 3015 corde,
3160 2950 3318 3006 etiam
3358 2952 3492 3006 sine-

1892 3041 2156 3111 adjutorio
2184 3040 2461 3096 medicinae
2490 3038 2780 3095 Salvatoris
2809 3039 2998 3107 nostri,
3045 3047 3287 3103 nostrum
3328 3049 3505 3111 putet,

1894 3148 2013 3189 esse
2060 3147 2165 3189 non
2209 3146 2452 3202 peccare,
2500 3146 2657 3201 posse
2697 3145 2825 3185 vero
2866 3146 2970 3185 non
3014 3146 3235 3200 peccare
3276 3140 3477 3187 natura:

1895 3242 2016 3282 esse
2042 3225 2348 3290 contendat,
2393 3239 2552 3294 quam
2582 3224 2660 3279 sic
2703 3232 2924 3292 apparet
2967 3238 3086 3279 esse
3117 3224 3350 3279 vitiatam
3375 3265 3391 3289 ,
3422 3234 3478 3279 ut

1898 3318 2000 3372 hoc
2038 3317 2258 3387 majoris
2279 3315 2394 3371 vitii
2421 3316 2490 3370 sit
2524 3330 2628 3370 non
2655 3314 2856 3370 videre.

1967 3406 2192 3463 CAPUT
2218 3406 2405 3461 XLIX.
2427 3406 2603 3461 —57.
2627 3406 3014 3475 Omnipotcntia:
3030 3405 3128 3460 Dei
3147 3407 3275 3461 nihil
3301 3406 3479 3461 adimit

1897 3498 2034 3568 quod
2053 3513 2144 3552 nec
2164 3514 2391 3567 peccare,
2413 3514 2503 3553 nec
2527 3497 2676 3562 mori,
2696 3513 2785 3552 nec
2808 3497 3026 3567 scipsum
3049 3499 3275 3552 occidere
3294 3508 3474 3570 potest.

1905 3609 1924 3643 ι
1959 3590 2091 3659 Quia
2122 3606 2231 3646 nou
2260 3604 2502 3660 peccare,
2538 3608 2559 3642 ι
2590 3589 2781 3659 inquit,
2818 3607 2836 3641 ι
2870 3597 3110 3644 nostrum
3138 3598 3220 3645 est
3240 3630 3254 3653 ,
3286 3604 3479 3659 possu-

1900 3696 2022 3736 mus
2061 3696 2282 3751 peccare
2320 3689 2373 3735 ct
2411 3694 2519 3735 non
2545 3694 2787 3750 peccare.
2824 3698 2844 3732 s
2874 3679 3010 3747 Quid
3035 3720 3049 3744 ,
3083 3680 3126 3733 si
3154 3680 3290 3734 alius
3317 3679 3478 3744 dicat,

1899 3772 2031 3839 Quia
2062 3772 2204 3827 nolle
2233 3771 2612 3837 infelicitatem,
2640 3778 2881 3825 nostrum
2910 3778 3024 3835 est,
3051 3783 3331 3840 possumus
3359 3783 3477 3823 eam

1900 3874 1954 3919 et
1997 3864 2136 3919 nolle
2164 3871 2219 3919 et
2247 3862 2422 3919 velle?
2460 3862 2528 3918 Et
2572 3871 2750 3917 tamen
2793 3876 2910 3917 eam
2938 3861 3074 3917 velle
3111 3861 3329 3916 omnino
3371 3875 3478 3916 non

1903 3969 2200 4024 possumus.
2252 3954 2381 4023 Quis
2420 3954 2561 4009 enim
2611 3953 2719 4009 ullo
2767 3952 2928 4013 modo
2967 3952 3106 4009 velle
3151 3967 3272 4009 esse
3313 3951 3502 4022 possit.

1901 4045 2103 4109 infelix,
2149 4044 2354 4100 etiamsi
2402 4043 2542 4099 aliud
2577 4043 2599 4075 ⁸
2640 4044 2752 4098 vult
2796 4042 2887 4099 ubi
2941 4058 3062 4099 cum
3114 4050 3169 4098 et
3210 4033 3489 4097 nolentem.

1902 4134 2183 4189 infelicitas
2209 4134 2603 4206 consequatur?
2640 4134 2861 4199 Deinde,
2892 4134 3013 4204 quia
3043 4133 3135 4189 Dci
3167 4133 3332 4189 multo
3360 4149 3478 4188 ma-

1899 4227 1981 4295 gis
2009 4233 2091 4279 est
2119 4241 2222 4278 non
2272 4239 2490 4294 peccare
2511 4265 2526 4291 ,
2560 4239 2683 4278 num
2718 4224 3031 4280 audebimus
3062 4240 3181 4280 eum
3223 4225 3401 4280 dicere
3427 4233 3491 4281 et.

1902 4335 2122 4391 peccare
2151 4334 2305 4388 posse
2329 4326 2382 4373 et
2409 4332 2513 4372 non
2543 4317 2800 4389 peccare?
2819 4317 2973 4374 Absit
2996 4334 3027 4373 a
3056 4318 3209 4373 nobis
3236 4326 3292 4373 ut
3313 4319 3502 4389 Deum,

1902 4425 2124 4481 peccare
2153 4424 2311 4480 posse
2341 4408 2599 4465 dicamus.
2639 4408 2759 4464 Non
2782 4408 2956 4476 enim,
2990 4417 3047 4464 ut
3086 4408 3231 4463 stulti
3270 4418 3483 4478 putant,

1902 4502 2023 4557 ideo
2055 4516 2162 4556 non
2192 4502 2294 4556 erit
2321 4498 2694 4570 omnipotens,
2723 4500 2846 4570 quia
2876 4514 2977 4554 nec
3024 4499 3165 4554 mori
3190 4506 3362 4568 potest
3381 4540 3396 4565 ,
3427 4510 3484 4555 et

1903 4609 2098 4665 negare
2142 4608 2203 4650 se
2243 4592 2418 4664 ipsum
2465 4607 2570 4647 non
2611 4600 2787 4664 potest
2827 4590 2902 4665 (II
2933 4586 3062 4645 Tim.
3095 4608 3153 4657 ιι,
3187 4591 3297 4663 15).
3345 4590 3495 4659 (ξιιῑᾱ⁴

1902 4697 1985 4741 est
2013 4701 2139 4756 ergo
2169 4684 2310 4756 quod
2337 4685 2590 4755 loquitur,
2622 4693 2676 4740 et
2709 4685 2898 4755 quibus
2936 4685 3258 4742 locutionum
3286 4684 3487 4753 regulis

1902 4785 2128 4832 Conatur
2156 4775 2502 4847 persuadere,
2524 4774 2665 4846 quod
2696 4790 2807 4829 non
2829 4775 2940 4829 vult
2964 4774 3348 4830 considerare?
3374 4773 3485 4827 Ad,

1896 4864 2009 4921 iiuc
2048 4866 2195 4920 addit
2233 4874 2287 4920 et
2324 4864 2493 4920 dicit:
2531 4883 2549 4915 ‹
2581 4864 2713 4931 Quia
2745 4878 2874 4918 vero
2901 4878 3067 4932 .posse
3105 4879 3208 4918 non
3238 4876 3491 4931 peccare,

1904 4967 2143 5010 nostrum
2191 4971 2298 5011 non
2341 4964 2464 5020 est;
2515 4964 2571 5010 et
2611 4955 2654 5009 si
2685 4953 3013 5009 voluerimus
3034 4969 3137 5008 non
3179 4967 3336 5023 posse
3376 4968 3483 5009 non
3540 5016 3547 5023 ε

1901 5066 2144 5121 peccare,
2193 5064 2298 5104 non
2343 5063 2627 5119 possumus
2671 5062 2775 5101 non
2823 5061 2978 5115 posse
3025 5060 3129 5097 tton
3180 5059 3420 5112 ιὶθῡοειιό.
3458 5062 3487 5096 ι.

1907 5143 2105 5199 Intorte
2135 5143 2237 5198 hoc
2272 5140 2425 5205 dixit,
2456 5149 2512 5196 et
2550 5139 2670 5195 ideo
2699 5138 3041 5194 subobscure.
3073 5135 3176 5191 Sed
3207 5136 3276 5190 ita
3308 5147 3488 5206 posset

1905 5236 2006 5291 dici
2038 5234 2287 5304 planius:
2321 5234 2453 5301 Quia
2490 5245 2646 5301 posse
2682 5244 2788 5285 non
2817 5242 3065 5298 peccare,
3109 5235 3349 5282 nostrum
3381 5243 3486 5315 non

1907 5337 1989 5383 cst
2015 5347 2029 5393 ;
2071 5344 2162 5382 seu
2197 5327 2452 5391 velimus,
2485 5337 2579 5377 seu
2618 5322 2845 5377 nolimus
2866 5361 2883 5387 ,
2909 5334 3195 5390 possumus
3224 5335 3328 5375 non
3360 5335 3486 5390 pec-

1905 5438 2047 5476 care.
2079 5419 2191 5475 Nnn
2230 5418 2371 5477 enim
2397 5416 2506 5480 ait,
2535 5415 2641 5468 Seu
2668 5413 2888 5468 velimus
2911 5454 2925 5477 ,
2958 5428 3051 5467 seu
3080 5412 3308 5467 nolimus
3333 5452 3345 5465 .
3383 5426 3483 5466 non

1970 5565 1986 5628 ξ
2008 5561 2230 5628 meoque
2246 5565 2376 5628 Mss.
2390 5561 2562 5628 me

1971 5626 1991 5656 ²
2017 5631 2063 5672 tn
2082 5619 2219 5671 libris
2242 5619 2412 5679 editis,
2428 5626 2473 5669 ct
2496 5619 2562 5667 ibi
2579 5623 2715 5667 esset.

1971 5686 1991 5717 ³
2013 5686 2311 5744 tegebatur,
2336 5677 2397 5731 se
2417 5680 2649 5741 prwberc.
2688 5686 2896 5729 Duorum
2917 5683 3243 5732 \‘aticanorum
3269 5677 3486 5730 codicum

1906 5748 2193 5797 auctoritate
2215 5745 2531 5801 restituintus,
2552 5754 2602 5803 se
2625 5744 2874 5803 pra’berct.

1972 5819 1990 5840 δ
2013 5815 2111 5857 Duo
2133 5805 2336 5856 taticaui
2359 5814 2480 5865 £55.,
2504 5801 2706 5865 aliquid.

2390 5555 2513 5622 quid
2523 5554 2660 5622 dicit,
2676 5553 2770 5605 nisi
2785 5568 2958 5619 parum
2972 5555 3101 5621 quod
3124 5556 3242 5607 dtcit
3265 5553 3483 5603 attendit.
