4002 6178
223 364 328 422 277

224 493 344 545 nor,
374 475 431 532 id
473 477 727 547 scripsit:
754 475 945 547 quibus
989 475 1138 540 dicit,
1187 478 1287 545 Qui
1313 493 1431 547 ergo
1479 475 1651 530 tribuit
1679 476 1815 531 vobis

223 568 501 641 Spiritum,
531 578 578 623 et
603 568 810 630 virtutes
845 578 1092 637 operatur
1112 573 1163 623 in
1194 569 1332 623 vobis
1354 584 1375 633 ;
1399 585 1462 625 ea:
1488 568 1724 644 operibus
1753 568 1819 621 le-

220 662 328 732 gis,
359 677 431 714 an
457 674 524 719 ea;
550 658 731 714 auditu
770 658 890 729 ﬁdei
940 658 1155 733 (Colat.
1185 676 1261 726 ιιι,
1292 659 1390 732 5)?
1418 658 1570 731 Unde
1596 666 1818 728 apparet

220 771 345 810 eum
375 752 698 809 Christianis
726 751 874 825 loqui
898 797 913 822 ,
954 765 1009 821 et
1039 753 1229 829 quibus
1252 753 1391 825 Deus
1413 752 1671 817 tribuerat
1693 749 1816 825 Spi-

222 847 383 903 ritum
417 862 433 900 τ
457 858 590 915 ergo
619 843 782 901 etiam
812 831 1111 915 baptizatis.
1142 844 1279 899 Ecce
1307 851 1360 898 et
1389 841 1669 913 baptizatis
1693 856 1817 896 caro

225 939 500 1005 invenitur
529 950 650 1003 esse
692 938 958 1005 contraria
979 977 994 1004 ,
1026 947 1079 999 et
1110 950 1214 1005 non
1266 934 1457 1003 adesse
1494 931 1818 1003 possibilitas

222 1030 337 1095 illa,
372 1044 539 1099 quam
569 1029 998 1101 inseparabiliter
1033 1028 1242 1099 insitam
1274 1026 1403 1088 dicit
1427 1041 1548 1087 esse
1594 1032 1814 1081 naturae.

225 1119 323 1178 Ubi
349 1130 437 1179 est
461 1120 605 1193 quod
632 1121 727 1185 ait,
776 1120 912 1187 (Qui
943 1119 1058 1175 ﬁeri
1090 1126 1264 1188 potest
1288 1126 1345 1172 ut
1370 1117 1690 1184 cuicumque
1719 1113 1814 1167 ba~

229 1232 248 1264 ι
278 1213 483 1282 ptizato
514 1212 586 1265 sit
626 1225 756 1266 caro
791 1208 1055 1265 contraria
1070 1194 1104 1262 ἵ
1125 1227 1144 1261 ι
1189 1205 1601 1275 Quomodolibet
1625 1202 1820 1258 intcili-

221 1313 313 1374 gat
336 1317 583 1369 carnem,
611 1300 736 1374 quia
780 1316 968 1359 revera
999 1314 1105 1355 non
1133 1306 1320 1381 natura
1365 1297 1482 1381 ejus
1531 1310 1651 1367 qua:
1679 1294 1816 1349 bona

221 1400 333 1458 est,
357 1389 456 1447 sed
477 1391 604 1446 vitia
630 1388 866 1449 carnalia
895 1388 1070 1449 carnis
1094 1387 1195 1455 hoc
1219 1378 1338 1441 loco
1373 1378 1590 1439 nomine
1617 1397 1818 1437 nuncu-

222 1491 453 1552 pantur;
500 1496 630 1552 ecce
666 1488 842 1544 tamen
885 1480 1045 1537 etiam
1096 1477 1373 1547 baptizatis
1401 1491 1527 1532 caro
1553 1474 1817 1536 contraria

220 1546 308 1631 est
332 1589 347 1626 :
380 1546 445 1627 et
471 1546 745 1653 quomodo
771 1568 1083 1625 contraria?
1109 1546 1181 1624 Ut
1209 1583 1314 1622 non
1343 1565 1485 1639 quod
1510 1564 1696 1620 volunt
1734 1561 1815 1617 fa-

220 1664 391 1720 ciant.
421 1663 560 1725 Ecce
587 1662 743 1726 adest
776 1662 1022 1717 voluntas
1049 1659 1101 1714 in
1133 1659 1386 1722 homine;
1419 1657 1508 1713 ubi
1538 1663 1620 1711 est
1645 1654 1817 1727 possi-

223 1754 409 1819 bilitas
446 1754 535 1808 illa
579 1753 824 1808 naturae?
854 1751 1141 1808 Fateamur
1165 1749 1387 1821 gratiam
1416 1746 1770 1805 necessariam
1796 1786 1812 1812 ,

221 1847 541 1910 clamemus,
568 1843 727 1917 Miser
752 1859 842 1914 ego
869 1843 1040 1909 homo,
1086 1841 1200 1912 quis
1234 1857 1313 1894 me
1352 1838 1582 1895 liberabit
1608 1838 1672 1892 de
1698 1853 1812 1892 cor-

226 1954 352 2010 pore
376 1938 557 1992 mortis
579 1936 775 2013 hujus?
800 1936 863 1991 Et
882 1934 1270 2006 respondeatur
1299 1934 1478 1999 nobis,
1498 1930 1677 1989 Gratia
1717 1930 1817 1987 Dei

225 2046 316 2099 per
337 2028 522 2087 Iesum
548 2025 802 2085 Christum
826 2026 1103 2101 Dominum
1122 2035 1352 2082 nostrum
1383 2023 1556 2096 (Rom.
1576 2038 1670 2090 vn,
1701 2020 1773 2078 ‘24
1793 2062 1809 2088 ,

223 2121 338 2176 25).

295 2119 385 2283 ὲῖσ
426 2208 650 2281 Quando
691 2209 836 2267 enim
873 2207 993 2264 istis
1045 2208 1342 2265 rectissime
1395 2207 1611 2276 dicitur,
1638 2205 1814 2275 Quare

224 2301 343 2354 sine
380 2299 648 2370 adjutorio
674 2299 861 2375 gratiae
890 2298 984 2356 Dei
1008 2298 1186 2354 dicitis
1217 2298 1486 2369 hominem
1511 2312 1666 2368 posse
1694 2311 1813 2352 esse

224 2394 342 2447 sine
363 2389 629 2463 peccato?
657 2404 763 2449 non
793 2398 916 2446 tunc
935 2389 1003 2445 de
1030 2389 1120 2447 illa
1147 2389 1316 2461 gratia
1340 2388 1563 2460 quazstio
1578 2395 1679 2455 est,
1709 2402 1811 2457 qua

224 2491 309 2538 est
346 2483 512 2553 homo
547 2481 829 2549 conditus;
859 2480 956 2538 sed
990 2480 1057 2536 de
1096 2466 1193 2545 ista
1215 2521 1230 2548 ,
1270 2494 1373 2551 qua
1417 2480 1474 2543 lit
1513 2479 1692 2534 salvus
1719 2492 1815 2565 per

224 2581 411 2639 aeson.
454 2571 729 2643 Christum
777 2571 1062 2633 Dominum
1108 2578 1370 2633 nostrum.
1420 2569 1628 2631 Fideles
1668 2568 1810 2624 enim

226 2643 448 2727 quirites
487 2660 708 2728 dicunt,
753 2659 836 2719 Ne
872 2677 965 2723 nos
1002 2660 1192 2739 inferas
1231 2661 1284 2718 in
1324 2660 1681 2724 (evitationem;
1724 2657 1813 2712 sed

227 2754 384 2817 libere
412 2770 506 2821 nos
532 2769 564 2806 a
583 2752 720 2823 melo
747 2751 959 2825 (Matth.
991 2766 1067 2819 vt,
1108 2752 1220 2825 15).
1268 2751 1326 2820 Si
1371 2750 1523 2809 adest
1548 2750 1813 2820 possibili-

228 2852 328 2909 tas,
358 2844 547 2914 utquid
572 2844 775 2920 orant?
800 2845 907 2919 Aut
924 2859 956 2898 a
979 2859 1085 2914 quo
1111 2844 1251 2913 malo
1280 2859 1338 2905 se
1366 2843 1587 2926 liberari
1612 2849 1804 2908 orant,

232 2934 331 3009 nisi
374 2935 608 3007 [Itasime
637 2934 701 2988 de
729 2951 940 3009 cprpore
959 2935 1134 2997 mortis
1154 2934 1346 3005 hujus?
1380 2932 1518 2989 unde
1548 2947 1653 2987 non
1681 2932 1812 2986 libe-

229 3002 327 3096 rati
475 3002 644 3109 pratia
664 3002 872 3097 Deipvcr
895 3025 1075 3095 desunt
1113 3002 1369 3083 Christum
1409 3023 1682 3079 Dominum
1721 3039 1813 3087 no-

231 3126 421 3170 strum.
451 3117 567 3179 Non
612 3118 796 3188 utique
820 3117 886 3183 de
913 3118 1206 3185 substantia
1237 3117 1498 3195 corporis,
1522 3131 1644 3189 quae
1671 3114 1811 3171 bona

227 3215 307 3262 est
331 3206 460 3271 ;sed
482 3206 552 3262 de
579 3208 721 3263 vitiis
745 3209 1067 3277 carnalibus,
1091 3208 1232 3271 unde
1256 3225 1359 3267 neu
1382 3209 1636 3267 liberatur
1654 3209 1812 3263 homo

228 3299 343 3355 sine
368 3302 542 3369 gratia
572 3298 865 3357 Salvatoris
889 3340 904 3365 ,
953 3314 1052 3381 nec
1083 3299 1296 3381 quando
1324 3314 1418 3375 per
1446 3307 1669 3355 mortem
1695 3313 1813 3352 cor-

228 3392 369 3459 poris
395 3391 626 3453 discedit
647 3407 941 3469 acqrpore.
970 3378 1038 3461 Et
1065 3378 1168 3448 hoc
1198 3401 1254 3451 ut
1278 3391 1479 3463 diceret
1499 3391 1809 3469 Apostolus,

225 3480 349 3550 quid
372 3497 536 3555 supra
563 3479 809 3537 dixerat?
844 3500 862 3534 ι
902 3481 1066 3541 Video
1091 3483 1247 3536 aliain
1281 3483 1450 3555 legem
1479 3481 1531 3537 in
1559 3482 1815 3545 membris

233 3587 255 3621 ι
287 3572 428 3648 meis
446 3554 837 3651 repugnantem
887 3572 990 3651 legi
1021 3571 1214 3631 mentis
1265 3554 1434 3640 mere,
1467 3579 1522 3628 ct
1546 3571 1812 3642 captivum

243 3679 263 3713 ι
297 3677 384 3717 me
411 3663 699 3720 ducentem
730 3664 784 3735 in
816 3664 928 3735 lege
952 3664 1182 3733 peccati,
1202 3679 1324 3734 quae
1355 3673 1441 3727 est
1478 3665 1532 3720 in
1561 3664 1816 3730 membris

231 3769 254 3803 ι
289 3754 423 3808 meis
451 3773 472 3806 ο
500 3753 679 3825 (Rom.
702 3770 796 3817 vn,
818 3753 934 3824 25).
959 3754 1098 3813 Ecce
1114 3754 1256 3826 quod
1279 3754 1461 3810 vitium
1486 3763 1688 3813 natura:
1718 3755 1817 3811 hu-

226 3859 399 3898 manu:
422 3845 783 3900 inobedientia
822 3845 1115 3907 voluntatis
1141 3845 1350 3915 inﬂixit.
1378 3848 1546 3905 Orare
1574 3848 1779 3911 sinatur
1798 3889 1812 3914 ,

231 3943 288 3999 ut
307 3943 548 3995 sanetur.
573 3934 713 4001 Quid
742 3943 950 4007 tantum
977 3934 1046 4005 de
1073 3944 1277 4009 natura:
1307 3937 1816 4013 possibilitatesprae-

228 4024 489 4078 sumitur?
513 4023 818 4093 Vulnerata,
836 4026 1101 4117 sauciata,
1123 4033 1336 4095 vexata,
1359 4026 1558 4097 perdita
1588 4038 1700 4084 est:
1726 4046 1816 4084 ve-

226 4129 287 4169 ra
312 4114 673 4190 confessione,
700 4132 807 4172 non
830 4114 964 4173 falsa
988 4117 1299 4177 defensione
1321 4133 1456 4191 opus
1476 4120 1655 4176 habet.
1684 4120 1817 4189 Gra-

228 4206 298 4260 lia
331 4221 460 4276 ergo
490 4207 609 4274 Dei,
642 4223 750 4264 non
778 4223 879 4278 qua
931 4209 1244 4278 instituatur
1263 4250 1277 4275 ,
1305 4209 1405 4266 sed
1435 4227 1536 4282 qua
1565 4212 1813 4273 restitue:

230 4304 335 4361 tur,
382 4308 684 4366 quaratur;
716 4315 837 4373 quae
870 4301 938 4373 ab
964 4302 1069 4373 isto
1096 4302 1211 4357 sola
1255 4303 1517 4371 clamatur
1545 4319 1653 4360 non
1696 4320 1816 4361 esse

230 4390 555 4456 nt'ceSsaria,
579 4406 700 4449 cum
726 4401 948 4465 tacetur.
981 4395 1081 4467 Qui
1120 4396 1166 4453 si
1196 4397 1417 4454 omnino
1445 4398 1577 4455 nihil
1601 4399 1667 4454 de
1689 4415 1813 4470 gra-

232 4480 305 4547 tia
334 4478 427 4538 Dei
453 4480 679 4550 diceret,
708 4499 810 4556 nec
836 4502 957 4555 catt)
1001 4487 1354 4559 qumstioncm
1385 4490 1688 4555 solvendam
1716 4491 1815 4549 sibi

236 4580 582 4640 proponeret,
614 4581 672 4629 ut
700 4589 733 4631 a
776 4590 835 4631 se
863 4576 930 4630 de
954 4576 1053 4641 hac
1077 4593 1136 4647 re
1172 4577 1428 4651 invidiam
1472 4591 1772 4651 removeret
1799 4623 1814 4651 ,

226 4670 411 4729 posset
430 4665 603 4735 putari
626 4663 735 4729 hoc
752 4666 966 4737 quidem
993 4670 1213 4737 sentire,
1240 4671 1380 4740 quod
1399 4672 1592 4743 veritas
1617 4672 1777 4741 habet
1798 4690 1814 4740 ;

222 4753 322 4807 sed
344 4767 454 4808 non
476 4754 696 4831 dixisse,
712 4757 834 4829 quia
864 4773 969 4814 non
997 4761 1386 4832 ubiqueomnia
1405 4764 1631 4833 dicenda
1652 4775 1776 4833 sunt
1799 4784 1815 4823 :

220 4846 512 4917 proposuit
554 4847 622 4902 de
644 4836 817 4920 gratia
845 4854 1222 4923 quaestionem,
1250 4854 1306 4915 id
1328 4857 1607 4928 respondit
1625 4860 1641 4890 ¹
1670 4859 1815 4929 quod

218 4936 465 4994 habebat
513 4940 567 5005 in
612 4942 811 5009 corde;
840 4943 1060 5008 deﬁnita
1107 4947 1333 5017 quaestio
1374 4957 1482 5017 est,
1521 4964 1628 5013 non
1655 4965 1817 5021 quam

213 5029 565 5097 Volebamus,
584 5032 681 5087 sed
708 5033 797 5089 ubi
827 5036 954 5105 quid
984 5038 1229 5106 sentiret,
1255 5038 1648 5107 dubitabamus.

286 5124 528 5185 CAPUT
564 5127 701 5186 LIV.
738 5158 813 5171 —
846 5124 939 5189 65.
977 5129 1344 5205 Dialogiamus.
1390 5134 1595 5199 Deinde
1630 5136 1817 5201 multis

213 5217 414 5287 verbis
461 5219 705 5290 Apoetoh
758 5231 984 5279 conatur
1037 5223 1321 5285 ostendere
1350 5266 1366 5291 ,
1406 5224 1550 5288 unde
1587 5241 1697 5289 non
1733 5235 1816 5291 est

210 5314 635 5384 controversia,
673 5333 694 5368 ι
731 5315 873 5386 quod
911 5331 1038 5374 caro
1063 5319 1133 5374 ab
1171 5318 1262 5376 illo
1301 5319 1371 5379 ita
1411 5335 1554 5391 suane
1590 5338 1609 5372 ι
1640 5321 1818 5394 nuntia

210 5417 409 5471 natur,
484 5416 545 5465 ut
598 5408 731 5464 velit
778 5408 1046 5481 intelligi,
1111 5426 1217 5467 non
1278 5411 1664 5477 substantiam,
1721 5412 1815 5467 sed

215 5518 241 5553 ι
274 5514 453 5571 opera
482 5500 681 5556 carnis.
711 5519 731 5553 ι
761 5500 900 5569 Quid
925 5501 1027 5558 hoc
1044 5502 1111 5557 ad
1139 5503 1290 5558 rem?
1321 5503 1452 5557 Vitia
1480 5503 1655 5561 carnis
1684 5518 1817 5559 con-

215 5590 398 5647 traria
432 5599 561 5647 sunt
585 5591 843 5648 voluntati
862 5592 1091 5648 hominis
1121 5611 1134 5649 :
1167 5609 1273 5650 non
1299 5604 1481 5651 natura
1502 5608 1815 5661 accusatur;

280 5751 296 5780 ³
341 5749 479 5808 tditi,
507 5751 778 5814 respondet.
807 5752 972 5805 \telius
993 5760 1121 5818 Mss,
1147 5755 1407 5821 respondit.

1652 357 1851 415 ιιΒΕιι
1895 356 2091 443 [ΙΜΞά

3403 349 3526 428 επ(

1931 470 2025 528 sed
2051 472 2190 528 vitiis
2207 473 2442 529 medicus
2460 474 2734 545 quarritur.
2757 476 2895 547 Quid
2916 479 3160 551 estquod
3181 479 3501 554 interrogat,

1936 582 1952 613 ι
1983 562 2111 628 Quis
2150 562 2275 617 fecit
2321 562 2519 619 homini
2563 560 2845 635 spiritum?
2886 588 2903 622 ι
2941 578 2997 624 et
3041 571 3330 647 respondet
3358 552 3521 643 δέδηε

1932 671 1951 704 ί
1985 652 2114 709 Sine
2141 654 2300 710 dubio
2329 655 2489 711 Deus.
2533 674 2551 709 ›
2581 648 2649 713 Et
2694 658 2819 714 item
2874 660 3186 732 interrogat,
3223 681 3244 716 α
3279 664 3515 721 Carncm'

1931 760 1949 793 ι
1985 744 2106 813 quis
2137 744 2378 799 creavit?
2414 764 2433 799 ›
2468 746 2700 817 itemque
2727 751 3036 820 respondet,
3075 770 3093 803 ι
3132 750 3299 820 idem,
3321 754 3504 820 credo,

1928 834 2084 888 Deus.
2124 853 2143 887 ι
2180 834 2473 908 lnterrogat
2501 840 2691 906 tertio,
2731 858 2749 891 ι
2781 840 2959 905 Bonus
2982 853 3067 915 est
3091 845 3182 914 qui
3217 856 3502 916 utrumque

1924 927 2124 982 creavit
2147 928 2321 983 Deus?
2353 948 2372 981 ι
2397 931 2704 1001 respondet,
2744 950 2761 985 ι
2794 933 2935 990 Nulli
2956 934 3177 990 dubium
3205 945 3305 992 est.
3348 957 3365 990 ι
3402 939 3502 992 Ad-

1925 1018 2028 1073 huc
2058 1019 2387 1091 interrogat,
2418 1039 2436 1073 ‹
2491 1023 2559 1076 Ει
2599 1032 2882 1095 utrumque
2910 1027 3052 1097 quod
3101 1028 3273 1084 bonus
3317 1038 3505 1085 auctor

1929 1127 1948 1160 ι
1973 1110 2195 1177 creavit,
2222 1110 2420 1167 bonum
2449 1112 2574 1168 est?
2601 1131 2620 1165 ι
2649 1122 2707 1169 et
2728 1114 2794 1170 ad
2817 1114 2918 1173 hoc
2944 1118 3252 1188 respondet,
3288 1140 3306 1173 ι
3331 1120 3505 1177 Conﬁ-

1929 1218 1948 1252 ‹
1978 1201 2194 1255 tendum
2223 1210 2324 1258 est.
2355 1220 2374 1255 ι
2405 1204 2607 1261 Deinde
2636 1206 2925 1277 eopcludit,
2961 1227 2980 1261 ι
3015 1209 3073 1265 Si
3113 1211 3274 1281 igitur
3300 1222 3354 1269 et
3390 1214 3501 1284 spi-

1928 1309 1946 1343 ι
1973 1293 2104 1348 ritus
2138 1292 2311 1349 bonus
2356 1304 2437 1351 est
2461 1336 2476 1363 ,
2507 1303 2562 1352 et
2590 1312 2717 1353 caro
2768 1298 2928 1368 bona,
2972 1309 3035 1374 ut.
3064 1317 3094 1356 a
3123 1301 3262 1358 bono
3288 1314 3505 1361 auctore

1929 1399 1947 1433 ι
1976 1381 2220 1451 condita;
2252 1384 2342 1454 qui
2396 1384 2507 1460 licri
2541 1394 2714 1456 potest
2742 1395 2797 1442 ut
2841 1388 2948 1447 duo
2974 1390 3111 1447 bona
3144 1393 3350 1464 possint
3399 1395 3501 1450 sibi

1927 1489 1946 1523 ι
1976 1487 2095 1529 esse
2124 1475 2467 1537 contraria?!
2498 1475 2697 1557 Qmitto
2725 1479 2903 1538 dicere
2934 1484 3055 1555 quia
3083 1492 3189 1545 tota
3222 1485 3381 1558 hujus
3417 1503 3503 1542 ra-

1923 1564 2192 1639 tiocinatio
2222 1568 2529 1625 turbaretur
2547 1611 2562 1638 ,
2596 1572 2640 1626 si
2660 1570 2778 1643 quis
2799 1573 2865 1627 ab
2895 1589 2958 1631 eo
2983 1584 3263 1649 quareret,
3289 1576 3529 1634 EStum-

1921 1664 1973 1727 et
2003 1653 2168 1735 frigus
2196 1656 2315 1727 quis
2372 1657 2530 1715 fecit?
2573 1661 2924 1733 responderet
2964 1666 3145 1730 enim,
3170 1666 3313 1723 Sine
3338 1660 3500 1743 dubio

1924 1744 2085 1815 Deus.
2126 1746 2249 1817 Non
2302 1762 2404 1831 ego
2454 1751 2616 1823 multa
2672 1753 2943 1825 interrogo
2975 1774 2988 1811 :
3019 1757 3131 1829 ipse
3176 1759 3495 1827 concludat,

1877 1867 1880 1871 -
1920 1843 2096 1909 utrum
2133 1846 2224 1907 aut
2265 1839 2363 1913 ista
2399 1841 2604 1914 possint
2632 1843 2734 1901 dici
2759 1860 2862 1901 non
2894 1845 3063 1916 bona,
3092 1857 3185 1919 aut
3201 1843 3304 1905 non
3331 1865 3497 1922 appa-

1918 1934 2073 1983 reant
2095 1927 2235 1985 inter
2270 1944 2330 1986 se
2374 1930 2492 1987 esse
2521 1935 2809 1990 contraria.
2840 1936 2938 1993 [lic
2964 1936 3113 1997 forte,
3138 1939 3285 2005 dicit,
3312 1960 3331 1993 ι
3359 1940 3499 2013 Qua-

1924 2035 1943 2069 ε
1980 2017 2156 2074 litates
2185 2028 2310 2075 sunt
2336 2021 2451 2076 istm
2476 2023 2890 2081 substantiarum
2910 2068 2926 2094 ,
2955 2044 3062 2083 non
3103 2030 3432 2085 substantiae.
3471 2050 3521 2083 οε

1919 2107 1993 2165 lta
2009 2120 2111 2177 est,
2134 2126 2319 2167 verum
2346 2121 2461 2180 est;
2491 2115 2584 2171 sed
2606 2117 2889 2188 qualitates
2916 2120 3206 2187 naturales,
3231 2132 3285 2179 ct
3305 2125 3371 2183 ad
3400 2125 3523 2183 Dei.-

1916 2209 2215 2257 creaturam
2243 2202 2360 2259 sine
2385 2203 2545 2263 dubio
2575 2207 2903 2279 pertinentes
2932 2228 2944 2264 :
2975 2211 3284 2275 substantia:
3300 2214 3521 2288 quippee

1918 2307 2023 2345 non
2054 2307 2147 2363 per
2168 2307 2226 2348 se
2248 2292 2412 2367 ipsas,
2440 2294 2534 2351 sed
2564 2311 2661 2381 per
2698 2312 2824 2355 suas
2845 2301 3124 2370 qualitates
3143 2345 3158 2370 ,
3189 2304 3327 2359 sicut
3354 2320 3497 2377 aqua

1921 2391 1977 2438 et
2006 2383 2141 2457 ignis
2166 2427 2180 2451 ,
2236 2384 2486 2453 dicuntur
2525 2386 2627 2444 sibi
2654 2403 2777 2445 esse
2805 2392 3106 2448 contrariae.
3149 2393 3307 2462 Quid,
3350 2395 3396 2451 si
3425 2397 3494 2452 ita

1915 2482 2042 2547 sunt
2064 2489 2190 2530 caro
2215 2483 2269 2531 et
2294 2476 2554 2548 spiritus?
2581 2479 2725 2550 quod
2750 2480 2966 2554 quidem
2997 2498 3104 2557 non
3130 2470 3521 2551 afﬁrmamusf

1915 2566 2010 2622 sed
2048 2574 2107 2622 ut
2133 2567 2596 2626 ratiocinationem
2629 2571 2745 2641 ejus
2792 2588 2898 2627 non
2929 2575 3228 2630 necessaria
3248 2575 3499 2632 ‘illatione

1916 2659 2226 2725 conclusam
2256 2660 2682 2733 ostenderemus,
2707 2662 2810 2719 hoc
2834 2664 3082 2726 diximus.
3103 2666 3333 2724 Possunt
3353 2669 3495 2724 enim

1916 2757 1969 2817 et
1990 2750 2255 2823 contraria
2281 2765 2389 2805 non
2413 2751 2640 2823 invicem
2666 2753 2941 2810 adversari
2968 2797 2984 2824 ,
3025 2756 3121 2813 sed
3150 2773 3215 2813 ex
3241 2758 3498 2825 alterutro

1917 2839 2203 2909 temperari
2252 2847 2308 2895 et
2334 2840 2531 2896 bonam
2576 2842 2935 2913 valetudinem
2965 2844 3191 2903 reddere
3222 2866 3236 2902 :
3269 2849 3407 2919 sicut
3444 2851 3496 2906 in

1914 2942 2139 2998 corpore
2164 2929 2380 2986 siccitas
2411 2939 2468 2991 et
2488 2930 2795 3001 humiditas,
2819 2932 2986 3008 frigus
3007 2944 3062 2994 et
3078 2937 3242 3006 calor,
3271 2954 3509 3013 quorum

1914 3019 2155 3075 omnium
2186 3021 2572 3092 temperatione
2613 3022 2755 3079 bona
2779 3026 3076 3096 corporalis
3099 3026 3347 3085 valetudo
3371 3044 3500 3086 cou-

1916 3109 2079 3165 sistit.
2107 3108 2215 3166 Sed
2251 3111 2395 3183 quod
2421 3113 2688 3183 contraria
2710 3122 2792 3171 est
2814 3130 2940 3173 caro
2961 3116 3189 3188 spiritui,
3223 3129 3278 3174 ut
3305 3135 3410 3176 non
3436 3136 3499 3177 ea

1916 3212 2036 3268 quae
2084 3199 2332 3273 volumus
2382 3199 2678 3272 faciamus;
2731 3203 2918 3260 vitium
2969 3214 3093 3274 est,
3133 3222 3239 3263 non
3269 3215 3497 3266 natura:

1915 3288 2084 3358 gratia
2118 3290 2453 3361 medicinalis
2479 3300 2770 3365 qua-ratur,
2799 3302 2853 3367 et
2884 3297 3245 3353 controversia
3265 3298 3511 3354 ﬁniatur-

1989 3379 2076 3434 64.
2110 3380 2225 3436 Duo
2259 3382 2457 3452 quippe
2502 3385 2602 3439 ista
2643 3384 2801 3453 bona,
2858 3401 2887 3440 a
2931 3386 3073 3459 bono
3112 3388 3223 3459 Deo
3249 3388 3497 3456 condita,

1921 3472 2191 3545 quomodo
2228 3483 2415 3530 contra
2445 3475 2605 3547 hujus
2654 3478 3114 3547 ratiocinationem
3166 3482 3221 3536 in
3268 3497 3379 3537 non
3411 3482 3502 3537 ba-

1921 3563 2130 3631 ptizatis
2156 3562 2460 3629 hominibus
2489 3577 2709 3637 possunt
2730 3568 2829 3635 sibi
2849 3582 2968 3623 esse
2991 3571 3303 3626 contraria?
3333 3571 3415 3626 An
3446 3581 3500 3627 et

1918 3652 2022 3708 hoc
2044 3669 2171 3710 eum
2192 3655 2394 3719 dixisse
2422 3658 2702 3727 paenitebit
2721 3699 2737 3724 ,
2769 3660 2910 3730 quod
2938 3660 3129 3718 aliectu
3158 3664 3335 3734 aliquo
3377 3664 3500 3721 ﬁdei

1918 3744 2227 3802 christianm
2258 3748 2465 3805 locutus
2505 3750 2631 3805 est?
2668 3749 2803 3823 Cum
2829 3752 2971 3806 enim
3003 3752 3140 3809 dixit
3163 3794 3178 3821 ,
3216 3771 3235 3806 ι
3265 3754 3367 3823 Qui
3388 3755 3501 3810 ﬁeri

1926 3854 1944 3903 ᾳ
1981 3846 2154 3906 potest
2176 3846 2232 3892 ut
2258 3838 2575 3911 cuicumque
2596 3840 2707 3911 jam
2739 3841 3009 3915 baptizata
3034 3844 3104 3900 sit
3131 3856 3260 3915 caro
3287 3855 3503 3903 contra-

1920 3926 2026 3992 ria;
2060 3945 2079 3979 ι
2120 3927 2436 4000 signiﬁcavit
2475 3918 2581 3986 non
2625 3931 2905 4002 baptizatis
2936 3949 3153 3991 carnem
3192 3951 3348 4007 posse
3382 3936 3502 3992 esse

1919 4018 2263 4081 contrariam.
2291 4018 2428 4075 Nam
2455 4037 2553 4076 cur
2572 4021 2798 4089 addidit,
2823 4042 2842 4075 ι
2866 4023 2976 4095 jam
3000 4026 3294 4096 baptizato;
3329 4044 3349 4079 ι
3381 4042 3502 4083 cunt

1920 4116 2102 4178 posset
2131 4108 2293 4164 etiam
2321 4110 2422 4166 hoc
2448 4126 2554 4173 non
2582 4111 2764 4168 addito
2785 4110 2985 4189 dicere,
3010 4133 3029 4167 ι
3063 4116 3161 4183 Qui
3188 4117 3300 4172 lteri
3331 4127 3507 4188 potest

1925 4215 1944 4248 ‹
1976 4207 2032 4251 ut
2059 4196 2377 4278 cuicumque
2406 4201 2477 4255 sit
2498 4202 2642 4257 caro
2689 4204 2957 4260 contraria
2992 4223 3004 4258 :
3042 4223 3061 4258 ι
3108 4217 3266 4278 atque
3296 4208 3363 4263 ad
3397 4207 3505 4264 hoc

1920 4285 2251 4357 probandum
2290 4276 2553 4359 subjicere
2598 4291 2744 4347 illam
2792 4276 3253 4371 ratiocinationem
3302 4314 3451 4354 suam
3485 4341 3509 4363 ,η

1920 4378 2040 4449 quia
2065 4388 2347 4448 utrumque
2373 4379 2572 4454 bonum
2603 4391 2687 4437 est
2730 4398 2762 4438 a
2803 4383 2947 4441 bono
2975 4387 3262 4455 conditum,
3294 4399 3349 4445 et
3385 4382 3506 4445 ideo

1921 4478 2025 4524 non
2071 4477 2244 4538 potest
2273 4469 2412 4526 inter
2446 4486 2506 4528 se
2547 4486 2667 4539 esse
2705 4477 3078 4533 contrarium?
3114 4476 3173 4534 Si
3220 4495 3351 4552 ergo
3400 4496 3511 4536 non

1920 4560 2169 4639 baptizati
2192 4602 2208 4627 ,
2238 4561 2430 4643 quibus
2463 4574 2612 4628 certe
2652 4563 2849 4631 fatetur
2876 4581 3092 4624 carnem
3144 4585 3265 4639 esse
3295 4581 3506 4628 contra~

1921 4654 2092 4727 riam,
2140 4655 2253 4718 suis
2294 4655 2443 4712 illum
2496 4657 3001 4733 interrogationibus
3040 4671 3268 4733 urgeant
3317 4671 3373 4718 ct
3423 4662 3506 4719 di-

1921 4753 2079 4808 cant,
2126 4746 2257 4825 Quis
2301 4746 2428 4809 fecit
2475 4746 2679 4809 homini
2720 4752 3005 4821 spiritum?
3039 4752 3139 4808 iste
3168 4751 3509 4822 reSpOndebit

1924 4837 2087 4907 Deus.
2123 4840 2361 4915 itemque
2405 4840 2520 4907 illi,
2561 4841 2805 4909 Carnem
2842 4844 2962 4917 quis
3009 4845 3251 4910 creavit?
3292 4857 3510 4914 respou-

1921 4929 2012 4984 det
2037 4931 2137 4985 iste
2165 4972 2180 4997 ,
2216 4930 2383 4996 Idem,
2414 4932 2600 5005 credo,
2628 4934 2790 4995 Deus.
2826 4922 2905 4995 Ilii
2951 4937 3152 5002 tertio,
3200 4937 3379 4991 Bonus
3425 4946 3508 4992 est

1922 5021 2009 5091 qui
2042 5032 2324 5092 utrumque
2366 5023 2567 5078 creavit
2615 5024 2796 5089 Deus?
2846 5034 2901 5080 ct
2952 5026 3074 5093 iste,
3108 5025 3244 5094 Nulli
3285 5025 3505 5097 dubium

1921 5120 2021 5166 εει.
2082 5111 2256 5181 Atque
2308 5109 2384 5167 illi
2440 5127 2607 5185 unum
2654 5113 2796 5184 quod
2852 5121 3018 5169 restat
3069 5104 3383 5186 inquirant,
3442 5115 3511 5171 Et

1921 5212 2209 5274 utrumque
2281 5202 2423 5274 quod
2517 5204 2688 5259 bonus
2773 5213 2961 5261 auctor
3034 5207 3239 5262 creavit
3306 5208 3508 5264 bonum

1921 5294 2042 5348 est?
2068 5294 2165 5348 iste
2188 5293 2456 5349 fatebitur.
2482 5294 2630 5350 Tunc
2657 5295 2729 5351 illi
2751 5311 2872 5355 cum
2892 5310 2988 5350 suo
3007 5297 3187 5375 gladio
3198 5300 3508 5378 jugulabuut

1925 5385 2216 5440 inferentes
2256 5386 2659 5441 conclusionem
2708 5387 2824 5457 ejus
2870 5398 2925 5444 et
2966 5388 3204 5444 dicentes
3231 5408 3244 5444 :
3270 5392 3325 5446 Si
3354 5393 3510 5462 igitur

1924 5477 2146 5547 spiritus
2174 5476 2366 5540 bonus,
2394 5485 2446 5530 et
2469 5491 2597 5531 caro
2625 5477 2784 5544 bona,
2820 5486 2876 5533 ut
2901 5494 2930 5533 a
2965 5479 3105 5535 bono
3133 5490 3351 5537 auctore
3379 5499 3510 5539 con—

1923 5569 2053 5634 dita,
2101 5567 2190 5640 qui
2237 5567 2350 5624 fieri
2395 5576 2573 5639 potest
2602 5579 2658 5624 ut
2700 5570 2806 5624 duo
2846 5571 2980 5626 bona
3020 5573 3119 5628 sibi
3162 5574 3368 5651 possint
3392 5589 3512 5629 esse

1924 5660 2224 5716 contraria?
2261 5660 2356 5715 llic
2382 5660 2516 5715 forte
2546 5661 2636 5718 ille
2665 5663 3004 5733 respondebit
3046 5683 3061 5720 :
3112 5667 3239 5721 Date
3280 5667 3510 5731 veniant,

1926 5753 2046 5824 quia
2078 5770 2180 5807 non
2221 5753 2376 5810 debui
2415 5755 2610 5824 dicere,
2660 5758 2977 5831 cuicumque
3008 5760 3271 5830 baptizato
3296 5773 3509 5814 carnem
