4002 6178
487 307 594 366 9711

495 435 604 478 non
631 435 789 492 posse
815 432 935 477 esse
975 417 1318 488 contrariam,
1352 430 1410 474 ιιι
1449 418 1550 476 hoc
1575 416 1734 473 modo
1774 417 1924 472 vobis
1951 430 2058 471 non

489 508 770 582 baptizatis
795 509 1114 567 contrariam
1143 507 1462 574 conﬁterer;
1503 508 1599 565 sed
1625 507 1744 565 sine
1770 506 1875 562 ulla
1901 521 2064 562 esce-

489 601 674 670 ptione
715 599 894 656 dicere
934 598 1114 666 debui,
1146 612 1360 654 carnem
1407 597 1538 654 nulli
1576 611 1696 653 esse
1721 594 2060 651 contrariam.

489 691 627 746 Ecce
651 705 756 760 quo
783 703 843 746 se
867 689 980 760 ipse
1013 688 1336 760 compingit;
1377 701 1503 742 ecce
1537 702 1656 757 quae
1681 684 1946 756 loquitur,
1976 683 2066 752 qui

488 793 594 835 non
623 781 736 834 vult
761 779 993 834 clamare
1025 793 1144 832 cum
1171 777 1426 848 Apostolo
1446 818 1462 844 ,
1497 775 1622 844 Quis
1650 792 1729 832 mc
1751 773 1974 829 liberabit
2005 773 2066 827 de

485 885 697 940 corpore
723 869 899 924 mortis
937 869 1126 940 hujus?
1155 867 1330 922 Gratia
1361 866 1456 922 Dei
1480 883 1570 938 per
1592 865 1770 920 Iesum
1812 861 2067 919 Christum

485 961 760 1015 Dominum
786 969 1027 1018 nostrum.
1061 979 1080 1011 ι
1109 959 1211 1016 Sed
1242 975 1354 1024 cur,
1386 977 1406 1012 ›
1429 959 1616 1029 inquit,
1639 975 1658 1010 ι
1685 957 1930 1027 clamem,
1954 954 2064 1026 jam

489 1051 788 1123 baptizatus
818 1051 872 1106 in
903 1050 1152 1105 Christo?
1176 1049 1256 1104 Illi
1295 1050 1396 1104 hoc
1423 1049 1684 1115 clament,
1713 1048 1800 1118 qui
1831 1046 2062 1100 nondum

487 1143 592 1200 tale
621 1142 934 1199 beneﬁcium
967 1150 1336 1212 perceperunt,
1364 1156 1588 1211 quorum
1625 1140 1676 1193 in
1720 1155 1778 1196 se
1816 1153 1976 1194 vocas
2007 1137 2067 1194 li-

483 1231 707 1300 gurabal
735 1231 1022 1301 Apostolus
1054 1247 1067 1283 :
1097 1231 1142 1284 si
1188 1231 1362 1284 tanien
1407 1229 1489 1286 vel
1533 1228 1634 1284 hoc
1669 1228 1872 1284 dicunt.
1905 1246 1924 1280 ι
1958 1226 2063 1284 Sed

486 1331 689 1376 natura:
733 1319 828 1375 ista
873 1319 1145 1386 defensio,
1187 1334 1286 1374 nec
1329 1319 1447 1374 illos
1486 1318 1585 1374 hac
1614 1333 1744 1373 voce
1767 1317 2065 1373 exclamare

485 1409 760 1479 permittit.
789 1408 972 1480 Neque
995 1408 1136 1464 enim
1169 1408 1224 1464 in
1266 1407 1546 1479 baptizatis
1572 1417 1759 1463 natura
1788 1415 1901 1473 est,
1927 1415 1981 1462 et
2011 1406 2064 1462 in

485 1516 590 1557 non
617 1501 890 1572 baptizatis
909 1509 1095 1556 natura
1116 1516 1221 1556 non
1250 1508 1352 1556 est.
1379 1502 1486 1556 Aut
1507 1499 1552 1556 si
1581 1499 1662 1555 vel
1692 1499 1744 1556 in
1774 1499 1881 1555 illis
1909 1500 2062 1555 vitia-

483 1602 534 1645 ta
572 1605 692 1646 esse
715 1591 1060 1659 conceditur,
1103 1599 1161 1646 ut
1201 1605 1303 1646 non
1329 1591 1445 1646 sine
1494 1605 1654 1645 causa
1683 1589 1936 1657 clament,
1968 1589 2064 1646 In-

486 1682 611 1737 felix
637 1682 808 1750 homo,
839 1683 952 1753 quis
981 1698 1060 1737 me
1085 1680 1313 1738 liberabit
1347 1681 1410 1736 de
1434 1697 1645 1754 corpore
1670 1681 1845 1739 mortis
1869 1684 2023 1757 liujus
2039 1683 2066 1739 .’

482 1771 667 1844 eisque
691 1771 1032 1826 subveniatur
1056 1770 1110 1826 in
1151 1786 1218 1827 eo
1259 1769 1400 1841 quod
1431 1770 1704 1842 ecquitur,
1751 1767 1926 1824 Gratia
1969 1768 2066 1824 Dei

482 1880 574 1933 per
612 1861 788 1919 Iesum
835 1862 1090 1919 Christum
1129 1861 1403 1917 Dominum
1445 1871 1672 1918 nostrum
1695 1876 1715 1916 ι
1741 1859 2065 1916 concedatur

484 1952 588 2022 iam
613 1955 825 2010 tandem
849 1951 1133 2026 aliquando
1159 1952 1442 2009 humanam
1481 1951 1688 2009 medico
1727 1951 1939 2009 Christo
1979 1951 2062 2007 in—

481 2047 662 2119 digere
690 2058 954 2104 naturam.

551 2137 774 2196 CAPUT
811 2138 920 2194 LV.
957 2168 1030 2180 —
1067 2139 1154 2196 65.
1184 2136 1379 2210 Corpus
1405 2136 1579 2192 mortis
1607 2136 1670 2190 dc
1697 2135 1847 2201 vitio,
1878 2152 1976 2189 non
2001 2135 2064 2188 de

481 2229 762 2284 substantia
777 2230 984 2284 dictant.
1003 2230 1196 2300 Quaero
1216 2236 1413 2294 autent,
1431 2227 1517 2283 ubi
1541 2235 1726 2281 natura
1747 2226 1931 2281 istam‘
1949 2241 2062 2294 pur-

480 2320 674 2376 diderit
697 2321 1018 2388 libertatem,
1045 2335 1204 2392 quam
1225 2319 1323 2375 sibi
1344 2319 1456 2374 dari
1483 2325 1733 2390 exoptat,
1766 2332 1884 2372 cum
1911 2316 2058 2382 dicit,

479 2410 592 2480 quis
613 2427 694 2466 me
717 2411 983 2467 liberabit?
1013 2425 1119 2466 non
1139 2411 1280 2466 enim
1307 2417 1362 2464 et
1388 2408 1477 2464 ille
1504 2407 1854 2464 substantiam
1885 2409 2060 2489 carqis

480 2513 715 2568 accusat,
737 2517 858 2558 cum
879 2500 1005 2557 dicit
1025 2501 1234 2556 liberari
1259 2515 1319 2556 se
1338 2514 1533 2570 cupere
1561 2497 1624 2552 de
1650 2513 1858 2570 corpore
1885 2499 2060 2556 mortis

481 2593 666 2663 hujus,
695 2607 816 2648 cum
842 2592 1001 2648 etiam
1020 2591 1279 2662 corporis,
1305 2591 1440 2648 sicut
1467 2589 1659 2644 anima:
1681 2629 1698 2654 ,
1730 2596 1917 2643 natura
1951 2589 2058 2644 Deo

481 2685 622 2738 bono
635 2684 837 2739 auctori
855 2681 1132 2739 tribuenda
1153 2683 1221 2736 sit
1238 2699 1250 2736 :
1274 2679 1368 2737 sed
1387 2681 1566 2751 utique
1581 2678 1648 2734 de
1663 2679 1803 2734 vitiis
1821 2679 2060 2748 corporis

479 2774 624 2830 dicit.
654 2773 786 2830 Nam
825 2773 892 2830 de
939 2789 1164 2845 corpore
1204 2787 1348 2828 mors
1395 2771 1636 2842 corporis
1668 2777 1881 2840 separat
1915 2787 1930 2826 :
1961 2769 2057 2826 sed

477 2874 750 2920 contracta
775 2879 841 2920 es
874 2863 964 2918 illo
991 2863 1116 2919 vitia
1145 2863 1418 2919 cobasrent
1438 2901 1456 2930 ,
1500 2859 1692 2930 quibus
1731 2859 1871 2931 jllSla
1903 2874 2056 2930 paena

480 2953 722 3020 debetur,
752 2968 910 3024 quam
955 2954 1114 3010 etiam
1165 2950 1218 3007 in
1262 2950 1468 3006 inferno
1516 2949 1608 3005 ille
1658 2949 1807 3005 dives
1854 2947 2058 3004 invenit

481 3039 635 3114 (Luc.
663 3058 771 3111 xvi,
788 3041 1000 3114 22-26).
1027 3041 1162 3096 lliuc
1188 3056 1247 3096 se
1267 3057 1371 3096 non
1392 3046 1599 3111 poterat
1619 3039 1799 3109 utique
1827 3039 2056 3095 liberare

479 3141 570 3210 qui
596 3141 744 3208 dicit,
779 3139 907 3208 Quis
945 3155 1023 3194 me
1053 3137 1276 3194 liberabit
1311 3137 1376 3193 de
1393 3151 1604 3202 corpore
1638 3135 1812 3188 mortis
1859 3134 2058 3205 hujus!

482 3233 811 3302 Ubicumque
837 3239 1012 3288 autem
1039 3232 1195 3288 istam
1235 3229 1524 3302 perdiderit
1563 3227 1883 3295 libertatem,
1910 3238 2056 3284 certe

483 3323 849 3396 inseparabilis
874 3333 957 3380 est
985 3322 1306 3394 possibilitas
1340 3321 1430 3376 illa
1457 3329 1678 3384 natura).
1712 3319 1870 3375 habet
1899 3334 2054 3390 posse

480 3430 579 3486 per
607 3415 846 3470 naturale
881 3413 1206 3478 subsidium,
1236 3411 1396 3467 habet
1422 3410 1562 3466 velle
1593 3425 1686 3480 per
1714 3409 1937 3465 liberum
1961 3425 2051 3464 ar-

479 3507 726 3573 bitrium;
763 3522 860 3562 cur
895 3507 1084 3578 qumrit
1121 3503 1460 3576 Baptismatis
1503 3501 1929 3558 sacramentum?
1971 3503 2052 3556 An

479 3605 696 3670 propter
719 3598 1003 3654 commissa
1031 3595 1330 3667 praeterita,
1365 3603 1424 3650 ut
1450 3609 1511 3650 ea
1541 3601 1744 3648 tantum
1773 3593 2050 3663 ignoscan-

478 3698 586 3756 tur,
609 3705 729 3761 quin
753 3688 870 3744 ﬁeri
897 3689 1086 3744 infecta
1116 3702 1222 3742 non
1253 3685 1741 3758 possuut‘lDimitte
1758 3685 2048 3750 hominem,

479 3783 678 3838 clamet
705 3781 846 3852 quod
876 3781 1158 3836 clamabat.
1197 3779 1314 3835 Non
1342 3779 1484 3834 enim
1517 3787 1715 3833 tantum
1745 3777 2050 3843 desiderat,

477 3878 536 3927 ut
567 3885 662 3940 per
693 3869 1070 3942 indulgentiam
1099 3869 1170 3924 sit
1192 3868 1261 3924 de
1299 3867 1580 3938 praiteritis
1619 3867 1928 3938 impunitus,
1956 3867 2052 3924 sed

477 3960 642 4018 etiam
675 3969 734 4016 ut
769 3961 837 4016 sit
873 3959 941 4016 de
974 3968 1170 4014 ea:er
1199 3956 1266 4014 ad
1305 3973 1409 4014 non
1451 3956 1776 4028 peccandum
1811 3955 1966 4012 fortis
1998 3969 2050 4014 et

475 4051 704 4110 validus.
729 4049 1135 4109 Condelectatur
1157 4049 1299 4106 enim
1329 4049 1428 4119 legi
1460 4048 1553 4104 Dei
1583 4047 1872 4104 secundum
1911 4049 2046 4106 intc-

475 4143 678 4200 riorem
717 4141 982 4200 hominem
1001 4183 1016 4207 ,
1042 4139 1188 4198 videt
1211 4146 1386 4195 autem
1415 4137 1572 4194 aliam
1607 4137 1778 4210 legem
1804 4138 1857 4193 in
1887 4155 2051 4195 mem-

477 4233 588 4290 bris
615 4234 726 4291 suis
754 4242 1132 4304 repugnantem
1164 4233 1264 4303 lcgi
1301 4231 1493 4288 mentis
1535 4247 1647 4287 sua:
1677 4248 1690 4285 :
1724 4230 1869 4286 videt
1895 4247 2048 4300 esse,

475 4339 584 4382 non
604 4324 794 4380 recolit
821 4324 1016 4390 fuisse;
1048 4321 1394 4392 praesentibus
1421 4331 1666 4392 urgetur,
1699 4337 1802 4376 non
1827 4329 2050 4394 prater-

477 4412 550 4469 Ita
601 4413 978 4470 reminiscitur.
1026 4411 1137 4468 Nec
1183 4420 1384 4468 tantum
1432 4421 1814 4484 repugnantem
1867 4411 2048 4479 videt,

477 4517 663 4560 verum
685 4503 850 4558 etiam
879 4501 1234 4572 captivantem
1263 4517 1322 4557 se
1351 4501 1402 4556 in
1431 4501 1549 4573 lege
1580 4502 1800 4572 peccati,
1823 4517 1940 4572 quae
1969 4513 2052 4558 est

477 4593 532 4651 in
556 4590 809 4649 membris
819 4585 964 4663 'ejus,
995 4605 1102 4647 non
1122 4605 1242 4664 quae
1262 4589 1378 4646 fuit.
1402 4590 1534 4646 liiuc
1553 4599 1636 4648 est
1651 4590 1793 4663 quod
1813 4593 2008 4648 clamat
2034 4609 2046 4642 τ

475 4685 674 4758 Infeiia:
703 4685 874 4752 homo,
898 4686 1008 4755 quis
1029 4699 1107 4738 mc
1129 4680 1356 4739 liberabit
1375 4681 1658 4754 decorpore
1674 4683 1845 4738 mortis
1862 4684 2010 4751 huius
2026 4685 2052 4738 Ρ

475 4779 692 4835 Sinatur
704 4775 1100 4838 orare.sinatur
1123 4771 1442 4845 adjutorium
1473 4772 1666 4829 medici
1696 4773 2046 4843 potentissimi

475 4870 736 4942 ﬂagitare.
767 4867 902 4938 Quid
929 4865 1341 4925 contradicitur?
1369 4863 1504 4933 Quid
1535 4863 1896 4935 obstrepitur?
1922 4864 2048 4937 quid

473 4963 641 5019 miser
664 4959 1080 5017 misericordiam
1109 4957 1300 5014 Christi
1331 4968 1508 5027 petere
1523 4956 1850 5029 prohibetur,
1872 4967 1926 5012 et
1951 4957 2052 5012 hoc

471 5071 505 5110 ιι
531 5052 882 5115 Christianis?
914 5051 1044 5107 Nam
1086 5059 1139 5107 et
1175 5050 1250 5106 illi
1277 5065 1396 5105 cum
1423 5048 1635 5105 Christo
1672 5049 2003 5104 ambulabant
2031 5089 2046 5116 ,

473 5146 562 5218 qui
592 5161 789 5202 eccum
827 5146 848 5178 ²
889 5143 1064 5200 lumen
1109 5140 1384 5225 clamando
1428 5149 1612 5211 petere
1655 5139 1997 5210 prohibebant
2033 5157 2048 5195 :

473 5235 568 5290 sed
597 5235 756 5291 etiam
789 5235 928 5290 inter
958 5232 1240 5289 tumultum
1273 5229 1742 5288 rontradicentium
1773 5229 1921 5284 audit
1960 5229 2051 5285 ille

472 5324 790 5380 clamantem
819 5323 1008 5396 (Marc.
1041 5341 1070 5380 ιι
1095 5365 1108 5387 .
1141 5321 1334 5394 46-52)
1364 5338 1377 5374 :
1407 5321 1543 5377 unde
1584 5319 1704 5376 huic
1733 5334 2046 5391 responsum

540 5471 558 5505 ί
589 5476 754 5530 Plures
773 5483 902 5538 Mss,
925 5475 1032 5526 ista.

539 5546 558 5574 ³
588 5539 724 5596 Editi,
749 5532 916 5588 crocos.
949 5536 1224 5598 corrigendi
1264 5549 1326 5585 ex
1366 5535 1699 5598 maiuscriptis
1731 5534 1811 5598 qui
1849 5532 2048 5590 habent,

471 5595 832 5668 exegimu‘juvta
855 5595 1206 5668 Marcumfcap.
1228 5610 1256 5668 ξ
1283 5596 1398 5668 :_vc_l
1423 5605 1557 5647 certe
1579 5595 1839 5668 legendum
1865 5601 2048 5668 postea,

471 5653 608 5712 audit
630 5653 711 5709 ιιιὲ
733 5658 1020 5721 clamantes;
1043 5653 1214 5721 nonut
1237 5658 1283 5705 in
1305 5657 1420 5716 ipsis
1443 5653 1651 5721 qupr
1660 5657 1818 5718 editis,
1841 5653 2051 5717 singula-

473 5728 515 5776 ti
538 5733 761 5784 omnem,
785 5716 922 5770 audit
942 5715 1023 5772 ille
1049 5715 1346 5768 (iurauimus.

1431 307 1520 363 os
1557 305 1836 366 unum
1874 307 1964 366 ετ
1997 306 2278 378 αιιΑτιΑ,
2316 307 2376 363 s.
2415 306 2782 378 AUGUSTINI

3640 313 3740 370 280

2175 427 2290 483 est,
2330 416 2507 472 Gratia
2554 417 2646 474 Dei
2683 436 2771 489 per
2802 417 2977 475 Iesum
3025 419 3275 493 Christum
3323 419 3596 478 Dominum
3645 442 3729 478 no-

2173 519 2350 563 atrum.

2245 597 2332 653 66.
2360 599 2527 655 Porro
2555 601 2600 657 si
2627 603 2694 657 ab
2722 602 2836 657 istis
2860 602 2941 657 vel
2983 602 3080 657 hoc
3116 601 3495 676 impetramus,
3525 613 3582 658 ut
3609 619 3738 664 non-

2172 685 2296 740 dum
2328 687 2574 756 baptizati
2616 690 2898 760 implorent
2931 691 3181 744 auxilium
3209 692 3392 760 gratia:
3417 691 3735 762 Salvatoris,
3768 715 3773 721 ·

2173 791 2278 834 non
2301 788 2383 832 est
2406 777 2506 834 hoc
2529 779 2742 849 quidem
2770 795 2953 850 parum
2986 779 3238 835 adversus
3267 781 3409 834 illam
3441 780 3625 837 falsam
3645 783 3735 839 de-

2173 867 2465 924 fensionem
2490 879 2734 942 tanquam
2755 871 2854 926 sibi
2880 871 3190 927 sufﬁcientis
3212 881 3412 926 naturae
3436 883 3487 928 et
3514 883 3736 942 potesta-

2172 957 2238 1012 tis
2267 958 2414 1013 liberi
2443 959 2644 1014 arbitrii
2680 977 2694 1016 :
2723 975 2894 1029 neque
2921 960 3061 1015 enim
3091 960 3190 1014 sibi
3227 961 3418 1016 sufﬁcit
3455 964 3542 1031 qui
3580 962 3734 1030 dicit,

2170 1045 2364 1116 [nrt-lia:
2401 1049 2583 1113 homo,
2612 1049 2724 1120 quis
2750 1066 2827 1104 mc
2850 1049 3119 1104 liberabit?
3157 1060 3244 1104 aut
3291 1051 3498 1120 plenam
3529 1051 3736 1108 Iiberta-

2173 1149 2276 1192 tem
2317 1138 2510 1194 habere
2541 1139 2796 1196 dicendus
2837 1149 2936 1207 est,
2987 1141 3077 1213 qui
3121 1157 3180 1197 se
3216 1141 3390 1197 adhuc
3425 1143 3650 1213 postulat
3676 1145 3732 1198 li-

2169 1228 2344 1283 berari
2355 1269 2366 1280 .

2241 1317 2465 1374 C.\PUT
2503 1319 2633 1374 I.\'I.
2661 1350 2733 1362 -
2763 1319 2905 1377 Idem
2941 1331 3183 1376 tractatur
3223 1333 3589 1394 argumentum.
3631 1325 3732 1381 Ve-

2170 1421 2464 1464 rumtamen
2487 1414 2642 1466 etiam
2674 1412 2800 1467 illud
2829 1412 3118 1480 videamus,
3149 1423 3326 1468 utrum
3353 1413 3430 1468 illi
3458 1415 3547 1486 qui
3573 1414 3732 1486 bapti-

2170 1499 2268 1554 ῑ.ιι1
2297 1509 2422 1556 sunt
2449 1501 2644 1558 faciant
2671 1503 2806 1558 bona
2836 1520 2953 1574 qua:
2982 1504 3186 1570 volunt,
3220 1505 3361 1560 nulla
3403 1507 3580 1560 carnis
3605 1521 3730 1562 oon-

2169 1591 2489 1662 cupisccntia
2519 1603 2862 1665 repugnante.
2891 1593 2997 1651 Sed
3026 1593 3150 1665 quid
3187 1594 3310 1650 hinc
3339 1595 3596 1660 dicamus,
3625 1599 3732 1667 ipse

2169 1693 2568 1753 commemorat,
2594 1683 2680 1740 ubi
2697 1683 3016 1740 concludens
3033 1686 3174 1740 hunc
3187 1685 3382 1754 locum,
3409 1684 3478 1742 Ut
3497 1689 3728 1756 diximus,

2168 1773 2355 1844 inquit,
2381 1773 2508 1828 illud
2529 1791 2626 1844 quo
2654 1776 2950 1842 continetur,
2975 1792 2994 1826 ι
3021 1773 3152 1830 Caro
3175 1777 3482 1846 concupiscit
3501 1779 3731 1834 adversus

2165 1864 2418 1936 spiritum,
2455 1883 2474 1918 ι
2505 1883 2604 1919 non
2633 1867 2696 1921 de
2724 1867 2889 1920 carnis
2926 1865 3234 1932 substantia,
3285 1866 3374 1920 sed
3409 1867 3472 1920 de
3507 1869 3731 1938 aper-ibus

2167 1956 2352 2011 sentire
2398 1972 2595 2014 necesse
2616 1967 2708 2012 est.
2739 1955 2849 2012 Iloc
2868 1965 2922 2011 et
2946 1971 3042 2010 nos
3068 1957 3313 2024 dicimus,
3337 1973 3443 2012 non
3469 1959 3535 2012 de
3559 1960 3730 2014 carnis

2166 2043 2478 2112 Substautia,
2510 2046 2602 2102 sed
2631 2047 2699 2102 de
2723 2047 2970 2118 operibus
2995 2046 3212 2110 dictum,
3252 2061 3371 2117 qua:
3415 2048 3628 2104 veniqu
3665 2049 3730 2104 de

2165 2135 2362 2192 carnali
2394 2137 2410 2167 ⁸
2441 2137 2866 2207 concupiscentia
2885 2177 2898 2202 ,
2939 2136 3007 2192 dc
3029 2147 3248 2208 peccato
3273 2137 3508 2202 scilicet,
3539 2137 3608 2192 de
3629 2154 3729 2209 quo

2168 2227 2416 2298 prses-epit
2447 2237 2499 2282 ut
2529 2243 2635 2283 non
2671 2236 2856 2298 regnet
2884 2226 2936 2282 iu
2963 2235 3146 2283 nostro
3171 2227 3381 2283 mortali
3409 2243 3633 2300 corpore
3663 2229 3730 2286 ad

2165 2315 2516 2372 obediendum
2539 2316 2817 2372 desideriis
2841 2317 2955 2388 ejus
2979 2316 3153 2390 (Rom.
3180 2334 3256 2383 vi,
3285 2316 3398 2390 12).

2233 2407 2460 2464 CAPUT
2495 2407 2651 2463 LVII.
2677 2439 2749 2449 —
2781 2409 2868 2465 67.
2911 2407 3019 2465 Sub
3061 2410 3170 2482 lege
3209 2411 3323 2484 quis
3362 2427 3468 2466 esse
3512 2411 3728 2466 dicatur.

2163 2496 2266 2554 Sed
2295 2487 2533 2554 attendat
2561 2500 2582 2531 '
2610 2499 2768 2554 etiam
2811 2501 2923 2571 ipse
2949 2541 2964 2567 ,
3003 2500 3114 2571 jam
3153 2501 3427 2572 baptizatis
3465 2501 3626 2559 fuisse
3647 2503 3728 2558 di-

2163 2597 2328 2656 ctum,
2365 2587 2496 2644 Caro
2533 2592 2836 2662 concupiscit
2883 2591 3124 2646 adversus
3161 2591 3414 2664 spiritum,
3446 2604 3494 2648 ct
3522 2595 3726 2666 spiritus

2162 2677 2399 2734 adversus
2425 2697 2665 2749 carnem;
2701 2690 2756 2736 ut
2791 2698 2892 2736 non
2923 2697 2983 2736 ea
3021 2699 3135 2754 qua:
3158 2681 3306 2738 vultis
3333 2684 3552 2755 faciatis.
3576 2687 3638 2742 Et
3663 2704 3732 2744 ne

2161 2767 2228 2824 ab
2250 2768 2360 2840 ipsa
2383 2785 2556 2841 pugna
2576 2770 2787 2828 desides
2805 2771 3022 2841 faceret,
3049 2781 3103 2829 et
3132 2788 3230 2844 per
3249 2773 3387 2831 hanc
3414 2779 3728 2834 sententiam

2162 2857 2516 2916 laxamentum
2566 2863 2818 2932 peccandi
2861 2863 3073 2920 dedisse
3115 2864 3404 2934 videretur,
3449 2868 3679 2940 adjungit
3709 2911 3726 2938 ,

2163 2948 2312 3018 Quod
2330 2953 2376 3007 si
2395 2953 2575 3022 spiritu
2605 2954 2862 3024 ducimiui,
2891 2972 2990 3011 non
3019 2957 3186 3012 adhuc
3209 2959 3327 3014 estis
3350 2960 3440 3014 sub
3467 2961 3573 3034 lege
3597 2961 3730 3036 (Ga-

2161 3043 2250 3095 lat.
2283 3058 2335 3109 v,
2368 3044 2454 3108 17,
2491 3045 2600 3117 18).
2645 3045 2754 3100 Sub
2780 3045 2896 3117 lcge
2940 3055 3024 3102 est
3070 3048 3232 3115 enim,
3261 3049 3352 3120 qui
3378 3052 3569 3108 timore
3599 3068 3731 3124 sup-

2159 3130 2298 3199 plicii
2333 3132 2474 3202 quod
2499 3134 2584 3188 lex
2617 3133 2866 3202 minatur,
2895 3151 3000 3192 non
3025 3151 3207 3192 amore
3227 3138 3464 3208 iustitia},
3489 3157 3547 3198 se
3571 3145 3730 3200 sentit

2159 3221 2426 3278 abstinere
2459 3224 2526 3279 ab
2554 3239 2716 3294 opere
2732 3227 2954 3296 peccati,
2981 3227 3212 3284 nondum
3239 3228 3374 3285 liber
3404 3247 3502 3287 nec
3525 3234 3730 3292 alienus

2159 3327 2188 3365 a
2235 3313 2504 3372 voluntate
2550 3318 2820 3386 peccandi.
2873 3318 2927 3372 lu
2972 3319 3081 3390 ipsa
3125 3320 3266 3375 enim
3299 3321 3566 3380 voluntate
3607 3341 3730 3382 reus

2157 3411 2258 3467 est,
2289 3418 2392 3472 qua
2419 3405 2615 3472 mallet,
2645 3407 2691 3462 si
2722 3407 2832 3462 ﬁeri
2860 3416 3056 3478 posset,
3085 3426 3188 3464 non
3218 3425 3340 3469 esse
3359 3413 3497 3484 quod
3522 3416 3722 3484 timeat,

2157 3504 2208 3548 ut
2237 3495 2398 3552 libere
2424 3494 2580 3552 faciat
2598 3497 2738 3568 quod
2759 3499 2965 3555 occulte
2992 3499 3278 3557 desiderat.
3303 3503 3443 3573 Ergo
3461 3505 3508 3560 si
3520 3506 3726 3577 spiritu,

2157 3585 2344 3656 inquit,
2373 3587 2634 3656 duciminl,
2666 3606 2765 3644 non
2796 3590 2960 3645 adhuc
2985 3593 3100 3646 estis
3124 3594 3212 3647 sub
3238 3594 3346 3665 lege
3370 3611 3390 3649 :
3418 3597 3596 3666 utique
3614 3599 3731 3668 lege

2156 3692 2272 3747 qua:
2317 3678 2558 3733 timorem
2605 3679 2822 3747 incutit,
2873 3697 2976 3737 non
3019 3683 3200 3739 tribuit
3241 3685 3579 3752 charitatem;
3609 3705 3731 3758 qua:

2155 3768 2386 3824 cliaritas
2414 3768 2507 3824 Dei
2544 3767 2733 3826 diﬁ‘usa
2763 3782 2843 3826 est
2873 3772 2924 3826 iu
2955 3773 3202 3829 cordibus
3229 3776 3426 3830 nostris
3446 3818 3459 3841 ,
3499 3792 3604 3830 non
3634 3795 3732 3848 per

2157 3857 2288 3928 legis
2331 3857 2582 3925 litteram,
2613 3859 2706 3916 sed
2737 3876 2833 3931 per
2859 3861 3114 3933 Spiritum
3163 3875 3404 3919 sanctum
3447 3865 3535 3935 qui
3573 3866 3731 3923 datus

2155 3959 2238 4005 est
2266 3951 2419 4006 nobis
2441 3949 2614 4021 (Rom.
2644 3951 2796 4023 v,'5).
2823 3953 2946 4008 llaec
2964 3963 3044 4010 est
3069 3955 3152 4010 lex
3185 3943 3460 4022 lihértatis,
3484 3972 3589 4011 non
3611 3974 3730 4012 scr-

2156 4041 2368 4107 vitulis;
2397 4043 2516 4113 quia
2543 4043 2818 4100 charitatis
2843 4045 3042 4116 utique,
3068 4055 3171 4102 mu
3195 4046 3400 4102 timoris
3425 4066 3440 4102 ε
3461 4047 3526 4102 de
3552 4063 3652 4118 qua
3675 4059 3732 4104 et

2156 4131 2388 4188 Jacohus
2413 4133 2686 4204 apostolus
2713 4133 2806 4198 ait,
2843 4134 2942 4200 Qui
2969 4145 3134 4190 autent
3158 4137 3463 4208 perspexerit
3489 4138 3538 4190 in
3569 4138 3730 4207 legem

2154 4224 2424 4292 perfectam
2455 4221 2700 4276 libertatis
2727 4222 2930 4295 (Jacobi
2970 4241 3019 4290 ι,
3045 4225 3168 4296 25).
3215 4225 3362 4282 Unde
3395 4235 3449 4282 et
3477 4227 3583 4288 ille.
3615 4243 3726 4282 nou

2154 4311 2363 4380 quidem
2388 4311 2498 4380 jam
2527 4311 2642 4382 lege
2681 4312 2769 4368 Dei
2801 4315 3101 4370 terrebatur
3128 4321 3184 4369 ut
3222 4330 3427 4380 servus,
3460 4316 3552 4372 sed
3592 4332 3732 4372 cnn-

2153 4402 2512 4458 delcctabatur
2533 4402 2580 4456 ei
2603 4404 2890 4458 secundum
2919 4405 3222 4460 interiorem
3253 4406 3517 4462 hominem
3545 4427 3558 4460 :
3585 4409 3734 4464 videt

2155 4501 2330 4548 tamen
2357 4491 2532 4548 adhuc
2558 4493 2713 4547 aliam
2742 4493 2913 4564 legem
2944 4495 2996 4548 in
3021 4495 3270 4551 membris
3292 4511 3403 4552 sats
3430 4512 3737 4567 repugnan-

2155 4589 2260 4637 tem
2305 4583 2407 4654 legi
2455 4583 2646 4638 mentis
2689 4597 2816 4638 sum.
2857 4583 2930 4638 Ita
2973 4594 3027 4640 et
3071 4585 3176 4654 hic,
3217 4586 3281 4642 Si
3305 4588 3504 4658 spiritu,
3533 4589 3732 4658 inquit,

2153 4671 2396 4726 ducimim'
2414 4713 2430 4738 ,
2476 4689 2574 4726 non
2608 4671 2776 4726 adhuc
2803 4673 2920 4728 estis
2947 4675 3038 4728 sub
3063 4673 3186 4745 lege.
3219 4673 3274 4730 In
3300 4684 3550 4746 quantum
3577 4678 3739 4748 quis-

2153 4778 2256 4832 que
2275 4763 2462 4832 spiritu
2482 4762 2711 4830 ducitur,
2735 4779 2838 4818 non
2859 4773 2941 4820 est
2959 4765 3060 4821 sub
3081 4765 3194 4835 lege
3223 4783 3236 4820 :
3259 4765 3377 4837 quia
3401 4767 3450 4821 in
3474 4777 3740 4838 quantum

2153 4853 2550 4910 condelectatur
2569 4855 2670 4924 legi
2693 4854 2806 4922 Dei,
2833 4864 3044 4912 nonest
3073 4855 3172 4910 sub
3197 4855 3326 4924 legis
3345 4855 3578 4926 timore;
3602 4859 3742 4926 quia

2155 4947 2315 5002 timor
2341 4955 2660 5002 tormentum
2687 4947 2846 5003 habet
2866 4947 2916 5018 (l
2935 4946 3090 5000 Joau.
3121 4962 3193 5014 Iv,
3228 4947 3339 5017 18),
3363 4961 3466 5002 non
3491 4947 3712 5004 delecta
3731 4978 3748 4990 -

2157 5045 2374 5094 tionem.

2224 5128 2446 5186 CAPUT
2500 5127 2676 5184 LVIII.
2705 5157 2777 5169 —-
2804 5127 2893 5183 68.
2925 5125 3068 5182 Idem
3094 5136 3338 5182 tractatur
3356 5135 3744 5200 argumentum.

2155 5219 2380 5275 Proinde
2409 5219 2452 5274 si
2479 5228 2623 5274 recte
2647 5221 2926 5285 sentimus,
2955 5219 3094 5273 sicut
3131 5234 3228 5289 pro
3256 5219 3507 5274 membris
3527 5222 3752 5275 sanatis

2153 5312 2348 5380 gratias
2373 5323 2548 5380 agerc,
2580 5309 2648 5364 ita
2676 5324 2772 5379 pro
2793 5309 3045 5363 sanandis
3067 5323 3223 5366 orare
3243 5309 3516 5374 debemus,
3548 5317 3606 5362 ut
3630 5311 3752 5363 ah—

2107 5422 2112 5430 ·
2153 5402 2472 5458 solutissima
2517 5402 2602 5458 cui
2647 5400 2781 5456 nihil
2817 5401 2938 5456 addi
2980 5401 3148 5470 possit
3190 5402 3436 5466 sanitate,
3494 5402 3758 5470 perfecta

2157 5495 2250 5550 Dei
2287 5495 2562 5558 suavitate,
2597 5493 2748 5564 plena
2791 5495 3034 5548 libertate
3075 5491 3422 5561 perfruamur.
3449 5492 3560 5548 Non
3582 5495 3757 5548 cnim

2219 5651 2232 5681 ί
2271 5649 2404 5707 Fditi,
2424 5648 2610 5709 contis;
2633 5655 2738 5700 Ms.
2765 5649 2970 5698 Vaticani
2993 5663 3164 5698 manas
3189 5658 3232 5700 ct
3259 5648 3496 5708 (aliicanl,
3520 5648 3759 5701 ternas.

2219 5713 2235 5743 ι
2271 5712 2340 5760 sic
2365 5717 2465 5760 uss.
2493 5717 2544 5760 Al
2571 5710 2702 5773 editi,
2725 5724 2810 5761 nec
2835 5712 3046 5762 attemtu.
