4002 6178
340 339 623 395 abnuimus
643 337 928 394 humanam
954 348 1194 395 naturan.
1221 351 1376 408 posse
1392 351 1508 392 esse
1534 336 1648 390 sine
1677 344 1911 404 peccato,

339 443 431 485 aut
443 429 551 483 ullo
567 428 727 484 modo
743 443 938 500 negare
951 428 1206 484 debemus
1229 427 1408 496 perﬁci
1432 441 1607 496 posse,
1624 440 1780 494 quant
1798 441 1917 493 pro-

339 520 623 575 ﬁcerenon
652 532 927 590 negamus,
961 518 1053 573 sed
1079 518 1245 589 gratia
1276 516 1369 573 Dei
1409 532 1503 586 per
1544 516 1723 570 Jesum
1765 514 1915 570 Chri-

338 620 478 664 stum
508 609 791 664 Dominum
818 616 1057 663 nostrum
1092 626 1105 663 :
1135 623 1200 663 eo
1219 606 1503 675 adjuvante
1524 604 1638 660 ﬁeri
1666 604 1912 670 dicimus,

337 710 394 754 ut
422 700 563 771 insta
593 709 649 754 et
686 700 835 753 beata
872 699 961 761 sit,
1005 713 1036 752 a
1081 714 1188 767 quo
1226 705 1401 752 creata
1428 704 1511 751 est
1538 704 1594 749 ut
1622 695 1712 750 sit.
1740 692 1915 750 Facile

337 790 515 859 itaque
537 788 815 853 refellitur,
846 787 986 857 quod
1017 802 1044 840 a
1071 786 1387 856 quibusdam
1409 785 1508 839 sibi
1537 784 1666 839 dicit
1692 784 1909 853 opponi,

339 900 361 934 ι
398 882 652 936 Diabolus
694 880 847 935 nobis
891 879 1223 933 adversatur.
1263 897 1282 930 ›
1335 877 1561 931 Prorsus
1605 876 1724 929 huic
1760 874 1911 946 obje-

333 972 496 1027 ctioni
517 971 774 1027 eteadem
793 971 950 1025 verba
979 970 1383 1037 respondemus,
1403 984 1519 1038 quze
1548 968 1659 1036 ipse
1688 982 1911 1034 respon-

330 1064 437 1118 dit:
460 1084 478 1114 σ
507 1064 835 1118 licsistatnus
864 1061 959 1123 illi,
979 1070 1030 1115 et
1054 1058 1233 1129 fugiet.
1253 1058 1504 1121 liesistite,
1529 1058 1693 1127 inquit
1728 1057 1911 1110 beatus

331 1157 624 1224 apostolus,
668 1154 890 1219 diabolo,
928 1162 974 1207 et
1028 1151 1184 1223 fugiet
1236 1167 1266 1204 a
1317 1150 1451 1203 vobis
1492 1147 1691 1218 (Jacobi
1722 1163 1792 1212 tv,
1827 1138 1904 1216 7).

330 1245 481 1301 Unde
526 1242 1048 1299 animadvertendum
1100 1250 1181 1295 est
1218 1239 1343 1310 quid
1392 1238 1557 1308 possit
1602 1237 1682 1291 his
1716 1252 1909 1291 nocere

328 1353 465 1409 quos
502 1337 657 1408 fugit,
698 1336 783 1392 vel
821 1350 975 1405 quam
1014 1334 1257 1387 virtutem
1301 1330 1495 1387 habere
1536 1326 1908 1398 intelligendus

327 1431 419 1497 sit,
449 1430 542 1500 qui
579 1429 712 1484 solis
752 1425 1040 1497 pratvalcre
1083 1439 1188 1478 non
1239 1420 1607 1477 resistentibus
1656 1427 1846 1487 potest.
1883 1435 1903 1470 ι

326 1520 453 1576 limo
478 1529 532 1575 et
561 1535 677 1575 mea
708 1516 869 1573 verba
896 1524 1020 1571 sunt
1046 1532 1060 1569 :
1090 1513 1265 1568 verius
1289 1511 1430 1567 enim
1455 1510 1556 1566 dici
1588 1525 1689 1562 non
1713 1516 1904 1578 potest.

326 1610 435 1666 Sed
482 1610 585 1664 hoc
630 1608 851 1663 interest
887 1606 1022 1659 inter
1049 1618 1146 1657 nos
1173 1610 1227 1655 et
1269 1601 1417 1664 istos,
1447 1596 1594 1669 quod
1617 1611 1717 1651 nos
1744 1597 1903 1652 etiam

323 1717 447 1757 cum
475 1700 690 1755 diabolo
714 1697 1001 1762 resistitur,
1047 1691 1368 1763 poscendum
1410 1690 1502 1745 Dei
1545 1686 1862 1758 adjutorium
1885 1726 1900 1751 ,

324 1807 432 1845 non
461 1791 639 1847 solum
668 1804 772 1844 non
799 1799 1073 1857 negamus,
1102 1798 1283 1840 verum
1318 1781 1478 1837 etiam
1508 1780 1853 1851 prmdicamus
1886 1796 1898 1830 :

322 1882 412 1936 isti
437 1892 618 1937 autem
648 1887 844 1934 tantam
887 1877 1122 1932 trilmunt
1162 1880 1474 1943 potcsmtcm
1509 1869 1802 1932 voluntati,
1848 1876 1902 1921 ut

321 1973 504 2042 pietati
549 1972 792 2026 auferant
850 1964 1163 2023 orationem.
1206 1961 1338 2017 Nam
1376 1960 1554 2030 utique
1593 1968 1645 2013 ut
1689 1958 1897 2012 diabolo

320 2062 635 2116 resistamus
659 2070 715 2114 ct
740 2056 897 2128 fugiat
932 2071 960 2110 a
989 2053 1160 2119 nobis,
1193 2052 1311 2107 ideo
1340 2057 1617 2121 precantes
1642 2048 1864 2102 dicimus
1883 2088 1896 2110 ,

321 2154 408 2209 Ne
434 2169 527 2206 nos
558 2153 749 2220 inferas
776 2149 825 2202 in
855 2147 1171 2200 tentationem
1200 2142 1409 2216 (Matth.
1443 2157 1515 2204 vt,
1546 2139 1634 2210 i5)
1660 2157 1673 2192 :
1703 2138 1822 2192 ideo
1847 2147 1902 2192 et

216 2244 227 2247 ⁷
319 2240 578 2298 admoniti
638 2252 824 2294 sumus
890 2244 1136 2306 tanquam
1203 2232 1271 2286 ab
1332 2230 1653 2299 imperatore
1701 2226 1900 2281 milites

320 2338 636 2390 exhortante
662 2337 716 2383 et
744 2327 974 2392 dicente,
1008 2322 1241 2395 i’igilate,
1272 2330 1317 2376 et
1343 2328 1515 2387 orate,
1547 2335 1609 2373 ne
1636 2317 1828 2372 intretis
1846 2316 1899 2370 in

321 2426 643 2483 «inclinem
672 2420 862 2490 (Marc.
893 2433 1001 2482 xrv,
1030 2416 1143 2486 '58).

390 2514 618 2573 CAPUT
658 2512 793 2568 LIX.
837 2539 909 2553 -—-
943 2508 1030 2565 69.
1062 2506 1209 2561 Idem
1257 2513 1500 2559 tractatur
1525 2509 1895 2573 argumentum.

319 2608 469 2677 Quod
495 2611 625 2660 vero
647 2614 829 2660 contra
859 2614 953 2657 cos
975 2599 1228 2669 diSputat,
1264 2595 1352 2667 qui
1383 2595 1591 2658 dicunt,
1628 2612 1647 2645 ‹
1684 2592 1749 2646 Ει
1777 2592 1897 2661 quis

321 2702 453 2756 nolit
479 2700 595 2754 sine
625 2703 841 2767 peccato
866 2706 984 2747 esse
1003 2733 1017 2757 ,
1047 2690 1091 2745 si
1121 2688 1222 2743 hoc
1249 2688 1298 2741 in
1325 2684 1559 2742 hominis
1582 2695 1728 2739 esset
1754 2683 1897 2752 posi-

322 2802 430 2847 tum
460 2786 756 2860 potestate?
789 2804 809 2838 ι
840 2783 1004 2838 Recte
1029 2781 1238 2851 quidem
1267 2777 1538 2847 disputat,
1585 2794 1603 2826 ‹
1650 2774 1751 2829 hoc
1780 2775 1896 2843 ipso

320 2897 413 2938 eos
432 2878 673 2936 conﬁteri
701 2891 804 2931 non
832 2889 949 2930 esse
976 2870 1319 2941 impossibile,
1343 2868 1462 2939 quia
1485 2866 1589 2922 hoc
1608 2865 1688 2918 vcl
1713 2864 1891 2929 multi,

320 2974 399 3027 Vel
428 2985 617 3026 omnes
645 2970 830 3023 volunt
858 2982 871 3017 :
906 2983 925 3017 ι
959 2962 1052 3018 sed
1082 2963 1182 3015 hoc
1207 2959 1344 3014 unde
1380 2959 1450 3012 sit
1494 2955 1742 3028 possibile
1768 2970 1895 3009 con-

320 3064 550 3125 ﬁteatur,
580 3071 634 3114 et
671 3073 769 3127 pax
799 3064 901 3110 est.
931 3053 1047 3122 ipsa
1075 3058 1158 3106 est
1189 3049 1331 3106 enim
1369 3048 1533 3119 gratia
1566 3046 1657 3101 Dei
1688 3060 1784 3115 per
1807 3044 1897 3099 Je-

319 3167 433 3207 snm
476 3148 746 3204 Christum
782 3145 1059 3200 Dominum
1099 3149 1336 3195 nostrum
1362 3180 1377 3205 ,
1417 3153 1520 3208 qua
1552 3136 1767 3191 omnino
1795 3134 1896 3189 iste

318 3260 415 3299 nos
440 3248 660 3296 orantes
691 3236 926 3307 adjuvari
964 3244 1019 3289 ut
1054 3250 1160 3288 non
1192 3241 1495 3304 peccemus,
1528 3243 1783 3299 nusquam
1811 3228 1893 3284 di-

317 3348 441 3388 cere
467 3331 653 3385 voluit.
685 3326 836 3396 Quod
880 3325 925 3380 si
972 3323 1108 3378 forte
1156 3323 1380 3377 latenter
1417 3319 1613 3387 sentit,
1658 3319 1897 3390 ignoscat

318 3425 477 3479 a!iter
514 3418 924 3491 suspicantibus.
976 3415 1093 3486 ipse
1125 3413 1267 3469 enim
1303 3413 1404 3467 hoc
1441 3411 1560 3481 facit
1584 3453 1599 3478 ,
1643 3411 1730 3482 qui
1774 3426 1893 3466 cum

320 3524 521 3568 tantam
551 3511 619 3566 de
645 3508 745 3564 hac
773 3523 833 3563 re
872 3507 1099 3577 patiatur
1137 3492 1409 3569 invidiam,
1442 3503 1639 3557 sentire
1665 3501 1716 3556 id
1740 3502 1849 3557 vult
1874 3543 1889 3568 ,

320 3615 371 3660 et
397 3601 641 3658 conﬁteri
670 3598 751 3654 vel
784 3597 1017 3668 proﬁteri
1043 3611 1147 3650 non
1179 3595 1309 3648 vult.
1341 3592 1476 3662 Quid
1507 3601 1622 3648 erat
1647 3608 1892 3663 magnum

320 3703 376 3749 ut
424 3694 524 3747 hoc
562 3691 798 3753 diceret,
842 3702 964 3743 cum
1019 3683 1314 3763 praesertim
1353 3682 1455 3737 sibi
1506 3682 1607 3736 hoc
1644 3672 1895 3752 tanquam

319 3799 384 3838 ex
417 3794 640 3852 persona
671 3778 1094 3833 adversariorum
1121 3774 1421 3844 oppositum
1449 3780 1675 3828 tractare
1695 3781 1747 3827 ct
1772 3787 1898 3841 ape-

320 3880 429 3927 rire
463 3867 794 3940 susceperit?
831 3868 942 3922 Cur
986 3867 1094 3920 illic
1134 3864 1301 3933 solam
1341 3872 1581 3918 naturam
1612 3862 1896 3917 defendere

320 3962 502 4027 voluit,
533 3968 589 4015 et
617 3959 737 4030 quia
767 3961 926 4013 homo
972 3956 1041 4010 ita
1088 3963 1299 4010 creatus
1327 3962 1428 4019 est,
1462 3961 1518 4007 ut
1545 3967 1647 4007 non
1679 3965 1896 4021 peccare

321 4059 533 4119 posset,
588 4049 630 4103 si
680 4060 899 4115 peccare
947 4045 1225 4111 noluisset,
1266 4043 1525 4108 asseruit,
1569 4057 1632 4097 ac
1672 4056 1770 4112 per
1796 4042 1898 4096 hoc

320 4137 460 4210 quod
492 4138 561 4191 ita
589 4145 793 4191 creatus
824 4144 938 4200 est,
969 4148 1088 4189 eam
1126 4131 1526 4202 possibilitatem
1569 4129 1634 4184 ad
1675 4130 1895 4201 gratiam

324 4228 420 4282 Dei
466 4227 730 4298 pertinere
774 4223 1037 4289 deﬁnivit,
1076 4237 1178 4293 qua
1222 4222 1572 4293 possibilitate
1596 4221 1640 4275 si
1669 4221 1898 4275 noluerit

323 4335 564 4389 ju‘ccare,
596 4333 699 4371 non
728 4323 947 4386 peccat;
978 4324 1034 4370 et
1069 4313 1237 4368 noluit
1267 4311 1461 4382 aliquid
1501 4310 1676 4366 dicere
1704 4309 1769 4365 de
1797 4325 1894 4377 eo,

321 4408 461 4479 quod
506 4408 617 4477 ipsa
674 4415 860 4460 natura
909 4404 1074 4474 gratia
1122 4401 1214 4457 Dei
1257 4417 1352 4471 per
1392 4399 1574 4456 Jcsum
1625 4398 1918 4454 Christum'

326 4498 602 4552 Dominum
634 4504 871 4548 nostrum
908 4493 990 4548 vel
1025 4500 1240 4546 sanatur
1264 4491 1384 4563 quia
1423 4490 1603 4544 vitiata
1642 4498 1721 4545 est
1744 4529 1760 4556 ,
1814 4489 1895 4543 vei

322 4589 445 4660 quia
471 4588 570 4643 sibi
599 4603 701 4642 non
725 4586 919 4642 sufficit
943 4584 1256 4655 adjuvatur?

394 4678 619 4735 CAPUT
638 4677 914 4733 ιιι-το.
938 4677 1015 4730 An
1040 4676 1223 4745 aliquis
1241 4675 1336 4728 hac
1364 4675 1414 4728 in
1433 4674 1532 4727 vita
1553 4674 1660 4728 sine
1676 4682 1895 4742 peccato.

326 4771 511 4829 Utrum
540 4772 680 4827 enim
707 4771 757 4826 in
788 4770 890 4825 hoc
915 4768 1110 4823 sarculo
1140 4766 1330 4829 fuerit,
1361 4766 1441 4819 vel
1470 4765 1570 4830 sit,
1603 4765 1688 4818 vel
1734 4762 1900 4833 possit

323 4880 445 4919 esse
469 4863 659 4934 aliquis
684 4863 753 4917 ita
775 4862 919 4931 juste
936 4860 1141 4922 vivens,
1160 4865 1219 4913 ut
1238 4856 1437 4911 nullum
1465 4854 1655 4911 habeat
1680 4852 1899 4908 omnino

260 4981 283 5007 δ
322 4962 623 5024 peccatum,
643 4960 813 5023 potest
836 4965 954 5006 esse
976 4949 1148 5019 aliqua
1171 4947 1393 5017 qnmstio
1414 4946 1554 5003 inter
1576 4958 1732 5001 veros
1761 4945 1897 5014 pios-

325 5062 431 5115 que
454 5044 782 5101 Christianos
810 5062 823 5097 :
851 5057 1007 5114 posse
1031 5050 1205 5096 tamen
1236 5054 1359 5096 esse
1408 5047 1555 5095 certe
1600 5046 1721 5107 post
1762 5036 1900 5090 hanc

326 5140 489 5192 vitam
515 5135 752 5206 quisquis
778 5134 997 5205 ambigit
1017 5175 1031 5199 ,
1053 5132 1268 5203 desipit.
1296 5130 1401 5186 Sed
1428 5145 1526 5200 rgo
1572 5143 1670 5184 nec
1707 5127 1773 5183 de
1798 5127 1896 5182 ista

327 5230 431 5282 vita
457 5228 574 5282 volo
598 5225 939 5282 contendere.
986 5224 1294 5293 Quanquam
1341 5222 1481 5276 enim
1521 5218 1650 5274 mihi
1680 5233 1784 5272 non
1817 5217 1894 5271 vi-

322 5322 512 5376 deatur
536 5321 690 5375 aliter
716 5315 1113 5388 intelligendum
1153 5314 1295 5385 quod
1339 5313 1590 5382 scriptum
1635 5318 1744 5376 est,
1778 5307 1898 5362 Non

316 5412 677 5485 justiﬁcabitur
684 5412 736 5465 in
748 5417 1011 5480 conspectu
1023 5417 1109 5461 tuo
1120 5406 1282 5461 omnis
1297 5406 1456 5459 vivens
1470 5404 1490 5474 (
1499 5403 1621 5457 Psol
1630 5444 1637 5451 .
1646 5417 1711 5457 cx
1720 5418 1763 5455 ιι
1773 5401 1868 5465 n9.)
1880 5440 1895 5462 ,

323 5505 445 5559 etsi
478 5520 580 5574 qua
605 5502 792 5558 similia
827 5519 841 5557 :
872 5500 1069 5555 utinam
1103 5509 1277 5553 tamen
1297 5496 1313 5528 ¹
1349 5496 1511 5567 possit
1540 5493 1780 5558 ostendi,
1815 5493 1897 5548 vel

387 5620 402 5650 ¹
438 5618 573 5678 εάἱιι,
598 5620 649 5664 ut
670 5617 842 5666 tamen.
867 5611 1185 5662 Emendatttur
1212 5623 1270 5658 ex
1298 5616 1400 5658 Mss.

1752 219 1947 274 LIBER
1990 219 2186 276 L‘NUS.

3490 233 3601 290 281

2029 335 2142 390 hinc
2170 338 2466 392 testimonia
2498 339 2685 395 melius
2714 332 2866 397 aliter
2892 344 3106 412 intelligi
3135 360 3323 417 posse,
3355 349 3436 404 vel
3469 363 3590 419 per-

2023 424 2213 479 fectam
2243 426 2553 497 plenamque
2574 429 2829 498 justitiam
2853 430 2934 485 cui
2963 448 3178 500 prorsus
3220 434 3349 489 nihil
3388 436 3593 492 adden-

2020 513 2143 570 dum
2173 519 2273 582 sit,
2298 517 2476 573 etbcri
2510 519 2670 574 fuisse
2692 521 2743 575 in
2774 521 2976 591 aliquo,
3010 523 3134 576 dum
3162 524 3215 578 in
3238 525 3339 580 isto
3365 541 3592 596 corpore

2018 607 2248 673 viveret,
2275 617 2327 662 et
2365 608 2527 665 hodie
2556 624 2704 674 csse,
2738 621 2789 665 et
2819 626 2934 665 cras
2966 612 3229 678 futuram;
3261 614 3386 669 dum
3410 595 3585 684 tamen

2018 695 2174 766 longe
2202 697 2377 766 plures
2399 699 2533 765 sint,
2554 700 2640 770 qui
2667 715 2785 754 cum
2816 700 2911 754 sibi
2939 716 3103 771 usque
3131 702 3195 757 ad
3226 702 3467 758 ultimum
3506 707 3586 757 vi-

2018 793 2085 839 ta:
2105 786 2259 855 hujus
2290 788 2429 843 diem
2462 791 2814 845 necessarium
2844 808 2960 846 esse
2991 808 3092 846 non
3116 792 3388 858 dubitent,
3415 805 3471 849 ut
3497 812 3587 849 ve-

2017 878 2209 932 raciter
2223 877 2401 933 dicant
2419 921 2433 943 ,
2464 880 2669 934 Dimitte
2697 883 2836 936 nobis
2861 883 3022 935 debita
3058 894 3255 950 nostra,
3284 886 3410 938 sicut
3430 896 3476 938 et
3497 902 3591 939 nos

2016 965 2308 1021 dimittimus
2352 970 2650 1023 debitoribus
2684 972 2862 1025 nostris
2902 971 3113 1040 (.llatth.
3153 990 3227 1039 vt,
3278 975 3384 1044 12);
3434 990 3583 1044 spem

2014 1072 2162 1111 suam
2196 1059 2444 1113 tamenin
2476 1060 2687 1115 Christo
2731 1071 2888 1132 atque
2932 1063 2983 1115 in
3009 1063 3123 1131 ejus
3150 1066 3586 1134 promissionibus

2016 1163 2190 1201 veram
2210 1188 2226 1214 ,
2255 1158 2450 1203 certam
2473 1192 2486 1215 ,
2517 1150 2719 1204 ﬁrmam
2745 1167 2862 1207 esse
2884 1152 3166 1206 conﬁdunt.
3199 1153 3355 1209 Nullo
3400 1139 3576 1210 tanien

2013 1240 2172 1295 modo
2198 1242 2298 1296 nisi
2320 1241 2602 1311 adjuvante
2627 1245 2791 1314 gratia
2823 1224 3098 1299 salvatoris
3110 1245 3304 1301 Christi
3327 1247 3585 1317 cruciﬁxi,

2011 1340 2065 1385 ct
2092 1330 2235 1386 dono
2285 1332 2511 1402 Spiritus
2533 1334 2648 1402 ejus
2667 1376 2683 1401 ,
2714 1335 2797 1389 vel
2843 1335 3105 1404 quoslibet
3133 1336 3197 1389 ad
3227 1336 3583 1407 plenissimam

2010 1420 2385 1491 perfectionem
2404 1464 2417 1487 ,
2447 1422 2528 1476 vel
2556 1438 2873 1493 quemquam
2904 1424 2967 1478 ad
2999 1426 3439 1496 qualemcumque
3455 1442 3580 1496 pro-

2010 1521 2223 1565 vectum
2249 1526 2393 1566 verae
2440 1512 2643 1582 pi:equc
2683 1511 2900 1583 justitias
2933 1515 3237 1583 pervenire,
3287 1517 3375 1584 qui
3419 1514 3581 1585 nega-

2008 1600 2179 1655 verint
2197 1642 2212 1667 ,
2252 1592 2628 1656 nescio‘utrum
2650 1609 2790 1679 recte
2817 1602 3019 1670 possint
3045 1602 3094 1656 in
3118 1604 3581 1674 qualiumcumque

2008 1689 2427 1746 Christianorum
2451 1707 2671 1748 numero
2700 1693 2959 1763 deputari.

2077 1780 2301 1837 CAPUT
2318 1781 2452 1836 LXI.
2478 1812 2549 1821 --
2570 1783 2627 1836 7i
2643 1821 2654 1834 .
2675 1783 2961 1853 Respondet
2988 1784 3056 1836 ad
3079 1783 3438 1838 catholicorum
3453 1787 3580 1841 scri-

2005 1879 2205 1941 ptorum
2255 1863 2536 1925 testimonia
2582 1888 2694 1943 qua:
2745 1872 2985 1944 Pelagius
3029 1888 3120 1944 pro
3166 1891 3219 1928 se
3260 1875 3578 1946 protulerat:

2004 1959 2272 2026 Lactantii,
2309 1960 2517 2027 Hilarii,
2548 1962 2795 2016 Ambrosii
2825 1972 2870 2016 et
2894 1960 3209 2034 Hieronymi.
3252 1966 3326 2018 Ac
3351 1979 3446 2034 per
3474 1965 3574 2020 hoc

2002 2061 2055 2106 et
2081 2066 2140 2105 ea
2174 2052 2493 2120 testimonia,
2522 2068 2638 2124 qua:
2666 2069 2771 2108 non
2809 2054 3022 2123 quidem
3053 2055 3119 2109 de
3159 2054 3448 2123 Scripturis
3478 2072 3572 2111 ca-

2003 2142 2225 2205 nonicis,
2254 2141 2347 2197 sed
2389 2142 2456 2197 de
2496 2143 2807 2213 quibusdam
2825 2143 3201 2198 catholicorum
3231 2154 3571 2200 tractatorum

2000 2231 2267 2301 Opusculis
2294 2231 2484 2300 posuit,
2523 2233 2708 2287 volens
2736 2248 3015 2288 occurrere
3042 2233 3104 2288 iis
3131 2235 3218 2304 qui
3247 2250 3366 2290 cum
3399 2237 3568 2290 solum

2000 2321 2240 2377 dicerent
2281 2312 2377 2379 ista
2416 2322 2735 2388 defendere,
2780 2325 2850 2379 ita
2890 2334 3010 2379 sunt
3050 2326 3256 2390 media,
3301 2334 3358 2380 ut
3406 2342 3578 2397 neque

1999 2421 2182 2467 contra
2219 2420 2455 2466 nostram
2485 2414 2799 2467 sententiam
2829 2415 2953 2479 sint,
2978 2431 3146 2486 neque
3174 2426 3352 2469 contra
3383 2416 3569 2485 ipsius.

1999 2501 2055 2556 In
2085 2502 2275 2572 quibus
2300 2503 2457 2558 etiam
2486 2503 2725 2557 nonnihil
2774 2504 2841 2558 dc
2884 2504 3035 2581 libris
3075 2506 3206 2559 meis
3237 2505 3575 2574 interponere

1997 2596 2200 2660 voluit,
2233 2610 2319 2650 me
2348 2609 2559 2665 quoque
2603 2595 2828 2664 aliquem
2855 2595 3114 2665 deputans
3137 2637 3151 2662 ,
3186 2596 3270 2665 qui
3303 2612 3424 2650 cum
3469 2596 3573 2651 illis

1997 2688 2404 2742 commemorari
2448 2688 2641 2756 dignus
2684 2685 2912 2741 viderer.
2966 2686 3116 2741 Unde
3166 2686 3401 2755 ingratus
3454 2704 3573 2742 esse

1996 2796 2101 2833 non
2132 2779 2302 2833 debeo
2322 2822 2338 2844 ,
2361 2790 2409 2833 et
2438 2777 2779 2833 familiariore
2806 2778 2996 2832 aﬁ'ectu
3026 2779 3188 2831 nolim
3213 2788 3268 2831 ut
3295 2788 3456 2842 erret,
3482 2782 3575 2849 qui

1999 2869 2137 2922 ltuttc
2167 2868 2296 2922 mihi
2323 2869 2511 2925 detulit
2539 2868 2816 2922 honorem.
2850 2868 3023 2922 Prima
3053 2868 3193 2921 enim
3226 2884 3340 2936 qua:
3371 2869 3566 2937 pesnit.

1997 2961 2118 3033 quia
2146 2976 2337 3014 nomen
2366 2959 2479 3029 ejus
2527 2960 2618 3030 qui
2666 2973 2727 3014 ea
2756 2958 2888 3013 dixit
2917 2960 2989 3029 (α)
3013 3000 3027 3023 ,
3061 2973 3165 3012 non
3195 2958 3263 3012 ibi
3296 2959 3417 3027 legi,
3456 2960 3569 3013 sive

1997 3053 2115 3122 quia
2147 3052 2233 3106 ille
2256 3067 2359 3105 non
2389 3050 2633 3121 scripsit,
2661 3048 2775 3103 sive
2798 3049 2917 3118 quia
2954 3047 3122 3102 codex
3148 3063 3304 3118 quem
3325 3046 3563 3111 misistis,

1996 3146 2049 3201 id
2078 3145 2250 3215 aliqua
2276 3142 2414 3197 forte
2441 3142 2790 3197 mcndositate
2828 3155 2931 3195 non
2978 3139 3194 3202 habuit,
3246 3147 3569 3208 pertractare

1996 3235 2122 3309 quid
2149 3251 2281 3305 opus
2301 3233 2419 3290 est?
2458 3232 2682 3288 Maxime
2710 3233 2960 3302 quoniam
3007 3244 3121 3292 me,
3167 3229 3219 3283 in
3267 3228 3567 3298 hujusmodi

1996 3325 2354 3397 quorumlibet
2379 3322 2651 3378 hominum
2676 3322 2890 3392 scriptis
2916 3320 3142 3375 liberum
3175 3318 3314 3392 (quia
3336 3319 3464 3373 solis
3483 3334 3572 3371 ca-

2000 3419 2203 3475 nonicis
2231 3416 2402 3473 debeo
2423 3416 2541 3471 sine
2568 3415 2672 3469 ulla
2703 3413 3031 3469 recusatione
3051 3409 3415 3481 consensum),
3440 3408 3570 3463 nihil

1996 3512 2178 3569 inovct
2206 3515 2223 3544 ί
2253 3509 2393 3582 quod
2427 3510 2493 3566 de
2523 3510 2662 3564 illius
2686 3505 2897 3577 scriptis
2918 3545 2934 3571 ,
2964 3504 3114 3574 cujus
3140 3518 3330 3558 nomen
3362 3516 3465 3556 non
3498 3500 3570 3555 ibi

1998 3593 2173 3658 inveni
2198 3643 2212 3666 ,
2242 3601 2329 3656 ille
2356 3600 2564 3671 posuit:
2595 3615 2614 3649 (
2650 3596 2895 3667 Oportuit
2924 3594 3233 3664 magistrum
3268 3592 3570 3647 doctorem—

1999 3710 2103 3766 que
2131 3691 2380 3748 virtutis”
2425 3689 2625 3744 homini
2654 3686 2979 3741 simillimum
3014 3684 3150 3748 ﬁeri,
3209 3692 3266 3738 ut
3307 3681 3573 3737 vincendo

2000 3759 2273 3856 peccatum
2301 3781 2487 3836 doceat
2510 3778 2779 3834 hominem
2811 3777 3021 3829 vincere
3046 3786 3201 3843 posac
3241 3781 3511 3841 peccatum
3547 3792 3567 3823 ι

2001 3874 2316 3947 (Lactantius
2336 3871 2719 3926 Institutionum
2745 3868 2832 3922 lib.
2877 3866 2932 3933 4,
2966 3882 3115 3936 capp.
3146 3864 3236 3928 24,
3260 3863 3376 3933 25).
3429 3864 3576 3932 ρηο-

2001 3943 2159 4020 modo
2187 3964 2327 4019 enim
2365 3962 2560 4016 dictum
2590 3962 2656 4014 sit
2681 4001 2696 4026 ,
2727 3968 2911 4013 auctor
2938 3956 3094 4024 hujus
3120 3955 3394 4010 sententia:
3422 3953 3574 4008 vide-
3615 3943 3623 3949 ’

1999 4054 2070 4109 rit
2094 4053 2318 4123 qualiter
2347 4050 2515 4121 possit
2534 4062 2800 4117 experiere
2832 4063 2845 4098 :
2872 4046 2996 4100 dum
3029 4053 3202 4097 tamen
3230 4057 3329 4097 nos
3355 4044 3573 4096 minime

1998 4144 2325 4207 dubitemus,
2355 4151 2630 4210 peccatum
2670 4136 2944 4192 Christum
2975 4136 3026 4188 in
3067 4149 3126 4189 se
3164 4150 3268 4188 non
3324 4133 3574 4187 habuisse

2000 4234 2140 4306 quod
2166 4234 2419 4293 vinceret,
2472 4231 2558 4300 qui
2609 4239 2762 4283 natus
2790 4236 2871 4282 est
2924 4227 2975 4282 in
3023 4226 3363 4281 similitudine
3397 4226 3577 4281 carinis

2002 4325 2239 4397 peccati,
2271 4338 2372 4378 non
2403 4323 2455 4376 in
2483 4336 2643 4376 carne
2662 4319 2885 4390 peccati.
2921 4318 3074 4373 Aliud
3111 4318 3351 4387 ejusdem
3374 4318 3443 4371 ita
3474 4331 3575 4386 po-

2001 4416 2104 4472 suit
2135 4433 2148 4469 :
2182 4434 2201 4468 (
2237 4415 2301 4469 Et
2321 4414 2533 4478 iterum,
2568 4420 2624 4465 ut
2650 4409 2925 4466 desideriis
2951 4412 3130 4465 carnis
3165 4408 3434 4473 edomitis,
3477 4406 3575 4460 do-

2000 4515 2145 4563 ceret
2171 4520 2275 4561 non
2296 4503 2628 4559 necessitatis
2652 4516 2771 4557 esse
2810 4515 3063 4570 peccare,
3096 4498 3188 4554 sed
3231 4499 3483 4568 propositi
3512 4511 3576 4552 ac

2001 4597 2288 4668 voluntatis
2315 4594 2356 4647 ⁸.
2385 4613 2404 4647 ι
2431 4592 2541 4664 Ego
2561 4591 2822 4648 desideria
2845 4591 3021 4646 carnis
3046 4591 3113 4660 (si
3145 4606 3249 4645 non
3273 4590 3571 4646 illicitarum

2002 4685 2546 4759 concupiscentiarum
2584 4684 2668 4739 hic
2697 4681 2965 4755 dicuntur)
3016 4683 3250 4752 accipio,
3296 4682 3449 4736 sicuti
3494 4690 3578 4734 est

2004 4780 2169 4834 fames
2189 4820 2204 4844 ,
2235 4777 2352 4831 sitis
2373 4817 2387 4844 ,
2418 4774 2639 4830 refectio
2680 4772 3026 4837 lassitudinis,
3052 4780 3107 4826 et
3146 4772 3189 4825 si
3234 4770 3358 4839 quid
3386 4770 3575 4838 hujus-

2003 4869 2146 4926 modi
2194 4876 2298 4922 est;
2342 4867 2443 4922 Per
2489 4866 2605 4920 haec
2644 4863 2784 4919 enim
2815 4861 3049 4933 quidam,
3102 4859 3340 4930 quamvis
3368 4874 3430 4914 ea
3466 4860 3577 4913 sint

2004 4959 2361 5030 inculpabilia,
2413 4958 2467 5013 in
2514 4956 2699 5024 culpas
2742 4953 3025 5017 decidunt;
3059 4950 3194 5021 quod
3236 4949 3420 5005 abillo
3461 4949 3567 5003 Sal-

2003 5061 2187 5107 vatorc
2234 5050 2434 5118 abfuit,
2495 5044 2701 5104 etiamsi
2754 5044 2870 5099 haec
2929 5042 2982 5096 in
3035 5054 3100 5096 eo
3147 5039 3309 5095 fuisse
3359 5048 3577 5110 propter

2069 5278 2082 5307 ¹
2104 5282 2167 5325 tta
2191 5272 2471 5323 sorbonicus
2492 5264 2857 5326 manuscriptus.
2872 5267 2926 5311 Αι
2941 5271 3039 5310 Am.
3053 5264 3125 5308 Er.
3141 5266 3192 5308 et
3209 5265 3338 5317 Lov.,
3355 5269 3446 5307 non
3463 5256 3582 5307 nihil

2004 5344 2256 5452 mgmgditi,
2278 5391 2519 5452 virtutum.
2543 5394 2599 5437 At
2621 5393 2748 5444 Mss,
2771 5382 2975 5452 virtutis.

2068 5460 2088 5491 ³
2122 5441 2320 5505 iisin;
2347 5441 2399 5503 et
2420 5449 2586 5513 plures
2600 5441 2837 5506 Mssa—sed
2860 5460 2904 5508 p:
2919 5457 2993 5508 op:
3008 5441 3072 5495 ia:
3094 5441 3357 5493 voluntatis.

2066 5535 2432 5649 (altaetantius
2476 5533 2518 5581 is
2541 5537 2646 5587 est,
2695 5542 2756 5577 ex
2791 5542 2888 5592 quo
2914 5526 3186 5576 testimonia
3223 5525 3372 5586 prima
3410 5521 3582 5585 petivit

2066 5612 2241 5649 iustus.

2006 5611 2241 5664 Pelagius.
