4002 6178
342 235 447 290 233

342 347 743 416 siinilitudinetn
768 343 944 400 carnis
985 337 1211 411 peccati,
1245 335 1535 407 Evangelio
1577 343 1712 390 teste
1743 331 1924 387 videa-

403 455 482 495 Ill.

414 527 642 586 CAPUT
696 523 854 582 LXII.
881 553 953 564 —
972 522 1062 578 72.
1088 519 1283 574 Facere
1310 527 1356 572 et
1393 517 1634 608 perﬁcere
1649 515 1924 608 justitiam.

370 629 536 680 Beatus
562 635 688 676 vero
715 617 946 672 Hilarius
965 656 982 682 ,
1012 612 1164 682 cujus
1184 610 1349 667 verba
1371 609 1488 664 haec
1515 605 1688 678 posuit
1707 648 1722 673 ,
1760 625 1779 658 ι
1812 605 1926 660 Νοη

345 717 488 769 enim
524 711 622 764 nisi
672 708 860 778 spiritu
911 703 1130 776 perfecti
1171 710 1226 758 et
1270 699 1671 756 immortalitate
1707 697 1926 758 mutati,

346 801 487 872 quod
513 799 641 854 solis
663 796 870 852 mundis
895 793 1058 851 corde
1086 791 1401 862 dispositum
1429 799 1511 854 est
1529 831 1544 852 ,
1575 788 1677 844 hoc
1707 788 1846 860 quod
1876 790 1930 841 in

350 894 460 948 Deo
475 901 556 946 est
575 889 872 948 immortale
889 901 1170 944 cernemus
1197 903 1216 936 ι
1243 881 1502 955 (Hilarius
1516 882 1568 934 in
1591 879 1720 935 illud
1739 879 1926 932 Matth.

341 999 398 1048 v,
445 981 591 1036 Beati
633 981 822 1033 mundo
847 979 1052 1048 corde);
1110 977 1238 1048 quid
1279 976 1474 1052 dixerit
1501 983 1686 1030 contra
1710 971 1760 1027 id
1788 972 1927 1043 quod

342 1075 571 1130 dicimus
593 1114 608 1139 ,
640 1073 723 1127 vel
769 1070 895 1142 quid
919 1071 1100 1123 .istum
1144 1067 1380 1138 adjuvet,
1413 1064 1623 1130 nescio,
1668 1065 1768 1119 nisi
1809 1063 1930 1133 quia

344 1181 502 1235 posse
528 1181 646 1220 esse
675 1163 944 1221 hominem
971 1160 1168 1216 mundo
1193 1158 1358 1216 corde
1393 1165 1619 1213 testatus
1649 1165 1750 1212 est.
1779 1154 1932 1224 Quod

344 1257 464 1323 quis
492 1254 684 1326 negat?
701 1251 798 1308 sed
823 1252 990 1323 gratia
1023 1250 1114 1306 Dei
1134 1265 1227 1320 per
1246 1247 1428 1306 Jesnm
1455 1246 1723 1302 Christum
1755 1244 1932 1310 Domi-

345 1361 470 1399 ιιιιιη
503 1347 762 1407 nostrum,
795 1359 900 1396 non
941 1341 1054 1397 sola
1098 1339 1304 1395 arbitrii
1335 1337 1602 1392 libertate.
1627 1333 1759 1389 Item
1789 1333 1933 1404 quod

344 1455 470 1493 cum
495 1437 692 1492 dixisse
717 1442 1140 1500 commemorat,
1188 1449 1207 1484 ι
1247 1430 1387 1502 Quas
1411 1428 1513 1486 Job
1549 1428 1755 1487 litteras
1781 1425 1930 1501 lege-

344 1541 448 1596 rat,
473 1537 529 1585 nt
555 1528 848 1592 abstineret
884 1541 944 1580 se
967 1525 1035 1580 ab
1055 1522 1203 1580 omni
1233 1537 1293 1578 re
1317 1519 1579 1590 maligna;
1611 1519 1734 1590 quia
1761 1517 1930 1578 Deum

346 1621 459 1676 sola
481 1629 659 1676 mente
683 1618 829 1674 vitiis
856 1632 960 1672 non
982 1615 1221 1682 admixta
1251 1611 1624 1675 venerabatur,
1651 1609 1816 1664 Deum
1839 1621 1934 1672 au-

345 1721 455 1766 tem
497 1712 676 1768 colere
713 1709 935 1780 justitite
975 1707 1246 1778 proprium
1294 1702 1528 1761 oflicium
1581 1711 1665 1759 est
1693 1719 1706 1756 :
1739 1720 1758 1754 ι
1805 1699 1933 1771 quid

345 1802 562 1858 fecisset
587 1801 688 1858 Job
711 1799 864 1866 dixit,
893 1814 999 1854 non
1026 1797 1152 1869 quid
1182 1798 1234 1852 in
1255 1795 1356 1850 hoc
1375 1793 1572 1850 sarculo
1600 1791 1929 1864 perfecisset,

345 1893 581 1949 autsine
608 1893 776 1964 gratia
817 1891 1112 1949 Salvatoris
1133 1932 1149 1958 ,
1185 1905 1342 1961 quem
1386 1889 1544 1944 etiam
1577 1885 1929 1957 prophetarit,

345 1985 432 2039 vel
457 1982 669 2040 fecisset
688 1985 770 2038 vel
796 1983 1127 2054 perfecisset.
1164 1981 1413 2038 Ahstinet
1437 1980 1582 2035 enim
1609 1993 1668 2033 se
1691 1978 1758 2034 ab
1785 1976 1933 2033 omni

345 2091 407 2130 re
428 2073 600 2141 mala,
627 2074 788 2129 etiam
815 2075 904 2146 qui
951 2073 1110 2132 habet
1137 2081 1435 2143 peccatum,
1485 2068 1626 2142 quod
1661 2069 1716 2123 in
1743 2083 1802 2123 se
1837 2081 1930 2124 re-

348 2183 512 2237 gnare
540 2181 647 2222 non
669 2167 828 2235 sinit,
859 2166 946 2222 eui
986 2165 1228 2235 subrepit
1265 2161 1612 2234 improbanda
1645 2158 1930 2234 cogitatio,

347 2272 507 2326 quam
538 2257 818 2328 pervenire
846 2257 912 2312 ad
953 2257 1112 2311 linem
1142 2254 1320 2324 operis
1352 2269 1460 2310 non
1505 2253 1786 2323 permittit.
1823 2251 1934 2308 Sed

347 2346 488 2402 aliud
520 2357 602 2402 est
627 2362 732 2402 non
755 2346 951 2402 habere
982 2353 1276 2414 peccatum,
1303 2342 1446 2398 aliud
1474 2358 1578 2404 non
1605 2341 1824 2398 obedire
1839 2340 1933 2396 de-

347 2435 558 2493 sidetiis
584 2437 722 2508 ejus.
749 2436 908 2492 Aliud
934 2445 1018 2492 est
1046 2437 1268 2505 implere
1298 2434 1438 2504 quod
1457 2442 1778 2506 perceptum
1804 2442 1886 2489 est
1912 2475 1928 2501 ,

350 2525 474 2580 Non
525 2527 848 2596 concupisces
899 2525 1094 2602 (Exod.
1140 2541 1245 2590 xx,
1287 2525 1412 2595 l7);
1463 2533 1518 2580 et
1557 2524 1696 2586 aliud
1727 2533 1810 2583 est
1838 2539 1934 2594 per

347 2617 631 2686 quemdam
658 2617 994 2673 abstinentiae
1020 2626 1269 2676 conatum
1293 2617 1482 2672 saltem
1511 2615 1562 2670 id
1603 2631 1762 2687 agere
1792 2615 1934 2688 quod

348 2705 476 2759 item
507 2705 762 2776 scriptum
805 2717 908 2772 eat,
943 2705 1068 2760 Post
1113 2705 1542 2778 concupiscentiae
1573 2714 1683 2760 tuas
1725 2722 1826 2760 non
1851 2722 1937 2761 ear

351 2793 538 2861 (Eecli.
571 2811 719 2864 xvtn,
745 2795 836 2870 30)
869 2813 882 2849 :
908 2797 1042 2851 nihil
1071 2800 1266 2852 borum
1317 2805 1492 2856 tamen
1535 2795 1672 2851 scire
1703 2811 1762 2850 se
1791 2806 1938 2852 recte

354 2903 515 2958 posse
534 2889 649 2942 sine
666 2889 832 2959 gratia
856 2887 1164 2944 Salvatoris.
1189 2887 1386 2942 Facere
1411 2896 1494 2942 est
1511 2886 1934 2962 ergojustitiam,

350 2965 559 3037 iuvero
591 2979 682 3035 Dei
709 2979 854 3048 cultu
899 2993 1022 3038 cum
1054 2978 1264 3041 interno
1305 2969 1748 3048 concupiscentiae
1794 2977 1938 3051 male

352 3072 566 3126 interna
623 3068 1018 3126 conﬂictatione
1087 3082 1368 3139 pugnare:
1400 3068 1660 3138 perlicere
1711 3077 1888 3124 autem
1918 3109 1936 3136 ,

353 3163 574 3233 amitino
619 3162 982 3232 adversarium
1021 3177 1126 3224 non
1168 3161 1384 3228 habere.
1424 3159 1556 3227 Nam
1587 3161 1675 3230 qui
1707 3169 1933 3237 pugnat,

354 3265 410 3308 et
437 3251 611 3321 adhuc
637 3251 986 3324 periclitatur,
1016 3259 1072 3307 et
1095 3250 1381 3330 aliquando,
1421 3251 1735 3336 percutitur,
1776 3250 1938 3306 etiam

354 3347 397 3411 si
431 3358 536 3400 non
563 3343 854 3400 sternitur:
883 3343 972 3414 qui
1009 3350 1184 3398 autem
1229 3355 1338 3406 non
1367 3340 1528 3408 habet
1551 3341 1934 3406 adversarium,

356 3437 511 3507 plena
536 3450 666 3506 pace
692 3419 918 3491 limatur.
949 3433 1018 3489 Et
1037 3433 1150 3504 ipse
1165 3448 1286 3500 esse
1300 3432 1416 3490 sine
1432 3442 1648 3505 peccato
1665 3433 1940 3498 verissime

359 3527 570 3592 dicitur,
592 3527 652 3580 in
683 3540 788 3596 quo
807 3524 1012 3582 nullum
1033 3523 1234 3584 habitat
1258 3532 1534 3594 peccatum
1556 3541 1570 3591 ;
1593 3538 1698 3580 non
1729 3523 1817 3593 qui
1843 3539 1941 3595 per

356 3616 732 3675 abstinentiam
763 3616 886 3671 mali
909 3615 1087 3686 operis
1118 3613 1411 3682 dicit,Jam
1430 3631 1529 3674 non
1554 3631 1644 3686 ego
1664 3630 1845 3684 operor
1870 3615 1938 3668 il-

355 3706 467 3774 ἐμά,
489 3707 578 3762 sed
605 3707 660 3761 id
682 3707 816 3778 quod
833 3707 886 3768 in
911 3723 989 3765 me
1007 3707 1198 3772 habitat
1223 3715 1480 3776 peccatum
1497 3705 1672 3779 (Rom.
1700 3721 1793 3772 vn,
1819 3702 1936 3776 20).

430 3799 517 3854 73.
545 3798 678 3854 Nam
702 3808 758 3872 et
785 3799 900 3868 ipse
925 3797 1026 3854 Job
1063 3797 1131 3854 de
1168 3797 1399 3867 peccatis
1423 3798 1534 3861 suis
1561 3813 1663 3858 non
1697 3805 1856 3864 tacet,
1887 3806 1943 3858 et

355 3891 542 3961 utique
571 3889 695 3946 huic
734 3890 907 3958 amico
947 3889 1162 3948 vcstro‘
1191 3889 1382 3950 merito
1421 3889 1625 3959 placet,
1667 3877 1940 3948 humilita-l

354 3993 462 4045 tem
491 3982 638 4043 nullo
663 3981 822 4040 modo
861 3982 912 4038 in
949 3981 1202 4043 falsitatis
1244 3989 1392 4052 parte
1423 3981 1722 4056 ponendam
1753 3999 1766 4036 :
1799 3982 1941 4050 unde

354 4074 409 4129 id
447 4073 590 4144 quod
617 4073 720 4133 Job
757 4075 1062 4138 comitetur,
1109 4074 1232 4144 quia
1276 4057 1443 4130 'verar
1475 4074 1564 4131 Dei
1606 4075 1778 4132 cultor
1823 4085 1939 4146 est,

356 4164 729 4234 proculdubio
763 4165 1042 4240 veraciter
1083 4166 1384 4226 conﬁtetur.
1434 4166 1504 4222 Et
1553 4167 1667 4238 ipse
1713 4167 1943 4224 Hilarius

353 4273 480 4314 cum
510 4257 686 4324 locum
714 4258 906 4314 Psalmi
928 4267 1238 4330 exponeret,
1264 4259 1351 4318 ubi
1377 4259 1634 4331 scriptum
1659 4271 1760 4327 est,
1783 4261 1941 4332 Spre-

359 4349 478 4404 tu'sti
501 4366 674 4416 omnes
693 4350 1000 4420 discedentes
1025 4367 1056 4402 a
1073 4352 1524 4422 justiﬁcationibus
1542 4354 1663 4418 tuis,
1694 4355 1804 4424 ait:
1836 4371 1854 4405 ι
1888 4353 1942 4418 Si

354 4441 502 4497 enim
525 4440 670 4496 Deus
699 4449 1004 4509 peccatores
1028 4451 1340 4510 sperneret,
1362 4458 1552 4498 omnes
1574 4443 1756 4514 utique
1783 4459 1942 4512 sper-

358 4541 547 4603 neret;
575 4531 698 4602 quia
727 4530 844 4588 sine
871 4540 1087 4602 peccato
1115 4547 1273 4588 nemo
1299 4543 1402 4602 est.
1447 4533 1552 4594 Sed
1583 4537 1789 4604 spernit
1827 4537 1941 4594 dis.-

357 4623 620 4688 cedenles
663 4637 694 4690 tt
716 4636 806 4690 se,
834 4638 974 4694 quos
999 4633 1270 4694 apostatas
1298 4634 1488 4681 vocant
1517 4645 1536 4679 ι
1568 4625 1850 4697 (Hilarius,
1893 4631 1945 4686 in

359 4714 512 4778 Ρωι.
573 4730 776 4782 cum,
843 4713 994 4784 H8).
1061 4714 1261 4785 Videtis
1320 4717 1769 4788 quemadmodum
1837 4737 1944 4784 non

357 4805 579 4873 dixerit.
598 4806 728 4878 quia
757 4806 874 4865 sine
915 4815 1133 4878 necque
1166 4821 1326 4874 nemo
1373 4805 1557 4874 fuerit,
1587 4816 1848 4884 tanqpain‘
1879 4810 1946 4868 de

361 4899 648 4968 praeteritis
693 4901 951 4970 loquens,
999 4897 1093 4967 sed
1154 4898 1296 4970 quod
1349 4898 1470 4970 sine
1515 4910 1732 4970 peccato
1787 4917 1946 4960 nemo

361 4989 463 5056 sit;
491 4989 636 5050 unde
659 4990 893 5062 quidem,
937 4999 998 5058 ut
1041 4989 1149 5059 dixi
1173 5031 1188 5056 ,
1232 5005 1341 5051 non
1366 4991 1660 5060 contendo.
1693 4993 1949 5066 Quisquis

363 5082 508 5136 enim
534 5097 640 5138 non
665 5083 806 5139 cedit
827 5082 1017 5140 Joanni
1056 5085 1329 5155 apostolo,
1357 5083 1449 5156 qui
1475 5099 1574 5140 nec
1599 5085 1713 5156 ipse
1747 5086 1822 5141 ait
1841 5127 1855 5154 ,
1887 5087 1949 5142 Si

365 5171 643 5241 dixerimus
659 5175 780 5248 quia
804 5185 1063 5246 peccatum
1104 5191 1207 5231 non
1257 5175 1570 5244 habuimus;
1599 5177 1694 5234 sed
1721 5194 1824 5234 non
1853 5179 1946 5232 Ita-

431 5369 458 5435 ι,
485 5369 687 5418 Vaticani
727 5379 934 5432 quatuor
957 5379 1010 5435 et
1037 5371 1258 5435 Gallimni
1279 5379 1410 5435 uss,
1447 5373 1601 5429 antica
1625 5381 1786 5427 nostra
1811 5388 1830 5426 :
1855 5389 1950 5428 non

363 5428 510 5500 gnate.
535 5446 558 5476 ι
576 5437 687 5500 Nam
711 5428 764 5480 ei
785 5444 890 5492 nos,
905 5448 942 5500 ι,
956 5434 1026 5483 ait
1042 5428 1332 5500 Augustinus
1351 5428 1620 5500 iu'epistola
1648 5437 1822 5500 i86,ad
1839 5445 1952 5488 Pau-

363 5487 534 5550 linum,
559 5504 608 5540 ιι.
633 5487 679 5550 1,
711 5509 738 5561 ε
756 5505 852 5542 non
873 5487 1026 5544 solum
1046 5487 1321 5561 dileximus,
1347 5487 1520 5548 verum
1540 5487 1686 5550 etiam
1707 5487 1952 5561 diligimus

371 5564 554 5663 Leulm.
581 5569 602 5598 ι
627 5553 801 5617 melius
825 5562 1004 5614 tamen,
1029 5555 1182 5606 amico
1202 5553 1390 5618 vestro;
1423 5562 1610 5608 1‘intasii
1653 5553 1876 5614 nimirum
1901 5570 1952 5613 et

419 5628 474 5663 co
493 5629 540 5663 ιι.

352 5630 360 5637 “
371 5628 540 5663 εειοουι.

1290 223 1380 278 DE
1417 218 1698 278 NATURA
1738 217 1826 275 ET
1863 213 2142 284 CRATIA,
2184 215 2243 272 S.
2287 213 2656 273 AUGUSTINI

3521 216 3626 272 ΞΜ

2032 329 2204 384 bemus
2227 327 2274 400 (1
2299 328 2455 384 Joan.
2485 344 2522 396 ι,
2553 328 2606 396 8)
2635 347 2647 382 :
2677 329 2928 398 episcopo
2957 325 3159 384 Hilario
3198 328 3467 398 qumodo
3505 345 3620 386 ces-

2033 433 2193 475 surus
2217 427 2298 475 est
2318 419 2342 473 2
2363 418 2468 474 Pro
2495 419 2665 490 gratia
2689 417 2891 475 Christi
2921 418 3132 484 clamo,
3163 418 3281 473 sine
3319 433 3424 488 qua
3460 433 3624 474 nemo

2027 509 2370 579 justiﬁcatur,
2404 515 2656 579 tanquam
2686 507 2987 564 sufﬁciente
3033 515 3238 564 natura
3274 508 3450 564 libero
3479 509 3616 564 arbi-

2036 601 2155 655 trio.
2192 587 2303 657 [me
2350 603 2464 672 ipse
2499 614 2598 670 pro
2641 615 2705 655 ea
2751 599 3058 654 clamanei
3101 598 3324 656 cedatur
3352 602 3368 634 ι
3399 599 3622 668 dicenti,

2037 693 2164 748 Sine
2191 709 2268 747 me
2295 691 2424 746 nihil
2451 692 2657 762 potestis
2677 691 2845 760 facere
2864 689 3043 760 (Joan.
3072 707 3164 758 xv,
3192 691 3274 762 5).

2105 781 2333 840 CAPUT
2373 781 2552 836 LXI".
2575 811 2647 822 —
2671 782 2760 837 74.
2795 779 3020 853 Opponit
3057 781 3166 839 alia
3199 780 3453 835 Ambrosii
3475 781 3624 846 testi-

2034 875 2224 929 monia.
2255 873 2484 930 Sanctus
2512 881 2690 928 autem
2719 873 3258 928 Atnbrosius'revora
3297 873 3349 927 in
3389 887 3455 928 eo
3495 873 3622 928 loco

2035 983 2191 1038 quem
2223 967 2322 1022 iste
2350 973 2770 1030 commemorat,
2815 965 2920 1020 illis
2959 965 3164 1020 resistit
3191 965 3280 1036 qui
3313 964 3496 1020 dicunt
3526 963 3627 1018 hoc

2035 1059 2232 1114 minem
2265 1073 2369 1112 non
2397 1072 2517 1112 esse
2544 1071 2700 1127 posse
2726 1057 2846 1114 sine
2885 1065 3104 1128 peccato
3147 1057 3202 1112 in
3247 1057 3350 1113 hac
3391 1057 3516 1112 vita.
3553 1057 3624 1113 Ut

2035 1151 2268 1206 enim‘ea
2289 1149 2522 1212 diceret,
2566 1149 2772 1218 accepit
2813 1149 3152 1204 occasionem
3191 1147 3260 1204 de
3283 1148 3538 1206 Zacharia
3567 1158 3628 1204 et

2036 1239 2304 1296 Elisabeth
2325 1279 2342 1306 ,
2373 1238 2586 1310 quodin
2615 1238 2902 1310 Evangelia
2926 1240 3332 1294 commemorati
3357 1248 3481 1296 sunt
3505 1247 3624 1293 am-

2037 1329 2247 1386 bulasse
2276 1329 2328 1384 in
2369 1328 2618 1384 omnibus
2662 1327 3132 1398 justillcationibus
3158 1328 3292 1398 legis
3337 1328 3457 1385 sine
3485 1343 3624 1398 que-

2035 1421 2182 1478 rela:
2210 1420 2465 1492 numquid
2488 1429 2666 1476 tamen
2691 1429 2848 1492 negat
2864 1421 3034 1492 gratia
3059 1421 3154 1476 Dei
3179 1420 3294 1480 ﬁeri
3317 1437 3413 1492 per
3433 1421 3618 1478 Jesum

2035 1509 2305 1566 Christum
2330 1509 2612 1566 Dominum
2634 1509 2914 1566 nostrum?
2934 1511 3018 1566 Ex
3039 1525 3142 1582 qua
3174 1510 3276 1566 ﬁde
3303 1510 3466 1566 etiam
3491 1519 3624 1568 ante

2035 1601 2152 1674 ejus
2172 1603 2473 1672 passionem
2515 1601 2690 1672 justas
2740 1601 2939 1658 vixisse
2985 1617 3092 1657 non
3118 1601 3334 1657 dubium
3373 1611 3488 1666 est,
3529 1603 3622 1672 qui

2037 1701 2252 1764 prtestat
2288 1691 2543 1762 Spiritum
2583 1700 2826 1748 sanctum
2864 1692 2955 1762 qui
2994 1691 3258 1748 datusest
3299 1691 3481 1757 nobis,
3523 1705 3624 1762 per

2035 1795 2194 1852 quem
2233 1781 2545 1837 diffunditur
2587 1781 2819 1838 charitas
2862 1782 2914 1838 in
2963 1781 3216 1838 cordibus
3252 1781 3472 1848 metris,
3516 1797 3624 1852 qua

2037 1889 2138 1926 una
2154 1872 2282 1943 ju-ti
2312 1882 2434 1928 sunt
2463 1872 2784 1943 quicumque
2819 1871 2948 1943 justi
2990 1879 3134 1928 sunt.
3167 1871 3336 1940 Quem
3363 1871 3624 1942 Spiritum

2037 1973 2359 2018 memoratus
2375 1963 2656 2035 episcopus
2675 1966 2835 2019 etiam
2852 1963 3102 2035 precibus
3123 1963 3510 2034 impetrandum
3523 1963 3620 2017 ad-

2040 2062 2225 2108 monet
2253 2054 2348 2124 (ita
2371 2054 2443 2108 illi
2473 2055 2717 2109 voluntas
2743 2054 2998 2109 divinitus
3027 2071 3132 2109 non
3157 2055 3337 2124 adjuta
3363 2069 3468 2108 non
3504 2052 3618 2108 suf-

2039 2144 2166 2216 ficit)
2191 2186 2206 2212 ,
2235 2145 2324 2200 ubi
2351 2145 2404 2200 in
2433 2146 2634 2217 hymno
2659 2159 2756 2200 suo
2780 2145 2928 2212 dicit,

2438 2259 2664 2322 Votisque
2693 2263 2890 2322 praestat
2912 2259 2934 2290 ⁸
2955 2256 3143 2308 sedulis
3159 2293 3173 2318 ,

2435 2344 2658 2388 sanctum
2679 2340 2864 2390 mereri
2895 2339 3116 2406 Spiritum
3138 2339 3228 2402 (τι).

2109 2443 2196 2498 73.
2219 2441 2660 2506 Commemorabo
2691 2449 2746 2496 et
2769 2456 2868 2512 ego
2893 2441 2960 2498 de
2995 2441 3096 2496 hoc
3126 2442 3240 2512 ipso
3261 2457 3422 2514 opere
3452 2449 3622 2514 sancti

2037 2530 2307 2590 Ambrosii
2349 2529 2576 2602 aliquid,
2613 2547 2679 2586 ex
2717 2547 2823 2602 quo
2865 2533 2965 2592 istc
3003 2534 3440 2590 commemoravit
3479 2536 3624 2606 quod

2039 2620 2564 2682 commemorandum
2629 2622 2852 2691 putavit.
2905 2640 2925 2674 ι
2968 2621 3140 2677 Visum
3203 2633 3303 2690 est,
3343 2643 3364 2678 ι
3425 2627 3622 2696 inquit,

2045 2729 2065 2766 ι
2093 2713 2236 2768 milii.
2262 2711 2444 2768 Potest
2464 2729 2571 2775 non
2597 2713 2697 2778 sali
2727 2713 2896 2774 visum
2923 2731 3042 2770 esse
3062 2759 3078 2784 ,
3111 2716 3250 2786 quod
3301 2717 3472 2772 visum
3515 2719 3618 2774 sibi

2039 2819 2160 2862 esse
2193 2802 2453 2872 declarat.
2491 2803 2607 2859 Non
2646 2805 2788 2866 enim
2834 2805 3106 2864 voluntate
3149 2817 3350 2863 tantum
3391 2809 3622 2882 humana

2042 2894 2211 2948 visum
2241 2902 2360 2958 est,
2381 2894 2476 2949 sed
2518 2895 2653 2966 sicut
2682 2895 2878 2966 placuit
2913 2897 2962 2952 ei
2992 2899 3078 2968 qui
3108 2899 3159 2953 in
3187 2914 3295 2968 me,
3323 2899 3512 2972 inquit,
3543 2901 3622 2956 lo-
3691 2964 3694 2967 ,

2040 2985 2218 3057 quitur
2242 2984 2486 3042 Christus
2513 2985 2556 3052 ³,
2583 2987 2670 3057 qui
2717 2997 2773 3054 ut
2816 2988 2866 3044 id
2897 2989 3037 3062 quod
3066 2991 3262 3059 bonum
3289 2977 3430 3060 'est',
3475 2995 3624 3048 nobis

2039 3090 2254 3149 quoque
2295 3075 2492 3132 bonum
2544 3077 2708 3134 videri
2762 3081 2928 3152 possit
2975 3092 3247 3151 operatur.
3285 3085 3452 3154 Quem
3482 3087 3623 3141 enim

2042 3165 2348 3234 miseratur,
2378 3175 2433 3222 et
2459 3177 2632 3236 vocat.
2666 3167 2732 3222 Et
2774 3169 2894 3242 ideo
2937 3171 3027 3242 qni
3064 3155 3332 3228 Christum
3360 3177 3624 3246 sequitur,

2041 3263 2217 3326 potest
2242 3255 2597 3326 interrogatus
2626 3272 2722 3312 cur
2749 3273 2870 3326 esse
2905 3261 3132 3332 voluerit
3151 3263 3472 3320 christianos
3490 3305 3506 3332 ,
3536 3281 3625 3321 re-

2043 3344 2326 3414 Spondere,
2361 3343 2534 3414 Visum
2562 3358 2634 3402 est
2665 3349 2808 3404 mihi.
2833 3349 2984 3423 Quod
3007 3367 3128 3408 cum
3158 3351 3310 3422 dicit,
3343 3370 3446 3410 non
3473 3367 3628 3425 negat

2047 3435 2159 3492 Deo
2182 3435 2352 3490 visum
2373 3451 2446 3507 ;'a
2479 3437 2587 3493 Deo
2615 3439 2756 3496 enim
2787 3451 3113 3512 praeparatur
3155 3443 3406 3514 voluntas
3450 3437 3617 3502 homi-

2045 3541 2171 3592 num
2201 3544 2214 3582 :
2247 3533 2303 3581 ut
2328 3527 2469 3594 enim
2513 3528 2654 3588 Deus
2683 3529 3060 3602 honorificetur
3085 3549 3116 3588 a
3149 3543 3357 3598 sancto,
3388 3537 3478 3590 Dei
3507 3555 3630 3609 gra-

2047 3615 2114 3671 f‘ia
2135 3624 2237 3672 est.
2273 3635 2292 3682 ι
2327 3618 2467 3674 Ecce
2512 3619 2637 3690 quid
2683 3621 2786 3676 iste
2825 3623 3032 3693 sapiat,
3079 3625 3120 3678 si
3152 3626 3330 3682 verbis
3361 3629 3630 3684 Ambrosii

2043 3709 2354 3792 delectatur,
2375 3709 2516 3784 quod
2531 3726 2560 3778 a
2591 3711 2699 3780 Deo
2715 3725 3045 3784 praeparatur
3067 3717 3307 3776 voluntas
3324 3718 3626 3792 hominum,

2046 3811 2101 3855 et
2119 3801 2283 3865 nulla,
2315 3801 2398 3858 vel
2425 3818 2528 3861 non
2552 3817 2740 3876 magna
2763 3806 2987 3879 quaestio
3015 3815 3128 3873 est,
3162 3808 3282 3878 quis
3307 3809 3386 3864 vel
3411 3812 3628 3881 quando

2049 3891 2387 3960 perficiatur,
2419 3891 2544 3950 dum
2599 3903 2774 3956 tamen
2812 3895 2930 3971 sine
2963 3897 3134 3966 gratia
3174 3897 3369 3954 Christi
3401 3899 3630 3971 idipsum

2047 3980 2160 4038 fieri
2185 3996 2344 4052 posse
2368 3983 2584 4054 minime
2609 3969 2902 4053 dubiteturi
2941 3985 3142 4054 Deinde
3169 3999 3426 4062 quantum
3471 3969 3586 4046 erat
3607 4034 3624 4057 ,

2047 4070 2417 4131 utattenderet
2447 4071 2548 4134 iste
2578 4087 2742 4131 unum
2791 4090 3000 4146 versum
3039 4075 3108 4144 de
3145 4078 3412 4146 Ambrosii
3449 4081 3630 4136 verbis

2046 4179 2165 4232 rata;
2192 4163 2388 4240 posuit.
2415 4157 2546 4224 Cum
2577 4165 2718 4224 enim
2747 4166 2832 4227 ille
2857 4168 3100 4245 dixisset,
3137 4189 3157 4223 ι
3191 4171 3324 4238 Nam
3361 4189 3482 4228 eum
3520 4174 3628 4229 Ec-

2041 4253 2208 4316 clesia
2232 4269 2297 4308 ex
2320 4254 2590 4326 gentibus,
2621 4255 2721 4313 hoc
2749 4268 2850 4321 est,
2902 4275 2968 4320 ex
3009 4263 3375 4328 peccatoribus
3403 4279 3633 4335 congre-

2045 4351 2165 4414 gata
2192 4343 2295 4410 sit,
2335 4345 2602 4416 quomodo
2643 4363 2707 4402 ex
2749 4350 3026 4408 maculatis
3063 4353 3402 4416 immaculata
3456 4365 3635 4425 potest

2049 4452 2197 4503 esse,
2218 4437 2326 4500 nisi
2349 4439 2521 4512 primo
2543 4454 2637 4520 per
2663 4439 2858 4504 Christi
2878 4445 3126 4516 gratiam,
3159 4446 3300 4526 quod
3325 4447 3502 4518 abluta
3532 4449 3632 4504 de-

2049 4526 2174 4582 licto
2195 4527 2292 4592 sit;
2323 4527 2544 4594 deinde,
2586 4529 2728 4599 quod
2769 4546 2862 4600 per
2888 4533 3198 4604 qualitatem
3246 4551 3350 4594 non
3382 4539 3634 4608 peccandi

2049 4617 2312 4678 abstineat
2338 4635 2368 4676 ει
2397 4619 2644 4678 delictis?
2677 4640 2697 4674 ι
2737 4621 2834 4681 ille
2853 4623 3076 4688 addidit,
3109 4626 3250 4699 quod
3279 4627 3382 4684 iste
3409 4639 3634 4699 apparet

2051 4724 2147 4764 cur
2173 4709 2372 4766 addere
2399 4710 2630 4770 noluerit
2655 4730 2668 4766 :
2699 4713 3023 4786 aitnamque
3052 4717 3170 4786 ille,
3205 4737 3224 4786 ᾳ
3258 4709 3367 4775 Nec
3392 4719 3462 4775 ab
3481 4721 3636 4780 initio

2051 4799 2418 4868 immaCulata;
2449 4801 2695 4866 humanae
2717 4805 2860 4875 enim
2893 4804 2996 4864 hoc
3023 4808 3352 4882 impossibile
3379 4821 3582 4868 natura:
3607 4831 3622 4868 :

2051 4895 2144 4955 sed
2167 4911 2262 4966 per
2289 4895 2382 4953 Dei
2407 4896 2634 4972 gratiam
2671 4905 2728 4956 et
2760 4899 3072 4970 qualitatem
3102 4903 3208 4979 sui,
3238 4903 3361 4976 quia
3389 4904 3498 4975 jam
3529 4921 3638 4962 non

2053 4995 2266 5059 peccat,
2317 4987 2378 5042 iit
2405 4997 2461 5044 ιιι
2503 4989 2838 5060 inmaculata
2861 4991 3104 5055 videatur
3137 5011 3156 5053 ι
3212 4993 3553 5064 (Ambrosius,
3581 4985 3664 5064 in.

2054 5076 2208 5146 Luca
2228 5087 2383 5149 caput
2413 5077 2491 5149 1).
2527 5076 2658 5136 Hac
2679 5079 2862 5146 verba.
2910 5081 3010 5140 iste
3035 5098 3131 5140 cur
3181 5099 3288 5156 non
3331 5085 3638 5160 addiderit,

2053 5166 2173 5238 quis
2208 5183 2314 5240 non
2341 5167 2640 5242 intelligat?
2671 5169 2784 5229 Hoc
2825 5172 3002 5254 agitur
3050 5174 3230 5246 utique
3270 5193 3410 5241 nunc
3449 5176 3501 5232 in
3534 5176 3642 5236 hoc
3705 5172 3710 5176 ’

2119 5320 2132 5350 ¹
2168 5319 2385 5382 Nonnulli
2411 5334 2475 5372 ex
2500 5320 2660 5382 editis,
2684 5323 2928 5375 credatur.

2118 5383 2138 5450 ξ
2169 5380 2277 5450 Sola
2293 5381 2400 5432 fere
2425 5383 2572 5450 editio
2590 5380 2728 5450 _l.o'v.,
2750 5393 2946 5450 peram.

2117 5442 2138 5515 ξ
2169 5449 2374 5515 suum
2397 5445 2603 5515 vaesani
2625 5442 2988 5515 usslispirims.

2118 5503 2190 5564 (α)
2223 5509 2434 5566 Hymnus
2455 5504 2540 5554 ille
2572 5503 2908 5559 Ambrosianus
2928 5505 2956 5560 a
2975 5511 3219 5561 monachis
3239 5511 3638 5563 cistercieusihns

2055 5565 2241 5636 canitur
2264 5564 2322 5613 ad
2347 5567 2583 5636 Iertiam,
2631 5572 2868 5622 Dominiea
2906 5573 3192 5634 mimarum,
3230 5581 3282 5626 et
3311 5575 3531 5636 proxime
3552 5586 3639 5626 se-

2056 5625 2316 5684 quentibus
2337 5626 2524 5676 dielnts.
