4002 6178
1651 209 1853 269 LIBER
1890 203 2094 261 UNUS.
2168 258 2181 273 ι
3418 179 3522 237 236

1904 336 1913 337 ί
1945 318 2081 381 Deo,
2114 329 2233 370 cum
2261 327 2377 368 eam
2411 324 2515 363 non
2549 305 2771 363 inheret
2799 304 2850 358 in
2879 309 3065 357 natura
3101 298 3209 370 jam
3236 296 3413 350 vitiata
3440 301 3527 347 at-

1931 424 2035 480 quc
2073 406 2395 476 depravata,
2433 400 2572 454 sicut
2613 398 2666 451 in
2693 393 2984 464 Evangelia
3026 389 3234 460 legitur.
3277 389 3531 455 Quotquot

244 472 786 516 iutmncmattssuuam
818 472 1102 513 μιιιιιαισ...
1133 472 1367 488 ιιι-ην-.-
1632 472 1644 487 _
1949 472 1963 480 ν
2146 472 2159 476 _

244 553 386 615 uiat,
434 561 556 618 qua:
601 542 655 594 in
703 537 881 593 futuro
909 528 1105 586 smeulo
1146 535 1321 593 neque
1359 518 1539 585 aliquo
1566 511 1828 565 malorum
1933 509 2100 553 autem
2124 500 2561 565 receperunteum,
2582 486 2719 541 dedit
2733 485 2805 539 eis
2822 490 3114 554 potestatem
3136 477 3271 547 filios
3289 474 3384 528 Dei
3415 472 3531 542 ﬁeri

1229 614 1258 618 ’Δ
1397 608 1409 618 ³
1573 603 1586 618 ¹
1631 614 1682 618 ⁴⁷⁴
1709 610 1806 618 ’⁸⁸
1942 591 1959 618 ¹
1993 588 2113 618 ’³⁸⁸⁸
2158 603 2174 618 '
2246 584 2309 618 ⁸ο
2333 584 2351 618 \
2388 598 2401 613 ο
2431 580 2570 618 num!
2599 579 2780 618 nlinnn.
2810 590 2916 618 nnn
2943 581 3098 618 omni
3121 585 3215 618 nar
3247 576 3488 618 “310mm
3516 604 3530 618 .

246 576 386 615 ιιιῖιι,
434 576 556 618 qua;
604 576 655 594 Ill
704 576 879 593 ιιιιυιν
909 576 1101 586 ...νν----
1148 576 1251 593 ---1
1451 576 1465 585 .

246 643 520 700 hominum
549 634 649 690 sibi
675 628 965 702 permixto,
996 632 1169 691 neque
1193 614 1368 684 aliqua
1397 608 1452 663 in
1471 619 1544 659 se
1573 603 1689 670 iege
1709 610 1833 668 pcc-
1941 588 2134 663 (Joau.
2158 603 2174 642 ι
2194 628 2208 653 ,
2246 584 2352 657 12)
2382 598 2401 638 :
2431 580 2571 653 quod
2599 579 2781 648 utique
2810 590 2919 630 non
2943 581 3099 627 erant
3121 585 3215 639 per
3247 576 3488 622 naturam
3516 604 3530 626 ,

1459 699 1488 702 υ
1554 696 1566 702 Δ
1791 689 1803 700 ’
1938 695 2038 702 ““⁴⁸
2070 677 2282 702 ¹“””“”“²”“¹“
2315 681 2490 702 λη”ι-ο
2555 671 2655 702 ’τἶοῖ
2701 682 2821 702 mum
2852 660 3158 702 ronininntln
3196 657 3530 702 ﬁt‘l‘ﬂniSSﬂlﬂ

246 657 520 700 hominum
549 657 649 690 SIDI
675 657 965 702 permissu,
997 657 1169 691 ..νη-..υ
1193 657 1368 684 ...ηπ-.-
1398 657 1452 663 ---
1493 657 1538 659 __
1625 657 1654 670 υ
1712 657 1727 668 _
1951 657 1960 663 _

245 736 347 794 cati
375 732 658 787 resistente
689 720 792 793 legi
833 716 1062 779 mentis,
1109 711 1268 765 ducat
1309 696 1715 759 mundissimam
1756 689 1836 742 vi-
1938 695 2040 735 nec
2066 677 2284 732 omnino
2313 681 2525 737 essent,
2555 671 2656 725 nisi
2701 682 2822 723 eum
2852 660 3158 732 recipiendo
3196 657 3532 726 aceepisseut

1463 789 1477 794 _
1578 786 1590 794 .
1781 779 1792 790 .
1817 776 1831 794 .
1940 784 2037 794 ..η
2066 768 2177 794 ...;..,.
2203 765 2424 794 ωηιξη..
2470 757 2769 794 ι...;.ιρ.νιηι1ῑ
2802 761 3140 794 nntnctntam-
3165 748 3290 794 “me
3316 754 3399 794 est
3440 759 3532 794 no-

247 748 347 794 cuit
375 748 658 787 Γθὸιειϐηιε
690 748 736 778 ω
777 748 792 775 ι
834 748 1062 779 lucusta,
1109 748 1268 765 υυνιι-
1310 748 1587 759 ...νη----ν

247 824 432 881 tamin
472 748 777 874 aeternitati
819 808 1017 863 divina.
1059 801 1260 856 Tamen
1299 789 1537 849 attendat
1578 786 1679 839 iete
1705 776 1835 850 quid
1940 784 2037 839 per
2064 768 2179 836 ejus
2202 765 2425 836 gratiam
2470 757 2771 831 huiusmodi
2802 761 3140 825 potestatem.
3165 748 3290 803 limo
3316 754 3399 802 est
3439 759 3535 814 po-

1618 876 1649 881 “
1759 873 1770 881 '
1944 870 2106 881 ------
2173 872 2324 881 ----...
2374 854 2473 881 -:t.:
2517 850 2744 881 ..εηιιεηηο
2779 843 3031 881 Γηι-Ιῖιιιδη
3077 839 3382 881 οιιςηιίιειιίς,
3417 850 3535 881 (tum

250 840 354 881 tam
380 839 432 877 tII
472 839 777 874 attentum:
819 839 1017 863 ιιιυιιιι.
1071 839 1260 856 ,ιη-ω..
1299 839 1535 849 -.-μνη
1724 839 1739 850 ⁸

250 913 542 973 secundum
581 906 883 974 Scripturas
922 892 1236 952 Ambrosius
1273 886 1558 957 cpiscOpus
1600 873 1835 936 dixerit,
1944 870 2140 924 testas,
2168 872 2327 928 quam
2374 854 2474 910 sibi
2517 850 2750 907 vindicat
2779 843 3032 902 fortitudo
3077 839 3384 905 charitatis,
3417 850 3537 905 quae

1606 970 1615 974 _
1742 966 1754 974 .
1840 972 1845 974 .
1947 965 2049 974 η..-
2081 958 2154 974 η-.
2184 949 2234 974 ε..
2264 946 2414 974 ..ηιιεη
2480 943 2579 974 ιιιδεῖ
2612 956 2707 974 πη..
2730 937 2984 974 Quir-imm
3032 941 3272 974 sanctum
3317 928 3407 974 nui
3436 925 3537 974 da—

1947 965 2052 1005 non
2079 958 2161 1005 est
2184 949 2235 1003 in
2264 946 2446 1010 nobis,
2480 943 2582 999 nisi
2612 956 2707 1012 per
2730 937 2986 1010 Spiritum
3032 941 3273 995 Sanctum
3317 928 3407 998 qui
3436 925 3539 980 dav

1950 1050 2034 1095 tus
2062 1047 2144 1093 est
2171 1037 2344 1091 nobis.
3388 1070 3395 1077 ,

2021 1125 2244 1184 CAPUT
2294 1120 2655 1180 LXV.--78.
2696 1117 2844 1173 Idem
2886 1123 3130 1171 tractatur
3162 1116 3537 1180 argutttentum.

1952 1217 2105 1287 Quod
2136 1232 2266 1273 vero
2306 1212 2585 1285 presbyter
2628 1205 2949 1265 venerabilis
2992 1202 3342 1270 Hieronymus
3381 1195 3543 1253 dixit,

1956 1312 2009 1366 in
2032 1311 2095 1365 iis
2118 1324 2239 1380 quae
2263 1307 2409 1364 illum
2433 1304 2633 1361 dixisse
2656 1303 3073 1361 commemorat,
3115 1307 3235 1347 cum
3260 1296 3553 1358 exponeret

1956 1400 2099 1472 quod
2122 1378 2379 1468 scriptum
2402 1405 2512 1460 est,
2543 1392 2689 1447 Beati
2728 1390 2916 1445 mundo
2963 1384 3144 1450 corde,
3189 1380 3425 1453 quoniam
3452 1378 3552 1447 ipsi

1959 1494 2123 1549 Deum
2142 1490 2373 1545 videbunt
2403 1504 2421 1542 :
2453 1485 2622 1551 (Quos
2647 1500 2745 1538 non
2776 1481 2944 1551 arguit
2971 1475 3273 1537 conscientia
3304 1472 3408 1526 ulla
3433 1486 3555 1540 pec-

1961 1584 2098 1647 cati;
2126 1599 2144 1637 t
2175 1590 2229 1638 et
2266 1577 2460 1648 adjecit
2490 1594 2503 1630 :
2540 1595 2560 1635 ι
2591 1572 2817 1635 Mundus
2843 1569 3029 1625 mundo
3054 1566 3204 1620 corde
3229 1561 3554 1631 conspicitur,

1963 1674 2205 1743 templum
2234 1669 2325 1730 Dei
2350 1685 2451 1725 nam
2480 1674 2640 1739 potest
2682 1679 2789 1721 esse
2824 1659 3072 1731 pollutum
3106 1676 3126 1710 ι
3154 1654 3556 1727 (Hieronymus,

1965 1766 2017 1818 iu
2044 1742 2199 1833 caput
2227 1776 2262 1816 v
2299 1757 2529 1824 Matt/tati
2552 1756 2571 1826 )
2596 1773 2609 1809 :
2640 1754 2743 1808 hoe
2768 1750 2967 1825 utique‘
2997 1748 3170 1818 agitur
3196 1745 3248 1799 in
3277 1742 3431 1808 nobis
3459 1755 3556 1795 co-

1967 1830 2144 1921 nando
2164 1895 2178 1917 ,
2218 1848 2542 1915 laborando,
2574 1843 2780 1900 orando
2800 1883 2814 1908 ,
2848 1836 3210 1909 impetrando,
3232 1842 3292 1889 ut
3317 1831 3382 1888 ad
3410 1830 3556 1884 illam

1969 1944 2384 2018 perfectionem,
2418 1941 2469 1995 in
2508 1952 2610 2008 qua
2653 1932 2923 2007 possimus
2955 1930 3119 1985 Deum
3163 1924 3362 1991 mundo
3402 1920 3567 1977 corde

1970 2038 2310 2106 conspicere,
2338 2032 2456 2103 ejus
2483 2028 2649 2101 gratia
2681 2025 3033 2096 perducamur
3064 2033 3157 2089 per
3180 2016 3363 2079 Jesum
3388 2011 3570 2068 Chris-

1977 2139 2087 2184 tum
2110 2101 2393 2183 Dominum
2411 2130 2670 2177 nostrum.
2694 2118 2823 2175 Item
2840 2111 2980 2184 quod
2997 2110 3070 2165 ait
3089 2125 3118 2163 a
3141 2114 3434 2165 memorato
3450 2101 3568 2176 dic-.-

1978 2230 2087 2275 tutu
2102 2231 2224 2272 esse
2240 2212 2569 2285 presbytero,
2588 2206 2755 2263 Liberi
2767 2173 2963 2261 arbitrii
2980 2216 3071 2254 nos
3085 2193 3469 2258 condiditDeus,
3484 2173 3575 2244 nec
3600 2173 3609 2183 ’

1979 2310 2047 2364 ad
2064 2308 2325 2370 virtutem,
2355 2281 2447 2358 nec
2483 2303 2551 2355 ad
2578 2298 2701 2357 vitia
2726 2294 3020 2352 necessitate
3046 2288 3333 2351 trahimur;
3352 2281 3583 2352 alioquin

1981 2403 2066 2459 ubi
2092 2399 2390 2465 necessitas,
2416 2412 2506 2451 nec
2535 2408 2725 2461 corona
2744 2399 2816 2447 est
2847 2386 2970 2461 (Id.
3002 2392 3177 2445 contra
3204 2377 3535 2443 Jouiuiauum
3554 2413 3573 2441 ,

1985 2493 2072 2549 tib.
2095 2491 2168 2562 2)
2195 2530 2212 2557 ,
2242 2489 2365 2560 quis
2383 2501 2489 2543 non
2511 2480 2799 2561 agnoscat?
2821 2478 2938 2549 quis
2957 2491 3063 2539 non
3092 2482 3203 2529 toto
3227 2468 3390 2531 corde
3414 2465 3583 2531 susci-

1987 2582 2137 2654 piat?
2170 2580 2290 2650 quis
2334 2578 2492 2633 aliter
2531 2571 2801 2633 conditam
2842 2568 3127 2623 humanam
3160 2567 3315 2629 neget
3338 2571 3459 2623 esse
3486 2569 3584 2617 na-

1930 2672 1938 2679 ’
1990 2671 2202 2728 turam?
2229 2667 2337 2729 Sed
2364 2667 2416 2723 in
2448 2674 2594 2721 recte
2632 2657 2877 2717 faciendo
2904 2656 3025 2723 ideo
3053 2651 3253 2715 nullum
3282 2657 3365 2716 est
3403 2645 3589 2699 vincu-

1993 2765 2104 2821 lum
2134 2758 2465 2821 necessitatis
2488 2798 2503 2823 ,
2534 2754 2657 2824 quia
2672 2740 2915 2813 libertas
2946 2752 3036 2801 est
3058 2740 3330 2805 charitatis
3356 2740 3395 2789 ¹.
3582 2784 3587 2787 ,

2064 2851 2290 2910 CAPUT
2334 2847 2608 2902 LXVl.-—
2629 2842 2717 2897 79.
2754 2836 3001 2904 Qutedam
3028 2829 3269 2903 peccandi
3291 2825 3586 2889 necessitas:

2001 2945 2129 3002 Redi
2170 2954 2300 3012 ergo
2319 2939 2387 2997 ad
2427 2934 2771 3007 apostolicam
2802 2924 3119 2985 sententiam
3162 2940 3176 2977 :
3218 2918 3450 2985 Charitas
3499 2914 3594 2971 Dei

2000 3035 2190 3104 diiusa
2208 3004 2280 3090 est
2301 3032 2355 3087 in
2374 3004 2611 3087 cordibus
2635 3021 2821 3081 nostris
2845 3035 2935 3090 per
2968 3014 3218 3086 Spiritum
3245 3018 3477 3073 sauctuut
3507 3004 3596 3077 qui

237 256 342 311 ass
743 310 749 316 ,

240 358 454 428 circulo,
488 371 545 416 ut
572 358 637 415 ad
669 360 847 419 istam,
896 361 1054 422 quam
1106 353 1294 398 omnes
1340 332 1506 391 sancti
1560 328 1813 398 cupiunt,

243 453 786 516 iuuuacidatissimam
816 441 1102 513 puritatem
1132 428 1367 488 Ecclesia
1419 431 1601 479 sancta
1629 428 1825 487 perve-

258 1028 277 1061 ι
314 1007 425 1063 Nec
453 1003 523 1057 ab
563 1000 714 1054 initio
749 989 1118 1051 immaculata;
1144 984 1393 1038 humana:
1417 975 1559 1029 enim
1604 970 1706 1023 hoc
1738 966 1846 1019 im:

255 1094 512 1171 possibile
537 1101 763 1146 maturat.
792 1104 815 1139 ι
849 1083 1043 1151 Utique
1091 1075 1232 1131 enim
1267 1071 1335 1127 ab
1377 1065 1529 1122 initio
1557 1060 1708 1123 dicit,
1737 1070 1844 1125 quo

257 1150 371 1171 τνη
962 1150 969 1151 ,

257 1208 322 1249 ex
350 1189 525 1246 Adam
556 1182 846 1239 nascimur.
873 1174 1008 1230 Nam
1034 1178 1088 1226 et
1115 1168 1231 1238 ipse
1260 1162 1430 1219 Adam
1473 1150 1845 1212 immaculatus

259 1279 448 1353 procul
486 1274 652 1343 dubio
702 1269 874 1325 factus
909 1274 992 1321 est
1015 1280 1028 1316 :
1052 1257 1148 1316 sed
1175 1258 1229 1313 in
1275 1254 1353 1310 eis
1382 1249 1476 1321 qui
1501 1254 1629 1302 sunt
1656 1249 1845 1298 natura

262 1328 356 1428 hiii
382 1371 511 1432 im,
536 1335 814 1420 ducentes
858 1371 923 1413 ex
965 1355 1057 1410 illo
1080 1347 1224 1422 quod
1253 1345 1493 1401 vitiatum
1522 1350 1603 1393 est
1647 1335 1700 1388 in
1731 1328 1845 1395 illo,

264 1462 331 1527 ab
359 1458 514 1514 initio
556 1468 677 1509 esse
719 1444 1107 1518 immaculatos,
1137 1439 1385 1494 humana:
1409 1439 1616 1486 natura:
1646 1426 1851 1493 impos-

268 1551 422 1608 sibile
447 1543 716 1603 deﬁnivit.

339 1637 566 1698 CAPUT
607 1632 789 1690 LXIV.
828 1660 900 1673 -—
937 1626 1026 1682 76.
1054 1622 1203 1678 Idem
1222 1623 1463 1671 tractatur
1483 1614 1854 1682 argumentum.

272 1735 403 1791 Item
463 1729 696 1787 Joannes
734 1712 1354 1783 Constantinopolitauus
1378 1704 1665 1775 episcOpus
1707 1693 1859 1763 cujus

271 1823 451 1897 posuit
467 1814 783 1874 sententiam
799 1852 813 1876 ,
843 1808 961 1864 dicit
986 1811 1241 1876 peccatum
1262 1812 1362 1852 non
1383 1808 1487 1848 esse
1506 1785 1856 1846 substantiam,

272 1879 361 1971 ;ed
398 1923 569 1965 actum
599 1906 874 1975 malignum
898 1914 915 1952 :
937 1895 1055 1967 quis
1077 1892 1179 1947 hoc
1204 1884 1401 1959 negat?
1431 1880 1497 1937 Et
1523 1879 1642 1952 quia
1668 1891 1765 1929 non
1792 1879 1863 1925 est

275 1965 514 2062 uaturate
532 2042 547 2067 ,
573 1999 685 2052 ideo
702 1965 881 2049 contra
906 1965 1035 2044 illud
1061 1985 1215 2056 legem
1241 1979 1435 2042 datam,
1457 1981 1503 2028 et
1530 1968 1666 2042 quod
1693 1965 1756 2018 de
1782 1979 1865 2016 ar-

279 2051 417 2153 bitrii
434 2051 686 2146 wlibertate
725 2080 980 2140 descendit
1010 2097 1023 2131 :
1051 2051 1210 2132 etiam
1241 2071 1342 2124 hoc
1380 2063 1499 2137 quis
1537 2057 1735 2129 negat?
1762 2051 1868 2108 Sed

282 2203 426 2253 nunc
455 2183 630 2254 agitur
654 2179 720 2233 de
748 2178 977 2230 humana
997 2176 1182 2224 natura
1211 2176 1329 2234 quae
1357 2157 1536 2213 vitiata
1561 2160 1670 2215 est;
1702 2146 1872 2218 agitur

285 2248 431 2336 etde
456 2239 624 2344 gratia
654 2268 745 2323 Dei
770 2267 790 2297 ¹
813 2279 915 2335 qua
939 2267 1156 2315 sanatur
1176 2268 1271 2325 per
1293 2248 1556 2305 medicum
1579 2239 1869 2297 Christum,

286 2381 395 2439 quo
420 2336 526 2419 non
557 2359 819 2429 indigeret
846 2353 890 2409 si
917 2365 1043 2406 sana
1067 2354 1241 2411 esset,
1271 2357 1387 2413 qua:
1408 2336 1475 2392 ab
1497 2340 1600 2390 isto
1624 2340 1873 2398 tanquam

288 2418 420 2512 sana
441 2496 458 2522 ,
485 2453 566 2507 vel
597 2418 846 2521 tanvquam
870 2442 969 2498 sibi
996 2437 1294 2494 sufﬁciente
1319 2424 1607 2486 voluntatis
1633 2418 1874 2482 arbitrio,

293 2562 452 2620 posse
484 2559 591 2599 non
622 2553 845 2612 peccare
867 2530 1189 2590 defenditur.

367 2640 455 2693 77.
496 2635 627 2701 Quis
652 2633 779 2687 item
806 2626 1128 2683 christianus
1170 2620 1406 2689 ignorat,
1451 2609 1590 2681 quod
1635 2602 1882 2661 beatissi-

297 2747 443 2788 mum
470 2727 694 2805 Xystum
726 2723 976 2775 Romaurc
1001 2712 1250 2769 Ecclesia:
1276 2706 1579 2776 episcopum
1601 2708 1654 2753 et
1674 2692 1884 2751 Domini

303 2786 590 2891 martyrem
639 2813 837 2868 dixisse
870 2798 1387 2869 commemorut(a),
1438 2793 1569 2860 Quia
1615 2786 1891 2843 libertatem

308 2878 498 2966 arbitrii
515 2906 596 2962 sui
609 2901 830 2977 permisit
849 2895 1131 2976 hominibus
1154 2889 1290 2943 Deus
1309 2894 1384 2953 ,ut
1421 2897 1545 2957 pure
1565 2888 1611 2933 et
1642 2878 1750 2932 sine
1768 2888 1889 2944 pec-

305 3013 415 3058 cato
435 2965 652 3054 virentes
673 2992 861 3049 similes
883 2990 1007 3058 [iant
1036 2968 1140 3038 Deo
1161 2983 1186 3037 ?
1207 2978 1311 3036 Sed
1331 2975 1397 3031 ad
1419 2974 1588 3044 ipsum
1616 2965 1891 3022 arbitrium

309 3092 538 3164 pertinet
557 3093 834 3141 vocantem
855 3078 1038 3134 audire
1055 3082 1109 3130 et
1127 3069 1348 3127 credere
1367 3107 1381 3131 ,
1406 3071 1461 3119 ct
1481 3062 1547 3117 ab
1566 3076 1631 3115 eo
1650 3058 1703 3112 in
1726 3069 1893 3127 quem

310 3149 599 3241 creditum:
623 3171 875 3248 peccandi
902 3166 1221 3239 adjutorium
1250 3157 1538 3231 postulare.
1567 3151 1697 3207 Nam
1713 3149 1899 3218 utique

310 3292 429 3332 cum
446 3273 596 3337 dicit,
625 3236 819 3324 similes
849 3236 983 3334 'ﬂaut
1012 3258 1142 3323 Deo;
1176 3269 1271 3325 per
1285 3249 1594 3307 charitatcm
1618 3240 1711 3298 Dei
1741 3236 1903 3294 futuri

314 3377 437 3424 sunt
452 3364 658 3421 similes
684 3361 823 3423 Deo,
854 3330 971 3425 quae
991 3344 1180 3407 diﬂusa
1209 3344 1363 3401 estin
1392 3337 1641 3395 cordibus
1669 3330 1865 3388 nostris
1885 3370 1900 3395 ,

316 3477 422 3517 non
444 3468 648 3512 natura:
664 3423 1031 3524 possibilitate,
1055 3455 1153 3497 nec
1172 3439 1338 3493 libero
1358 3430 1579 3490 arbitrio
1599 3425 1739 3499 quod
1757 3423 1904 3480 estin

318 3552 504 3617 nobis,
535 3546 631 3603 sed
661 3513 755 3615 per
780 3538 1036 3621 Spiritum
1063 3538 1304 3587 sanctum
1334 3525 1421 3596 qui
1445 3523 1600 3578 datus
1620 3527 1703 3574 est
1730 3513 1905 3571 nobis.

322 3604 555 3712 Siquod
579 3604 707 3692 dicit
735 3604 873 3688 idem
894 3635 1114 3697 martyr,
1139 3619 1403 3691 Templum
1430 3611 1693 3669 sanctum'
1715 3615 1786 3662 est
1802 3604 1911 3658 Deo

323 3748 466 3787 mens
490 3744 622 3801 pura
643 3768 660 3793 ,
690 3734 737 3780 et
761 3724 924 3777 altare
947 3716 1190 3788 optimum
1205 3718 1278 3766 est
1304 3709 1349 3762 ei
1374 3723 1460 3761 cor
1475 3700 1718 3759 mundum
1744 3706 1787 3751 et
1807 3695 1915 3749 sine

327 3788 564 3901 peccato;
596 3788 717 3889 quis
745 3811 915 3868 nescit
941 3808 1007 3863 ad
1036 3807 1190 3861 istam
1218 3797 1597 3873 perfectionem
1624 3788 1917 3861 perducen-

1082 3898 1094 3901 ‘
1222 3895 1234 3901 ‘
1341 3890 1354 3901 '
1578 3899 1621 3901 κη
1653 3890 1823 3901 -μ--η-
1853 3876 1917 3901 ,ΙΑ

328 3876 349 3901 τ
544 3876 559 3885 .
613 3876 632 3889 .

328 3917 458 3970 dum
482 3926 576 3968 cor
606 3904 859 3964 mundum
881 3945 897 3970 ,
927 3900 1053 3955 dum
1082 3895 1302 3952 interior
1341 3890 1500 3944 homo
1539 3890 1823 3940 renovatur
1850 3876 1919 3931 de

332 4004 419 4059 die
443 4003 497 4057 in
530 4000 703 4061 diem;
734 4008 838 4049 non
871 4001 1048 4046 tamen
1094 3986 1210 4041 sine
1254 3980 1420 4052 gratia
1468 3976 1560 4031 Dei
1601 3988 1698 4044 per
1737 3969 1919 4026 Jesum

334 4091 606 4152 Christum
655 4076 936 4143 Dominum
968 4073 1252 4136 nostrum?
1300 4073 1429 4126 Item
1467 4065 1606 4137 quod
1649 4063 1723 4117 ait
1768 4061 1918 4130 ipse,
1969 4110 1983 4119 ,

342 4186 386 4240 ν
392 4188 436 4241 ir
456 4194 622 4238 castus
648 4188 693 4232 et
726 4178 833 4253 sine
858 4182 1061 4245 peccato
1087 4173 1377 4240 potestatem
1404 4156 1595 4229 accepit
1622 4170 1653 4207 a
1692 4152 1796 4205 Deo
1820 4164 1925 4204 esse

343 4279 480 4349 ptius
507 4273 635 4337 Dei;
676 4239 868 4338 utique
893 4239 1201 4324 admonuit,
1233 4270 1299 4310 ne
1337 4266 1455 4307 cum
1497 4246 1721 4318 quisque
1758 4239 1925 4294 factus

1322 4342 1332 4349 .
1477 4338 1490 4349 .
1559 4335 1606 4349 ..
1673 4342 1684 4349 ,
1770 4346 1850 4349 λη
1877 4327 1924 4349 ,Α

344 4327 504 4423 inerit
530 4365 601 4418 ita
631 4327 809 4417 castus
834 4365 888 4412 et
916 4354 1029 4408 sine
1070 4356 1289 4421 peccato
1314 4338 1494 4417 (quod
1522 4335 1610 4391 ubi
1637 4342 1692 4389 et
1716 4327 1929 4401 quando

343 4461 400 4522 in
420 4474 484 4513 eo
521 4453 826 4526 perﬁciatur
853 4420 1103 4501 nounuila
1132 4435 1355 4510 quaestio
1374 4439 1459 4488 est
1483 4471 1498 4495 ,
1528 4425 1622 4483 sed
1652 4424 1789 4478 inter
1818 4420 1932 4491 pios

346 4552 482 4607 bene
502 4545 782 4619 quau-itur,
806 4540 945 4593 inter
964 4548 1097 4607 quos
1120 4541 1296 4586 tamen
1315 4518 1656 4581 constat-ﬂeri
1676 4529 1853 4585 posse,
1880 4519 1934 4566 et

348 4646 466 4701 sine
491 4602 783 4699 mediatore
814 4626 908 4691 Dei
944 4602 998 4681 et
1024 4623 1294 4681 hominum
1326 4613 1541 4672 homine
1567 4607 1781 4665 Christo
1809 4602 1933 4659 Jesu

349 4728 467 4785 ﬁeri
483 4741 587 4781 non
603 4722 788 4795 posse)
813 4737 827 4773 :
846 4727 1041 4780 tamen,
1063 4721 1119 4767 ut
1136 4711 1314 4765 dicere
1337 4715 1626 4775 coeperam,
1646 4696 1938 4768 prudenter

349 4820 552 4894 Xystus
580 4787 892 4874 admonuit,
923 4821 989 4861 ne
1017 4818 1136 4859 cum
1169 4799 1326 4856 fuerit
1345 4797 1568 4866 quisque
1601 4789 1720 4844 talis
1746 4787 1936 4849 factus,

351 4884 529 4980 et'pcr
548 4907 655 4961 hoc
691 4912 836 4959 recte
864 4900 1002 4954 inter
1049 4895 1186 4950 filios
1232 4889 1325 4946 Dei
1365 4887 1677 4965 deputatus,
1729 4884 1943 4949 putetur

350 5004 521 5077 ipsius
564 5000 728 5058 fuisse
756 4992 1065 5068 potestatis,
1096 5001 1254 5060 quam
1286 4999 1381 5057 per
1416 4979 1640 5052 gratiam
1670 4973 1873 5043 accepit
1912 4984 1943 5025 a

423 5179 441 5212 ι
472 5178 591 5235 rem
608 5190 624 5228 :
644 5172 740 5226 sed
759 5185 854 5235 non
873 5161 1630 5235 idﬂgimtﬂeﬂttmﬂml'fi‘iﬁf:
1649 5161 1757 5235 91‘?

349 5240 456 5313 sita
608 5221 890 5300 sed-agitur
911 5221 1155 5297 de'gratia
1190 5221 1298 5281 Dei.
1330 5221 1630 5282 castigantur
1675 5225 1741 5271 ex
1776 5222 1947 5261 manu-

355 5310 647 5413 q'mires
666 5368 771 5408 Mss.
795 5357 1037 5411 omittunt,
1056 5354 1287 5414 sanctum.
1472 5403 1483 5414 ⁸

426 5399 1949 5498 (riFeiiiifteﬁtiﬁéiﬂ.“33.31%.$33?”

361 5458 1377 5553 .ea'pgaafug'isapatsstvitae:
1397 5458 1703 5553 εοειιιίοςιιιιίι
1730 5458 1950 5553 petisti-

749 5520 1710 5614 Sextii-essephiio‘sophikt’ythagoraai,ea
1738 5520 1951 5571 ledtione

365 5585 1114 5682 Eata'ﬁﬁtiﬁfdii‘cﬁiﬁa
1131 5585 1489 5682 etesilulaoittem
1507 5623 1521 5646 ,
1558 5587 1642 5634 ubi
1678 5585 1717 5634 is
1739 5594 1954 5633 errorem

585 5680 591 5682 Α
821 5679 834 5682 A
954 5676 1037 5682 --...
1057 5674 1078 5682 -
1102 5674 1129 5682 ..
1451 5656 1597 5682 ...νυνι

366 5671 499 5728 hunc
515 5655 787 5735 detegens;
812 5655 931 5726 ejus"
941 5674 1084 5712 causa
1102 5674 1130 5708 ιι
1156 5659 1203 5706 iu
1222 5655 1433 5703 ttuliaunt
1451 5656 1618 5708 reici-1.

2003 3095 2150 3187 datus
2186 3133 2259 3181 est
2287 3122 2430 3181 nobis
2459 3119 2654 3190 (Rom.
2698 3130 2731 3169 v
2753 3155 2767 3181 ,
2797 3110 2896 3183 5).
2930 3112 2975 3163 Α
3002 3120 3138 3178 quo,
3167 3101 3268 3157 nisi
3292 3101 3360 3155 ab
3388 3098 3482 3153 illo
3505 3095 3600 3166 qui

2005 3217 2246 3276 ascendit
2271 3217 2327 3271 in
2348 3188 2511 3269 altum
2532 3252 2546 3276 ,
2577 3205 2862 3278 captivavit
2878 3197 3243 3270 captivitatem
3260 3235 3276 3261 ,
3300 3188 3601 3255 deditdona

2007 3308 2309 3373 hominibus
2338 3301 2568 3375 (Ephes.
2594 3314 2677 3364 tv,
2711 3297 2745 3353 8
2769 3295 2824 3365 )?
2852 3289 3005 3361 Quod
3032 3298 3210 3344 autem
3240 3300 3308 3341 ex
3334 3281 3481 3337 vitiis
3508 3295 3603 3333 Ila?

2012 3411 2162 3466 utra},
2196 3413 2302 3459 non
2322 3411 2389 3453 ex
2409 3368 2713 3451 conditione
2734 3396 2957 3449 naturae,
2982 3381 3053 3436 sit
3076 3377 3317 3449 quardam
3347 3368 3606 3445 peccandi

2012 3490 2336 3555 necessitas,
2365 3483 2545 3539 audiat
2571 3480 2764 3545 homo,
2798 3483 2957 3544 atque
2987 3479 3044 3525 ut
3078 3467 3266 3524 eadem
3311 3460 3605 3520 necessitas

2016 3597 2121 3643 non
2142 3580 2244 3646 sit,
2266 3551 2437 3641 discat
2460 3575 2570 3631 Deo
2593 3564 2772 3627 dicere
2790 3606 2805 3631 ,
2836 3563 2914 3618 De
2934 3557 3308 3617 necessitatibus
3334 3553 3455 3608 meis
3480 3551 3607 3609 educ

2017 3692 2095 3730 uie
2119 3674 2139 3748 (
2162 3645 2307 3728 Psal.
2337 3684 2465 3725 xstv
2490 3708 2506 3735 ,
2539 3666 2605 3720 17
2628 3663 2669 3736 ).
2705 3661 2839 3729 Quia
2865 3666 2921 3713 et
2949 3658 3000 3711 in
3029 3650 3332 3724 huiusmodi
3366 3645 3613 3703 oratione

2019 3745 2293 3825 certamen
2315 3770 2397 3819 est
2424 3759 2682 3815 adversus
2711 3760 3029 3810 tentatorem
3060 3747 3128 3801 de
3160 3745 3274 3814 ipsa
3301 3749 3482 3796 contra
3510 3752 3611 3801 nos

2021 3859 2338 3921 necessitate
2363 3859 2681 3926 pugnantem
2708 3864 2723 3914 ;
2757 3861 2821 3909 ac
2849 3860 2944 3915 per
2976 3842 3078 3903 hoc
3120 3835 3415 3908 opitulante
3441 3830 3610 3902 gratia

2025 3969 2121 4025 per
2149 3951 2329 4007 .lcsum
2353 3924 2621 4003 Christum
2653 3938 2940 3996 Dominum
2972 3939 3213 3993 nostrum
3233 3969 3249 3993 ,
3273 3936 3327 3981 et
3347 3924 3482 3989 mala
3514 3936 3611 3976 nc-

2026 4017 2248 4102 cessitas
2270 4036 2646 4099 removebitur,
2675 4039 2727 4089 et
2756 4029 2974 4091 libertas
3003 4023 3156 4092 plena
3190 4017 3469 4072 tribuetur.

2099 4132 2323 4192 CAPUT
2375 4126 2577 4186 LXVII.
2601 4122 2779 4180 ——-80.
2822 4116 3027 4179 Duobus
3046 4112 3210 4167 modis
3233 4120 3286 4163 ut
3318 4106 3511 4171 morbi,
3543 4105 3616 4158 ita

2030 4236 2077 4282 et
2115 4231 2318 4295 peccata
2353 4226 2607 4275 caveatur.
2651 4211 2940 4268 Veniamus
2998 4204 3062 4263 ad
3116 4218 3215 4257 nos
3258 4218 3271 4254 :
3314 4198 3442 4253 Item
3474 4237 3487 4259 ,
3530 4196 3615 4249 in-

2031 4284 2180 4388 quit,
2228 4309 2541 4383 Augustinus
2578 4304 2841 4376 episcOpus
2880 4298 2933 4352 iu
2974 4294 3115 4370 miris
3152 4294 3215 4345 de
3253 4289 3430 4344 Libero
3471 4284 3618 4339 Arbi-

2034 4382 2130 4465 tria
2149 4450 2163 4476 ,
2194 4406 2531 4474 Quintumque
2570 4398 2668 4451 ista
2693 4408 2849 4447 causa
2871 4400 2943 4446 est
2969 4383 3269 4449 voluntatis,
3316 4382 3359 4434 si
3400 4394 3500 4433 non
3529 4393 3622 4446 po-

2037 4510 2130 4558 test
2151 4474 2200 4553 ei
2228 4495 2426 4558 resisti,
2454 4491 2562 4547 sine
2587 4493 2787 4560 peccato
2809 4482 2854 4538 ei
2884 4479 3079 4535 ceditur
3107 4494 3121 4530 :
3150 4475 3194 4537 si
3230 4482 3395 4541 autem
3424 4474 3619 4539 potest.

2034 4610 2141 4664 non
2168 4591 2211 4645 ei
2233 4587 2460 4650 cedatur,
2484 4591 2528 4637 et
2554 4596 2655 4635 non
2690 4573 2992 4648 peccabitur.
3020 4568 3098 4622 An
3133 4566 3261 4636 [orte
3287 4562 3419 4632 fauit
3450 4561 3625 4613 incau-

2041 4683 2193 4740 tum?
2217 4696 2337 4752 ergo
2358 4684 2558 4738 Caveat,
2580 4688 2644 4725 ne
2663 4667 2894 4740 fallatur.
2924 4664 3003 4718 An
3028 4669 3167 4713 tanta
3195 4654 3401 4728 fallacia
3429 4659 3536 4716 est,
3570 4657 3625 4701 ut

2044 4775 2208 4832 caveri
2236 4769 2440 4828 cautim)
2460 4781 2563 4825 non
2584 4760 2738 4832 possit
2759 4759 2783 4812 ?
2806 4756 2865 4812 Si
2892 4754 2964 4808 iza
2985 4758 3056 4815 est
3079 4790 3092 4813 ,
3122 4746 3265 4811 nulla
3286 4758 3405 4811 ergo
3422 4745 3627 4808 peccata

2362 4858 2497 4915 enim
2540 4826 2708 4925 peccat
2744 4849 2873 4907 ineo
2913 4841 3047 4914 quod
3091 4835 3252 4899 caveri
3299 4831 3440 4889 nullo
3480 4826 3628 4881 modo

2046 4935 2241 5030 potest?
2271 4952 2517 5007 Peccatur
2540 4952 2747 5001 autem:
2775 4935 2936 4995 caueri
2965 4932 3120 5003 igitur
3147 4933 3324 4998 potest.
3359 4924 3627 4990 Agnosco.

2050 5020 2210 5105 verba
2234 5057 2352 5100 mea
2375 5045 2501 5097 sunt
2526 5053 2540 5089 :
2567 5032 2662 5091 sed
2700 5030 2859 5086 etiam
2903 5028 3018 5095 ipse
3057 5020 3300 5090 dignetur
3342 5022 3632 5082 agnoscere

2049 5097 2506 5209 Quacum
2534 5141 2654 5199 quae
2676 5123 2816 5181 dicta
2846 5125 2989 5181 sunt.
3025 5114 3099 5168 De
3123 5108 3289 5180 gratia
3315 5104 3511 5175 quippe
3539 5097 3636 5154 Dei

2050 5191 2383 5301 qua:
2395 5191 2666 5286 nobis-per
2686 5210 3025 5271 Mediatorem
3047 5198 3304 5257 medicina
3323 5191 3634 5266 cpituiatur,

2054 5284 2161 5380 rion
2281 5284 2705 5386 impossibilitate
2739 5300 2975 5371 iustitiae.
3000 5297 3179 5351 i‘otest
3205 5303 3332 5359 ergo
3356 5284 3404 5341 ei
3426 5294 3600 5337 causa!
3620 5318 3636 5342 ,

2057 5370 2404 5489 qumoumqure
2447 5403 2537 5459 iila
2566 5407 2686 5463 est,
2718 5370 2892 5451 resisti
2939 5407 2950 5440 :
2985 5394 3156 5458 potest
3185 5382 3361 5453 plane.
3408 5375 3540 5432 Nam
3585 5370 3639 5435 in

2127 5574 2139 5604 ¹
2182 5567 2308 5632 Apud
2333 5573 2462 5621 an,
2486 5553 2746 5632 [tacitaque
2770 5561 2786 5598 :
2812 5549 2970 5597 minus
2991 5544 3141 5594 bene.

2127 5638 2145 5666 ι
2182 5615 2357 5680 ίᾷἶιὶξσξι
2379 5615 2474 5683 ΡιηῘ,
2500 5624 2566 5670 est
2585 5615 2810 5666 Charitas.
