3994 6178
323 261 426 318 287

327 376 432 432 hoc
469 369 790 442 adjutoriutn
825 365 1184 437 postulamus,
1213 360 1472 417 dicentes.
1506 353 1591 410 Ne
1609 372 1698 408 nos
1725 351 1914 422 inferas

327 481 384 520 nt
419 461 742 518 tentatioucm
772 474 790 512 :
815 454 956 522 quod
981 452 1304 522 adjutorium
1331 464 1434 503 nou
1462 457 1804 518 posceremus
1824 481 1842 508 ,
1873 442 1916 494 si

333 553 510 612 resisti
532 551 679 606 nullo
703 545 862 602 modo
879 559 1035 615 posse
1053 541 1414 598 crederemus.
1441 539 1622 592 Potest
1645 543 1916 603 precatum

331 643 542 706 caveri,
571 639 666 694 sed
694 638 992 707 Opitulante
1018 635 1140 698 illo,
1173 631 1262 704 qui
1291 646 1393 685 non
1418 635 1599 699 potest
1625 623 1758 679 falli.
1790 622 1918 677 Nam

333 745 393 793 et
419 735 520 788 hoc
548 733 720 802 ipsum
747 729 812 783 ad
837 726 1130 782 cavendum
1158 732 1432 794 peccatum
1457 719 1684 790 pertinet
1709 758 1723 779 ,
1757 715 1800 768 si
1829 729 1923 768 ve-

335 824 532 882 raciter
566 823 826 886 dicimus,
875 819 1078 872 Dimitte
1105 817 1246 871 nobis
1283 815 1449 868 debita
1485 821 1656 866 nostra
1677 849 1693 873 ,
1723 809 1849 862 sicut
1878 814 1924 859 et

328 937 429 974 nos
459 919 758 972 dimittimus
793 915 1096 969 debitoribus
1131 913 1316 966 nostris
1348 903 1557 980 (Matth.
1587 923 1658 969 νι,
1690 905 1777 967 13,
1811 903 1922 971 1‘2).

344 1009 563 1064 Duobus
584 1009 724 1062 enim
763 1005 936 1060 modis
959 1006 1117 1058 etiam
1150 1003 1200 1055 in
1241 1015 1464 1069 eorpore
1507 1007 1724 1052 cavetur
1757 993 1926 1046 tnnrbi

343 1101 576 1160 malum;
624 1109 678 1152 et
722 1106 775 1151 ut
816 1111 920 1149 non
959 1093 1200 1156 accidat,
1229 1100 1280 1145 et
1328 1101 1384 1144 ut
1411 1089 1453 1144 si
1493 1086 1776 1151 acciderit,
1823 1085 1930 1139 cito

341 1201 562 1246 sanetur
597 1198 690 1242 :ut
737 1201 842 1242 non
865 1186 1102 1248 accidat,
1129 1195 1412 1238 caveamus
1452 1177 1698 1244 dicendo,
1732 1175 1814 1229 Ne
1842 1191 1932 1228 nos

343 1285 535 1354 inferas
559 1281 610 1334 in
637 1280 996 1340 leutationcm;
1029 1286 1086 1330 ut
1127 1276 1234 1330 cito
1262 1281 1499 1335 sanetur,
1543 1282 1824 1323 eaveamus
1851 1265 1932 1319 di-

343 1373 536 1436 cendo,
560 1371 764 1424 Dimitte
778 1370 919 1422 nobis
933 1367 1097 1422 debita
1117 1374 1312 1418 nostra.
1338 1361 1463 1417 Sive
1479 1372 1608 1430 ergo
1633 1357 1928 1420 immineat,

343 1465 456 1516 sive
487 1461 810 1524 insit,caveri
837 1467 1002 1530 potest
1036 1458 1054 1530 (
1077 1475 1110 1510 a
1131 1457 1172 1527 ).

416 1553 506 1608 8|.
541 1551 648 1608 Sed
677 1559 864 1605 utnon
894 1557 1096 1604 tantum
1142 1547 1250 1612 illi,
1297 1559 1482 1600 verum
1528 1542 1686 1598 etiam
1733 1540 1798 1594 iis
1841 1539 1934 1610 qui

347 1641 566 1698 eosdem
588 1642 754 1696 libros
787 1655 968 1706 meos,
1009 1653 1144 1710 quos
1167 1638 1269 1692 iste
1309 1637 1462 1706 legit,
1509 1633 1577 1688 de
1614 1631 1807 1687 Libero
1837 1631 1938 1684 Ar-

348 1734 512 1790 bitrio
539 1747 644 1787 non
679 1733 919 1802 legerunt
937 1773 952 1796 ,
980 1740 1138 1800 atque
1170 1729 1274 1783 illis
1299 1741 1405 1782 non
1435 1725 1585 1779 lectis
1609 1764 1624 1788 ,
1657 1723 1798 1776 hunc
1824 1719 1936 1774 for-

348 1829 486 1880 sitan
517 1826 729 1898 legunt,
760 1825 828 1880 de
853 1825 949 1878 hac
975 1838 1034 1879 re
1059 1821 1319 1878 sententia
1349 1834 1467 1892 mea
1495 1816 1624 1872 satis
1652 1821 1934 1884 appareat,

347 1931 412 1970 cx
443 1916 570 1986 ipsis
593 1916 742 1970 libris
767 1927 1188 1970 commemorare
1216 1925 1302 1966 me
1330 1916 1560 1978 oportet,
1587 1905 1726 1976 quod
1759 1905 1859 1958 iste
1883 1903 1930 1958 si

349 2008 574 2062 sentiret
603 2017 764 2077 atque
794 2007 845 2060 in
877 2005 988 2059 suis
1017 2003 1208 2060 litteris
1235 2009 1480 2072 poneret,
1513 1999 1653 2053 nulla
1675 1997 1814 2050 inter
1838 2009 1936 2050 nos

349 2097 419 2152 de
459 2096 558 2152 hac
603 2111 663 2152 re
701 2096 1058 2150 controversia
1093 2099 1410 2149 remaneret.
1457 2089 1722 2146 Continuo
1744 2085 1938 2156 quippe

351 2197 472 2258 post
495 2187 656 2242 verba
685 2201 801 2241 mea
825 2201 944 2256 quae
969 2185 1068 2238 iste
1093 2179 1529 2238 commemoravit
1547 2217 1562 2242 ,
1585 2175 1725 2247 quod
1753 2188 1915 2228 occur

351 2293 475 2332 rere
517 2287 726 2348 poterat
761 2277 876 2346 ipse
902 2274 1103 2344 subjeei
1125 2315 1141 2340 ,
1169 2281 1224 2326 et
1251 2278 1506 2342 quantum
1537 2266 1684 2337 potui
1727 2273 1936 2334 pertra-

351 2367 490 2423 ctavi
512 2409 526 2433 ,
555 2367 738 2422 dicens
765 2383 778 2419 :
809 2364 877 2418 Et
919 2375 1084 2418 tanien
1109 2363 1258 2416 etiam
1305 2377 1396 2430 per
1423 2356 1763 2429 ignorantiam
1801 2357 1940 2426 facta

352 2457 589 2528 quautam
613 2455 983 2527 improbantur,
1007 2463 1054 2509 et
1073 2451 1371 2524 corrigenda
1385 2449 1713 2520 judicautur,
1739 2445 1866 2498 sicut
1885 2443 1939 2497 in

353 2547 538 2600 diuinis
584 2545 968 2601 auctoritatibus
1013 2543 1246 2616 legimus.
1310 2542 1482 2610 Atque
1526 2538 1652 2593 hinc
1691 2534 1941 2590 adhibitis

355 2639 646 2708 exemplis,
677 2638 838 2694 etiam
867 2637 935 2692 de
974 2637 1280 2705 inﬁrmitate
1305 2633 1512 2688 locutus
1550 2644 1691 2696 sum,
1713 2628 1896 2684 dicens
1923 2645 1938 2682 :

356 2729 491 2784 Sunt
513 2731 659 2784 etiam
687 2729 976 2784 necessitate
996 2728 1132 2796 facta
1165 2724 1526 2797 improbanda,
1549 2721 1634 2777 ubi
1669 2721 1771 2776 vult
1791 2719 1942 2774 Itotuo

351 2831 486 2876 recte
501 2824 686 2892 facere,
699 2830 745 2874 et
762 2835 860 2874 non
877 2828 1056 2888 potest.
1076 2817 1211 2872 Nam
1227 2817 1358 2871 unde
1371 2825 1484 2871 sunt
1497 2813 1605 2868 illa»:
1617 2829 1777 2879 voces,
1787 2828 1808 2862 ι
1821 2808 1942 2864 Non

354 2913 488 2966 enim
513 2913 649 2983 quod
677 2911 788 2965 rolo
807 2911 940 2983 facio
963 2911 1144 2964 bonum
1159 2925 1178 2974 ,'
1217 2909 1305 2964 sed
1327 2907 1462 2978 quod
1486 2905 1570 2959 odi
1597 2902 1787 2958 malum
1807 2942 1823 2968 ,
1845 2903 1943 2955 nec

354 3004 492 3074 ago?
511 3021 530 3056 ι
553 3005 726 3072 Atque
745 3002 864 3056 aliis
891 3003 906 3033 ⁸
935 3003 988 3055 in
1016 3000 1152 3054 hanc
1173 2999 1493 3054 sententiam
1511 2991 1944 3050 commemoratis

355 3094 680 3150 testimoniis
706 3093 1004 3148 divinorum
1033 3092 1364 3160 eloquiorum
1395 3107 1408 3142 :
1445 3107 1464 3141 ι
1497 3087 1604 3144 Sed
1626 3087 1776 3152 hac,
1807 3103 1828 3136 ι
1862 3085 1946 3139 in-

358 3197 515 3254 quam
540 3223 556 3249 ,
595 3202 614 3234 ι
643 3182 821 3237 omnia
865 3181 1136 3237 hominum
1178 3188 1476 3234 suntvoces
1515 3191 1581 3232 ex
1622 3177 1711 3230 illa
1759 3174 1948 3229 mortis

363 3294 383 3328 ι
421 3276 762 3331 damnatione
791 3275 1138 3330 venientium.
1168 3272 1301 3328 Nam
1331 3273 1375 3326 si
1402 3286 1508 3325 non
1535 3277 1618 3326 est
1657 3269 1756 3322 ista
1789 3281 1951 3337 pinna

363 3384 384 3419 ι
420 3366 682 3433 hominis,
735 3367 829 3422 sed
891 3373 1109 3432 natura,
1156 3366 1293 3419 nulla
1335 3365 1433 3418 ista
1489 3372 1704 3433 peccata
1742 3369 1884 3416 sunt.
1921 3379 1940 3412 ι

359 3458 563 3514 Deinde
591 3460 746 3530 paulo
772 3467 893 3530 post
940 3476 952 3512 :
1005 3477 1022 3511 ι
1056 3457 1387 3526 Relinquitur
1428 3470 1554 3524 ergo
1578 3497 1590 3518 ,
1627 3474 1646 3506 ι
1697 3453 1943 3523 inquam,

368 3572 386 3606 ι
427 3561 482 3606 ιιι
509 3553 622 3608 lucc
648 3551 964 3622 pmnajusta
1003 3551 1070 3605 de
1091 3547 1434 3604 damnatione
1481 3545 1710 3600 hominis
1751 3543 1944 3598 veniat.

365 3666 386 3701 ι
423 3647 530 3702 Nec
553 3645 852 3701 mirandum
883 3653 964 3700 est
988 3644 1127 3716 quod
1151 3642 1230 3697 vel
1258 3639 1550 3712 ignorando
1579 3655 1684 3692 non
1707 3637 1948 3693 habetli-

366 3757 388 3791 ι
424 3739 609 3793 borum
669 3736 944 3792 arbitrium
1007 3733 1294 3788 voluntatis
1354 3731 1418 3784 ad
1483 3728 1780 3800 eligendum
1823 3728 1948 3796 quid

365 3847 390 3883 ι
421 3839 566 3884 recte
591 3826 790 3882 faciat:
835 3826 921 3881 vel
964 3825 1246 3880 resistente
1289 3820 1488 3878 carnali
1533 3816 1947 3882 consuetudine,

371 3939 388 3971 ε
427 3934 546 3989 qum
572 3917 824 3973 violentia
853 3915 1093 3972 mortalis
1130 3911 1487 3968 successionis
1522 3907 1751 3978 quodam
1791 3904 1952 3960 modo

371 4031 391 4064 ι
435 4005 981 4065 ιιτιιιιι-θιὶιοιοῖιιοιθγίι
999 4048 1014 4074 ,
1033 4006 1209 4061 videat
1227 4003 1350 4076 quid
1371 4013 1518 4058 recte
1538 3997 1833 4056 faciendum
1859 3997 1949 4062 sit,

366 4123 390 4154 v
429 4113 480 4158 et
515 4104 673 4166 velit,
704 4117 804 4157 nec
825 4100 994 4172 possit
1034 4099 1274 4167 implere.
1323 4095 1412 4150 llla
1452 4103 1536 4150 est
1571 4091 1712 4148 enim
1751 4091 1952 4160 peccati

368 4212 391 4246 ι
431 4209 585 4262 pinna
610 4191 937 4262 justissima,
968 4199 1024 4244 ut
1063 4189 1270 4243 amittat
1295 4186 1518 4257 quisque
1557 4197 1664 4254 quo
1697 4182 1835 4237 bene
1875 4177 1951 4234 uti

371 4303 392 4336 ι
425 4284 622 4350 uoluit,
645 4299 764 4338 cum
791 4281 906 4336 sine
943 4282 1044 4336 ulla
1083 4288 1261 4350 posset
1289 4277 1596 4333 difﬁcultate
1615 4316 1630 4342 ,
1676 4275 1720 4329 si
1751 4273 1908 4328 vellet
1937 4290 1952 4328 :

373 4396 391 4426 α
431 4375 483 4429 id
511 4383 593 4429 est
621 4381 798 4428 autem
817 4412 834 4440 ,
863 4381 918 4426 ut
945 4371 1035 4442 qui
1063 4372 1236 4426 sciens
1266 4379 1410 4424 recte
1439 4383 1544 4422 non
1563 4366 1686 4422 facit
1705 4408 1721 4434 ,
1747 4367 1956 4420 amittat

369 4484 393 4518 ς
428 4465 567 4520 scire
592 4463 718 4532 quid
741 4467 947 4516 rectum
975 4461 1079 4523 sit;
1111 4470 1163 4514 et
1189 4459 1280 4530 qui
1311 4468 1453 4514 recte
1481 4457 1655 4512 facere
1680 4471 1799 4511 cum
1831 4470 1954 4525 pos-

374 4575 397 4610 ο
429 4564 511 4610 set
528 4551 726 4618 noluit,
749 4551 950 4606 amittat
976 4565 1135 4622 posse
1157 4565 1276 4605 cum
1301 4548 1448 4603 velit.
1471 4546 1601 4601 Nam
1623 4554 1748 4600 sunt
1773 4561 1953 4612 revera

373 4667 395 4700 c
432 4643 576 4700 omni
604 4643 843 4714 peccanti
884 4641 1077 4696 anima:
1101 4639 1206 4694 duo
1241 4639 1337 4694 ista
1365 4636 1590 4708 ptenalia
1612 4678 1628 4704 ,
1658 4637 1954 4703 ignorantia

373 4757 393 4792 ι
429 4749 484 4794 et
519 4735 824 4794 diflicultas.
873 4735 952 4790 Ex
998 4731 1292 4805 ignorantia
1333 4730 1650 4786 dehonestat
1676 4744 1861 4795 error,
1889 4745 1954 4784 ex

373 4848 394 4881 ι
432 4827 746 4883 difﬁcultate
787 4824 1054 4880 cruciatus
1092 4821 1292 4892 afﬂigit.
1333 4819 1439 4875 Sed
1474 4818 1772 4890 approbare
1825 4817 1956 4872 falsa

370 4939 393 4970 ‹
431 4933 528 4990 pro
557 4918 726 4983 veris,
767 4925 827 4971 ut
855 4923 999 4972 erret
1019 4914 1246 4980 invitus,
1274 4921 1327 4968 et
1353 4911 1634 4966 resistente
1655 4921 1814 4980 atque
1841 4918 1955 4964 tor-

375 5030 396 5064 c
434 5018 627 5082 quente
654 5009 840 5064 dolore
877 5007 1104 5063 carnalis
1128 5004 1322 5060 vinculi
1348 5019 1454 5059 non
1476 5017 1630 5074 posse
1653 5018 1682 5056 a
1707 5001 1956 5056 libidino-

374 5120 394 5153 ι
433 5103 508 5156 sis
525 5099 774 5171 operibus
801 5108 1096 5171 temperare
1120 5139 1134 5164 ,
1167 5112 1271 5152 non
1297 5106 1381 5152 est
1400 5103 1588 5150 natura
1609 5093 1833 5148 tnslituti
1856 5091 1956 5146 ho-

371 5212 394 5244 '1
435 5193 626 5257 minis,
657 5193 750 5247 sed
795 5207 948 5262 pteua
995 5190 1248 5245 damnati.
1293 5189 1424 5244 Cum
1466 5194 1642 5242 autem
1685 5185 1752 5240 de
1793 5185 1955 5238 libera

377 5304 396 5338 ι
435 5283 703 5340 voluntate
730 5293 873 5338 recte
903 5283 1122 5337 faciendi
1147 5281 1434 5352 loquimur,
1461 5279 1529 5334 de
1554 5279 1644 5332 illa
1672 5276 1876 5331 scilicet
1905 5275 1956 5328 in

378 5396 398 5428 ι
435 5393 535 5446 qua
565 5379 723 5430 homo
749 5377 915 5431 factus
937 5385 1051 5442 est,
1091 5377 1374 5445 loquimur.
1415 5392 1432 5424 ι
1471 5373 1603 5427 llinc
1634 5371 1743 5440 jam
1779 5368 1956 5424 homi-

370 5470 529 5526 nibus
572 5469 636 5520 de
677 5468 840 5536 ipsius
887 5465 1644 5537 iguorantimrliflicultatisquo
1681 5463 1729 5517 in
1754 5463 1955 5532 prolem

441 5584 454 5614 ³
483 5587 591 5653 Lor.
615 5613 628 5637 ,
655 5592 792 5640 atquc
817 5577 923 5628 aliis
947 5577 1100 5627 isthic.
1145 5580 1307 5635 abest,
1333 5563 1488 5635 isthic,
1516 5591 1543 5626 a
1577 5577 1750 5626 nostris
1791 5587 1957 5624 mauu-

413 5657 479 5690 .‘i‘il
491 5657 575 5690 υς.

371 5651 656 5769 “213':th
679 5710 879 5754 ttetract.
905 5699 986 5749 lii2.
1022 5701 1060 5759 Ι,
1081 5714 1184 5762 cap.
1207 5702 1256 5760 9,
1277 5716 1354 5748 ttzt.
1382 5701 1429 5760 Ii,
1455 5700 1500 5746 (ἶ.

462 5863 488 5876 Ι

1003 250 1089 306 os
1126 245 1252 304 1m
1270 244 1408 302 una
1449 239 1536 296 ET
1577 197 1857 299 enim,
1900 231 1958 288 s.
2001 228 2372 287 aucusrm
2423 228 2624 286 LIBER
2667 227 2872 286 usus.

3501 225 3606 282 283

2029 346 2182 416 primi
2226 347 2455 400 hominis
2483 345 2715 414 trajectis
2751 344 2890 396 vitiis
2927 350 3086 412 atque
3129 341 3438 410 transfusis,
3466 347 3612 397 velut

2023 439 2219 506 justam
2273 434 2546 504 querelam
2595 433 2985 504 deponentihus
3032 433 3100 496 ita
3145 447 3459 502 responsum
3505 441 3609 488 est.

2033 546 2052 580 ι
2089 527 2290 596 Quibus
2315 527 2571 592 breviter,
2599 544 2616 578 ι
2646 526 2895 595 inquam,
2932 543 2952 577 ι
2982 523 3354 594 respondetur,
3382 533 3438 580 ut
3462 525 3608 596 quie-

2035 637 2054 671 ι
2091 627 2280 686 scant,
2337 627 2390 674 et
2435 618 2690 673 adversus
2743 619 2906 674 lleum
2957 632 3290 672 murmurare
3335 617 3614 674 desistant.

2037 728 2054 760 ι
2095 711 2258 765 liecte
2276 709 2420 764 enim
2452 707 2679 764 fortasse
2708 717 3079 778 quererentur.
3105 709 3148 764 si
3175 710 3378 766 erroris
3415 719 3468 765 et
3495 709 3618 764 libi«

2036 819 2054 851 ι
2094 800 2234 854 diuis
2259 800 2434 854 nullus
2477 799 2751 854 hominum
2792 801 2961 854 victor
2989 801 3242 856 existeret
3285 817 3298 854 :
3341 815 3462 854 cum
3493 817 3618 856 vero

2039 910 2056 942 ι
2097 891 2290 958 υὺίιιιιθ
2309 891 2376 944 sit
2401 905 2635 959 praesens
2654 932 2669 958 ,
2692 893 2778 960 qui
2805 893 2986 946 multis
3008 891 3176 946 modis
3202 907 3298 962 per
3315 902 3618 948 creaturam

2040 1001 2058 1033 ι
2093 981 2193 1037 sibi
2235 983 2460 1036 Domino
2497 983 2818 1038 servientem
2843 1025 2856 1048 ,
2905 999 3148 1038 aversum
3201 993 3390 1046 vocet,
3431 985 3620 1040 doceat

2041 1091 2059 1124 ι
2094 1073 2432 1138 credentem,
2457 1073 2766 1128 consoletur
2789 1083 3135 1142 sperantem,
3165 1073 3473 1133 diligentem
3519 1074 3617 1128 ad-

2041 1181 2061 1214 ι
2101 1163 2360 1226 hortetur,
2384 1173 2663 1217 conantem
2688 1163 2934 1233 adjuvet,
2957 1163 3200 1218 exaudiat
3220 1163 3617 1238 deprecantem;

2043 1271 2062 1304 ι
2102 1267 2208 1308 non
2237 1253 2326 1307 tibi
2349 1252 2634 1322 deputatur
2657 1254 2724 1308 ad
2754 1254 2960 1323 culpam
2983 1252 3122 1324 quod
3151 1253 3346 1308 invitus
3374 1253 3611 1322 ignoras;

2045 1364 2063 1396 ι
2098 1344 2363 1414 sedquod
2411 1345 2634 1416 negligis
2681 1361 2921 1416 quaerere
2963 1345 3106 1414 quod
3154 1344 3400 1414 ignoras;
3451 1359 3618 1414 neque

2045 1453 2062 1484 ι
2103 1433 2228 1488 illud
2250 1432 2388 1503 quod
2416 1434 2690 1488 vulnerata
2717 1432 2956 1488 membra
2978 1448 3081 1486 non
3102 1433 3303 1503 colligis
3321 1474 3336 1498 ,
3359 1431 3452 1487 sed
3481 1431 3621 1502 quod

2045 1542 2065 1576 ι
2103 1524 2365 1579 volentem
2402 1539 2594 1578 sanare
2631 1522 2950 1578 contemnis.
2999 1541 3018 1574 ι
3069 1521 3143 1577 lta
3202 1530 3258 1576 et
3309 1520 3623 1576 exhortatus

2039 1630 2192 1680 sum,
2240 1623 2495 1685 quantum
2543 1614 2724 1684 potui,
2765 1613 2830 1668 ad
2860 1621 3004 1668 recte
3043 1612 3366 1676 vivendum;
3409 1620 3462 1666 et
3499 1626 3622 1680 gra-

2043 1716 2166 1762 tiam
2193 1706 2288 1761 Dei
2315 1721 2420 1760 non
2452 1705 2734 1772 evacuavi,
2761 1705 2876 1760 sine
2897 1719 3000 1774 qua
3030 1717 3217 1758 natura
3261 1702 3491 1757 humana
3510 1702 3621 1773 jam

2039 1795 2420 1852 eontenebrata
2449 1804 2610 1866 atque
2650 1797 2832 1850 vitiata
2879 1795 3162 1850 illuminari
3208 1789 3316 1850 non
3355 1803 3527 1865 potest
3569 1805 3623 1850 et

2041 1887 2253 1941 sanari:
2285 1885 2355 1941 de
2378 1902 2481 1958 qua
2504 1901 2561 1942 re
2587 1901 2706 1942 cum
2731 1887 2848 1941 istis
2874 1894 2980 1940 tota
3011 1887 3236 1940 vertitur
3274 1885 3527 1954 qua‘stio,
3557 1899 3624 1940 ne

2041 1977 2260 2046 gratiam
2305 1976 2400 2032 Dei
2427 1991 2545 2046 quae
2572 1987 2656 2032 est
2683 1977 2734 2030 in
2762 1976 2978 2031 Christo
3000 1975 3127 2030 Jesu
3161 1976 3384 2030 Domino
3413 1985 3620 2045 nostro,

2042 2082 2291 2136 perversa
2320 2075 2520 2123 naturae
2539 2065 2851 2122 defensione
2909 2066 3246 2122 frustremus.
3277 2067 3350 2122 De
3382 2082 3484 2137 qua
3527 2083 3623 2122 na-

2044 2169 2161 2214 tura
2184 2159 2311 2216 item
2347 2159 2502 2230 paulo
2529 2170 2646 2229 post
2673 2159 2786 2214 dixi
2829 2157 2942 2230 (De
2961 2157 3140 2212 Libero
3165 2158 3384 2212 Arbitrio
3404 2200 3421 2226 ,
3457 2157 3546 2214 lib.
3568 2159 3622 2224 5,

2043 2249 2311 2320 n.50-55)
2342 2268 2355 2304 :
2385 2267 2404 2302 ι
2438 2250 2790 2320 Etiatnipsam
2819 2259 3060 2304 naturam
3077 2249 3624 2314 aliterdicimus,cum

2043 2343 2256 2412 prOprie
2281 2342 2565 2413 loquimur,
2593 2353 2836 2396 naturam
2867 2341 3098 2398 hominis
3121 2341 3292 2412 inqua
3314 2341 3541 2411 primum
3573 2341 3626 2395 iu

2043 2445 2142 2485 suo
2169 2447 2364 2500 genere
2391 2431 2724 2500 inculpabilis
2756 2429 2928 2486 factus
2956 2439 3040 2485 est
3088 2447 3102 2485 :
3150 2429 3304 2484 aliter
3333 2429 3486 2484 istam
3507 2469 3524 2497 ,
3575 2428 3626 2484 in

2042 2536 2145 2592 qua
2175 2537 2239 2576 ex
2259 2521 2400 2575 illius
2419 2520 2651 2590 damnati
2677 2535 2831 2590 pmna
2850 2521 2868 2551 ι
2894 2528 2950 2574 et
2979 2520 3144 2592 ignari
3171 2529 3225 2575 et
3249 2521 3396 2575 carni
3433 2519 3626 2574 subditi

2044 2615 2341 2680 nascimur;
2377 2614 2531 2682 juxta
2559 2631 2716 2684 quem
2743 2614 2957 2668 modum
2996 2613 3122 2668 dicit
3149 2612 3469 2682 Apostolus,
3500 2611 3627 2666 Fui-

2043 2722 2156 2758 mus
2201 2706 2334 2758 enim
2376 2713 2421 2759 et
2460 2720 2550 2759 nos
2577 2705 2872 2767 naturaliter
2904 2703 3002 2774 ﬁlii
3041 2703 3162 2771 iris,
3207 2703 3333 2757 sicut
3376 2711 3422 2757 et
3465 2703 3628 2756 cwtcri

2047 2794 2280 2866 (Ep/tes.
2308 2811 2381 2862 ιι,
2409 2795 2444 2850 s
2461 2795 2506 2866 ).

2115 2887 2340 2943 CAPUT
2381 2886 2612 2942 LXVIII.
2638 2917 2708 2927 —
2733 2887 2832 2942 82;
2873 2886 3135 2953 Quomodo
3198 2885 3505 2940 adhortandi
3563 2885 3632 2938 ad

2047 2979 2198 3048 ﬁdem
2222 3021 2236 3046 ,
2284 2979 2352 3033 ad
2397 2979 2772 3051 paetu'teutiam,
2817 2980 2886 3032 ad
2934 2983 3233 3051 profectum.
3275 2978 3331 3034 Si
3371 2992 3498 3048 ergo
3539 2992 3632 3032 vo-

2048 3071 2221 3126 lumus
2265 3071 2462 3126 animos
2497 3071 2565 3124 ad
2615 3081 2746 3126 recte
2795 3071 3059 3126 vivendum
3103 3071 3317 3142 frigidos
3369 3079 3415 3126 et
3461 3071 3632 3142 pigros

2047 3161 2332 3216 dn'istianis
2357 3161 2786 3216 exhortationibus
2805 3163 3026 3218 excitare
3044 3157 3090 3216 et
3105 3163 3412 3225 accendere;
3437 3161 3623 3232 primi-

2049 3259 2135 3308 tus
2157 3253 2500 3308 exbortemur
2522 3253 2588 3308 ad
2621 3253 2800 3322 (idem,
2829 3269 2932 3325 qua
2956 3253 3232 3310 christiani
3263 3253 3410 3322 fiant,
3439 3262 3492 3308 et
3513 3253 3630 3324 ejus

2050 3343 2250 3400 nomini
2275 3344 2642 3414 subjiciantur,
2667 3345 2784 3400 sine
2803 3360 2910 3415 quo
2933 3345 3063 3400 salvi
3093 3360 3214 3401 esse
3245 3360 3348 3400 non
3382 3355 3626 3415 possunt.

2051 3434 2105 3490 Si
2133 3444 2308 3490 autem
2341 3435 2450 3504 jam
2489 3435 2765 3490 christiani
2802 3445 2962 3500 sunt,
2995 3446 3050 3491 et
3079 3444 3224 3492 recte
3249 3434 3428 3491 vivere
3461 3435 3633 3505 negli-

2049 3540 2207 3597 gant;
2235 3527 2580 3582 verberentur
2602 3526 2916 3591 terroribus,
2939 3535 2994 3582 et
3021 3527 3359 3598 prmmiorum
3387 3525 3637 3580 laudibus

2052 3621 2356 3688 erigantur:
2387 3617 2455 3672 ita
2485 3633 2634 3684 sane,
2663 3627 2720 3672 ut
2749 3633 2852 3673 non
2877 3617 3050 3672 Solum
3077 3617 3142 3671 ad
3170 3617 3338 3672 bonas
3367 3617 3626 3682 actiones,

2053 3725 2234 3765 verum
2265 3709 2422 3764 etiam
2450 3709 2515 3762 ad
2543 3710 2652 3779 pias
2674 3709 2942 3764 orationes
2965 3723 3058 3765 eos
3083 3708 3352 3764 exhortari
3379 3707 3639 3762 memineo

2054 3801 2219 3856 rimus
2237 3843 2253 3866 ,
2291 3814 2450 3870 atque
2493 3800 2591 3854 hac
2633 3801 2896 3856 instruere
2921 3801 3148 3856 sanitate
3175 3799 3432 3857 doctrina:
3453 3842 3468 3866 ,
3499 3806 3558 3853 ut
3583 3805 3640 3854 et

2055 3892 2196 3948 iiline
2212 3891 2408 3963 gratias
2427 3898 2606 3962 agant,
2627 3906 2748 3946 cum
2772 3891 3100 3946 instituerint
3120 3889 3254 3946 bene
3271 3890 3470 3953 vivere,
3494 3889 3637 3960 quod

2055 3983 2253 4052 aliquid
2291 3983 2408 4039 sine
2436 3981 2752 4038 difﬁcultate
2790 3982 3044 4049 fecerint;
3072 3991 3126 4036 et
3155 3981 3242 4036 ubi
3268 3980 3637 4058 difﬁcultatem

2055 4075 2285 4145 aliquam
2331 4074 2604 4140 sentiunt,
2649 4073 2971 4128 ﬁdelissimis
3009 4081 3061 4127 et
3100 4069 3640 4142 perseverantissimi:

2059 4165 2302 4236 precibus
2327 4174 2381 4220 et
2400 4163 2780 4220 misericordia:
2801 4163 3060 4234 promptis
3075 4163 3324 4232 operibus
3341 4161 3638 4216 facilitatem

2057 4272 2088 4310 a
2116 4256 2342 4312 Domino
2371 4258 2654 4327 impetrare
2682 4257 2986 4327 persistant.
3011 4255 3100 4311 Sic
3135 4264 3314 4310 autem
3353 4252 3637 4324 prolicien-

2060 4357 2162 4411 tes,
2180 4347 2270 4402 ubi
2291 4356 2346 4402 et
2362 4347 2574 4417 quando
2600 4347 2902 4417 plenissima
2919 4345 3125 4417 justitia
3149 4345 3510 4415 perficiantur,
3535 4358 3640 4398 non

2059 4438 2218 4493 nimis
2238 4452 2367 4492 curo
2397 4455 2408 4490 :
2441 4438 2758 4508 ubicumque
2781 4447 2958 4492 autem
2981 4446 3036 4493 et
3055 4436 3492 4507 quandocumque
3518 4451 3642 4506 pcr-

2061 4531 2183 4586 fecti
2219 4528 2435 4594 fuerint,
2471 4528 2680 4584 nonnisi
2712 4529 2882 4599 gratia
2911 4528 3002 4582 Dei
3033 4543 3129 4597 per
3153 4527 3335 4583 Jesum
3364 4526 3634 4582 Christum

2063 4621 2340 4675 Dominum
2408 4627 2646 4675 nostrum
2709 4617 2889 4688 perlici
2938 4633 3097 4688 posse
3159 4613 3438 4672 conlirmo.
3504 4616 3646 4674 Sane

2061 4713 2272 4784 quando
2302 4712 2500 4782 liquido
2529 4711 2876 4784 cognoverint
2915 4711 3120 4765 nullum
3159 4719 3432 4780 peccatum
3462 4726 3522 4765 se
3547 4709 3644 4765 ha-

2061 4805 2190 4860 bere
2211 4846 2226 4870 ,
2259 4819 2366 4858 non
2392 4817 2452 4858 se
2477 4801 2658 4858 dicant
2687 4801 2881 4858 habere
2906 4811 3183 4872 peccatum
3205 4803 3249 4868 ³,
3276 4815 3344 4854 ne
3369 4802 3564 4856 veritas
3593 4801 3644 4855 in

2061 4898 2140 4952 eis
2166 4911 2269 4952 non
2301 4896 2406 4950 sit:
2439 4895 2576 4951 sicut
2603 4895 2656 4950 in
2685 4895 2765 4951 eis
2795 4895 2988 4949 veritas
3015 4909 3120 4948 non
3148 4903 3250 4960 cst,
3281 4891 3374 4963 qui
3394 4907 3516 4948 eum
3549 4891 3646 4945 ha.

2063 4989 2242 5053 beant,
2269 5004 2373 5042 non
2397 4988 2591 5042 habere
2611 5002 2670 5042 se
2697 4987 2902 5042 dicunt.
3416 5043 3428 5054 ο

2130 5076 2356 5133 CAPUT
2393 5075 2580 5132 LXIX.
2603 5076 2784 5132 —85.
2816 5074 2967 5129 Nihil
2994 5073 3304 5145 impossibile
3337 5072 3478 5128 Deus
3514 5088 3644 5142 pra!»

2061 5170 2204 5238 cipit,
2236 5168 2354 5240 quia
2383 5168 2554 5222 omnia
2582 5167 2758 5240 facilia
2795 5166 3048 5220 rltaritati.
3094 5163 3258 5220 Valde
3295 5172 3473 5220 autem
3518 5162 3650 5216 bona

2063 5275 2177 5318 sunt
2226 5271 2508 5334 ρνωεινρια,
2549 5262 2594 5315 si
2635 5261 2871 5330 legitime
2896 5259 2979 5314 his
3008 5267 3218 5314 utamur
3247 5255 3462 5325 (lTim.
3488 5271 3525 5324 ι,
3551 5253 3647 5326 8).

2067 5355 2144 5408 Eo
2171 5355 2364 5424 quippe
2387 5353 2502 5424 ipso
2531 5367 2635 5423 quo
2661 5351 2966 5406 tirmiSsime
2987 5349 3246 5413 creditur,
3274 5347 3435 5402 Deum
3453 5347 3648 5418 justum

2130 5511 2144 5540 ⁸
2183 5509 2264 5557 ttic
2286 5507 2519 5568 przetnrit,
2543 5513 2587 5556 et
2611 5503 2864 5564 mortales;
2885 5505 3013 5568 quod
3054 5504 3160 5565 ipse
3184 5501 3316 5550 locus
3339 5499 3488 5548 habet
3511 5511 3557 5546 tu
3587 5497 3647 5545 li-

2065 5572 2154 5621 bro
2177 5564 2320 5618 tertio
2341 5567 2404 5615 de
2429 5569 2596 5616 Libero
2622 5568 2838 5622 arbitrio,
2864 5564 2918 5614 n.’
2936 5564 3014 5612 55.
3051 5613 3062 5619 ,

2131 5616 2263 5698 iam:
2292 5635 2364 5676 Er.
2387 5637 2434 5678 et
2460 5629 2762 5698 recentiores
2783 5616 3002 5698 qua-datu
3027 5616 3370 5676 tuti-micent"!
3397 5616 3649 5681 editiones,

2068 5707 2156 5742 uoti
2183 5691 2300 5740 labs
2318 5704 2352 5738 'c
2375 5697 2620 5752 [erratum
2647 5701 2662 5738 .'
2687 5691 2936 5738 mattitcstn
2958 5701 2999 5734 ei
3015 5701 3143 5738 rore.
3434 5711 3442 5716 ι
