4002 6178
276 345 384 403 139

277 475 325 517 et
352 464 538 518 bonum
574 464 905 534 impossibilia
949 479 1048 516 non
1084 464 1305 532 potuisse
1347 465 1656 533 prweipere;
1706 464 1829 516 hinc
1853 465 1867 494 ί

273 553 651 619 admonemur,
683 562 737 609 et
765 555 815 607 in
849 552 1091 607 facilibus
1117 553 1241 622 quid
1272 568 1493 624 agamus
1514 596 1528 621 ,
1563 567 1615 609 et
1642 555 1693 608 in
1723 553 1869 609 ditii-

274 644 467 700 cilibus
491 643 620 715 quid
649 653 916 715 petamus.
941 644 1127 699 Omnia
1154 644 1350 713 quippe
1373 645 1508 700 liunt
1540 644 1712 701 facilia
1739 646 1868 701 cha-

275 733 419 788 ritati
449 751 463 786 :
496 736 580 789 cui
629 734 718 788 uni
760 732 948 790 Christi
993 735 1195 788 sarcina
1236 735 1356 789 levis
1404 745 1476 789 est
1508 734 1740 806 (Matth.
1782 753 1865 802 xl,

271 824 389 897 30),
415 834 510 880 aut
539 841 600 881 ea
630 842 731 880 una
754 835 840 881 est
859 827 1066 882 sarcina
1096 827 1207 897 ipsa
1233 843 1351 899 quae
1382 828 1512 883 levis
1538 838 1640 884 est.
1665 829 1869 885 Secun-

270 916 401 973 dum
427 918 531 973 hoc
558 919 758 974 dictum
785 928 889 983 est,
919 917 988 973 Et
1018 929 1269 990 praecepta
1298 921 1406 991 ejus
1429 921 1602 991 gravia
1628 939 1727 977 non
1753 932 1868 978 sunt

277 1008 321 1080 (I
339 1007 495 1065 Joan.
535 1026 592 1077 ν,
624 1010 676 1082 5‘,
711 1061 715 1064 .
743 1020 803 1065 ut
824 1011 907 1066 cui
928 1011 1106 1082 gravia
1133 1020 1277 1076 sunt,
1306 1012 1611 1068 consideret
1642 1029 1748 1068 non
1773 1031 1867 1085 p0-

272 1101 437 1157 tuisse
465 1092 722 1157 divinitus
749 1102 883 1167 dici,
908 1102 1081 1173 gravia
1106 1118 1205 1155 non
1227 1110 1376 1167 sunt,
1408 1103 1507 1157 nisi
1539 1105 1660 1173 quia
1691 1113 1864 1175 potest

267 1205 390 1246 esse
419 1192 600 1247 cordis
624 1192 844 1247 all'ectus
867 1193 949 1247 cui
979 1194 1156 1262 gravia
1191 1207 1295 1246 non
1327 1203 1472 1258 sunt,
1502 1202 1556 1249 et
1587 1204 1729 1264 petat
1758 1212 1864 1267 quo

266 1281 597 1346 destituitur,
632 1290 685 1335 ut
714 1282 934 1352 impleat
967 1283 1106 1351 quod
1145 1282 1380 1350 jubctur.
1409 1284 1473 1336 Et
1500 1284 1639 1353 (μιοά
1670 1284 1865 1340 dicitur

265 1370 331 1425 ad
356 1370 524 1426 Israel
557 1372 607 1425 in
644 1371 1080 1439 Deuteronomio,
1111 1373 1155 1428 si
1190 1374 1293 1443 pie,
1321 1374 1365 1428 si
1401 1377 1602 1441 sancte,
1631 1376 1674 1430 si
1705 1376 1863 1445 Spiri-

266 1461 482 1515 tnaliter
506 1461 850 1532 intelligatur,
886 1462 988 1516 honr
1017 1462 1156 1517 idem
1193 1463 1492 1532 signiﬁcat:
1523 1464 1646 1535 quia
1678 1467 1861 1536 utique

262 1566 384 1606 rum
437 1550 541 1605 hoe
594 1552 953 1606 testimonium
1008 1563 1483 1608 commemorasset
1529 1556 1856 1624 Apostolus,

266 1640 439 1712 Prope
465 1653 516 1697 te
540 1655 615 1697 est
638 1645 843 1698 verbum
880 1645 931 1699 in
967 1661 1052 1700 ore
1081 1655 1188 1713 tuo,
1230 1656 1275 1700 et
1304 1648 1357 1700 in
1385 1649 1537 1701 corde
1564 1659 1649 1702 tua
1683 1648 1857 1721 (quod

263 1734 347 1787 hic
377 1732 566 1800 habet,
590 1734 642 1787 in
663 1735 894 1790 manibus
918 1737 1016 1789 tuis
1040 1734 1113 1809 [a]
1136 1753 1150 1796 :
1180 1737 1230 1791 in
1253 1738 1411 1792 corde
1431 1740 1572 1792 enim
1599 1750 1722 1794 sunt
1746 1742 1857 1810 spi-

261 1824 487 1879 rituales
520 1825 782 1896 manus);
810 1829 903 1880 hac
929 1838 1035 1891 est,
1070 1828 1275 1898 inquit,
1317 1830 1518 1883 verbum
1565 1831 1686 1899 ﬁdei
1723 1832 1858 1903 quod

258 1916 601 1981 vindicamus
639 1915 822 1986 (Deut.
862 1933 967 1971 xxx
987 1958 1003 1984 ,
1043 1918 1144 1983 M;
1176 1917 1326 1971 Rom.
1357 1935 1387 1973 x
1409 1960 1422 1982 ,
1452 1917 1529 1992 8).
1552 1920 1854 1979 Conversus

258 2019 384 2073 ergo
405 2006 653 2076 quisque,
679 2007 815 2061 sicut
836 2008 903 2062 ibi
930 2008 1254 2077 prtecipitur,
1286 2009 1350 2064 ad
1378 2011 1654 2065 Dominum
1684 2013 1853 2068 Deum

257 2110 413 2149 suum
443 2111 510 2150 ex
540 2105 651 2151 toto
676 2097 847 2152 corde
867 2112 983 2162 suo,
1019 2108 1073 2153 et
1097 2114 1161 2154 ex
1193 2107 1301 2154 tota
1331 2100 1505 2154 anima
1534 2118 1628 2156 sua
1651 2142 1665 2168 ,
1699 2119 1851 2157 man-

258 2184 439 2238 datum
466 2185 559 2240 Dei
585 2201 690 2240 non
716 2187 931 2242 habebit
957 2203 1135 2258 grave.
1154 2189 1435 2256 Quomodo
1462 2201 1543 2246 est
1568 2193 1710 2246 enim
1734 2209 1852 2262 gra-

257 2290 338 2341 ve,
373 2290 496 2329 eum
530 2277 602 2331 sit
628 2277 927 2333 dilectionis
956 2279 1297 2335 mandatum?
1326 2281 1431 2334 Aut
1459 2281 1602 2336 enim
1627 2283 1850 2352 quisque

257 2382 361 2421 non
390 2367 582 2438 diligit,
611 2377 664 2424 et
687 2369 805 2424 ideo
825 2386 983 2440 grave
1008 2382 1091 2425 est
1114 2389 1127 2425 :
1154 2381 1243 2425 aut
1261 2371 1453 2442 diligit,
1474 2380 1527 2427 et
1548 2388 1709 2443 grave
1730 2389 1849 2430 esse

257 2472 359 2510 non
406 2466 601 2527 potest.
645 2459 820 2530 Diligit
861 2469 1069 2527 autem,
1113 2463 1157 2515 si
1200 2463 1342 2532 quod
1387 2464 1495 2518 illic
1531 2465 1850 2521 admonetur

256 2544 445 2616 Israel,
475 2565 770 2606 conversus
797 2551 956 2608 fuerit
988 2552 1054 2607 ad
1085 2554 1364 2608 Dominum
1407 2555 1573 2610 Deum
1600 2572 1753 2610 suum
1783 2574 1845 2611 ex

316 2722 335 2785 ξ
365 2728 498 2785 pnus
519 2734 550 2785 ε
564 2724 812 2785 ,vaticanis
833 2731 958 2785 uss,
982 2724 1088 2775 Itoc.

312 2781 395 2861 [al
407 2783 538 2861 Quod
562 2783 641 2858 hic
664 2781 954 2861 t’elagii'
967 2799 1116 2861 quem
1131 2785 1314 2861 refeilit
1326 2824 1341 2848 ,
1360 2787 1597 2861 velcerte
1614 2798 1847 2861 Denter-o-

253 2843 396 2909 mmii
418 2843 804 2909 librumindieat,
820 2843 906 2909 qui
924 2843 1191 2899 secundum
1210 2855 1315 2898 Lxx
1328 2843 1477 2909 addit,
1490 2856 1535 2899 et
1558 2848 1606 2900 in
1631 2849 1847 2904 manibus

254 2901 362 2955 tuis.
385 2908 558 2956 conta
578 2905 665 2956 lib.
683 2908 716 2957 5
737 2901 1061 2968 Quzestionum
1076 2910 1126 2959 in
1149 2917 1432 2972 Deuteron.,
1653 2913 1737 2962 δι.

253 3023 3459 3059 -———__._...____________..____..____..___________________

1240 348 1609 404 Annoxmo
1650 347 1710 403 IN
1752 346 2007 402 Ltuuun
2046 336 2600 419 SUBSEQUENTEM.

3457 372 3564 433 lito

1980 472 2088 516 toto
2104 463 2264 520 corde
2281 481 2397 533 suo,
2414 478 2466 521 et
2491 485 2556 523 ex
2577 482 2681 523 tota
2698 473 2870 527 anima
2889 491 3003 530 sua.
3022 476 3344 546 Mandatum,
3366 485 3558 555 inquit,

1976 573 2159 611 novum
2177 559 2243 611 do
2263 560 2418 626 vobis,
2444 573 2498 615 ut
2517 578 2600 618 vos
2622 564 2830 620 invicem
2851 568 3074 640 diligatis
3099 571 3275 645 (loan.
3301 592 3414 642 xm,
3440 579 3563 648 34):

1974 657 2046 714 et,
2072 648 2170 716 Qui
2189 651 2353 721 diligit
2375 657 2680 724 proximum,
2706 659 2864 729 legem
2894 661 3114 731 implevit
3142 680 3162 719 :
3190 675 3261 729 et,
3286 666 3563 723 Plenitudo

1972 736 2116 809 legis,
2158 741 2379 797 Charitas
2411 743 2585 816 (Rom.
2618 765 2731 814 xm,
2757 750 2790 804 8
2821 761 2868 803 et
2900 751 3012 822 10).
3048 753 3349 811 Secundum
3381 759 3482 813 hoc
3510 770 3567 815 et

1973 829 2098 884 illud
2126 831 2323 888 dictum
2354 847 2454 901 est,
2480 836 2541 891 Si
2569 839 2883 896 ambularent
2905 845 3108 899 semitas
3132 846 3309 915 bonas,
3343 852 3565 906 invenis-

1969 932 2076 974 sent
2097 924 2266 990 utique
2291 928 2492 980 semitas
2498 928 2715 997 justitiaz
2736 933 2863 987 leves
2880 933 3059 1004 (Prov.
3082 954 3138 1001 ιι,
3154 940 3243 1003 ‘20,
3263 916 3359 995 sec.
3372 941 3554 1013 LXX).

1968 1011 2245 1080 Quomodo
2267 1031 2394 1086 ergo
2420 1018 2630 1083 dicitur,
2661 1020 2881 1092 Propter
2906 1027 3053 1081 verba
3088 1016 3334 1085 labiorum
3357 1011 3562 1087 tuorum

1969 1118 2058 1172 ego
2080 1106 2326 1158 custodivi
2348 1108 2453 1160 vias
2471 1108 2623 1163 duras
2651 1110 2820 1183 (Psal.
2846 1130 2952 1176 xw,
2972 1115 3058 1185 4);
3086 1119 3183 1173 nisi
3211 1106 3331 1189 quia
3355 1134 3558 1176 utrum-

1967 1212 2070 1265 que
2097 1214 2276 1252 verum
2305 1201 2424 1255 est?
2455 1202 2607 1257 Durae
2629 1216 2749 1258 sunt
2784 1206 2980 1269 timori,
3012 1210 3154 1264 leves
3179 1214 3370 1266 amori.

2036 1285 2262 1345 CAPUT
2292 1290 2456 1345 LXX.
2485 1324 2556 1332 -—
2581 1295 2669 1349 84.
2717 1295 2990 1352 Cltaritatis
3031 1302 3223 1370 gradus
3271 1304 3463 1371 faciunt
3507 1315 3555 1361 et

1957 1377 2174 1447 justitia:
2196 1382 2404 1448 gradus.
2431 1375 2675 1437 Charitas
2694 1402 2820 1456 ergo
2843 1388 3109 1450 inchoata,
3138 1392 3377 1446 inchoata
3399 1395 3558 1463 justi-

1967 1467 2035 1520 tia
2066 1478 2174 1535 est;
2203 1470 2434 1525 ebaritas
2460 1484 2727 1542 provecta.
2759 1488 3012 1546 provecta
3040 1480 3240 1547 justitia
3278 1494 3392 1547 est;
3422 1489 3554 1539 cliav

1964 1558 2091 1612 ritas
2114 1575 2321 1630 magna,
2354 1578 2539 1633 magna
2564 1564 2765 1634 justitia
2784 1577 2860 1621 est
2880 1582 2895 1629 ;
2919 1570 3139 1623 Charitas
3167 1576 3406 1645 perfecta,
3434 1593 3554 1645 per-

1963 1647 2094 1717 fecta
2113 1650 2315 1719 justitia
2343 1664 2415 1705 est
2437 1669 2457 1708 :
2478 1654 2571 1708 sed
2596 1655 2827 1709 Charitas
2852 1658 2916 1712 de
2941 1660 3103 1714 corde
3145 1678 3277 1730 puro
3298 1705 3311 1729 ,
3338 1673 3390 1717 et
3417 1680 3551 1719 con-

1959 1739 2178 1794 scientia
2210 1742 2346 1796 bona
2367 1786 2380 1807 ,
2414 1754 2466 1798 et
2498 1746 2599 1800 lidc
2627 1763 2733 1801 non
2767 1748 2885 1803 ﬁcta
2908 1766 2921 1814 ;
2946 1767 3056 1820 quas
3085 1763 3203 1806 tunc
3233 1748 3453 1810 inminui
3478 1767 3553 1813 est

1959 1829 2011 1883 in
2039 1831 2132 1885 hac
2159 1833 2281 1900 vita,
2304 1836 2506 1904 quando
2529 1854 2621 1906 pro
2654 1840 2743 1893 illa
2779 1839 2891 1909 ipsa
2928 1846 3260 1898 contemnitur
3282 1848 3378 1899 vita
3407 1863 3426 1900 :
3456 1849 3550 1903 sed

1960 1920 2125 1976 miror
2148 1923 2189 1977 si
2218 1940 2322 1979 non
2354 1926 2513 1981 habet
2538 1912 2651 1998 quo.
2679 1940 2915 1994 crescat,
2946 1948 3065 1986 cum
3096 1934 3163 1989 de
3202 1938 3407 1991 mortali
3451 1955 3551 1993 cx-

1957 2015 2180 2068 cesserit
2204 2016 2328 2069 vita.
2366 2016 2700 2091 Ubicumque
2728 2031 2904 2076 autem
2930 2032 2981 2076 et
3006 2025 3449 2095 quandocumque
3478 2030 3547 2083 ita

1957 2100 2110 2170 plena
2142 2104 2208 2158 sit
2232 2111 2266 2170 ⁸,
2299 2114 2356 2161 ut
2381 2109 2427 2161 ei
2459 2124 2561 2161 non
2598 2110 2666 2163 sit
2711 2111 2850 2180 quod
2891 2112 3197 2185 adjiciatur;
3230 2132 3334 2168 non
3366 2124 3548 2174 tamen

1954 2192 2265 2250 dili'ttnditur
2292 2198 2346 2251 in
2372 2200 2620 2253 cordibus
2646 2203 2861 2265 nostris,
2892 2206 2970 2257 vel
3000 2212 3221 2271 naturae,
3249 2208 3329 2262 vel
3357 2210 3535 2264 volun-

1957 2286 2077 2338 tatis
2117 2288 2305 2355 opibus
2330 2290 2348 2320 ⁸
2392 2306 2512 2359 quae
2556 2303 2679 2345 sunt
2719 2293 2768 2345 in
2814 2290 3133 2359 nobi§,sed
3162 2312 3256 2366 per
3281 2297 3539 2366 Spiritum

1954 2385 2194 2431 sanctum
2216 2378 2305 2448 qui
2332 2379 2485 2433 datus
2508 2390 2588 2435 est
2613 2383 2766 2437 nobis
2784 2425 2798 2449 ,
2820 2388 2907 2453 qui
2936 2393 2991 2438 et
3023 2385 3315 2441 inﬁrmitati
3347 2401 3545 2445 nostra:

1952 2468 2259 2536 opitulatur,
2290 2480 2343 2524 et
2370 2472 2578 2525 sanitati
2609 2485 2943 2541 cooperator.
2970 2475 3080 2544 lpsa
3106 2487 3188 2531 est
3210 2480 3348 2532 enim
3372 2482 3541 2547 gratia

1953 2557 2045 2612 Dei
2080 2576 2172 2627 per
2207 2559 2385 2614 Jesum
2415 2562 2681 2617 Christum
2715 2566 2994 2620 Dominum
3026 2577 3264 2621 nostrum
3286 2612 3299 2634 ,
3344 2571 3426 2624 cui
3458 2581 3541 2626 est

1950 2648 2255 2703 cum-Patre
2281 2660 2333 2703 ct
2353 2651 2549 2718 Spiritu
2575 2663 2760 2707 sancto
2781 2656 3067 2721 :eternitas,
3103 2656 3334 2726 bonitas,
3357 2660 3408 2715 in
3438 2677 3543 2716 ειε-
3638 2698 3648 2707 ο

1950 2742 2069 2794 cula
2100 2742 2435 2796 saeculorum.
2467 2745 2658 2799 Amen.

2014 2854 2030 2920 ξ
2068 2855 2198 2916 Apud
2221 2861 2351 2915 t.ov.,
2375 2855 2516 2919 plena
2538 2856 2610 2920 ﬁt,

1958 2925 1968 2936 '
2012 2917 2033 2949 ί
2065 2924 2167 2964 Am.
2194 2923 2266 2965 Er.
2293 2924 2345 2968 et
2366 2917 2584 2982 Quinque
2610 2926 2733 2980 διεδ,
2763 2919 3001 2984 operibus.
3026 2922 3144 2974 Vide
3164 2936 3327 2987 supra,
3352 2925 3511 2977 ne”.

1371 3105 2424 3222 ADMONITIO

1079 3291 1195 3362 IN
1255 3250 1715 3364 LIBRUM
1773 3293 2713 3382 SUBSEQUENTEM.

1680 3428 2105 3485 -οθῦΞΞιΟοΩὨφΣ-ο-

320 3529 438 3584 lloc
457 3529 771 3602 opusculum
798 3530 1124 3601 Augustinus
1153 3532 1206 3586 in
1230 3531 1482 3587 librorum
1512 3546 1731 3588 suorum
1760 3532 2140 3587 retractatione
2161 3533 2376 3589 silentio
2401 3535 2674 3605 praeteriit,
2697 3549 2765 3590 eo
2810 3536 3057 3592 nimirum
3083 3537 3226 3608 quod
3248 3540 3536 3609 pertineret

247 3620 313 3673 ad
341 3619 539 3675 seriem
582 3620 959 3692 Epistolarum,
991 3622 1060 3678 de
1086 3623 1281 3693 quibus
1304 3623 1531 3678 seorsim
1577 3622 1928 3678 retractandis
1955 3624 2240 3694 cogitabat.
2265 3625 2397 3680 Nam
2425 3624 2702 3680 exordium
2741 3626 2859 3697 ejus
2901 3627 2951 3682 in
2982 3631 3231 3685 omnibus
3255 3632 3533 3688 codicilms

252 3710 463 3766 ducitur
487 3712 558 3767 ab
599 3712 697 3769 ista
722 3712 995 3783 epistulari
1023 3713 1363 3780 salutatione,
1394 3712 1598 3769 Sanctis
1650 3714 1890 3783 fratribus
1918 3724 1964 3769 et
1993 3716 2300 3785 coepiscopis
2338 3716 2586 3786 Eutropio
2628 3727 2675 3771 et
2719 3716 2918 3782 Paulo,
2946 3719 3253 3789 Augustinus
3274 3738 3294 3775 :
3325 3725 3534 3778 tametsi

249 3818 369 3858 eum
398 3803 514 3859 hzec
538 3805 759 3874 epistola
784 3806 958 3860 locum
988 3805 1128 3875 apud
1170 3821 1360 3861 omnes
1395 3805 1646 3873 obtinuit,
1675 3814 1732 3860 ut
1760 3806 1894 3862 liber
1940 3822 2171 3876 semper,
2205 3823 2313 3862 non
2354 3808 2514 3863 modo
2541 3810 2592 3863 in
2642 3809 2705 3864 iis
2731 3810 3088 3865 voluminibus
3110 3828 3227 3882 qua:
3257 3816 3531 3885 exemplar

252 3897 396 3952 illius
422 3899 717 3962 continent,
750 3898 914 3953 sedin
944 3906 1183 3954 veterum
1212 3898 1373 3953 etiam
1400 3897 1487 3968 qui
1519 3898 1663 3952 illam
1694 3897 1857 3953 citant
1885 3899 2117 3969 scriptis,
2145 3900 2460 3969 appelletur.
2514 3901 2657 3955 Inter
2707 3900 2806 3955 bos
2849 3902 3158 3957 illustriores
3185 3906 3453 3975 magisque
3478 3908 3533 3963 in

249 3989 534 4057 Augustini
581 3990 813 4044 lectione
840 3990 1060 4054 versati,
1109 3989 1382 4044 Possidius
1428 3989 1479 4042 in
1509 3986 1769 4056 lndiculo,
1802 4003 1922 4060 cap.
1953 3990 2006 4054 4,
2033 3997 2087 4044 ει
2114 3988 2421 4059 Fulgentius
2443 3989 2495 4044 in
2519 3991 2698 4045 libro!
2752 3990 2817 4044 ad
2848 3991 3154 4057 Monimnm,
3176 4007 3294 4061 cap.
3334 3995 3390 4059 5,
3430 3996 3534 4050 hoc

249 4094 383 4149 opus
399 4089 592 4136 vocant
619 4080 827 4136 Librum
853 4080 916 4134 de
936 4079 1487 4153 Perfectionejustitite
1505 4078 1743 4134 ltontinis.
1770 4079 2124 4135 Conscntiunt
2150 4080 2325 4134 omnia
2349 4079 2460 4134 fere
2487 4080 2807 4149 exemplaria
2835 4081 3039 4135 calamo
3068 4082 3261 4149 scripta
3296 4099 3309 4136 :
3336 4085 3429 4137 sed
3458 4101 3527 4141 ex

250 4170 316 4226 iis
332 4171 706 4237 Audoeneuse,
737 4173 1151 4239 Pratellense,et
1172 4171 1412 4241 qumdam
1435 4170 1536 4223 alia
1566 4169 1740 4225 eidem
1769 4170 1924 4225 titulo
1948 4169 2149 4225 addunt
2178 4170 2294 4224 inec
2324 4171 2504 4237 verba,
2526 4169 2778 4224 Adversus
2805 4189 2888 4225 eos
2921 4173 3008 4242 qui
3032 4184 3258 4226 asserunt
3279 4175 3534 4232 hominem

250 4281 396 4335 posse
417 4267 531 4335 ﬁeri
548 4268 747 4337 justam
772 4267 894 4320 solis
925 4267 1031 4321 suis
1064 4264 1269 4319 viribus.
1295 4263 1352 4317 lu
1378 4263 1659 4318 Remensis
1677 4263 1931 4319 Ecclesia:
1949 4263 2132 4319 codice
2176 4263 2448 4333 inscriptio
2479 4262 2594 4318 [nec
2625 4264 2816 4334 legitur
2843 4282 2855 4318 :
2886 4263 3034 4318 Liber
3057 4265 3117 4318 de
3146 4264 3537 4334 Deﬁnitionibus

248 4373 360 4426 qua
399 4358 640 4412 dicuntur
689 4356 929 4412 Calestii.
981 4358 1211 4426 Prosper
1262 4356 1325 4410 in.
1373 4355 1510 4410 libro
1566 4354 1822 4413 adversus
1871 4352 2228 4421 Collatorem,
2268 4370 2389 4423 cap.
2438 4356 2507 4411 43
2536 4396 2553 4421 ,
2607 4353 2849 4412 hortatur
2895 4357 2962 4412 ad
3013 4358 3335 4429 legendum,
3394 4361 3537 4417 inter

250 4449 381 4504 alios
401 4450 684 4522 Augustini
715 4450 902 4517 libros,
933 4464 1055 4505 eum
1077 4463 1236 4523 quem
1259 4447 1517 4519 scriptum
1543 4445 1672 4501 dicit
1715 4447 1784 4500 ad
1824 4445 2048 4501 Paulum
2075 4454 2123 4502 et
2172 4445 2476 4517 Eutropium
2506 4448 2788 4503 sacerdotes
2824 4459 3003 4505 contra
3031 4449 3231 4523 Pelagii
3265 4461 3309 4506 et
3338 4451 3553 4508 Ctelestii

247 4544 560 4611 qmtiones.

319 4637 395 4692 Ex
426 4638 528 4694 hoc
555 4649 734 4693 autem
760 4638 879 4693 loco
908 4637 1175 4706 Pl‘OSpCI‘i,
1227 4634 1314 4689 ubi
1343 4632 1586 4704 quaedam
1611 4649 1677 4688 ex
1704 4634 1975 4703 opusCulis
2026 4633 2303 4705 Augustini
2334 4643 2519 4689 contra
2547 4635 2884 4705 Pelagianos,
2917 4653 3100 4707 parum
3130 4637 3306 4692 habita
3329 4639 3536 4693 ordinis

247 4736 453 4786 ratione
503 4732 811 4796 recensuit,
842 4745 1001 4786 nemo
1026 4738 1172 4784 recte
1218 4728 1524 4799 probaverit
1545 4768 1561 4792 ,
1589 4727 1780 4782 librum
1811 4727 1878 4782 dc
1903 4725 2235 4783 Perfectione
2267 4727 2487 4799 justiti-.1:
2533 4729 2785 4795 hominis,
2827 4740 2915 4784 aut
2945 4731 3092 4785 libris
3125 4731 3193 4785 da
3233 4730 3436 4800 Nuptiis
3478 4742 3535 4788 et

244 4820 710 4894 Concupiscentia,
745 4834 835 4879 aut
865 4839 955 4878 sex
984 4822 1168 4893 primis
1205 4831 1389 4876 contra
1413 4820 1678 4876 lulianum
1723 4819 1889 4885 libris,
1925 4822 2045 4891 quia
2094 4821 2289 4876 ibidem
2323 4821 2465 4891 prius
2506 4822 2865 4891 nominantur,
2901 4833 3139 4892 tempore
3183 4823 3530 4894 posteriorem

241 4933 384 4973 esse.
412 4917 699 4973 Enimvero
724 4919 774 4971 in
803 4918 907 4970 line
934 4915 1053 4970 libri
1085 4913 1318 4969 nondum
1349 4928 1442 4971 eos
1499 4913 1894 4982 reprehendere
1919 4913 2099 4978 audet,
2129 4914 2409 4984 quijustos
2434 4915 2551 4970 sine
2578 4915 2683 4970 ullo
2711 4930 2926 4984 prorsus
2957 4926 3183 4985 peccato
3204 4915 3439 4970 existere
3475 4917 3531 4971 in

241 5003 346 5060 hac
372 5008 476 5062 vita
504 5009 587 5063 vel
637 5008 904 5063 exstitisse
943 5007 1148 5076 aliquos
1196 5003 1544 5065 aiﬁrn‘tarcnt,
1584 5018 1808 5073 quorum
1848 5003 2104 5072 opinioni,
2139 5005 2586 5072 quemadmodum
2636 5005 2688 5058 in
2717 5005 2849 5060 libro
2875 5005 2941 5059 de
2980 5004 3180 5075 Spiritu
3217 5016 3270 5059 et
3298 5006 3528 5073 Littera,

240 5110 299 5147 n.
324 5094 381 5164 3,
413 5106 467 5153 et
497 5098 549 5152 in
570 5098 709 5154 libro
726 5097 796 5155 de
828 5097 1022 5152 Natura
1047 5107 1105 5152 et
1128 5094 1331 5161 Gratia,
1353 5111 1443 5148 nu.
1467 5092 1558 5159 49,
1589 5093 1677 5157 70,
1703 5095 1775 5148 ita
1807 5094 1893 5149 hic
1921 5094 2247 5164 Augustinus
2272 5095 2447 5152 adhuc
2475 5096 2743 5152 existimat
2791 5112 2894 5150 non
2938 5098 3099 5152 nimis
3140 5097 3527 5153 reluctandum.

237 5193 383 5249 Nihil
410 5205 539 5262 ergo
563 5206 726 5262 super
748 5206 811 5245 ea
838 5206 896 5244 re
934 5188 1211 5243 deﬁnitum
1253 5186 1508 5240 hactenus
1531 5194 1665 5251 erat,
1699 5199 1872 5255 neque
1891 5184 2378 5241 eonditiadversus
2405 5185 2548 5239 illam
2595 5185 2901 5254 Opinionem
2936 5195 3045 5242 tres
3090 5186 3525 5256 Cartltagincnsis

234 5287 476 5355 concilii,
500 5286 641 5357 quod
663 5299 805 5339 anno
828 5283 933 5338 M8
959 5281 1192 5335 habitum
1221 5287 1323 5344 est,
1354 5276 1616 5331 notissimi
1643 5291 1895 5340 canones,
1912 5284 2113 5339 sextus,
2146 5278 2409 5345 septimus
2434 5284 2488 5331 et
2514 5284 2731 5330 octavus
2753 5316 2766 5337 ,
2796 5291 3023 5346 quorum
3045 5276 3358 5332 anetoritatc
3387 5276 3531 5330 illam

235 5378 492 5448 urinecps
522 5387 579 5430 ut
609 5375 963 5447 perniciosam
993 5385 1230 5427 errorem
1261 5367 1434 5424 caveri
1485 5367 1657 5437 jubet,
1706 5366 1860 5421 sicuti
1911 5367 2093 5422 videre
2151 5366 2273 5420 licet
2323 5367 2519 5438 passim
2569 5366 2621 5420 in
2663 5365 2811 5421 libris
2851 5377 3035 5423 contra
3089 5367 3219 5422 duas
3264 5366 3530 5437 Epistolas

236 5469 669 5541 Pelagianorum,
701 5467 993 5539 prazsertitn
1012 5465 1148 5519 libro
1171 5464 1223 5525 4,
1253 5479 1304 5516 ιι.
1326 5461 1418 5527 27,
1452 5461 1536 5514 ubi
1567 5461 1641 5514 ait
1665 5477 1678 5513 :
1712 5457 1741 5513 1
1749 5456 1859 5515 llud
1873 5463 1988 5533 jam
2017 5461 2220 5513 tertium
2242 5460 2521 5527 videamus,
2545 5460 2679 5530 quod
2700 5477 2801 5514 non
2826 5461 2992 5517 minus
3015 5464 3068 5516 in
3090 5461 3356 5517 istisomne
3375 5458 3527 5517 Clu-io

234 5561 303 5615 sti
325 5562 602 5614 membrum
648 5568 693 5613 et
732 5568 890 5612 totum
939 5556 1051 5626 ejus
1081 5571 1264 5621 corpus
1295 5553 1543 5617 exhorret,
1575 5551 1697 5624 quia
1732 5551 2038 5605 contendunt
2061 5565 2166 5605 esse
2190 5550 2242 5603 in
2291 5550 2387 5601 huc
2416 5549 2515 5603 vita
2546 5551 2622 5603 vel
2662 5550 3004 5621 [uissejustos
3049 5553 3246 5608 nullum
3287 5550 3525 5605 [tabentes

234 5652 443 5703 omnino
465 5659 744 5721 peccatum.
774 5645 930 5702 Certe
958 5660 1101 5699 anno
1127 5644 1318 5700 Christi
1344 5643 1466 5707 4H,
1491 5657 1611 5696 cum
1638 5641 1917 5711 epistolam
1949 5640 2047 5697 l57
2070 5640 2330 5695 scriberet
2355 5640 2572 5707 llllario,
2601 5643 2933 5712 reSpondens
2964 5643 3029 5698 ad
3051 5645 3370 5714 quaestiones
3394 5656 3514 5715 qua:

233 5745 291 5797 in
308 5743 482 5796 sat-asta
517 5741 884 5807 «uerebantur,
911 5736 1100 5793 eodem
1130 5737 1282 5809 plane
1331 5734 1488 5791 modo
1514 5750 1573 5789 ac
1603 5734 1790 5789 iisdem
1819 5732 1929 5790 fere
1960 5733 2134 5789 verbis
2175 5732 2239 5788 de
2270 5736 2604 5808 ἀιαμνρτησίᾳ
2632 5736 2887 5804 loquitur,
2919 5738 3105 5809 quibus
3130 5740 3181 5792 in
3209 5737 3325 5793 libri
3356 5733 3525 5806 hujus
