4002 6178
426 365 528 423 193

426 479 745 534 (licationcm
773 477 811 538 ⁸.
838 489 933 546 per
967 472 1080 544 ejus
1112 473 1338 545 gratiam
1375 473 1462 542 qui
1494 472 1637 534 venit
1663 486 1766 525 non
1805 483 2000 525 vocare

335 569 347 589 '
426 567 614 639 iustos,
641 565 734 622 sed
763 576 1098 635 peccatores;
1126 564 1248 633 quia
1274 579 1378 618 non
1404 571 1485 617 est
1507 575 1640 632 opus
1664 561 1807 616 sanis
1831 557 2000 614 medi-

427 673 552 721 cus,
580 657 671 712 sed
702 654 838 710 male
863 653 1198 708 habentibus.
1227 651 1436 724 (Matth.
1467 653 1554 718 ιιι,
1587 652 1671 716 l3,
1695 648 1820 722 .12).

499 744 836 800 Itatiocinatio
862 743 916 798 6.
944 741 1158 818 Iterum,
1180 741 1272 807 ait,
1293 741 1614 812 qtuereudum
1640 750 1748 806 est,
1770 748 2000 792 utrumne

430 845 729 906 pt‘teceptunt
767 835 831 888 sit
871 833 1061 888 homini
1094 833 1203 887 sine
1232 842 1434 903 peccato
1459 847 1584 886 esse.
1615 833 1714 884 Aut
1739 829 1870 884 enim
1898 843 2000 882 non

427 934 612 996 potest,
639 933 686 978 et
715 934 1020 996 promptum
1040 939 1140 978 non
1159 931 1230 976 est
1257 937 1276 976 :
1303 931 1393 976 aut
1417 922 1536 992 quia
1563 929 1869 992 praeceptum
1892 926 1964 974 est
1980 957 1996 984 ,

426 1026 604 1088 potest.
637 1014 775 1069 Nam
801 1014 922 1086 quid
949 1015 1338 1084 praeciperetur,
1375 1012 1510 1084 quod
1533 1011 1644 1081 ﬁeri
1667 1010 1871 1065 omnino
1897 1024 2000 1062 non

428 1107 630 1174 posset?
660 1103 1046 1174 Respondetur,
1069 1102 1460 1157 consultissime
1481 1100 1681 1154 homini
1709 1097 1918 1169 przrcipi
1943 1102 2000 1150 ut

425 1197 585 1250 rectis
604 1195 842 1264 passibus
856 1191 1112 1257 ambulet,
1126 1203 1181 1246 ut
1196 1206 1317 1246 cum
1339 1205 1398 1246 se
1419 1205 1522 1246 non
1545 1204 1702 1261 posse
1723 1203 2000 1259 perSpcxe-

423 1289 522 1352 rit,
554 1284 869 1340 medicinam
906 1283 1169 1352 requirat,
1198 1297 1316 1352 qua:
1359 1281 1626 1336 interioris
1666 1279 1898 1334 hominis
1931 1277 1998 1332 ad

423 1376 712 1432 sanandam
751 1373 952 1444 peccati
976 1365 1414 1429 claudicationem
1438 1412 1454 1439 ,
1480 1371 1646 1442 gratia
1676 1369 1766 1426 ι)ιῇ
1791 1378 1876 1425 est
1905 1383 2000 1439 per

423 1466 603 1521 Jesutn
633 1465 902 1520 Christum
933 1463 1212 1518 Dominum
1244 1470 1504 1517 nostrum.

495 1553 834 1610 Ratiocinatio
866 1554 917 1608 7.
947 1551 1162 1620 Iterum,
1185 1553 1278 1619 ait,
1305 1551 1627 1624 quaerendum
1650 1559 1758 1617 est,
1785 1567 1852 1604 an
1880 1550 1996 1604 velit

425 1645 562 1701 Deus
591 1645 840 1699 hominem
867 1645 974 1698 sine
999 1653 1200 1716 peccato
1228 1660 1352 1699 esse.
1390 1643 1584 1698 Procul
1605 1642 1756 1697 dubio
1781 1642 1883 1696 vult
1901 1683 1916 1708 ,
1949 1651 1998 1698 et

423 1737 600 1806 procul
617 1736 766 1790 dubio
787 1743 965 1806 potest.
991 1735 1117 1802 Quis
1134 1735 1266 1788 enint
1287 1744 1389 1788 tant
1409 1734 1613 1789 dentem
1634 1742 1727 1800 est,
1742 1743 1797 1787 ut
1819 1733 1896 1787 uel
1910 1732 1999 1785 duo

423 1827 540 1882 bitet
555 1827 665 1890 ﬁeri
682 1842 842 1896 posse,
857 1825 991 1894 quod
1001 1824 1164 1900 Deum
1185 1825 1309 1879 velle
1327 1841 1426 1880 non
1447 1825 1676 1880 dubitat?
1692 1823 1999 1894 Responde-

425 1927 542 1972 tur:
573 1917 626 1972 Si
660 1917 825 1970 nollet
853 1917 993 1970 Deus
1017 1915 1286 1970 hominem
1312 1915 1428 1970 sine
1454 1923 1673 1986 peccato
1700 1929 1820 1970 esse
1843 1954 1856 1979 ,
1889 1928 1996 1968 non

424 2007 652 2061 mitteret
667 2006 857 2061 Filium
875 2021 1026 2059 suum
1043 2007 1158 2060 sine
1168 2014 1404 2076 peccato,
1419 2005 1507 2076 qui
1527 2014 1738 2060 sanaret
1753 2004 1998 2060 homines

421 2113 450 2150 a
482 2097 727 2166 peccatis.
757 2095 866 2150 Hoc
892 2095 1023 2150 litin
1047 2095 1385 2151 credentibus
1413 2105 1468 2150 et
1492 2095 1888 2166 proﬁcientibus
1911 2110 1998 2150 re-

421 2189 702 2244 novatione
741 2187 1006 2242 interioris
1042 2186 1275 2242 hominis
1309 2187 1376 2242 de
1405 2186 1490 2242 die
1536 2189 1588 2241 in
1625 2187 1795 2256 diem,
1825 2185 1998 2242 donec

407 2281 514 2362 .liat
543 2279 774 2350 perfecta
795 2280 1002 2348 justitia
1033 2286 1282 2350 tanquam
1311 2278 1509 2332 sanitas
1536 2278 1712 2348 plena.

494 2370 834 2426 Ratioeinatio
855 2371 906 2425 8.
927 2369 1140 2434 Iterum,
1169 2370 1264 2434 ait,
1283 2371 1606 2440 quaerendum
1634 2378 1726 2432 est,
1745 2368 1996 2440 quomodo

423 2461 528 2516 vult
556 2459 693 2514 Deus
718 2459 966 2514 hominem
994 2475 1119 2527 esse,
1149 2475 1260 2514 cum
1289 2469 1510 2530 peccato,
1543 2475 1611 2512 an
1637 2459 1744 2514 sine
1771 2469 1994 2530 peccato.

426 2547 622 2604 Procul
649 2549 797 2602 dubio
835 2565 936 2602 non
972 2550 1073 2602 vult
1111 2565 1215 2603 esse
1250 2565 1364 2602 cum
1400 2559 1621 2617 peccato.
1658 2549 1859 2614 Quanta
1887 2549 1996 2603 Itatc

423 2639 692 2710 impietatis
717 2637 1029 2708 blasphemia
1066 2640 1165 2706 sit,
1199 2639 1519 2710 cogitandum
1563 2649 1666 2704 est,
1703 2649 1756 2694 ut
1798 2640 1996 2694 dicatur

427 2729 676 2786 hominem
697 2743 842 2800 posse
861 2745 966 2783 esse
985 2745 1098 2783 cunt
1119 2740 1338 2800 peccato,
1356 2730 1490 2802 quod
1512 2729 1645 2784 Deus
1665 2746 1763 2784 non
1789 2732 1922 2796 vult;
1949 2739 1996 2784 et

425 2832 630 2894 negetur
659 2836 804 2890 posse
831 2837 934 2875 esse
963 2821 1070 2874 sine
1097 2831 1326 2890 peccato,
1358 2822 1493 2893 quod
1527 2823 1660 2876 Deus
1683 2824 1822 2889 vult;
1853 2823 1996 2890 quasi

425 2913 644 2983 aliquem
670 2910 739 2964 ad
760 2910 854 2964 Itoc
873 2909 1009 2966 Deus
1029 2913 1281 2977 creaverit,
1302 2922 1354 2966 ut
1375 2921 1537 2983 posset
1561 2929 1668 2967 esse
1687 2913 1824 2984 quod
1847 2913 1993 2982 nolit,

426 3011 474 3054 et
512 3017 612 3055 non
651 3010 816 3069 posset
855 3016 960 3053 esse
992 3003 1125 3068 quod
1151 3002 1288 3066 velit,
1317 3011 1363 3055 et
1393 3011 1643 3055 utcontra
1666 3017 1809 3056 suam
1837 3005 1997 3075 magis

425 3107 573 3160 quam
595 3099 648 3144 ut
667 3091 940 3144 secundum
958 3107 1103 3144 suant
1119 3091 1348 3146 existeret
1365 3091 1684 3146 voluntatem.
1702 3092 1818 3148 Jatn
1839 3107 2001 3163 supe-

427 3184 536 3239 rius
574 3198 888 3252 responsum
917 3191 1000 3238 est
1029 3199 1043 3236 :
1071 3182 1164 3238 sed
1205 3182 1502 3238 addendum
1529 3182 1681 3238 video
1699 3223 1714 3248 ,
1740 3182 1884 3254 quod
1909 3200 2000 3253 spe

426 3273 552 3328 salui
573 3272 694 3342 {acti
711 3288 900 3326 sumus.
931 3271 1061 3341 Spes
1079 3281 1245 3326 autem
1267 3288 1380 3343 quae
1396 3272 1610 3338 videtur,
1635 3289 1734 3328 non
1754 3281 1824 3328 est
1841 3289 1956 3344 spes
1976 3289 1998 3328 :

412 3362 557 3432 quod
592 3361 724 3415 enim
771 3361 899 3414 videt
935 3363 1046 3432 quis
1071 3401 1086 3425 ,
1149 3361 1272 3430 quid
1314 3363 1524 3432 sperat?
1570 3361 1630 3418 Si
1664 3372 1830 3416 autem
1861 3363 1996 3434 quod

425 3469 525 3505 non
581 3451 802 3505 ridemus
844 3467 1102 3520 speramus
1121 3493 1136 3517 ,
1181 3468 1272 3522 per
1313 3453 1605 3522 patientiam
1653 3462 1998 3522 exspectamus

427 3542 614 3616 (liam.
648 3559 737 3598 \‘lll
757 3585 772 3608 ,
797 3543 867 3598 ‘24
886 3585 900 3607 ,
931 3541 1052 3614 25).
1085 3543 1235 3598 Tune.
1265 3559 1390 3614 ergo
1420 3544 1522 3599 erit
1561 3545 1713 3615 plena
1756 3545 1958 3614 iustitia
1977 3587 1994 3613 ,

425 3635 636 3704 quando
667 3633 818 3704 plena
863 3635 1061 3688 sanitas
1103 3651 1116 3688 :
1156 3643 1279 3690 tunc
1323 3635 1472 3704 pletm
1506 3636 1739 3700 sanitas,
1787 3637 1998 3706 quando

430 3723 582 3794 plena
605 3722 869 3788 charitas;
896 3723 1165 3791 plenitudo
1183 3723 1324 3778 cnim
1346 3723 1476 3792 legis
1496 3725 1725 3778 charitas
1748 3724 1854 3797 (Id.
1880 3741 1992 3794 xm,

434 3812 522 3882 10)
541 3830 554 3868 :
576 3823 699 3867 tunc
713 3821 890 3867 autem
911 3813 1064 3882 plena
1078 3812 1327 3876 Charitas,
1340 3814 1550 3884 quando
1566 3815 1860 3872 videbimus
1875 3833 1996 3872 cum

429 3903 584 3958 sicutt
612 3913 695 3958 est
723 3903 769 3975 (l
787 3902 944 3957 Joan.
971 3903 1143 3972 ttt,2).
1174 3902 1354 3974 Neque
1387 3905 1530 3959 enim
1563 3908 1662 3960 erit
1685 3908 1705 3938 ¹
1733 3907 1872 3976 quod
1900 3908 1996 3962 ad-

427 3995 580 4050 datur
594 3995 658 4049 ad
675 3994 1160 4054 dilectionem.eum
1175 3993 1304 4049 lides
1321 3995 1621 4064 pervenerit
1637 3995 1701 4050 ad
1721 3996 1994 4050 visionem.

502 4085 585 4140 CA
595 4085 724 4142 PU'l‘
759 4085 844 4139 IV.
857 4114 930 4125 —
945 4083 1280 4138 Ratiocinatio
1295 4084 1348 4140 9.
1361 4083 1552 4139 lterum
1565 4085 1888 4157 quaerendum
1903 4097 1996 4154 est,

431 4179 622 4248 inquit,
648 4196 735 4248 per
752 4179 874 4250 quid
892 4179 1102 4248 dﬁcitur
1127 4179 1274 4232 ltomo
1302 4195 1416 4232 cum
1441 4189 1657 4249 peccato,
1693 4196 1782 4250 per
1806 4189 2000 4235 natura:

431 4277 768 4322 necessttatent
789 4309 805 4333 ,
837 4285 902 4321 an
935 4286 1022 4338 per
1049 4268 1242 4322 arbitrii
1268 4269 1558 4323 libertatem.
1605 4269 1667 4324 Si
1693 4286 1781 4340 per
1807 4280 2003 4326 natura

435 4357 806 4422 necessitatem,
855 4357 1002 4426 culpa
1043 4367 1175 4410 caret
1198 4358 1280 4412 :st'
1327 4373 1416 4424 per
1457 4357 1652 4413 arbitrii
1691 4361 1994 4428 libertatem,

431 4446 752 4516 querendum
781 4455 852 4496 est
878 4462 908 4496 a
932 4461 1030 4514 quo
1071 4447 1232 4514 ipsum
1259 4447 1452 4502 arbitrii
1481 4449 1754 4504 libertatem
1791 4467 1999 4520 accepe-

434 4537 531 4601 rit;
561 4535 738 4603 procul
761 4535 909 4588 dubio
937 4553 968 4588 a
1001 4535 1124 4590 Deo.
1152 4537 1290 4593 Deus
1318 4548 1482 4594 autem
1509 4543 1641 4610 quod
1669 4543 1840 4610 dedit,
1872 4553 2002 4600 certe

430 4627 612 4680 bonum
638 4635 732 4691 est,
761 4628 931 4696 negari
954 4627 1087 4681 enim
1125 4644 1225 4682 non
1251 4638 1430 4697 potest.
1462 4627 1576 4694 Qua
1615 4631 1772 4701 igitur
1809 4635 2002 4688 ratione

431 4717 613 4770 bonum
643 4715 904 4787 probatur,
934 4716 979 4770 si
1005 4716 1164 4787 magis
1191 4717 1259 4770 ad
1298 4718 1488 4771 malum
1519 4735 1669 4789 quant
1709 4722 1780 4776 ad
1814 4726 2000 4778 bonum

430 4824 644 4878 pronunt
673 4807 782 4862 est!
824 4807 992 4878 Magis
1031 4805 1164 4862 enim
1203 4808 1272 4862 ad
1309 4808 1500 4862 malum
1526 4826 1678 4881 quant
1710 4812 1778 4866 ad
1815 4813 1998 4868 bonum

431 4914 643 4968 pronum
671 4906 744 4952 est
763 4937 778 4962 ,
809 4897 855 4952 si
879 4898 1026 4952 ltomo
1049 4915 1140 4968 per
1164 4897 1294 4952 illud
1318 4907 1478 4968 potest
1503 4915 1612 4955 esse
1637 4917 1752 4956 cum
1775 4913 1996 4972 peccato,

430 4997 476 5042 et
495 5004 596 5042 non
623 4997 786 5060 potest
811 5005 920 5044 esse
940 4989 1050 5044 sine
1075 5000 1296 5060 peccato.
1331 4989 1719 5060 Respondetur,
1741 5007 1838 5064 per
1855 4993 1998 5050 arbi-

430 5079 515 5134 trii
543 5079 839 5136 libertatem
883 5079 1080 5135 factum
1126 5088 1183 5134 ut
1209 5091 1352 5136 esset
1390 5080 1550 5136 homo
1574 5097 1696 5137 enm
1742 5094 1998 5154 peccato;

427 5171 520 5225 sed
540 5171 649 5241 jam
676 5173 900 5244 pamalis
919 5173 1178 5228 vitiositas
1195 5161 1498 5241 subsecuta,
1523 5190 1585 5229 ex
1616 5173 1854 5232 libertate
1879 5173 1995 5230 fecit

430 5265 814 5319 necessitatem.
847 5264 1001 5322 Unde
1029 5264 1094 5320 ad
1129 5266 1292 5321 Deum
1323 5264 1454 5322 lides
1481 5267 1694 5332 clamat,
1723 5265 1804 5322 De
1829 5283 1998 5322 neces-

428 5353 658 5409 sitatibus
696 5355 817 5408 meis
855 5355 984 5409 educ
1029 5373 1106 5410 nte
1141 5353 1308 5427 (Psal.
1343 5371 1499 5423 χιιι,
1532 5356 1643 5425 17).
1671 5353 1782 5412 Sub
1807 5357 2000 5428 quibus

434 5444 620 5513 positi,
651 5445 732 5498 vel
777 5460 880 5500 non
925 5459 1205 5516 possumus
1245 5445 1384 5517 quod
1437 5447 1679 5502 volumus
1736 5447 1997 5519 intellige-

945 5577 1014 5626 ad
1044 5576 1151 5639 ejus
1170 5575 1581 5629 claudicationem.
1605 5585 1704 5628 Mn
1723 5585 1820 5637 est.
1843 5577 1924 5640 ad,
1953 5577 2000 5628 la

424 5648 689 5698 manuscrq.

487 5697 508 5768 τ
545 5705 637 5747 ιω.
665 5693 774 5810 'tcr.”
798 5708 848 5744 et
888 5699 1194 5761 manusa-iptt
1224 5700 1429 5748 Vaticani
1476 5707 1528 5748 et
1565 5698 1814 5758 Gallicani,
1849 5693 1998 5764 neque

487 5773 547 5810 tm
571 5772 660 5810 non
683 5773 735 5810 er
781 5799 791 5809 .
1299 5780 1303 5784 -

423 5773 547 5812 crum
571 5772 660 5810 non
683 5772 774 5811 εγιι
781 5799 791 5809 .
1299 5780 1303 5784 ”

1620 358 1674 416 ε.
1717 323 2077 417 Αιῑιςυετιει
2119 354 2425 411 EPISCOPI

3570 357 3678 420 εοε

2109 483 2186 530 rc,
2231 468 2312 522 vel
2349 467 2486 537 quod
2538 467 2992 536 intellexerimus,
3046 471 3323 529 volumus.
3381 483 3478 528 nec
3527 478 3676 531 vale-

2106 571 2224 611 ;nns
2254 558 2492 626 implere.
2522 557 2656 613 Nam
2696 568 2750 614 et
2779 559 2889 629 ipsa
2931 561 3146 617 libertas
3185 561 3528 619 credentibus
3553 581 3582 617 a
3611 565 3678 620 lic

2107 649 2352 702 bcratore
2380 650 2722 716 promittitur.
2755 649 2818 705 Si
2837 666 2942 718 vos,
2969 651 3156 722 inquit,
3181 651 3349 708 Filius
3373 655 3674 721 liberaverit,

2105 748 2222 790 tunc
2251 753 2362 794 vere
2389 735 2530 792 iiberi
2553 739 2690 793 eritis
2715 738 2893 810 (Joan.
2924 755 3038 809 vnt,
3065 742 3178 810 56).
3213 741 3359 797 Victa
3386 745 3526 798 enim
3551 747 3679 806 vieto

2106 827 2155 880 in
2176 827 2315 896 quod
2338 828 2528 883 cecidit
2548 829 2839 898 voluntate,
2861 833 3029 887 caruit
3051 832 3290 888 libertate
3313 842 3519 889 natura.
3544 836 3678 892 llinc

2103 916 2201 970 alia
2221 919 2491 986 Scriptura
2511 919 2658 984 dicit,
2678 923 2722 974 Α
2736 937 2835 991 quo
2851 923 2984 977 enim
3009 924 3120 992 quis
3147 923 3369 979 devictus
3383 935 3476 992 est,
3500 928 3616 981 huic
3629 937 3680 982 et

2103 1022 2271 1061 servus
2298 1007 2530 1063 addictus
2556 1019 2629 1064 est
2658 1010 2722 1082 (ll
2746 1009 2890 1066 Petr.
2919 1027 2976 1074 tt,
3008 1011 3116 1084 19).
3145 1013 3292 1068 Sicut
3317 1031 3443 1085 ergo
3470 1027 3679 1072 nonest

2103 1111 2235 1164 Opus
2265 1099 2413 1152 sanis
2443 1099 2702 1167 medicus,
2733 1101 2825 1156 sed
2857 1103 2994 1157 male
3025 1103 3338 1160 habentibus
3360 1107 3570 1173 (blatta.
3595 1123 3672 1174 ιι,

2105 1187 2193 1259 12)
2223 1206 2236 1242 :
2261 1189 2331 1241 ita
2365 1204 2468 1242 non
2500 1199 2582 1244 est
2607 1206 2740 1260 opus
2764 1192 2942 1248 liberis
2969 1193 3240 1260 liberator,
3269 1197 3361 1252 sed
3387 1202 3590 1256 servis:
3620 1208 3678 1256 ut

2102 1277 2151 1331 ei
2184 1278 2326 1332 dicat
2347 1280 2628 1348 gratulatio
2657 1281 2936 1350 libertatis,
2967 1283 3178 1339 Salvam
3217 1287 3382 1356 fecisti
3416 1289 3481 1341 de
3507 1305 3679 1343 neces-

2101 1368 2331 1422 sitatibtts
2359 1371 2582 1424 animant
2611 1389 2772 1428 meant
2799 1372 2972 1445 (Psal.
3005 1391 3144 1441 xxx,
3177 1377 3254 1450 8).
3286 1379 3398 1446 Ipsa
3425 1383 3565 1434 enim
3594 1396 3680 1436 sae

2101 1457 2239 1512 nitas
2267 1469 2348 1514 cst
2392 1475 2515 1515 vera
2561 1462 2812 1526 libertas,
2843 1479 2960 1533 qua:
3008 1479 3114 1519 non
3164 1468 3424 1536 perisset,
3452 1469 3497 1522 si
3542 1469 3680 1525 bona

2103 1551 2485 1618 permansisset
2510 1555 2776 1609 voluntas.
2819 1555 2949 1622 Quia
2978 1571 3107 1613 vero
3135 1562 3370 1628 peccavit
3395 1561 3638 1616 voluntas
3659 1597 3677 1630 ,

2099 1648 2277 1693 secuta
2309 1649 2391 1694 est
2432 1651 2740 1711 peccantem
2780 1654 3052 1713 peccatum
3081 1646 3307 1704 habendi
3331 1651 3462 1705 dura
3492 1667 3681 1706 neces.

2099 1727 2268 1795 sitas,
2307 1729 2478 1786 donec
2520 1739 2630 1788 tota
2673 1744 2890 1789 sanetur
2929 1735 3249 1806 inﬁrmitas,
3293 1751 3348 1795 et
3391 1743 3682 1811 accipiatur

2101 1827 2247 1874 tanta
2274 1822 2291 1853 ¹
2320 1821 2566 1889 libertas,
2596 1824 2648 1877 in
2687 1839 2788 1895 qua
2823 1826 2965 1881 sicut
3001 1843 3220 1884 necesse
3247 1839 3332 1885 est
3373 1842 3681 1900 permaneat

2101 1910 2254 1966 beate
2283 1913 2490 1967 vivendi
2518 1915 2765 1970 voluntas
2783 1957 2798 1982 ,
2829 1917 2900 1971 ita
2931 1928 2986 1972 ut
3013 1919 3085 1972 sit
3109 1921 3270 1974 etiam
3309 1921 3445 1978 bene
3468 1924 3679 1978 vivendi

2097 2011 2154 2056 et
2181 2017 2450 2072 nunquam
2477 2004 2733 2074 peccandi
2777 2006 3070 2061 voluntaria
3101 2007 3334 2080 felixque
3364 2013 3676 2067 necessitas.

2168 2090 2507 2147 Ratiocinatio
2528 2093 2614 2149 ιο.
2643 2113 2663 2148 ι
2695 2095 2942 2160 Proinde,
2971 2115 2992 2150 ι
3023 2099 3215 2170 inquit,
3247 2117 3266 2152 ι
3300 2101 3439 2156 Deus
3481 2103 3676 2158 bomun

2098 2181 2367 2238 hominem
2400 2182 2566 2253 fecit,
2593 2194 2646 2240 et
2672 2191 3065 2259 praeterquam”
3095 2191 3239 2246 illum
3281 2191 3475 2246 bonum
3513 2193 3636 2248 fecit
3657 2229 3676 2262 ,

2096 2271 2294 2327 bonum
2314 2273 2360 2327 ei
2388 2274 2606 2344 insuper
2623 2285 2680 2330 ut
2701 2275 2898 2334 faceret
2923 2278 3217 2349 imperavit.
3238 2283 3409 2349 Quam
3435 2283 3676 2352 impium,

2097 2371 2156 2418 ut
2179 2363 2526 2418 conllteamur
2548 2364 2820 2422 hominem
2851 2369 3048 2424 malum
3075 2386 3212 2436 esse,
3235 2373 3375 2442 quod
3395 2388 3492 2429 nec
3511 2375 3678 2432 lactus

2097 2461 2199 2516 est,
2233 2467 2336 2510 nec
2364 2456 2410 2508 ei
2439 2467 2761 2527 pmcepturn
2779 2470 2896 2527 est;
2923 2469 2979 2516 et
3007 2477 3258 2532 negemus
3283 2463 3308 2497 ³
3333 2480 3454 2520 eum
3482 2467 3678 2522 bonum

2095 2555 2256 2614 posse
2291 2559 2428 2610 esse,
2459 2546 2598 2614 quod
2628 2546 2794 2603 lactus
2819 2559 2923 2616 est,
2951 2561 3004 2606 et
3030 2552 3173 2620 quod
3195 2555 3243 2608 ei
3275 2563 3332 2608 ut
3357 2553 3552 2609 iaceret
3581 2555 3680 2610 imo

2097 2642 2338 2702 peratum
2366 2637 2480 2691 estl
2511 2653 2532 2688 s
2558 2635 2963 2706 Respondemus
2992 2659 3009 2698 :
3039 2643 3170 2710 Quia
3201 2656 3328 2714 ergo
3357 2662 3461 2700 non
3482 2663 3541 2701 se
3567 2648 3679 2719 ipso

2101 2727 2292 2793 homo,
2325 2727 2417 2782 sed
2447 2728 2589 2784 Deus
2620 2730 2814 2785 bonum
2859 2732 3129 2790 hominem
3156 2735 3319 2800 fecit;
3353 2737 3490 2793 Deus
3521 2728 3676 2805 eum,

2099 2831 2204 2873 non
2233 2831 2293 2874 se
2321 2818 2452 2889 ipse,
2482 2829 2537 2872 ut
2561 2819 2630 2874 sit
2659 2821 2830 2876 bonus
2855 2825 3045 2890 reiicit,
3075 2825 3202 2882 dum
3226 2828 3492 2884 volentem
3514 2872 3530 2895 ,
3561 2844 3680 2885 cre-

2097 2899 2347 2966 dentem,
2386 2900 2717 2958 invocantem
2761 2905 3006 2962 liberata
3035 2909 3212 2978 malo,
3242 2910 3384 2980 quod
3426 2913 3526 2966 sibi
3566 2913 3680 2981 ipse

2099 2989 2241 3046 fecit.
2272 2991 2387 3047 Hoc
2412 3002 2588 3050 autem
2623 2993 2701 3062 iit,
2732 2994 2857 3051 dum
2881 2999 3048 3068 gratia
3078 3000 3170 3056 Dei
3199 3017 3296 3072 per
3319 3001 3500 3060 Jesum
3525 3005 3681 3060 Chri-

2098 3087 2236 3134 stum
2267 3081 2545 3137 Dominum
2574 3093 2808 3139 nostrum
2838 3097 3124 3145 renovatur
3150 3089 3312 3146 homo
3345 3092 3566 3148 interior
3610 3095 3682 3151 do

2097 3168 2187 3224 die
2215 3169 2266 3222 itt
2291 3169 2433 3225 diem
2455 3210 2474 3238 ,
2506 3181 2562 3227 ut
2589 3173 2656 3228 ad
2695 3174 3070 3244 sempiternam
3095 3220 3111 3246 ,
3158 3195 3268 3234 non
3299 3195 3508 3250 penam
3533 3224 3550 3251 ,
3582 3183 3679 3240 sed

2099 3257 2258 3312 vitam
2287 3269 2530 3331 resurgat
2553 3261 2717 3318 homo
2745 3265 2977 3320 exterior
3004 3266 3056 3321 in
3077 3267 3100 3298 ⁸
3125 3269 3417 3326 novissimo
3443 3271 3570 3328 die.“
3651 3299 3662 3306 ς

2169 3349 2396 3406 CAPUT
2437 3351 2499 3407 V.
2537 3383 2610 3394 —
2646 3353 2984 3410 Ratiocinatio
3026 3359 3114 3414 ii.
3149 3376 3170 3412 ι
3218 3359 3411 3417 lterum
3436 3403 3452 3428 ,
3501 3381 3522 3416 ι
3561 3364 3676 3432 ait,

2105 3458 2122 3492 ι
2149 3441 2492 3512 quaerendum
2509 3453 2608 3510 est,
2626 3455 2755 3516 quot
2775 3447 2946 3502 modis
2963 3458 3168 3506 constet
3183 3465 3342 3508 omne
3364 3465 3632 3522 peccatum
3659 3472 3678 3512 :

2099 3529 2324 3598 duobus,
2355 3533 2408 3587 tti
2434 3531 2618 3600 fallor;
2644 3535 2688 3590 si
2705 3547 2795 3591 aut
2815 3537 2902 3592 illa
2923 3540 3049 3593 liant
3068 3555 3185 3610 qum
3207 3542 3570 3612 prohibentur,
3586 3556 3682 3602 aut

2098 3621 2186 3676 illa
2215 3639 2319 3677 non
2349 3623 2476 3678 liant
2501 3641 2617 3695 qua:
2634 3626 2910 3696 iubentur.
2932 3629 3061 3686 Tam
3081 3642 3226 3688 certe
3243 3638 3420 3691 omnia
3446 3637 3532 3692 illa
3555 3653 3683 3708 quas

2101 3711 2361 3780 prohibita
2383 3722 2528 3781 sunt,
2546 3715 2700 3772 vitari
2717 3728 2939 3786 possunt
2956 3735 3116 3790 quam
3137 3737 3256 3792 qum
3275 3737 3534 3794 praecepta
3554 3737 3684 3784 sunt

2102 3803 2302 3872 perlici.
2334 3803 2468 3860 Nam
2497 3804 2693 3864 frustra
2721 3818 2813 3864 aut
2849 3811 3224 3881 prohiberetur
3249 3825 3342 3869 aut
3377 3817 3678 3887 jnberetnr,

2099 3894 2241 3962 quod
2273 3894 2356 3950 vel
2380 3897 2667 3976 caverivel
2703 3899 2912 3970 impleri
2941 3917 3050 3957 non
3080 3914 3276 3974 posset.
3310 3905 3374 3960 Et
3409 3909 3682 3976 quotnodo

2101 3985 2410 4056 negabitnus
2455 4003 2613 4059 posse
2643 4005 2764 4046 esse
2804 3991 3072 4049 hominem
3111 3995 3227 4051 sine
3277 4009 3525 4068 peccato,
3553 4014 3678 4057 etun

2100 4075 2340 4130 conﬁteri
2371 4091 2591 4134 necesse
2619 4079 2710 4148 sit,
2741 4095 2865 4136 eum
2891 4091 2997 4136 tam
3027 4082 3205 4138 omnia
3237 4085 3321 4138 illa
3344 4101 3464 4156 qua:
3495 4096 3686 4142 vetan-

2102 4171 2188 4218 tur
2215 4179 2372 4234 posse
2395 4181 2585 4223 cavere
2607 4209 2623 4235 ,
2655 4185 2814 4238 quam
2843 4186 2963 4240 qua.
3025 4176 3310 4244 imperatur
3363 4174 3616 4231 allicere?
3652 4195 3676 4230 ι

2100 4251 2474 4323 Respondetur
2511 4257 2678 4312 multa
2720 4272 2844 4315 esse
2871 4261 2926 4314 in
2953 4259 3235 4332 Scripturis
3269 4265 3466 4320 sanctis
3501 4265 3681 4324 divina

2103 4354 2386 4415 prmeepta,
2417 4360 2535 4416 qua:
2563 4348 2740 4402 omnia
2763 4363 3190 4407 commemorare
3209 4355 3367 4410 nimis
3391 4371 3678 4426 apt-rosum

2101 4437 2338 4492 esttsed
2387 4437 2642 4493 Dominus
2679 4455 2768 4509 qut
2815 4443 3035 4496 verbum
3063 4459 3440 4500 consummans
3465 4457 3519 4501 et
3558 4448 3683 4503 υτο-

2101 4525 2252 4581 vians
2293 4525 2422 4580 fecit
2465 4541 2627 4596 super
2674 4537 2866 4583 terram
2897 4530 3049 4602 (Rom
3103 4547 3186 4598 ιχ,
3215 4531 3340 4603 28),
3370 4534 3423 4589 in
3469 4535 3682 4594 duobus

2103 4617 2380 4686 praeceptis
2408 4615 2542 4671 dixit
2565 4615 2761 4688 Legem
2787 4617 3185 4690 PrOphctasque
3211 4621 3479 4690 pendere;
3513 4637 3568 4679 ut
3597 4627 3682 4681 in-

2103 4709 2478 4780 telligcrcmus,
2511 4711 2761 4783 quidquid
2788 4713 2926 4768 aliud
2951 4713 3200 4772 divinitus
3223 4729 3543 4790 praeceptum
3570 4728 3683 4787 εει,

2102 4800 2156 4855 in
2182 4799 2267 4855 his
2291 4801 2498 4857 duobus
2525 4802 2720 4859 habere
2749 4803 2926 4872 linem,
2953 4815 3005 4861 et
3033 4807 3098 4861 ad
3125 4808 3240 4864 haec
3262 4809 3370 4864 duo
3387 4823 3507 4866 esse
3535 4809 3682 4866 refe-

2102 4890 2324 4947 randum
2349 4909 2362 4920 ο
2391 4891 2583 4966 Diliges
2615 4892 2890 4949 Dominum
2935 4895 3096 4951 Deum
3133 4908 3275 4952 tuum
3303 4916 3368 4954 ea:
3395 4910 3499 4956 toto
3528 4903 3686 4958 corde

2102 4991 2188 5038 tuo
2207 5023 2222 5046 ,
2251 4992 2300 5037 et
2349 4999 2411 5038 ea.
2439 4995 2542 5037 tota
2567 4985 2738 5039 animo
2765 4995 2853 5040 tua
2881 5025 2899 5053 ,
2927 4997 2972 5040 et
3004 5003 3068 5042 ea:
3095 4999 3199 5044 tota
3251 5000 3414 5047 mente
3457 5002 3584 5056 tua;
3625 5003 3686 5048 et

2106 5073 2296 5144 Diliges
2342 5075 2624 5145 prosimunt
2675 5085 2814 5130 tuum
2860 5087 3098 5148 tanquam
3141 5091 3188 5134 ιε
3231 5082 3416 5151 ipsum.
3468 5081 3530 5137 In
3575 5084 3680 5150 Itis,

2105 5162 2308 5233 inquit,
2339 5163 2530 5218 duobus
2559 5167 2820 5235 praceptis
2846 5177 2950 5221 toto
2978 5167 3084 5224 Lee:
3109 5170 3290 5240 pendet
3331 5180 3378 5226 et
3408 5169 3687 5242 Propheta

2105 5255 2319 5324 (Matth.
2351 5270 2482 5320 ιω,
2513 5255 2600 5320 40,
2635 5256 2745 5325 57).
2777 5257 3040 5328 Quidquid
3071 5275 3198 5331 ergo
3222 5259 3316 5316 Dei
3347 5261 3461 5332 lege
3496 5259 3698 5332 probi?

2107 5347 2312 5409 bemur,
2341 5356 2394 5398 et
2422 5343 2672 5417 quidquid
2695 5346 2946 5416 iubemur
2973 5347 3177 5416 facere,
3210 5349 3278 5405 ad
3302 5350 3405 5406 hoc
3433 5350 3674 5422 prohibt.~

2171 5519 2186 5550 ι
2209 5525 2334 5567 unus
2357 5530 2386 5567 e
2411 5518 2554 5566 \‘atic.
2580 5522 2686 5567 ω.
2707 5549 2722 5578 ,
2747 5523 2860 5580 tota,
2907 5569 2928 5580 η

2168 5580 2187 5610 ³
2221 5586 2350 5649 ιον...
2374 5585 2692 5649 pra'terquam
2708 5577 2874 5641 quod.
2899 5577 3062 5641 Abest,
3087 5577 3231 5642 quod,
3251 5577 3314 5630 ab
3336 5587 3437 5630 Am.
3470 5584 3547 5630 Er.
3581 5590 3636 5632 et
3657 5594 3688 5632 ι

2106 5647 2449 5701 manuscriptts.

2173 5700 3238 5773 3uecta-,emmneweuﬁwmmz
3450 5765 3458 5773 .
3525 5763 3538 5773 .
3623 5761 3632 5771 .

2173 5761 2192 5790 δ
2227 5761 2352 5823 ass,
2378 5759 2515 5810 homo
2529 5770 2736 5811 exterior
2753 5759 3006 5812 nouissimo
3027 5759 3124 5827 die,
3148 5764 3320 5815 omissa
3339 5763 3587 5830 particula,
3619 5761 3668 5814 in
