4002 6178
263 363 372 417 29‘)

255 493 380 531 mur
417 485 474 532 et
507 473 782 546 jtbemur,
813 478 874 528 ut
909 471 1018 528 duo
1061 471 1164 527 ista
1191 468 1578 540 compleamus.
1609 467 1678 522 Et
1719 465 1854 522 forte

253 565 530 640 generalis
555 564 844 638 prohibitio
871 571 988 630 est,
1019 561 1140 618 Non
1169 561 1492 632 concupisces
1520 557 1713 632 (Exod.
1747 573 1818 612 xx
1840 597 1856 622 ,

259 661 385 732 l7);
417 667 472 715 et
495 657 760 730 generalis
794 656 988 727 jussio,
1033 653 1228 725 Diliges
1257 652 1436 724 (Deut.
1462 667 1548 718 Vl,
1583 649 1664 718 5).
1705 647 1860 705 Unde

255 753 494 808 breviter
523 761 577 806 et
609 749 882 820 apostolus
911 747 1108 804 Paulus
1149 745 1380 817 quedam
1425 745 1547 799 loco
1575 751 1859 812 utrumque

253 843 574 912 complexus
602 851 704 897 est.
729 839 1026 897 Prohibitio
1052 839 1196 895 enim
1218 847 1322 902 est,
1347 835 1522 891 Nolite
1549 833 1858 904 confonuari

255 936 374 988 huic
400 935 588 989 εωι-ιιιο
613 950 632 987 :
645 932 818 1003 jussio
843 941 1045 998 autem,
1075 928 1182 986 Sed
1209 927 1558 1000 reformamini
1581 927 1596 958 ³
1625 927 1678 980 in
1719 924 1862 979 noui-

257 1035 358 1080 tate
385 1025 568 1079 mentis
592 1033 768 1080 uestra
793 1021 974 1096 (Rom.
1005 1037 1100 1088 ιιι,
1128 1021 1208 1092 2).
1237 1019 1372 1076 Illud
1395 1019 1627 1089 pertinet
1653 1017 1720 1072 ad
1751 1031 1860 1072 non

255 1119 678 1188 concupiscere;
723 1115 866 1184 hoc,
892 1114 960 1170 ad
987 1113 1248 1184 diligere;
1291 1111 1424 1167 illud
1467 1111 1534 1166 ad
1575 1109 1858 1165 continen-

257 1208 386 1262 tiam
408 1225 424 1273 ;
447 1207 554 1263 hoc
575 1207 642 1263 ad
665 1207 926 1278 justitiam
952 1221 970 1270 ;
999 1205 1126 1260 illud
1147 1203 1214 1258 ad
1234 1201 1606 1258 declinandum
1627 1216 1656 1254 a
1685 1200 1854 1266 malo;

257 1299 396 1363 hoc,
463 1297 538 1352 ad
589 1297 890 1354 faciendum
957 1295 1178 1351 bonum.
1245 1292 1362 1350 Non
1431 1292 1858 1362 concupiscendo

255 1393 402 1444 enim
449 1374 722 1444 vetustate
764 1387 1148 1458 exspoliamur,
1195 1392 1252 1440 et
1302 1383 1538 1440 novitate
1590 1381 1859 1437 induimur

255 1481 550 1554 diligendo.
596 1479 706 1536 Sed
743 1494 844 1536 nec
883 1479 1163 1552 quisquam
1193 1485 1370 1547 potest
1408 1475 1688 1532 continens
1711 1489 1855 1541 esse,

257 1575 360 1629 nisi
410 1574 553 1628 Dens
605 1572 696 1628 det
746 1568 924 1646 (Sap.
984 1568 1212 1636 vut,2l
1243 1568 1300 1640 ),
1359 1574 1416 1623 et
1472 1565 1708 1622 charitas
1763 1565 1856 1621 Dei

253 1665 576 1720 dill'unditur
603 1665 654 1720 in
683 1663 936 1719 cordibus
963 1661 1181 1727 nostris,
1205 1675 1312 1715 non
1337 1673 1435 1730 per
1455 1673 1554 1714 nos
1573 1658 1740 1728 ipsos,
1761 1656 1858 1714 sed

257 1773 356 1825 per
375 1757 632 1826 Spiritum
654 1763 896 1808 sanctum
918 1753 1010 1824 qui
1034 1750 1190 1806 datus
1213 1757 1297 1806 est
1317 1748 1472 1804 nobis
1495 1746 1670 1820 (Rom.
1692 1763 1746 1812 ν,
1774 1747 1856 1818 5).

258 1850 372 1903 lloc
415 1859 596 1902 autem
628 1847 690 1901 ﬁt
729 1846 799 1902 de
827 1847 914 1901 die
956 1845 1010 1900 in
1053 1843 1193 1898 diem
1225 1842 1278 1897 in
1321 1841 1390 1898 iis
1421 1840 1512 1910 qui
1540 1839 1771 1896 volendo
1803 1845 1860 1894 et

255 1939 536 1994 credendo
560 1946 618 1993 et
651 1937 949 1992 invocaudo
977 1933 1294 2006 proﬁciunt,
1326 1943 1378 1989 et
1409 1930 1674 2002 praeterita
1721 1929 1858 1986 obli-

259 2051 278 2082 ι
291 2032 530 2086 iscentes
547 2030 598 2084 in
617 2045 676 2084 ea
693 2045 812 2099 qua:
825 2039 950 2084 ante
971 2035 1096 2082 sunt
1115 2023 1476 2082 extenduntur
1495 2020 1752 2097 (Philipp.
1777 2035 1852 2088 ιιι,

265 2121 372 2195 15).
406 2121 490 2180 Ad
533 2119 636 2175 hoc
663 2119 808 2174 enim
845 2119 932 2174 lex
979 2117 1076 2173 ista
1109 2114 1388 2188 praecipit,
1423 2121 1482 2168 ut
1523 2127 1646 2168 cum
1673 2112 1728 2170 in
1771 2111 1860 2173 his

259 2210 550 2282 implendis
597 2210 756 2264 homo
783 2207 1041 2264 defecerit
1062 2248 1078 2270 ,
1110 2221 1219 2262 non
1263 2219 1326 2260 se
1359 2203 1578 2264 extollat
1606 2205 1855 2278 Superbia

260 2301 529 2368 tumidus,
563 2301 660 2356 sed
705 2299 775 2355 ad
802 2301 1026 2372 gratiam
1056 2296 1328 2374 confugiat
1369 2300 1654 2370 fatigatus;
1683 2313 1748 2354 ac
1775 2299 1856 2354 sic

257 2410 384 2450 eum
411 2395 500 2450 lex
527 2392 802 2467 terrendo,
827 2391 894 2452 ad
923 2396 1192 2452 Christum
1218 2393 1546 2465 diligendum
1579 2389 1852 2463 paedagogi

259 2487 524 2564 perducat
547 2490 748 2546 oflicio.

325 2582 560 2640 CAPUT
585 2581 677 2636 Vl.
699 2579 1132 2638 —Ratiocinatio
1163 2579 1249 2634 i2.
1305 2596 1325 2630 ‹
1359 2576 1574 2640 lterum,
1605 2590 1854 2646 quaeren-

257 2676 386 2730 dum
412 2684 518 2738 est,
553 2692 577 2726 ι
625 2672 832 2744 inquit,
865 2689 884 2723 ι
920 2670 1184 2742 quomodo
1213 2683 1316 2724 non
1356 2677 1524 2738 potest
1555 2665 1714 2722 homo
1738 2666 1856 2722 sine

261 2776 482 2836 peccato
495 2779 636 2830 esse;
649 2763 944 2826 voluntate,
968 2777 1034 2817 an
1061 2772 1266 2816 natura.
1284 2760 1338 2816 Si
1359 2771 1562 2826 natura,
1581 2769 1856 2829 peccatum

261 2874 366 2913 non
389 2867 474 2913 est
496 2873 511 2912 :
531 2857 578 2912 si
611 2855 900 2918 voluntate,
933 2853 1182 2924 perfacile
1207 2862 1382 2924 potest
1407 2851 1650 2906 voluntas
1662 2849 1856 2904 volun-

263 2959 373 3006 tate
411 2949 634 3012 mutari.
675 2967 696 3002 ι
731 2948 1142 3018 Respondemus
1161 2987 1176 3012 ,
1202 2945 1551 3000 admonentes
1571 2957 1690 3000 esse
1713 2942 1860 3014 cogi-

263 3042 486 3096 tandum
505 3050 702 3112 quanta
719 3041 788 3095 sit
806 3041 904 3094 ista
927 3039 1288 3110 praesumptio,
1305 3052 1406 3108 qua
1426 3036 1620 3092 dicitur
1641 3049 1747 3091 non
1769 3049 1861 3091 so-

259 3133 372 3188 lum
395 3147 552 3202 posse
567 3131 732 3202 (quod
745 3130 958 3201 quidem
971 3129 1254 3199 adjuvaute
1263 3129 1427 3199 gratia
1447 3126 1540 3184 Dei
1556 3125 1858 3198 negandum

263 3243 370 3280 non
416 3227 526 3293 est)
548 3265 564 3288 ,
597 3223 692 3278 sed
719 3223 880 3278 etiam
907 3222 1148 3294 perfacile
1173 3237 1318 3292 posse
1345 3221 1652 3276 voluntatem
1675 3218 1860 3274 uolun-

259 3327 364 3370 tate
401 3317 591 3368 mutari
626 3331 644 3369 :
681 3329 802 3370 cum
828 3315 968 3369 dicat
1003 3313 1297 3384 Apostolus
1319 3353 1336 3381 ,
1376 3310 1508 3368 Caro
1549 3311 1860 3382 concupiscit

257 3407 504 3460 adversus
549 3405 822 3472 spiritum,
865 3413 910 3458 et
959 3404 1168 3474 spiritus
1214 3403 1452 3458 adversus
1487 3417 1690 3458 carnem
1712 3419 1732 3455 :
1753 3401 1860 3457 haec

259 3503 396 3552 enim
437 3499 656 3552 invicem
702 3497 1074 3563 adversantur;
1119 3507 1174 3551 ut
1213 3513 1315 3552 non
1350 3513 1410 3551 ea
1455 3512 1567 3567 quat
1590 3497 1740 3551 vultis
1779 3499 1862 3568 fa-

259 3592 406 3645 ciatis
449 3590 668 3664 (Galat.
701 3607 758 3658 v,
791 3591 920 3664 l7).
963 3589 1078 3646 Non
1121 3590 1264 3645 enim
1315 3589 1420 3656 ait,
1475 3587 1600 3644 Haec
1648 3589 1862 3644 inuicem

259 3683 614 3748 adversantur,
645 3693 700 3736 ut
736 3671 862 3752 qua!
881 3683 1107 3754 potestis
1136 3679 1312 3737 facere
1332 3723 1348 3745 ,
1398 3681 1575 3736 nolitis
1597 3697 1612 3734 :
1634 3681 1729 3735 sed
1749 3719 1765 3747 ,
1805 3687 1860 3734 ut

263 3791 366 3828 non
412 3791 476 3828 ea
515 3789 632 3844 quae
671 3774 820 3827 vultis
850 3773 1071 3846 faciatis.
1115 3771 1222 3828 Cur
1260 3787 1388 3843 ergo
1430 3771 1859 3842 concupiscentia

261 3865 482 3920 carnis:
513 3880 631 3934 quae
673 3863 854 3935 utique
902 3864 1178 3935 culpabilis
1221 3872 1380 3936 atque
1409 3862 1602 3918 vitiosa
1627 3871 1744 3928 est,
1775 3861 1858 3916 ui-

265 3959 446 4030 liilque
476 3958 727 4018 est.aliud
756 3974 913 4030 quam
941 3957 1262 4014 desiderium
1289 3957 1517 4028 peccati,
1546 3955 1685 4028 quod
1717 3955 1856 4011 idem

265 4050 546 4122 apostolus
573 4051 810 4120 praecipit
834 4091 848 4114 ,
883 4065 950 4104 ne
986 4057 1173 4120 regnet
1202 4050 1252 4103 in
1285 4058 1468 4104 nostro
1499 4047 1708 4102 mortali
1737 4062 1859 4102 cor-

267 4159 398 4211 pore
449 4141 626 4216 (Rom.
653 4159 725 4208 τι,
763 4143 881 4214 l2);
911 4144 998 4198 ubi
1025 4147 1153 4198 satis
1179 4143 1412 4198 Ostendit
1439 4157 1558 4198 esse
1585 4152 1760 4196 tamen
1802 4141 1856 4197 in

266 4243 454 4288 nostro
491 4234 702 4288 mortali
745 4249 1001 4303 corpore,
1032 4235 1172 4304 quod
1203 4234 1612 4304 permittendum
1655 4249 1760 4288 non
1788 4233 1859 4288 sit

267 4337 322 4382 ut
353 4335 697 4398 regnetzcur
744 4341 874 4397 ergo
916 4327 1016 4380 ista
1051 4327 1476 4395 concupiscentia
1507 4341 1613 4380 non
1657 4333 1854 4380 mutata

267 4428 440 4474 estea
471 4419 780 4482 voluntate,
821 4432 981 4489 quam
1031 4419 1354 4472 voluntatem
1407 4419 1540 4474 satis
1581 4416 1856 4474 evidenter

267 4509 534 4580 expressit
561 4509 848 4579 Apostolus
872 4509 1088 4575 dicens,
1112 4518 1166 4563 ut
1203 4527 1304 4564 non
1331 4525 1391 4564 ea
1431 4523 1544 4580 quia
1583 4508 1733 4562 vultis
1777 4511 1857 4576 fa-

267 4601 412 4656 ciatis
425 4619 448 4668 ;
477 4601 520 4656 si
547 4600 700 4656 facile
727 4609 902 4672 potest
929 4599 1174 4656 voluntas
1200 4601 1472 4656 voluntate
1491 4597 1722 4654 mutari?
1745 4597 1857 4653 Nec

265 4705 396 4747 sane
423 4691 528 4746 isto
568 4691 732 4746 modo
774 4700 1018 4746 naturam
1043 4733 1058 4757 ,
1090 4691 1204 4746 sive
1229 4691 1458 4760 animm,
1511 4689 1624 4744 sive
1666 4703 1860 4760 corpo-

267 4783 376 4848 ris,
431 4797 592 4854 quam
639 4781 782 4837 Deus
824 4783 1064 4848 creavit,
1109 4792 1165 4838 et
1223 4797 1342 4854 quae
1391 4789 1501 4837 tota
1556 4781 1694 4836 bona
1736 4789 1851 4848 est,

265 4887 580 4928 accusamus
601 4891 612 4927 :
636 4873 732 4930 sed
759 4888 879 4928 eam
907 4872 1136 4930 dicimus
1162 4874 1374 4945 propria
1399 4872 1673 4928 voluntate
1703 4871 1857 4928 vitia-

267 4973 396 5030 tam,
423 4963 542 5020 siue
575 4965 668 5020 Dei
697 4967 866 5036 gratia
893 4980 998 5020 non
1027 4979 1182 5037 posse
1207 4965 1405 5020 sanari.

335 5047 686 5104 Ratiocinatio
716 5051 802 5106 i5.
835 5069 854 5103 ι
883 5051 1078 5106 lterum
1100 5092 1116 5114 ,
1154 5068 1173 5102 ι
1199 5049 1290 5114 ait,
1328 5067 1347 5101 ι
1377 5047 1722 5120 qumrendum
1751 5058 1854 5114 est,

257 5139 306 5194 si
331 5153 440 5194 non
462 5148 642 5208 potest
665 5139 828 5196 homo
847 5141 962 5196 sine
983 5147 1200 5211 peccato
1223 5154 1362 5208 esse,
1390 5139 1544 5210 cujus
1562 5139 1718 5210 culpa
1735 5147 1820 5195 est
1839 5156 1856 5206 ;

255 5231 504 5300 ipsiusne
525 5231 761 5287 hominis
780 5275 796 5300 ,
815 5247 880 5286 an
902 5233 1186 5303 cujuslibet
1215 5231 1435 5287 alterius
1459 5249 1472 5285 :
1497 5232 1540 5286 si
1570 5232 1738 5301 ipsius
1755 5230 1857 5286 ho-

255 5321 444 5386 minis,
464 5322 732 5393 quomodo
751 5323 905 5394 culpa
922 5323 1154 5378 hominis
1173 5330 1278 5390 est,
1299 5323 1343 5378 si
1365 5323 1466 5378 hoc
1485 5337 1589 5376 non
1611 5331 1692 5377 est
1711 5320 1857 5393 quod

253 5427 384 5470 esse
409 5429 515 5468 non
547 5414 758 5484 potest?
809 5434 827 5467 ι
871 5414 1298 5484 ReSpondcmus,
1350 5413 1468 5470 ideo
1497 5429 1618 5471 csse
1643 5415 1856 5487 culpam

251 5507 519 5574 hominis,
539 5506 684 5577 quod
699 5521 804 5562 non
821 5509 1034 5563 estsine
1054 5518 1291 5579 peccato,
1317 5508 1435 5579 quia
1471 5509 1584 5562 sola
1626 5509 1856 5564 hominis

249 5599 538 5653 voluntate
583 5597 780 5654 factum
821 5612 902 5654 est
943 5609 1001 5654 ut
1048 5600 1112 5654 ad
1145 5600 1298 5654 istam
1350 5601 1720 5656 necessitatem
1761 5617 1854 5658 ve-

323 5741 340 5758 ‘
377 5740 496 5789 Fit-ti
518 5777 536 5802 ,
607 5740 936 5809 renutatmit_ti._
983 5749 1040 5791 At
1105 5723 1234 5806 Mss,
1293 5743 1662 5808 reforntamim;
1719 5748 1859 5809 juxta

239 5814 490 5866 331mm,
515 5803 996 5866 metamorpltodstlte.

615 5909 885 5970 ΡΑτιιοι..
925 5903 1136 5966 XLIV.

1091 355 1180 413 DE
1217 351 1698 412 PERFECTIONE
1737 347 2070 408 JUSTITIE
2107 349 2384 408 HOMINIS
2422 349 2648 408 LIBER.

3446 373 3552 428 298

1970 465 2148 534 niret,
2193 481 2350 538 quam
2403 467 2513 524 sola
2575 467 2808 526 hominis
2851 469 3098 526 voluntas
3139 465 3414 542 superare
3446 487 3554 530 non

1967 557 2154 628 possit.

2037 647 2376 705 Ratiocinatio
2409 653 2492 708 l4.
2531 671 2550 704 ‹
2591 653 2816 723 lterum,
2855 673 2874 707 ο
2904 654 2998 722 ait,
3030 673 3049 707 ι
3080 653 3422 726 quaerendum
3445 663 3547 720 cst,

1965 739 2008 794 si
2027 747 2212 796 natura
2241 741 2469 798 hominis
2499 744 2634 799 bona
2672 753 2787 812 est,
2815 745 2956 814 quod
2997 747 3172 804 nullus
3209 763 3402 818 negare
3439 747 3545 802 nisi

1967 829 2197 887 Marcion
2215 843 2306 888 aut
2333 834 2652 892 Manichacus
2679 837 2914 906 audebit,
2940 838 3208 909 quomodo
3225 840 3383 912 igitur
3410 839 3548 896 bona

1965 924 2076 982 est,
2106 917 2149 971 si
2179 918 2318 972 malo
2343 918 2390 974 ei
2415 933 2600 976 carere
2631 935 2734 975 non
2761 930 2846 976 est
2871 921 3160 992 possibile?
3187 921 3358 979 Omne
3403 924 3548 980 enim

1967 1019 2240 1078 peccatum
2261 1012 2458 1066 malum
2498 1027 2620 1069 esse
2640 1015 2758 1085 quis
2777 1013 3012 1070 dubitet?
3045 1033 3064 1066 ι
3109 1015 3513 1086 Respondemus
3531 1057 3550 1082 ,

1965 1109 2020 1156 et
2045 1109 2288 1156 naturam
2307 1102 2538 1160 hominis
2555 1103 2746 1160 bonam
2775 1119 2914 1172 esse,
2944 1115 2997 1161 et
3032 1121 3149 1161 eam
3191 1107 3332 1163 malo
3369 1123 3556 1163 carere

1967 1207 2142 1261 posse.
2163 1193 2294 1250 Nam
2337 1195 2462 1254 ideo
2488 1197 2800 1266 clamamus,
2823 1198 3001 1252 Libera
3017 1216 3107 1254 nos
3128 1217 3158 1253 a
3175 1201 3308 1254 malo
3341 1195 3552 1272 (Matth.

1963 1299 2037 1351 vr,
2063 1285 2147 1356 l3)
2168 1304 2180 1340 :
2204 1288 2344 1359 quod
2367 1305 2470 1344 non
2491 1289 2780 1362 perficitur,
2795 1291 3043 1362 quamdiu
3065 1308 3258 1362 corpus
3277 1293 3416 1364 quod
3431 1309 3552 1348 cur-

1965 1379 2246 1450 rumpitur,
2277 1393 2528 1453 aggravat
2570 1385 2801 1439 animam
2833 1383 3006 1457 (Sap.
3038 1402 3110 1450 ιιι,
3147 1387 3274 1458 l5).
3307 1389 3410 1442 Sed
3445 1389 3546 1444 hoc

1963 1470 2137 1540 agitur
2153 1473 2320 1541 gratia
2351 1489 2446 1544 per
2465 1473 2647 1540 fidem,
2679 1483 2736 1530 ut
2757 1475 3042 1546 aliquando
3067 1476 3293 1544 dieatur,
3329 1477 3428 1533 Ubi
3455 1488 3550 1544 est,

1963 1577 2120 1631 mors,
2151 1567 2401 1620 contentio
2428 1576 2514 1622 tua
2532 1569 2558 1622 ?
2580 1569 2666 1622 ubi
2691 1575 2782 1634 est,
2815 1585 2972 1632 mors,
3001 1570 3210 1625 aculeus
3236 1572 3392 1626 tuus?
3415 1571 3554 1626 Aru-

1965 1653 2071 1708 leus
2105 1665 2276 1710 autem
2311 1659 2488 1714 mortis
2533 1669 2830 1729 peceatum;
2871 1661 3030 1715 uirtus
3063 1677 3178 1716 vero
3221 1662 3439 1732 peccati,
3472 1664 3555 1717 te:

1965 1743 2008 1818 (l
2033 1741 2150 1800 Cor.
2184 1762 2292 1815 xv,
2320 1748 2422 1816 55,
2449 1747 2570 1822 56)..
2601 1749 2863 1818 Quoniam
2903 1750 2989 1806 lex
3019 1750 3352 1822 prohibendo
3393 1763 3553 1824 anget

1963 1837 2166 1904 peccati
2195 1838 2536 1908 cupiditatem
2563 1881 2576 1903 ,
2621 1840 2720 1894 nisi
2763 1839 3026 1896 diﬁ‘nndat
3067 1841 3296 1913 Spiritus
3323 1842 3557 1900 Charita-

1965 1935 2094 1996 tem,
2125 1943 2244 1998 quae
2271 1929 2427 2000 plena
2452 1939 2508 1986 et
2536 1931 2770 2007 perfecta
2797 1939 2924 1992 tunc
2945 1933 3078 2003 erit,
3105 1949 3228 1994 cum
3259 1933 3554 1995 videbimus

1965 2015 2097 2073 faeie
2119 2017 2188 2076 ad
2217 2017 2428 2084 faciem.

2027 2113 2368 2172 Ratiocinatio
2398 2117 2485 2175 15.
2513 2136 2534 2172 t
2567 2117 2636 2176 Et
2662 2119 2786 2190 hoc,
2813 2138 2832 2174 ι
2863 2120 3051 2193 inquit,
3076 2139 3094 2174 t
3115 2121 3399 2179 dicendmn
3426 2133 3507 2178 cst
3531 2141 3548 2179 :

1961 2203 2120 2260 Certe
2131 2205 2308 2276 justus
2329 2216 2414 2262 est
2432 2208 2593 2277 Deus;
2615 2211 2796 2282 negari
2815 2211 2957 2268 enim
2987 2227 3090 2268 non
3113 2220 3304 2284 potest.
3325 2211 3554 2284 Imputat

1961 2305 2138 2351 autem
2153 2297 2293 2352 Deus
2307 2297 2508 2355 homini
2523 2315 2683 2357 omne
2695 2311 2993 2372 peccatum.
3007 2302 3076 2359 Et
3091 2304 3192 2360 hoc
3205 2319 3414 2375 quoque
3425 2319 3556 2361 cou-

1965 2387 2220 2445 litendum
2246 2399 2392 2462 puto,
2413 2391 2534 2463 quia
2555 2407 2732 2464 neque
2753 2403 3026 2465 peccatum
3043 2403 3145 2463 est,
3168 2395 3422 2467 quidquid
3446 2412 3552 2453 non

1962 2475 2308 2549 imputabitur
2345 2481 2398 2536 in
2430 2491 2728 2553 peceatum.
2756 2484 2824 2540 Et
2850 2485 2896 2540 si
2931 2495 3014 2542 est
3037 2485 3250 2559 aliquod
3276 2498 3554 2558 peccatum

1961 2574 2107 2646 quod
2139 2574 2293 2629 vitari
2325 2591 2430 2631 non
2457 2577 2656 2648 possit,
2682 2578 2952 2648 quomodo
2965 2577 3142 2650 justus
3167 2579 3310 2636 Deus
3332 2579 3552 2648 dicitur,

1963 2669 2006 2722 si
2035 2665 2302 2738 imputare
2327 2667 2572 2738 cuiquam
2613 2669 2873 2736 creditur,
2903 2670 3046 2742 quod
3085 2669 3237 2726 vitari
3278 2686 3384 2726 non
3426 2685 3556 2742 pos-

1961 2758 2070 2814 sit?
2106 2777 2126 2812 ›
2160 2759 2564 2830 Respondemus
2587 2801 2602 2827 ,
2626 2758 2739 2832 jam
2767 2761 2896 2817 olim
2936 2769 3120 2818 contra
3151 2763 3410 2833 superbos
3432 2776 3556 2819 esse

1962 2847 2270 2916 clamatum,
2297 2847 2488 2904 Beatus
2515 2849 2598 2904 cui
2621 2865 2722 2905 non
2750 2851 3017 2924 imputavit
3039 2853 3058 2886 ί
3088 2851 3340 2908 Dominus
3367 2868 3552 2924 perca-

1963 2950 2070 2994 tum
2095 2939 2265 3014 (Psal.
2295 2957 2446 3006 xxxi,
2477 2943 2560 3016 2).
2586 2942 2702 3000 Non
2727 2943 2873 3000 enim
2902 2943 3128 3016 imputat
3154 2942 3238 3000 his
3261 2943 3352 3018 qui
3379 2943 3556 3000 tldeli-

1967 3041 2048 3087 ter
2073 3034 2124 3088 ei
2153 3033 2365 3100 dicunt,
2395 3033 2608 3090 Dimitte
2635 3035 2778 3090 nobis
2805 3035 2971 3090 debita
2999 3045 3172 3091 nostra
3193 3077 3206 3102 ,
3235 3033 3364 3090 sicut
3386 3045 3431 3090 et
3462 3051 3556 3090 nos

1963 3122 2264 3186 dimittimus
2288 3125 2590 3181 debitoribus
2617 3127 2801 3182 nostris
2830 3126 3041 3198 (.ifattlt.
3073 3143 3145 3192 vt,
3179 3125 3290 3198 12).
3321 3126 3386 3181 Et
3409 3127 3553 3196 justo

1965 3231 2071 3272 non
2104 3215 2348 3286 imputat,
2379 3219 2498 3288 quia
2525 3217 2728 3287 justum
2770 3229 2852 3274 est
2879 3217 3022 3295 quod
3049 3219 3160 3284 ait,
3193 3216 3258 3272 In
3284 3233 3386 3289 qua
3411 3233 3546 3272 men-

1963 3325 2084 3362 sura
2107 3310 2266 3363 mensi
2287 3311 2503 3380 fueritis,
2533 3311 2584 3364 in
2621 3311 2798 3366 eadem
2823 3310 3108 3365 remetiatur
3135 3309 3272 3364 vobis
3303 3307 3413 3382 (Id.
3442 3306 3538 3372 νῆ’,

1965 3399 2048 3472 2).
2083 3401 2360 3456 Peccatum
2391 3413 2474 3458 est
2515 3412 2729 3471 autem,
2761 3417 2882 3459 cum
2925 3403 3007 3458 vel
3049 3419 3154 3458 non
3198 3413 3280 3460 est
3321 3401 3556 3460 charitas

1963 3509 2082 3563 qua:
2107 3507 2228 3548 csse
2255 3495 2410 3548 debet
2432 3537 2446 3557 ,
2478 3495 2557 3548 vel
2599 3496 2773 3550 minor
2799 3503 2882 3551 est
2905 3510 3064 3566 quam
3093 3495 3284 3562 debet,
3312 3497 3424 3552 sive
3451 3495 3553 3550 hoc

1963 3585 2236 3642 voluntate
2255 3587 2406 3641 vitari
2437 3589 2620 3656 [to-sil,
2644 3589 2756 3644 sive
2777 3605 2882 3644 non
2911 3591 3114 3660 possit:
3138 3591 3260 3662 quia
3289 3591 3330 3646 si
3351 3579 3568 3662 potest,-

1965 3694 2203 3750 pratsens
2223 3681 2463 3736 voluntas
2487 3681 2586 3735 huc
2613 3681 2736 3736 facit
2760 3699 2774 3736 :
2796 3683 2840 3736 si
2869 3691 3048 3738 autem
3073 3699 3179 3739 non
3207 3693 3400 3756 potest,
3425 3699 3552 3754 prae-

1967 3771 2120 3826 terita
2151 3773 2394 3827 voluntas
2425 3776 2522 3827 hoc
2551 3773 2707 3836 fecit;
2735 3783 2790 3828 et
2820 3783 2994 3829 tamen
3025 3775 3182 3830 vitari
3213 3783 3415 3845 potest,
3444 3789 3552 3830 non

1965 3863 2178 3930 quando
2207 3857 2450 3918 Voluntas
2475 3864 2702 3934 superba
2729 3864 2992 3934 laudatur,
3018 3864 3114 3921 sed
3137 3863 3353 3937 quando
3379 3864 3555 3921 buun-

1969 3953 2032 4008 lis
2058 3953 2360 4022 adjuvetur.

2033 4047 2258 4102 CAPUT
2290 4045 2396 4102 vn.
2429 4077 2500 4088 _
2534 4047 2866 4103 Ratiocinatio
2897 4047 2983 4105 ιθ.
3029 4047 3158 4104 Post
3197 4047 3314 4104 haec
3351 4047 3442 4106 ille
3460 4053 3550 4119 qui

1965 4137 2062 4192 ista
2097 4137 2432 4206 conscripsit,
2459 4137 2743 4192 introducit
2763 4153 3043 4208 personam
3069 4153 3219 4194 suam
3249 4139 3400 4210 quasi
3428 4155 3552 4193 cum

1963 4231 2133 4286 altero
2157 4231 2534 4301 disputantem,
2567 4240 2622 4286 et
2648 4232 2768 4286 facit
2792 4245 2852 4286 se
2873 4231 3211 4303 interrogari,
3240 4243 3294 4287 et
3320 4234 3554 4303 quasi-att

1965 4324 2328 4394 interrogante
2348 4323 2446 4379 sibi
2461 4322 2563 4379 dici
2585 4341 2598 4378 :
2623 4323 2705 4378 Da
2725 4324 2852 4378 mihi
2876 4326 2898 4357 ⁸
2919 4323 3174 4381 hominem
3192 4326 3302 4382 sine
3325 4334 3550 4398 peccato.

1965 4415 2032 4471 Et
2050 4415 2339 4486 respondet
2366 4414 2482 4471 :Do
2507 4415 2594 4470 tibi
2617 4431 2704 4488 qut
2729 4431 2836 4472 esse
2865 4417 3041 4488 possit.
3075 4417 3142 4474 Et
3163 4433 3350 4476 rursus
3376 4417 3448 4475 ab
3469 4416 3551 4474 inv

1964 4516 2268 4578 terrogaute
2289 4509 2481 4564 dicitur
2500 4509 2550 4565 ei
2580 4527 2596 4562 :
2627 4507 2754 4576 Quis
2772 4511 2882 4566 est!
2907 4511 3279 4584 Etrespondet
3301 4531 3316 4570 :
3339 4509 3462 4586 Ipse
3475 4522 3554 4570 tu.

1966 4596 2117 4665 Quod
2143 4599 2187 4654 si
2215 4599 2426 4664 dimotis,
2457 4599 2649 4671 inquit,
2679 4597 2794 4674 Ego
2820 4617 2928 4658 esse
2953 4620 3055 4660 non
3075 4619 3280 4676 possunt
3301 4619 3322 4659 :
3343 4619 3553 4676 respon-

1962 4689 2186 4746 dendum
2215 4699 2306 4756 est,
2329 4689 2488 4765 Cujus
2533 4689 2686 4764 culpa
2719 4695 2830 4749 est?
2873 4693 3026 4761 Quod
3059 4693 3104 4750 si
3135 4695 3347 4762 dixeris,
3389 4693 3510 4748 Mea
3539 4695 3560 4748 ὲ

1963 4785 2230 4840 dicendum
2251 4795 2348 4852 est,
2391 4786 2457 4840 Et
2484 4787 2736 4854 quomodo
2763 4799 2853 4843 tua
2878 4797 2972 4856 est,
3000 4789 3045 4842 si
3070 4802 3179 4842 esse
3205 4801 3306 4842 non
3329 4795 3472 4860 potos
3491 4787 3511 4814 ⁸
3531 4789 3556 4836 ν

1963 4875 2159 4933 lterum
2185 4875 2314 4934 facit
2338 4893 2398 4934 se
2435 4879 2751 4950 interrogari
2781 4887 2837 4934 et
2863 4877 2969 4935 dici
2999 4877 3101 4935 sibi
3135 4895 3150 4933 :
3182 4877 3261 4932 Tu
3296 4877 3406 4950 ipse
3445 4879 3556 4932 sine

1965 4977 2170 5037 peccato
2197 4983 2268 5032 es,
2317 4968 2408 5038 qui
2445 4968 2573 5024 dicis
2599 4970 2850 5024 hominem
2873 4969 2985 5024 sine
3011 4977 3214 5040 peccato
3233 4983 3340 5024 esse
3367 4983 3514 5044 posse
3531 4969 3557 5023 2

1964 5060 2033 5115 Et
2055 5057 2347 5129 respondet
2370 5077 2385 5114 :
2409 5058 2562 5125 Quod
2576 5077 2676 5115 non
2701 5077 2814 5116 sum
2837 5061 2947 5116 sine
2966 5067 3189 5133 peccato,
3232 5059 3379 5132 cujus
3401 5059 3556 5130 culpae

1964 5151 2082 5206 est?
2114 5152 2264 5219 Quod
2289 5152 2332 5207 si
2357 5152 2561 5217 dixin-it,
2609 5153 2798 5223 inquit,
2845 5151 2958 5207 Tua
2995 5163 3066 5206 est
3098 5167 3118 5206 :
3145 5151 3554 5223 respondendum

1965 5253 2059 5312 est,
2089 5243 2356 5310 Quomodo
2383 5259 2515 5312 mea,
2543 5243 2590 5298 si
2609 5261 2718 5299 esse
2735 5260 2834 5298 non
2857 5259 3062 5316 possum
3081 5244 3110 5298 ἵ
3125 5241 3235 5299 Nos
3260 5243 3556 5316 respOnde-

1966 5351 2105 5402 mus,
2135 5337 2340 5392 nullum
2367 5350 2488 5392 cum
2523 5335 2604 5392 eis
2627 5335 2694 5390 de
2723 5335 2808 5390 bis
2834 5333 3011 5390 verbis
3037 5349 3158 5391 esse
3189 5333 3391 5392 debere
3423 5351 3558 5392 eou-

1965 5428 2167 5486 ﬂictum
2191 5445 2206 5481 :
2227 5428 2350 5501 quia
2371 5443 2476 5484 non
2498 5435 2580 5484 est
2605 5441 2768 5482 ausus
2791 5425 2972 5482 dicere
3001 5425 3274 5483 hominem
3297 5440 3420 5484 esse
3439 5417 3553 5484 sine

2031 5626 2046 5658 ε
2083 5631 2134 5673 tn
2155 5631 2282 5680 Mss,
2303 5617 2570 5685 itnputaltit.
2593 5625 2754 5685 Graec
2780 5625 2874 5683 est,
2896 5617 3128 5685 logisetai.

2029 5689 2048 5718 ²
2085 5685 2290 5734 vaticani
2314 5680 2416 5733 Mss.
2435 5717 2450 5744 ,
2471 5681 2558 5732 das
2580 5680 2715 5733 mihi.

2032 5750 2052 5780 ⁸
2086 5755 2219 5812 l.ov..
2250 5745 2294 5796 si
2331 5745 2430 5795 inse
2469 5745 2570 5796 sine
2607 5753 2802 5812 peccato
2831 5759 2934 5798 esse
2965 5759 3060 5800 non
3101 5759 3245 5812 petes.
3291 5746 3553 5807 ltedundnt,

1968 5812 2070 5875 ipse
2089 5809 2190 5862 sine
2215 5815 2425 5872 peccato,
2451 5819 2546 5858 nec
2569 5809 2646 5858 cSt
2667 5810 2714 5858 in
2739 5815 2847 5859 Mss.
2957 5821 2959 5824 ‘

2351 5915 2354 5918 '
3009 5897 3235 5968 (Βίας.)
