3994 6178
422 295 526 352 299

421 421 662 480 ructato,
688 408 1045 480 velaliquem,
1075 404 1252 463 votae
1287 405 1482 476 ipsum,
1501 399 2004 461 sed-tantummodo

420 517 540 556 esse
593 515 770 574 posse,
812 497 1116 570 resyondit;
1171 495 1314 566 quod
1365 509 1538 566 neque
1577 508 1676 551 nos
1727 503 2001 565 negamus.

427 594 652 663 Quando
677 601 858 650 autem
881 591 1068 662 possit,
1099 595 1156 645 et
1182 603 1280 659 per
1301 602 1458 659 quem
1485 585 1684 656 possit,
1714 584 1818 641 hoc
1856 601 2004 654 quae-

423 687 575 740 ritur.
591 685 648 739 Si
676 684 818 740 enim
843 682 1119 746 modoest,
1148 677 1620 736 nouomnianitua:
1651 676 1794 732 ﬁdeli
1823 677 2007 745 positu:

423 777 473 829 in
502 789 726 845 corpore
753 773 942 830 mortis
970 771 1126 848 hujus
1147 770 1407 828 orandum
1443 776 1528 824 est
1547 806 1565 836 ,
1599 777 1662 823 ἐι
1683 766 1968 822 dicendum
1991 808 2006 833 ,

423 865 630 920 Dimitte
655 865 802 920 nobis
831 863 1001 920 debita
1033 870 1206 916 nostra
1233 877 1253 917 :
1277 874 1406 916 eum
1433 857 1548 930 jam
1576 857 1632 913 in
1676 866 1862 914 sancto
1909 857 2012 912 Ba-

419 959 614 1028 ptisuio
649 956 898 1014 universa
935 953 1135 1010 fuerint
1166 950 1386 1010 dimissa
1430 949 1716 1022 pratterita.
1758 948 2012 1018 Quisquis

417 1060 595 1108 autem
627 1047 888 1104 membris
927 1045 1176 1103 ﬁdelibus
1192 1043 1394 1100 Christi
1437 1042 1540 1098 hoc
1567 1057 1676 1097 non
1711 1055 1834 1096 esse
1853 1054 2014 1094 orau-

411 1143 568 1212 dum,
593 1140 912 1212 persuadere
935 1147 1184 1204 conatur,
1229 1136 1364 1193 nihil
1385 1136 1528 1192 aliud
1557 1151 1717 1207 quam
1751 1150 1810 1191 se
1838 1135 2010 1211 ipsum

419 1234 768 1290 christianum
800 1247 909 1288 non
941 1245 1064 1288 esse
1095 1231 1396 1300 proﬁtetur.
1438 1229 1608 1286 Porro
1637 1229 1681 1284 si
1714 1244 1809 1299 per
1828 1245 1886 1283 se
1933 1227 2014 1298 ip-

419 1341 537 1380 sum
585 1333 758 1393 potest
802 1324 968 1381 .homo
997 1336 1122 1378 esse
1162 1320 1280 1378 sine
1328 1328 1567 1390 peccato,
1619 1335 1738 1390 ergo
1781 1319 2014 1375 Christus

421 1417 927 1488 gtttlismorluusest
957 1413 1166 1487 (σάοι.
1193 1428 1254 1477 ιι,
1282 1411 1400 1484 2t).
1454 1410 1574 1468 Non
1625 1419 1802 1466 autem
1847 1411 2017 1482 gratis

419 1489 671 1566 Christus
715 1517 958 1565 mortuus
981 1513 1066 1562 est
1095 1521 1246 1566 :non
1278 1505 1439 1576 igitur
1482 1514 1657 1574 potest
1698 1502 1858 1559 homo
1897 1517 2017 1559 esse

419 1600 540 1654 sine
565 1607 804 1668 peccato,
843 1599 1002 1652 etiam
1029 1596 1074 1652 si
1103 1596 1252 1662 velit,
1281 1595 1384 1652 nisi
1415 1593 1698 1665 adjuveQur
1721 1593 1891 1663 gratia
1919 1593 2017 1649 Dei

423 1708 520 1762 per
542 1690 723 1748 lesuu:
749 1687 844 1746 Clu
861 1691 1017 1743 istum
1047 1689 1329 1744 Dominum
1353 1695 1616 1743 nastrum.
1641 1686 1793 1755 Quod
1817 1695 1868 1740 ut
1897 1703 2020 1756 per-

423 1782 663 1846 ﬁciatur,
715 1790 770 1836 et
821 1780 1044 1848 nuncin
1097 1777 1496 1850 proﬁcientibus
1547 1778 1742 1847 agitur,
1787 1787 1841 1832 et
1871 1786 2018 1839 omni

347 1880 356 1889 '
423 1874 584 1928 modo
625 1872 949 1944 itnplebitur,
997 1871 1342 1928 contentione
1386 1867 1576 1924 mortis
1603 1867 1914 1936 absumpta,
1963 1876 2020 1922 et

421 1967 680 2020 chariiate
705 1982 826 2034 ane
846 1963 1112 2020 credendo
1132 1971 1186 2018 et
1205 1961 1475 2032 sperando
1503 1961 1758 2030 nutritur,
1785 1959 2018 2016 videndo

425 2067 482 2113 et
503 2057 791 2115 obtinendo
823 2055 1076 2125 perfecta.
1195 2113 1203 2122 ο

494 2147 718 2204 CAPUT
749 2147 881 2204 Vlll.
908 2177 980 2188 --
1005 2148 1091 2206 Π.
1124 2146 1326 2208 Deinde
1351 2146 1578 2202 instituit
1607 2147 1626 2180 ¹
1647 2146 1844 2202 divinis
1865 2147 2019 2202 testi-

424 2238 618 2296 moniis
643 2254 801 2310 agere
823 2237 967 2310 quod
993 2238 1224 2303 intendit
1257 2257 1272 2294 :
1298 2237 1442 2308 quod
1477 2239 1636 2308 quale
1674 2239 1764 2304 sit,
1793 2237 2018 2309 diligen-

424 2331 530 2384 tius
555 2329 916 2388 advertamus.
936 2347 954 2380 ς
976 2327 1326 2392 Testimonia,
1348 2329 1572 2398 nitiquit,
1593 2329 1814 2398 «quibus
1827 2331 2021 2400 proba-

423 2431 510 2476 tur
538 2429 860 2490 praeceptum
889 2435 1014 2476 esse
1049 2420 1253 2476 homini
1282 2429 1342 2475 ut
1366 2419 1572 2490 absque
1613 2431 1836 2490 peccato
1855 2422 1952 2476 sit.
1993 2441 2015 2475 ο

421 2514 503 2568 Ad
567 2513 670 2570 hoc
711 2511 1102 2582 reSpoudemus
1131 2528 1148 2568 :
1181 2511 1299 2568 Non
1336 2519 1524 2573 utrum
1575 2519 1900 2582 prmeeptum
1950 2517 2022 2568 sit

425 2602 704 2673 quieritur,
729 2600 1058 2674 quodvalde
1083 2601 1428 2658 manifestum
1454 2612 1570 2668 est;
1599 2601 1692 2658 sed
1721 2603 1822 2658 hoc
1845 2604 2018 2673 ipsum

421 2691 560 2768 quod
591 2703 916 2765 praeceptum
933 2677 1068 2750 esse
1091 2702 1322 2760 constat,
1352 2703 1524 2752 utrum
1546 2695 1599 2749 in
1627 2710 1854 2767 corpore
1875 2713 2021 2750 inor-

423 2787 493 2843 tis
518 2787 675 2858 hujus
700 2787 868 2858 possit
897 2785 1129 2856 impleri,
1145 2785 1238 2847 ubi
1255 2801 1380 2844 caro
1397 2788 1734 2857 concupiscit
1756 2788 2020 2843 adversus

421 2879 688 2951 spiritum,
721 2887 774 2934 et
797 2878 1016 2950 spiritus
1039 2877 1294 2944 adversus
1311 2891 1560 2945 carnem,
1593 2887 1652 2932 ut
1679 2894 1782 2931 non
1809 2893 1872 2934 ea
1899 2895 2020 2950 qtne

424 2971 670 3026 volumus
695 2965 974 3026 faciamus.
1003 2969 1080 3024 De
1098 2983 1206 3038 quo
1231 2983 1460 3038 corpore
1482 2969 1668 3024 mortis
1695 2968 1872 3039 hujus,
1910 2985 2017 3024 non

425 3060 601 3118 nntnis
629 3059 884 3116 liberatur
905 3058 998 3128 qui
1025 3058 1140 3114 finit
1183 3057 1320 3113 hanc
1344 3057 1530 3123 vitam,
1574 3057 1668 3112 sed
1697 3058 1788 3129 qui
1832 3058 1883 3113 in
1917 3058 2020 3116 hac

423 3153 530 3206 vita
560 3149 1116 3220 susceperitgratiam,
1159 3156 1217 3205 et
1241 3163 1310 3204 ue
1329 3149 1383 3204 in
1416 3162 1607 3204 vanum
1647 3148 1904 3218 suscipiat
1925 3149 2018 3204 bo-

426 3241 510 3297 nis
537 3239 788 3309 operibus
813 3239 1000 3310 egerit.
1027 3237 1183 3294 Aliud
1209 3247 1293 3295 est
1325 3239 1488 3300 enim.
1511 3239 1660 3294 exire
1681 3238 1749 3296 de
1771 3238 1874 3294 hoc
1897 3255 2020 3295 cor-

427 3345 579 3400 pore,
604 3331 744 3402 quod
783 3345 970 3385 omnes
1006 3329 1251 3386 homines
1288 3328 1406 3386 dies
1450 3331 1572 3384 vita:
1618 3329 1774 3399 hujus
1802 3331 2018 3388 ultimus

427 3421 565 3492 cogit
598 3439 611 3476 :
641 3420 782 3476 aliud
809 3429 894 3475 est
937 3429 1138 3486 autem,
1177 3421 1390 3478 liberari
1443 3420 1510 3476 de
1560 3437 1787 3490 corpore
1829 3422 2018 3478 mortis

426 3512 759 3584 ltnjus,quod
789 3513 900 3568 Sola
935 3512 1027 3568 Dei
1052 3513 1223 3583 gratia
1258 3527 1354 3583 per
1373 3511 1554 3568 Jesum
1581 3512 1854 3569 Christum
1905 3514 2015 3569 Do-

426 3606 627 3658 tninutu
677 3616 918 3658 nostrum
967 3605 1167 3660 sanctis
1219 3615 1275 3659 et
1329 3603 1586 3664 ﬁdelibus.
1621 3603 1738 3675 ejus
1779 3605 2020 3675 impertit

425 3694 600 3762 (Itoni.
632 3709 727 3760 vn,
754 3693 845 3762 ‘Zl,
871 3691 992 3765 23.)
1039 3694 1166 3750 Post
1194 3693 1332 3750 hanc
1369 3703 1546 3766 autem
1594 3696 1756 3752 vitam
1812 3710 2019 3752 merces

431 3783 714 3854 perficieus
739 3785 1002 3864 redditur,
1050 3785 1146 3841 sed
1193 3789 1272 3842 eis
1301 3793 1505 3841 tantum
1531 3802 1561 3839 ει
1592 3788 1783 3858 quibus
1820 3788 1874 3842 in
1919 3788 2017 3843 hac

425 3879 531 3932 vita
572 3877 808 3948 t‘jllStieln
860 3877 1125 3959 mercedis
1174 3878 1422 3933 tneritum
1475 3887 1838 3947 comparatur.
1897 3879 2016 3934 Non

426 3971 567 4026 enim
596 3971 659 4025 ad
692 3970 1025 4026 saturitatem
1047 3969 1290 4040 justitiam,
1321 3986 1446 4028 cum
1467 3971 1594 4026 hinc
1621 3973 1830 4038 exierit,
1873 3973 2016 4043 quis-

425 4078 530 4134 quc
557 4061 846 4131 perveniet,
890 4062 987 4116 nisi
1013 4061 1078 4116 ad
1097 4077 1217 4117 eam
1239 4077 1360 4117 cum
1393 4061 1485 4117 hic
1509 4072 1612 4128 est,
1653 4063 1940 4118 esuriendo
1963 4073 2018 4119 et

429 4152 656 4208 sitiendo
701 4155 1016 4207 incurrerit.
1061 4151 1206 4207 Beati
1235 4154 1432 4224 quippe
1473 4153 1560 4225 qui
1601 4155 1828 4208 esuriant
1863 4164 1912 4208 et
1947 4155 2018 4209 si-

386 4259 406 4326 ς
430 4245 557 4298 tiunt
583 4245 854 4313 justitiam,
885 4244 1118 4310 quoniam
1144 4243 1241 4315 ipsi
1258 4243 1840 4317 suturabuuturUlattlt.
1859 4262 1910 4312 ν,
1933 4245 2013 4316 9).

396 4345 414 4395 ·.
506 4327 598 4392 ιεξ
641 4335 899 4400 Quamdiu
933 4350 1075 4418 surgo
1119 4336 1516 4408 peregrinantes
1563 4351 1594 4391 a
1638 4337 1865 4392 Domino
1919 4353 2017 4407 per

393 4420 401 4430 .
431 4428 587 4484 [idem
616 4425 966 4496 ambulamus,
1000 4440 1104 4478 non
1134 4441 1228 4493 per
1252 4426 1484 4495 Speciem
1529 4426 1606 4495 (ll
1629 4426 1746 4482 Cor.
1774 4443 1826 4493 ν,
1857 4429 1910 4490 6,
1935 4429 2012 4498 7),

431 4507 572 4574 unde
599 4516 794 4570 dictqu
819 4527 919 4582 est,
941 4515 1128 4592 Justus
1155 4533 1217 4573 ex
1261 4517 1363 4588 [ide
1403 4518 1520 4572 vivit
1549 4518 1570 4592 (
1592 4519 1790 4574 Ilabac.
1824 4537 1894 4586 ιι,
1919 4520 2012 4592 4);

431 4612 546 4666 luce
567 4619 648 4665 est
675 4619 852 4662 nostra
890 4609 941 4661 in
975 4605 1086 4676 ipsa
1121 4608 1544 4678 peregrinatione
1579 4609 1808 4680 iustitia,
1847 4622 1901 4665 ut
1947 4612 2018 4668 ad

431 4705 575 4776 illam
613 4699 990 4774 perfectionem
1018 4701 1506 4772 plenitudinemqtte
1541 4701 1780 4773 justitite,
1825 4704 1916 4760 ubi
1960 4705 2013 4762 in

430 4793 609 4867 specie
637 4781 848 4849 decoris
889 4795 1005 4859 ejus
1055 4789 1163 4862 jam
1217 4792 1368 4861 plcnzt
1412 4801 1468 4847 et
1513 4793 1748 4863 perfecta
1781 4794 2016 4852 Charitas

433 4891 574 4957 erit;
628 4904 765 4942 nunc
789 4887 953 4955 ipsius
1018 4902 1204 4942 cursus
1249 4885 1568 4942 recu'tndine
1605 4897 1660 4943 et
1689 4887 2018 4958 perfectione

433 4966 733 5048 tendamus,
785 4978 1092 5050 castigando
1137 4992 1333 5046 corpus
1377 4989 1618 5033 nostrum
1661 4987 1718 5034 et
1770 4979 2020 5036 servituti

432 5071 784 5142 subjicienda,
817 5077 872 5126 et
896 5050 1264 5140 elecmosynas
1307 5069 1360 5124 in
1398 5069 1590 5126 dandis
1613 5070 1911 5138 beneﬂciis,
1959 5083 2014 5129 et

430 5141 760 5216 dimittendis
798 5175 916 5232 qua!
947 5161 998 5215 in
1031 5175 1127 5214 nos
1165 5168 1291 5217 sunt
1317 5158 1601 5215 commissa
1632 5162 1884 5230 peccatis.
1927 5162 2018 5217 bis

433 5258 510 5308 t:-r
535 5267 612 5306 tt‘t‘
656 5263 708 5322 et
747 5267 812 5308 ex
864 5253 1026 5308 corde
1068 5251 1330 5317 f.u‘i6ttd0,
1373 5263 1425 5308 et
1447 5251 1778 5308 orationibus
1815 5253 2014 5310 indesi-

434 5357 622 5422 nenter
645 5343 920 5410 instando;
950 5353 1005 5400 et
1033 5342 1147 5400 hac
1175 5343 1415 5400 faciendo
1439 5345 1462 5376 ³
1493 5344 1545 5400 in
1575 5343 1817 5401 doctrina
1845 5362 2010 5415 sana,

434 5454 535 5506 qua
569 5434 856 5489 :t-diﬁcatnr
880 5435 1010 5490 ﬁdes
1039 5447 1207 5501 recta,
1235 5451 1356 5505 Spes
1385 5435 1556 5502 ﬁrma,
1599 5435 1833 5492 chartis
1862 5454 2010 5508 pura.

496 5617 512 5646 ί
549 5622 646 5663 nuo
669 5620 795 5673 uss,
813 5610 1044 5675 deinceps
1065 5610 1281 5675 instituit.

494 5681 514 5710 ⁸
548 5684 600 5745 ltt_
622 5671 1123 5745 eililist'tufesittt’ntt‘
1146 5673 1406 5745 iltststendo
1425 5682 1470 5745 et
1625 5676 1861 5740 ρει-ἀηδέα.
1879 5689 1930 5732 ιι
1965 5681 2014 5730 in

475 5751 520 5791 si
546 5777 560 5798 ,
584 5735 900 5789 indesinmter
924 5734 1160 5796 instruulo,
1180 5741 1222 5784 et
1246 5735 1351 5786 lucc
1371 5736 1608 5799 timidule.

1663 285 1724 340 S.
1765 279 2127 340 AUGUSTI?“
2169 281 2462 344 El‘iSCtll’l

3601 297 3708 354 500

2085 415 2096 422 λ
2121 403 2244 458 flare
2269 415 2350 460 εει
2376 419 2516 462 nunc
2541 413 2718 460 nostra
2742 406 2958 476 'juuttia
2979 447 2992 470 ,
3034 421 3136 474 qua
3157 407 3424 464 currimus
3462 413 3710 468 esurien-

2121 505 2202 552 tes
2221 503 2277 551 et
2299 495 2540 552 sitientes
2563 496 2635 552 ad
2661 498 3040 568 perfect-onem
3089 499 3576 571 plenitudinemque
3610 505 3702 573 ju-

2117 586 2297 653 stitite,
2345 595 2403 640 ut
2445 603 2508 642 ea
2561 598 2744 656 postea
2793 597 3115 654 saturentur.
3161 589 3311 647 Unde
3357 589 3612 648 Dominus
3650 596 3704 649 in

2121 676 2410 746 Evangelia
2433 691 2554 732 cum
2593 676 2837 742 dixisset,
2887 677 3064 734 Nolite
3099 679 3264 751 facere
3297 681 3560 752 justitiam
3597 701 3708 738 ves-

2117 779 2248 822 tram
2273 783 2441 822 coram
2468 767 2772 832 hominibus,
2799 778 2858 822 ut
2893 769 3160 824 videamini
3184 773 3245 824 ab
3269 773 3342 827 eis
3363 771 3580 841 (llattlt.
3632 791 3705 842 τι,

2123 861 2208 930 ι);
2248 873 2316 914 ne
2343 859 2500 914 istum
2525 867 2785 914 nostrum
2830 873 3044 915 curSnm
3089 861 3193 915 ﬁne
3233 861 3481 917 humana:
3522 865 3712 934 gloriae

2118 945 2450 1016 metiretnur,
2494 963 2600 1005 non
2625 959 2708 1005 est
2734 949 2789 1006 in
2813 942 3147 1022 expositiorie
3171 949 3392 1022 justitiie
3418 955 3588 1024 ipsius
3613 971 3679 1010 ex

2103 1052 2352 1106 secutus,
2371 1042 2478 1096 nisi
2497 1044 2594 1097 tria
2612 1043 2733 1110 ista,
2782 1043 3064 1115 jejunium,
3093 1045 3486 1120 elecmosynas,
3508 1050 3713 1104 oralio-

2122 1149 2251 1188 nes:
2279 1133 2486 1202 jejunio
2527 1133 3072 1192 scilicet-universam
3113 1138 3354 1206 corporis
3399 1140 3713 1210 castigatio-

2122 1240 2243 1278 nem
2273 1225 2613 1294 signiﬁcans;
2636 1225 3016 1298 eleemosynis,
3042 1243 3254 1283 omnem
3279 1229 3713 1286 benevolentiam

2119 1324 2176 1370 et
2199 1316 2626 1384 beneﬁcentiam,
2657 1318 2742 1373 vel
2781 1317 2962 1383 dandi,
2997 1317 3079 1372 vel
3113 1319 3454 1388 ignoscendi;
3502 1331 3557 1375 et
3587 1336 3714 1376 ora-

2123 1406 2266 1460 tione
2297 1407 2574 1462 insinuans
2617 1421 2807 1464 omnes
2857 1409 3066 1479 regulas
3107 1410 3275 1465 sancti
3325 1412 3577 1466 desiderii
3605 1430 3620 1465 :
3652 1423 3712 1468 ut

2115 1500 2370 1569 quoniam
2409 1501 2464 1554 in
2501 1499 2854 1570 ca'sﬁgalione-
2889 1502 3130 1572 corporis
3173 1500 3414 1558 frenatur
3455 1507 3712 1575 concupi-

2119 1593 2346 1656 sceutia,
2367 1607 2488 1662 qua:
2513 1609 2621 1648 non
2647 1592 2868 1660 frenari,
2891 1594 2986 1649 sed
3013 1593 3231 1649 omnino
3255 1610 3375 1650 esse
3397 1611 3502 1652 non
3527 1597 3710 1664 debet,

2121 1702 2222 1740 nec
2241 1685 2343 1740 erit
2383 1687 2436 1740 in
2463 1686 2554 1740 illa
2595 1677 2925 1756 perfectione
2957 1685 3196 1756 justitim,
3228 1687 3315 1742 ubi
3359 1689 3561 1742 nullum
3605 1689 3714 1744 erit

2117 1776 2346 1830 otnuino
2377 1785 2686 1845 peccatum;
2723 1786 2778 1832 et
2797 1773 2941 1848 stupe
2967 1777 3022 1831 in
3052 1791 3152 1831 usu
3181 1791 3359 1832 rerum
3387 1778 3543 1833 etiam
3573 1793 3712 1832 cou-

2121 1882 2394 1922 ecssarum
2445 1879 2606 1939 atque
2645 1869 2904 1923 liciturum
2963 1870 3164 1924 exserit
3214 1869 3709 1925 immoderationeut

2123 1968 2274 2013 suam
2300 1975 2315 2014 :
2343 1959 2400 2014 in
2437 1959 2548 2030 ipsa
2575 1967 2700 2015 'vera
2731 1961 3080 2016 beneﬁcentia
3125 1977 3226 2032 qua
3262 1965 3441 2032 justus
3481 1965 3714 2018 consulit

2120 2049 2390 2119 proximo,
2429 2049 2675 2119 quaedam
2726 2051 2862 2105 ﬁunt
2894 2067 3014 2120 qua:
3059 2050 3256 2115 obsint,
3309 2067 3429 2107 cum
3457 2054 3716 2122 prodesse

2126 2147 2304 2208 putata
2332 2141 2474 2206 sint;
2517 2149 2572 2196 et
2619 2139 2906 2212 aliquando
2931 2157 3028 2212 per
3057 2141 3444 2208 inﬁrmitatem,
3473 2145 3554 2198 vel
3585 2160 3713 2199 eum

2121 2233 2299 2288 minus
2323 2231 2522 2288 sufﬁcit
2543 2234 2561 2267 ⁸
2589 2234 2994 2289 necessitatibus
3021 2235 3247 2288 aliorum
3270 2277 3284 2302 ,
3314 2235 3394 2289 vel
3431 2251 3616 2306 parum
3656 2235 3714 2290 in

2123 2323 2202 2380 eis
2225 2325 2452 2394 proﬁcit,
2503 2319 2644 2395 quod
2671 2327 3011 2397 benignitatis
3039 2342 3102 2382 ac
3128 2327 3325 2384 laboris
3365 2328 3714 2398 impenditur,

2123 2419 2360 2488 subrepit
2393 2418 2634 2483 tmdium,
2681 2434 2788 2489 quo
2821 2419 3055 2496 fuscetur
3094 2417 3354 2484 hilaritas,
3395 2419 3450 2473 in
3489 2435 3589 2488 qua
3619 2421 3718 2473 da-

2125 2517 2295 2562 torem
2337 2508 2509 2580 diligit
2555 2510 2696 2564 Dens
2740 2508 2806 2580 (II
2830 2509 2950 2566 Cor.
2997 2525 3067 2574 Ix,
3116 2511 3212 2581 7);
3257 2512 3499 2580 subrepit
3533 2523 3714 2568 autem

2125 2608 2272 2653 tanto
2297 2599 2484 2669 magis,
2512 2609 2712 2669 quanto
2737 2601 2914 2655 minus
2941 2602 3189 2670 quisque,
3233 2610 3288 2656 et
3329 2611 3474 2656 tanto
3514 2606 3714 2670 minus,

2121 2699 2322 2761 quanto
2351 2693 2518 2761 magis
2540 2691 2823 2762 profecerit
2849 2709 2862 2746 :
2891 2694 2972 2746 ltis
3005 2705 3166 2762 atque
3193 2693 3494 2761 lmjusmodi
3527 2696 3713 2749 consi-

2122 2783 2341 2840 deratis.
2371 2784 2560 2837 merito
2585 2783 2640 2837 in
2669 2783 2910 2838 oratione
2943 2783 3435 2852 (ἰὶρὶιιιιις,ὐὶιιιὶιιε
3459 2786 3600 2838 nobis
3627 2785 3717 2840 de-

2121 2875 2222 2929 bita
2249 2886 2440 2941 nostra,
2484 2879 2612 2929 sicut
2633 2887 2680 2930 et
2719 2891 2810 2931 nos
2843 2876 3143 2932 dimittiuuts
3168 2877 3473 2931 debitoribus
3507 2881 3712 2932 uostn’s.

2123 2968 2177 3021 Si
2205 2976 2380 3020 tamen
2410 2965 2549 3036 quod
2577 2966 2805 3020 dicimus
2827 3008 2844 3031 ,
2897 2966 3174 3031 faciamus,
3206 2977 3264 3020 ut
3293 2967 3374 3021 vel
3407 2967 3504 3037 ipsi
3548 2969 3712 3024 etiam

2121 3058 2404 3126 diligantur
2431 3059 2628 3112 inimici
2655 3074 2670 3112 :
2701 3057 2782 3111 vel
2815 3059 2857 3111 si
2885 3058 3166 3128 quisquam
3209 3059 3384 3112 adhuc
3412 3061 3464 3113 iu
3498 3059 3715 3114 Christo

2120 3147 2374 3217 parvulus
2405 3152 2504 3201 hoc
2555 3149 2790 3202 nondum
2839 3148 2999 3215 facit;
3033 3149 3312 3216 penitenti
3357 3159 3532 3204 tamen
3569 3150 3713 3220 quod

2124 3240 2175 3293 in
2205 3256 2326 3294 eum
2353 3241 2582 3310 quisque
2609 3241 2870 3310 peccavit,
2899 3249 2955 3296 et
2983 3240 3196 3296 veniam
3242 3241 3462 3311 petenti,
3495 3255 3560 3294 ex
3585 3241 3712 3295 inti-

2121 3346 2210 3385 mu
2239 3333 2415 3385 cordis
2441 3333 2696 3401 ignoscat,
2749 3333 2795 3388 si
2817 3332 2928 3389 vult
2965 3342 3026 3387 ut
3067 3332 3184 3404 ejus
3226 3319 3520 3388 orationem
3553 3334 3714 3390 l‘ater

2121 3424 2354 3478 ςωιίςδιιδ
2379 3423 2644 3476 εκειιιὼιιι.

2194 3535 2282 3590 19.
2319 3535 2371 3588 lu
2403 3549 2504 3604 qua
2541 3535 2802 3599 oratione,
2847 3535 2896 3590 si
2921 3535 3245 3590 comentiosi
3280 3551 3400 3590 esse
3442 3536 3712 3600 nolumus,

2119 3627 2249 3682 satis
2272 3627 2422 3681 nobis
2446 3626 2772 3696 propositum
2802 3628 3078 3697 speculum
3115 3638 3220 3694 est,
3263 3628 3352 3683 ubi
3400 3627 3716 3696 inspiciatur

2120 3721 2225 3774 vita
2261 3718 2545 3788 ju<torum,
2581 3719 2672 3788 qui
2718 3734 2785 3774 ex
2838 3718 2942 3774 ﬁde
2985 3720 3187 3784 vivunt,
3221 3728 3276 3774 et
3318 3719 3548 3789 perfecte
3589 3709 3706 3774 cur-

2120 3816 2262 3872 runt,
2296 3809 2536 3877 quamvis
2572 3812 2689 3864 sine
2715 3819 2934 3879 peccato
2981 3827 3086 3864 non
3134 3811 3261 3866 sint.
3298 3809 3452 3866 Unde
3490 3811 3710 3878 dicunt,

2122 3901 2330 3956 Dimitte
2369 3900 2548 3968 nobis;
2596 3902 2717 3972 quia
2763 3903 2998 3960 nondum
3029 3919 3136 3973 quo
3175 3903 3408 3958 curritur
3455 3919 3710 3973 perveni}

2120 4004 2260 4048 runt.
2297 3993 2426 4048 llittc
2453 3993 2581 4048 dicit
2607 3995 2891 4062 Apostolus
2921 4011 2936 4049 :
2967 3993 3086 4048 Non
3119 3995 3238 4064 quia
3254 3995 3369 4064 jam
3403 3995 3706 4065 acceperint,

2119 4097 2210 4141 aut
2219 4088 2332 4158 jam
2361 4088 2609 4158 perfectus
2633 4087 2770 4141 sim:
2795 4091 2995 4158 fratres,
3019 4103 3110 4158 ego
3133 4104 3210 4141 me
3231 4105 3330 4140 non
3365 4088 3582 4141 arbitmr
3609 4105 3706 4156 ap-

2120 4179 2481 4252 prelteudisse;
2509 4196 2666 4234 unum
2691 4189 2878 4246 autem,
2908 4196 3024 4252 qua:
3051 4191 3182 4234 retro
3204 4180 3406 4245 oblitus,
3435 4181 3487 4233 iu
3515 4193 3577 4234 eu
3597 4197 3712 4247 quc

2119 4283 2236 4326 ante
2269 4281 2388 4326 sunt
2426 4283 2676 4337 extentus,
2729 4269 3003 4324 secundum
3044 4271 3369 4324 intentiouettt
3416 4287 3596 4342 sequor
3638 4272 3708 4325 ad

2120 4365 2342 4434 palmam
2361 4379 2593 4434 superna:
2615 4363 2887 4416 vocationis
2912 4361 3003 4416 Dei
3040 4363 3092 4415 in
3119 4361 3320 4418 Christo
3345 4361 3492 4416 Iesu.
3541 4363 3708 4428 Quot-

2118 4466 2236 4526 quot
2265 4469 2382 4526 ergo
2412 4454 2638 4524 perfecti,
2668 4455 2762 4506 hoc
2789 4454 3046 4524 sapiamus
3077 4451 3333 4524 (Philipp.
3363 4467 3438 4516 ιιι,
3475 4451 3708 4523 12-15);

2119 4550 2170 4605 id
2213 4559 2316 4614 est,
2356 4557 2614 4617 quotquot
2660 4546 2894 4616 perfecte
2935 4549 3220 4610 currimus,
3267 4548 3367 4602 hoc
3412 4549 3706 4617 sapiamus,

2118 4641 2258 4709 quod
2300 4637 2530 4692 nondum
2572 4635 2793 4707 perfecti
2835 4652 3040 4704 sumus,
3089 4647 3147 4692 ut
3189 4639 3296 4693 illic
3344 4643 3707 4709 perﬁciantur,

2118 4749 2224 4802 quo
2254 4729 2485 4799 perfecte
2526 4730 2699 4785 adhuc
2727 4731 3008 4798 currimus
3037 4749 3050 4785 :
3079 4743 3136 4786 ut
3165 4746 3287 4786 cum
3328 4731 3532 4787 venerit
3563 4733 3706 4801 quod

2120 4825 2411 4896 perfectum
2437 4831 2538 4885 est,
2583 4821 2727 4892 quod
2751 4836 2816 4878 ex
2849 4832 2997 4892 parte
3029 4831 3110 4876 est
3137 4821 3481 4886 destruatur;
3521 4820 3573 4874 id
3599 4833 3704 4886 est,

2119 4931 2226 4970 non
2248 4915 2358 4985 jam
2387 4929 2450 4969 ex
2490 4924 2642 4985 parte
2662 4914 2748 4980 sit,
2783 4913 2876 4968 sed
2897 4929 2962 4969 ex
2989 4923 3129 4980 toto;
3179 4914 3306 4984 quia
3335 4913 3454 4966 ﬁdei
3491 4921 3546 4966 et
3588 4913 3707 4982 spei

2115 5007 2226 5079 jam
2258 5022 2344 5063 res
2368 5007 2501 5078 ipsa,
2533 5022 2637 5061 non
2659 5007 2777 5076 qua:
2799 5006 3048 5062 credatur
3073 5014 3129 5060 et
3155 5017 3420 5076 speretur,
3461 5004 3556 5060 sed
3585 5019 3706 5074 quze

2118 5103 2362 5158 videatur
2390 5102 2731 5174 teneatnrqne
2777 5100 3028 5156 succedet
3056 5122 3068 5154 :
3097 5099 3330 5155 charilas
3351 5107 3552 5162 autem,
3585 5112 3705 5168 qua:

2118 5193 2173 5250 in
2205 5193 2288 5248 his
2315 5193 2481 5246 tribus
2503 5191 2672 5260 major
2699 5200 2802 5254 est,
2823 5207 2926 5244 non
2951 5189 3222 5266 auferetur
3248 5185 3429 5260 (lCor.
3461 5203 3578 5253 χιιι,
3613 5186 3704 5250 10,

2121 5285 2211 5355 13)
2235 5302 2250 5349 ;
2273 5282 2367 5339 sed
2397 5282 2674 5351 angi-bitur
2701 5291 2752 5336 et
2783 5281 3088 5351 implebitnr
3116 5282 3160 5348 ',
3190 5280 3539 5346 contemplata
3561 5277 3706 5348 quod

2119 5376 2393 5438 credebat,
2437 5383 2493 5428 et
2517 5373 2658 5443 quod
2685 5373 2933 5444 Sperabat
2963 5372 3198 5444 indepta.
3249 5370 3310 5431 In
3338 5387 3442 5442 qua
3469 5371 3706 5443 plenitu-

2185 5572 2201 5604 ί
2247 5572 2318 5621 sic
2363 5569 2531 5634 [iures
2557 5570 2906 5634 manuscripti.
2940 5568 3029 5618 Αιιί
3071 5583 3184 5620 cum
3230 5569 3394 5629 editis,
3449 5565 3709 5632 audiatur.

2119 5657 2205 5769 αἶ
2255 5660 2464 5766 “ff!-
2491 5652 2730 5718 θιιιιιιωε
2749 5661 2878 5716 ω..
2909 5665 3004 5703 non
3033 5653 3307 5714 auferatur,
3345 5649 3434 5703 sed
3471 5653 3708 5716 augeatur

2185 5729 2284 5769 um;
2320 5729 2360 5764 'tt
2383 5731 2461 5764 ur.

2185 5729 2461 5780 unpteutur.
