4002 6178
242 360 349 420 δδι

239 479 374 533 diue
421 472 702 530 cbaritatis
745 476 1068 542 prteceptnm
1101 465 1232 523 illud
1273 469 1600 536 imptebitur,
1639 459 1835 533 Diliges

239 569 526 624 Dominum
546 564 710 620 Deum
737 573 874 618 tuum
901 579 964 616 ea:
981 569 1083 616 tota
1101 559 1252 614 corde
1279 568 1386 626 tuo,
1428 565 1474 612 et
1497 571 1562 612 ea:
1589 564 1693 610 tota
1722 555 1836 608 ani-

237 677 330 714 mo
354 669 466 724 tua,
509 666 557 710 et
579 671 646 710 ea:
669 665 773 710 tota
798 661 960 708 mente
997 662 1085 736 tua
1107 649 1286 725 (Deut.
1312 665 1387 716 vt,
1418 644 1498 719 5).
1542 645 1672 701 Nam
1713 658 1837 700 cum

239 761 328 807 cat
356 748 534 802 adhuc
573 745 770 817 aliquid
801 735 1542 808 carnalisconcupiscentiae,
1587 737 1728 809 quod
1754 735 1838 792 vel

245 839 578 896 continendo
626 837 888 902 freuetur,
923 850 1031 890 non
1055 831 1204 888 omni
1243 828 1404 886 modo
1431 843 1496 884 cx
1527 837 1634 882 tota
1659 826 1836 882 anima

241 931 485 1002 diligitur
521 929 682 982 Deus.
726 925 843 982 Non
887 925 1029 980 enim
1057 937 1184 978 caro
1229 920 1346 976 sine
1367 919 1543 973 anima
1581 915 1838 987 concupi-

239 1024 366 1087 scit,
415 1021 663 1092 quamvis
713 1033 838 1074 caro
875 1015 1256 1086 concupiscere
1291 1012 1518 1079 dicatur,
1559 1012 1682 1083 quia
1711 1025 1836 1065 car-

243 1113 448 1167 naliter
484 1112 661 1166 anima
695 1107 1042 1176 concupiscit.
1073 1105 1223 1160 Tunc
1243 1103 1347 1159 erit
1377 1102 1555 1173 jusnus
1583 1103 1700 1157 sine
1728 1101 1836 1156 ullo

240 1203 468 1258 omnino
499 1210 718 1270 peccato
739 1241 754 1264 ,
781 1197 996 1268 quando
1017 1197 1036 1228 ¹
1067 1195 1209 1249 nulla
1241 1193 1325 1248 lex
1353 1193 1454 1247 erit
1489 1193 1540 1247 in
1583 1189 1836 1246 membris

241 1297 362 1364 ejus
391 1305 696 1362 repugnans
729 1290 833 1358 legi
881 1288 1074 1342 mentis
1101 1284 1217 1358 ejus
1243 1285 1420 1357 (Rom.
1448 1299 1554 1348 vn,
1583 1281 1674 1355 9.3)
1698 1324 1713 1348 ,
1742 1280 1838 1336 sed

240 1400 473 1456 prorsus
521 1391 639 1439 tuto
664 1383 861 1447 corde,
891 1390 998 1436 tota
1037 1381 1213 1435 anima
1235 1421 1249 1445 ,
1282 1387 1388 1433 tota
1429 1389 1608 1432 mente
1655 1376 1839 1446 diliget

240 1476 414 1530 Deum
442 1516 456 1538 ,
505 1473 648 1544 quod
699 1482 781 1526 cst
827 1471 1054 1542 primum
1096 1485 1469 1538 summumque
1513 1477 1838 1538 prmreptum

237 1567 466 1639 (Matth.
500 1582 638 1633 xxu,
667 1567 757 1631 37,
785 1561 898 1637 '58).
925 1564 1034 1618 Cur
1057 1573 1318 1635 ergo‘non
1348 1561 1723 1632 prtrcipcrctur
1745 1559 1840 1613 bo-

241 1661 374 1714 mini
422 1661 523 1713 ista
564 1657 850 1728 perfectio,
881 1655 1124 1726 quamvis
1147 1670 1265 1708 eam
1299 1655 1351 1708 in
1399 1651 1501 1707 hac
1543 1653 1647 1706 vita
1679 1665 1839 1705 nemo

240 1749 481 1806 habeat?
511 1748 624 1802 Non
654 1747 800 1803 enim
838 1755 981 1801 recte
1019 1747 1272 1812 curritur,
1304 1745 1346 1799 si
1378 1759 1483 1814 quo
1513 1743 1838 1798 currendum

238 1851 326 1897 est
353 1842 644 1896 neseiatur.
668 1838 945 1907 Quomodo
970 1849 1144 1892 autem
1166 1838 1410 1901 sciretur,
1441 1837 1485 1890 si
1517 1835 1674 1890 nullis
1700 1851 1842 1905 prte-

238 1935 416 2004 eeptis
441 1930 860 1986 ostenderetur?
886 1930 974 1985 Sic
1009 1945 1137 2000 ergo
1163 1942 1442 1984 curramus
1465 1969 1479 1991 ,
1511 1937 1565 1981 ut
1591 1943 1840 1997 compre-

239 2025 568 2080 hendamus.
595 2022 796 2078 Omnes
821 2021 963 2077 enim
1001 2020 1088 2091 qui
1120 2029 1266 2075 recte
1303 2028 1558 2086 currunt,
1585 2033 1837 2087 compre-

240 2116 486 2171 hendent
507 2132 521 2168 :
546 2129 655 2168 non
677 2114 816 2168 sicut
843 2113 899 2166 in
923 2126 1091 2182 agone
1107 2112 1388 2176 theatrico,
1418 2123 1606 2164 omnes
1625 2109 1838 2180 quidem

240 2217 469 2265 currunt
492 2250 508 2272 ,
534 2207 628 2262 sed
675 2221 814 2260 unus
852 2205 1043 2274 accipit
1080 2204 1310 2274 palmam
1353 2201 1372 2274 (
1391 2201 1408 2255 I
1439 2199 1560 2258 Cor.
1593 2217 1666 2264 ιιι,
1699 2200 1836 2272 21).

240 2299 537 2356 Curramus
563 2296 865 2361 credendo,
898 2295 1164 2365 sperando
1185 2336 1198 2358 ,
1227 2292 1618 2357 desiderando;
1649 2307 1837 2346 curra-

240 2409 367 2448 mus
389 2409 590 2460 corpus
616 2387 950 2459 castigando,
977 2398 1031 2441 et
1053 2387 1422 2455 eIcetnosynas
1451 2387 1504 2439 in
1531 2383 1686 2438 bonis
1707 2382 1840 2438 dan~

239 2485 325 2540 dis
355 2485 618 2552 malisque
647 2480 987 2551 ignoscendis
1010 2520 1027 2548 ,
1075 2478 1314 2532 hilariter
1351 2485 1408 2532 et
1447 2492 1514 2532 ex
1555 2474 1720 2530 corde
1754 2474 1836 2530 fa-

241 2577 457 2638 ciendo,
489 2587 541 2630 et
569 2574 900 2630 currentium
925 2573 1066 2626 vires
1087 2580 1144 2625 ut
1171 2569 1490 2638 adjuvantur
1513 2565 1753 2631 orando;
1783 2574 1838 2622 et

240 2670 320 2723 sic
353 2667 638 2722 audiamus
671 2673 935 2734 prmcepta
973 2659 1342 2732 perfectionis,
1374 2675 1442 2716 ne
1469 2673 1690 2714 currere
1736 2673 1836 2713 ne-
1873 2672 1898 2682 '

243 2759 514 2829 gligamus
539 2757 606 2810 ad
635 2755 1017 2826 plenitudinem
1046 2751 1343 2806 charitatis.

313 2847 549 2904 CAPUT
589 2847 682 2902 IX.
717 2875 788 2888 ——
825 2845 918 2901 20.
948 2845 1040 2900 IIis
1068 2842 1396 2914 pratmissis,
1427 2856 1490 2896 ea
1533 2839 1834 2895 testimonia

241 2958 363 3012 qua:
393 2941 574 3010 posuit
620 2941 720 2995 iste
761 2938 848 2993 cui
877 2935 1298 3006 respondemus,
1334 2943 1582 3002 tanquam
1628 2945 1726 2984 nos
1771 2944 1836 2985 ea

241 3031 656 3102 protulerimus,
688 3028 974 3098 diligenter
1011 3025 1315 3079 audiamus.
1349 3040 1369 3074 ι
1401 3021 1458 3075 In
1501 3021 1832 3076 Deuterono-

241 3124 438 3178 miozt
485 3121 564 3176 Tu
611 3131 780 3174 autem
828 3122 1080 3190 perfectus
1127 3115 1225 3170 eris
1253 3131 1422 3168 coram
1463 3111 1682 3166 Domino
1727 3110 1836 3166 Deo

244 3225 328 3268 tuo
358 3212 537 3285 (Deut.
569 3228 716 3278 xvtn,
747 3212 858 3279 i5).
881 3209 1008 3265 Item
1037 3208 1148 3263 illic
1174 3224 1186 3260 :
1214 3204 1278 3258 Et
1299 3221 1397 3259 non
1421 3204 1514 3258 erit
1542 3204 1836 3258 inconsum-

246 3317 414 3360 matus
441 3306 516 3377 (a)
551 3305 602 3357 in
628 3303 750 3371 [iliis
779 3301 961 3356 Israel.
990 3299 1119 3354 Item
1161 3297 1402 3354 Salvator
1426 3298 1476 3350 in
1507 3296 1794 3365 Evangelia
1819 3311 1834 3349 :

245 3397 423 3452 Estote
453 3395 692 3468 perfecti,
724 3395 843 3466 quia
872 3391 1029 3447 Pater
1053 3400 1210 3446 vester
1239 3390 1326 3461 qui
1349 3389 1402 3443 in
1427 3388 1566 3442 caelis
1593 3397 1686 3452 est,
1719 3403 1836 3457 per-

243 3488 404 3560 fectus
430 3498 506 3542 est
538 3486 761 3557 (Matth.
794 3501 850 3548 v,
878 3484 1007 3552 48).
1038 3483 1168 3539 Item
1212 3481 1498 3552 Apostolus
1537 3479 1604 3534 ad
1649 3479 1839 3536 Corin-

245 3579 385 3633 thios
414 3578 652 3632 secunda
679 3594 691 3632 :
717 3575 796 3630 De
833 3585 1046 3641 cwtero,
1084 3577 1300 3646 fratres,
1343 3570 1587 3643 gaudete,
1627 3567 1837 3641 perfecti

245 3679 400 3724 estote
427 3668 497 3742 (Il
524 3667 642 3722 Cor.
676 3681 798 3732 XIII,
843 3668 953 3738 li).
982 3665 1114 3721 Item
1157 3665 1222 3720 ad
1249 3664 1598 3718 Colossenses
1623 3680 1639 3714 :
1665 3659 1838 3716 Corri-

246 3763 440 3834 pientes
467 3777 667 3814 omnem
695 3759 967 3821 hominem,
995 3768 1043 3812 et
1067 3758 1298 3812 docentes
1321 3756 1373 3809 in
1399 3755 1538 3808 omni
1562 3753 1834 3829 sapientia,

245 3865 300 3910 ιι
336 3854 665 3910 επιιιὸεαηιιιε
709 3868 909 3906 onmem
949 3850 1200 3904 hominem
1242 3850 1516 3920 perfectum
1551 3845 1606 3900 in
1633 3841 1836 3900 Christo

247 3947 480 4019 (Coloss.
508 3944 701 4012 1,28).
734 3943 862 3998 Item
907 3941 974 3997 ad
1022 3941 1426 4010 Philippenses:
1455 3937 1639 3992 Omnia
1682 3935 1836 4009 facite

249 4040 363 4093 sine
387 4035 794 4090 murmuratione
833 4045 880 4087 et
909 4032 1256 4097 luesitatione,
1287 4039 1342 4086 ut
1364 4030 1474 4084 sitis
1511 4027 1834 4100 irreprehen-

243 4129 418 4186 sibiles
434 4139 479 4182 et
497 4128 772 4197 simplices,
793 4116 918 4180 sicut
933 4125 1028 4194 filii
1048 4123 1145 4178 Dei
1163 4121 1469 4178 immaculati
1493 4117 1749 4192 (Philipp.
1774 4133 1832 4184 ιι,

246 4223 336 4282 ﬂ.
363 4221 480 4290 15).
521 4217 652 4274 Item
681 4217 746 4272 ad
787 4215 1047 4286 Ephesios
1072 4231 1086 4267 :
1108 4211 1408 4268 Benedictus
1441 4209 1575 4264 Deus
1603 4218 1649 4263 et
1677 4207 1836 4267 Pater

245 4310 458 4367 Domini
487 4311 648 4365 nostri
687 4308 811 4363 Jesu
841 4307 1061 4372 Christi,
1090 4306 1174 4375 qui
1199 4304 1450 4359 benedixit
1475 4318 1566 4356 nos
1601 4301 1656 4355 in
1698 4299 1839 4354 omni

247 4403 596 4459 benedictione
635 4397 918 4473 spirituali,
948 4398 1002 4452 in
1039 4397 1316 4452 ctelestibus
1344 4395 1397 4449 in
1439 4393 1636 4448 Christo
1660 4433 1676 4458 ,
1706 4391 1836 4445 sicut

246 4495 398 4566 elegit
439 4509 530 4548 nos
559 4493 613 4546 in
642 4493 754 4562 ipso
784 4500 900 4544 ante
939 4487 1114 4542 mundi
1141 4485 1541 4542 constitutionem
1561 4523 1576 4548 ,
1617 4492 1672 4535 ut
1698 4497 1833 4536 esse-

242 4603 360 4642 m
382 4585 545 4641 sancti
569 4593 618 4640 et
659 4581 972 4637 immaculati
1001 4580 1052 4634 in
1094 4587 1362 4649 conspectu
1385 4577 1497 4647 ejus
1525 4573 1743 4648 (Ephes.
1777 4588 1832 4638 1,

243 4677 304 4743 5,
331 4677 416 4748 ι).
447 4675 577 4731 Item
617 4673 685 4729 ad
725 4673 1070 4730 Colossenses
1095 4689 1109 4727 :
1134 4669 1198 4724 Et
1239 4686 1326 4724 vos
1367 4685 1484 4724 cum
1527 4667 1698 4722 essetis
1738 4667 1836 4723 ali-

242 4768 454 4835 quando
497 4767 706 4820 alienati
751 4774 798 4820 et
841 4763 1032 4818 inimici
1067 4779 1218 4816 sensu
1255 4763 1308 4815 in
1349 4759 1582 4830 operibus
1622 4759 1766 4813 malis
1787 4758 1832 4826 ί,

241 4879 381 4915 nunc
408 4871 580 4914 autem
603 4856 919 4912 reconciliati
937 4855 988 4910 in
1018 4869 1228 4924 corpore
1252 4853 1420 4907 carnis
1452 4853 1560 4921 ejus
1585 4867 1674 4922 per
1700 4866 1838 4904 mor-

241 4962 345 5006 tem
373 4953 510 5022 ejus,
542 4947 768 5004 exhibete
793 4963 880 5001 vos
903 4945 926 4979 ³
954 4955 1154 5000 sanctos
1181 4954 1228 4999 et
1264 4943 1612 4998 immaculato:
1639 4951 1684 4996 et
1709 4942 1834 4996 irre-

237 5041 607 5114 prehensibiles
654 5039 883 5110 (Coloss.
912 5053 968 5106 ι,
993 5037 1122 5106 2i).
1165 5035 1294 5090 Item
1323 5033 1390 5089 ad
1438 5033 1701 5104 Ephesios
1724 5054 1738 5086 :
1765 5029 1835 5088 Ut

231 5135 502 5194 exhiberet
527 5133 639 5203 ipse
661 5131 760 5188 sibi
787 5129 1062 5202 gloriosam
1089 5125 1370 5182 Ecclesium
1393 5165 1409 5188 ,
1436 5141 1537 5178 non
1569 5123 1834 5178 habentem

230 5227 500 5284 maculam
543 5231 634 5278 aut
673 5237 886 5294 rugam,
933 5229 1022 5275 aut
1065 5219 1258 5292 aliquid
1295 5215 1625 5286 huiusmodi,
1673 5225 1730 5270 ut
1770 5215 1836 5270 sit

225 5329 424 5374 sancta
450 5327 496 5371 et
525 5314 854 5369 immaculata
885 5311 905 5382 (
929 5310 1120 5384 Ephes.
1148 5325 1205 5378 v,
1228 5307 1360 5382 27
1392 5309 1522 5364 Item
1557 5306 1622 5362 ad
1647 5303 1838 5361 Coriu-

299 5443 321 5475 ¹
351 5441 493 5498 aliti,
517 5437 650 5513 quia.
673 5444 732 5489 At
751 5435 1111 5550 “Wo.
1414 5490 1429 5504 _
1614 5489 1628 5504 θ

299 5506 325 5537 ³
347 5509 398 5550 In
431 5502 660 5550 omnbus
689 5505 820 5550 ΜΒ..
1086 5506 1252 5550 salsus
1271 5492 1378 5550 dus
1409 5505 1460 5543 tn
1490 5503 1628 5550 ορεη

296 5488 660 5554 causam
689 5488 1378 5560 mutummutum
1409 5490 1460 5543 in
1490 5488 1838 5556 operibusma-

222 5566 324 5659 ,ἐξ
349 5633 454 5674 Duo
475 5637 541 5675 ex
565 5622 805 5674 vaticanis
826 5627 953 5681 ωειλ,
979 5625 1032 5672 ut
1046 5615 1293 5672 exhiberet
1313 5629 1411 5681 eos.

295 5690 384 5752 (α)
417 5693 616 5736 Denter.
643 5695 784 5752 χχιιι,
811 5682 888 5742 18,
1040 5687 1170 5752 ιΧΑΧ,
1187 5685 1283 5752 est,
1306 5675 1836 5752 telisltomnosjnitt'q:

219 5739 351 5802 us?
367 5739 480 5798 ’δερ
517 5755 684 5797 tamen
724 5739 820 5794 alio
865 5739 930 5794 ex
956 5745 1064 5796 loco
1101 5739 1461 5796 Detueroaomii
1507 5750 1754 5805 sumptum
1786 5739 1836 5791 id

219 5811 578 5863 testiinonium
600 5807 814 5857 videtur.

1108 351 1194 410 DE
1234 351 1710 412 PERFEC’I‘IUNE
1750 344 2076 406 JUSTITIE
2113 345 2388 404 HOMIle
2425 347 2650 404 LIBER.

3399 349 3505 403 502

1947 461 2087 518 tbios
2115 439 2338 534 ’prima:
2366 463 2536 520 Sobrii
2565 475 2715 520 estote
2753 475 2801 519 et
2830 465 2996 539 justi,
3037 475 3084 522 et
3113 463 3267 522 nolite
3312 483 3524 538 peccare

1944 555 1986 629 (I
2011 556 2128 612 flor.
2155 571 2248 624 xv,
2271 559 2384 630 54).
2411 558 2538 613 Item
2562 558 2614 613 iu
2643 557 2874 628 Epistula
2899 559 3068 614 sancti
3096 557 3240 615 Petri
3265 577 3279 614 :
3303 557 3528 628 Propter

1942 647 2078 718 quod
2115 649 2356 706 succincti
2399 649 2595 705 lumbos
2635 650 2812 705 mentis
2836 659 3052 718 vestrm,
3079 637 3268 718 sobrii,
3299 653 3520 723 perfecte

1942 748 2142 806 sperate
2167 739 2184 772 ⁸
2206 739 2260 794 in
2287 755 2398 794 eam
2424 755 2540 810 quin
2571 738 2786 807 offertur
2809 739 2946 794 vobis
2972 739 3212 812 gratiam,
3242 741 3392 808 quasi
3429 736 3528 811 filii

1944 828 2258 896 obedientite,
2289 847 2390 886 non
2417 832 2722 903 configurati
2747 830 2998 900 prioribus
3023 831 3325 903 ignorantia:
3351 842 3526 886 restria

1943 921 2395 991 concupiscentiis'
2411 935 2436 986 ;
2481 921 2571 976 sed
2612 921 2891 976 secundum
2917 937 3032 978 eum
3073 921 3159 994 qui
3205 923 3398 976 vocavit
3437 938 3526 976 vos

1945 1011 2192 1066 Sanctum
2214 1052 2231 1079 ,
2268 1021 2315 1067 et
2343 1012 2442 1084 ipsi
2482 1014 2644 1068 sancti
2683 1013 2735 1067 in
2781 1013 2919 1068 omni
2962 1015 3339 1068 conversatione
3379 1014 3528 1078 sitis;

1943 1101 2061 1169 quia
2083 1103 2325 1173 scriptum
2349 1111 2422 1158 est
2446 1143 2463 1169 ,
2495 1103 2673 1159 Sancti
2701 1103 2840 1158 eritis
2855 1142 2874 1172 ,
2899 1104 3019 1174 quia
3044 1120 3134 1176 ego
3161 1113 3365 1159 sanctus
3409 1122 3526 1160 sum

1945 1193 1988 1269 (l
2016 1192 2159 1248 Petr.
2191 1210 2231 1261 ι,
2285 1193 2494 1264 15-16).
2521 1193 2679 1251 Unde
2719 1205 2775 1251 et
2802 1194 2994 1251 beatus
3037 1195 3202 1251 David
3229 1195 3394 1251 dicit:
3420 1195 3522 1251 Do-

1943 1288 2110 1355 mine,
2138 1288 2249 1356 quis
2290 1287 2533 1344 habitabit
2575 1288 2630 1342 in
2659 1287 2984 1343 tabernaculo
3011 1298 3097 1343 tuo
3117 1327 3135 1354 ,
3175 1297 3265 1342 aut
3305 1287 3418 1360 quis
3443 1305 3530 1342 re-

1943 1382 2157 1450 quiescet
2183 1381 2234 1435 in
2258 1389 2424 1436 monte
2467 1389 2641 1436 sancto
2665 1379 2790 1435 tuo?
2820 1378 2920 1447 Qui
2947 1379 3229 1452 ingreditur
3268 1379 3380 1434 sine
3425 1397 3531 1434 ma.

1943 1473 2080 1540 cula,
2110 1482 2157 1527 et
2181 1483 2418 1543 operatur
2433 1474 2688 1544 justitiam
2715 1469 2886 1542 (Psal.
2916 1487 3034 1538 XIV,
3067 1473 3117 1536 1.
3142 1471 3223 1542 2).
3255 1471 3322 1527 Et
3346 1471 3470 1527 aIibi
3504 1490 3520 1528 :

1943 1563 2013 1618 Et
2039 1583 2123 1620 ero
2151 1564 2504 1619 immaculatus
2533 1581 2646 1618 cum
2670 1579 2730 1619 eo
2755 1559 2930 1632 (l’sal.
2957 1579 3064 1619 xvu
3083 1603 3098 1631 ,
3127 1563 3239 1633 2i).
3265 1563 3331 1618 Et
3355 1564 3479 1619 alibi
3506 1582 3522 1618 :

1942 1655 2088 1712 Beati
2111 1657 2419 1712 immaculati
2442 1657 2494 1710 in
2522 1658 2603 1712 via
2625 1698 2639 1722 ,
2669 1657 2755 1728 qui
2779 1655 3037 1711 ambulant
3083 1657 3136 1710 in
3179 1656 3285 1727 lege
3313 1655 3524 1712 Domini

1945 1749 2115 1820 (Psal.
2144 1765 2328 1816 cxvut,
2359 1747 2436 1822 I).
2467 1749 2597 1804 Item
2627 1748 2766 1820 apud
2799 1745 3139 1806 Salomonem
3166 1764 3178 1802 :
3207 1749 3384 1821 Ditigit
3416 1739 3529 1808 vt-

1943 1842 2108 1895 minus
2135 1851 2310 1894 sancta
2333 1841 2524 1905 corda;
2555 1841 2746 1910 accepti
2770 1848 2886 1895 sunt
2925 1849 3091 1894 autem
3129 1840 3208 1894 illi
3233 1856 3407 1896 omnes
3431 1841 3528 1896 int-

1944 1929 2186 1986 maculati
2216 1949 2235 1984 ι
2299 1930 2479 2006 (Prov.
2512 1947 2590 1998 xl,
2637 1931 2729 1997 20,
2756 1947 2856 1986 sec.
2890 1929 3075 2002 LXX).
3129 1931 3329 1986 IIorum
3379 1932 3530 1987 testi-

1945 2025 2242 2077 moniorum
2285 2024 2458 2094 aliqua
2487 2031 2762 2078 currentes
2789 2020 3163 2087 exhortantur,
3195 2031 3253 2078 ut
3291 2021 3526 2092 perfecta

1943 2123 2204 2180 currant;
2258 2115 2428 2185 aliqua
2479 2116 2650 2186 ipsum
2697 2113 2856 2168 linem
2897 2123 3360 2184 commemorant,
3413 2129 3523 2186 quo
3609 2131 3619 2138 ‘

1943 2204 2209 2260 currendo
2235 2203 2570 2274 pertcndaut.
2603 2203 2807 2276 [ngredi
2837 2211 3014 2260 autem
3037 2205 3155 2260 sine
3179 2205 3386 2262 macula
3412 2220 3521 2262 non

1942 2297 2172 2352 absurde
2199 2298 2359 2352 etiam
2388 2296 2477 2352 ille
2505 2295 2716 2360 dicitur,
2749 2312 2852 2350 non
2879 2295 2970 2366 qui
2993 2295 3103 2366 jam
3129 2296 3399 2368 perfecms
3419 2309 3524 2365 est,

1942 2387 2038 2443 sed
2089 2387 2179 2458 qui
2221 2387 2286 2442 ad
2332 2387 2498 2457 ipsam
2555 2384 2940 2476 perfectionem
2987 2387 3532 2457 irreprehensibilitcr

1941 2476 2138 2542 currit,
2169 2491 2362 2532 carens
2405 2475 2718 2533 criminibds
2757 2475 3148 2532 damnabilibus
3169 2519 3186 2544 ,
3213 2485 3375 2549 atque
3415 2477 3530 2549 ipsa

1943 2581 2156 2641 peccata
2179 2570 2403 2626 venialia
2430 2585 2534 2626 non
2563 2569 2840 2641 negligens
2867 2567 3126 2625 mundare
3151 2570 3528 2644 eleemosyuis.

1945 2662 2241 2732 Ingressum
2267 2661 2484 2732 quippe,
2505 2661 2607 2717 hoc
2621 2672 2721 2727 est,
2753 2661 2856 2716 iter
2875 2671 3116 2716 nostrum
3139 2675 3247 2732 quo
3265 2663 3530 2718 tendimus

1939 2752 2008 2806 ad
2052 2751 2430 2822 perfectionem
2455 2791 2470 2816 ,
2501 2749 2698 2807 munda
2742 2749 2966 2806 mundat
3007 2751 3200 2806 oratio.
3229 2749 3418 2808 Munda
3448 2761 3531 2809 est

1941 2853 2124 2906 autem
2171 2842 2342 2896 oratio
2385 2840 2473 2894 ubi
2521 2839 2785 2894 veraciter
2827 2839 3054 2908 dicitur,
3097 2837 3306 2894 Dimitte
3350 2841 3526 2910 nobis,

1941 2933 2071 2987 sicut
2095 2941 2144 2988 et
2175 2949 2266 2987 nos
2308 2930 2608 2986 dimittimus
2639 2929 2867 3000 (Matth.
2899 2945 2976 2997 VI,
3009 2931 3112 3002 I2)
3141 2940 3236 2986 :ut
3263 2929 3391 2987 dum
3417 2947 3526 2994 non

1941 3021 2354 3094 reprehenditur
2373 3021 2417 3088 ³,
2447 3021 2588 3092 quod
2617 3034 2724 3076 non
2753 3018 3068 3091 imputatur,
3094 3019 3211 3077 sine
3235 3021 3530 3092 reprehen-

1941 3116 2094 3172 sione
2115 3157 2132 3182 ,
2165 3116 2266 3172 hoc
2291 3123 2406 3184 est,
2433 3115 2551 3172 sine
2579 3115 2783 3171 macula
2815 3123 3000 3172 noster
3033 3113 3104 3170 ad
3140 3113 3526 3185 perfectionem

1939 3225 2129 3273 cursus
2166 3209 2426 3264 habeatur
2457 3226 2472 3264 ε
2508 3210 2562 3264 in
2599 3225 2703 3280 qua
2744 3209 3108 3280 perfectione,
3145 3223 3266 3264 cum
3301 3207 3368 3264 ad
3407 3223 3524 3264 eam

1941 3302 2245 3357 venerimus
2259 3299 2303 3367 ‘,
2334 3299 2445 3371 jam
2499 3313 2608 3356 non
2647 3299 2719 3356 sit
2759 3298 2980 3356 omnino
3019 3299 3160 3371 quod
3207 3299 3529 3372 ignoscendo

1941 3392 2244 3448 mandetur.

2009 3504 2237 3563 CAPUT
2273 3504 2439 3580 Χ.-τ-
2461 3504 2554 3559 21.
2595 3502 2798 3560 Deinde
2831 3503 2933 3560 iste
2957 3501 3174 3558 adhibet
3201 3503 3524 3572 testimonia,

1939 3598 2131 3669 quibus
2145 3596 2410 3662 ostendat,
2437 3611 2542 3650 non
2563 3609 2684 3650 esse
2701 3593 2880 3666 gravia
2901 3593 3076 3653 divina
3099 3605 3382 3666 princepta.
3395 3595 3527 3662 Quis

1939 3697 2118 3743 autem
2147 3687 2370 3754 nesciat,
2400 3701 2521 3742 cum
2550 3694 2873 3756 praéceptum
2899 3683 2968 3739 sit
3002 3685 3257 3756 generale
3293 3685 3528 3742 charitas

1939 3780 2087 3852 (quia
2112 3779 2230 3834 ﬁnis
2250 3780 2499 3849 praecepti
2523 3787 2606 3834 est
2628 3778 2860 3833 charitas
2879 3775 2922 3854 [i
2952 3775 3076 3832 Tim.
3110 3793 3150 3843 ι,
3171 3773 3248 3852 5],
3277 3787 3330 3833 ct
3351 3779 3523 3849 pleni-

1941 3873 2068 3928 tudo
2094 3872 2226 3944 Iegis
2236 3883 2318 3926 est
2340 3869 2574 3926 charitas
2589 3867 2766 3947 [Rom.
2785 3884 2900 3936 xm,
2920 3866 3032 3942 10])
3055 3909 3074 3935 ,
3101 3884 3206 3924 non
3228 3883 3347 3925 esse
3361 3884 3525 3941 gravo

1939 3963 2080 4034 quod
2101 3963 2368 4036 diligendo
2397 3962 2476 4028 ﬁt,
2505 3979 2613 4017 non
2643 3960 2918 4018 timendo?
2955 3959 3226 4016 Laborant
3267 3970 3443 4016 autem
3469 3961 3524 4018 in

1939 4054 2034 4110 Dei
2065 4053 2366 4126 praeceptis,
2393 4053 2482 4125 qui
2511 4067 2574 4109 ea
2600 4052 2835 4108 timendo
2862 4059 3120 4108 conantur
3141 4050 3362 4122 implere
3389 4067 3405 4108 :
3429 4050 3524 4107 sed

1941 4148 2171 4218 perfecta
2190 4146 2421 4202 charitas
2445 4145 2590 4202 foras
2615 4145 2774 4200 mittit
2800 4145 3044 4200 timorem
3073 4143 3288 4218 (IJoan.
3307 4159 3384 4211 tv,
3407 4145 3518 4220 18),

1938 4249 1995 4295 et
2023 4240 2144 4296 facit
2173 4239 2422 4310 praecepti
2451 4237 2714 4293 seminam
2733 4237 2778 4304 ⁸,
2805 4251 2912 4292 non
2941 4235 3112 4292 solum
3143 4253 3246 4292 non
3273 4252 3524 4309 premen-

1943 4343 2046 4386 tem
2073 4345 2236 4387 onere
2267 4329 2582 4401 ponderum.
2610 4343 2794 4384 verum
2824 4328 2986 4385 etiam
3017 4327 3381 4389 sublevantem
3409 4331 3526 4387 vice
3588 4333 3602 4340 ’

1939 4438 2250 4496 pennarum.
2295 4420 2426 4490 Quae
2467 4431 2650 4477 tamen
2677 4422 2908 4476 charitas
2949 4429 3009 4475 ut
3052 4419 3330 4486 habeatur,
3363 4421 3526 4478 etiam

1941 4527 2082 4571 tanta
2119 4524 2314 4586 quanta
2349 4514 2402 4569 in
2427 4527 2656 4584 corpore
2683 4514 2872 4568 mortis
2909 4512 3065 4584 hujus
3101 4511 3285 4570 haberi
3328 4523 3524 4586 potest,

1941 4623 2127 4678 parum
2157 4615 2239 4662 est
2269 4596 2464 4660 nostr'ze
2493 4603 2780 4676 voluntatis
2815 4601 3126 4672 arbitrium,
3167 4603 3266 4659 nisi
3309 4603 3528 4675 adjuvet

1939 4700 2103 4768 gratia
2144 4697 2234 4752 Dei
2275 4712 2370 4768 per
2404 4695 2588 4752 Jesum
2632 4695 2904 4750 Christum
2949 4693 3231 4750 Dominum
3279 4703 3522 4750 nostrum

1940 4791 2117 4864 (Rom.
2167 4805 2266 4859 vu,
2295 4789 2390 4858 24,
2431 4787 2546 4862 25).
2587 4786 2908 4844 DiiI‘unditur
2943 4787 3140 4858 quippe
3183 4786 3234 4841 in
3274 4785 3526 4842 cordibus

1941 4883 2160 4949 nostris,
2195 4879 2337 4952 quod
2369 4895 2512 4950 διιερο
2536 4879 2820 4936 dicendum
2848 4887 2951 4945 est,
2978 4893 3082 4933 non
3113 4892 3208 4948 per
3233 4891 3330 4931 nos
3357 4877 3526 4944 ipsos,

1939 4975 2036 5032 sed
2069 4991 2165 5046 per
2189 4973 2445 5044 Spiritum
2473 4984 2712 5029 sanctum
2737 4969 2826 5044 qui
2863 4971 3018 5027 datus
3041 4980 3126 5027 est
3156 4968 3308 5025 nobis
3335 4967 3446 5040 (ld.
3469 4985 3528 5039 ν,

1941 5067 2018 5140 5).
2047 5067 2158 5124 Nec
2181 5068 2340 5123 aliam
2367 5065 2438 5122 ob
2466 5080 2680 5122 causam
2709 5063 2978 5134 Scriptura
3003 5071 3389 5121 commemorat
3419 5079 3528 5122 non

1941 5243 2187 5370 mérgt‘iciu,
2204 5241 2402 5308 perfecti
2422 5244 2631 5305 sperate.
2655 5237 2824 5290 rtares
2841 5241 2951 5290 itas.
2971 5236 3093 5290 utin
3114 5234 3300 5303 εωωι.
3321 5244 3532 5312 perlecta

1967 5359 1976 5370 '
2006 5369 2026 5399 ³
2052 5377 2151 5416 Am.
2185 5373 2236 5416 et
2269 5363 2496 5440 plerique
2513 5368 2626 5413 uss.
2661 5359 2908 5422 omittunt,
2926 5365 3330 5440 mpm
3355 5368 3536 5432 ταιίιιι

1945 5427 2052 5500 loco
2075 5427 2288 5478 nonnulli
2311 5425 2507 5478 codices
2525 5424 2727 5484 habent,
2755 5421 2990 5486 latebris;
3037 5437 3087 5480 et
3108 5428 3320 5494 (undam,
3345 5431 3534 5483 άεείαιε.

1943 5503 2155 5626 '"ifm.
2181 5543 2927 5626 cita-Lemannum.
2955 5551 3276 5616 imm
3315 5557 3534 5620 nosam»

1945 5611 2194 5680 partietda,
2209 5624 2320 5674 quae
2340 5611 2434 5660 huc
2453 5615 2710 5660 revocatur
2725 5619 2793 5664 ex
2811 5611 2922 5664 uss:
2956 5611 2969 5616 '

2007 5677 2031 5708 δ
2053 5671 2174 5737 Libri
2198 5671 2334 5733 editi,
2354 5668 2730 5737 pervenerbnus.
2759 5683 2884 5735 uss,
2910 5687 3176 5728 venermus

2007 5738 2031 5773 ι
2050 5709 2730 5791 summatim";
2756 5709 3198 5792 ἓὶωᾷξξξῇἧξῇ
3229 5748 3286 5791 ac
3307 5742 3539 5792 γιιιωηι.
