3994 6178
431 305 540 362 ’303

434 435 554 476 esse
579 418 759 490 gravia
785 417 961 474 divina
999 427 1286 492 przecepta,
1328 419 1429 474 nisi
1469 427 1524 474 ut
1566 418 1742 486 anima
1777 433 1896 490 qua:
1936 417 2028 474 illa

437 515 614 583 gravia
663 511 845 580 sentit,
890 511 1149 584 intelligat
1180 526 1240 568 se
1280 511 1518 568 nondum
1563 511 1835 583 accepisse
1861 511 2026 576 vires.

437 607 628 678 quibus
650 607 772 664 talia
797 606 904 661 sint
931 613 1192 677 prtecepta
1219 604 1429 660 Domini
1453 602 1630 675 qualia
1649 604 2026 660 commendan-

439 714 543 767 tur,
571 700 709 756 levia
729 699 930 756 scilicet
967 706 1128 772 atque
1153 697 1357 762 suavia,
1383 705 1438 752 et
1465 703 1584 752 oret
1607 697 1804 769 gemitu
1833 697 2026 752 volun-

439 793 582 862 tatis,
609 801 667 846 ut
693 791 942 862 impetret
973 789 1172 846 donum
1214 787 1538 844 facilitatis‘.
1567 788 1668 856 Qui
1702 789 1844 844 enim
1873 788 2022 856 dicit,

437 881 558 938 Fiat
586 899 674 938 cor
697 899 861 938 meum
885 881 1296 947 immaculatum;
1321 889 1393 946 et,
1417 878 1610 936 Itinera
1634 896 1744 935 mea
1765 881 1926 952 dirige
1944 897 2026 936 se-

434 977 655 1030 cundum
683 976 884 1031 verbum
905 986 1068 1042 tuum,
1095 982 1141 1030 et
1166 992 1229 1030 ne
1263 973 1548 1029 dominetur
1574 973 1698 1028 mihi
1731 975 1895 1029 omnis
1923 975 2025 1028 ini-

434 1069 598 1137 quitas
627 1066 796 1139 (Psal.
823 1082 1014 1132 cxvut,
1046 1065 1146 1130 80,
1190 1065 1344 1135 135);
1375 1073 1450 1129 et,
1493 1063 1614 1118 Fiat
1654 1065 1885 1120 uoluntas
1913 1075 2022 1133 tua,

435 1163 562 1214 sicut
588 1161 638 1217 in
657 1162 780 1214 cazlo
805 1171 851 1214 et
879 1160 932 1215 in
962 1170 1132 1224 terra;
1155 1166 1229 1223 et,
1265 1156 1348 1213 Ne
1375 1174 1467 1212 nos
1495 1157 1684 1229 inferas
1709 1159 1760 1212 in
1788 1160 2023 1214 teutatio-

437 1271 547 1308 nent
583 1253 794 1324 (Matth.
830 1251 996 1318 v1.10
1033 1261 1080 1307 ει
1111 1251 1238 1324 15);
1271 1259 1326 1306 et
1348 1260 1539 1306 caetera
1579 1249 1883 1321 hujusmodi
1907 1266 2024 1320 quae

435 1358 856 1398 commemorare
876 1343 1090 1414 longum
1111 1351 1212 1406 est,
1234 1339 1539 1412 hocutique
1559 1348 1696 1407 orat,
1733 1353 1792 1393 nt
1819 1355 2022 1410 pra-ee-

438 1444 522 1504 pta
555 1436 646 1490 Dei
675 1434 831 1490 faciat
857 1452 872 1488 :
899 1449 1018 1505 quae
1047 1442 1107 1490 ut
1136 1433 1340 1499 fierent,
1377 1447 1477 1488 nec
1495 1431 1793 1503 iuberetur,
1819 1431 1865 1487 si
1895 1431 2023 1487 nihil

437 1525 506 1581 ibi
534 1536 716 1581 nostra
749 1525 994 1580 voluntas
1019 1533 1230 1596 ageret;
1275 1538 1374 1580 nec
1398 1533 1662 1590 oraretur,
1699 1523 1742 1578 si
1772 1525 1883 1578 sola
1914 1522 2024 1576 suf-

435 1617 640 1674 ficeret.
671 1616 1124 1673 Commendantur
1147 1629 1275 1686 ergo
1299 1629 1404 1670 non
1448 1629 1569 1670 esse
1605 1615 1806 1686 gravia,
1845 1623 1902 1667 nt
1936 1613 2020 1669 cui

433 1709 614 1782 gravia
655 1715 802 1776 sunt,
843 1707 1102 1780 intelligat
1134 1705 1368 1762 nondum
1407 1719 1468 1762 se
1499 1705 1772 1777 accepisse
1799 1705 2018 1772 donum,

431 1815 541 1872 quo
564 1799 742 1872 gravia
771 1813 876 1854 non
912 1798 1048 1862 sint;
1093 1811 1194 1853 nec
1225 1797 1514 1853 arbitretur
1545 1812 1608 1852 ea
1641 1811 1700 1852 se
1737 1795 2017 1868 perficere,

432 1891 646 1962 quando
667 1891 739 1946 ita
757 1889 898 1958 facit,
929 1898 988 1946 ut
1007 1889 1188 1962 gravia
1213 1889 1335 1944 sint.
1361 1887 1596 1944 Hilarem
1619 1888 1760 1943 enim
1780 1887 2017 1943 datorem

355 2041 358 2045 _
431 1983 602 2054 diligit
624 1983 762 2038 Deus
790 1981 861 2054 (11
881 1981 998 2037 Cor.
1030 1997 1112 2050 ιιι,
1138 1977 1216 2054 7).
1239 1980 1350 2036 Nec
1377 1989 1574 2045 tamen,
1599 1994 1723 2034 eum
1745 1995 1804 2034 ea
1835 1981 2018 2050 gravia

429 2073 610 2141 sentit,
659 2071 992 2144 desperando
1029 2071 1346 2144 frangatur:
1388 2069 1484 2126 sed
1533 2069 1599 2126 ad
1649 2070 2016 2141 quazrcudum,

431 2168 736 2237 petendum,
770 2163 1192 2236 pulsandumque
1217 2169 1454 2235 cogatur.

497 2258 588 2314 22.
629 2255 922 2314 Audiamus
939 2271 1069 2328 ergo
1093 2265 1147 2312 et
1173 2255 1226 2310 in
1249 2255 1330 2310 his
1351 2253 1670 2310 testimoniis
1689 2269 1808 2324 qum
1825 2253 2018 2308 deinde

429 2353 625 2422 posuit,
656 2351 820 2406 Deum
859 2365 956 2406 sua
985 2357 1246 2420 praecepta
1279 2363 1384 2403 non
1417 2349 1595 2419 gravia
1633 2347 2015 2402 commendan-

429 2453 555 2498 tem.
587 2461 606 2495 ι
631 2441 784 2512 Quod
818 2441 915 2498 Dei
947 2439 1220 2505 mandata,
1251 2461 1267 2491 ι
1299 2439 1489 2511 inquit,
1521 2458 1538 2492 t
1567 2455 1670 2494 non
1710 2439 1869 2494 modo
1912 2440 2013 2494 im-

429 2535 698 2606 possibilia
729 2547 834 2590 non
862 2533 989 2602 sint,
1017 2547 1200 2588 verum
1227 2546 1295 2588 ne
1314 2531 1497 2604 gravia
1523 2531 1760 2600 quidem.
1790 2531 1846 2584 ln
1875 2531 2012 2587 Den-

429 2625 728 2681 teronomio
755 2643 768 2681 :
797 2623 867 2678 Et
890 2632 1202 2679 convertetur
1235 2621 1476 2677 Dominus
1504 2619 1644 2675 Deus
1671 2628 1788 2675 tuus
1815 2620 2016 2690 epulari

425 2719 476 2771 in
503 2726 550 2770 te
572 2714 913 2780 super-bonis,
939 2715 1073 2794 sicut
1095 2714 1328 2785 epulatus
1367 2722 1440 2768 est
1463 2729 1614 2784 super
1623 2723 1792 2784 patres
1815 2723 1946 2779 tuos,
1969 2713 2016 2768 si

423 2807 694 2863 audieritis
716 2823 882 2864 uocent
913 2805 1118 2862 Domini
1151 2805 1247 2860 Dei
1279 2805 1456 2871 vestri,
1493 2805 1745 2860 custodire
1769 2815 1816 2858 et
1845 2807 2014 2877 facere

425 2901 593 2956 omnia
621 2901 862 2956 mandata
881 2901 1009 2972 ejus,
1040 2909 1087 2954 et
1099 2897 1348 2972 justitias,
1379 2911 1428 2956 et
1453 2899 1653 2972 judicia
1684 2915 1798 2970 qua:
1823 2900 2012 2971 scripta

422 3003 537 3048 sunt
564 2993 619 3046 in
649 2993 778 3048 ltbro
801 2992 925 3064 legis
949 2991 1101 3063 hujus
1129 3007 1148 3046 :
1175 2991 1220 3045 si
1251 3007 1518 3046 conversus
1549 2991 1704 3060 [ueris
1733 2989 1802 3044 ad
1830 2988 2013 3046 Domi-

425 3101 544 3139 num
583 3082 752 3140 Deum
791 3093 932 3138 tuum
956 3099 1020 3140 at:
1059 3092 1162 3138 toto
1189 3083 1342 3138 corde
1372 3093 1478 3151 tuo,
1518 3091 1566 3138 et
1601 3100 1664 3138 ex
1701 3093 1804 3137 tota
1839 3085 2012 3139 anima

423 3189 528 3232 tua.
577 3176 711 3245 Quia
746 3175 1042 3231 mandatum
1082 3175 1199 3242 hoc,
1229 3175 1364 3246 quod
1386 3191 1478 3247 ego
1503 3177 1688 3230 mando
1723 3176 1812 3230 tibi
1836 3177 2006 3243 hodie,

421 3282 524 3320 non
543 3275 617 3321 est
644 3282 814 3338 grave,
841 3281 998 3336 neque
1015 3281 1048 3318 a
1067 3275 1128 3318 -ιε
1155 3263 1308 3336 longe
1331 3275 1424 3320 est.
1460 3263 1582 3320 Non
1611 3274 1681 3320 est
1705 3265 1757 3320 in
1783 3255 1924 3332 caelo,
1955 3277 2010 3322 ut

421 3359 582 3424 dicas,
613 3357 740 3424 Quis
762 3358 992 3414 ascendet
1017 3357 1072 3412 in
1097 3358 1277 3413 calum
1302 3368 1348 3412 et
1372 3358 1583 3429 accipiet
1616 3358 1744 3413 illud
1773 3359 1933 3428 nobis,
1961 3371 2010 3416 et

421 3449 681 3504 audientes
703 3449 946 3523 faciemus
961 3449 988 3503 .9
1013 3446 1136 3504 Non
1162 3457 1236 3502 est
1262 3457 1403 3504 trans
1427 3465 1585 3514 mare,
1617 3458 1670 3503 ut
1693 3449 1854 3516 dicas,
1883 3451 2010 3515 Quis

421 3541 764 3614 transfretabit
792 3557 931 3597 mare
969 3551 1016 3597 et
1044 3542 1256 3614 accipiet
1291 3541 1423 3596 illud
1452 3541 1622 3604 nobis,
1663 3552 1708 3596 et
1747 3542 2009 3597 audientes

421 3635 698 3704 faciemus?
720 3633 880 3689 Juxta
901 3643 948 3688 te
966 3643 1039 3689 est
1051 3634 1185 3688 enim
1209 3633 1408 3688 uerbum
1437 3633 1489 3687 in
1516 3649 1602 3687 ore
1625 3642 1733 3697 tuo,
1762 3633 1814 3687 in
1832 3635 2003 3701 corde,

419 3737 466 3781 et
493 3727 546 3780 in
576 3725 804 3780 manibus
833 3727 931 3779 tuis
951 3725 1116 3794 facere
1141 3723 1275 3778 illud
1294 3722 1469 3795 (Deut.
1501 3739 1642 3788 xxx,
1672 3723 2005 3796 9-H).llem

424 3819 676 3872 Dominus
705 3817 758 3871 in
789 3815 1076 3887 Evangelia
1107 3833 1120 3870 :
1146 3813 1332 3870 Venite
1359 3815 1428 3868 ad
1460 3832 1568 3884 me,
1611 3833 1784 3870 omnes
1811 3816 1900 3888 qui
1925 3817 2006 3870 la-

420 3911 606 3964 boratis
633 3919 680 3964 et
707 3909 900 3964 onerati
926 3908 1065 3973 estis,
1111 3917 1158 3962 et
1199 3923 1289 3978 ego
1323 3923 1409 3962 vos
1447 3908 1752 3978 requiescere
1795 3909 2002 3980 faciam.

419 3999 604 4056 Tollite
622 4001 807 4072 jugum
835 4015 1001 4054 meum
1023 4015 1175 4070 super
1199 4013 1304 4066 vos,
1333 4005 1380 4052 ει
1405 3998 1582 4052 discite
1607 4015 1638 4050 a
1664 4015 1742 4053 me
1766 3999 1885 4070 quia
1913 3999 2008 4052 mi-

419 4092 482 4146 tis
505 4107 616 4146 sum
635 4098 682 4144 ει
703 4089 906 4144 humilis
931 4088 1114 4154 corde;
1139 4096 1188 4142 et
1213 4088 1471 4143 invenietis
1499 4088 1717 4159 requiem
1742 4088 2008 4144 animabus

417 4185 592 4238 uestris
615 4197 635 4238 :
646 4183 836 4254 jugum
862 4181 996 4236 enim
1021 4197 1185 4236 meum
1199 4197 1351 4236 suave
1377 4191 1468 4246 est,
1491 4191 1538 4234 et
1565 4197 1694 4236 onus
1715 4196 1880 4236 meum
1903 4181 2010 4238 leve

416 4283 492 4330 est
519 4272 730 4349 (Matth.
760 4289 836 4338 ιι,
865 4271 1085 4347 28-50).
1112 4268 1248 4329 Item
1291 4273 1342 4328 in
1373 4272 1606 4345 Epistola
1635 4272 1806 4328 sancti
1843 4271 2006 4328 Joan-

416 4365 501 4420 nis
531 4381 544 4420 :
579 4363 702 4419 licet:
727 4373 800 4420 est
840 4365 1061 4420 Charitas
1101 4362 1215 4428 Dei,
1263 4375 1316 4419 ut
1358 4365 1599 4420 mundata
1635 4366 1746 4438 ejus
1783 4365 2008 4420 observe-

418 4472 547 4522 mus,
581 4465 628 4510 et
655 4456 898 4510 mandata
922 4457 1033 4526 ejus
1057 4457 1230 4528 gravia
1255 4473 1357 4511 non
1385 4465 1500 4512 sunt
1524 4477 1543 4510 ι
1583 4457 1624 4530 (1
1652 4455 1810 4512 Joan.
1844 4473 1896 4524 v,
1921 4457 2002 4529 3).

420 4551 515 4607 llis
539 4549 736 4605 auditis
754 4549 1002 4620 legitimis
1029 4559 1084 4604 et
1104 4549 1422 4621 evangelicis
1450 4559 1504 4605 et
1521 4550 1827 4620 apostolicis
1853 4559 2004 4605 testi-

419 4641 612 4696 tnoniis
637 4638 966 4696 aedilicemur
993 4638 1059 4694 ad
1084 4639 1330 4710 gratiam,
1357 4655 1516 4711 quam
1551 4656 1654 4694 non
1683 4641 2000 4712 intelligunt,

418 4722 503 4808 qui
531 4735 836 4805 ignorantes
871 4733 963 4790 Dei
996 4732 1258 4805 justitiam
1284 4741 1337 4789 et
1361 4749 1511 4790 suam
1542 4735 1782 4791 volentes
1801 4734 2003 4791 consti-

418 4839 586 4888 tuere,
607 4826 828 4897 justitiae
859 4825 952 4882 Dei
983 4841 1088 4880 non
1119 4835 1242 4880 sunt
1270 4823 1512 4896 subjecti.
1542 4825 1598 4882 Si
1618 4826 1761 4882 enim
1791 4841 1896 4882 non
1923 4827 2008 4882 in-

417 4919 659 4989 telligunt
681 4933 749 4974 ex
776 4916 1212 4984 Deuteronomio,
1242 4914 1689 4989 quemadmodum
1733 4919 2003 4990 apostolus

417 5012 612 5066 Paulus
633 5009 1152 5076 commemoraret-it,
1195 5020 1254 5066 ut
1286 5011 1448 5067 corde
1473 5011 1720 5068 credatur
1747 5011 1812 5066 ad
1844 5011 2004 5082 justi-

417 5106 565 5170 tiam,
589 5120 683 5160 ore
702 5114 878 5160 autem
905 5103 1174 5160 confessio
1197 5101 1287 5160 ﬁat
1309 5105 1376 5160 ad
1405 5103 1628 5159 salutem
1661 5103 1832 5178 (Rom.
1868 5121 1922 5167 κ.
1947 5106 2000 5172 ’5,

419 5196 540 5268 10);
563 5197 684 5268 quia
715 5213 820 5251 non
841 5203 926 5251 est
957 5211 1092 5266 opus
1119 5195 1262 5252 sanis
1301 5195 1562 5258 medicus,
1607 5197 1700 5250 sed
1745 5199 1884 5252 male
1914 5197 2006 5250 lia-

421 5290 668 5344 bentibus
695 5288 908 5362 (Matth.
938 5305 1012 5352 ιι,
1049 5288 1136 5356 12)
1171 5307 1184 5343 :
1219 5289 1320 5344 isto
1356 5301 1500 5346 certe
1529 5289 1752 5346 Joannis
1779 5283 2002 5360 apostoli

420 5380 746 5444 testimonio,
769 5378 912 5449 quod
936 5377 1002 5433 ad
1021 5379 1174 5433 istam
1197 5379 1518 5436 sententiam
1541 5379 1780 5437 ultimum
1808 5384 2002 5452 posuiI,

420 5469 504 5523 ubi
533 5470 626 5533 ait,
651 5467 771 5524 Ha’c
789 5481 863 5524 est
880 5469 1100 5524 churitas
1123 5468 1236 5538 Dei,
1262 5481 1315 5525 ttt
1337 5471 1575 5526 mandata
1599 5473 1708 5544 ejus
1727 5491 1999 5540 servemus,

423 5571 470 5616 et
498 5561 739 5616 mandatu
767 5563 875 5633 ejus
897 5563 1072 5635 grauia
1100 5579 1201 5620 non
1228 5574 1376 5634 sunt,
1405 5563 1598 5622 debent
1641 5573 1821 5638 utique
1860 5584 2004 5623 com-

489 5777 510 5806 ε
535 5760 671 5824 l.ov.,
692 5761 949 5824 facultatis.

1669 303 1727 360 S.
1769 300 2135 360 AUGUSTIXI
2175 304 2478 366 EPiSCOPl

3285 249 3362 300 Χ

3626 327 3728 385 ωε

2141 421 2368 487 moneri,
2395 422 2638 482 charitati
2673 427 2768 484 Dei
2793 444 2897 487 non
2926 445 3047 489 esse
3070 447 3231 506 grave
3259 438 3566 496 mandatum
3595 441 3724 510 Dei;

2136 527 2256 582 qua:
2285 517 2494 571 nonnisi
2519 534 2614 590 per
2637 519 2892 593 Spiritum
2923 533 3166 582 sanctum
3195 526 3512 587 diffunditur
3530 537 3582 588 in
3605 550 3730 590 cor-

2135 601 2292 661 dibus
2312 607 2529 674 nostris,
2567 625 2670 664 non
2705 627 2800 681 per
2821 613 3102 671 arbitrium
3131 615 3378 676 humana:
3407 623 3727 690 voluntatis;

2133 693 2218 747 cui
2245 694 2366 764 plus
2385 694 2562 752 dando
2588 715 2746 769 quam
2775 713 3005 774 oportet,
3035 705 3280 778 ignorant
3299 710 3560 780 justitiam
3589 715 3683 771 Dei
3711 735 3728 772 :

2133 797 2252 877 qua:
2281 781 2456 841 tamen
2485 789 2720 846 citat-itas
2747 801 2872 850 tunc
2903 797 3138 868 perfecta
3165 801 3296 868 erit,
3334 817 3458 860 cum
3499 809 3732 877 pinnulis

2134 873 2296 931 timor
2313 880 2488 936 omnis
2511 881 2854 942 abscesserit.

2203 965 2428 1026 CAPUT
2465 969 2558 1028 XI.
2585 1005 2660 1016 —
2680 977 2772 1034 2‘5.
2813 979 2942 1035 Post
2967 981 3082 1038 tunc
3105 987 3381 1058 proposuit
3422 991 3729 1048 testimonia

2131 1073 2251 1128 quae
2283 1069 2467 1118 contra
2493 1079 2587 1122 eos
2613 1068 2715 1123 dici
2745 1070 2921 1127 solent
2951 1090 2964 1128 :
2993 1089 3092 1129 nec
3119 1090 3181 1130 ea
3211 1079 3404 1145 solvit,
3439 1080 3534 1135 sed
3573 1097 3729 1137 com-

2132 1153 2482 1209 memorando
2515 1158 2664 1226 quasi
2708 1163 2992 1227 contraria,
3037 1167 3364 1236 qntestiones
3391 1173 3590 1226 art-tius
3621 1174 3730 1228 illi-

2130 1245 2290 1314 gavit.
2323 1247 2412 1300 Ait
2439 1250 2581 1304 enim
2613 1269 2627 1307 :
2664 1271 2684 1305 ι
2716 1253 3045 1311 Testimonia
3078 1257 3469 1329 Scripturarum
3490 1306 3507 1328 ,
3543 1282 3666 1336 quae
3692 1283 3727 1324 e

2131 1337 2343 1392 diverso
2373 1342 2614 1410 ponenda
2642 1353 2773 1400 sunt
2800 1345 2885 1402 his
2907 1349 2996 1416 qui
3033 1349 3238 1406 arbitrii
3284 1353 3606 1424 libertatem,
3636 1360 3727 1416 vel

2131 1444 2238 1483 non
2283 1433 2540 1501 peccandi
2587 1436 2990 1504 possibilitatem
3037 1428 3281 1510 imperite
3319 1445 3625 1503 existimant
3665 1465 3729 1505 se

2131 1519 2526 1590 Scripturarum
2567 1527 2882 1584 auctoritate
2925 1544 3082 1598 po-se
3119 1532 3421 1590 destruere.
3471 1537 3723 1608 Objicere

2128 1611 2270 1666 enim
2293 1613 2484 1679 solent,
2516 1633 2534 1668 ι
2563 1615 2752 1686 inquit,
2778 1637 2798 1669 ι
2827 1619 2967 1688 quod
2996 1632 3210 1680 sanctus
3232 1623 3334 1680 Job
3356 1627 3568 1692 dixerit,
3593 1630 3723 1698 Quis

2129 1703 2360 1760 mundus
2387 1715 2468 1760 est
2495 1721 2525 1758 a
2559 1709 2816 1776 peccato?
2857 1709 2967 1766 Nec
3009 1713 3219 1781 infans,
3257 1715 3409 1786 cujus
3444 1729 3525 1774 est
3565 1723 3723 1778 unius

2127 1791 2233 1848 diei
2257 1794 2362 1848 vita
2385 1810 2549 1864 super
2566 1805 2761 1852 terram
2791 1817 2809 1852 ι
2841 1799 2960 1882 (Job
2980 1817 3090 1871 xw,
3109 1805 3166 1870 4,
3184 1821 3284 1860 sec.
3303 1806 3491 1876 LXX).
3519 1810 3722 1868 Deinde

2125 1885 2275 1953 quasi
2303 1885 2590 1954 reSpondet
2604 1887 2728 1952 huic
2746 1891 3052 1948 testimonio
3071 1895 3191 1951 aliis
3210 1899 3550 1960 testimoniis.
3575 1905 3718 1973 quod

2126 1973 2241 2044 ipse
2267 1975 2368 2031 Job
2395 1977 2610 2041 dixerit,
2637 1978 2818 2037 Justus
2845 1984 2980 2038 enim
3004 1986 3082 2039 uir
3109 1996 3156 2040 et
3183 1987 3292 2044 sine
3317 1993 3521 2059 querela
3553 1997 3722 2065 factus

2124 2082 2235 2120 sum
2261 2071 2312 2122 in
2342 2067 2562 2123 derisum
2592 2069 2702 2142 (Id.
2727 2088 2820 2137 xu,
2843 2075 2899 2141 4,
2921 2091 3024 2130 εεε.
3054 2075 3245 2152 LXX).
3275 2079 3390 2136 Non
3413 2082 3720 2154 intelligens

2125 2172 2283 2242 posse
2308 2158 2411 2213 dici
2448 2159 2716 2218 hominem
2749 2163 2974 2234 justum,
3015 2168 3106 2238 qui
3146 2169 3458 2239 perfectioni
3493 2173 3716 2246 justitiu‘.

2126 2249 2413 2316 plurimum
2443 2253 2708 2320 accessit,
2750 2255 2822 2310 ita
2851 2266 2910 2311 ut
2945 2259 2994 2313 ei
3037 2260 3502 2329 proximusfieret
3528 2285 3540 2320 :
3570 2269 3714 2338 quod

2122 2339 2316 2394 multos
2342 2342 2502 2397 etiam
2531 2343 2582 2398 in
2617 2345 2718 2400 hac
2740 2346 2844 2401 vita
2875 2351 3129 2418 potuisse,
3163 2352 3216 2406 in
3240 2369 3342 2424 qua
3364 2371 3427 2411 ex
3450 2357 3555 2414 fide
3583 2359 3714 2416 vivi-

2125 2438 2229 2493 lur,
2261 2447 2366 2485 non
2389 2447 2669 2504 negamus.

2191 2519 2282 2577 24.
2325 2521 2438 2578 lloc
2473 2534 2528 2580 et
2567 2525 2660 2580 illo
2699 2528 3002 2586 testimonio
3035 2533 3402 2605 confirmatur,
3430 2540 3572 2608 quod
3612 2541 3714 2598 iste

2119 2623 2514 2681 consequenter
2549 2615 2791 2686 adjunxit
2831 2619 2901 2674 ab
2941 2620 3130 2677 eodem
3169 2622 3274 2681 Job
3301 2625 3500 2682 dictum
3529 2644 3544 2683 :
3576 2630 3716 2687 Ecce

2117 2718 2210 2775 ego
2231 2706 2490 2774 proximus
2511 2723 2626 2762 sum
2639 2709 2838 2780 judicio
2860 2728 2990 2780 meo,
3025 2723 3074 2768 et
3099 2715 3204 2770 scio
3231 2717 3353 2787 quia
3365 2719 3539 2790 justus
3568 2723 3710 2778 inue-

2118 2797 2234 2849 niar
2263 2793 2375 2870 (Id.
2403 2813 2520 2865 χιιι,
2553 2801 2642 2868 18,
2666 2817 2767 2855 sec.
2797 2801 2988 2876 LXX).
3021 2805 3135 2862 iloc
3157 2808 3300 2863 enim
3328 2820 3411 2865 est
3429 2811 3710 2882 judicium,

2116 2883 2185 2942 de
2205 2904 2310 2959 quo
2349 2889 2474 2945 alibi
2511 2891 2724 2960 dicitur,
2762 2894 2830 2949 Et
2870 2896 3048 2951 educet
3085 2900 3236 2970 quasi
3261 2901 3432 2956 lumen
3460 2905 3712 2974 justitiam

2116 2985 2277 3042 luant,
2305 2990 2352 3034 et
2367 2981 2626 3052 judicium
2665 2993 2807 3039 tuum
2835 2987 2970 3040 velut
3006 2989 3264 3045 meridiem
3305 2991 3474 3063 (Psal.
3513 3011 3710 3068 xum,

2116 3067 2196 3136 6).
2223 3069 2461 3144 Denique
2493 3088 2600 3129 non
2636 3074 2788 3144 dixit,
2817 3075 2890 3132 lbi
2929 3094 3080 3144 sum;
3127 3080 3244 3147 sed,
3285 3085 3550 3154 proximus
3572 3067 3709 3142 sum.

2115 3161 2267 3228 Quod
2297 3164 2340 3218 si
2367 3163 2625 3234 judicium
2651 3183 2805 3221 suum
2833 3168 2960 3224 illud
2992 3171 3215 3244 intelligi
3243 3175 3432 3235 voluit.
3464 3193 3570 3232 non
3599 3194 3710 3248 quo

2117 3251 2230 3320 ipse
2248 3252 2574 3323 judicabit‘;
2603 3255 2696 3310 sed
2725 3273 2833 3328 quo
2861 3259 2914 3314 in
2951 3259 3059 3316 fine
3084 3273 3165 3318 est
3185 3263 3538 3334 judicandus;
3577 3269 3712 3340 justi

2115 3343 2170 3398 in
2197 3343 2287 3398 illo
2306 3343 2508 3414 judicio
2529 3347 2868 3404 invenientur
2891 3365 3081 3408 omnes
3101 3354 3190 3424 qui
3213 3371 3316 3410 non
3337 3355 3605 3414 fallaciter
3624 3361 3713 3414 di-

2113 3443 2261 3503 cunt,
2293 3435 2502 3492 Dimitte
2525 3439 2667 3494 nobis
2695 3441 2862 3496 debita
2894 3455 3089 3512 nostra,
3117 3447 3248 3503 sicut
3283 3459 3332 3504 et
3365 3468 3458 3506 nos
3493 3454 3712 3508 dimitti-

2113 3540 2226 3579 mus
2263 3525 2568 3584 debitoribus
2605 3533 2809 3588 nostris.
2845 3533 2950 3590 Per
2980 3535 3117 3592 hanc
3158 3538 3303 3595 enim
3339 3541 3708 3601 dimissionem

2108 3616 2240 3688 justi
2261 3619 2630 3689 invenientur;
2667 3640 2734 3680 eo
2759 3627 2902 3698 quod
2939 3644 2999 3684 ea
3031 3646 3149 3702 quae
3177 3631 3265 3689 hic
3291 3634 3554 3692 habebant
3583 3654 3712 3708 pec-
3791 3620 3797 3624 ’

2112 3720 2252 3778 cata,
2288 3713 2642 3788 elcemosynis
2685 3717 3053 3776 deleverunt”.
3087 3723 3240 3781 Unde
3265 3727 3522 3785 Dominus
3549 3730 3706 3798 dicit,

2117 3801 2247 3859 Date
2277 3807 2666 3878 elemosynam,
2711 3819 2758 3866 et
2802 3829 2916 3868 ecce
2955 3817 3127 3870 omnia
3174 3820 3363 3874 munda
3405 3831 3522 3876 sunt
3566 3825 3708 3880 vobis

2114 3893 2246 3968 (Luc
2285 3912 2360 3962 xl,
2404 3898 2516 3970 41).
2567 3900 2802 3971 Denique
2829 3903 2932 3960 hoc
2958 3905 3166 3962 dicetur
3194 3911 3353 3978 justis
3388 3911 3438 3967 in
3479 3929 3706 3985 regnum

2116 3987 2432 4055 promissum
2457 3991 2628 4059 ituris,
2659 3991 2864 4049 Esurivi
2887 3998 3049 4065 enim,
3089 4009 3136 4054 et
3174 4001 3382 4056 dedistis
3412 4005 3536 4058 mihi
3561 4023 3710 4061 man-

2111 4075 2302 4130 ducare
2339 4075 2550 4150 (Matth.
2581 4096 2718 4150 xxv,
2747 4083 2840 4155 55)
2869 4103 2882 4140 :
2910 4095 2965 4140 et
2997 4097 3188 4144 caetera
3232 4090 3556 4162 hujttsntodi.
3595 4096 3704 4153 Sed

2111 4165 2255 4222 aliud
2279 4177 2384 4236 est,
2413 4185 2534 4226 esse
2558 4172 2676 4228 sine
2703 4183 2940 4244 peccato,
2975 4179 3117 4248 quod
3146 4181 3214 4236 de
3239 4183 3354 4238 solo
3386 4185 3436 4239 in
3468 4185 3566 4242 hac
3597 4190 3702 4244 vita

2112 4255 2617 4350 I-JnigenitoAdictum
2647 4275 2757 4332 est;
2789 4265 2971 4336 aliud,
2999 4283 3118 4326 esse
3147 4273 3264 4328 sine
3290 4277 3526 4344 querela,
3559 4280 3704 4350 quod

2111 4344 2180 4402 de
2202 4347 2379 4439 multis
2400 4348 2563 4419 justis
2581 4354 2741 4408 etiam
2763 4355 2814 4410 in
2839 4355 2940 4413 hac
2962 4359 3068 4415 vita
3091 4360 3194 4425 dici
3217 4367 3382 4432 potuit
3410 4385 3423 4420 :
3451 4344 3702 4439 quoniam

2111 4445 2195 4492 est
2220 4437 2433 4509 quidam
2463 4442 2650 4498 modus
2683 4445 2834 4502 bona:
2855 4449 3012 4514 vitm,
3053 4451 3120 4505 de
3147 4470 3252 4522 quo
3291 4457 3449 4510 etiam
3473 4437 3547 4515 Vin
3600 4461 3702 4515 ista

2112 4527 2341 4620 humana
2374 4538 2796 4604 conversatione,
2823 4541 2963 4610 justa
2991 4545 3205 4612 querela
3233 4563 3352 4603 esse
3379 4567 3482 4604 non
3513 4555 3702 4620 possit.

2109 4619 2240 4690 Quis
2262 4623 2404 4678 enim
2429 4625 2571 4694 jttste
2594 4629 2838 4698 queritur
2865 4632 2932 4687 de
2962 4633 3178 4691 homine
3203 4641 3292 4708 qtti
3335 4619 3530 4696 nemini
3561 4647 3706 4704 male

2108 4714 2244 4782 vult,
2274 4726 2328 4772 et
2345 4719 2537 4789 quibus
2563 4730 2735 4791 potest
2763 4723 2986 4780 fideliter
3005 4731 3250 4795 consulit,
3277 4749 3376 4788 nec
3401 4745 3584 4790 contta
3609 4753 3708 4794 cn-

2105 4805 2354 4879 jusquam
2386 4810 2604 4879 injurias
2634 4821 2777 4868 tenet
2801 4816 3076 4872 libidinem
3105 4821 3428 4890 vindicandi,
3463 4838 3517 4880 nt
3541 4845 3702 4882 vera-

2110 4899 2244 4954 citer
2270 4900 2432 4968 dicat,
2458 4901 2603 4956 Sicut
2629 4913 2674 4957 et
2704 4921 2796 4960 nos
2827 4905 3124 4963 dimittimus
3155 4912 3460 4971 debitoribus
3492 4923 3703 4974 nostris.

2113 4993 2180 5047 Et
2210 5003 2384 5048 tamen
2415 5009 2481 5048 eo
2519 4995 2635 5065 ipso
2662 4997 2803 5066 quod
2835 5014 3017 5053 verunt
3041 5002 3200 5068 dicit,
3235 5003 3464 5062 Dimitte.
3497 5009 3626 5064 sint
3657 5023 3706 5066 ct

2111 5099 2204 5138 nos
2221 5085 2556 5154 dimittimus;
2579 5087 2697 5143 sine
2727 5101 2945 5159 peccato
2973 5108 3032 5147 se
3057 5111 3162 5147 nou
3190 5110 3310 5152 esse
3333 5099 3416 5153 dc.
3438 5100 3590 5155 larat.

2181 5175 2273 5232 25.
2315 5175 2440 5233 Inde
2468 5185 2554 5234 est
2580 5179 2721 5250 quod
2749 5180 2898 5246 dicit;
2931 5180 2984 5235 Ν
2989 5184 3082 5238 iltt'l
3123 5182 3349 5252 ittiqttutti
3377 5198 3482 5242 erat
3507 5191 3559 5242 in
3586 5210 3702 5246 um-

2111 5267 2257 5322 nibus
2303 5269 2446 5334 meis,
2468 5270 2560 5324 sed
2578 5270 2766 5324 munda
2789 5274 2948 5328 oratio
2973 5292 3082 5329 mea
3109 5276 3233 5344 (Job
3279 5295 3387 5342 χιι,
3421 5282 3530 5352 18).
3567 5284 3703 5342 llinc

2111 5360 2254 5415 enim
2283 5369 2399 5415 erat
2425 5363 2620 5418 munda
2650 5365 2840 5432 oratio,
2865 5367 2986 5438 quia
3016 5369 3225 5424 veniam
3249 5387 3354 5427 non
3383 5371 3580 5443 injuste
3611 5394 3706 5446 pes

2113 5449 2278 5516 tebat,
2305 5450 2393 5522 qui
2420 5453 2681 5510 veraciter
2702 5453 2880 5512 dabat.

2178 5651 2192 5713 ι
2215 5647 2288 5713 sic
2309 5655 2416 5713 Mss.
2445 5655 2498 5698 At
2513 5649 2650 5707 editi,
2660 5651 2918 5713 judicavit.

2177 5707 2828 5790 irier-iqueAtlssywet‘quod
2865 5730 2922 5765 ea
2945 5729 3053 5781 qua:
3091 5719 3168 5768 hic
3207 5717 3446 5774 habebant
3482 5736 3703 5790 peccata,

2113 5770 2422 5834 elcemosynis
2447 5770 2708 5824 tltluermtt.
