4002 6178
272 336 382 390 505

335 454 430 511 ‘36.
474 454 541 512 Et
568 450 715 525 quod
751 450 879 506 dicit
917 448 987 504 de
1018 446 1262 511 Domino,
1295 443 1486 497 Multas
1512 441 1643 496 enim
1682 439 1874 494 contri-

262 552 427 602 tiones
474 562 615 602 meas
658 543 777 617 {erit
822 542 929 597 sine
978 555 1133 594 causa
1159 536 1279 609 (Job
1334 550 1410 603 ιχ,
1457 532 1546 606 17)
1581 550 1593 587 :
1625 547 1730 587 non
1761 530 1872 598 ait,

266 640 457 694 Nullas
488 636 616 693 fecit
654 650 777 690 cum
806 647 964 688 causa
990 646 1003 696 ;
1032 629 1148 693 sed,
1177 628 1361 681 multas
1387 624 1495 679 sine
1532 638 1705 677 causa.
1760 619 1877 676 Non

266 732 414 785 enim
442 740 664 800 promer
691 726 855 781 multa
889 730 1104 797 peccata
1135 719 1252 790 ejus
1283 719 1435 773 factm
1464 725 1587 781 sunt
1610 716 1657 770 ei
1698 713 1878 769 multa:

268 824 646 885 contritiones,
672 818 765 875 sed
786 827 1005 891 propter
1033 814 1397 884 probationem
1419 809 1708 882 patientim.
1744 806 1877 862 Nam

271 923 494 987 propter
518 919 755 982 peream,
787 909 903 962 sine
932 905 1145 976 quibus,
1175 914 1233 958 ut
1258 902 1379 956 alibi
1424 900 1726 966 conﬁtetur,
1773 912 1881 952 non

274 1006 373 1060 fuit
401 1048 417 1071 ,
450 1004 698 1076 pauciora
725 1017 784 1057 se
812 999 917 1072 pati
947 997 1195 1053 debuisse
1223 994 1428 1069 judicat
1457 991 1565 1064 (Id.
1597 1007 1647 1045 Vl
1666 1032 1679 1053 ,
1707 990 1763 1055 ‘2,
1797 991 1877 1059 5).

345 1099 438 1153 37.
482 1096 612 1149 Item
664 1092 807 1164 quod
855 1090 1005 1147 dicit.
1063 1088 1182 1142 Vias
1226 1087 1360 1141 enim
1403 1085 1512 1156 ejus
1540 1078 1805 1149 custodiri,
1836 1088 1882 1135 et

276 1208 376 1244 non
396 1187 649 1242 declinari
662 1203 693 1239 a
713 1183 968 1239 mandatis
990 1183 1116 1254 ejus,
1142 1196 1300 1251 neque
1320 1178 1573 1232 discedam
1590 1174 1701 1248 (Id.
1727 1189 1875 1240 χχιιι,

278 1281 370 1351 11)
421 1296 433 1331 :
478 1275 763 1332 custodivit
806 1273 919 1328 vias
946 1272 1061 1337 Dei,
1109 1270 1199 1341 qui
1240 1284 1344 1324 non
1389 1266 1796 1339 sie‘exurbitat,
1827 1273 1884 1319 ut

277 1386 371 1424 eas
417 1369 705 1437 relinquat,
752 1364 847 1419 sed
893 1363 944 1417 in
975 1362 1052 1417 cis
1082 1359 1346 1415 currendo
1377 1358 1620 1429 proﬁcit;
1653 1357 1750 1411 etsi
1782 1354 1882 1409 ali-

277 1458 495 1529 quando
539 1467 595 1510 ιιι
625 1456 869 1509 inﬁrmus
895 1451 1114 1507 ull-tulit
1155 1459 1244 1504 aut
1277 1450 1467 1503 titubat
1502 1466 1515 1501 :
1550 1448 1758 1517 prolicit
1788 1461 1883 1499 au-

279 1563 389 1606 tent
442 1548 734 1603 minuendo
784 1556 1036 1617 peccata,
1088 1543 1258 1597 donec
1313 1542 1581 1611 pervoniat
1635 1540 1720 1593 ubi
1769 1540 1885 1593 sine

282 1654 504 1714 peccatu
547 1644 637 1695 sit.
681 1640 791 1694 Non
827 1638 967 1693 enim
1014 1638 1170 1691 aliter
1203 1644 1376 1706 potest
1403 1650 1467 1690 eo
1516 1634 1674 1688 modo
1722 1631 1883 1703 proﬁ-

282 1753 428 1798 cere,
477 1733 579 1788 nisi
630 1729 979 1785 custodiendo
1026 1729 1139 1782 vias
1182 1728 1317 1797 ejus.
1364 1727 1602 1782 Declinat
1649 1734 1825 1780 autem
1853 1738 1884 1778 a

282 1825 553 1881 mandatis
604 1821 813 1877 Domini
863 1830 1023 1890 atque
1066 1819 1290 1873 discedit
1336 1826 1610 1886 apostata;
1662 1831 1766 1870 non
1797 1814 1888 1870 ille

282 1920 397 1989 qui,
420 1916 631 1972 etiamsi
665 1915 856 1967 habeat
887 1919 1181 1980 peccatum,
1214 1908 1529 1978 conﬂigendi
1561 1917 1736 1962 tamen
1763 1920 1885 1962 cum

283 2028 348 2063 eo
395 2005 847 2077 persevcra.:ti:un
882 2019 984 2057 non
1018 2001 1288 2071 relinquit,
1318 2000 1489 2055 donec
1517 2014 1582 2054 eo
1611 1998 1888 2068 perveniat

264 2098 373 2154 ‘ubi
426 2098 568 2153 nulla
617 2112 737 2151 cum
784 2102 955 2148 morte
1006 2092 1278 2147 contentio
1326 2090 1639 2146 remanebit.
1684 2088 1737 2143 In
1786 2089 1889 2143 isto

284 2206 423 2260 ergo
446 2188 698 2243 conﬂictu
744 2184 1018 2239 induimur
1057 2198 1120 2237 ea
1159 2181 1387 2252 justitia,
1430 2196 1532 2251 qua
1565 2180 1651 2234 hic
1692 2196 1758 2234 ex
1787 2177 1890 2234 lide

284 2283 505 2344 vivitur,
547 2288 602 2333 et
631 2294 693 2333 ea
721 2275 951 2347 qundam
997 2274 1157 2330 modo
1204 2274 1509 2328 loricamur.
1552 2271 1889 2327 Assumimus

284 2388 503 2443 quoque
528 2369 810 2441 judicium,
856 2365 995 2438 quod
1035 2365 1193 2419 etiam
1238 2372 1424 2419 contra
1469 2379 1566 2418 nos
1596 2378 1691 2434 pro
1739 2360 1891 2418 nobis

286 2464 537 2525 facimus,
558 2459 775 2532 quando
796 2467 1010 2529 peccata
1032 2466 1211 2513 nostra
1234 2455 1534 2511 accusando
1549 2454 1888 2511 damnamus:

285 2556 432 2611 unde
475 2554 737 2624 scriptum
782 2562 888 2619 est,
934 2550 1116 2604 Justus
1158 2550 1269 2622 ipse
1307 2549 1388 2604 sui
1425 2556 1688 2602 accusator
1726 2555 1798 2603 est
1837 2547 1893 2602 in

286 2649 573 2720 primordio
599 2644 845 2701 sermonis
871 2642 1050 2714 (Prov.
1084 2657 1237 2709 xvtn,
1268 2638 1383 2712 17).
1426 2641 1559 2695 llinc
1584 2640 1709 2695 item
1736 2638 1885 2705 dicit,

286 2740 507 2795 histilia
531 2739 737 2793 vestitus
758 2751 918 2802 erant,
945 2744 993 2789 et
1014 2720 1323 2788 circumdedi
1347 2732 1470 2786 mihi
1483 2731 1740 2804 judicium
1766 2731 1896 2787 sicut

287 2830 615 2903 chlamydem
654 2827 777 2902 (Job
806 2843 953 2894 xxix,
1001 2826 1114 2897 ll).
1154 2824 1286 2880 Nam
1334 2832 1388 2879 et
1426 2823 1525 2877 ista
1568 2823 1729 2878 vestis
1770 2821 1895 2878 belli

289 2923 463 2993 magis
493 2922 632 2977 solet
673 2935 795 2975 esse
824 2934 979 2987 quam
1007 2917 1174 2989 pacis,
1206 2915 1293 2971 ubi
1338 2913 1515 2970 adhuc
1563 2919 1897 2985 expugnatur

290 3013 748 3084 concupiscentia,
773 3026 879 3065 non
908 3013 995 3064 ubi
1020 3009 1125 3064 erit
1156 3008 1310 3078 plena
1334 3006 1449 3061 sine
1469 3005 1646 3077 aliquo
1675 3018 1896 3076 prorsus

292 3106 451 3161 hoste
478 3102 702 3174 justitia,
732 3101 1017 3156 novissima
1046 3098 1260 3154 inimica
1293 3105 1468 3153 morte
1491 3097 1784 3151 destructa.

363 3197 457 3251 28.
500 3193 651 3262 Quod
681 3200 858 3247 autem
886 3191 1076 3246 iterum
1105 3189 1181 3245 ait
1205 3189 1344 3243 idem
1373 3196 1590 3243 sanctus
1613 3186 1739 3255 Job,
1771 3184 1893 3241 Non

292 3291 430 3344 enim
471 3286 794 3357 reprehendit
821 3301 900 3339 nte
923 3300 1009 3338 cor
1032 3298 1198 3337 meum
1236 3281 1289 3336 in
1317 3282 1455 3336 omni
1477 3281 1578 3335 vita
1617 3295 1728 3333 mea
1772 3276 1895 3354 (Id.

294 3396 465 3443 xxvn,
496 3379 553 3448 6)
586 3396 599 3429 :
631 3385 758 3431 tunc
785 3390 884 3430 nos
929 3375 981 3428 in
1013 3374 1113 3427 ista
1148 3372 1278 3439 vita,
1307 3373 1360 3427 in
1404 3386 1506 3442 qua
1534 3387 1598 3426 ex
1629 3370 1733 3426 ﬁde
1759 3369 1896 3425 vivi-

295 3485 439 3535 mus,
480 3483 589 3522 non
636 3464 978 3536 reprehendit
1016 3479 1112 3519 cor
1152 3471 1416 3530 nostrum,
1463 3462 1506 3516 si
1537 3461 1725 3517 eadem
1765 3460 1898 3517 ﬁdes

294 3577 402 3633 qua
431 3564 447 3592 '
471 3556 896 3615 corde'creditur
918 3555 984 3610 ad
1004 3554 1289 3625 justitiam,
1317 3569 1422 3609 non
1465 3552 1683 3624 negligit
1707 3566 1899 3623 repre-

296 3653 540 3708 hendere
586 3659 862 3722 peccatum
901 3658 1163 3703 nostrum.
1203 3645 1358 3703 Unde
1399 3645 1528 3701 dicit
1572 3644 1895 3715 Apostolus,

298 3744 429 3800 Non
449 3745 583 3799 enim
601 3741 737 3812 quod
754 3741 865 3795 volo
892 3741 1026 3813 facio
1053 3739 1237 3794 bonum
1259 3752 1277 3792 :
1304 3736 1396 3793 sed
1418 3735 1555 3808 quod
1574 3735 1659 3790 odi
1683 3735 1898 3804 malum,

298 3838 396 3890 hoc
423 3851 525 3906 ago
562 3832 737 3904 (Rom.
766 3847 865 3898 vn,
896 3829 1006 3903 15).
1050 3829 1254 3884 Bonum
1296 3837 1380 3882 est
1400 3825 1542 3883 enim
1568 3842 1673 3881 non
1703 3840 1902 3881 concu-

299 3927 534 3997 piscere,
581 3933 636 3980 ct
669 3924 769 3979 hoc
806 3923 1002 3977 bonum
1033 3921 1147 3975 vult
1183 3919 1384 3991 justus,
1432 3920 1519 3989 qui
1548 3935 1613 3974 ex
1641 3918 1747 3973 ﬁde
1773 3918 1902 3973 vivit

300 4018 529 4091 (Hebae.
559 4033 619 4084 ιι,
648 4016 704 4084 4)
733 4033 747 4069 :
776 4024 829 4071 et
856 4025 1032 4079 tamen
1063 4013 1189 4069 facit
1212 4012 1354 4084 quod
1383 4013 1514 4075 odit,
1547 4011 1669 4080 quia
1696 4026 1901 4066 concu-

300 4111 498 4180 piscit;
544 4108 789 4179 quamvis
836 4113 957 4177 post
1002 4102 1462 4173 concupiscentias
1506 4115 1631 4155 suas
1677 4116 1783 4155 non
1814 4108 1903 4155 eat

304 4197 493 4271 (Ereti.
523 4213 675 4263 xvnt,
703 4197 797 4267 50)
828 4213 843 4252 :
872 4194 1013 4266 quod
1040 4195 1084 4249 si
1111 4193 1316 4257 fecerit,
1345 4202 1469 4248 tunc
1495 4208 1619 4247 vere
1643 4192 1756 4261 ipse
1778 4190 1903 4246 fecit

307 4303 363 4346 ut
388 4289 567 4357 cedat,
614 4298 672 4344 ut
696 4288 1013 4353 consentiat,
1047 4293 1109 4341 ut
1131 4283 1401 4340 desiderio
1436 4283 1635 4354 peccati
1664 4281 1898 4338 obediat.

304 4386 458 4441 Tunc
497 4398 623 4440 eum
666 4397 760 4438 cor
786 4381 903 4452 ejus
928 4377 1308 4450 reprehendit;
1351 4378 1474 4449 quia
1503 4376 1674 4447 ipsum
1712 4389 1903 4445 repre-

302 4477 499 4533 hendit
525 4478 571 4544 ⁸,
599 4489 705 4529 non
751 4471 880 4529 illud
927 4478 1202 4542 peccatum
1244 4469 1383 4539 ejus,
1433 4465 1575 4537 quod
1618 4466 1823 4521 habitat
1848 4466 1903 4521 in

300 4569 567 4627 membris
591 4568 724 4637 ejus.
765 4564 898 4621 Cum
925 4578 1059 4620 vero
1084 4577 1190 4618 non
1219 4561 1345 4617 sinit
1370 4573 1596 4630 regnare
1624 4567 1904 4629 peceatum

296 4665 364 4721 in
412 4677 515 4717 suo
561 4658 775 4715 mortali
825 4670 1052 4727 corpore
1089 4653 1157 4709 ad
1220 4651 1575 4708 obediendum
1620 4651 1902 4706 desideriis

292 4757 444 4826 ejus,
493 4767 594 4809 nec
628 4749 856 4807 exhibet
872 4746 1110 4803 membra
1152 4760 1255 4801 sua
1273 4759 1420 4799 arma
1449 4742 1742 4814 iniquitatis
1772 4756 1902 4812 pec-

292 4861 429 4906 cato
473 4846 651 4919 (Rom.
699 4859 775 4909 vt,
808 4841 897 4906 ιε,
948 4840 1074 4910 13);
1106 4838 1247 4893 inest
1287 4835 1501 4907 quidem
1549 4843 1824 4905 peccatum
1849 4832 1904 4889 in

289 4941 571 5000 membris
612 4940 749 5009 ejus,
800 4935 911 4992 sed
938 4950 1048 4990 non
1089 4941 1295 5004 regnat,
1343 4930 1466 5002 quia
1506 4946 1612 4984 non
1659 4927 1908 4985 obeditur

286 5033 596 5094 desideriis
638 5031 773 5101 ejus.
815 5028 881 5083 Et
908 5025 1030 5082 idco
1072 5024 1199 5080 dum
1236 5022 1512 5094 quodnon
1538 5019 1653 5076 vult
1694 5021 1820 5090 agit,
1851 5017 1909 5074 id

282 5140 413 5194 est,
457 5142 563 5179 non
595 5126 707 5177 vult
735 5116 1112 5189 concupiscere
1151 5125 1205 5170 et
1231 5112 1597 5182 concupiscit;
1641 5108 1908 5165 consentit

280 5221 437 5290 legi,
470 5217 592 5288 quia
623 5215 758 5269 bona
797 5220 900 5266 est.
942 5210 1055 5263 lloc
1078 5208 1220 5275 enim
1248 5207 1359 5259 vult
1385 5213 1441 5259 et
1467 5204 1580 5273 ipse
1607 5200 1750 5272 quod
1785 5200 1904 5266 lex;

277 5313 437 5386 quia
485 5309 593 5362 vult
619 5306 733 5376 ipse
776 5318 880 5358 non
921 5299 1321 5369 concupiscere,
1364 5305 1418 5351 et
1457 5295 1549 5350 lex
1591 5293 1737 5357 dicit,
1783 5289 1908 5347 Non

277 5382 862 5473 concupiscesuixod.
886 5413 970 5461 sx,
994 5384 1102 5464 l7).
1142 5389 1198 5443 In
1227 5389 1328 5443 hoc
1354 5386 1602 5458 quoniam
1627 5383 1739 5438 vult
1764 5382 1908 5454 quod

277 5508 359 5557 cl.
392 5497 482 5550 lex
518 5491 649 5555 vult,
696 5487 883 5559 procul
911 5484 1073 5539 dubio
1102 5481 1367 5538 consentit
1411 5477 1513 5550 legi
1541 5496 1556 5533 :
1583 5475 1910 5547 concupiscit

374 5643 401 5661 ο
435 5634 535 5674 Am.
556 5629 634 5672 Er.
659 5627 715 5672 et
734 5628 862 5680 Mss,
886 5617 938 5668 in
955 5629 1068 5681 qua.
1091 5612 1338 5675 Particula,
1362 5611 1432 5675 in,
1451 5616 1697 5674 expuncta
1717 5607 1807 5658 fuit
1821 5622 1909 5673 per

272 5697 665 5747 novantenses.
936 5743 946 5747 _
1045 5742 1052 5747 _
1448 5733 1460 5745 .
1542 5732 1553 5744 ,

372 5739 407 5783 ὁ
433 5758 562 5799 tum
617 5759 647 5797 e
692 5751 804 5794 διες.
852 5742 1080 5793 Υἱὶὶὶςζιιιὶε
1129 5739 1318 5799 omittit,
1377 5739 1491 5799 quia
1535 5739 1689 5797 ipsum
1744 5744 1908 5797 reprc-

272 5813 508 5869 Mdﬂ.

1126 332 1213 387 DE
1254 325 1732 385 PERFECTIONE
1770 323 2097 382 IUSTITL‘E
2140 324 2412 385 HOMINIS
2450 327 2674 384 LIBER.

3444 330 3550 387 506

1987 448 2186 510 tamen,
2228 443 2349 513 quia
2381 458 2486 498 non
2526 453 2604 498 est
2635 442 2752 502 sine
2778 453 3030 514 peccato;
3073 445 3177 501 sed
3190 444 3299 517 jam
3329 459 3434 500 non
3465 446 3577 513 ipse

1985 541 2235 603 operatur
2264 532 2410 601 illud,
2442 533 2536 589 sed
2581 533 2631 589 id
2661 533 2803 605 quod
2840 535 2896 589 in
2930 534 3019 589 illo
3049 534 3251 590 habitat
3279 545 3573 606 peccatum.

1989 624 2113 679 ideo
2135 640 2243 679 non
2269 641 2389 681 eum
2417 624 2761 695 reprehendit
2788 640 2882 680 cor
2905 625 3020 696 ejus
3044 626 3096 680 in
3125 627 3268 681 omni
3300 625 3405 680 vita
3435 625 3573 695 ejus;

1985 715 2089 771 hoc
2114 726 2217 783 est,
2248 716 2300 770 iu
2324 716 2428 771 ﬁde
2451 717 2587 787 ejus,
2616 718 2738 789 quia
2758 717 2937 788 justus
2961 733 3029 772 ex
3058 696 3162 775 ﬁde
3184 718 3313 772 vivit
3340 735 3354 771 :
3381 722 3438 773 et
3458 716 3579 771 ideo

1988 809 2119 864 ﬁdes
2144 810 2259 880 ejus
2284 821 2367 865 est
2388 810 2494 864 vita
2521 809 2658 880 ejus.
2698 810 2811 866 Scit
2839 811 2980 867 enim
3010 811 3132 882 quia
3157 826 3263 867 non
3288 809 3492 865 habitat
3523 809 3575 864 in

1987 914 2148 955 carne
2176 901 2291 968 eius
2318 900 2538 965 bonum,
2571 901 2660 956 ubi
2691 900 2895 957 ltabitat
2921 911 3198 970 peccatum
3229 919 3243 956 :
3272 902 3366 956 sed
3395 918 3499 956 non
3526 902 3579 956 ci

1988 993 2373 1048 conscntiendo
2402 993 2531 1048 vivit
2550 1009 2617 1049 ex
2645 992 2768 1061 ﬁde,
2796 1010 2898 1064 qua
2926 995 2944 1026 ί
2977 994 3188 1049 invocat
3208 995 3373 1049 Deum
3401 1003 3456 1047 ut
3484 991 3578 1047 ad-

1984 1087 2196 1157 juvetur
2246 1101 2485 1156 pugnans
2513 1096 2700 1141 contra
2746 1095 3019 1156 peccatum
3046 1105 3060 1150 ;
3090 1087 3230 1157 quod
3260 1096 3317 1140 ιιι
3360 1087 3580 1140 cumino

1990 1179 2060 1233 ibi
2089 1195 2193 1233 non
2219 1179 2305 1242 sit,
2338 1177 2545 1249 adjaeet
2580 1177 2629 1233 ei
2654 1177 2809 1245 velle,
2836 1178 2932 1234 sed
2962 1179 3218 1248 perﬁcere
3249 1176 3444 1231 bonum
3473 1190 3579 1230 non

1988 1270 2195 1341 adjacct
2241 1268 2415 1343 (Rom.
2456 1286 2550 1337 vn,
2604 1267 2810 1344 15-21).
2851 1268 2968 1324 Non
3009 1268 3185 1323 facere
3228 1268 3426 1323 bonum
3472 1282 3579 1321 non

1989 1364 2214 1433 adjaeet,
2243 1362 2339 1418 sed
2385 1365 2658 1433 perlicere.
2698 1362 2830 1417 Nam
2871 1362 2923 1416 in
2953 1375 3020 1417 eo
3047 1359 3188 1431 quod
3218 1374 3323 1414 non
3348 1373 3583 1414 consen-

1994 1456 2074 1520 tit,
2107 1457 2302 1511 bonum
2334 1455 2490 1520 facit;
2513 1465 2566 1511 et
2590 1455 2642 1510 in
2679 1470 2743 1509 eo
2778 1453 2920 1524 quod
2951 1453 3063 1508 odit
3097 1450 3580 1522 concupiscentiam
3665 1454 3669 1457 “

1991 1563 2163 1612 Suam,
2192 1548 2388 1604 bonum
2419 1546 2574 1611 facit;
2602 1555 2655 1600 et
2681 1547 2733 1600 in
2761 1560 2825 1600 eo
2849 1543 2990 1615 quod
3016 1543 3384 1613 elccmosynas
3409 1540 3583 1596 facere

1994 1658 2098 1697 non
2130 1651 2325 1704 cessat,
2378 1640 2573 1695 bonum
2606 1638 2772 1704 facit;
2816 1648 2872 1693 et
2918 1638 2971 1691 in
2999 1652 3063 1691 eo
3107 1633 3248 1705 quod
3292 1633 3369 1689 illi
3408 1633 3497 1704 qui
3528 1630 3585 1687 in

1993 1751 2115 1790 euut
2147 1744 2329 1804 peccat
2354 1733 2599 1803 ignoscit,
2630 1732 2825 1786 bonum
2856 1728 3012 1793 facit;
3044 1736 3099 1782 et
3124 1728 3177 1782 in
3202 1742 3268 1782 eo
3290 1726 3428 1797 quod
3453 1724 3582 1795 petit

1994 1829 2093 1883 sibi
2117 1827 2310 1881 dimitti
2335 1826 2513 1881 debita
2540 1840 2656 1889 sua,
2680 1834 2735 1880 et
2763 1822 3021 1879 veraciter
3048 1821 3174 1875 dicit
3202 1819 3343 1890 quod
3366 1817 3586 1874 dimittit

1994 1919 2154 1975 etiam
2188 1919 2299 1990 ipse
2325 1916 2657 1971 debitoribus
2684 1915 2817 1981 suis,
2849 1922 2902 1970 et
2933 1923 3051 1967 orat
3091 1921 3148 1967 ut
3175 1926 3281 1967 non
3325 1910 3585 1965 inferatur

1997 2012 2048 2066 in
2092 2011 2458 2075 tentationem,
2509 2007 2605 2064 sed
2652 2007 2908 2063 liberetur
2932 2020 2963 2060 a
2991 2004 3153 2070 malo,
3185 2004 3380 2059 bonum
3414 2000 3579 2056 facit:

1996 2106 2044 2161 ei
2077 2117 2252 2161 tamen
2299 2100 2554 2173 perlicere
2600 2101 2799 2156 bonum
2842 2114 2947 2154 non
2995 2097 3222 2167 adiacet,
3272 2094 3412 2171 quod
3461 2102 3587 2147 tunc

1997 2196 2121 2263 erit,
2147 2194 2359 2264 quando
2387 2192 2475 2246 illa
2498 2189 2925 2261 concupiscentia
2954 2204 3073 2260 qua:
3102 2185 3304 2241 habitat
3330 2184 3385 2238 in
3411 2198 3585 2237 mem-

1997 2290 2107 2345 bris
2132 2289 2270 2359 ejus,
2320 2286 2463 2341 nulla
2505 2286 2628 2340 erit.
2666 2283 2784 2339 Non
2810 2297 2938 2353 ergo
2981 2296 3103 2336 eum
3133 2276 3588 2348 reprcheuditcor

1998 2383 2133 2454 ejus,
2163 2380 2378 2452 quando
2403 2376 2749 2450 reprehendit
2794 2384 3064 2446 peccatum
3106 2371 3249 2445 quod
3291 2370 3495 2427 habitat
3532 2369 3589 2424 in

1999 2474 2259 2532 membris
2283 2474 2422 2542 ejus,
2464 2481 2517 2526 et
2557 2487 2662 2526 non
2704 2468 2862 2525 habet
2885 2482 3043 2538 quam
3090 2463 3446 2535 reprehendat
3471 2461 3592 2517 inﬁ-

2000 2567 2272 2623 delitatem
2299 2564 2415 2635 ejus
2440 2565 2483 2619 '.
2526 2562 2600 2617 lta
2628 2576 2728 2617 nec
2774 2560 2827 2614 in
2860 2568 2965 2614 vita
3006 2573 3122 2621 sua,
3156 2556 3206 2611 id
3251 2565 3354 2621 est,
3387 2556 3438 2609 in
3489 2552 3592 2624 ﬁde

1999 2673 2117 2724 sua,
2147 2673 2177 2712 a
2205 2656 2368 2713 corde
2395 2671 2493 2711 suo
2522 2652 2952 2725 reprehenditur,
2995 2659 3049 2705 ct
3077 2652 3193 2705 sine
3237 2656 3456 2718 peccato
3484 2660 3590 2701 non

2000 2762 2123 2805 esse
2146 2745 2498 2802 convincitur.
2538 2742 2690 2812 Quod
2728 2751 2783 2796 et
2810 2741 2925 2812 ipse
2962 2739 3064 2796 Job
3091 2738 3158 2794 de
3185 2754 3243 2793 se
3268 2736 3551 2796 conﬁtetur
3574 2776 3589 2802 ,

2001 2843 2093 2899 ubi
2117 2842 2246 2899 dicit
2277 2860 2291 2897 :
2322 2838 2473 2895 Nihil
2500 2848 2548 2895 te
2572 2839 2720 2894 latuit
2744 2846 3059 2906 peccatorum
3081 2850 3327 2889 meorum.
3362 2832 3592 2904 Signasti
3626 2874 3634 2881 .

2001 2933 2285 3007 iniquitates
2308 2948 2445 2988 nicas
2468 2932 2524 2986 in
2559 2930 2783 2997 sacculo,
2828 2937 2873 2984 et
2899 2927 3154 2983 annotasti
3179 2927 3226 2982 si
3249 2925 3372 2997 quid
3408 2925 3593 2980 invitus

2004 3038 2343 3099 transgressus
2376 3043 2490 3082 sum
2521 3023 2642 3093 (Job
2668 3040 2777 3089 χιιι,
2826 3021 2915 3089 16,
2958 3020 3071 3091 17).
3109 3018 3438 3100 Τθειίιιιοιιὶιι
3465 3031 3595 3089 ergo

2003 3138 2122 3193 quae
2152 3120 2329 3191 posuit
2353 3119 2420 3174 de
2448 3117 2626 3174 verbis
2651 3115 2821 3172 sancti
2844 3114 2966 3182 Job,
2998 3127 3100 3169 nos
3136 3112 3275 3168 sicut
3301 3109 3592 3182 potuimus,

2004 3211 2451 3285 quemadmodum
2482 3209 2589 3266 sint
2631 3205 2938 3279 accipienda
2984 3203 3399 3260 monstravimus
3439 3219 3451 3255 :
3492 3216 3595 3256 nec

2005 3314 2181 3360 tamen
2204 3304 2293 3358 ille
2316 3302 2495 3366 solvit,
2514 3300 2656 3372 quod
2681 3298 2932 3356 eumdem
2950 3296 3054 3353 Job
3071 3296 3271 3352 dixisse
3296 3292 3592 3366 proposuit,

2008 3399 2133 3467 Quis
2157 3397 2291 3452 enim
2317 3393 2537 3449 mundus
2565 3402 2637 3449 est
2663 3409 2695 3446 a
2733 3390 2982 3463 peccato?
3021 3386 3132 3444 Nec
3159 3388 3330 3461 infans
3355 3387 3499 3459 cujus
3523 3392 3599 3439 est

2005 3490 2105 3545 diei
2135 3489 2282 3543 unius
2305 3488 2406 3542 vita
2425 3501 2577 3556 super
2605 3494 2810 3538 terram.

2077 3580 2307 3638 CAPUT
2330 3578 2445 3635 XII.
2473 3607 2544 3618 —
2565 3575 2658 3632 9.9.
2687 3592 2706 3627 ι
2736 3573 2933 3630 lterum
2953 3584 3254 3644 proponere
3278 3569 3598 3636 solemnia—

2005 3675 2169 3746 quit,i
2193 3670 2536 3727 Omnisltomo
2561 3665 2781 3722 mendax
2797 3664 2968 3739 (Psal.
2990 3679 3118 3728 cxv,
3144 3659 3224 3735 2).
3248 3681 3267 3714 ι
3285 3660 3467 3733 Neque
3494 3659 3597 3715 hoc

2005 3775 2192 3822 contra
2220 3778 2278 3819 se
2323 3762 2495 3832 ipsum
2524 3759 2546 3791 ³
2569 3772 2601 3813 a
2645 3773 2705 3814 se
2736 3757 2852 3828 ipso
2899 3754 3229 3826 propositum
3262 3753 3422 3808 solvit
3453 3769 3467 3806 :
3500 3750 3598 3807 sed

2005 3852 2475 3915 commemorando
2500 3851 2604 3908 alia
2631 3850 2779 3905 velut
2800 3848 3072 3907 contraria
3100 3844 3424 3912 testimonia,
3455 3843 3595 3912 apud

2007 3947 2233 4019 eosqui
2276 3963 2385 4002 non
2416 3943 2716 4013 intelligunt
2753 3947 2994 3997 sanctam
3022 3937 3374 4008 Seripturam,
3417 3934 3596 3989 divina

2006 4041 2217 4112 eloquia
2245 4040 2298 4093 in
2344 4036 2437 4091 lite
2479 4032 2708 4091 dimisit.
2740 4030 2831 4087 Ait
2853 4030 3035 4086 enim:
3067 4027 3260 4096 Quibus
3286 4025 3598 4096 responden-

2007 4134 2129 4187 dum
2143 4141 2235 4197 est,
2253 4129 2387 4201 quod
2402 4129 2454 4181 in
2477 4124 2820 4180 Numerorum
2838 4120 2966 4176 libro
2985 4122 3228 4191 scriptum
3247 4127 3354 4173 est:
3378 4136 3396 4169 ι
3425 4116 3474 4171 Η
3480 4134 3595 4172 omo

2008 4238 2161 4280 veras;
2186 4240 2206 4275 ι
2234 4218 2418 4291 (Num.
2436 4232 2587 4282 xxiv,
2609 4231 2710 4270 sec.
2729 4212 2916 4284 LXX).
2937 4210 3005 4266 Et
3025 4212 3088 4266 de
3101 4210 3276 4265 sa’ncto
3292 4208 3390 4264 Job
3414 4209 3598 4280 legitur

2006 4316 2079 4371 ita
2100 4330 2119 4369 :
2136 4332 2154 4366 ι
2178 4310 2305 4366 Erat
2331 4309 2407 4363 vir
2435 4306 2665 4363 habitam
2685 4305 2741 4360 in
2754 4304 2957 4377 regione
2975 4302 3242 4368 Ausititlw,
3257 4301 3458 4359 nomine
3470 4299 3594 4366 Job,

2008 4419 2181 4468 verax,
2210 4402 2317 4456 sine
2342 4398 2570 4462 crimine,
2609 4396 2803 4468 justus,
2843 4392 2942 4449 Dei
2964 4391 3145 4458 cultor,
3172 4392 3427 4446 abstinens
3454 4407 3510 4445 se
3533 4389 3595 4444 ab

2009 4494 2147 4550 omni
2172 4492 2227 4547 re
2242 4490 2381 4545 mala
2403 4508 2423 4542 ι
2448 4486 2570 4559 (Job
2592 4501 2631 4556 ι,
2661 4484 2736 4558 1).
2760 4485 2921 4540 Miror
2941 4483 3083 4556 quod
3107 4499 3268 4538 ausus
3292 4494 3374 4538 εει
3398 4497 3597 4553 ponere

2012 4587 2113 4641 hoc
2136 4580 2519 4645 testimonium,
2547 4576 2635 4633 ubi
2659 4577 2859 4632 dictum
2884 4584 2988 4643 est,
3016 4574 3280 4628 Abstinens
3305 4590 3358 4627 se
3375 4573 3438 4626 ab
3459 4572 3599 4625 omni

2010 4693 2066 4733 re
2105 4676 2267 4739 mala,
2313 4688 2435 4729 cum
2463 4671 2567 4726 hoc
2592 4669 2660 4726 ab
2698 4668 2843 4725 omni
2871 4676 3095 4740 peccato
3129 4667 3287 4739 vellet
3330 4664 3595 4733 intelligi;

2010 4783 2137 4825 cum
2182 4765 2426 4837 superius
2468 4762 2680 4828 dixerit,
2731 4768 3008 4832 peccatum
3051 4765 3228 4814 aetum
3267 4771 3387 4812 esse
3413 4754 3456 4822 ‘,
3487 4772 3594 4811 non

2011 4874 2125 4915 rem
2158 4855 2308 4931 (Cap.
2338 4854 2396 4923 2,
2435 4871 2491 4908 η.
2520 4853 2599 4926 4).
2639 4851 3033 4909 Reminiscatur
3057 4864 3185 4921 ergo
3213 4848 3334 4920 quia
3361 4847 3524 4903 etiam
3551 4848 3597 4904 si

2012 4959 2161 5005 actus
2184 4948 2274 5014 sit,
2301 4960 2391 5002 res
2416 4953 2592 5017 potest
2617 4943 2743 4999 dici.
2784 4942 3031 4999 Abstiuet
3066 4956 3127 4997 se
3153 4948 3331 4996 autem
3357 4938 3425 4993 ab
3452 4941 3596 4993 omni

2013 5058 2072 5098 re
2100 5041 2258 5105 mala,
2284 5038 2375 5110 qui
2403 5046 2640 5108 peccato,
2670 5035 2788 5091 sine
2815 5050 2921 5106 quo
2947 5049 3051 5088 non
3083 5041 3183 5098 est,
3211 5030 3298 5088 vel
3324 5046 3597 5103 nunquam

2013 5134 2232 5189 omnino
2269 5130 2555 5197 consentit,
2606 5128 2787 5184 vel'si
2823 5124 3121 5197 aliquando.
3158 5124 3440 5195 premitur,
3492 5143 3597 5179 nou

2013 5225 2367 5297 opprimitur;
2418 5223 2555 5277 sicut
2600 5220 2832 5278 luctator
2874 5217 3082 5283 fortior,
3122 5227 3174 5272 et
3223 5217 3268 5271 si
3312 5217 3601 5287 aliquando

2016 5324 2249 5383 tenetur,
2278 5329 2384 5370 non
2416 5312 2536 5369 ideo
2560 5310 2737 5382 perdit
2770 5325 2876 5380 quo
2901 5309 3145 5378 superior
3174 5308 3461 5365 invenitur.
3495 5309 3599 5365 Le-

2013 5411 2154 5482 gitur
2189 5405 2509 5463 sane‘homo
2537 5403 2654 5459 sine
2679 5401 2924 5468 crimine,
2952 5401 3145 5471 legitur
3189 5402 3307 5458 sine
3334 5402 3551 5474 querela
3586 5419 3600 5456 :

2081 5546 2096 5576 ⁸
2123 5549 2224 5606 Am.
2244 5546 2324 5592 Er.
2351 5545 2403 5589 et
2425 5536 2651 5606 plerique
2673 5541 2801 5606 Mss,

2079 5606 2099 5637 ¹
2125 5604 2291 5652 Plures
2305 5592 2440 5659 Mss;
2450 5592 2585 5662 quod
2599 5592 2921 5662 reprehendat
2939 5592 3273 5661 inﬁdelitatem
3290 5595 3415 5659 ejus.

2082 5667 2102 5699 ³
2125 5664 2346 5726 Plerique
2370 5659 2495 5723 Μδδζ,
2523 5659 2691 5711 contra
2708 5672 2761 5713 se
2777 5659 2951 5726 λ

2081 5728 2101 5758 ⁸
2126 5736 2227 5774 Am.
2248 5720 2326 5774 Er.
2354 5731 2405 5774 et
2447 5720 2619 5773 omnes
2651 5720 2979 5786 manuScripti,
3014 5734 3112 5773 uno
3154 5727 3340 5773 tantum
3376 5725 3611 5781 excejta,

2020 5794 2267 5851 peccatum
2280 5792 2441 5839 actum
2458 5785 2780 5839 matum‘essc.
