  <div class='ocr_page' id='page_1' title='image "/cluster/home/n/w/nwhite01/storage/ocr_20150623/44/hvd.32044069687945/159.png"; bbox 0 0 4002 6178; ppageno 0'>
   <div class='ocr_carea' id='block_1_1' title="bbox 453 337 556 398">
    <p class='ocr_par' dir='ltr' id='par_1_1' title="bbox 453 337 556 398">
     <span class='ocr_line' id='line_1_1' title="bbox 453 337 556 398; baseline 0 -3"><span class='ocrx_word' id='word_1_1' title='bbox 453 337 556 398; x_wconf 70' lang='lat'><strong><em>507</em></strong></span> 
     </span>
    </p>
   </div>
   <div class='ocr_carea' id='block_1_2' title="bbox 451 442 2032 520">
    <p class='ocr_par' dir='ltr' id='par_1_2' title="bbox 451 442 2032 520">
     <span class='ocr_line' id='line_1_2' title="bbox 451 442 2032 520; baseline -0.004 -16"><span class='ocrx_word' id='word_1_2' title='bbox 451 459 504 504; x_wconf 81' lang='grc' dir='ltr'><strong><em>ιι</em></strong></span> <span class='ocrx_word' id='word_1_3' title='bbox 534 465 636 506; x_wconf 87' lang='lat' dir='ltr'><strong><em>non</em></strong></span> <span class='ocrx_word' id='word_1_4' title='bbox 663 449 853 520; x_wconf 73' lang='lat' dir='ltr'><strong><em>legitur</em></strong></span> <span class='ocrx_word' id='word_1_5' title='bbox 878 448 996 503; x_wconf 79' lang='lat' dir='ltr'><strong><em>sine</em></strong></span> <span class='ocrx_word' id='word_1_6' title='bbox 1020 454 1257 518; x_wconf 82' lang='lat' dir='ltr'><strong><em>peccato,</em></strong></span> <span class='ocrx_word' id='word_1_7' title='bbox 1285 444 1386 504; x_wconf 85' lang='lat' dir='ltr'><strong><em>nisi</em></strong></span> <span class='ocrx_word' id='word_1_8' title='bbox 1421 443 1586 501; x_wconf 79' lang='lat' dir='ltr'><strong><em>Filius</em></strong></span> <span class='ocrx_word' id='word_1_9' title='bbox 1612 442 1864 512; x_wconf 81' lang='lat' dir='ltr'><strong><em>hominis,</em></strong></span> <span class='ocrx_word' id='word_1_10' title='bbox 1897 459 2032 500; x_wconf 83' lang='lat' dir='ltr'><strong><em>unus</em></strong></span> 
     </span>
    </p>
   </div>
   <div class='ocr_carea' id='block_1_3' title="bbox 453 538 1236 610">
    <p class='ocr_par' dir='ltr' id='par_1_3' title="bbox 453 538 1236 610">
     <span class='ocr_line' id='line_1_3' title="bbox 453 538 1236 610; baseline -0.01 -10"><span class='ocrx_word' id='word_1_11' title='bbox 453 543 695 610; x_wconf 74' lang='lat' dir='ltr'><strong><em>idemque</em></strong></span> <span class='ocrx_word' id='word_1_12' title='bbox 722 540 812 598; x_wconf 90' lang='lat' dir='ltr'><strong><em>Dei</em></strong></span> <span class='ocrx_word' id='word_1_13' title='bbox 838 538 1003 596; x_wconf 77' lang='lat' dir='ltr'><strong><em>Filius</em></strong></span> <span class='ocrx_word' id='word_1_14' title='bbox 1029 538 1236 595; x_wconf 85' lang='lat' dir='ltr'><strong><em>unicus.</em></strong></span> 
     </span>
    </p>
   </div>
   <div class='ocr_carea' id='block_1_4' title="bbox 523 625 2032 703">
    <p class='ocr_par' dir='ltr' id='par_1_4' title="bbox 523 625 2032 703">
     <span class='ocr_line' id='line_1_4' title="bbox 523 625 2032 703; baseline -0.007 -13"><span class='ocrx_word' id='word_1_15' title='bbox 523 635 613 690; x_wconf 77' lang='lat'><strong><em>30.</em></strong></span> <span class='ocrx_word' id='word_1_16' title='bbox 637 652 656 687; x_wconf 80' lang='grc' dir='ltr'><strong><em>ι</em></strong></span> <span class='ocrx_word' id='word_1_17' title='bbox 679 633 867 700; x_wconf 77' lang='grc' dir='ltr'>Ιιοιιι,ι</span> <span class='ocrx_word' id='word_1_18' title='bbox 885 631 1104 703; x_wconf 77' lang='lat' dir='ltr'><strong><em>inquit,t</em></strong></span> <span class='ocrx_word' id='word_1_19' title='bbox 1124 631 1262 701; x_wconf 79' lang='lat' dir='ltr'><strong><em>apud</em></strong></span> <span class='ocrx_word' id='word_1_20' title='bbox 1289 630 1459 700; x_wconf 82' lang='lat' dir='ltr'><strong><em>ipsum</em></strong></span> <span class='ocrx_word' id='word_1_21' title='bbox 1486 625 1700 686; x_wconf 79' lang='lat' dir='ltr'><strong><em>Job:Et</em></strong></span> <span class='ocrx_word' id='word_1_22' title='bbox 1729 629 2032 681; x_wconf 70' lang='lat' dir='ltr'><strong><em>miraculum</em></strong></span> 
     </span>
    </p>
   </div>
   <div class='ocr_carea' id='block_1_5' title="bbox 445 717 2033 789">
    <p class='ocr_par' dir='ltr' id='par_1_5' title="bbox 445 717 2033 789">
     <span class='ocr_line' id='line_1_5' title="bbox 445 717 2033 789; baseline -0.007 -8"><span class='ocrx_word' id='word_1_23' title='bbox 445 727 602 781; x_wconf 84' lang='lat' dir='ltr'><strong><em>tenuit</em></strong></span> <span class='ocrx_word' id='word_1_24' title='bbox 629 724 819 779; x_wconf 74' lang='lat' dir='ltr'><strong><em>veracis</em></strong></span> <span class='ocrx_word' id='word_1_25' title='bbox 861 721 1097 778; x_wconf 77' lang='lat' dir='ltr'><strong><em>hominis.</em></strong></span> <span class='ocrx_word' id='word_1_26' title='bbox 1142 721 1272 776; x_wconf 86' lang='lat' dir='ltr'><strong><em>Item</em></strong></span> <span class='ocrx_word' id='word_1_27' title='bbox 1313 719 1451 789; x_wconf 90' lang='lat' dir='ltr'><strong><em>apud</em></strong></span> <span class='ocrx_word' id='word_1_28' title='bbox 1476 718 1816 775; x_wconf 89' lang='lat' dir='ltr'><strong><em>Salomonem</em></strong></span> <span class='ocrx_word' id='word_1_29' title='bbox 1844 717 1912 771; x_wconf 90' lang='lat' dir='ltr'><strong><em>de</em></strong></span> <span class='ocrx_word' id='word_1_30' title='bbox 1936 717 2033 770; x_wconf 81' lang='lat' dir='ltr'><strong><em>Sa-</em></strong></span> 
     </span>
    </p>
   </div>
   <div class='ocr_carea' id='block_1_6' title="bbox 447 809 2034 886">
    <p class='ocr_par' dir='ltr' id='par_1_6' title="bbox 447 809 2034 886">
     <span class='ocr_line' id='line_1_6' title="bbox 447 809 2034 886; baseline -0.004 -17"><span class='ocrx_word' id='word_1_31' title='bbox 447 816 644 886; x_wconf 87' lang='lat' dir='ltr'><strong><em>pientia</em></strong></span> <span class='ocrx_word' id='word_1_32' title='bbox 670 831 689 870; x_wconf 91' lang='lat'><strong><em>:</em></strong></span> <span class='ocrx_word' id='word_1_33' title='bbox 725 813 831 869; x_wconf 81' lang='lat' dir='ltr'><strong><em>Viri</em></strong></span> <span class='ocrx_word' id='word_1_34' title='bbox 859 813 1122 868; x_wconf 82' lang='lat' dir='ltr'><strong><em>mendaces</em></strong></span> <span class='ocrx_word' id='word_1_35' title='bbox 1150 827 1251 866; x_wconf 80' lang='lat' dir='ltr'><strong><em>non</em></strong></span> <span class='ocrx_word' id='word_1_36' title='bbox 1288 821 1434 864; x_wconf 83' lang='lat' dir='ltr'><strong><em>erunt</em></strong></span> <span class='ocrx_word' id='word_1_37' title='bbox 1460 810 1598 864; x_wconf 88' lang='lat' dir='ltr'><strong><em>illius</em></strong></span> <span class='ocrx_word' id='word_1_38' title='bbox 1625 825 1866 864; x_wconf 88' lang='lat' dir='ltr'><strong><em>memores</em></strong></span> <span class='ocrx_word' id='word_1_39' title='bbox 1889 826 1908 874; x_wconf 89' lang='lat'><em>;</em></span> <span class='ocrx_word' id='word_1_40' title='bbox 1939 809 2034 862; x_wconf 82' lang='lat' dir='ltr'><strong><em>uiri</em></strong></span> 
     </span>
    </p>
   </div>
   <div class='ocr_carea' id='block_1_7' title="bbox 445 900 2029 974">
    <p class='ocr_par' dir='ltr' id='par_1_7' title="bbox 445 900 2029 974">
     <span class='ocr_line' id='line_1_7' title="bbox 445 900 2029 974; baseline -0.003 -15"><span class='ocrx_word' id='word_1_41' title='bbox 445 916 614 961; x_wconf 71' lang='lat' dir='ltr'><strong><em>autem</em></strong></span> <span class='ocrx_word' id='word_1_42' title='bbox 637 921 836 961; x_wconf 64' lang='lat' dir='ltr'><strong><em>veraces</em></strong></span> <span class='ocrx_word' id='word_1_43' title='bbox 877 904 1193 959; x_wconf 70' lang='lat' dir='ltr'><strong><em>invenientur</em></strong></span> <span class='ocrx_word' id='word_1_44' title='bbox 1233 902 1284 957; x_wconf 88' lang='lat' dir='ltr'><strong><em>in</em></strong></span> <span class='ocrx_word' id='word_1_45' title='bbox 1309 902 1402 957; x_wconf 88' lang='lat' dir='ltr'><strong><em>illa</em></strong></span> <span class='ocrx_word' id='word_1_46' title='bbox 1435 901 1618 974; x_wconf 80' lang='lat' dir='ltr'><strong><em>(Eccli.</em></strong></span> <span class='ocrx_word' id='word_1_47' title='bbox 1651 916 1740 966; x_wconf 80' lang='lat' dir='ltr'><strong><em>xv,</em></strong></span> <span class='ocrx_word' id='word_1_48' title='bbox 1779 900 1858 972; x_wconf 90' lang='lat'><strong><em>8).</em></strong></span> <span class='ocrx_word' id='word_1_49' title='bbox 1901 900 2029 955; x_wconf 87' lang='lat' dir='ltr'><strong><em>ltem</em></strong></span> 
     </span>
    </p>
   </div>
   <div class='ocr_carea' id='block_1_8' title="bbox 444 996 2032 1071">
    <p class='ocr_par' dir='ltr' id='par_1_8' title="bbox 444 996 2032 1071">
     <span class='ocr_line' id='line_1_8' title="bbox 444 996 2032 1071; baseline -0.004 -16"><span class='ocrx_word' id='word_1_50' title='bbox 444 1001 498 1056; x_wconf 83' lang='lat' dir='ltr'><strong><em>in</em></strong></span> <span class='ocrx_word' id='word_1_51' title='bbox 527 999 843 1071; x_wconf 75' lang='lat' dir='ltr'><strong><em>Apocalypsi</em></strong></span> <span class='ocrx_word' id='word_1_52' title='bbox 873 1017 888 1056; x_wconf 91' lang='lat'><strong>:</strong></span> <span class='ocrx_word' id='word_1_53' title='bbox 923 997 990 1053; x_wconf 83' lang='lat' dir='ltr'><strong><em>Et</em></strong></span> <span class='ocrx_word' id='word_1_54' title='bbox 1027 998 1079 1052; x_wconf 83' lang='lat' dir='ltr'><strong><em>in</em></strong></span> <span class='ocrx_word' id='word_1_55' title='bbox 1122 1014 1208 1052; x_wconf 88' lang='lat' dir='ltr'><strong><em>ore</em></strong></span> <span class='ocrx_word' id='word_1_56' title='bbox 1242 996 1469 1067; x_wconf 84' lang='lat' dir='ltr'><strong><em>ipsorum</em></strong></span> <span class='ocrx_word' id='word_1_57' title='bbox 1517 1012 1616 1049; x_wconf 87' lang='lat' dir='ltr'><strong><em>non</em></strong></span> <span class='ocrx_word' id='word_1_58' title='bbox 1663 1005 1732 1050; x_wconf 83' lang='lat' dir='ltr'><strong><em>est</em></strong></span> <span class='ocrx_word' id='word_1_59' title='bbox 1779 996 2032 1049; x_wconf 73' lang='lat' dir='ltr'><strong><em>inventura</em></strong></span> 
     </span>
    </p>
   </div>
   <div class='ocr_carea' id='block_1_9' title="bbox 440 1087 2030 1158">
    <p class='ocr_par' dir='ltr' id='par_1_9' title="bbox 440 1087 2030 1158">
     <span class='ocr_line' id='line_1_9' title="bbox 440 1087 2030 1158; baseline 0.001 -16"><span class='ocrx_word' id='word_1_60' title='bbox 440 1092 760 1145; x_wconf 74' lang='lat' dir='ltr'><strong><em>mendacium</em></strong></span> <span class='ocrx_word' id='word_1_61' title='bbox 783 1105 803 1154; x_wconf 86' lang='lat'><strong><em>;</em></strong></span> <span class='ocrx_word' id='word_1_62' title='bbox 830 1090 938 1144; x_wconf 88' lang='lat' dir='ltr'><strong><em>sine</em></strong></span> <span class='ocrx_word' id='word_1_63' title='bbox 956 1089 1154 1144; x_wconf 83' lang='lat' dir='ltr'><strong><em>macula</em></strong></span> <span class='ocrx_word' id='word_1_64' title='bbox 1178 1098 1293 1143; x_wconf 88' lang='lat' dir='ltr'><strong><em>sunt</em></strong></span> <span class='ocrx_word' id='word_1_65' title='bbox 1322 1108 1341 1140; x_wconf 74' lang='grc' dir='ltr'><strong><em>ι</em></strong></span> <span class='ocrx_word' id='word_1_66' title='bbox 1371 1088 1551 1158; x_wconf 73' lang='lat' dir='ltr'><strong><em>(Apoc.</em></strong></span> <span class='ocrx_word' id='word_1_67' title='bbox 1575 1103 1681 1152; x_wconf 76' lang='lat' dir='ltr'><strong><em>xiv,</em></strong></span> <span class='ocrx_word' id='word_1_68' title='bbox 1701 1087 1776 1156; x_wconf 81' lang='grc'><strong>5).</strong></span> <span class='ocrx_word' id='word_1_69' title='bbox 1810 1088 1887 1141; x_wconf 81' lang='lat' dir='ltr'><strong><em>Ad</em></strong></span> <span class='ocrx_word' id='word_1_70' title='bbox 1918 1088 2030 1143; x_wconf 76' lang='lat' dir='ltr'><strong><em>lucc</em></strong></span> 
     </span>
    </p>
   </div>
   <div class='ocr_carea' id='block_1_10' title="bbox 456 1177 2031 1250">
    <p class='ocr_par' dir='ltr' id='par_1_10' title="bbox 456 1177 2031 1250">
     <span class='ocr_line' id='line_1_10' title="bbox 456 1177 2031 1250; baseline 0 -17"><span class='ocrx_word' id='word_1_71' title='bbox 456 1192 496 1233; x_wconf 63' lang='lat' dir='ltr'><strong><em>at</em></strong></span> <span class='ocrx_word' id='word_1_72' title='bbox 537 1197 634 1235; x_wconf 82' lang='lat' dir='ltr'><strong><em>nos</em></strong></span> <span class='ocrx_word' id='word_1_73' title='bbox 661 1180 1063 1250; x_wconf 74' lang='lat' dir='ltr'><strong><em>respondemus,</em></strong></span> <span class='ocrx_word' id='word_1_74' title='bbox 1101 1179 1450 1234; x_wconf 84' lang='lat' dir='ltr'><strong><em>admOnentcs</em></strong></span> <span class='ocrx_word' id='word_1_75' title='bbox 1477 1177 1743 1248; x_wconf 81' lang='lat' dir='ltr'><strong><em>quomodo</em></strong></span> <span class='ocrx_word' id='word_1_76' title='bbox 1771 1177 2031 1233; x_wconf 87' lang='lat' dir='ltr'><strong><em>dicendus</em></strong></span> 
     </span>
    </p>
   </div>
   <div class='ocr_carea' id='block_1_11' title="bbox 441 1268 2027 1339">
    <p class='ocr_par' dir='ltr' id='par_1_11' title="bbox 441 1268 2027 1339">
     <span class='ocr_line' id='line_1_11' title="bbox 441 1268 2027 1339; baseline -0.001 -15"><span class='ocrx_word' id='word_1_77' title='bbox 441 1273 512 1324; x_wconf 89' lang='lat' dir='ltr'><strong><em>sit</em></strong></span> <span class='ocrx_word' id='word_1_78' title='bbox 540 1272 700 1324; x_wconf 80' lang='lat' dir='ltr'><strong><em>homo</em></strong></span> <span class='ocrx_word' id='word_1_79' title='bbox 729 1286 890 1326; x_wconf 81' lang='lat' dir='ltr'><strong><em>verax</em></strong></span> <span class='ocrx_word' id='word_1_80' title='bbox 919 1286 1013 1338; x_wconf 85' lang='lat' dir='ltr'><strong><em>per</em></strong></span> <span class='ocrx_word' id='word_1_81' title='bbox 1044 1270 1133 1324; x_wconf 88' lang='lat' dir='ltr'><strong><em>Dei</em></strong></span> <span class='ocrx_word' id='word_1_82' title='bbox 1165 1270 1386 1338; x_wconf 78' lang='lat' dir='ltr'><strong><em>gratiam</em></strong></span> <span class='ocrx_word' id='word_1_83' title='bbox 1423 1279 1582 1339; x_wconf 80' lang='lat' dir='ltr'><strong><em>atque</em></strong></span> <span class='ocrx_word' id='word_1_84' title='bbox 1611 1268 1908 1328; x_wconf 89' lang='lat' dir='ltr'><strong><em>veritatem.</em></strong></span> <span class='ocrx_word' id='word_1_85' title='bbox 1939 1268 2027 1337; x_wconf 90' lang='lat' dir='ltr'><strong><em>qui</em></strong></span> 
     </span>
    </p>
   </div>
   <div class='ocr_carea' id='block_1_12' title="bbox 441 1358 2028 1432">
    <p class='ocr_par' dir='ltr' id='par_1_12' title="bbox 441 1358 2028 1432">
     <span class='ocr_line' id='line_1_12' title="bbox 441 1358 2028 1432; baseline -0.001 -16"><span class='ocrx_word' id='word_1_86' title='bbox 441 1377 538 1432; x_wconf 87' lang='lat' dir='ltr'><strong><em>per</em></strong></span> <span class='ocrx_word' id='word_1_87' title='bbox 567 1379 625 1416; x_wconf 81' lang='lat' dir='ltr'><strong><em>se</em></strong></span> <span class='ocrx_word' id='word_1_88' title='bbox 655 1363 827 1430; x_wconf 90' lang='lat' dir='ltr'><strong><em>ipsum</em></strong></span> <span class='ocrx_word' id='word_1_89' title='bbox 871 1362 988 1418; x_wconf 93' lang='lat' dir='ltr'><strong><em>sine</em></strong></span> <span class='ocrx_word' id='word_1_90' title='bbox 1036 1360 1200 1416; x_wconf 89' lang='lat' dir='ltr'><strong><em>dubio</em></strong></span> <span class='ocrx_word' id='word_1_91' title='bbox 1231 1361 1458 1415; x_wconf 75' lang='lat' dir='ltr'><strong><em>mendax</em></strong></span> <span class='ocrx_word' id='word_1_92' title='bbox 1500 1369 1602 1414; x_wconf 90' lang='lat' dir='ltr'><strong><em>est.</em></strong></span> <span class='ocrx_word' id='word_1_93' title='bbox 1645 1358 1798 1415; x_wconf 85' lang='lat' dir='ltr'><strong><em>Unde</em></strong></span> <span class='ocrx_word' id='word_1_94' title='bbox 1825 1359 2028 1414; x_wconf 90' lang='lat' dir='ltr'><strong><em>dictum</em></strong></span> 
     </span>
    </p>
   </div>
   <div class='ocr_carea' id='block_1_13' title="bbox 439 1451 2026 1519">
    <p class='ocr_par' dir='ltr' id='par_1_13' title="bbox 439 1451 2026 1519">
     <span class='ocr_line' id='line_1_13' title="bbox 439 1451 2026 1519; baseline -0.001 -11"><span class='ocrx_word' id='word_1_95' title='bbox 439 1463 544 1519; x_wconf 88' lang='lat' dir='ltr'><strong><em>est,</em></strong></span> <span class='ocrx_word' id='word_1_96' title='bbox 592 1453 768 1509; x_wconf 86' lang='lat' dir='ltr'><strong><em>Omnis</em></strong></span> <span class='ocrx_word' id='word_1_97' title='bbox 797 1454 947 1508; x_wconf 81' lang='lat' dir='ltr'><strong><em>homo</em></strong></span> <span class='ocrx_word' id='word_1_98' title='bbox 976 1453 1210 1506; x_wconf 72' lang='lat' dir='ltr'><strong><em>mendax.</em></strong></span> <span class='ocrx_word' id='word_1_99' title='bbox 1269 1451 1380 1507; x_wconf 90' lang='lat' dir='ltr'><strong><em>lloc</em></strong></span> <span class='ocrx_word' id='word_1_100' title='bbox 1416 1460 1469 1506; x_wconf 91' lang='lat' dir='ltr'><strong><em>et</em></strong></span> <span class='ocrx_word' id='word_1_101' title='bbox 1495 1451 1858 1507; x_wconf 86' lang='lat' dir='ltr'><strong><em>testimonium</em></strong></span> <span class='ocrx_word' id='word_1_102' title='bbox 1892 1453 1906 1483; x_wconf 84' lang='lat'><strong>‘</strong></span> <span class='ocrx_word' id='word_1_103' title='bbox 1935 1466 2026 1506; x_wconf 89' lang='lat' dir='ltr'><strong><em>so-</em></strong></span> 
     </span>
    </p>
   </div>
   <div class='ocr_carea' id='block_1_14' title="bbox 440 1542 2026 1617">
    <p class='ocr_par' dir='ltr' id='par_1_14' title="bbox 440 1542 2026 1617">
     <span class='ocr_line' id='line_1_14' title="bbox 440 1542 2026 1617; baseline -0.001 -16"><span class='ocrx_word' id='word_1_104' title='bbox 440 1557 532 1602; x_wconf 88' lang='lat' dir='ltr'><strong><em>nat</em></strong></span> <span class='ocrx_word' id='word_1_105' title='bbox 558 1547 625 1600; x_wconf 84' lang='lat' dir='ltr'><strong><em>de</em></strong></span> <span class='ocrx_word' id='word_1_106' title='bbox 653 1547 944 1617; x_wconf 71' lang='lat' dir='ltr'><strong><em>Sapientia,</em></strong></span> <span class='ocrx_word' id='word_1_107' title='bbox 984 1546 1124 1615; x_wconf 85' lang='lat' dir='ltr'><strong><em>quod</em></strong></span> <span class='ocrx_word' id='word_1_108' title='bbox 1152 1547 1264 1616; x_wconf 86' lang='lat' dir='ltr'><strong><em>ipse</em></strong></span> <span class='ocrx_word' id='word_1_109' title='bbox 1302 1545 1478 1616; x_wconf 85' lang='lat' dir='ltr'><strong><em>posuit</em></strong></span> <span class='ocrx_word' id='word_1_110' title='bbox 1505 1562 1520 1601; x_wconf 87' lang='lat'><strong>:</strong></span> <span class='ocrx_word' id='word_1_111' title='bbox 1555 1542 1664 1598; x_wconf 83' lang='lat' dir='ltr'><strong><em>Viri</em></strong></span> <span class='ocrx_word' id='word_1_112' title='bbox 1689 1555 1857 1599; x_wconf 86' lang='lat' dir='ltr'><strong><em>autem</em></strong></span> <span class='ocrx_word' id='word_1_113' title='bbox 1882 1562 2026 1599; x_wconf 78' lang='lat' dir='ltr'><strong><em>vera-</em></strong></span> 
     </span>
    </p>
   </div>
   <div class='ocr_carea' id='block_1_15' title="bbox 437 1635 2025 1708">
    <p class='ocr_par' dir='ltr' id='par_1_15' title="bbox 437 1635 2025 1708">
     <span class='ocr_line' id='line_1_15' title="bbox 437 1635 2025 1708; baseline -0.001 -17"><span class='ocrx_word' id='word_1_114' title='bbox 437 1654 520 1693; x_wconf 87' lang='lat' dir='ltr'><strong><em>ces</em></strong></span> <span class='ocrx_word' id='word_1_115' title='bbox 558 1638 872 1692; x_wconf 74' lang='lat' dir='ltr'><strong><em>invenientur</em></strong></span> <span class='ocrx_word' id='word_1_116' title='bbox 894 1638 946 1694; x_wconf 90' lang='lat' dir='ltr'><strong><em>in</em></strong></span> <span class='ocrx_word' id='word_1_117' title='bbox 966 1637 1057 1692; x_wconf 88' lang='lat' dir='ltr'><strong><em>illa</em></strong></span> <span class='ocrx_word' id='word_1_118' title='bbox 1085 1653 1104 1691; x_wconf 91' lang='lat'><strong><em>:</em></strong></span> <span class='ocrx_word' id='word_1_119' title='bbox 1132 1637 1222 1708; x_wconf 88' lang='lat' dir='ltr'><strong><em>qui</em></strong></span> <span class='ocrx_word' id='word_1_120' title='bbox 1254 1636 1437 1706; x_wconf 90' lang='lat' dir='ltr'><strong><em>procul</em></strong></span> <span class='ocrx_word' id='word_1_121' title='bbox 1462 1635 1624 1690; x_wconf 91' lang='lat' dir='ltr'><strong><em>dubio</em></strong></span> <span class='ocrx_word' id='word_1_122' title='bbox 1666 1651 1770 1690; x_wconf 91' lang='lat' dir='ltr'><strong><em>non</em></strong></span> <span class='ocrx_word' id='word_1_123' title='bbox 1812 1635 1864 1690; x_wconf 92' lang='lat' dir='ltr'><strong><em>in</em></strong></span> <span class='ocrx_word' id='word_1_124' title='bbox 1901 1635 1988 1690; x_wconf 88' lang='lat' dir='ltr'><strong><em>illa</em></strong></span> <span class='ocrx_word' id='word_1_125' title='bbox 2009 1677 2025 1702; x_wconf 94' lang='lat'><strong><em>,</em></strong></span> 
     </span>
    </p>
   </div>
   <div class='ocr_carea' id='block_1_16' title="bbox 438 1728 2020 1798">
    <p class='ocr_par' dir='ltr' id='par_1_16' title="bbox 438 1728 2020 1798">
     <span class='ocr_line' id='line_1_16' title="bbox 438 1728 2020 1798; baseline -0.001 -14"><span class='ocrx_word' id='word_1_126' title='bbox 438 1729 534 1784; x_wconf 83' lang='lat' dir='ltr'><strong><em>sed</em></strong></span> <span class='ocrx_word' id='word_1_127' title='bbox 564 1729 615 1784; x_wconf 88' lang='lat' dir='ltr'><strong><em>in</em></strong></span> <span class='ocrx_word' id='word_1_128' title='bbox 640 1744 699 1784; x_wconf 88' lang='lat' dir='ltr'><strong><em>se</em></strong></span> <span class='ocrx_word' id='word_1_129' title='bbox 727 1729 856 1798; x_wconf 83' lang='lat' dir='ltr'><strong>ipsis</strong></span> <span class='ocrx_word' id='word_1_130' title='bbox 882 1729 1217 1785; x_wconf 76' lang='lat' dir='ltr'><strong><em>invenientur</em></strong></span> <span class='ocrx_word' id='word_1_131' title='bbox 1239 1743 1361 1784; x_wconf 90' lang='lat' dir='ltr'><strong><em>esse</em></strong></span> <span class='ocrx_word' id='word_1_132' title='bbox 1388 1729 1692 1784; x_wconf 87' lang='lat' dir='ltr'><strong><em>mendaces.</em></strong></span> <span class='ocrx_word' id='word_1_133' title='bbox 1723 1728 1891 1784; x_wconf 87' lang='lat' dir='ltr'><strong><em>Sicuti</em></strong></span> <span class='ocrx_word' id='word_1_134' title='bbox 1921 1738 2020 1794; x_wconf 89' lang='lat' dir='ltr'><strong><em>est,</em></strong></span> 
     </span>
    </p>
   </div>
   <div class='ocr_carea' id='block_1_17' title="bbox 437 1819 2026 1890">
    <p class='ocr_par' dir='ltr' id='par_1_17' title="bbox 437 1819 2026 1890">
     <span class='ocr_line' id='line_1_17' title="bbox 437 1819 2026 1890; baseline 0 -16"><span class='ocrx_word' id='word_1_135' title='bbox 437 1819 636 1876; x_wconf 79' lang='lat' dir='ltr'><strong><em>Fuistis</em></strong></span> <span class='ocrx_word' id='word_1_136' title='bbox 677 1820 948 1890; x_wconf 82' lang='lat' dir='ltr'><strong><em>aliquando</em></strong></span> <span class='ocrx_word' id='word_1_137' title='bbox 978 1819 1210 1886; x_wconf 64' lang='lat' dir='ltr'><strong><em>tenebrat,</em></strong></span> <span class='ocrx_word' id='word_1_138' title='bbox 1253 1837 1385 1875; x_wconf 87' lang='lat' dir='ltr'><strong><em>nunc</em></strong></span> <span class='ocrx_word' id='word_1_139' title='bbox 1410 1829 1578 1874; x_wconf 88' lang='lat' dir='ltr'><strong><em>autem</em></strong></span> <span class='ocrx_word' id='word_1_140' title='bbox 1603 1821 1694 1874; x_wconf 76' lang='lat' dir='ltr'><strong><em>lux</em></strong></span> <span class='ocrx_word' id='word_1_141' title='bbox 1730 1820 1784 1874; x_wconf 89' lang='lat' dir='ltr'><strong><em>in</em></strong></span> <span class='ocrx_word' id='word_1_142' title='bbox 1811 1819 2026 1874; x_wconf 85' lang='lat' dir='ltr'><strong><em>Domino</em></strong></span> 
     </span>
    </p>
   </div>
   <div class='ocr_carea' id='block_1_18' title="bbox 439 1911 2022 1986">
    <p class='ocr_par' dir='ltr' id='par_1_18' title="bbox 439 1911 2022 1986">
     <span class='ocr_line' id='line_1_18' title="bbox 439 1911 2022 1986; baseline -0.001 -18"><span class='ocrx_word' id='word_1_143' title='bbox 439 1913 661 1983; x_wconf 78' lang='lat' dir='ltr'><strong><em>(En/tes.</em></strong></span> <span class='ocrx_word' id='word_1_144' title='bbox 699 1930 756 1980; x_wconf 83' lang='lat' dir='ltr'><strong><em>v,</em></strong></span> <span class='ocrx_word' id='word_1_145' title='bbox 784 1911 862 1986; x_wconf 91' lang='grc'><strong><em>8).</em></strong></span> <span class='ocrx_word' id='word_1_146' title='bbox 901 1911 1032 1970; x_wconf 85' lang='lat' dir='ltr'><strong><em>Cum</em></strong></span> <span class='ocrx_word' id='word_1_147' title='bbox 1060 1913 1284 1981; x_wconf 91' lang='lat' dir='ltr'><strong><em>diceret,</em></strong></span> <span class='ocrx_word' id='word_1_148' title='bbox 1315 1914 1531 1968; x_wconf 82' lang='lat' dir='ltr'><strong><em>tenebra:</em></strong></span> <span class='ocrx_word' id='word_1_149' title='bbox 1551 1955 1567 1980; x_wconf 92' lang='lat'><strong><em>,</em></strong></span> <span class='ocrx_word' id='word_1_150' title='bbox 1600 1928 1705 1967; x_wconf 89' lang='lat' dir='ltr'><strong><em>non</em></strong></span> <span class='ocrx_word' id='word_1_151' title='bbox 1742 1911 1947 1967; x_wconf 87' lang='lat' dir='ltr'><strong><em>addidit</em></strong></span> <span class='ocrx_word' id='word_1_152' title='bbox 1972 1913 2022 1968; x_wconf 90' lang='lat' dir='ltr'><strong><em>in</em></strong></span> 
     </span>
    </p>
   </div>
   <div class='ocr_carea' id='block_1_19' title="bbox 441 2003 2023 2076">
    <p class='ocr_par' dir='ltr' id='par_1_19' title="bbox 441 2003 2023 2076">
     <span class='ocr_line' id='line_1_19' title="bbox 441 2003 2023 2076; baseline 0.001 -18"><span class='ocrx_word' id='word_1_153' title='bbox 441 2003 714 2060; x_wconf 87' lang='lat' dir='ltr'><strong><em>Domino:</em></strong></span> <span class='ocrx_word' id='word_1_154' title='bbox 745 2020 866 2062; x_wconf 89' lang='lat' dir='ltr'><strong><em>cum</em></strong></span> <span class='ocrx_word' id='word_1_155' title='bbox 917 2013 1093 2060; x_wconf 86' lang='lat' dir='ltr'><strong><em>autem</em></strong></span> <span class='ocrx_word' id='word_1_156' title='bbox 1141 2004 1294 2072; x_wconf 73' lang='lat' dir='ltr'><strong><em>dixit,</em></strong></span> <span class='ocrx_word' id='word_1_157' title='bbox 1339 2005 1462 2069; x_wconf 73' lang='lat' dir='ltr'><strong><em>lux,</em></strong></span> <span class='ocrx_word' id='word_1_158' title='bbox 1495 2004 1696 2060; x_wconf 84' lang='lat' dir='ltr'><strong><em>addidit</em></strong></span> <span class='ocrx_word' id='word_1_159' title='bbox 1741 2007 1938 2076; x_wconf 84' lang='lat' dir='ltr'><strong><em>utique,</em></strong></span> <span class='ocrx_word' id='word_1_160' title='bbox 1971 2007 2023 2059; x_wconf 89' lang='lat' dir='ltr'><strong><em>in</em></strong></span> 
     </span>
    </p>
   </div>
   <div class='ocr_carea' id='block_1_20' title="bbox 437 2095 2023 2168">
    <p class='ocr_par' dir='ltr' id='par_1_20' title="bbox 437 2095 2023 2168">
     <span class='ocr_line' id='line_1_20' title="bbox 437 2095 2023 2168; baseline 0.001 -17"><span class='ocrx_word' id='word_1_161' title='bbox 437 2095 657 2151; x_wconf 86' lang='lat' dir='ltr'><strong><em>Donuno</em></strong></span> <span class='ocrx_word' id='word_1_162' title='bbox 683 2113 704 2153; x_wconf 90' lang='lat'><strong><em>:</em></strong></span> <span class='ocrx_word' id='word_1_163' title='bbox 733 2099 854 2168; x_wconf 90' lang='lat' dir='ltr'><strong><em>quia</em></strong></span> <span class='ocrx_word' id='word_1_164' title='bbox 884 2097 937 2152; x_wconf 90' lang='lat' dir='ltr'><strong><em>in</em></strong></span> <span class='ocrx_word' id='word_1_165' title='bbox 977 2113 1037 2153; x_wconf 88' lang='lat' dir='ltr'><strong><em>se</em></strong></span> <span class='ocrx_word' id='word_1_166' title='bbox 1083 2097 1214 2168; x_wconf 87' lang='lat' dir='ltr'><strong><em>ipsis</em></strong></span> <span class='ocrx_word' id='word_1_167' title='bbox 1254 2097 1342 2153; x_wconf 82' lang='lat' dir='ltr'><strong><em>lux</em></strong></span> <span class='ocrx_word' id='word_1_168' title='bbox 1384 2112 1503 2152; x_wconf 90' lang='lat' dir='ltr'><strong><em>esse</em></strong></span> <span class='ocrx_word' id='word_1_169' title='bbox 1533 2113 1637 2153; x_wconf 89' lang='lat' dir='ltr'><strong><em>non</em></strong></span> <span class='ocrx_word' id='word_1_170' title='bbox 1685 2110 1934 2168; x_wconf 86' lang='lat' dir='ltr'><strong><em>possent;</em></strong></span> <span class='ocrx_word' id='word_1_171' title='bbox 1967 2109 2023 2154; x_wconf 90' lang='lat' dir='ltr'><strong><em>ut</em></strong></span> 
     </span>
    </p>
   </div>
   <div class='ocr_carea' id='block_1_21' title="bbox 435 2187 2020 2261">
    <p class='ocr_par' dir='ltr' id='par_1_21' title="bbox 435 2187 2020 2261">
     <span class='ocr_line' id='line_1_21' title="bbox 435 2187 2020 2261; baseline 0.003 -21"><span class='ocrx_word' id='word_1_172' title='bbox 435 2188 525 2258; x_wconf 86' lang='lat' dir='ltr'><strong><em>qui</em></strong></span> <span class='ocrx_word' id='word_1_173' title='bbox 552 2187 828 2258; x_wconf 78' lang='lat' dir='ltr'><strong><em>gloriatur,</em></strong></span> <span class='ocrx_word' id='word_1_174' title='bbox 857 2187 910 2242; x_wconf 89' lang='lat' dir='ltr'><strong><em>in</em></strong></span> <span class='ocrx_word' id='word_1_175' title='bbox 939 2188 1166 2242; x_wconf 89' lang='lat' dir='ltr'><strong><em>Domino</em></strong></span> <span class='ocrx_word' id='word_1_176' title='bbox 1199 2187 1532 2261; x_wconf 64' lang='lat' dir='ltr'><strong><em>glorietur“</em></strong></span> <span class='ocrx_word' id='word_1_177' title='bbox 1564 2187 1681 2242; x_wconf 87' lang='lat' dir='ltr'><strong><em>Cor.</em></strong></span> <span class='ocrx_word' id='word_1_178' title='bbox 1709 2189 1894 2258; x_wconf 63' lang='lat'><strong><em>1,51);</em></strong></span> <span class='ocrx_word' id='word_1_179' title='bbox 1943 2190 2020 2244; x_wconf 84' lang='lat' dir='ltr'><strong><em>illi</em></strong></span> 
     </span>
    </p>
   </div>
   <div class='ocr_carea' id='block_1_22' title="bbox 438 2278 2019 2351">
    <p class='ocr_par' dir='ltr' id='par_1_22' title="bbox 438 2278 2019 2351">
     <span class='ocr_line' id='line_1_22' title="bbox 438 2278 2019 2351; baseline 0.003 -21"><span class='ocrx_word' id='word_1_180' title='bbox 438 2292 569 2333; x_wconf 83' lang='lat' dir='ltr'><strong><em>vero</em></strong></span> <span class='ocrx_word' id='word_1_181' title='bbox 613 2278 666 2332; x_wconf 90' lang='lat' dir='ltr'><strong><em>in</em></strong></span> <span class='ocrx_word' id='word_1_182' title='bbox 693 2279 1010 2350; x_wconf 78' lang='lat' dir='ltr'><strong><em>Apocalypsi</em></strong></span> <span class='ocrx_word' id='word_1_183' title='bbox 1055 2288 1336 2350; x_wconf 82' lang='lat' dir='ltr'><strong><em>propterea</em></strong></span> <span class='ocrx_word' id='word_1_184' title='bbox 1368 2279 1503 2334; x_wconf 81' lang='lat' dir='ltr'><strong><em>tales</em></strong></span> <span class='ocrx_word' id='word_1_185' title='bbox 1530 2279 1658 2334; x_wconf 89' lang='lat' dir='ltr'><strong><em>dicti</em></strong></span> <span class='ocrx_word' id='word_1_186' title='bbox 1687 2288 1830 2346; x_wconf 91' lang='lat' dir='ltr'><strong><em>sunt,</em></strong></span> <span class='ocrx_word' id='word_1_187' title='bbox 1877 2280 2019 2351; x_wconf 91' lang='lat' dir='ltr'><strong><em>quod</em></strong></span> 
     </span>
    </p>
   </div>
   <div class='ocr_carea' id='block_1_23' title="bbox 433 2367 2018 2440">
    <p class='ocr_par' dir='ltr' id='par_1_23' title="bbox 433 2367 2018 2440">
     <span class='ocr_line' id='line_1_23' title="bbox 433 2367 2018 2440; baseline 0.003 -18"><span class='ocrx_word' id='word_1_188' title='bbox 433 2383 537 2422; x_wconf 79' lang='lat' dir='ltr'><strong><em>non</em></strong></span> <span class='ocrx_word' id='word_1_189' title='bbox 564 2367 630 2421; x_wconf 81' lang='lat' dir='ltr'><strong><em>sit</em></strong></span> <span class='ocrx_word' id='word_1_190' title='bbox 674 2368 924 2424; x_wconf 75' lang='lat' dir='ltr'><strong><em>inuentum</em></strong></span> <span class='ocrx_word' id='word_1_191' title='bbox 949 2368 1002 2422; x_wconf 88' lang='lat' dir='ltr'><strong><em>in</em></strong></span> <span class='ocrx_word' id='word_1_192' title='bbox 1042 2385 1129 2422; x_wconf 91' lang='lat' dir='ltr'><strong><em>ore</em></strong></span> <span class='ocrx_word' id='word_1_193' title='bbox 1153 2385 1328 2423; x_wconf 90' lang='lat' dir='ltr'><strong><em>eorum</em></strong></span> <span class='ocrx_word' id='word_1_194' title='bbox 1355 2369 1671 2424; x_wconf 84' lang='lat' dir='ltr'><strong><em>mendacium</em></strong></span> <span class='ocrx_word' id='word_1_195' title='bbox 1698 2387 1718 2425; x_wconf 91' lang='lat'><strong><em>:</em></strong></span> <span class='ocrx_word' id='word_1_196' title='bbox 1747 2370 1869 2440; x_wconf 86' lang='lat' dir='ltr'><strong><em>quia</em></strong></span> <span class='ocrx_word' id='word_1_197' title='bbox 1912 2388 2018 2427; x_wconf 87' lang='lat' dir='ltr'><strong><em>non</em></strong></span> 
     </span>
    </p>
   </div>
   <div class='ocr_carea' id='block_1_24' title="bbox 434 2459 2017 2533">
    <p class='ocr_par' dir='ltr' id='par_1_24' title="bbox 434 2459 2017 2533">
     <span class='ocr_line' id='line_1_24' title="bbox 434 2459 2017 2533; baseline 0.004 -19"><span class='ocrx_word' id='word_1_198' title='bbox 434 2461 684 2515; x_wconf 78' lang='lat' dir='ltr'><strong><em>dixerunt</em></strong></span> <span class='ocrx_word' id='word_1_199' title='bbox 705 2475 766 2516; x_wconf 89' lang='lat' dir='ltr'><strong><em>se</em></strong></span> <span class='ocrx_word' id='word_1_200' title='bbox 799 2475 904 2514; x_wconf 88' lang='lat' dir='ltr'><strong><em>non</em></strong></span> <span class='ocrx_word' id='word_1_201' title='bbox 931 2459 1128 2518; x_wconf 84' lang='lat' dir='ltr'><strong><em>habere</em></strong></span> <span class='ocrx_word' id='word_1_202' title='bbox 1159 2469 1432 2531; x_wconf 89' lang='lat' dir='ltr'><strong><em>peccatum</em></strong></span> <span class='ocrx_word' id='word_1_203' title='bbox 1458 2479 1473 2527; x_wconf 90' lang='lat'><strong>;</strong></span> <span class='ocrx_word' id='word_1_204' title='bbox 1505 2462 1644 2533; x_wconf 87' lang='lat' dir='ltr'><strong><em>quod</em></strong></span> <span class='ocrx_word' id='word_1_205' title='bbox 1673 2463 1718 2518; x_wconf 89' lang='lat' dir='ltr'><strong><em>si</em></strong></span> <span class='ocrx_word' id='word_1_206' title='bbox 1759 2463 2017 2532; x_wconf 87' lang='lat' dir='ltr'><strong><em>dicerent,</em></strong></span> 
     </span>
    </p>
   </div>
   <div class='ocr_carea' id='block_1_25' title="bbox 433 2551 2015 2626">
    <p class='ocr_par' dir='ltr' id='par_1_25' title="bbox 433 2551 2015 2626">
     <span class='ocr_line' id='line_1_25' title="bbox 433 2551 2015 2626; baseline 0.003 -20"><span class='ocrx_word' id='word_1_207' title='bbox 433 2565 494 2606; x_wconf 77' lang='lat' dir='ltr'><strong><em>se</em></strong></span> <span class='ocrx_word' id='word_1_208' title='bbox 512 2551 656 2622; x_wconf 85' lang='lat' dir='ltr'><strong><em>ipsos</em></strong></span> <span class='ocrx_word' id='word_1_209' title='bbox 673 2551 1003 2622; x_wconf 84' lang='lat' dir='ltr'><strong><em>deciperent,</em></strong></span> <span class='ocrx_word' id='word_1_210' title='bbox 1025 2561 1082 2610; x_wconf 89' lang='lat' dir='ltr'><strong><em>et</em></strong></span> <span class='ocrx_word' id='word_1_211' title='bbox 1101 2553 1298 2608; x_wconf 87' lang='lat' dir='ltr'><strong><em>veritas</em></strong></span> <span class='ocrx_word' id='word_1_212' title='bbox 1323 2553 1374 2608; x_wconf 90' lang='lat' dir='ltr'><strong><em>in</em></strong></span> <span class='ocrx_word' id='word_1_213' title='bbox 1396 2553 1474 2608; x_wconf 89' lang='lat' dir='ltr'><strong><em>eis</em></strong></span> <span class='ocrx_word' id='word_1_214' title='bbox 1503 2570 1609 2608; x_wconf 88' lang='lat' dir='ltr'><strong><em>non</em></strong></span> <span class='ocrx_word' id='word_1_215' title='bbox 1633 2564 1774 2611; x_wconf 87' lang='lat' dir='ltr'><strong><em>esset</em></strong></span> <span class='ocrx_word' id='word_1_216' title='bbox 1797 2556 1838 2626; x_wconf 93' lang='grc' dir='ltr'><strong><em>(Ι</em></strong></span> <span class='ocrx_word' id='word_1_217' title='bbox 1859 2555 2015 2611; x_wconf 84' lang='lat' dir='ltr'><strong><em>Joan.</em></strong></span> 
     </span>
    </p>
   </div>
   <div class='ocr_carea' id='block_1_26' title="bbox 434 2642 2016 2715">
    <p class='ocr_par' dir='ltr' id='par_1_26' title="bbox 434 2642 2016 2715">
     <span class='ocr_line' id='line_1_26' title="bbox 434 2642 2016 2715; baseline 0.003 -17"><span class='ocrx_word' id='word_1_218' title='bbox 434 2657 476 2711; x_wconf 86' lang='lat' dir='ltr'><strong><em>t,</em></strong></span> <span class='ocrx_word' id='word_1_219' title='bbox 506 2642 561 2715; x_wconf 90' lang='lat'><strong><em>8)</em></strong></span> <span class='ocrx_word' id='word_1_220' title='bbox 589 2660 604 2698; x_wconf 91' lang='lat'><strong>:</strong></span> <span class='ocrx_word' id='word_1_221' title='bbox 631 2658 796 2714; x_wconf 86' lang='lat' dir='ltr'><strong><em>porro</em></strong></span> <span class='ocrx_word' id='word_1_222' title='bbox 818 2645 864 2700; x_wconf 93' lang='lat' dir='ltr'><strong><em>si</em></strong></span> <span class='ocrx_word' id='word_1_223' title='bbox 888 2645 1084 2699; x_wconf 84' lang='lat' dir='ltr'><strong><em>veritas</em></strong></span> <span class='ocrx_word' id='word_1_224' title='bbox 1108 2644 1160 2698; x_wconf 89' lang='lat' dir='ltr'><strong><em>in</em></strong></span> <span class='ocrx_word' id='word_1_225' title='bbox 1187 2645 1266 2700; x_wconf 88' lang='lat' dir='ltr'><strong><em>eis</em></strong></span> <span class='ocrx_word' id='word_1_226' title='bbox 1288 2661 1392 2700; x_wconf 91' lang='lat' dir='ltr'><strong><em>non</em></strong></span> <span class='ocrx_word' id='word_1_227' title='bbox 1417 2653 1581 2712; x_wconf 88' lang='lat' dir='ltr'><strong><em>esset,</em></strong></span> <span class='ocrx_word' id='word_1_228' title='bbox 1616 2645 1944 2702; x_wconf 84' lang='lat' dir='ltr'><strong><em>inveniretur</em></strong></span> <span class='ocrx_word' id='word_1_229' title='bbox 1963 2648 2016 2702; x_wconf 87' lang='lat' dir='ltr'><strong><em>in</em></strong></span> 
     </span>
    </p>
   </div>
   <div class='ocr_carea' id='block_1_27' title="bbox 432 2722 2014 2807">
    <p class='ocr_par' dir='ltr' id='par_1_27' title="bbox 432 2722 2014 2807">
     <span class='ocr_line' id='line_1_27' title="bbox 432 2722 2014 2807; baseline 0.003 -21"><span class='ocrx_word' id='word_1_230' title='bbox 432 2747 528 2789; x_wconf 90' lang='lat' dir='ltr'><strong><em>ore</em></strong></span> <span class='ocrx_word' id='word_1_231' title='bbox 567 2748 753 2791; x_wconf 86' lang='lat' dir='ltr'><strong><em>eorum</em></strong></span> <span class='ocrx_word' id='word_1_232' title='bbox 783 2722 1136 2790; x_wconf 81' lang='lat' dir='ltr'><strong><em>mendacium.</em></strong></span> <span class='ocrx_word' id='word_1_233' title='bbox 1177 2735 1330 2803; x_wconf 87' lang='lat' dir='ltr'><strong><em>Quod</em></strong></span> <span class='ocrx_word' id='word_1_234' title='bbox 1372 2735 1417 2790; x_wconf 91' lang='lat' dir='ltr'><strong><em>si</em></strong></span> <span class='ocrx_word' id='word_1_235' title='bbox 1459 2745 1678 2807; x_wconf 89' lang='lat' dir='ltr'><strong><em>pr0pter</em></strong></span> <span class='ocrx_word' id='word_1_236' title='bbox 1721 2737 1970 2792; x_wconf 83' lang='lat' dir='ltr'><strong><em>invidiam</em></strong></span> <span class='ocrx_word' id='word_1_237' title='bbox 1997 2779 2014 2805; x_wconf 94' lang='lat'><strong><em>,</em></strong></span> 
     </span>
    </p>
   </div>
   <div class='ocr_carea' id='block_1_28' title="bbox 432 2825 2016 2897">
    <p class='ocr_par' dir='ltr' id='par_1_28' title="bbox 432 2825 2016 2897">
     <span class='ocr_line' id='line_1_28' title="bbox 432 2825 2016 2897; baseline 0.003 -17"><span class='ocrx_word' id='word_1_238' title='bbox 432 2839 555 2880; x_wconf 90' lang='lat' dir='ltr'><strong><em>cum</em></strong></span> <span class='ocrx_word' id='word_1_239' title='bbox 593 2834 774 2884; x_wconf 87' lang='lat' dir='ltr'><strong><em>essent</em></strong></span> <span class='ocrx_word' id='word_1_240' title='bbox 797 2825 914 2882; x_wconf 87' lang='lat' dir='ltr'><strong><em>sine</em></strong></span> <span class='ocrx_word' id='word_1_241' title='bbox 939 2835 1179 2897; x_wconf 84' lang='lat' dir='ltr'><strong><em>peccato,</em></strong></span> <span class='ocrx_word' id='word_1_242' title='bbox 1222 2827 1464 2887; x_wconf 84' lang='lat' dir='ltr'><strong><em>dicerent</em></strong></span> <span class='ocrx_word' id='word_1_243' title='bbox 1500 2842 1560 2884; x_wconf 89' lang='lat' dir='ltr'><strong><em>se</em></strong></span> <span class='ocrx_word' id='word_1_244' title='bbox 1606 2843 1710 2883; x_wconf 89' lang='lat' dir='ltr'><strong><em>non</em></strong></span> <span class='ocrx_word' id='word_1_245' title='bbox 1739 2845 1862 2884; x_wconf 88' lang='lat' dir='ltr'><strong><em>esse</em></strong></span> <span class='ocrx_word' id='word_1_246' title='bbox 1899 2831 2016 2884; x_wconf 87' lang='lat' dir='ltr'><strong><em>sine</em></strong></span> 
     </span>
    </p>
   </div>
   <div class='ocr_carea' id='block_1_29' title="bbox 432 2915 2018 2991">
    <p class='ocr_par' dir='ltr' id='par_1_29' title="bbox 432 2915 2018 2991">
     <span class='ocr_line' id='line_1_29' title="bbox 432 2915 2018 2991; baseline 0.006 -23"><span class='ocrx_word' id='word_1_247' title='bbox 432 2925 688 2988; x_wconf 82' lang='lat' dir='ltr'><strong><em>peccato;</em></strong></span> <span class='ocrx_word' id='word_1_248' title='bbox 710 2915 814 2972; x_wconf 87' lang='lat' dir='ltr'><strong><em>hoc</em></strong></span> <span class='ocrx_word' id='word_1_249' title='bbox 835 2915 1005 2988; x_wconf 91' lang='lat' dir='ltr'><strong><em>ipsum</em></strong></span> <span class='ocrx_word' id='word_1_250' title='bbox 1022 2926 1166 2973; x_wconf 89' lang='lat' dir='ltr'><strong><em>esset</em></strong></span> <span class='ocrx_word' id='word_1_251' title='bbox 1187 2918 1542 2987; x_wconf 81' lang='lat' dir='ltr'><strong><em>mendacium,</em></strong></span> <span class='ocrx_word' id='word_1_252' title='bbox 1563 2919 1857 2991; x_wconf 81' lang='lat' dir='ltr'><strong><em>falsumque</em></strong></span> <span class='ocrx_word' id='word_1_253' title='bbox 1874 2929 2018 2976; x_wconf 86' lang='lat' dir='ltr'><strong><em>esset</em></strong></span> 
     </span>
    </p>
   </div>
   <div class='ocr_carea' id='block_1_30' title="bbox 432 3003 2015 3081">
    <p class='ocr_par' dir='ltr' id='par_1_30' title="bbox 432 3003 2015 3081">
     <span class='ocr_line' id='line_1_30' title="bbox 432 3003 2015 3081; baseline 0.004 -23"><span class='ocrx_word' id='word_1_254' title='bbox 432 3003 575 3072; x_wconf 87' lang='lat' dir='ltr'><strong><em>quod</em></strong></span> <span class='ocrx_word' id='word_1_255' title='bbox 617 3003 819 3062; x_wconf 86' lang='lat' dir='ltr'><strong><em>dictum</em></strong></span> <span class='ocrx_word' id='word_1_256' title='bbox 863 3015 966 3072; x_wconf 87' lang='lat' dir='ltr'><strong><em>est,</em></strong></span> <span class='ocrx_word' id='word_1_257' title='bbox 1007 3005 1130 3062; x_wconf 89' lang='lat' dir='ltr'><strong><em>Non</em></strong></span> <span class='ocrx_word' id='word_1_258' title='bbox 1171 3017 1242 3061; x_wconf 81' lang='lat' dir='ltr'><strong><em>est</em></strong></span> <span class='ocrx_word' id='word_1_259' title='bbox 1281 3008 1532 3064; x_wconf 85' lang='lat' dir='ltr'><strong><em>inventum</em></strong></span> <span class='ocrx_word' id='word_1_260' title='bbox 1562 3011 1614 3064; x_wconf 89' lang='lat' dir='ltr'><strong><em>in</em></strong></span> <span class='ocrx_word' id='word_1_261' title='bbox 1661 3027 1747 3066; x_wconf 90' lang='lat' dir='ltr'><strong><em>ore</em></strong></span> <span class='ocrx_word' id='word_1_262' title='bbox 1790 3012 2015 3081; x_wconf 84' lang='lat' dir='ltr'><strong><em>ipsorum</em></strong></span> 
     </span>
    </p>
   </div>
   <div class='ocr_carea' id='block_1_31' title="bbox 431 3093 2015 3174">
    <p class='ocr_par' dir='ltr' id='par_1_31' title="bbox 431 3093 2015 3174">
     <span class='ocr_line' id='line_1_31' title="bbox 431 3093 2015 3174; baseline 0.007 -25"><span class='ocrx_word' id='word_1_263' title='bbox 431 3093 765 3150; x_wconf 82' lang='lat' dir='ltr'><strong><em>mendacium.</em></strong></span> <span class='ocrx_word' id='word_1_264' title='bbox 807 3095 930 3152; x_wconf 88' lang='lat' dir='ltr'><strong><em>Ideo</em></strong></span> <span class='ocrx_word' id='word_1_265' title='bbox 971 3111 1103 3168; x_wconf 78' lang='lat' dir='ltr'><strong><em>ergo</em></strong></span> <span class='ocrx_word' id='word_1_266' title='bbox 1139 3098 1248 3153; x_wconf 88' lang='lat' dir='ltr'><strong><em>sine</em></strong></span> <span class='ocrx_word' id='word_1_267' title='bbox 1285 3101 1482 3153; x_wconf 86' lang='lat' dir='ltr'><strong><em>macula</em></strong></span> <span class='ocrx_word' id='word_1_268' title='bbox 1527 3112 1663 3166; x_wconf 87' lang='lat' dir='ltr'><strong><em>sunt,</em></strong></span> <span class='ocrx_word' id='word_1_269' title='bbox 1711 3105 1832 3174; x_wconf 86' lang='lat' dir='ltr'><strong><em>quia</em></strong></span> <span class='ocrx_word' id='word_1_270' title='bbox 1877 3105 2015 3160; x_wconf 83' lang='lat' dir='ltr'><strong><em>sicut</em></strong></span> 
     </span>
    </p>
   </div>
   <div class='ocr_carea' id='block_1_32' title="bbox 431 3185 2015 3257">
    <p class='ocr_par' dir='ltr' id='par_1_32' title="bbox 431 3185 2015 3257">
     <span class='ocr_line' id='line_1_32' title="bbox 431 3185 2015 3257; baseline 0.007 -18"><span class='ocrx_word' id='word_1_271' title='bbox 431 3185 531 3256; x_wconf 89' lang='lat' dir='ltr'><strong><em>ipsi</em></strong></span> <span class='ocrx_word' id='word_1_272' title='bbox 559 3185 874 3242; x_wconf 88' lang='lat' dir='ltr'><strong><em>dimiserunt</em></strong></span> <span class='ocrx_word' id='word_1_273' title='bbox 898 3187 1229 3246; x_wconf 85' lang='lat' dir='ltr'><strong><em>debitoribus</em></strong></span> <span class='ocrx_word' id='word_1_274' title='bbox 1268 3192 1398 3257; x_wconf 86' lang='lat' dir='ltr'><strong><em>suis,</em></strong></span> <span class='ocrx_word' id='word_1_275' title='bbox 1444 3193 1521 3246; x_wconf 91' lang='lat' dir='ltr'><strong><em>sic</em></strong></span> <span class='ocrx_word' id='word_1_276' title='bbox 1551 3193 1654 3248; x_wconf 86' lang='lat' dir='ltr'><strong><em>illis</em></strong></span> <span class='ocrx_word' id='word_1_277' title='bbox 1684 3193 1795 3249; x_wconf 71' lang='lat' dir='ltr'><strong><em>Deo</em></strong></span> <span class='ocrx_word' id='word_1_278' title='bbox 1835 3195 2015 3252; x_wconf 88' lang='lat' dir='ltr'><strong><em>dimit-</em></strong></span> 
     </span>
    </p>
   </div>
   <div class='ocr_carea' id='block_1_33' title="bbox 431 3275 2012 3353">
    <p class='ocr_par' dir='ltr' id='par_1_33' title="bbox 431 3275 2012 3353">
     <span class='ocr_line' id='line_1_33' title="bbox 431 3275 2012 3353; baseline 0.005 -23"><span class='ocrx_word' id='word_1_279' title='bbox 431 3285 577 3332; x_wconf 87' lang='lat' dir='ltr'><strong><em>tente</em></strong></span> <span class='ocrx_word' id='word_1_280' title='bbox 603 3275 840 3331; x_wconf 88' lang='lat' dir='ltr'><strong><em>mundati</em></strong></span> <span class='ocrx_word' id='word_1_281' title='bbox 863 3285 1004 3334; x_wconf 89' lang='lat' dir='ltr'><strong><em>sunt.</em></strong></span> <span class='ocrx_word' id='word_1_282' title='bbox 1047 3277 1184 3336; x_wconf 85' lang='lat' dir='ltr'><strong><em>Ecce</em></strong></span> <span class='ocrx_word' id='word_1_283' title='bbox 1211 3295 1326 3346; x_wconf 89' lang='lat' dir='ltr'><strong><em>nos,</em></strong></span> <span class='ocrx_word' id='word_1_284' title='bbox 1371 3290 1426 3334; x_wconf 91' lang='lat' dir='ltr'><strong><em>ut</em></strong></span> <span class='ocrx_word' id='word_1_285' title='bbox 1453 3281 1736 3350; x_wconf 88' lang='lat' dir='ltr'><strong><em>valuimus,</em></strong></span> <span class='ocrx_word' id='word_1_286' title='bbox 1762 3286 2012 3353; x_wconf 79' lang='lat' dir='ltr'><strong><em>exposui-</em></strong></span> 
     </span>
    </p>
   </div>
   <div class='ocr_carea' id='block_1_34' title="bbox 431 3369 2011 3446">
    <p class='ocr_par' dir='ltr' id='par_1_34' title="bbox 431 3369 2011 3446">
     <span class='ocr_line' id='line_1_34' title="bbox 431 3369 2011 3446; baseline 0.006 -24"><span class='ocrx_word' id='word_1_287' title='bbox 431 3385 550 3426; x_wconf 86' lang='lat' dir='ltr'><strong><em>mus</em></strong></span> <span class='ocrx_word' id='word_1_288' title='bbox 578 3369 847 3440; x_wconf 87' lang='lat' dir='ltr'><strong><em>quomodo</em></strong></span> <span class='ocrx_word' id='word_1_289' title='bbox 871 3371 1178 3440; x_wconf 85' lang='lat' dir='ltr'><strong><em>accipienda</em></strong></span> <span class='ocrx_word' id='word_1_290' title='bbox 1205 3383 1383 3428; x_wconf 79' lang='lat' dir='ltr'><strong><em>essent</em></strong></span> <span class='ocrx_word' id='word_1_291' title='bbox 1411 3374 1733 3440; x_wconf 81' lang='lat' dir='ltr'><strong><em>testimooia,</em></strong></span> <span class='ocrx_word' id='word_1_292' title='bbox 1765 3392 1884 3444; x_wconf 69' lang='lat' dir='ltr'><strong><em>qua:</em></strong></span> <span class='ocrx_word' id='word_1_293' title='bbox 1915 3394 2011 3446; x_wconf 87' lang='lat' dir='ltr'><strong><em>pro</em></strong></span> 
     </span>
    </p>
   </div>
   <div class='ocr_carea' id='block_1_35' title="bbox 428 3462 2013 3536">
    <p class='ocr_par' dir='ltr' id='par_1_35' title="bbox 428 3462 2013 3536">
     <span class='ocr_line' id='line_1_35' title="bbox 428 3462 2013 3536; baseline 0.004 -19"><span class='ocrx_word' id='word_1_294' title='bbox 428 3476 524 3517; x_wconf 83' lang='lat' dir='ltr'><strong><em>sua</em></strong></span> <span class='ocrx_word' id='word_1_295' title='bbox 571 3476 730 3516; x_wconf 85' lang='lat' dir='ltr'><strong><em>causa</em></strong></span> <span class='ocrx_word' id='word_1_296' title='bbox 773 3463 1230 3518; x_wconf 88' lang='lat' dir='ltr'><strong><em>commemoravit.</em></strong></span> <span class='ocrx_word' id='word_1_297' title='bbox 1271 3462 1386 3533; x_wconf 87' lang='lat' dir='ltr'><strong><em>lpse</em></strong></span> <span class='ocrx_word' id='word_1_298' title='bbox 1434 3473 1611 3519; x_wconf 90' lang='lat' dir='ltr'><strong><em>autem</em></strong></span> <span class='ocrx_word' id='word_1_299' title='bbox 1651 3467 1918 3536; x_wconf 88' lang='lat' dir='ltr'><strong><em>quomodo</em></strong></span> <span class='ocrx_word' id='word_1_300' title='bbox 1943 3469 2013 3524; x_wconf 88' lang='lat' dir='ltr'><strong><em>sit</em></strong></span> 
     </span>
    </p>
   </div>
   <div class='ocr_carea' id='block_1_36' title="bbox 426 3552 2007 3626">
    <p class='ocr_par' dir='ltr' id='par_1_36' title="bbox 426 3552 2007 3626">
     <span class='ocr_line' id='line_1_36' title="bbox 426 3552 2007 3626; baseline 0.004 -19"><span class='ocrx_word' id='word_1_301' title='bbox 426 3552 793 3623; x_wconf 81' lang='lat' dir='ltr'><strong><em>accipiendum</em></strong></span> <span class='ocrx_word' id='word_1_302' title='bbox 818 3553 959 3624; x_wconf 90' lang='lat' dir='ltr'><strong><em>quod</em></strong></span> <span class='ocrx_word' id='word_1_303' title='bbox 987 3555 1238 3623; x_wconf 86' lang='lat' dir='ltr'><strong><em>scriptum</em></strong></span> <span class='ocrx_word' id='word_1_304' title='bbox 1269 3565 1370 3620; x_wconf 88' lang='lat' dir='ltr'><strong><em>cst,</em></strong></span> <span class='ocrx_word' id='word_1_305' title='bbox 1401 3554 1576 3611; x_wconf 80' lang='lat' dir='ltr'><strong><em>Omnis</em></strong></span> <span class='ocrx_word' id='word_1_306' title='bbox 1596 3556 1746 3612; x_wconf 81' lang='lat' dir='ltr'><strong><em>homo</em></strong></span> <span class='ocrx_word' id='word_1_307' title='bbox 1769 3561 2007 3626; x_wconf 71' lang='lat' dir='ltr'><strong><em>mendax,</em></strong></span> 
     </span>
    </p>
   </div>
   <div class='ocr_carea' id='block_1_37' title="bbox 426 3644 2010 3717">
    <p class='ocr_par' dir='ltr' id='par_1_37' title="bbox 426 3644 2010 3717">
     <span class='ocr_line' id='line_1_37' title="bbox 426 3644 2010 3717; baseline 0.004 -18"><span class='ocrx_word' id='word_1_308' title='bbox 426 3644 648 3700; x_wconf 89' lang='lat' dir='ltr'><strong><em>omnino</em></strong></span> <span class='ocrx_word' id='word_1_309' title='bbox 674 3660 778 3700; x_wconf 91' lang='lat' dir='ltr'><strong><em>non</em></strong></span> <span class='ocrx_word' id='word_1_310' title='bbox 808 3644 1004 3712; x_wconf 84' lang='lat' dir='ltr'><strong><em>solvit;</em></strong></span> <span class='ocrx_word' id='word_1_311' title='bbox 1034 3661 1134 3701; x_wconf 89' lang='lat' dir='ltr'><strong><em>nec</em></strong></span> <span class='ocrx_word' id='word_1_312' title='bbox 1161 3646 1369 3702; x_wconf 86' lang='lat' dir='ltr'><strong><em>solvere</em></strong></span> <span class='ocrx_word' id='word_1_313' title='bbox 1401 3647 1613 3717; x_wconf 88' lang='lat' dir='ltr'><strong><em>poterit,</em></strong></span> <span class='ocrx_word' id='word_1_314' title='bbox 1643 3648 1740 3703; x_wconf 88' lang='lat' dir='ltr'><strong><em>nisi</em></strong></span> <span class='ocrx_word' id='word_1_315' title='bbox 1767 3663 2010 3706; x_wconf 79' lang='lat' dir='ltr'><strong><em>correcta</em></strong></span> 
     </span>
    </p>
   </div>
   <div class='ocr_carea' id='block_1_38' title="bbox 425 3735 2004 3811">
    <p class='ocr_par' dir='ltr' id='par_1_38' title="bbox 425 3735 2004 3811">
     <span class='ocr_line' id='line_1_38' title="bbox 425 3735 2004 3811; baseline 0.003 -20"><span class='ocrx_word' id='word_1_316' title='bbox 425 3752 632 3802; x_wconf 83' lang='lat' dir='ltr'><strong><em>errore,</em></strong></span> <span class='ocrx_word' id='word_1_317' title='bbox 653 3752 761 3808; x_wconf 91' lang='lat' dir='ltr'><strong><em>quo</em></strong></span> <span class='ocrx_word' id='word_1_318' title='bbox 783 3735 952 3794; x_wconf 89' lang='lat' dir='ltr'><strong><em>credit</em></strong></span> <span class='ocrx_word' id='word_1_319' title='bbox 979 3736 1245 3794; x_wconf 84' lang='lat' dir='ltr'><strong><em>hominem</em></strong></span> <span class='ocrx_word' id='word_1_320' title='bbox 1267 3739 1384 3794; x_wconf 89' lang='lat' dir='ltr'><strong><em>sine</em></strong></span> <span class='ocrx_word' id='word_1_321' title='bbox 1403 3739 1664 3810; x_wconf 85' lang='lat' dir='ltr'><strong><em>adjutorio</em></strong></span> <span class='ocrx_word' id='word_1_322' title='bbox 1688 3742 1869 3811; x_wconf 74' lang='lat' dir='ltr'><strong><em>gratia:</em></strong></span> <span class='ocrx_word' id='word_1_323' title='bbox 1895 3743 2004 3808; x_wconf 85' lang='lat' dir='ltr'><strong><em>Dei,</em></strong></span> 
     </span>
    </p>
   </div>
   <div class='ocr_carea' id='block_1_39' title="bbox 424 3828 1934 3904">
    <p class='ocr_par' dir='ltr' id='par_1_39' title="bbox 424 3828 1934 3904">
     <span class='ocr_line' id='line_1_39' title="bbox 424 3828 1934 3904; baseline 0.002 -20"><span class='ocrx_word' id='word_1_324' title='bbox 424 3843 522 3904; x_wconf 83' lang='lat' dir='ltr'><strong><em>per</em></strong></span> <span class='ocrx_word' id='word_1_325' title='bbox 541 3828 709 3884; x_wconf 88' lang='lat' dir='ltr'><strong><em>solam</em></strong></span> <span class='ocrx_word' id='word_1_326' title='bbox 733 3829 1000 3898; x_wconf 84' lang='lat' dir='ltr'><strong><em>propriam</em></strong></span> <span class='ocrx_word' id='word_1_327' title='bbox 1017 3829 1340 3884; x_wconf 73' lang='lat' dir='ltr'><strong><em>voluntatem</em></strong></span> <span class='ocrx_word' id='word_1_328' title='bbox 1363 3845 1516 3899; x_wconf 86' lang='lat' dir='ltr'><strong><em>posse</em></strong></span> <span class='ocrx_word' id='word_1_329' title='bbox 1537 3846 1655 3886; x_wconf 89' lang='lat' dir='ltr'><strong><em>esse</em></strong></span> <span class='ocrx_word' id='word_1_330' title='bbox 1674 3847 1934 3887; x_wconf 74' lang='lat' dir='ltr'><strong><em>veracem.</em></strong></span> 
     </span>
    </p>
   </div>
   <div class='ocr_carea' id='block_1_40' title="bbox 495 3918 2008 3992">
    <p class='ocr_par' dir='ltr' id='par_1_40' title="bbox 495 3918 2008 3992">
     <span class='ocr_line' id='line_1_40' title="bbox 495 3918 2008 3992; baseline -0.001 -16"><span class='ocrx_word' id='word_1_331' title='bbox 495 3918 721 3976; x_wconf 80' lang='lat' dir='ltr'><strong><em>CAPUT</em></strong></span> <span class='ocrx_word' id='word_1_332' title='bbox 757 3918 896 3975; x_wconf 79' lang='lat' dir='ltr'><strong><em>Xlll.</em></strong></span> <span class='ocrx_word' id='word_1_333' title='bbox 926 3949 999 3960; x_wconf 94' lang='lat'><strong><em>—</em></strong></span> <span class='ocrx_word' id='word_1_334' title='bbox 1029 3920 1118 3975; x_wconf 78' lang='grc'><strong>51.</strong></span> <span class='ocrx_word' id='word_1_335' title='bbox 1159 3920 1248 3976; x_wconf 89' lang='lat' dir='ltr'><strong><em>Sic</em></strong></span> <span class='ocrx_word' id='word_1_336' title='bbox 1273 3920 1430 3975; x_wconf 87' lang='lat' dir='ltr'><strong><em>aliam</em></strong></span> <span class='ocrx_word' id='word_1_337' title='bbox 1451 3937 1568 3992; x_wconf 68' lang='lat' dir='ltr'><strong><em>quae</em></strong></span> <span class='ocrx_word' id='word_1_338' title='bbox 1593 3923 1835 3992; x_wconf 82' lang='lat' dir='ltr'><strong><em>sequitur</em></strong></span> <span class='ocrx_word' id='word_1_339' title='bbox 1863 3939 2008 3992; x_wconf 77' lang='lat' dir='ltr'><strong><em>qua:-</em></strong></span> 
     </span>
    </p>
   </div>
   <div class='ocr_carea' id='block_1_41' title="bbox 423 4009 2002 4080">
    <p class='ocr_par' dir='ltr' id='par_1_41' title="bbox 423 4009 2002 4080">
     <span class='ocr_line' id='line_1_41' title="bbox 423 4009 2002 4080; baseline 0.002 -16"><span class='ocrx_word' id='word_1_340' title='bbox 423 4009 649 4066; x_wconf 86' lang='lat' dir='ltr'><strong><em>stionem</em></strong></span> <span class='ocrx_word' id='word_1_341' title='bbox 673 4010 967 4080; x_wconf 88' lang='lat' dir='ltr'><strong><em>proposuit,</em></strong></span> <span class='ocrx_word' id='word_1_342' title='bbox 987 4025 1083 4066; x_wconf 90' lang='lat' dir='ltr'><strong><em>nec</em></strong></span> <span class='ocrx_word' id='word_1_343' title='bbox 1110 4011 1267 4065; x_wconf 87' lang='lat' dir='ltr'><strong><em>solvit</em></strong></span> <span class='ocrx_word' id='word_1_344' title='bbox 1293 4028 1306 4064; x_wconf 89' lang='lat'><strong>:</strong></span> <span class='ocrx_word' id='word_1_345' title='bbox 1333 4011 1440 4066; x_wconf 91' lang='lat' dir='ltr'><strong><em>imo</em></strong></span> <span class='ocrx_word' id='word_1_346' title='bbox 1459 4028 1584 4066; x_wconf 81' lang='lat' dir='ltr'><strong><em>vero</em></strong></span> <span class='ocrx_word' id='word_1_347' title='bbox 1600 4014 1766 4080; x_wconf 82' lang='lat' dir='ltr'><strong><em>auxit,</em></strong></span> <span class='ocrx_word' id='word_1_348' title='bbox 1782 4023 1834 4068; x_wconf 87' lang='lat' dir='ltr'><strong><em>et</em></strong></span> <span class='ocrx_word' id='word_1_349' title='bbox 1863 4014 2002 4067; x_wconf 52' lang='lat' dir='ltr'><strong><em>difﬁc</em></strong></span> 
     </span>
    </p>
   </div>
   <div class='ocr_carea' id='block_1_42' title="bbox 419 4098 2004 4173">
    <p class='ocr_par' dir='ltr' id='par_1_42' title="bbox 419 4098 2004 4173">
     <span class='ocr_line' id='line_1_42' title="bbox 419 4098 2004 4173; baseline 0.003 -21"><span class='ocrx_word' id='word_1_350' title='bbox 419 4098 658 4155; x_wconf 86' lang='lat' dir='ltr'><strong><em>ciliorem</em></strong></span> <span class='ocrx_word' id='word_1_351' title='bbox 680 4099 932 4165; x_wconf 85' lang='lat' dir='ltr'><strong><em>reddidit,</em></strong></span> <span class='ocrx_word' id='word_1_352' title='bbox 955 4100 1604 4172; x_wconf 81' lang='lat' dir='ltr'><strong><em>proponendoadversum</em></strong></span> <span class='ocrx_word' id='word_1_353' title='bbox 1625 4119 1682 4159; x_wconf 85' lang='lat' dir='ltr'><strong><em>se</em></strong></span> <span class='ocrx_word' id='word_1_354' title='bbox 1707 4105 1964 4173; x_wconf 80' lang='lat' dir='ltr'><strong><em>prolatum</em></strong></span> <span class='ocrx_word' id='word_1_355' title='bbox 1984 4108 2004 4138; x_wconf 77' lang='grc'>¹</span> 
     </span>
    </p>
   </div>
   <div class='ocr_carea' id='block_1_43' title="bbox 419 4192 2007 4266">
    <p class='ocr_par' dir='ltr' id='par_1_43' title="bbox 419 4192 2007 4266">
     <span class='ocr_line' id='line_1_43' title="bbox 419 4192 2007 4266; baseline 0.004 -22"><span class='ocrx_word' id='word_1_356' title='bbox 419 4192 802 4260; x_wconf 88' lang='lat' dir='ltr'><strong><em>testimonium,</em></strong></span> <span class='ocrx_word' id='word_1_357' title='bbox 831 4192 956 4251; x_wconf 71' lang='lat' dir='ltr'><strong><em>Non</em></strong></span> <span class='ocrx_word' id='word_1_358' title='bbox 995 4200 1066 4248; x_wconf 81' lang='lat' dir='ltr'><strong><em>est</em></strong></span> <span class='ocrx_word' id='word_1_359' title='bbox 1092 4193 1179 4264; x_wconf 88' lang='lat' dir='ltr'><strong><em>qui</em></strong></span> <span class='ocrx_word' id='word_1_360' title='bbox 1200 4193 1358 4262; x_wconf 83' lang='lat' dir='ltr'><strong><em>faciat</em></strong></span> <span class='ocrx_word' id='word_1_361' title='bbox 1393 4196 1595 4262; x_wconf 87' lang='lat' dir='ltr'><strong><em>bonum,</em></strong></span> <span class='ocrx_word' id='word_1_362' title='bbox 1629 4213 1728 4248; x_wconf 87' lang='lat' dir='ltr'><strong><em>non</em></strong></span> <span class='ocrx_word' id='word_1_363' title='bbox 1755 4206 1824 4249; x_wconf 73' lang='lat' dir='ltr'><strong><em>cs1</em></strong></span> <span class='ocrx_word' id='word_1_364' title='bbox 1852 4213 2007 4266; x_wconf 82' lang='lat' dir='ltr'><strong><em>usque</em></strong></span> 
     </span>
    </p>
   </div>
   <div class='ocr_carea' id='block_1_44' title="bbox 416 4279 2001 4356">
    <p class='ocr_par' dir='ltr' id='par_1_44' title="bbox 416 4279 2001 4356">
     <span class='ocr_line' id='line_1_44' title="bbox 416 4279 2001 4356; baseline 0.005 -22"><span class='ocrx_word' id='word_1_365' title='bbox 416 4281 488 4334; x_wconf 90' lang='lat' dir='ltr'><strong><em>ad</em></strong></span> <span class='ocrx_word' id='word_1_366' title='bbox 531 4297 686 4335; x_wconf 86' lang='lat' dir='ltr'><strong><em>unum</em></strong></span> <span class='ocrx_word' id='word_1_367' title='bbox 717 4279 887 4354; x_wconf 83' lang='lat' dir='ltr'><strong><em>(Psal.</em></strong></span> <span class='ocrx_word' id='word_1_368' title='bbox 919 4299 1034 4349; x_wconf 77' lang='lat' dir='ltr'><strong><em>xm,</em></strong></span> <span class='ocrx_word' id='word_1_369' title='bbox 1067 4285 1118 4345; x_wconf 86' lang='lat' dir='ltr'><strong><em>l,</em></strong></span> <span class='ocrx_word' id='word_1_370' title='bbox 1146 4282 1242 4356; x_wconf 77' lang='lat'><strong><em>3);</em></strong></span> <span class='ocrx_word' id='word_1_371' title='bbox 1271 4294 1320 4339; x_wconf 89' lang='lat' dir='ltr'><strong><em>et</em></strong></span> <span class='ocrx_word' id='word_1_372' title='bbox 1346 4285 1499 4356; x_wconf 86' lang='lat' dir='ltr'><strong><em>quasi</em></strong></span> <span class='ocrx_word' id='word_1_373' title='bbox 1539 4288 1806 4341; x_wconf 89' lang='lat' dir='ltr'><strong><em>contraria</em></strong></span> <span class='ocrx_word' id='word_1_374' title='bbox 1851 4289 2001 4341; x_wconf 80' lang='lat' dir='ltr'><strong><em>testi-</em></strong></span> 
     </span>
    </p>
   </div>
   <div class='ocr_carea' id='block_1_45' title="bbox 417 4369 2000 4448">
    <p class='ocr_par' dir='ltr' id='par_1_45' title="bbox 417 4369 2000 4448">
     <span class='ocr_line' id='line_1_45' title="bbox 417 4369 2000 4448; baseline 0.006 -24"><span class='ocrx_word' id='word_1_375' title='bbox 417 4369 598 4424; x_wconf 87' lang='lat' dir='ltr'><strong><em>monia</em></strong></span> <span class='ocrx_word' id='word_1_376' title='bbox 623 4369 924 4438; x_wconf 80' lang='lat' dir='ltr'><strong><em>referendo,</em></strong></span> <span class='ocrx_word' id='word_1_377' title='bbox 952 4373 1142 4442; x_wconf 83' lang='lat' dir='ltr'><strong><em>quibus</em></strong></span> <span class='ocrx_word' id='word_1_378' title='bbox 1169 4373 1476 4430; x_wconf 87' lang='lat' dir='ltr'><strong><em>ostenderet</em></strong></span> <span class='ocrx_word' id='word_1_379' title='bbox 1501 4392 1620 4430; x_wconf 85' lang='lat' dir='ltr'><strong><em>esse</em></strong></span> <span class='ocrx_word' id='word_1_380' title='bbox 1649 4376 1890 4433; x_wconf 84' lang='lat' dir='ltr'><strong><em>homines</em></strong></span> <span class='ocrx_word' id='word_1_381' title='bbox 1913 4379 2000 4448; x_wconf 93' lang='lat' dir='ltr'><strong><em>qui</em></strong></span> 
     </span>
    </p>
   </div>
   <div class='ocr_carea' id='block_1_46' title="bbox 417 4457 2000 4534">
    <p class='ocr_par' dir='ltr' id='par_1_46' title="bbox 417 4457 2000 4534">
     <span class='ocr_line' id='line_1_46' title="bbox 417 4457 2000 4534; baseline 0.009 -22"><span class='ocrx_word' id='word_1_382' title='bbox 417 4457 619 4514; x_wconf 77' lang='lat' dir='ltr'><strong><em>iaciunt</em></strong></span> <span class='ocrx_word' id='word_1_383' title='bbox 665 4461 883 4514; x_wconf 89' lang='lat' dir='ltr'><strong><em>bonum.</em></strong></span> <span class='ocrx_word' id='word_1_384' title='bbox 935 4461 1088 4529; x_wconf 82' lang='lat' dir='ltr'><strong><em>Quod</em></strong></span> <span class='ocrx_word' id='word_1_385' title='bbox 1132 4463 1346 4534; x_wconf 89' lang='lat' dir='ltr'><strong><em>quidem</em></strong></span> <span class='ocrx_word' id='word_1_386' title='bbox 1395 4469 1631 4523; x_wconf 86' lang='lat' dir='ltr'><strong><em>ostendit</em></strong></span> <span class='ocrx_word' id='word_1_387' title='bbox 1669 4470 1809 4524; x_wconf 89' lang='lat' dir='ltr'><strong><em>:sed</em></strong></span> <span class='ocrx_word' id='word_1_388' title='bbox 1855 4471 2000 4527; x_wconf 86' lang='lat' dir='ltr'><strong><em>aliud</em></strong></span> 
     </span>
    </p>
   </div>
   <div class='ocr_carea' id='block_1_47' title="bbox 415 4550 1999 4634">
    <p class='ocr_par' dir='ltr' id='par_1_47' title="bbox 415 4550 1999 4634">
     <span class='ocr_line' id='line_1_47' title="bbox 415 4550 1999 4634; baseline 0.01 -32"><span class='ocrx_word' id='word_1_389' title='bbox 415 4559 519 4614; x_wconf 82' lang='lat' dir='ltr'><strong><em>est,</em></strong></span> <span class='ocrx_word' id='word_1_390' title='bbox 546 4565 653 4605; x_wconf 85' lang='lat' dir='ltr'><strong><em>non</em></strong></span> <span class='ocrx_word' id='word_1_391' title='bbox 683 4550 856 4606; x_wconf 80' lang='lat' dir='ltr'><strong><em>facere</em></strong></span> <span class='ocrx_word' id='word_1_392' title='bbox 881 4551 1076 4606; x_wconf 89' lang='lat' dir='ltr'><strong><em>bonum</em></strong></span> <span class='ocrx_word' id='word_1_393' title='bbox 1103 4569 1118 4618; x_wconf 89' lang='lat'><strong>;</strong></span> <span class='ocrx_word' id='word_1_394' title='bbox 1152 4553 1314 4622; x_wconf 82' lang='lat' dir='ltr'><strong><em>aliud,</em></strong></span> <span class='ocrx_word' id='word_1_395' title='bbox 1341 4572 1446 4612; x_wconf 90' lang='lat' dir='ltr'><strong><em>non</em></strong></span> <span class='ocrx_word' id='word_1_396' title='bbox 1475 4574 1595 4616; x_wconf 90' lang='lat' dir='ltr'><strong><em>esse</em></strong></span> <span class='ocrx_word' id='word_1_397' title='bbox 1622 4562 1738 4618; x_wconf 88' lang='lat' dir='ltr'><strong><em>sine</em></strong></span> <span class='ocrx_word' id='word_1_398' title='bbox 1762 4575 1999 4634; x_wconf 90' lang='lat' dir='ltr'><strong><em>peccato,</em></strong></span> 
     </span>
    </p>
   </div>
   <div class='ocr_carea' id='block_1_48' title="bbox 415 4639 2000 4722">
    <p class='ocr_par' dir='ltr' id='par_1_48' title="bbox 415 4639 2000 4722">
     <span class='ocr_line' id='line_1_48' title="bbox 415 4639 2000 4722; baseline 0.011 -27"><span class='ocrx_word' id='word_1_399' title='bbox 415 4639 622 4696; x_wconf 78' lang='lat' dir='ltr'><strong><em>etiamsi</em></strong></span> <span class='ocrx_word' id='word_1_400' title='bbox 669 4642 826 4698; x_wconf 88' lang='lat' dir='ltr'><strong><em>homo</em></strong></span> <span class='ocrx_word' id='word_1_401' title='bbox 873 4643 1029 4699; x_wconf 80' lang='lat' dir='ltr'><strong><em>faciat</em></strong></span> <span class='ocrx_word' id='word_1_402' title='bbox 1058 4646 1218 4698; x_wconf 88' lang='lat' dir='ltr'><strong><em>multa</em></strong></span> <span class='ocrx_word' id='word_1_403' title='bbox 1251 4645 1408 4701; x_wconf 89' lang='lat' dir='ltr'><strong><em>bona.</em></strong></span> <span class='ocrx_word' id='word_1_404' title='bbox 1451 4649 1786 4722; x_wconf 78' lang='lat' dir='ltr'><strong><em>Quapropter</em></strong></span> <span class='ocrx_word' id='word_1_405' title='bbox 1825 4669 1887 4710; x_wconf 84' lang='lat' dir='ltr'><strong><em>ea</em></strong></span> <span class='ocrx_word' id='word_1_406' title='bbox 1918 4665 2000 4713; x_wconf 89' lang='lat' dir='ltr'><strong><em>te-</em></strong></span> 
     </span>
    </p>
   </div>
   <div class='ocr_carea' id='block_1_49' title="bbox 413 4735 1998 4815">
    <p class='ocr_par' dir='ltr' id='par_1_49' title="bbox 413 4735 1998 4815">
     <span class='ocr_line' id='line_1_49' title="bbox 413 4735 1998 4815; baseline 0.008 -25"><span class='ocrx_word' id='word_1_407' title='bbox 413 4735 662 4790; x_wconf 81' lang='lat' dir='ltr'><strong><em>stimonia</em></strong></span> <span class='ocrx_word' id='word_1_408' title='bbox 693 4752 810 4806; x_wconf 68' lang='lat' dir='ltr'><strong><em>quae</em></strong></span> <span class='ocrx_word' id='word_1_409' title='bbox 838 4737 1030 4806; x_wconf 63' lang='lat' dir='ltr'><strong><em>posuit,</em></strong></span> <span class='ocrx_word' id='word_1_410' title='bbox 1055 4752 1161 4792; x_wconf 88' lang='lat' dir='ltr'><strong><em>non</em></strong></span> <span class='ocrx_word' id='word_1_411' title='bbox 1183 4746 1305 4792; x_wconf 88' lang='lat' dir='ltr'><strong><em>sunt</em></strong></span> <span class='ocrx_word' id='word_1_412' title='bbox 1327 4750 1511 4795; x_wconf 88' lang='lat' dir='ltr'><strong><em>contra</em></strong></span> <span class='ocrx_word' id='word_1_413' title='bbox 1542 4741 1671 4797; x_wconf 90' lang='lat' dir='ltr'><strong><em>illud</em></strong></span> <span class='ocrx_word' id='word_1_414' title='bbox 1697 4745 1840 4815; x_wconf 89' lang='lat' dir='ltr'><strong><em>quod</em></strong></span> <span class='ocrx_word' id='word_1_415' title='bbox 1869 4745 1998 4803; x_wconf 85' lang='lat' dir='ltr'><strong><em>dici-</em></strong></span> 
     </span>
    </p>
   </div>
   <div class='ocr_carea' id='block_1_50' title="bbox 413 4827 2001 4909">
    <p class='ocr_par' dir='ltr' id='par_1_50' title="bbox 413 4827 2001 4909">
     <span class='ocr_line' id='line_1_50' title="bbox 413 4827 2001 4909; baseline 0.009 -28"><span class='ocrx_word' id='word_1_416' title='bbox 413 4836 519 4893; x_wconf 86' lang='lat' dir='ltr'><strong><em>tur,</em></strong></span> <span class='ocrx_word' id='word_1_417' title='bbox 554 4841 660 4882; x_wconf 90' lang='lat' dir='ltr'><strong><em>non</em></strong></span> <span class='ocrx_word' id='word_1_418' title='bbox 685 4841 804 4882; x_wconf 84' lang='lat' dir='ltr'><strong><em>esse</em></strong></span> <span class='ocrx_word' id='word_1_419' title='bbox 833 4827 883 4883; x_wconf 89' lang='lat' dir='ltr'><strong><em>iu</em></strong></span> <span class='ocrx_word' id='word_1_420' title='bbox 913 4827 1014 4885; x_wconf 88' lang='lat' dir='ltr'><strong><em>hac</em></strong></span> <span class='ocrx_word' id='word_1_421' title='bbox 1041 4827 1144 4884; x_wconf 90' lang='lat' dir='ltr'><strong><em>vita</em></strong></span> <span class='ocrx_word' id='word_1_422' title='bbox 1171 4830 1440 4886; x_wconf 84' lang='lat' dir='ltr'><strong><em>hominem</em></strong></span> <span class='ocrx_word' id='word_1_423' title='bbox 1469 4833 1587 4890; x_wconf 89' lang='lat' dir='ltr'><strong><em>sine</em></strong></span> <span class='ocrx_word' id='word_1_424' title='bbox 1615 4847 1852 4906; x_wconf 88' lang='lat' dir='ltr'><strong><em>peccato.</em></strong></span> <span class='ocrx_word' id='word_1_425' title='bbox 1885 4839 2001 4909; x_wconf 90' lang='lat' dir='ltr'><strong><em>Ipse</em></strong></span> 
     </span>
    </p>
   </div>
   <div class='ocr_carea' id='block_1_51' title="bbox 413 4919 1999 4996">
    <p class='ocr_par' dir='ltr' id='par_1_51' title="bbox 413 4919 1999 4996">
     <span class='ocr_line' id='line_1_51' title="bbox 413 4919 1999 4996; baseline 0.008 -23"><span class='ocrx_word' id='word_1_426' title='bbox 413 4927 590 4974; x_wconf 81' lang='lat' dir='ltr'><strong><em>autem</em></strong></span> <span class='ocrx_word' id='word_1_427' title='bbox 635 4933 740 4973; x_wconf 89' lang='lat' dir='ltr'><strong><em>non</em></strong></span> <span class='ocrx_word' id='word_1_428' title='bbox 779 4919 1012 4976; x_wconf 86' lang='lat' dir='ltr'><strong><em>ostendit</em></strong></span> <span class='ocrx_word' id='word_1_429' title='bbox 1035 4919 1483 4991; x_wconf 85' lang='lat' dir='ltr'><strong><em>quemadmodum</em></strong></span> <span class='ocrx_word' id='word_1_430' title='bbox 1521 4923 1724 4984; x_wconf 81' lang='lat' dir='ltr'><strong><em>dictum</em></strong></span> <span class='ocrx_word' id='word_1_431' title='bbox 1749 4928 1840 4996; x_wconf 88' lang='lat' dir='ltr'><strong><em>sit,</em></strong></span> <span class='ocrx_word' id='word_1_432' title='bbox 1875 4927 1999 4986; x_wconf 88' lang='lat' dir='ltr'><strong><em>Non</em></strong></span> 
     </span>
    </p>
   </div>
   <div class='ocr_carea' id='block_1_52' title="bbox 410 5015 1995 5094">
    <p class='ocr_par' dir='ltr' id='par_1_52' title="bbox 410 5015 1995 5094">
     <span class='ocr_line' id='line_1_52' title="bbox 410 5015 1995 5094; baseline 0.009 -29"><span class='ocrx_word' id='word_1_433' title='bbox 410 5023 484 5066; x_wconf 83' lang='lat' dir='ltr'><strong><em>est</em></strong></span> <span class='ocrx_word' id='word_1_434' title='bbox 511 5015 598 5084; x_wconf 82' lang='lat' dir='ltr'><strong><em>qui</em></strong></span> <span class='ocrx_word' id='word_1_435' title='bbox 619 5015 775 5086; x_wconf 81' lang='lat' dir='ltr'><strong><em>faciat</em></strong></span> <span class='ocrx_word' id='word_1_436' title='bbox 802 5015 1006 5082; x_wconf 88' lang='lat' dir='ltr'><strong><em>bonum,</em></strong></span> <span class='ocrx_word' id='word_1_437' title='bbox 1029 5031 1130 5070; x_wconf 86' lang='lat' dir='ltr'><strong><em>non</em></strong></span> <span class='ocrx_word' id='word_1_438' title='bbox 1149 5022 1228 5071; x_wconf 77' lang='lat' dir='ltr'><strong><em>est</em></strong></span> <span class='ocrx_word' id='word_1_439' title='bbox 1251 5032 1408 5090; x_wconf 85' lang='lat' dir='ltr'><strong><em>usque</em></strong></span> <span class='ocrx_word' id='word_1_440' title='bbox 1434 5017 1504 5071; x_wconf 90' lang='lat' dir='ltr'><strong><em>ad</em></strong></span> <span class='ocrx_word' id='word_1_441' title='bbox 1527 5035 1704 5075; x_wconf 89' lang='lat' dir='ltr'><strong><em>unum.</em></strong></span> <span class='ocrx_word' id='word_1_442' title='bbox 1734 5020 1818 5076; x_wconf 79' lang='lat' dir='ltr'><strong><em>Ait</em></strong></span> <span class='ocrx_word' id='word_1_443' title='bbox 1841 5025 1995 5094; x_wconf 88' lang='lat' dir='ltr'><strong><em>enim,</em></strong></span> 
     </span>
    </p>
   </div>
   <div class='ocr_carea' id='block_1_53' title="bbox 411 5093 1998 5184">
    <p class='ocr_par' dir='ltr' id='par_1_53' title="bbox 411 5093 1998 5184">
     <span class='ocr_line' id='line_1_53' title="bbox 411 5093 1998 5184; baseline 0.009 -26"><span class='ocrx_word' id='word_1_444' title='bbox 411 5103 600 5175; x_wconf 87' lang='lat' dir='ltr'><strong><em>inquit,</em></strong></span> <span class='ocrx_word' id='word_1_445' title='bbox 631 5117 837 5162; x_wconf 86' lang='lat' dir='ltr'><strong><em>sanctus</em></strong></span> <span class='ocrx_word' id='word_1_446' title='bbox 863 5105 1046 5173; x_wconf 71' lang='lat' dir='ltr'><strong><em>Dauid,</em></strong></span> <span class='ocrx_word' id='word_1_447' title='bbox 1079 5093 1245 5178; x_wconf 84' lang='lat' dir='ltr'><strong><em>Spera</em></strong></span> <span class='ocrx_word' id='word_1_448' title='bbox 1267 5108 1321 5163; x_wconf 91' lang='lat' dir='ltr'><strong><em>in</em></strong></span> <span class='ocrx_word' id='word_1_449' title='bbox 1359 5103 1602 5179; x_wconf 86' lang='lat' dir='ltr'><strong><em>Domino,</em></strong></span> <span class='ocrx_word' id='word_1_450' title='bbox 1627 5123 1675 5167; x_wconf 91' lang='lat' dir='ltr'><strong><em>et</em></strong></span> <span class='ocrx_word' id='word_1_451' title='bbox 1699 5113 1782 5184; x_wconf 87' lang='lat' dir='ltr'><strong><em>fac</em></strong></span> <span class='ocrx_word' id='word_1_452' title='bbox 1807 5093 1998 5172; x_wconf 84' lang='lat' dir='ltr'><strong><em>bonita-</em></strong></span> 
     </span>
    </p>
   </div>
   <div class='ocr_carea' id='block_1_54' title="bbox 410 5195 1992 5272">
    <p class='ocr_par' dir='ltr' id='par_1_54' title="bbox 410 5195 1992 5272">
     <span class='ocr_line' id='line_1_54' title="bbox 410 5195 1992 5272; baseline 0.011 -24"><span class='ocrx_word' id='word_1_453' title='bbox 410 5203 506 5249; x_wconf 86' lang='lat' dir='ltr'><strong><em>tem</em></strong></span> <span class='ocrx_word' id='word_1_454' title='bbox 529 5195 698 5268; x_wconf 65' lang='lat' dir='ltr'><strong><em>(Paul.</em></strong></span> <span class='ocrx_word' id='word_1_455' title='bbox 726 5217 906 5266; x_wconf 78' lang='lat' dir='ltr'><strong><em>mm,</em></strong></span> <span class='ocrx_word' id='word_1_456' title='bbox 927 5201 1003 5271; x_wconf 78' lang='lat'><strong><em>&#39;5).</em></strong></span> <span class='ocrx_word' id='word_1_457' title='bbox 1047 5201 1155 5256; x_wconf 90' lang='lat' dir='ltr'><strong><em>lloc</em></strong></span> <span class='ocrx_word' id='word_1_458' title='bbox 1175 5211 1498 5272; x_wconf 75' lang='lat' dir='ltr'><strong><em>pneceptum</em></strong></span> <span class='ocrx_word' id='word_1_459' title='bbox 1519 5211 1620 5268; x_wconf 88' lang='lat' dir='ltr'><strong><em>est,</em></strong></span> <span class='ocrx_word' id='word_1_460' title='bbox 1647 5221 1752 5261; x_wconf 91' lang='lat' dir='ltr'><strong><em>non</em></strong></span> <span class='ocrx_word' id='word_1_461' title='bbox 1773 5205 1992 5265; x_wconf 82' lang='lat' dir='ltr'><strong><em>factum:</em></strong></span> 
     </span>
    </p>
   </div>
   <div class='ocr_carea' id='block_1_55' title="bbox 410 5290 1994 5366">
    <p class='ocr_par' dir='ltr' id='par_1_55' title="bbox 410 5290 1994 5366">
     <span class='ocr_line' id='line_1_55' title="bbox 410 5290 1994 5366; baseline 0.009 -25"><span class='ocrx_word' id='word_1_462' title='bbox 410 5290 551 5353; x_wconf 87' lang='lat' dir='ltr'><strong><em>quod</em></strong></span> <span class='ocrx_word' id='word_1_463' title='bbox 582 5303 903 5362; x_wconf 66' lang='lat' dir='ltr'><strong><em>pra-ceptum</em></strong></span> <span class='ocrx_word' id='word_1_464' title='bbox 933 5310 1036 5349; x_wconf 90' lang='lat' dir='ltr'><strong><em>non</em></strong></span> <span class='ocrx_word' id='word_1_465' title='bbox 1078 5295 1258 5364; x_wconf 87' lang='lat' dir='ltr'><strong><em>utique</em></strong></span> <span class='ocrx_word' id='word_1_466' title='bbox 1283 5291 1547 5352; x_wconf 80' lang='lat' dir='ltr'><strong><em>faciebant</em></strong></span> <span class='ocrx_word' id='word_1_467' title='bbox 1584 5295 1652 5354; x_wconf 89' lang='lat' dir='ltr'><strong><em>de</em></strong></span> <span class='ocrx_word' id='word_1_468' title='bbox 1681 5299 1870 5366; x_wconf 87' lang='lat' dir='ltr'><strong><em>quibus</em></strong></span> <span class='ocrx_word' id='word_1_469' title='bbox 1908 5301 1994 5356; x_wconf 87' lang='lat' dir='ltr'><strong><em>di-</em></strong></span> 
     </span>
    </p>
   </div>
   <div class='ocr_carea' id='block_1_56' title="bbox 408 5383 1996 5464">
    <p class='ocr_par' dir='ltr' id='par_1_56' title="bbox 408 5383 1996 5464">
     <span class='ocr_line' id='line_1_56' title="bbox 408 5383 1996 5464; baseline 0.008 -28"><span class='ocrx_word' id='word_1_470' title='bbox 408 5393 552 5436; x_wconf 87' lang='lat' dir='ltr'><strong><em>ctum</em></strong></span> <span class='ocrx_word' id='word_1_471' title='bbox 593 5395 694 5448; x_wconf 89' lang='lat' dir='ltr'><strong><em>est,</em></strong></span> <span class='ocrx_word' id='word_1_472' title='bbox 727 5383 848 5439; x_wconf 85' lang='lat' dir='ltr'><strong><em>Non</em></strong></span> <span class='ocrx_word' id='word_1_473' title='bbox 878 5395 950 5440; x_wconf 85' lang='lat' dir='ltr'><strong><em>est</em></strong></span> <span class='ocrx_word' id='word_1_474' title='bbox 976 5387 1063 5458; x_wconf 85' lang='lat' dir='ltr'><strong><em>qui</em></strong></span> <span class='ocrx_word' id='word_1_475' title='bbox 1102 5387 1258 5457; x_wconf 82' lang='lat' dir='ltr'><strong><em>faciat</em></strong></span> <span class='ocrx_word' id='word_1_476' title='bbox 1282 5384 1490 5456; x_wconf 88' lang='lat' dir='ltr'><strong><em>bonum,</em></strong></span> <span class='ocrx_word' id='word_1_477' title='bbox 1517 5405 1616 5444; x_wconf 87' lang='lat' dir='ltr'><strong><em>non</em></strong></span> <span class='ocrx_word' id='word_1_478' title='bbox 1640 5400 1713 5446; x_wconf 86' lang='lat' dir='ltr'><strong><em>est</em></strong></span> <span class='ocrx_word' id='word_1_479' title='bbox 1753 5409 1906 5464; x_wconf 85' lang='lat' dir='ltr'><strong><em>usque</em></strong></span> <span class='ocrx_word' id='word_1_480' title='bbox 1927 5395 1996 5448; x_wconf 74' lang='lat' dir='ltr'><strong><em>ad</em></strong></span> 
     </span>
    </p>
   </div>
   <div class='ocr_carea' id='block_1_57' title="bbox 473 5579 1993 5652">
    <p class='ocr_par' dir='ltr' id='par_1_57' title="bbox 473 5579 1993 5652">
     <span class='ocr_line' id='line_1_57' title="bbox 473 5579 1993 5652; baseline 0.01 -25"><span class='ocrx_word' id='word_1_481' title='bbox 473 5581 489 5613; x_wconf 77' lang='grc' dir='ltr'>ί</span> <span class='ocrx_word' id='word_1_482' title='bbox 517 5581 654 5652; x_wconf 58' lang='lat' dir='ltr'><strong><em>licini,</em></strong></span> <span class='ocrx_word' id='word_1_483' title='bbox 680 5588 779 5630; x_wconf 73' lang='lat' dir='ltr'><strong><em>Hoc</em></strong></span> <span class='ocrx_word' id='word_1_484' title='bbox 814 5579 1164 5644; x_wconf 56' lang='lat' dir='ltr'><strong><em>testam;</em></strong></span> <span class='ocrx_word' id='word_1_485' title='bbox 1193 5583 1386 5647; x_wconf 83' lang='lat' dir='ltr'><strong><em>omisso,</em></strong></span> <span class='ocrx_word' id='word_1_486' title='bbox 1419 5589 1483 5648; x_wconf 87' lang='lat' dir='ltr'><strong><em>et,</em></strong></span> <span class='ocrx_word' id='word_1_487' title='bbox 1517 5587 1646 5652; x_wconf 86' lang='lat' dir='ltr'><strong><em>quod</em></strong></span> <span class='ocrx_word' id='word_1_488' title='bbox 1678 5587 1862 5640; x_wconf 85' lang='lat' dir='ltr'><strong><em>habent</em></strong></span> <span class='ocrx_word' id='word_1_489' title='bbox 1894 5603 1993 5642; x_wconf 86' lang='lat' dir='ltr'><strong><em>ma-</em></strong></span> 
     </span>
    </p>
   </div>
   <div class='ocr_carea' id='block_1_58' title="bbox 405 5759 1108 5824">
    <p class='ocr_par' dir='ltr' id='par_1_58' title="bbox 405 5759 1108 5824">
     <span class='ocr_line' id='line_1_58' title="bbox 405 5759 1108 5824; baseline -0.001 -13"><span class='ocrx_word' id='word_1_490' title='bbox 405 5775 520 5814; x_wconf 74' lang='lat' dir='ltr'><strong><em>eum</em></strong></span> <span class='ocrx_word' id='word_1_491' title='bbox 549 5773 640 5809; x_wconf 65' lang='lat' dir='ltr'><strong><em>tm.</em></strong></span> <span class='ocrx_word' id='word_1_492' title='bbox 666 5770 712 5810; x_wconf 75' lang='lat' dir='ltr'><strong><em>et</em></strong></span> <span class='ocrx_word' id='word_1_493' title='bbox 731 5768 825 5818; x_wconf 68' lang='grc' dir='ltr'><strong>ιη’..</strong></span> <span class='ocrx_word' id='word_1_494' title='bbox 848 5759 1108 5824; x_wconf 69' lang='lat' dir='ltr'><strong><em>probation.</em></strong></span> 
     </span>
    </p>
   </div>
   <div class='ocr_carea' id='block_1_59' title="bbox 1641 328 2446 390">
    <p class='ocr_par' dir='ltr' id='par_1_59' title="bbox 1641 328 2446 390">
     <span class='ocr_line' id='line_1_59' title="bbox 1641 328 2446 390; baseline -0.002 -2"><span class='ocrx_word' id='word_1_495' title='bbox 1641 333 1700 388; x_wconf 88' lang='lat' dir='ltr'><strong><em>S.</em></strong></span> <span class='ocrx_word' id='word_1_496' title='bbox 1740 328 2104 390; x_wconf 79' lang='lat' dir='ltr'><strong><em>AUCUSTiNl</em></strong></span> <span class='ocrx_word' id='word_1_497' title='bbox 2146 331 2446 390; x_wconf 78' lang='lat' dir='ltr'><strong><em>EPISCUPI</em></strong></span> 
     </span>
    </p>
   </div>
   <div class='ocr_carea' id='block_1_60' title="bbox 2137 445 3721 514">
    <p class='ocr_par' dir='ltr' id='par_1_60' title="bbox 2137 445 3721 514">
     <span class='ocr_line' id='line_1_60' title="bbox 2137 445 3721 514; baseline 0.004 -16"><span class='ocrx_word' id='word_1_498' title='bbox 2137 459 2312 498; x_wconf 77' lang='lat' dir='ltr'><strong><em>unum.</em></strong></span> <span class='ocrx_word' id='word_1_499' title='bbox 2353 445 2444 500; x_wconf 80' lang='lat' dir='ltr'><strong><em>Ait</em></strong></span> <span class='ocrx_word' id='word_1_500' title='bbox 2469 445 2626 500; x_wconf 79' lang='lat' dir='ltr'><strong><em>etiam</em></strong></span> <span class='ocrx_word' id='word_1_501' title='bbox 2671 445 2876 501; x_wconf 65' lang='lat' dir='ltr'><strong><em>dixisse</em></strong></span> <span class='ocrx_word' id='word_1_502' title='bbox 2921 456 3162 503; x_wconf 86' lang='lat' dir='ltr'><strong><em>sanctum</em></strong></span> <span class='ocrx_word' id='word_1_503' title='bbox 3206 447 3450 514; x_wconf 80' lang='lat' dir='ltr'><strong><em>Tobiam,</em></strong></span> <span class='ocrx_word' id='word_1_504' title='bbox 3482 446 3612 504; x_wconf 84' lang='lat' dir='ltr'><strong><em>Noli</em></strong></span> <span class='ocrx_word' id='word_1_505' title='bbox 3649 458 3721 504; x_wconf 81' lang='grc' dir='ltr'>ιι-</span> 
     </span>
    </p>
   </div>
   <div class='ocr_carea' id='block_1_61' title="bbox 2139 536 3722 612">
    <p class='ocr_par' dir='ltr' id='par_1_61' title="bbox 2139 536 3722 612">
     <span class='ocr_line' id='line_1_61' title="bbox 2139 536 3722 612; baseline 0.006 -22"><span class='ocrx_word' id='word_1_506' title='bbox 2139 549 2290 601; x_wconf 80' lang='lat' dir='ltr'><strong><em>utere,</em></strong></span> <span class='ocrx_word' id='word_1_507' title='bbox 2324 536 2442 606; x_wconf 83' lang='lat' dir='ltr'><strong><em>fili;</em></strong></span> <span class='ocrx_word' id='word_1_508' title='bbox 2481 555 2746 608; x_wconf 79' lang='lat' dir='ltr'><strong><em>pauperem</em></strong></span> <span class='ocrx_word' id='word_1_509' title='bbox 2793 541 2946 596; x_wconf 86' lang='lat' dir='ltr'><strong><em>vitam</em></strong></span> <span class='ocrx_word' id='word_1_510' title='bbox 2981 541 3223 612; x_wconf 77' lang='lat' dir='ltr'><strong><em>gerimus,</em></strong></span> <span class='ocrx_word' id='word_1_511' title='bbox 3262 547 3355 598; x_wconf 85' lang='lat' dir='ltr'><strong><em>sed</em></strong></span> <span class='ocrx_word' id='word_1_512' title='bbox 3393 543 3549 596; x_wconf 85' lang='lat' dir='ltr'><strong><em>multa</em></strong></span> <span class='ocrx_word' id='word_1_513' title='bbox 3587 541 3722 599; x_wconf 80' lang='lat' dir='ltr'><strong><em>bona</em></strong></span> 
     </span>
    </p>
   </div>
   <div class='ocr_carea' id='block_1_62' title="bbox 2135 623 3722 693">
    <p class='ocr_par' dir='ltr' id='par_1_62' title="bbox 2135 623 3722 693">
     <span class='ocr_line' id='line_1_62' title="bbox 2135 623 3722 693; baseline 0.008 -16"><span class='ocrx_word' id='word_1_514' title='bbox 2135 623 2443 693; x_wconf 70' lang='lat' dir='ltr'><strong><em>habebimus,</em></strong></span> <span class='ocrx_word' id='word_1_515' title='bbox 2464 629 2509 682; x_wconf 86' lang='lat' dir='ltr'><strong><em>si</em></strong></span> <span class='ocrx_word' id='word_1_516' title='bbox 2530 627 2840 682; x_wconf 82' lang='lat' dir='ltr'><strong><em>timuerimus</em></strong></span> <span class='ocrx_word' id='word_1_517' title='bbox 2863 627 3043 692; x_wconf 81' lang='lat' dir='ltr'><strong><em>Deum,</em></strong></span> <span class='ocrx_word' id='word_1_518' title='bbox 3067 639 3112 684; x_wconf 85' lang='lat' dir='ltr'><strong><em>et</em></strong></span> <span class='ocrx_word' id='word_1_519' title='bbox 3133 633 3480 688; x_wconf 75' lang='lat' dir='ltr'><strong><em>recesserimus</em></strong></span> <span class='ocrx_word' id='word_1_520' title='bbox 3499 633 3562 688; x_wconf 88' lang='lat' dir='ltr'><strong><em>ab</em></strong></span> <span class='ocrx_word' id='word_1_521' title='bbox 3581 635 3722 689; x_wconf 84' lang='lat' dir='ltr'><strong><em>omni</em></strong></span> 
     </span>
    </p>
   </div>
   <div class='ocr_carea' id='block_1_63' title="bbox 2135 717 3725 796">
    <p class='ocr_par' dir='ltr' id='par_1_63' title="bbox 2135 717 3725 796">
     <span class='ocr_line' id='line_1_63' title="bbox 2135 717 3725 796; baseline 0.008 -26"><span class='ocrx_word' id='word_1_522' title='bbox 2135 727 2359 788; x_wconf 82' lang='lat' dir='ltr'><strong><em>peccato,</em></strong></span> <span class='ocrx_word' id='word_1_523' title='bbox 2399 727 2446 773; x_wconf 86' lang='lat' dir='ltr'><strong><em>et</em></strong></span> <span class='ocrx_word' id='word_1_524' title='bbox 2488 717 2750 790; x_wconf 74' lang='lat' dir='ltr'><strong><em>fecerinius</em></strong></span> <span class='ocrx_word' id='word_1_525' title='bbox 2785 719 2916 774; x_wconf 88' lang='lat' dir='ltr'><strong><em>bona</em></strong></span> <span class='ocrx_word' id='word_1_526' title='bbox 2955 720 3107 790; x_wconf 85' lang='lat' dir='ltr'><strong><em>(Tob.</em></strong></span> <span class='ocrx_word' id='word_1_527' title='bbox 3156 739 3229 787; x_wconf 87' lang='lat' dir='ltr'><strong><em>tv,</em></strong></span> <span class='ocrx_word' id='word_1_528' title='bbox 3272 722 3390 796; x_wconf 74' lang='lat'><strong><em>23).</em></strong></span> <span class='ocrx_word' id='word_1_529' title='bbox 3433 723 3725 783; x_wconf 74' lang='lat' dir='ltr'><strong><em>Verissime</em></strong></span> 
     </span>
    </p>
   </div>
   <div class='ocr_carea' id='block_1_64' title="bbox 2137 809 3723 878">
    <p class='ocr_par' dir='ltr' id='par_1_64' title="bbox 2137 809 3723 878">
     <span class='ocr_line' id='line_1_64' title="bbox 2137 809 3723 878; baseline 0.008 -17"><span class='ocrx_word' id='word_1_530' title='bbox 2137 817 2261 864; x_wconf 90' lang='lat' dir='ltr'><strong><em>tunc</em></strong></span> <span class='ocrx_word' id='word_1_531' title='bbox 2300 819 2460 865; x_wconf 88' lang='lat' dir='ltr'><strong><em>erunt</em></strong></span> <span class='ocrx_word' id='word_1_532' title='bbox 2505 809 2706 866; x_wconf 85' lang='lat' dir='ltr'><strong><em>homini</em></strong></span> <span class='ocrx_word' id='word_1_533' title='bbox 2749 813 2914 868; x_wconf 86' lang='lat' dir='ltr'><strong><em>multa</em></strong></span> <span class='ocrx_word' id='word_1_534' title='bbox 2952 812 3111 878; x_wconf 88' lang='lat' dir='ltr'><strong><em>bona,</em></strong></span> <span class='ocrx_word' id='word_1_535' title='bbox 3155 829 3276 868; x_wconf 91' lang='lat' dir='ltr'><strong><em>cum</em></strong></span> <span class='ocrx_word' id='word_1_536' title='bbox 3323 818 3608 872; x_wconf 85' lang='lat' dir='ltr'><strong><em>recesserit</em></strong></span> <span class='ocrx_word' id='word_1_537' title='bbox 3651 817 3723 874; x_wconf 82' lang='lat' dir='ltr'><strong><em>ab</em></strong></span> 
     </span>
    </p>
   </div>
   <div class='ocr_carea' id='block_1_65' title="bbox 2135 898 3712 972">
    <p class='ocr_par' dir='ltr' id='par_1_65' title="bbox 2135 898 3712 972">
     <span class='ocr_line' id='line_1_65' title="bbox 2135 898 3712 972; baseline 0.007 -20"><span class='ocrx_word' id='word_1_538' title='bbox 2135 898 2279 953; x_wconf 88' lang='lat' dir='ltr'><strong><em>omni</em></strong></span> <span class='ocrx_word' id='word_1_539' title='bbox 2309 912 2544 968; x_wconf 88' lang='lat' dir='ltr'><strong><em>peccato.</em></strong></span> <span class='ocrx_word' id='word_1_540' title='bbox 2585 901 2736 957; x_wconf 81' lang='lat' dir='ltr'><strong><em>Tunc</em></strong></span> <span class='ocrx_word' id='word_1_541' title='bbox 2761 903 2902 957; x_wconf 89' lang='lat' dir='ltr'><strong><em>enim</em></strong></span> <span class='ocrx_word' id='word_1_542' title='bbox 2923 905 2970 958; x_wconf 89' lang='lat' dir='ltr'><strong><em>ei</em></strong></span> <span class='ocrx_word' id='word_1_543' title='bbox 2994 904 3135 959; x_wconf 84' lang='lat' dir='ltr'><strong><em>nulla</em></strong></span> <span class='ocrx_word' id='word_1_544' title='bbox 3163 915 3320 959; x_wconf 88' lang='lat' dir='ltr'><strong><em>erunt</em></strong></span> <span class='ocrx_word' id='word_1_545' title='bbox 3344 907 3500 972; x_wconf 87' lang='lat' dir='ltr'><strong><em>mala,</em></strong></span> <span class='ocrx_word' id='word_1_546' title='bbox 3527 916 3712 964; x_wconf 87' lang='lat' dir='ltr'><strong><em>utnon</em></strong></span> 
     </span>
    </p>
   </div>
   <div class='ocr_carea' id='block_1_66' title="bbox 2133 989 3714 1067">
    <p class='ocr_par' dir='ltr' id='par_1_66' title="bbox 2133 989 3714 1067">
     <span class='ocr_line' id='line_1_66' title="bbox 2133 989 3714 1067; baseline 0.007 -25"><span class='ocrx_word' id='word_1_547' title='bbox 2133 1002 2269 1056; x_wconf 82' lang='lat' dir='ltr'><strong><em>Opus</em></strong></span> <span class='ocrx_word' id='word_1_548' title='bbox 2296 989 2485 1043; x_wconf 70' lang='lat' dir='ltr'><strong><em>habeat</em></strong></span> <span class='ocrx_word' id='word_1_549' title='bbox 2511 990 2712 1057; x_wconf 85' lang='lat' dir='ltr'><strong><em>dicere,</em></strong></span> <span class='ocrx_word' id='word_1_550' title='bbox 2745 992 2922 1046; x_wconf 87' lang='lat' dir='ltr'><strong><em>Libera</em></strong></span> <span class='ocrx_word' id='word_1_551' title='bbox 2941 1010 3032 1046; x_wconf 89' lang='lat' dir='ltr'><strong><em>nos</em></strong></span> <span class='ocrx_word' id='word_1_552' title='bbox 3053 1011 3084 1046; x_wconf 93' lang='lat' dir='ltr'><strong><em>a</em></strong></span> <span class='ocrx_word' id='word_1_553' title='bbox 3110 996 3244 1048; x_wconf 88' lang='lat' dir='ltr'><strong><em>malo</em></strong></span> <span class='ocrx_word' id='word_1_554' title='bbox 3261 995 3471 1065; x_wconf 75' lang='lat' dir='ltr'><strong><em>(Matth.</em></strong></span> <span class='ocrx_word' id='word_1_555' title='bbox 3495 1012 3568 1060; x_wconf 72' lang='lat' dir='ltr'><strong><em>vx,</em></strong></span> <span class='ocrx_word' id='word_1_556' title='bbox 3603 998 3714 1067; x_wconf 80' lang='lat' dir='ltr'><strong><em>l5).</em></strong></span> 
     </span>
    </p>
   </div>
   <div class='ocr_carea' id='block_1_67' title="bbox 2133 1079 3722 1155">
    <p class='ocr_par' dir='ltr' id='par_1_67' title="bbox 2133 1079 3722 1155">
     <span class='ocr_line' id='line_1_67' title="bbox 2133 1079 3722 1155; baseline 0.009 -23"><span class='ocrx_word' id='word_1_557' title='bbox 2133 1079 2383 1146; x_wconf 80' lang='lat' dir='ltr'><strong><em>Quamvis</em></strong></span> <span class='ocrx_word' id='word_1_558' title='bbox 2411 1092 2466 1137; x_wconf 85' lang='lat' dir='ltr'><strong><em>et</em></strong></span> <span class='ocrx_word' id='word_1_559' title='bbox 2492 1098 2630 1138; x_wconf 89' lang='lat' dir='ltr'><strong><em>nunc</em></strong></span> <span class='ocrx_word' id='word_1_560' title='bbox 2653 1085 2828 1138; x_wconf 84' lang='lat' dir='ltr'><strong><em>omnis</em></strong></span> <span class='ocrx_word' id='word_1_561' title='bbox 2855 1085 2946 1155; x_wconf 87' lang='lat' dir='ltr'><strong><em>qni</em></strong></span> <span class='ocrx_word' id='word_1_562' title='bbox 2990 1087 3218 1155; x_wconf 82' lang='lat' dir='ltr'><strong><em>proiicit,</em></strong></span> <span class='ocrx_word' id='word_1_563' title='bbox 3250 1099 3391 1143; x_wconf 82' lang='lat' dir='ltr'><strong><em>recta</em></strong></span> <span class='ocrx_word' id='word_1_564' title='bbox 3423 1089 3722 1146; x_wconf 78' lang='lat' dir='ltr'><strong><em>intentione</em></strong></span> 
     </span>
    </p>
   </div>
   <div class='ocr_carea' id='block_1_68' title="bbox 2135 1173 3723 1245">
    <p class='ocr_par' dir='ltr' id='par_1_68' title="bbox 2135 1173 3723 1245">
     <span class='ocr_line' id='line_1_68' title="bbox 2135 1173 3723 1245; baseline 0.008 -22"><span class='ocrx_word' id='word_1_565' title='bbox 2135 1173 2437 1240; x_wconf 75' lang='lat' dir='ltr'><strong><em>proficiens,</em></strong></span> <span class='ocrx_word' id='word_1_566' title='bbox 2467 1175 2666 1229; x_wconf 83' lang='lat' dir='ltr'><strong><em>recedit</em></strong></span> <span class='ocrx_word' id='word_1_567' title='bbox 2707 1175 2776 1230; x_wconf 85' lang='lat' dir='ltr'><strong><em>ab</em></strong></span> <span class='ocrx_word' id='word_1_568' title='bbox 2804 1176 2948 1231; x_wconf 87' lang='lat' dir='ltr'><strong><em>omni</em></strong></span> <span class='ocrx_word' id='word_1_569' title='bbox 2980 1189 3216 1245; x_wconf 87' lang='lat' dir='ltr'><strong><em>peccato,</em></strong></span> <span class='ocrx_word' id='word_1_570' title='bbox 3245 1189 3300 1233; x_wconf 88' lang='lat' dir='ltr'><strong><em>et</em></strong></span> <span class='ocrx_word' id='word_1_571' title='bbox 3339 1189 3483 1233; x_wconf 85' lang='lat' dir='ltr'><strong><em>lauto</em></strong></span> <span class='ocrx_word' id='word_1_572' title='bbox 3514 1181 3636 1236; x_wconf 88' lang='lat' dir='ltr'><strong><em>inde</em></strong></span> <span class='ocrx_word' id='word_1_573' title='bbox 3663 1182 3723 1236; x_wconf 91' lang='lat' dir='ltr'><strong><em>lit</em></strong></span> 
     </span>
    </p>
   </div>
   <div class='ocr_carea' id='block_1_69' title="bbox 2131 1263 3721 1344">
    <p class='ocr_par' dir='ltr' id='par_1_69' title="bbox 2131 1263 3721 1344">
     <span class='ocr_line' id='line_1_69' title="bbox 2131 1263 3721 1344; baseline 0.008 -26"><span class='ocrx_word' id='word_1_574' title='bbox 2131 1263 2486 1336; x_wconf 80' lang='lat' dir='ltr'><strong><em>longinquior,</em></strong></span> <span class='ocrx_word' id='word_1_575' title='bbox 2509 1277 2708 1337; x_wconf 87' lang='lat' dir='ltr'><strong><em>quanto</em></strong></span> <span class='ocrx_word' id='word_1_576' title='bbox 2731 1268 3040 1336; x_wconf 86' lang='lat' dir='ltr'><strong><em>picnitudini</em></strong></span> <span class='ocrx_word' id='word_1_577' title='bbox 3056 1269 3276 1339; x_wconf 74' lang='lat' dir='ltr'><strong><em>justitia:</em></strong></span> <span class='ocrx_word' id='word_1_578' title='bbox 3301 1271 3721 1344; x_wconf 78' lang='lat' dir='ltr'><strong><em>pet&#39;l&#39;ectionique</em></strong></span> 
     </span>
    </p>
   </div>
   <div class='ocr_carea' id='block_1_70' title="bbox 2132 1356 3719 1430">
    <p class='ocr_par' dir='ltr' id='par_1_70' title="bbox 2132 1356 3719 1430">
     <span class='ocr_line' id='line_1_70' title="bbox 2132 1356 3719 1430; baseline 0.006 -22"><span class='ocrx_word' id='word_1_579' title='bbox 2132 1356 2478 1426; x_wconf 84' lang='lat' dir='ltr'><strong><em>propinquior</em></strong></span> <span class='ocrx_word' id='word_1_580' title='bbox 2513 1374 2528 1410; x_wconf 85' lang='lat'><strong>:</strong></span> <span class='ocrx_word' id='word_1_581' title='bbox 2557 1359 2679 1428; x_wconf 79' lang='lat' dir='ltr'><strong><em>quia</em></strong></span> <span class='ocrx_word' id='word_1_582' title='bbox 2723 1368 2778 1412; x_wconf 90' lang='lat' dir='ltr'><strong><em>et</em></strong></span> <span class='ocrx_word' id='word_1_583' title='bbox 2807 1359 2916 1428; x_wconf 88' lang='lat' dir='ltr'><strong><em>ipsa</em></strong></span> <span class='ocrx_word' id='word_1_584' title='bbox 2961 1361 3413 1430; x_wconf 71' lang='lat' dir='ltr'><strong><em>COIICllpiSCPIIIltt,</em></strong></span> <span class='ocrx_word' id='word_1_585' title='bbox 3462 1361 3601 1428; x_wconf 84' lang='lat' dir='ltr'><strong><em>quod</em></strong></span> <span class='ocrx_word' id='word_1_586' title='bbox 3631 1373 3719 1418; x_wconf 89' lang='lat' dir='ltr'><strong><em>est</em></strong></span> 
     </span>
    </p>
   </div>
   <div class='ocr_carea' id='block_1_71' title="bbox 2130 1448 3718 1517">
    <p class='ocr_par' dir='ltr' id='par_1_71' title="bbox 2130 1448 3718 1517">
     <span class='ocr_line' id='line_1_71' title="bbox 2130 1448 3718 1517; baseline 0.008 -19"><span class='ocrx_word' id='word_1_587' title='bbox 2130 1457 2406 1517; x_wconf 81' lang='lat' dir='ltr'><strong><em>peccatum</em></strong></span> <span class='ocrx_word' id='word_1_588' title='bbox 2433 1448 2678 1503; x_wconf 85' lang='lat' dir='ltr'><strong><em>habitans</em></strong></span> <span class='ocrx_word' id='word_1_589' title='bbox 2709 1451 2760 1503; x_wconf 91' lang='lat' dir='ltr'><strong><em>in</em></strong></span> <span class='ocrx_word' id='word_1_590' title='bbox 2785 1467 2948 1506; x_wconf 85' lang='lat' dir='ltr'><strong><em>carne</em></strong></span> <span class='ocrx_word' id='word_1_591' title='bbox 2975 1463 3178 1515; x_wconf 83' lang='lat' dir='ltr'><strong><em>nostra,</em></strong></span> <span class='ocrx_word' id='word_1_592' title='bbox 3205 1453 3304 1505; x_wconf 77' lang='lat' dir='ltr'><strong><em>etsi</em></strong></span> <span class='ocrx_word' id='word_1_593' title='bbox 3336 1463 3515 1508; x_wconf 76' lang='grc' dir='ltr'>ιιιειιιρι</span> <span class='ocrx_word' id='word_1_594' title='bbox 3543 1454 3718 1510; x_wconf 89' lang='lat' dir='ltr'><strong><em>adhuc</em></strong></span> 
     </span>
    </p>
   </div>
   <div class='ocr_carea' id='block_1_72' title="bbox 2129 1537 3717 1608">
    <p class='ocr_par' dir='ltr' id='par_1_72' title="bbox 2129 1537 3717 1608">
     <span class='ocr_line' id='line_1_72' title="bbox 2129 1537 3717 1608; baseline 0.005 -16"><span class='ocrx_word' id='word_1_595' title='bbox 2129 1537 2183 1592; x_wconf 92' lang='lat' dir='ltr'><strong><em>in</em></strong></span> <span class='ocrx_word' id='word_1_596' title='bbox 2227 1539 2481 1592; x_wconf 90' lang='lat' dir='ltr'><strong><em>membris</em></strong></span> <span class='ocrx_word' id='word_1_597' title='bbox 2521 1540 2854 1608; x_wconf 87' lang='lat' dir='ltr'><strong><em>mortalibus,</em></strong></span> <span class='ocrx_word' id='word_1_598' title='bbox 2901 1542 3065 1596; x_wconf 88' lang='lat' dir='ltr'><strong><em>minui</em></strong></span> <span class='ocrx_word' id='word_1_599' title='bbox 3098 1555 3273 1598; x_wconf 87' lang='lat' dir='ltr'><strong><em>tamen</em></strong></span> <span class='ocrx_word' id='word_1_600' title='bbox 3306 1561 3410 1596; x_wconf 90' lang='lat' dir='ltr'><strong><em>non</em></strong></span> <span class='ocrx_word' id='word_1_601' title='bbox 3437 1545 3633 1600; x_wconf 86' lang='lat' dir='ltr'><strong><em>desiuit</em></strong></span> <span class='ocrx_word' id='word_1_602' title='bbox 3661 1547 3717 1601; x_wconf 88' lang='lat' dir='ltr'><strong><em>in</em></strong></span> 
     </span>
    </p>
   </div>
   <div class='ocr_carea' id='block_1_73' title="bbox 2130 1629 3718 1707">
    <p class='ocr_par' dir='ltr' id='par_1_73' title="bbox 2130 1629 3718 1707">
     <span class='ocr_line' id='line_1_73' title="bbox 2130 1629 3718 1707; baseline 0.007 -25"><span class='ocrx_word' id='word_1_603' title='bbox 2130 1629 2544 1697; x_wconf 82' lang='lat' dir='ltr'><strong><em>proﬁcientibus.</em></strong></span> <span class='ocrx_word' id='word_1_604' title='bbox 2585 1630 2741 1686; x_wconf 83' lang='lat' dir='ltr'><strong><em>Aliud</em></strong></span> <span class='ocrx_word' id='word_1_605' title='bbox 2769 1641 2853 1687; x_wconf 90' lang='lat' dir='ltr'><strong><em>est</em></strong></span> <span class='ocrx_word' id='word_1_606' title='bbox 2875 1647 3025 1703; x_wconf 77' lang='lat' dir='ltr'><strong><em>ergo,</em></strong></span> <span class='ocrx_word' id='word_1_607' title='bbox 3053 1634 3306 1689; x_wconf 86' lang='lat' dir='ltr'><strong><em>recedere</em></strong></span> <span class='ocrx_word' id='word_1_608' title='bbox 3327 1635 3394 1688; x_wconf 86' lang='lat' dir='ltr'><strong><em>ab</em></strong></span> <span class='ocrx_word' id='word_1_609' title='bbox 3417 1639 3561 1690; x_wconf 84' lang='lat' dir='ltr'><strong><em>omni</em></strong></span> <span class='ocrx_word' id='word_1_610' title='bbox 3593 1653 3718 1707; x_wconf 84' lang='lat' dir='ltr'><strong><em>pec-</em></strong></span> 
     </span>
    </p>
   </div>
   <div class='ocr_carea' id='block_1_74' title="bbox 2127 1717 3716 1792">
    <p class='ocr_par' dir='ltr' id='par_1_74' title="bbox 2127 1717 3716 1792">
     <span class='ocr_line' id='line_1_74' title="bbox 2127 1717 3716 1792; baseline 0.009 -21"><span class='ocrx_word' id='word_1_611' title='bbox 2127 1728 2270 1783; x_wconf 88' lang='lat' dir='ltr'><strong><em>cato,</em></strong></span> <span class='ocrx_word' id='word_1_612' title='bbox 2315 1719 2452 1789; x_wconf 90' lang='lat' dir='ltr'><strong><em>quod</em></strong></span> <span class='ocrx_word' id='word_1_613' title='bbox 2501 1722 2725 1776; x_wconf 87' lang='lat' dir='ltr'><strong><em>nuncin</em></strong></span> <span class='ocrx_word' id='word_1_614' title='bbox 2753 1738 2916 1792; x_wconf 80' lang='lat' dir='ltr'><strong><em>Opere</em></strong></span> <span class='ocrx_word' id='word_1_615' title='bbox 2956 1733 3077 1789; x_wconf 88' lang='lat' dir='ltr'><strong><em>est;</em></strong></span> <span class='ocrx_word' id='word_1_616' title='bbox 3122 1717 3616 1789; x_wconf 71' lang='lat' dir='ltr'><strong><em>aliud,’recessisse</em></strong></span> <span class='ocrx_word' id='word_1_617' title='bbox 3644 1729 3716 1785; x_wconf 83' lang='lat' dir='ltr'><strong><em>ab</em></strong></span> 
     </span>
    </p>
   </div>
   <div class='ocr_carea' id='block_1_75' title="bbox 2127 1811 3714 1885">
    <p class='ocr_par' dir='ltr' id='par_1_75' title="bbox 2127 1811 3714 1885">
     <span class='ocr_line' id='line_1_75' title="bbox 2127 1811 3714 1885; baseline 0.007 -21"><span class='ocrx_word' id='word_1_618' title='bbox 2127 1811 2270 1864; x_wconf 89' lang='lat' dir='ltr'><strong><em>omni</em></strong></span> <span class='ocrx_word' id='word_1_619' title='bbox 2307 1821 2548 1882; x_wconf 86' lang='lat' dir='ltr'><strong><em>peccato,</em></strong></span> <span class='ocrx_word' id='word_1_620' title='bbox 2577 1812 2720 1884; x_wconf 92' lang='lat' dir='ltr'><strong><em>quod</em></strong></span> <span class='ocrx_word' id='word_1_621' title='bbox 2749 1815 2800 1868; x_wconf 91' lang='lat' dir='ltr'><strong><em>in</em></strong></span> <span class='ocrx_word' id='word_1_622' title='bbox 2831 1815 2917 1870; x_wconf 91' lang='lat' dir='ltr'><strong><em>illa</em></strong></span> <span class='ocrx_word' id='word_1_623' title='bbox 2949 1814 3276 1885; x_wconf 80' lang='lat' dir='ltr'><strong><em>perfectione</em></strong></span> <span class='ocrx_word' id='word_1_624' title='bbox 3306 1826 3430 1874; x_wconf 88' lang='lat' dir='ltr'><strong><em>tunc</em></strong></span> <span class='ocrx_word' id='word_1_625' title='bbox 3455 1819 3573 1873; x_wconf 91' lang='lat' dir='ltr'><strong><em>crit.</em></strong></span> <span class='ocrx_word' id='word_1_626' title='bbox 3605 1819 3714 1875; x_wconf 87' lang='lat' dir='ltr'><strong><em>Sed</em></strong></span> 
     </span>
    </p>
   </div>
   <div class='ocr_carea' id='block_1_76' title="bbox 2129 1905 3712 1978">
    <p class='ocr_par' dir='ltr' id='par_1_76' title="bbox 2129 1905 3712 1978">
     <span class='ocr_line' id='line_1_76' title="bbox 2129 1905 3712 1978; baseline 0.006 -21"><span class='ocrx_word' id='word_1_627' title='bbox 2129 1912 2305 1958; x_wconf 87' lang='lat' dir='ltr'><strong><em>tamen</em></strong></span> <span class='ocrx_word' id='word_1_628' title='bbox 2329 1913 2382 1960; x_wconf 91' lang='lat' dir='ltr'><strong><em>et</em></strong></span> <span class='ocrx_word' id='word_1_629' title='bbox 2403 1906 2492 1976; x_wconf 89' lang='lat' dir='ltr'><strong><em>qui</em></strong></span> <span class='ocrx_word' id='word_1_630' title='bbox 2514 1905 2626 1976; x_wconf 88' lang='lat' dir='ltr'><strong><em>jam</em></strong></span> <span class='ocrx_word' id='word_1_631' title='bbox 2653 1907 2894 1974; x_wconf 86' lang='lat' dir='ltr'><strong><em>recessit,</em></strong></span> <span class='ocrx_word' id='word_1_632' title='bbox 2926 1916 2983 1962; x_wconf 89' lang='lat' dir='ltr'><strong><em>et</em></strong></span> <span class='ocrx_word' id='word_1_633' title='bbox 3005 1909 3095 1978; x_wconf 89' lang='lat' dir='ltr'><strong><em>qui</em></strong></span> <span class='ocrx_word' id='word_1_634' title='bbox 3136 1908 3310 1965; x_wconf 88' lang='lat' dir='ltr'><strong><em>adhuc</em></strong></span> <span class='ocrx_word' id='word_1_635' title='bbox 3353 1911 3571 1974; x_wconf 87' lang='lat' dir='ltr'><strong><em>recedit,</em></strong></span> <span class='ocrx_word' id='word_1_636' title='bbox 3603 1928 3712 1967; x_wconf 88' lang='lat' dir='ltr'><strong><em>non</em></strong></span> 
     </span>
    </p>
   </div>
   <div class='ocr_carea' id='block_1_77' title="bbox 2124 1995 3711 2070">
    <p class='ocr_par' dir='ltr' id='par_1_77' title="bbox 2124 1995 3711 2070">
     <span class='ocr_line' id='line_1_77' title="bbox 2124 1995 3711 2070; baseline 0.004 -22"><span class='ocrx_word' id='word_1_637' title='bbox 2124 2003 2207 2048; x_wconf 81' lang='lat' dir='ltr'><strong><em>est</em></strong></span> <span class='ocrx_word' id='word_1_638' title='bbox 2230 1995 2501 2064; x_wconf 76' lang='lat' dir='ltr'><strong><em>negaudus</em></strong></span> <span class='ocrx_word' id='word_1_639' title='bbox 2542 1995 2718 2050; x_wconf 79' lang='lat' dir='ltr'><strong><em>facere</em></strong></span> <span class='ocrx_word' id='word_1_640' title='bbox 2757 1995 2978 2052; x_wconf 89' lang='lat' dir='ltr'><strong><em>bonum.</em></strong></span> <span class='ocrx_word' id='word_1_641' title='bbox 3018 1997 3297 2066; x_wconf 88' lang='lat' dir='ltr'><strong><em>Quomodo</em></strong></span> <span class='ocrx_word' id='word_1_642' title='bbox 3339 2010 3468 2070; x_wconf 71' lang='lat' dir='ltr'><strong><em>ergo</em></strong></span> <span class='ocrx_word' id='word_1_643' title='bbox 3508 2000 3711 2056; x_wconf 87' lang='lat' dir='ltr'><strong><em>dictum</em></strong></span> 
     </span>
    </p>
   </div>
   <div class='ocr_carea' id='block_1_78' title="bbox 2123 2084 3713 2163">
    <p class='ocr_par' dir='ltr' id='par_1_78' title="bbox 2123 2084 3713 2163">
     <span class='ocr_line' id='line_1_78' title="bbox 2123 2084 3713 2163; baseline 0.002 -21"><span class='ocrx_word' id='word_1_644' title='bbox 2123 2095 2226 2150; x_wconf 87' lang='lat' dir='ltr'><strong><em>est,</em></strong></span> <span class='ocrx_word' id='word_1_645' title='bbox 2256 2084 2375 2140; x_wconf 80' lang='lat' dir='ltr'><strong><em>Non</em></strong></span> <span class='ocrx_word' id='word_1_646' title='bbox 2402 2097 2474 2141; x_wconf 89' lang='lat' dir='ltr'><strong><em>est</em></strong></span> <span class='ocrx_word' id='word_1_647' title='bbox 2494 2089 2580 2157; x_wconf 87' lang='lat' dir='ltr'><strong><em>qui</em></strong></span> <span class='ocrx_word' id='word_1_648' title='bbox 2603 2089 2758 2157; x_wconf 87' lang='lat' dir='ltr'><strong><em>faciat</em></strong></span> <span class='ocrx_word' id='word_1_649' title='bbox 2783 2087 2992 2156; x_wconf 89' lang='lat' dir='ltr'><strong><em>bonum,</em></strong></span> <span class='ocrx_word' id='word_1_650' title='bbox 3025 2105 3125 2143; x_wconf 89' lang='lat' dir='ltr'><strong><em>non</em></strong></span> <span class='ocrx_word' id='word_1_651' title='bbox 3152 2098 3225 2146; x_wconf 82' lang='lat' dir='ltr'><strong><em>est</em></strong></span> <span class='ocrx_word' id='word_1_652' title='bbox 3247 2107 3406 2163; x_wconf 83' lang='lat' dir='ltr'><strong><em>usque</em></strong></span> <span class='ocrx_word' id='word_1_653' title='bbox 3428 2092 3496 2144; x_wconf 89' lang='lat' dir='ltr'><strong><em>ad</em></strong></span> <span class='ocrx_word' id='word_1_654' title='bbox 3515 2108 3666 2145; x_wconf 88' lang='lat' dir='ltr'><strong><em>unum</em></strong></span> <span class='ocrx_word' id='word_1_655' title='bbox 3691 2108 3713 2157; x_wconf 85' lang='lat'><strong><em>;</em></strong></span> 
     </span>
    </p>
   </div>
   <div class='ocr_carea' id='block_1_79' title="bbox 2123 2178 3714 2253">
    <p class='ocr_par' dir='ltr' id='par_1_79' title="bbox 2123 2178 3714 2253">
     <span class='ocr_line' id='line_1_79' title="bbox 2123 2178 3714 2253; baseline 0.005 -22"><span class='ocrx_word' id='word_1_656' title='bbox 2123 2178 2263 2248; x_wconf 87' lang='lat' dir='ltr'><strong><em>quod</em></strong></span> <span class='ocrx_word' id='word_1_657' title='bbox 2307 2179 2396 2236; x_wconf 91' lang='lat' dir='ltr'><strong><em>ille</em></strong></span> <span class='ocrx_word' id='word_1_658' title='bbox 2436 2182 2736 2251; x_wconf 89' lang='lat' dir='ltr'><strong><em>proposuit,</em></strong></span> <span class='ocrx_word' id='word_1_659' title='bbox 2783 2189 2838 2236; x_wconf 89' lang='lat' dir='ltr'><strong><em>et</em></strong></span> <span class='ocrx_word' id='word_1_660' title='bbox 2883 2197 2992 2236; x_wconf 86' lang='lat' dir='ltr'><strong><em>non</em></strong></span> <span class='ocrx_word' id='word_1_661' title='bbox 3039 2181 3272 2238; x_wconf 87' lang='lat' dir='ltr'><strong><em>solutum</em></strong></span> <span class='ocrx_word' id='word_1_662' title='bbox 3319 2183 3531 2253; x_wconf 89' lang='lat' dir='ltr'><strong><em>reliquit</em></strong></span> <span class='ocrx_word' id='word_1_663' title='bbox 3561 2201 3577 2239; x_wconf 88' lang='lat'><strong>:</strong></span> <span class='ocrx_word' id='word_1_664' title='bbox 3604 2184 3714 2239; x_wconf 88' lang='lat' dir='ltr'><strong><em>nisi</em></strong></span> 
     </span>
    </p>
   </div>
   <div class='ocr_carea' id='block_1_80' title="bbox 2122 2267 3712 2343">
    <p class='ocr_par' dir='ltr' id='par_1_80' title="bbox 2122 2267 3712 2343">
     <span class='ocr_line' id='line_1_80' title="bbox 2122 2267 3712 2343; baseline 0.005 -22"><span class='ocrx_word' id='word_1_665' title='bbox 2122 2267 2245 2338; x_wconf 90' lang='lat' dir='ltr'><strong><em>quia</em></strong></span> <span class='ocrx_word' id='word_1_666' title='bbox 2304 2270 2557 2340; x_wconf 89' lang='lat' dir='ltr'><strong><em>p0pulum</em></strong></span> <span class='ocrx_word' id='word_1_667' title='bbox 2615 2271 2898 2342; x_wconf 88' lang='lat' dir='ltr'><strong><em>quemdam</em></strong></span> <span class='ocrx_word' id='word_1_668' title='bbox 2953 2272 3190 2341; x_wconf 84' lang='lat' dir='ltr'><strong><em>pSaImuS</em></strong></span> <span class='ocrx_word' id='word_1_669' title='bbox 3249 2273 3334 2326; x_wconf 90' lang='lat' dir='ltr'><strong><em>ille</em></strong></span> <span class='ocrx_word' id='word_1_670' title='bbox 3389 2275 3601 2343; x_wconf 85' lang='lat' dir='ltr'><strong><em>culpat,</em></strong></span> <span class='ocrx_word' id='word_1_671' title='bbox 3654 2275 3712 2330; x_wconf 86' lang='lat' dir='ltr'><strong><em>in</em></strong></span> 
     </span>
    </p>
   </div>
   <div class='ocr_carea' id='block_1_81' title="bbox 2121 2361 3712 2431">
    <p class='ocr_par' dir='ltr' id='par_1_81' title="bbox 2121 2361 3712 2431">
     <span class='ocr_line' id='line_1_81' title="bbox 2121 2361 3712 2431; baseline 0.006 -20"><span class='ocrx_word' id='word_1_672' title='bbox 2121 2373 2230 2427; x_wconf 91' lang='lat' dir='ltr'><strong><em>quo</em></strong></span> <span class='ocrx_word' id='word_1_673' title='bbox 2274 2372 2376 2414; x_wconf 89' lang='lat' dir='ltr'><strong><em>nec</em></strong></span> <span class='ocrx_word' id='word_1_674' title='bbox 2415 2376 2549 2414; x_wconf 88' lang='lat' dir='ltr'><strong><em>unus</em></strong></span> <span class='ocrx_word' id='word_1_675' title='bbox 2591 2368 2708 2416; x_wconf 90' lang='lat' dir='ltr'><strong><em>crat</em></strong></span> <span class='ocrx_word' id='word_1_676' title='bbox 2753 2362 2842 2431; x_wconf 91' lang='lat' dir='ltr'><strong><em>qui</em></strong></span> <span class='ocrx_word' id='word_1_677' title='bbox 2870 2362 3070 2416; x_wconf 61' lang='lat' dir='ltr'><strong><em>laceret</em></strong></span> <span class='ocrx_word' id='word_1_678' title='bbox 3114 2361 3332 2428; x_wconf 86' lang='lat' dir='ltr'><strong><em>bonum,</em></strong></span> <span class='ocrx_word' id='word_1_679' title='bbox 3360 2361 3485 2417; x_wconf 90' lang='lat' dir='ltr'><strong><em>dum</em></strong></span> <span class='ocrx_word' id='word_1_680' title='bbox 3527 2364 3712 2420; x_wconf 87' lang='lat' dir='ltr'><strong><em>volunt</em></strong></span> 
     </span>
    </p>
   </div>
   <div class='ocr_carea' id='block_1_82' title="bbox 2121 2450 3712 2526">
    <p class='ocr_par' dir='ltr' id='par_1_82' title="bbox 2121 2450 3712 2526">
     <span class='ocr_line' id='line_1_82' title="bbox 2121 2450 3712 2526; baseline 0.006 -24"><span class='ocrx_word' id='word_1_681' title='bbox 2121 2463 2397 2504; x_wconf 87' lang='lat' dir='ltr'><strong><em>remanere</em></strong></span> <span class='ocrx_word' id='word_1_682' title='bbox 2428 2450 2523 2510; x_wconf 84' lang='lat' dir='ltr'><strong><em>lilii</em></strong></span> <span class='ocrx_word' id='word_1_683' title='bbox 2565 2451 2860 2518; x_wconf 80' lang='lat' dir='ltr'><strong><em>hominum,</em></strong></span> <span class='ocrx_word' id='word_1_684' title='bbox 2891 2463 2946 2510; x_wconf 89' lang='lat' dir='ltr'><strong><em>et</em></strong></span> <span class='ocrx_word' id='word_1_685' title='bbox 2990 2469 3094 2508; x_wconf 92' lang='lat' dir='ltr'><strong><em>non</em></strong></span> <span class='ocrx_word' id='word_1_686' title='bbox 3125 2469 3244 2508; x_wconf 89' lang='lat' dir='ltr'><strong><em>esse</em></strong></span> <span class='ocrx_word' id='word_1_687' title='bbox 3271 2453 3362 2508; x_wconf 82' lang='lat' dir='ltr'><strong><em>lilii</em></strong></span> <span class='ocrx_word' id='word_1_688' title='bbox 3409 2455 3524 2521; x_wconf 89' lang='lat' dir='ltr'><strong><em>Dei,</em></strong></span> <span class='ocrx_word' id='word_1_689' title='bbox 3555 2456 3712 2526; x_wconf 85' lang='lat' dir='ltr'><strong><em>cujus</em></strong></span> 
     </span>
    </p>
   </div>
   <div class='ocr_carea' id='block_1_83' title="bbox 2120 2539 3710 2610">
    <p class='ocr_par' dir='ltr' id='par_1_83' title="bbox 2120 2539 3710 2610">
     <span class='ocr_line' id='line_1_83' title="bbox 2120 2539 3710 2610; baseline 0.007 -19"><span class='ocrx_word' id='word_1_690' title='bbox 2120 2539 2287 2610; x_wconf 78' lang='lat' dir='ltr'><strong><em>gratia</em></strong></span> <span class='ocrx_word' id='word_1_691' title='bbox 2315 2539 2477 2596; x_wconf 85' lang='lat' dir='ltr'><strong><em>homo</em></strong></span> <span class='ocrx_word' id='word_1_692' title='bbox 2508 2541 2566 2595; x_wconf 87' lang='lat' dir='ltr'><strong><em>lit</em></strong></span> <span class='ocrx_word' id='word_1_693' title='bbox 2591 2542 2782 2609; x_wconf 85' lang='lat' dir='ltr'><strong><em>bonus,</em></strong></span> <span class='ocrx_word' id='word_1_694' title='bbox 2813 2553 2870 2596; x_wconf 91' lang='lat' dir='ltr'><strong><em>ut</em></strong></span> <span class='ocrx_word' id='word_1_695' title='bbox 2897 2543 3056 2598; x_wconf 80' lang='lat' dir='ltr'><strong><em>faciat</em></strong></span> <span class='ocrx_word' id='word_1_696' title='bbox 3083 2544 3316 2599; x_wconf 82' lang='lat' dir='ltr'><strong><em>bonum?</em></strong></span> <span class='ocrx_word' id='word_1_697' title='bbox 3349 2545 3424 2600; x_wconf 92' lang='lat' dir='ltr'><strong><em>De</em></strong></span> <span class='ocrx_word' id='word_1_698' title='bbox 3453 2545 3542 2600; x_wconf 90' lang='lat' dir='ltr'><strong><em>illo</em></strong></span> <span class='ocrx_word' id='word_1_699' title='bbox 3563 2547 3710 2602; x_wconf 90' lang='lat' dir='ltr'><strong><em>enim</em></strong></span> 
     </span>
    </p>
   </div>
   <div class='ocr_carea' id='block_1_84' title="bbox 2122 2629 3712 2705">
    <p class='ocr_par' dir='ltr' id='par_1_84' title="bbox 2122 2629 3712 2705">
     <span class='ocr_line' id='line_1_84' title="bbox 2122 2629 3712 2705; baseline 0.007 -21"><span class='ocrx_word' id='word_1_700' title='bbox 2122 2629 2261 2684; x_wconf 90' lang='lat' dir='ltr'><strong><em>bono</em></strong></span> <span class='ocrx_word' id='word_1_701' title='bbox 2285 2630 2486 2686; x_wconf 88' lang='lat' dir='ltr'><strong><em>dictum</em></strong></span> <span class='ocrx_word' id='word_1_702' title='bbox 2511 2631 2596 2688; x_wconf 92' lang='lat' dir='ltr'><strong><em>hic</em></strong></span> <span class='ocrx_word' id='word_1_703' title='bbox 2619 2633 2876 2689; x_wconf 88' lang='lat' dir='ltr'><strong><em>debemus</em></strong></span> <span class='ocrx_word' id='word_1_704' title='bbox 2901 2635 3166 2704; x_wconf 88' lang='lat' dir='ltr'><strong><em>accipere.</em></strong></span> <span class='ocrx_word' id='word_1_705' title='bbox 3187 2635 3326 2705; x_wconf 89' lang='lat' dir='ltr'><strong><em>quod</em></strong></span> <span class='ocrx_word' id='word_1_706' title='bbox 3350 2637 3422 2692; x_wconf 92' lang='lat' dir='ltr'><strong><em>ibi</em></strong></span> <span class='ocrx_word' id='word_1_707' title='bbox 3448 2638 3541 2700; x_wconf 89' lang='lat' dir='ltr'><strong><em>ait,</em></strong></span> <span class='ocrx_word' id='word_1_708' title='bbox 3569 2636 3712 2695; x_wconf 85' lang='lat' dir='ltr'><strong><em>Deus</em></strong></span> 
     </span>
    </p>
   </div>
   <div class='ocr_carea' id='block_1_85' title="bbox 2119 2720 3710 2794">
    <p class='ocr_par' dir='ltr' id='par_1_85' title="bbox 2119 2720 3710 2794">
     <span class='ocr_line' id='line_1_85' title="bbox 2119 2720 3710 2794; baseline 0.006 -21"><span class='ocrx_word' id='word_1_709' title='bbox 2119 2720 2183 2774; x_wconf 90' lang='lat' dir='ltr'><strong><em>de</em></strong></span> <span class='ocrx_word' id='word_1_710' title='bbox 2205 2723 2328 2776; x_wconf 77' lang='lat' dir='ltr'><strong><em>caelo</em></strong></span> <span class='ocrx_word' id='word_1_711' title='bbox 2353 2725 2567 2794; x_wconf 72' lang='lat' dir='ltr'><strong><em>respexit</em></strong></span> <span class='ocrx_word' id='word_1_712' title='bbox 2591 2741 2742 2794; x_wconf 87' lang='lat' dir='ltr'><strong><em>super</em></strong></span> <span class='ocrx_word' id='word_1_713' title='bbox 2761 2725 2895 2794; x_wconf 83' lang='lat' dir='ltr'><strong><em>filios</em></strong></span> <span class='ocrx_word' id='word_1_714' title='bbox 2914 2726 3191 2794; x_wconf 79' lang='lat' dir='ltr'><strong><em>hominum,</em></strong></span> <span class='ocrx_word' id='word_1_715' title='bbox 3219 2729 3446 2782; x_wconf 77' lang='lat' dir='ltr'><strong><em>invideat</em></strong></span> <span class='ocrx_word' id='word_1_716' title='bbox 3465 2729 3510 2782; x_wconf 86' lang='lat' dir='ltr'><strong><em>si</em></strong></span> <span class='ocrx_word' id='word_1_717' title='bbox 3529 2740 3598 2783; x_wconf 87' lang='lat' dir='ltr'><strong><em>est</em></strong></span> <span class='ocrx_word' id='word_1_718' title='bbox 3622 2730 3710 2784; x_wconf 89' lang='lat' dir='ltr'><strong><em>in-</em></strong></span> 
     </span>
    </p>
   </div>
   <div class='ocr_carea' id='block_1_86' title="bbox 2122 2815 3709 2894">
    <p class='ocr_par' dir='ltr' id='par_1_86' title="bbox 2122 2815 3709 2894">
     <span class='ocr_line' id='line_1_86' title="bbox 2122 2815 3709 2894; baseline 0.009 -28"><span class='ocrx_word' id='word_1_719' title='bbox 2122 2815 2352 2886; x_wconf 84' lang='lat' dir='ltr'><strong><em>telligens</em></strong></span> <span class='ocrx_word' id='word_1_720' title='bbox 2371 2828 2459 2868; x_wconf 86' lang='lat' dir='ltr'><strong><em>aut</em></strong></span> <span class='ocrx_word' id='word_1_721' title='bbox 2482 2818 2736 2884; x_wconf 79' lang='lat' dir='ltr'><strong><em>requirens</em></strong></span> <span class='ocrx_word' id='word_1_722' title='bbox 2755 2817 2918 2873; x_wconf 86' lang='lat' dir='ltr'><strong><em>Deum</em></strong></span> <span class='ocrx_word' id='word_1_723' title='bbox 2945 2817 3116 2890; x_wconf 85' lang='lat' dir='ltr'><strong><em>(Psal.</em></strong></span> <span class='ocrx_word' id='word_1_724' title='bbox 3139 2837 3252 2886; x_wconf 77' lang='lat' dir='ltr'><strong><em>xm,</em></strong></span> <span class='ocrx_word' id='word_1_725' title='bbox 3316 2823 3352 2877; x_wconf 78' lang='lat'><strong><em>‘2</em></strong></span> <span class='ocrx_word' id='word_1_726' title='bbox 3373 2819 3414 2888; x_wconf 86' lang='lat'><strong><em>).</em></strong></span> <span class='ocrx_word' id='word_1_727' title='bbox 3439 2821 3550 2878; x_wconf 91' lang='lat' dir='ltr'><strong><em>lloc</em></strong></span> <span class='ocrx_word' id='word_1_728' title='bbox 3576 2838 3709 2894; x_wconf 76' lang='lat' dir='ltr'><strong><em>ergo</em></strong></span> 
     </span>
    </p>
   </div>
   <div class='ocr_carea' id='block_1_87' title="bbox 2117 2904 3708 2984">
    <p class='ocr_par' dir='ltr' id='par_1_87' title="bbox 2117 2904 3708 2984">
     <span class='ocr_line' id='line_1_87' title="bbox 2117 2904 3708 2984; baseline 0.007 -24"><span class='ocrx_word' id='word_1_729' title='bbox 2117 2904 2338 2972; x_wconf 89' lang='lat' dir='ltr'><strong><em>bonum,</em></strong></span> <span class='ocrx_word' id='word_1_730' title='bbox 2365 2907 2506 2978; x_wconf 89' lang='lat' dir='ltr'><strong><em>quod</em></strong></span> <span class='ocrx_word' id='word_1_731' title='bbox 2533 2919 2616 2964; x_wconf 88' lang='lat' dir='ltr'><strong><em>est</em></strong></span> <span class='ocrx_word' id='word_1_732' title='bbox 2652 2911 2925 2980; x_wconf 73' lang='lat' dir='ltr'><strong><em>requ&#39;rere</em></strong></span> <span class='ocrx_word' id='word_1_733' title='bbox 2952 2912 3140 2978; x_wconf 87' lang='lat' dir='ltr'><strong><em>Deum,</em></strong></span> <span class='ocrx_word' id='word_1_734' title='bbox 3173 2929 3281 2967; x_wconf 90' lang='lat' dir='ltr'><strong><em>non</em></strong></span> <span class='ocrx_word' id='word_1_735' title='bbox 3305 2922 3422 2968; x_wconf 87' lang='lat' dir='ltr'><strong><em>erat</em></strong></span> <span class='ocrx_word' id='word_1_736' title='bbox 3443 2916 3532 2984; x_wconf 91' lang='lat' dir='ltr'><strong><em>qui</em></strong></span> <span class='ocrx_word' id='word_1_737' title='bbox 3561 2916 3708 2971; x_wconf 83' lang='lat' dir='ltr'><strong><em>lace-</em></strong></span> 
     </span>
    </p>
   </div>
   <div class='ocr_carea' id='block_1_88' title="bbox 2118 3003 3708 3076">
    <p class='ocr_par' dir='ltr' id='par_1_88' title="bbox 2118 3003 3708 3076">
     <span class='ocr_line' id='line_1_88' title="bbox 2118 3003 3708 3076; baseline 0.005 -22"><span class='ocrx_word' id='word_1_738' title='bbox 2118 3007 2222 3065; x_wconf 86' lang='lat' dir='ltr'><strong><em>ret,</em></strong></span> <span class='ocrx_word' id='word_1_739' title='bbox 2250 3015 2354 3055; x_wconf 90' lang='lat' dir='ltr'><strong><em>non</em></strong></span> <span class='ocrx_word' id='word_1_740' title='bbox 2387 3010 2500 3056; x_wconf 87' lang='lat' dir='ltr'><strong><em>erat</em></strong></span> <span class='ocrx_word' id='word_1_741' title='bbox 2526 3018 2690 3071; x_wconf 75' lang='lat' dir='ltr'><strong><em>usque</em></strong></span> <span class='ocrx_word' id='word_1_742' title='bbox 2717 3003 2784 3057; x_wconf 90' lang='lat' dir='ltr'><strong><em>ad</em></strong></span> <span class='ocrx_word' id='word_1_743' title='bbox 2809 3019 2991 3069; x_wconf 89' lang='lat' dir='ltr'><strong><em>unum,</em></strong></span> <span class='ocrx_word' id='word_1_744' title='bbox 3020 3004 3113 3058; x_wconf 89' lang='lat' dir='ltr'><strong><em>sed</em></strong></span> <span class='ocrx_word' id='word_1_745' title='bbox 3142 3006 3193 3059; x_wconf 89' lang='lat' dir='ltr'><strong><em>in</em></strong></span> <span class='ocrx_word' id='word_1_746' title='bbox 3219 3021 3284 3060; x_wconf 92' lang='lat' dir='ltr'><strong><em>eo</em></strong></span> <span class='ocrx_word' id='word_1_747' title='bbox 3309 3022 3509 3076; x_wconf 80' lang='lat' dir='ltr'><strong><em>genere</em></strong></span> <span class='ocrx_word' id='word_1_748' title='bbox 3534 3005 3708 3062; x_wconf 87' lang='lat' dir='ltr'><strong><em>homi-</em></strong></span> 
     </span>
    </p>
   </div>
   <div class='ocr_carea' id='block_1_89' title="bbox 2117 3092 3704 3170">
    <p class='ocr_par' dir='ltr' id='par_1_89' title="bbox 2117 3092 3704 3170">
     <span class='ocr_line' id='line_1_89' title="bbox 2117 3092 3704 3170; baseline 0.006 -24"><span class='ocrx_word' id='word_1_749' title='bbox 2117 3107 2266 3156; x_wconf 91' lang='lat' dir='ltr'><strong><em>num,</em></strong></span> <span class='ocrx_word' id='word_1_750' title='bbox 2294 3092 2433 3162; x_wconf 90' lang='lat' dir='ltr'><strong><em>quod</em></strong></span> <span class='ocrx_word' id='word_1_751' title='bbox 2463 3094 2892 3164; x_wconf 72' lang='lat' dir='ltr'><strong><em>prmdestinatum</em></strong></span> <span class='ocrx_word' id='word_1_752' title='bbox 2917 3105 2999 3150; x_wconf 90' lang='lat' dir='ltr'><strong><em>est</em></strong></span> <span class='ocrx_word' id='word_1_753' title='bbox 3019 3095 3084 3151; x_wconf 89' lang='lat' dir='ltr'><strong><em>ad</em></strong></span> <span class='ocrx_word' id='word_1_754' title='bbox 3115 3097 3385 3152; x_wconf 87' lang='lat' dir='ltr'><strong><em>interitum</em></strong></span> <span class='ocrx_word' id='word_1_755' title='bbox 3410 3096 3505 3170; x_wconf 86' lang='grc' dir='ltr'><strong>(α).</strong></span> <span class='ocrx_word' id='word_1_756' title='bbox 3532 3098 3704 3167; x_wconf 85' lang='lat' dir='ltr'><strong><em>Super</em></strong></span> 
     </span>
    </p>
   </div>
   <div class='ocr_carea' id='block_1_90' title="bbox 2117 3179 3704 3260">
    <p class='ocr_par' dir='ltr' id='par_1_90' title="bbox 2117 3179 3704 3260">
     <span class='ocr_line' id='line_1_90' title="bbox 2117 3179 3704 3260; baseline 0.006 -26"><span class='ocrx_word' id='word_1_757' title='bbox 2117 3179 2216 3236; x_wconf 84' lang='lat' dir='ltr'><strong><em>bos</em></strong></span> <span class='ocrx_word' id='word_1_758' title='bbox 2243 3185 2382 3236; x_wconf 85' lang='lat' dir='ltr'><strong><em>enim</em></strong></span> <span class='ocrx_word' id='word_1_759' title='bbox 2430 3185 2662 3254; x_wconf 76' lang='lat' dir='ltr'><strong><em>respexit</em></strong></span> <span class='ocrx_word' id='word_1_760' title='bbox 2691 3185 2784 3242; x_wconf 89' lang='lat' dir='ltr'><strong><em>Dei</em></strong></span> <span class='ocrx_word' id='word_1_761' title='bbox 2829 3187 3181 3256; x_wconf 62' lang='lat' dir='ltr'><strong><em>praiseientia,</em></strong></span> <span class='ocrx_word' id='word_1_762' title='bbox 3229 3188 3552 3260; x_wconf 85' lang='lat' dir='ltr'><strong><em>protulitque</em></strong></span> <span class='ocrx_word' id='word_1_763' title='bbox 3580 3204 3704 3246; x_wconf 81' lang='lat' dir='ltr'><strong><em>sen-</em></strong></span> 
     </span>
    </p>
   </div>
   <div class='ocr_carea' id='block_1_91' title="bbox 2119 3274 2358 3329">
    <p class='ocr_par' dir='ltr' id='par_1_91' title="bbox 2119 3274 2358 3329">
     <span class='ocr_line' id='line_1_91' title="bbox 2119 3274 2358 3329; baseline 0.008 -2"><span class='ocrx_word' id='word_1_764' title='bbox 2119 3274 2358 3329; x_wconf 77' lang='lat' dir='ltr'><strong><em>tentiam.</em></strong></span> 
     </span>
    </p>
   </div>
   <div class='ocr_carea' id='block_1_92' title="bbox 2187 3364 3703 3442">
    <p class='ocr_par' dir='ltr' id='par_1_92' title="bbox 2187 3364 3703 3442">
     <span class='ocr_line' id='line_1_92' title="bbox 2187 3364 3703 3442; baseline 0.007 -23"><span class='ocrx_word' id='word_1_765' title='bbox 2187 3364 2410 3421; x_wconf 61' lang='lat' dir='ltr'><strong><em>CAPUT</em></strong></span> <span class='ocrx_word' id='word_1_766' title='bbox 2437 3365 2576 3421; x_wconf 80' lang='lat' dir='ltr'><strong><em>XIV.</em></strong></span> <span class='ocrx_word' id='word_1_767' title='bbox 2595 3397 2665 3408; x_wconf 93' lang='lat'><strong>—</strong></span> <span class='ocrx_word' id='word_1_768' title='bbox 2688 3367 2776 3422; x_wconf 71' lang='lat'><strong><em>52.</em></strong></span> <span class='ocrx_word' id='word_1_769' title='bbox 2807 3387 2825 3419; x_wconf 83' lang='grc' dir='ltr'><strong><em>ι</em></strong></span> <span class='ocrx_word' id='word_1_770' title='bbox 2854 3367 2984 3424; x_wconf 83' lang='lat' dir='ltr'><strong><em>item</em></strong></span> <span class='ocrx_word' id='word_1_771' title='bbox 3009 3369 3210 3437; x_wconf 89' lang='lat' dir='ltr'><strong><em>dicunt,</em></strong></span> <span class='ocrx_word' id='word_1_772' title='bbox 3241 3389 3261 3424; x_wconf 77' lang='grc' dir='ltr'><strong><em>ι</em></strong></span> <span class='ocrx_word' id='word_1_773' title='bbox 3294 3372 3490 3442; x_wconf 88' lang='lat' dir='ltr'><strong><em>inquit,</em></strong></span> <span class='ocrx_word' id='word_1_774' title='bbox 3520 3391 3538 3425; x_wconf 79' lang='grc' dir='ltr'><strong><em>ι</em></strong></span> <span class='ocrx_word' id='word_1_775' title='bbox 3569 3373 3703 3431; x_wconf 82' lang='lat' dir='ltr'><strong><em>illud</em></strong></span> 
     </span>
    </p>
   </div>
   <div class='ocr_carea' id='block_1_93' title="bbox 2115 3456 3703 3531">
    <p class='ocr_par' dir='ltr' id='par_1_93' title="bbox 2115 3456 3703 3531">
     <span class='ocr_line' id='line_1_93' title="bbox 2115 3456 3703 3531; baseline 0.007 -23"><span class='ocrx_word' id='word_1_776' title='bbox 2115 3456 2255 3527; x_wconf 91' lang='lat' dir='ltr'><strong><em>quod</em></strong></span> <span class='ocrx_word' id='word_1_777' title='bbox 2288 3457 2528 3511; x_wconf 83' lang='lat' dir='ltr'><strong><em>Salvator</em></strong></span> <span class='ocrx_word' id='word_1_778' title='bbox 2544 3459 2638 3522; x_wconf 89' lang='lat' dir='ltr'><strong><em>ait,</em></strong></span> <span class='ocrx_word' id='word_1_779' title='bbox 2664 3459 2800 3526; x_wconf 77' lang='lat' dir='ltr'><strong><em>Quid</em></strong></span> <span class='ocrx_word' id='word_1_780' title='bbox 2821 3476 2900 3512; x_wconf 88' lang='lat' dir='ltr'><strong><em>me</em></strong></span> <span class='ocrx_word' id='word_1_781' title='bbox 2917 3461 3042 3514; x_wconf 87' lang='lat' dir='ltr'><strong><em>dicis</em></strong></span> <span class='ocrx_word' id='word_1_782' title='bbox 3073 3461 3253 3515; x_wconf 86' lang='lat' dir='ltr'><strong><em>bonum</em></strong></span> <span class='ocrx_word' id='word_1_783' title='bbox 3269 3463 3295 3517; x_wconf 68' lang='lat'><strong><em>.9</em></strong></span> <span class='ocrx_word' id='word_1_784' title='bbox 3324 3461 3490 3518; x_wconf 81' lang='lat' dir='ltr'><strong><em>Nemo</em></strong></span> <span class='ocrx_word' id='word_1_785' title='bbox 3516 3464 3703 3531; x_wconf 75' lang='lat' dir='ltr'><strong><em>bonus,</em></strong></span> 
     </span>
    </p>
   </div>
   <div class='ocr_carea' id='block_1_94' title="bbox 2115 3546 3706 3625">
    <p class='ocr_par' dir='ltr' id='par_1_94' title="bbox 2115 3546 3706 3625">
     <span class='ocr_line' id='line_1_94' title="bbox 2115 3546 3706 3625; baseline 0.006 -25"><span class='ocrx_word' id='word_1_786' title='bbox 2115 3546 2213 3600; x_wconf 86' lang='lat' dir='ltr'><strong><em>nisi</em></strong></span> <span class='ocrx_word' id='word_1_787' title='bbox 2231 3547 2370 3601; x_wconf 85' lang='lat' dir='ltr'><strong><em>solus</em></strong></span> <span class='ocrx_word' id='word_1_788' title='bbox 2397 3547 2534 3601; x_wconf 86' lang='lat' dir='ltr'><strong><em>Deus</em></strong></span> <span class='ocrx_word' id='word_1_789' title='bbox 2568 3567 2586 3601; x_wconf 72' lang='grc' dir='ltr'><strong><em>ι</em></strong></span> <span class='ocrx_word' id='word_1_790' title='bbox 2605 3548 2755 3620; x_wconf 85' lang='lat' dir='ltr'><strong><em>(Luc.</em></strong></span> <span class='ocrx_word' id='word_1_791' title='bbox 2785 3566 2932 3617; x_wconf 80' lang='lat' dir='ltr'><strong><em>xvnt,</em></strong></span> <span class='ocrx_word' id='word_1_792' title='bbox 2961 3552 3048 3617; x_wconf 74' lang='lat'><strong><em>19;</em></strong></span> <span class='ocrx_word' id='word_1_793' title='bbox 3071 3563 3118 3606; x_wconf 90' lang='lat' dir='ltr'><strong><em>et</em></strong></span> <span class='ocrx_word' id='word_1_794' title='bbox 3145 3551 3310 3606; x_wconf 73' lang='lat' dir='ltr'><strong><em>Marc.</em></strong></span> <span class='ocrx_word' id='word_1_795' title='bbox 3333 3571 3388 3621; x_wconf 87' lang='lat' dir='ltr'><strong><em>x,</em></strong></span> <span class='ocrx_word' id='word_1_796' title='bbox 3413 3555 3523 3625; x_wconf 78' lang='grc' dir='ltr'><strong>ιδ).</strong></span> <span class='ocrx_word' id='word_1_797' title='bbox 3555 3555 3706 3616; x_wconf 86' lang='lat' dir='ltr'><strong><em>llanc</em></strong></span> 
     </span>
    </p>
   </div>
   <div class='ocr_carea' id='block_1_95' title="bbox 2114 3634 3704 3715">
    <p class='ocr_par' dir='ltr' id='par_1_95' title="bbox 2114 3634 3704 3715">
     <span class='ocr_line' id='line_1_95' title="bbox 2114 3634 3704 3715; baseline 0.005 -25"><span class='ocrx_word' id='word_1_798' title='bbox 2114 3634 2239 3690; x_wconf 89' lang='lat' dir='ltr'><strong><em>item</em></strong></span> <span class='ocrx_word' id='word_1_799' title='bbox 2260 3639 2672 3705; x_wconf 87' lang='lat' dir='ltr'><strong><em>propositionem</em></strong></span> <span class='ocrx_word' id='word_1_800' title='bbox 2689 3642 2908 3699; x_wconf 86' lang='lat' dir='ltr'><strong><em>omnino</em></strong></span> <span class='ocrx_word' id='word_1_801' title='bbox 2925 3659 3030 3696; x_wconf 88' lang='lat' dir='ltr'><strong><em>non</em></strong></span> <span class='ocrx_word' id='word_1_802' title='bbox 3046 3643 3230 3698; x_wconf 75' lang='lat' dir='ltr'><strong><em>solvit:</em></strong></span> <span class='ocrx_word' id='word_1_803' title='bbox 3246 3645 3340 3699; x_wconf 89' lang='lat' dir='ltr'><strong><em>sed</em></strong></span> <span class='ocrx_word' id='word_1_804' title='bbox 3357 3647 3604 3715; x_wconf 89' lang='lat' dir='ltr'><strong><em>opposuit</em></strong></span> <span class='ocrx_word' id='word_1_805' title='bbox 3620 3664 3704 3704; x_wconf 79' lang='lat' dir='ltr'><strong><em>vo-</em></strong></span> 
     </span>
    </p>
   </div>
   <div class='ocr_carea' id='block_1_96' title="bbox 2114 3725 3702 3804">
    <p class='ocr_par' dir='ltr' id='par_1_96' title="bbox 2114 3725 3702 3804">
     <span class='ocr_line' id='line_1_96' title="bbox 2114 3725 3702 3804; baseline 0.009 -25"><span class='ocrx_word' id='word_1_806' title='bbox 2114 3725 2192 3780; x_wconf 92' lang='lat' dir='ltr'><strong><em>lut</em></strong></span> <span class='ocrx_word' id='word_1_807' title='bbox 2211 3743 2274 3780; x_wconf 78' lang='lat' dir='ltr'><strong><em>ex</em></strong></span> <span class='ocrx_word' id='word_1_808' title='bbox 2295 3727 2520 3783; x_wconf 80' lang='lat' dir='ltr'><strong><em>adverso</em></strong></span> <span class='ocrx_word' id='word_1_809' title='bbox 2541 3731 2643 3784; x_wconf 88' lang='lat' dir='ltr'><strong><em>alia</em></strong></span> <span class='ocrx_word' id='word_1_810' title='bbox 2674 3732 2994 3796; x_wconf 87' lang='lat' dir='ltr'><strong><em>testimonia,</em></strong></span> <span class='ocrx_word' id='word_1_811' title='bbox 3027 3734 3218 3802; x_wconf 87' lang='lat' dir='ltr'><strong><em>quibus</em></strong></span> <span class='ocrx_word' id='word_1_812' title='bbox 3239 3737 3487 3804; x_wconf 83' lang='lat' dir='ltr'><strong><em>probaret</em></strong></span> <span class='ocrx_word' id='word_1_813' title='bbox 3506 3753 3623 3792; x_wconf 89' lang='lat' dir='ltr'><strong><em>esse</em></strong></span> <span class='ocrx_word' id='word_1_814' title='bbox 3646 3748 3702 3794; x_wconf 87' lang='lat' dir='ltr'><strong><em>ct</em></strong></span> 
     </span>
    </p>
   </div>
   <div class='ocr_carea' id='block_1_97' title="bbox 2113 3813 3702 3898">
    <p class='ocr_par' dir='ltr' id='par_1_97' title="bbox 2113 3813 3702 3898">
     <span class='ocr_line' id='line_1_97' title="bbox 2113 3813 3702 3898; baseline 0.009 -29"><span class='ocrx_word' id='word_1_815' title='bbox 2113 3813 2384 3871; x_wconf 88' lang='lat' dir='ltr'><strong><em>hominem</em></strong></span> <span class='ocrx_word' id='word_1_816' title='bbox 2407 3819 2624 3874; x_wconf 87' lang='lat' dir='ltr'><strong><em>bonum.</em></strong></span> <span class='ocrx_word' id='word_1_817' title='bbox 2656 3821 2796 3876; x_wconf 85' lang='lat' dir='ltr'><strong><em>Dixit</em></strong></span> <span class='ocrx_word' id='word_1_818' title='bbox 2825 3823 2966 3878; x_wconf 89' lang='lat' dir='ltr'><strong><em>enim</em></strong></span> <span class='ocrx_word' id='word_1_819' title='bbox 2997 3840 3102 3877; x_wconf 85' lang='lat' dir='ltr'><strong><em>esse</em></strong></span> <span class='ocrx_word' id='word_1_820' title='bbox 3129 3827 3530 3895; x_wconf 85' lang='lat' dir='ltr'><strong><em>respondendum</em></strong></span> <span class='ocrx_word' id='word_1_821' title='bbox 3563 3832 3702 3898; x_wconf 87' lang='lat' dir='ltr'><strong><em>quod</em></strong></span> 
     </span>
    </p>
   </div>
   <div class='ocr_carea' id='block_1_98' title="bbox 2111 3908 3702 3979">
    <p class='ocr_par' dir='ltr' id='par_1_98' title="bbox 2111 3908 3702 3979">
     <span class='ocr_line' id='line_1_98' title="bbox 2111 3908 3702 3979; baseline 0.009 -17"><span class='ocrx_word' id='word_1_822' title='bbox 2111 3908 2244 3962; x_wconf 82' lang='lat' dir='ltr'><strong><em>idem</em></strong></span> <span class='ocrx_word' id='word_1_823' title='bbox 2267 3909 2511 3964; x_wconf 88' lang='lat' dir='ltr'><strong><em>Dominus</em></strong></span> <span class='ocrx_word' id='word_1_824' title='bbox 2536 3912 2658 3965; x_wconf 87' lang='lat' dir='ltr'><strong><em>alibi</em></strong></span> <span class='ocrx_word' id='word_1_825' title='bbox 2686 3914 2777 3979; x_wconf 89' lang='lat' dir='ltr'><strong><em>ait,</em></strong></span> <span class='ocrx_word' id='word_1_826' title='bbox 2805 3931 2824 3964; x_wconf 82' lang='grc' dir='ltr'><strong><em>ι</em></strong></span> <span class='ocrx_word' id='word_1_827' title='bbox 2853 3913 3022 3970; x_wconf 87' lang='lat' dir='ltr'><strong><em>Bonus</em></strong></span> <span class='ocrx_word' id='word_1_828' title='bbox 3051 3915 3200 3968; x_wconf 76' lang='lat' dir='ltr'><strong><em>homo</em></strong></span> <span class='ocrx_word' id='word_1_829' title='bbox 3220 3917 3282 3970; x_wconf 90' lang='lat' dir='ltr'><strong><em>de</em></strong></span> <span class='ocrx_word' id='word_1_830' title='bbox 3308 3917 3436 3972; x_wconf 87' lang='lat' dir='ltr'><strong><em>bono</em></strong></span> <span class='ocrx_word' id='word_1_831' title='bbox 3462 3919 3702 3976; x_wconf 78' lang='lat' dir='ltr'><strong><em>thesauro</em></strong></span> 
     </span>
    </p>
   </div>
   <div class='ocr_carea' id='block_1_99' title="bbox 2109 3999 3701 4080">
    <p class='ocr_par' dir='ltr' id='par_1_99' title="bbox 2109 3999 3701 4080">
     <span class='ocr_line' id='line_1_99' title="bbox 2109 3999 3701 4080; baseline 0.008 -28"><span class='ocrx_word' id='word_1_832' title='bbox 2109 3999 2276 4053; x_wconf 83' lang='lat' dir='ltr'><strong><em>cordis</em></strong></span> <span class='ocrx_word' id='word_1_833' title='bbox 2298 4001 2378 4054; x_wconf 83' lang='lat' dir='ltr'><strong><em>sui</em></strong></span> <span class='ocrx_word' id='word_1_834' title='bbox 2399 4005 2590 4074; x_wconf 85' lang='lat' dir='ltr'><strong><em>profert</em></strong></span> <span class='ocrx_word' id='word_1_835' title='bbox 2616 4003 2746 4057; x_wconf 91' lang='lat' dir='ltr'><strong><em>bona</em></strong></span> <span class='ocrx_word' id='word_1_836' title='bbox 2765 4003 3004 4075; x_wconf 73' lang='lat' dir='ltr'><strong><em>i(Matth.</em></strong></span> <span class='ocrx_word' id='word_1_837' title='bbox 3019 4022 3114 4073; x_wconf 79' lang='grc' dir='ltr'>ιιι,</span> <span class='ocrx_word' id='word_1_838' title='bbox 3129 4003 3220 4080; x_wconf 83' lang='lat'><strong><em>&#39;55)</em></strong></span> <span class='ocrx_word' id='word_1_839' title='bbox 3245 4016 3316 4062; x_wconf 89' lang='lat' dir='ltr'><strong><em>:et</em></strong></span> <span class='ocrx_word' id='word_1_840' title='bbox 3337 4009 3535 4073; x_wconf 87' lang='lat' dir='ltr'><strong><em>iterum,</em></strong></span> <span class='ocrx_word' id='word_1_841' title='bbox 3549 4029 3568 4063; x_wconf 80' lang='grc' dir='ltr'><strong><em>ι</em></strong></span> <span class='ocrx_word' id='word_1_842' title='bbox 3595 4011 3701 4076; x_wconf 85' lang='lat' dir='ltr'><strong><em>Qui</em></strong></span> 
     </span>
    </p>
   </div>
   <div class='ocr_carea' id='block_1_100' title="bbox 2110 4091 3698 4176">
    <p class='ocr_par' dir='ltr' id='par_1_100' title="bbox 2110 4091 3698 4176">
     <span class='ocr_line' id='line_1_100' title="bbox 2110 4091 3698 4176; baseline 0.009 -32"><span class='ocrx_word' id='word_1_843' title='bbox 2110 4091 2265 4144; x_wconf 82' lang='lat' dir='ltr'><strong><em>solem</em></strong></span> <span class='ocrx_word' id='word_1_844' title='bbox 2281 4108 2428 4146; x_wconf 88' lang='lat' dir='ltr'><strong><em>suum</em></strong></span> <span class='ocrx_word' id='word_1_845' title='bbox 2455 4094 2576 4147; x_wconf 77' lang='lat' dir='ltr'><strong><em>oriri</em></strong></span> <span class='ocrx_word' id='word_1_846' title='bbox 2603 4096 2888 4166; x_wconf 85' lang='lat' dir='ltr'><strong><em>fucitsuper</em></strong></span> <span class='ocrx_word' id='word_1_847' title='bbox 2907 4094 3062 4152; x_wconf 77' lang='lat' dir='ltr'><strong><em>bonos</em></strong></span> <span class='ocrx_word' id='word_1_848' title='bbox 3081 4108 3126 4152; x_wconf 85' lang='lat' dir='ltr'><strong><em>et</em></strong></span> <span class='ocrx_word' id='word_1_849' title='bbox 3144 4099 3304 4153; x_wconf 88' lang='lat' dir='ltr'><strong><em>malos</em></strong></span> <span class='ocrx_word' id='word_1_850' title='bbox 3324 4117 3344 4152; x_wconf 78' lang='grc' dir='ltr'><strong><em>ι</em></strong></span> <span class='ocrx_word' id='word_1_851' title='bbox 3369 4097 3478 4170; x_wconf 90' lang='lat' dir='ltr'><strong><em>(Id.</em></strong></span> <span class='ocrx_word' id='word_1_852' title='bbox 3503 4117 3554 4167; x_wconf 89' lang='lat' dir='ltr'><strong><em>v,</em></strong></span> <span class='ocrx_word' id='word_1_853' title='bbox 3578 4100 3698 4176; x_wconf 63' lang='grc'><strong>65).</strong></span> 
     </span>
    </p>
   </div>
   <div class='ocr_carea' id='block_1_101' title="bbox 2111 4181 3699 4256">
    <p class='ocr_par' dir='ltr' id='par_1_101' title="bbox 2111 4181 3699 4256">
     <span class='ocr_line' id='line_1_101' title="bbox 2111 4181 3699 4256; baseline 0.008 -20"><span class='ocrx_word' id='word_1_854' title='bbox 2111 4181 2178 4236; x_wconf 82' lang='lat' dir='ltr'><strong><em>Et</em></strong></span> <span class='ocrx_word' id='word_1_855' title='bbox 2204 4183 2688 4252; x_wconf 81' lang='lat' dir='ltr'><strong><em>alibiscriptumcst,</em></strong></span> <span class='ocrx_word' id='word_1_856' title='bbox 2710 4187 2896 4256; x_wconf 89' lang='lat' dir='ltr'><strong><em>inquit,</em></strong></span> <span class='ocrx_word' id='word_1_857' title='bbox 2923 4206 2942 4240; x_wconf 79' lang='grc' dir='ltr'><strong><em>ι</em></strong></span> <span class='ocrx_word' id='word_1_858' title='bbox 2967 4187 3111 4244; x_wconf 83' lang='grc' dir='ltr'><strong><em>Βοηα</em></strong></span> <span class='ocrx_word' id='word_1_859' title='bbox 3137 4189 3277 4245; x_wconf 85' lang='lat' dir='ltr'><strong><em>bonis</em></strong></span> <span class='ocrx_word' id='word_1_860' title='bbox 3299 4203 3468 4255; x_wconf 80' lang='lat' dir='ltr'><strong><em>creata</em></strong></span> <span class='ocrx_word' id='word_1_861' title='bbox 3491 4202 3604 4246; x_wconf 85' lang='lat' dir='ltr'><strong><em>sunt</em></strong></span> <span class='ocrx_word' id='word_1_862' title='bbox 3631 4196 3699 4249; x_wconf 88' lang='lat' dir='ltr'><strong><em>ab</em></strong></span> 
     </span>
    </p>
   </div>
   <div class='ocr_carea' id='block_1_102' title="bbox 2108 4274 3696 4352">
    <p class='ocr_par' dir='ltr' id='par_1_102' title="bbox 2108 4274 3696 4352">
     <span class='ocr_line' id='line_1_102' title="bbox 2108 4274 3696 4352; baseline 0.009 -25"><span class='ocrx_word' id='word_1_863' title='bbox 2108 4274 2250 4330; x_wconf 90' lang='lat' dir='ltr'><strong><em>initio</em></strong></span> <span class='ocrx_word' id='word_1_864' title='bbox 2281 4293 2301 4326; x_wconf 76' lang='grc' dir='ltr'><strong><em>ι</em></strong></span> <span class='ocrx_word' id='word_1_865' title='bbox 2337 4275 2524 4343; x_wconf 84' lang='lat' dir='ltr'><strong><em>(Eccli.</em></strong></span> <span class='ocrx_word' id='word_1_866' title='bbox 2552 4295 2735 4347; x_wconf 63' lang='grc' dir='ltr'>χχχιιι,</span> <span class='ocrx_word' id='word_1_867' title='bbox 2765 4280 2855 4351; x_wconf 72' lang='grc'><strong><em>30)</em></strong></span> <span class='ocrx_word' id='word_1_868' title='bbox 2893 4297 2906 4334; x_wconf 91' lang='lat'><strong>:</strong></span> <span class='ocrx_word' id='word_1_869' title='bbox 2938 4290 2985 4336; x_wconf 88' lang='lat' dir='ltr'><strong><em>et</em></strong></span> <span class='ocrx_word' id='word_1_870' title='bbox 3005 4281 3207 4349; x_wconf 86' lang='lat' dir='ltr'><strong><em>iterum,</em></strong></span> <span class='ocrx_word' id='word_1_871' title='bbox 3238 4301 3257 4334; x_wconf 77' lang='grc' dir='ltr'><strong><em>ι</em></strong></span> <span class='ocrx_word' id='word_1_872' title='bbox 3289 4284 3391 4350; x_wconf 85' lang='lat' dir='ltr'><strong><em>Qui</em></strong></span> <span class='ocrx_word' id='word_1_873' title='bbox 3419 4296 3532 4340; x_wconf 83' lang='lat' dir='ltr'><strong><em>sunt</em></strong></span> <span class='ocrx_word' id='word_1_874' title='bbox 3551 4285 3696 4352; x_wconf 84' lang='lat' dir='ltr'><strong><em>boni,</em></strong></span> 
     </span>
    </p>
   </div>
   <div class='ocr_carea' id='block_1_103' title="bbox 2108 4369 3699 4450">
    <p class='ocr_par' dir='ltr' id='par_1_103' title="bbox 2108 4369 3699 4450">
     <span class='ocr_line' id='line_1_103' title="bbox 2108 4369 3699 4450; baseline 0.008 -26"><span class='ocrx_word' id='word_1_875' title='bbox 2108 4379 2255 4424; x_wconf 84' lang='lat' dir='ltr'><strong><em>erunt</em></strong></span> <span class='ocrx_word' id='word_1_876' title='bbox 2282 4369 2592 4426; x_wconf 71' lang='lat' dir='ltr'><strong><em>habitat-ores</em></strong></span> <span class='ocrx_word' id='word_1_877' title='bbox 2623 4382 2798 4426; x_wconf 72' lang='lat' dir='ltr'><strong><em>terrm</em></strong></span> <span class='ocrx_word' id='word_1_878' title='bbox 2821 4371 2999 4444; x_wconf 79' lang='lat' dir='ltr'><strong><em>(Prov.</em></strong></span> <span class='ocrx_word' id='word_1_879' title='bbox 3024 4391 3081 4439; x_wconf 86' lang='grc' dir='ltr'><strong><em>ιι,</em></strong></span> <span class='ocrx_word' id='word_1_880' title='bbox 3099 4375 3162 4430; x_wconf 71' lang='lat' dir='ltr'><strong><em>2t</em></strong></span> <span class='ocrx_word' id='word_1_881' title='bbox 3175 4377 3215 4448; x_wconf 89' lang='lat'><strong><em>).</em></strong></span> <span class='ocrx_word' id='word_1_882' title='bbox 3241 4376 3338 4432; x_wconf 88' lang='lat' dir='ltr'><strong><em>Cui</em></strong></span> <span class='ocrx_word' id='word_1_883' title='bbox 3364 4378 3441 4434; x_wconf 89' lang='lat' dir='ltr'><strong><em>sic</em></strong></span> <span class='ocrx_word' id='word_1_884' title='bbox 3469 4395 3699 4450; x_wconf 79' lang='lat' dir='ltr'><strong><em>respon-</em></strong></span> 
     </span>
    </p>
   </div>
   <div class='ocr_carea' id='block_1_104' title="bbox 2107 4456 3744 4537">
    <p class='ocr_par' dir='ltr' id='par_1_104' title="bbox 2107 4456 3744 4537">
     <span class='ocr_line' id='line_1_104' title="bbox 2107 4456 3744 4537; baseline 0.01 -25"><span class='ocrx_word' id='word_1_885' title='bbox 2107 4456 2341 4513; x_wconf 89' lang='lat' dir='ltr'><strong><em>dendum</em></strong></span> <span class='ocrx_word' id='word_1_886' title='bbox 2367 4470 2468 4528; x_wconf 90' lang='lat' dir='ltr'><strong><em>est,</em></strong></span> <span class='ocrx_word' id='word_1_887' title='bbox 2511 4471 2569 4516; x_wconf 91' lang='lat' dir='ltr'><strong><em>ut</em></strong></span> <span class='ocrx_word' id='word_1_888' title='bbox 2595 4471 2649 4515; x_wconf 88' lang='lat' dir='ltr'><strong><em>et</em></strong></span> <span class='ocrx_word' id='word_1_889' title='bbox 2675 4461 2804 4517; x_wconf 89' lang='lat' dir='ltr'><strong><em>illud</em></strong></span> <span class='ocrx_word' id='word_1_890' title='bbox 2833 4464 3160 4534; x_wconf 77' lang='lat' dir='ltr'><strong><em>intelligatur</em></strong></span> <span class='ocrx_word' id='word_1_891' title='bbox 3195 4469 3464 4537; x_wconf 91' lang='lat' dir='ltr'><strong><em>quomodo</em></strong></span> <span class='ocrx_word' id='word_1_892' title='bbox 3490 4469 3696 4528; x_wconf 89' lang='lat' dir='ltr'><strong><em>dictum</em></strong></span> <span class='ocrx_word' id='word_1_893' title='bbox 3737 4473 3744 4478; x_wconf 80' lang='grc'><strong>’</strong></span> 
     </span>
    </p>
   </div>
   <div class='ocr_carea' id='block_1_105' title="bbox 2107 4548 3698 4632">
    <p class='ocr_par' dir='ltr' id='par_1_105' title="bbox 2107 4548 3698 4632">
     <span class='ocr_line' id='line_1_105' title="bbox 2107 4548 3698 4632; baseline 0.009 -28"><span class='ocrx_word' id='word_1_894' title='bbox 2107 4549 2196 4616; x_wconf 87' lang='lat' dir='ltr'><strong><em>sit,</em></strong></span> <span class='ocrx_word' id='word_1_895' title='bbox 2223 4548 2386 4604; x_wconf 86' lang='lat' dir='ltr'><strong><em>Nemo</em></strong></span> <span class='ocrx_word' id='word_1_896' title='bbox 2407 4549 2588 4620; x_wconf 88' lang='lat' dir='ltr'><strong><em>bonus,</em></strong></span> <span class='ocrx_word' id='word_1_897' title='bbox 2619 4553 2714 4607; x_wconf 83' lang='lat' dir='ltr'><strong><em>nisi</em></strong></span> <span class='ocrx_word' id='word_1_898' title='bbox 2737 4570 2868 4608; x_wconf 81' lang='lat' dir='ltr'><strong><em>unus</em></strong></span> <span class='ocrx_word' id='word_1_899' title='bbox 2893 4553 3048 4610; x_wconf 88' lang='lat' dir='ltr'><strong><em>Deus.</em></strong></span> <span class='ocrx_word' id='word_1_900' title='bbox 3073 4556 3198 4612; x_wconf 87' lang='lat' dir='ltr'><strong><em>Sive</em></strong></span> <span class='ocrx_word' id='word_1_901' title='bbox 3224 4559 3344 4628; x_wconf 88' lang='lat' dir='ltr'><strong><em>quia</em></strong></span> <span class='ocrx_word' id='word_1_902' title='bbox 3372 4561 3548 4615; x_wconf 88' lang='lat' dir='ltr'><strong><em>omnia</em></strong></span> <span class='ocrx_word' id='word_1_903' title='bbox 3573 4579 3698 4632; x_wconf 65' lang='lat' dir='ltr'><strong><em>qua:</em></strong></span> 
     </span>
    </p>
   </div>
   <div class='ocr_carea' id='block_1_106' title="bbox 2107 4647 3696 4723">
    <p class='ocr_par' dir='ltr' id='par_1_106' title="bbox 2107 4647 3696 4723">
     <span class='ocr_line' id='line_1_106' title="bbox 2107 4647 3696 4723; baseline 0.009 -27"><span class='ocrx_word' id='word_1_904' title='bbox 2107 4652 2288 4696; x_wconf 86' lang='lat' dir='ltr'><strong><em>creata</em></strong></span> <span class='ocrx_word' id='word_1_905' title='bbox 2333 4650 2486 4710; x_wconf 89' lang='lat' dir='ltr'><strong><em>sunt,</em></strong></span> <span class='ocrx_word' id='word_1_906' title='bbox 2523 4647 2769 4714; x_wconf 83' lang='lat' dir='ltr'><strong><em>quamvis</em></strong></span> <span class='ocrx_word' id='word_1_907' title='bbox 2811 4662 2872 4701; x_wconf 89' lang='lat' dir='ltr'><strong><em>ca</em></strong></span> <span class='ocrx_word' id='word_1_908' title='bbox 2921 4647 3068 4704; x_wconf 86' lang='lat' dir='ltr'><strong><em>Deus</em></strong></span> <span class='ocrx_word' id='word_1_909' title='bbox 3105 4649 3289 4706; x_wconf 78' lang='lat' dir='ltr'><strong><em>fecerit</em></strong></span> <span class='ocrx_word' id='word_1_910' title='bbox 3325 4651 3458 4708; x_wconf 85' lang='lat' dir='ltr'><strong><em>bona</em></strong></span> <span class='ocrx_word' id='word_1_911' title='bbox 3495 4655 3650 4710; x_wconf 82' lang='lat' dir='ltr'><strong><em>valde</em></strong></span> <span class='ocrx_word' id='word_1_912' title='bbox 3677 4699 3696 4723; x_wconf 88' lang='lat'><strong><em>,</em></strong></span> 
     </span>
    </p>
   </div>
   <div class='ocr_carea' id='block_1_107' title="bbox 2105 4730 3696 4810">
    <p class='ocr_par' dir='ltr' id='par_1_107' title="bbox 2105 4730 3696 4810">
     <span class='ocr_line' id='line_1_107' title="bbox 2105 4730 3696 4810; baseline 0.009 -22"><span class='ocrx_word' id='word_1_913' title='bbox 2105 4730 2345 4788; x_wconf 87' lang='lat' dir='ltr'><strong><em>Creatori</em></strong></span> <span class='ocrx_word' id='word_1_914' title='bbox 2371 4742 2548 4790; x_wconf 88' lang='lat' dir='ltr'><strong><em>tamen</em></strong></span> <span class='ocrx_word' id='word_1_915' title='bbox 2579 4747 2882 4808; x_wconf 83' lang='lat' dir='ltr'><strong><em>comparata</em></strong></span> <span class='ocrx_word' id='word_1_916' title='bbox 2903 4781 2920 4807; x_wconf 91' lang='lat'><strong><em>,</em></strong></span> <span class='ocrx_word' id='word_1_917' title='bbox 2951 4755 3052 4796; x_wconf 89' lang='lat' dir='ltr'><strong><em>nec</em></strong></span> <span class='ocrx_word' id='word_1_918' title='bbox 3078 4741 3218 4798; x_wconf 85' lang='lat' dir='ltr'><strong><em>bona</em></strong></span> <span class='ocrx_word' id='word_1_919' title='bbox 3247 4753 3398 4810; x_wconf 87' lang='lat' dir='ltr'><strong><em>sunt,</em></strong></span> <span class='ocrx_word' id='word_1_920' title='bbox 3424 4746 3512 4802; x_wconf 89' lang='lat' dir='ltr'><strong><em>cui</em></strong></span> <span class='ocrx_word' id='word_1_921' title='bbox 3539 4761 3696 4802; x_wconf 83' lang='lat' dir='ltr'><strong><em>com-</em></strong></span> 
     </span>
    </p>
   </div>
   <div class='ocr_carea' id='block_1_108' title="bbox 2106 4829 3696 4906">
    <p class='ocr_par' dir='ltr' id='par_1_108' title="bbox 2106 4829 3696 4906">
     <span class='ocr_line' id='line_1_108' title="bbox 2106 4829 3696 4906; baseline 0.012 -29"><span class='ocrx_word' id='word_1_922' title='bbox 2106 4832 2292 4896; x_wconf 82' lang='lat' dir='ltr'><strong><em>parata</em></strong></span> <span class='ocrx_word' id='word_1_923' title='bbox 2320 4839 2420 4880; x_wconf 90' lang='lat' dir='ltr'><strong><em>nec</em></strong></span> <span class='ocrx_word' id='word_1_924' title='bbox 2452 4837 2576 4882; x_wconf 91' lang='lat' dir='ltr'><strong><em>sunt</em></strong></span> <span class='ocrx_word' id='word_1_925' title='bbox 2609 4845 2622 4881; x_wconf 90' lang='lat'>:</span> <span class='ocrx_word' id='word_1_926' title='bbox 2651 4829 2912 4886; x_wconf 86' lang='lat' dir='ltr'><strong><em>altissime</em></strong></span> <span class='ocrx_word' id='word_1_927' title='bbox 2939 4831 2956 4863; x_wconf 75' lang='grc' dir='ltr'>ί</span> <span class='ocrx_word' id='word_1_928' title='bbox 2984 4832 3181 4904; x_wconf 88' lang='lat' dir='ltr'><strong><em>quippe</em></strong></span> <span class='ocrx_word' id='word_1_929' title='bbox 3205 4845 3259 4890; x_wconf 92' lang='lat' dir='ltr'><strong><em>et</em></strong></span> <span class='ocrx_word' id='word_1_930' title='bbox 3289 4839 3503 4906; x_wconf 87' lang='lat' dir='ltr'><strong><em>proprio</em></strong></span> <span class='ocrx_word' id='word_1_931' title='bbox 3531 4841 3696 4896; x_wconf 79' lang='lat' dir='ltr'><strong><em>modo</em></strong></span> 
     </span>
    </p>
   </div>
   <div class='ocr_carea' id='block_1_109' title="bbox 2105 4914 3694 5001">
    <p class='ocr_par' dir='ltr' id='par_1_109' title="bbox 2105 4914 3694 5001">
     <span class='ocr_line' id='line_1_109' title="bbox 2105 4914 3694 5001; baseline 0.013 -35"><span class='ocrx_word' id='word_1_932' title='bbox 2105 4914 2332 4984; x_wconf 87' lang='lat' dir='ltr'><strong><em>quodam</em></strong></span> <span class='ocrx_word' id='word_1_933' title='bbox 2363 4916 2430 4970; x_wconf 89' lang='lat' dir='ltr'><strong><em>de</em></strong></span> <span class='ocrx_word' id='word_1_934' title='bbox 2455 4933 2515 4974; x_wconf 84' lang='lat' dir='ltr'><strong><em>se</em></strong></span> <span class='ocrx_word' id='word_1_935' title='bbox 2546 4917 2659 4990; x_wconf 74' lang='lat' dir='ltr'><strong><em>ipso</em></strong></span> <span class='ocrx_word' id='word_1_936' title='bbox 2682 4919 2836 4988; x_wconf 84' lang='lat' dir='ltr'><strong><em>dixit,</em></strong></span> <span class='ocrx_word' id='word_1_937' title='bbox 2862 4921 2968 4994; x_wconf 78' lang='lat' dir='ltr'><strong><em>Ego</em></strong></span> <span class='ocrx_word' id='word_1_938' title='bbox 2996 4940 3105 4976; x_wconf 85' lang='lat' dir='ltr'><strong><em>sum</em></strong></span> <span class='ocrx_word' id='word_1_939' title='bbox 3131 4927 3218 4994; x_wconf 87' lang='lat' dir='ltr'><strong><em>qui</em></strong></span> <span class='ocrx_word' id='word_1_940' title='bbox 3241 4943 3351 4979; x_wconf 81' lang='lat' dir='ltr'><strong><em>sum</em></strong></span> <span class='ocrx_word' id='word_1_941' title='bbox 3378 4927 3570 5001; x_wconf 63' lang='lat' dir='ltr'><strong><em>(Euod.</em></strong></span> <span class='ocrx_word' id='word_1_942' title='bbox 3601 4947 3694 4998; x_wconf 89' lang='grc' dir='ltr'>ιιι,</span> 
     </span>
    </p>
   </div>
   <div class='ocr_carea' id='block_1_110' title="bbox 2107 5002 3692 5088">
    <p class='ocr_par' dir='ltr' id='par_1_110' title="bbox 2107 5002 3692 5088">
     <span class='ocr_line' id='line_1_110' title="bbox 2107 5002 3692 5088; baseline 0.011 -28"><span class='ocrx_word' id='word_1_943' title='bbox 2107 5002 2214 5076; x_wconf 66' lang='lat' dir='ltr'><strong><em>li).</em></strong></span> <span class='ocrx_word' id='word_1_944' title='bbox 2261 5005 2349 5061; x_wconf 86' lang='lat' dir='ltr'><strong><em>Sic</em></strong></span> <span class='ocrx_word' id='word_1_945' title='bbox 2372 5007 2392 5038; x_wconf 83' lang='lat'>&#39;</span> <span class='ocrx_word' id='word_1_946' title='bbox 2427 5006 2626 5062; x_wconf 88' lang='lat' dir='ltr'><strong><em>dictum</em></strong></span> <span class='ocrx_word' id='word_1_947' title='bbox 2655 5018 2756 5076; x_wconf 89' lang='lat' dir='ltr'><strong><em>est,</em></strong></span> <span class='ocrx_word' id='word_1_948' title='bbox 2797 5009 2960 5066; x_wconf 83' lang='lat' dir='ltr'><strong><em>Nemo</em></strong></span> <span class='ocrx_word' id='word_1_949' title='bbox 2995 5011 3176 5079; x_wconf 83' lang='lat' dir='ltr'><strong><em>bonus,</em></strong></span> <span class='ocrx_word' id='word_1_950' title='bbox 3208 5017 3305 5072; x_wconf 87' lang='lat' dir='ltr'><strong><em>nisi</em></strong></span> <span class='ocrx_word' id='word_1_951' title='bbox 3341 5035 3472 5072; x_wconf 90' lang='lat' dir='ltr'><strong><em>unus</em></strong></span> <span class='ocrx_word' id='word_1_952' title='bbox 3511 5017 3692 5088; x_wconf 83' lang='lat' dir='ltr'><strong><em>Deus;</em></strong></span> 
     </span>
    </p>
   </div>
   <div class='ocr_carea' id='block_1_111' title="bbox 2171 5160 2766 5225">
    <p class='ocr_par' dir='ltr' id='par_1_111' title="bbox 2171 5160 2766 5225">
     <span class='ocr_line' id='line_1_111' title="bbox 2171 5160 2766 5225; baseline 0.008 -16"><span class='ocrx_word' id='word_1_953' title='bbox 2171 5160 2185 5192; x_wconf 75' lang='lat'><strong>&#39;</strong></span> <span class='ocrx_word' id='word_1_954' title='bbox 2209 5163 2338 5225; x_wconf 77' lang='lat' dir='ltr'><strong><em>Apud</em></strong></span> <span class='ocrx_word' id='word_1_955' title='bbox 2363 5169 2492 5225; x_wconf 82' lang='lat' dir='ltr'><strong><em>Lov.,</em></strong></span> <span class='ocrx_word' id='word_1_956' title='bbox 2518 5161 2766 5214; x_wconf 83' lang='lat' dir='ltr'><strong><em>altissimo.</em></strong></span> 
     </span>
    </p>
   </div>
   <div class='ocr_carea' id='block_1_112' title="bbox 2170 5223 2903 5285">
    <p class='ocr_par' dir='ltr' id='par_1_112' title="bbox 2170 5223 2903 5285">
     <span class='ocr_line' id='line_1_112' title="bbox 2170 5223 2903 5285; baseline 0.008 -13"><span class='ocrx_word' id='word_1_957' title='bbox 2170 5225 2189 5255; x_wconf 74' lang='lat'>&#39;</span> <span class='ocrx_word' id='word_1_958' title='bbox 2213 5223 2356 5285; x_wconf 72' lang='lat' dir='ltr'><strong><em>Fditi,</em></strong></span> <span class='ocrx_word' id='word_1_959' title='bbox 2379 5223 2503 5275; x_wconf 81' lang='lat' dir='ltr'><strong><em>sicut</em></strong></span> <span class='ocrx_word' id='word_1_960' title='bbox 2531 5238 2548 5274; x_wconf 91' lang='lat'><strong><em>:</em></strong></span> <span class='ocrx_word' id='word_1_961' title='bbox 2572 5227 2728 5276; x_wconf 82' lang='lat' dir='ltr'><strong><em>mist</em></strong></span> <span class='ocrx_word' id='word_1_962' title='bbox 2746 5237 2903 5278; x_wconf 83' lang='lat' dir='ltr'><strong><em>recte.</em></strong></span> 
     </span>
    </p>
   </div>
   <div class='ocr_carea' id='block_1_113' title="bbox 2169 5285 3690 5364">
    <p class='ocr_par' dir='ltr' id='par_1_113' title="bbox 2169 5285 3690 5364">
     <span class='ocr_line' id='line_1_113' title="bbox 2169 5285 3690 5364; baseline 0.007 -31"><span class='ocrx_word' id='word_1_963' title='bbox 2169 5285 2472 5364; x_wconf 42' lang='lat' dir='ltr'><strong><em>(quu&#39;hu‘nc</em></strong></span> <span class='ocrx_word' id='word_1_964' title='bbox 2493 5286 2652 5360; x_wconf 77' lang='lat' dir='ltr'><strong><em>locum</em></strong></span> <span class='ocrx_word' id='word_1_965' title='bbox 2660 5290 2952 5364; x_wconf 40' lang='lat' dir='ltr'><strong><em>.Fulgmttius</em></strong></span> <span class='ocrx_word' id='word_1_966' title='bbox 2973 5291 3056 5364; x_wconf 66' lang='lat' dir='ltr'><strong><em>lii).</em></strong></span> <span class='ocrx_word' id='word_1_967' title='bbox 3087 5293 3106 5342; x_wconf 85' lang='lat' dir='ltr'><strong><em>l</em></strong></span> <span class='ocrx_word' id='word_1_968' title='bbox 3131 5294 3490 5364; x_wconf 54' lang='lat' dir='ltr'><strong><em>adatonimum,</em></strong></span> <span class='ocrx_word' id='word_1_969' title='bbox 3513 5314 3620 5364; x_wconf 75' lang='lat' dir='ltr'><strong><em>cap.</em></strong></span> <span class='ocrx_word' id='word_1_970' title='bbox 3640 5302 3690 5352; x_wconf 69' lang='lat'><strong>5;</strong></span> 
     </span>
    </p>
   </div>
   <div class='ocr_carea' id='block_1_114' title="bbox 2155 5346 3690 5416">
    <p class='ocr_par' dir='ltr' id='par_1_114' title="bbox 2155 5346 3690 5416">
     <span class='ocr_line' id='line_1_114' title="bbox 2155 5346 3690 5416; baseline 0.012 -21"><span class='ocrx_word' id='word_1_971' title='bbox 2155 5346 2273 5395; x_wconf 69' lang='lat' dir='ltr'><strong><em>Nihil</em></strong></span> <span class='ocrx_word' id='word_1_972' title='bbox 2296 5347 2440 5416; x_wconf 72' lang='lat' dir='ltr'><strong><em>aliud,</em></strong></span> <span class='ocrx_word' id='word_1_973' title='bbox 2468 5365 2490 5392; x_wconf 69' lang='grc' dir='ltr'><strong>ν</strong></span> <span class='ocrx_word' id='word_1_974' title='bbox 2524 5349 2694 5412; x_wconf 86' lang='lat' dir='ltr'><strong><em>inquit,</em></strong></span> <span class='ocrx_word' id='word_1_975' title='bbox 2729 5346 2761 5396; x_wconf 70' lang='grc'><strong><em>«⁷</em></strong></span> <span class='ocrx_word' id='word_1_976' title='bbox 2773 5354 3104 5416; x_wconf 71' lang='lat' dir='ltr'><strong><em>accipiendum</em></strong></span> <span class='ocrx_word' id='word_1_977' title='bbox 3129 5357 3352 5406; x_wconf 79' lang='lat' dir='ltr'><strong><em>existimo</em></strong></span> <span class='ocrx_word' id='word_1_978' title='bbox 3371 5346 3690 5414; x_wconf 34' lang='lat' dir='ltr'><strong><em>inillo&#39;siincti</em></strong></span> 
     </span>
    </p>
   </div>
   <div class='ocr_carea' id='block_1_115' title="bbox 2110 5367 3694 5490">
    <p class='ocr_par' dir='ltr' id='par_1_115' title="bbox 2110 5367 3694 5490">
     <span class='ocr_line' id='line_1_115' title="bbox 2157 5367 3690 5462; baseline 0.012 -67"><span class='ocrx_word' id='word_1_979' title='bbox 2157 5367 2273 5395; x_wconf 77' lang='lat' dir='ltr'><strong><em>num</em></strong></span> <span class='ocrx_word' id='word_1_980' title='bbox 2296 5367 2440 5420; x_wconf 64' lang='grc' dir='ltr'>ιιιιιιιι,</span> <span class='ocrx_word' id='word_1_981' title='bbox 2468 5367 2490 5392; x_wconf 70' lang='grc' dir='ltr'><strong>ν</strong></span> <span class='ocrx_word' id='word_1_982' title='bbox 2524 5367 2694 5412; x_wconf 85' lang='lat' dir='ltr'><strong><em>quntt,</em></strong></span> <span class='ocrx_word' id='word_1_983' title='bbox 2729 5368 2752 5396; x_wconf 71' lang='grc' dir='ltr'><strong><em>α</em></strong></span> <span class='ocrx_word' id='word_1_984' title='bbox 2773 5367 3104 5462; x_wconf 45' lang='grc' dir='ltr'><strong><em>θοὲΐιιρηυυπι</em></strong></span> <span class='ocrx_word' id='word_1_985' title='bbox 3129 5367 3352 5406; x_wconf 78' lang='lat' dir='ltr'><strong><em>extsttmo</em></strong></span> <span class='ocrx_word' id='word_1_986' title='bbox 3371 5367 3419 5408; x_wconf 87' lang='lat' dir='ltr'><strong><em>in</em></strong></span> <span class='ocrx_word' id='word_1_987' title='bbox 3433 5367 3516 5409; x_wconf 87' lang='lat' dir='ltr'><strong><em>illo</em></strong></span> <span class='ocrx_word' id='word_1_988' title='bbox 3533 5371 3690 5414; x_wconf 79' lang='lat' dir='ltr'><strong><em>sancti</em></strong></span> 
     </span>
     <span class='ocr_line' id='line_1_116' title="bbox 2110 5415 3694 5490; baseline 0 0"><span class='ocrx_word' id='word_1_989' title='bbox 2110 5425 2134 5490; x_wconf 60' lang='grc' dir='ltr'>ἕ</span> <span class='ocrx_word' id='word_1_990' title='bbox 2158 5415 3158 5490; x_wconf 43' lang='grc' dir='ltr'><strong><em>ἑἫδὲιέξὲηΡρΡίὲτ.ίιυ9--..ηίηιξτίιυεη</em></strong></span> <span class='ocrx_word' id='word_1_991' title='bbox 3179 5420 3412 5490; x_wconf 49' lang='lat' dir='ltr'><strong><em>Emam&quot;!</em></strong></span> <span class='ocrx_word' id='word_1_992' title='bbox 3439 5423 3694 5490; x_wconf 55' lang='lat' dir='ltr'><strong><em>[mesti-</em></strong></span> 
     </span>
    </p>
   </div>
   <div class='ocr_carea' id='block_1_116' title="bbox 2112 5469 3695 5541">
    <p class='ocr_par' dir='ltr' id='par_1_116' title="bbox 2112 5469 3695 5541">
     <span class='ocr_line' id='line_1_117' title="bbox 2112 5469 3695 5541; baseline 0.011 -25"><span class='ocrx_word' id='word_1_993' title='bbox 2112 5487 2134 5514; x_wconf 77' lang='grc' dir='ltr'><strong><em>ι</em></strong></span> <span class='ocrx_word' id='word_1_994' title='bbox 2155 5469 2294 5520; x_wconf 80' lang='lat' dir='ltr'><strong><em>natos</em></strong></span> <span class='ocrx_word' id='word_1_995' title='bbox 2316 5469 2496 5541; x_wconf 61' lang='lat' dir='ltr'><strong><em>timuit,</em></strong></span> <span class='ocrx_word' id='word_1_996' title='bbox 2523 5473 2611 5522; x_wconf 84' lang='lat' dir='ltr'><strong><em>nisi</em></strong></span> <span class='ocrx_word' id='word_1_997' title='bbox 2638 5474 2694 5541; x_wconf 78' lang='lat' dir='ltr'><strong><em>ad</em></strong></span> <span class='ocrx_word' id='word_1_998' title='bbox 2713 5469 2974 5541; x_wconf 75' lang='lat' dir='ltr'><strong><em>interitum</em></strong></span> <span class='ocrx_word' id='word_1_999' title='bbox 2995 5469 3233 5541; x_wconf 80' lang='lat' dir='ltr'><strong><em>supplicii,</em></strong></span> <span class='ocrx_word' id='word_1_1000' title='bbox 3259 5493 3353 5532; x_wconf 89' lang='lat' dir='ltr'><strong><em>non</em></strong></span> <span class='ocrx_word' id='word_1_1001' title='bbox 3377 5469 3695 5541; x_wconf 37' lang='lat' dir='ltr'><strong><em>delictis—ne-</em></strong></span> 
     </span>
    </p>
   </div>
   <div class='ocr_carea' id='block_1_117' title="bbox 2120 5532 3692 5598">
    <p class='ocr_par' dir='ltr' id='par_1_117' title="bbox 2120 5532 3692 5598">
     <span class='ocr_line' id='line_1_118' title="bbox 2120 5532 3692 5598; baseline 0.011 -20"><span class='ocrx_word' id='word_1_1002' title='bbox 2120 5545 2254 5593; x_wconf 77' lang='lat' dir='ltr'><strong><em>sque</em></strong></span> <span class='ocrx_word' id='word_1_1003' title='bbox 2277 5532 2339 5598; x_wconf 81' lang='lat' dir='ltr'><strong><em>ad</em></strong></span> <span class='ocrx_word' id='word_1_1004' title='bbox 2361 5532 2536 5598; x_wconf 80' lang='lat' dir='ltr'><strong><em>malum</em></strong></span> <span class='ocrx_word' id='word_1_1005' title='bbox 2559 5535 2686 5596; x_wconf 81' lang='lat' dir='ltr'><strong><em>quod</em></strong></span> <span class='ocrx_word' id='word_1_1006' title='bbox 2711 5535 2892 5597; x_wconf 77' lang='lat' dir='ltr'><strong><em>injuste</em></strong></span> <span class='ocrx_word' id='word_1_1007' title='bbox 2916 5532 3202 5598; x_wconf 77' lang='lat' dir='ltr'><strong><em>admittunt,</em></strong></span> <span class='ocrx_word' id='word_1_1008' title='bbox 3221 5532 3314 5590; x_wconf 82' lang='lat' dir='ltr'><strong><em>sed</em></strong></span> <span class='ocrx_word' id='word_1_1009' title='bbox 3339 5543 3396 5591; x_wconf 86' lang='lat' dir='ltr'><strong><em>ad</em></strong></span> <span class='ocrx_word' id='word_1_1010' title='bbox 3419 5532 3692 5596; x_wconf 62' lang='lat' dir='ltr'><strong><em>cruciatum</em></strong></span> 
     </span>
    </p>
   </div>
   <div class='ocr_carea' id='block_1_118' title="bbox 2115 5593 3694 5669">
    <p class='ocr_par' dir='ltr' id='par_1_118' title="bbox 2115 5593 3694 5669">
     <span class='ocr_line' id='line_1_119' title="bbox 2115 5593 3694 5669; baseline 0.01 -27"><span class='ocrx_word' id='word_1_1011' title='bbox 2115 5613 2136 5642; x_wconf 69' lang='grc' dir='ltr'><strong><em>ι</em></strong></span> <span class='ocrx_word' id='word_1_1012' title='bbox 2155 5605 2302 5654; x_wconf 86' lang='lat' dir='ltr'><strong><em>quem</em></strong></span> <span class='ocrx_word' id='word_1_1013' title='bbox 2322 5593 2590 5669; x_wconf 70' lang='lat' dir='ltr'><strong><em>iustissime</em></strong></span> <span class='ocrx_word' id='word_1_1014' title='bbox 2615 5593 2884 5669; x_wconf 57' lang='lat' dir='ltr'><strong><em>latigiitur;</em></strong></span> <span class='ocrx_word' id='word_1_1015' title='bbox 2911 5611 3002 5669; x_wconf 85' lang='lat' dir='ltr'><strong><em>nec</em></strong></span> <span class='ocrx_word' id='word_1_1016' title='bbox 3024 5601 3083 5650; x_wconf 87' lang='lat' dir='ltr'><strong><em>ad</em></strong></span> <span class='ocrx_word' id='word_1_1017' title='bbox 3109 5593 3358 5669; x_wconf 78' lang='lat' dir='ltr'><strong><em>peccattun</em></strong></span> <span class='ocrx_word' id='word_1_1018' title='bbox 3401 5619 3498 5667; x_wconf 90' lang='lat' dir='ltr'><strong><em>quo</em></strong></span> <span class='ocrx_word' id='word_1_1019' title='bbox 3524 5593 3694 5669; x_wconf 52' lang='lat' dir='ltr'><strong><em>primae</em></strong></span> 
     </span>
    </p>
   </div>
   <div class='ocr_carea' id='block_1_119' title="bbox 2109 5655 3694 5725">
    <p class='ocr_par' dir='ltr' id='par_1_119' title="bbox 2109 5655 3694 5725">
     <span class='ocr_line' id='line_1_120' title="bbox 2109 5655 3694 5725; baseline 0.013 -26"><span class='ocrx_word' id='word_1_1020' title='bbox 2109 5669 2131 5697; x_wconf 77' lang='grc' dir='ltr'><strong><em>ι</em></strong></span> <span class='ocrx_word' id='word_1_1021' title='bbox 2156 5655 2529 5725; x_wconf 78' lang='lat' dir='ltr'><strong><em>resurrectionis</em></strong></span> <span class='ocrx_word' id='word_1_1022' title='bbox 2572 5655 3088 5725; x_wconf 56' lang='lat' dir='ltr'><strong><em>beneﬁcium&#39;autnou</em></strong></span> <span class='ocrx_word' id='word_1_1023' title='bbox 3109 5655 3382 5725; x_wconf 66' lang='lat' dir='ltr'><strong><em>accipiunt,</em></strong></span> <span class='ocrx_word' id='word_1_1024' title='bbox 3412 5655 3694 5719; x_wconf 36' lang='lat' dir='ltr'><strong><em>iant&#39;amit;</em></strong></span> 
     </span>
    </p>
   </div>
   <div class='ocr_carea' id='block_1_120' title="bbox 2107 5717 3698 5791">
    <p class='ocr_par' dir='ltr' id='par_1_120' title="bbox 2107 5717 3698 5791">
     <span class='ocr_line' id='line_1_121' title="bbox 2107 5717 3698 5791; baseline 0.013 -30"><span class='ocrx_word' id='word_1_1025' title='bbox 2107 5731 2131 5759; x_wconf 74' lang='grc' dir='ltr'><strong><em>α</em></strong></span> <span class='ocrx_word' id='word_1_1026' title='bbox 2155 5723 2293 5791; x_wconf 38' lang='lat' dir='ltr'><strong><em>tunt‘,</em></strong></span> <span class='ocrx_word' id='word_1_1027' title='bbox 2313 5717 2407 5791; x_wconf 65' lang='lat' dir='ltr'><strong><em>sed</em></strong></span> <span class='ocrx_word' id='word_1_1028' title='bbox 2427 5718 2500 5790; x_wconf 46' lang='lat' dir='ltr'><strong><em>ad.</em></strong></span> <span class='ocrx_word' id='word_1_1029' title='bbox 2507 5725 2803 5791; x_wconf 73' lang='lat' dir='ltr'><strong><em>tormentum</em></strong></span> <span class='ocrx_word' id='word_1_1030' title='bbox 2825 5721 2955 5782; x_wconf 89' lang='lat' dir='ltr'><strong><em>quod</em></strong></span> <span class='ocrx_word' id='word_1_1031' title='bbox 2981 5721 3075 5791; x_wconf 70' lang='lat' dir='ltr'><strong><em>illis</em></strong></span> <span class='ocrx_word' id='word_1_1032' title='bbox 3097 5717 3288 5791; x_wconf 77' lang='lat' dir='ltr'><strong><em>propria</em></strong></span> <span class='ocrx_word' id='word_1_1033' title='bbox 3311 5717 3540 5791; x_wconf 79' lang='lat' dir='ltr'><strong><em>iniquitas</em></strong></span> <span class='ocrx_word' id='word_1_1034' title='bbox 3564 5717 3698 5782; x_wconf 76' lang='lat' dir='ltr'><strong><em>male</em></strong></span> 
     </span>
    </p>
   </div>
   <div class='ocr_carea' id='block_1_121' title="bbox 2109 5779 3234 5840">
    <p class='ocr_par' dir='ltr' id='par_1_121' title="bbox 2109 5779 3234 5840">
     <span class='ocr_line' id='line_1_122' title="bbox 2109 5779 3234 5840; baseline 0.011 -19"><span class='ocrx_word' id='word_1_1035' title='bbox 2109 5793 2130 5821; x_wconf 75' lang='grc' dir='ltr'><strong><em>ι</em></strong></span> <span class='ocrx_word' id='word_1_1036' title='bbox 2156 5779 2278 5840; x_wconf 54' lang='lat' dir='ltr'><strong><em>{erit</em></strong></span> <span class='ocrx_word' id='word_1_1037' title='bbox 2303 5786 2354 5826; x_wconf 84' lang='lat' dir='ltr'><strong><em>et</em></strong></span> <span class='ocrx_word' id='word_1_1038' title='bbox 2377 5779 2580 5840; x_wconf 68' lang='lat' dir='ltr'><strong><em>aquilas</em></strong></span> <span class='ocrx_word' id='word_1_1039' title='bbox 2601 5779 2760 5830; x_wconf 77' lang='lat' dir='ltr'><strong><em>divina</em></strong></span> <span class='ocrx_word' id='word_1_1040' title='bbox 2783 5779 2913 5832; x_wconf 39' lang='lat' dir='ltr'><strong><em>lie—ne</em></strong></span> <span class='ocrx_word' id='word_1_1041' title='bbox 2937 5779 3234 5838; x_wconf 47' lang='lat' dir='ltr'><strong><em>retribititin</em></strong></span> 
     </span>
    </p>
   </div>
  </div>
