4002 6178
270 349 377 402 3ῢό

273 444 728 512 quemadmodum
769 445 838 502 de
879 445 1086 500 lemne
1113 443 1312 498 dictum
1345 451 1448 508 est,
1484 441 1603 496 Non
1646 453 1750 495 erat
1779 443 1866 495 ille

273 546 442 592 tamen
473 537 656 609 (Joan.
687 553 708 594 ι
727 579 742 604 ,
775 536 854 610 8);
881 553 1002 593 cum
1033 537 1290 592 Dominus
1317 549 1440 590 eum
1467 548 1586 590 esse
1612 534 1756 589 dicat
1785 535 1866 589 lu-

270 645 492 688 cernam
536 628 649 702 (Id.
691 645 748 697 v,
787 629 904 702 '55),
947 629 1086 684 sicut
1121 627 1431 696 discipulos,
1469 626 1662 696 quibus
1694 625 1860 690 dixit,

281 723 386 780 Vos
413 723 537 778 estis
565 723 732 776 lumen
751 721 962 778 mundi:
991 735 1136 773 nemo
1165 717 1392 772 accendit
1417 718 1674 770 lucernam
1701 725 1748 770 et
1775 731 1868 783 po-

271 819 348 872 sit
373 833 488 870 eam
515 815 609 870 sub
635 814 806 868 modio
834 812 1045 884 (Matth.
1073 827 1129 875 v,
1159 811 1246 877 li,
1278 808 1366 882 15)
1399 827 1412 862 :
1441 809 1534 863 sed
1563 808 1616 862 in
1644 822 1868 876 compa-

273 909 484 962 ratione
522 907 738 960 luminis
778 905 942 967 illius,
975 903 1114 972 quod
1153 909 1236 957 est
1261 908 1444 955 verum
1491 900 1700 964 lumen.
1746 901 1867 954 illu-

273 999 487 1053 minaus
529 1011 745 1052 onmem
794 994 1064 1048 hominem
1097 993 1395 1046 venientem
1439 991 1493 1044 in
1533 991 1674 1044 hunc
1713 1007 1868 1044 mun-

272 1089 402 1144 dum
427 1083 614 1157 (Joan.
644 1103 695 1148 ι,
723 1085 807 1156 9),
841 1101 944 1138 non
975 1091 1090 1139 erat
1117 1083 1206 1138 ille
1232 1083 1432 1136 lumen.
1458 1079 1584 1136 Sive
1609 1081 1734 1151 quia
1765 1081 1869 1150 ipsi

274 1182 441 1236 etiam
471 1181 564 1233 lilii
597 1177 694 1232 Dei
724 1173 1017 1244 comparati
1047 1172 1148 1228 sibi
1175 1172 1305 1242 ipsis
1333 1171 1522 1243 quales
1548 1171 1600 1226 in
1629 1171 1719 1226 illa
1752 1185 1873 1240 per-

276 1271 507 1326 iectione
537 1277 736 1323 retenta
766 1266 931 1323 futuri
969 1271 1114 1328 sunt,
1156 1266 1228 1318 ita
1265 1263 1391 1318 boni
1421 1273 1566 1327 sunt,
1603 1271 1662 1316 ut
1696 1261 1871 1317 adhuc

276 1372 332 1417 et
357 1361 485 1416 mali
519 1360 648 1414 sint.
679 1357 834 1428 Quod
862 1357 930 1412 de
965 1355 1068 1410 illis
1095 1355 1278 1411 dicere
1306 1369 1413 1409 non
1442 1352 1694 1408 auderem
1726 1351 1872 1423 (quis

279 1453 422 1506 enim
463 1451 662 1504 audeat
707 1450 890 1504 dicere
927 1447 1098 1504 malos
1141 1461 1284 1512 esse,
1329 1461 1554 1516 quorum
1599 1455 1750 1515 pater
1789 1452 1873 1498 est

279 1541 468 1612 Deus).
497 1540 602 1594 nisi
634 1542 744 1609 ipse
771 1537 1025 1594 Dominus
1051 1538 1277 1602 dicrret,
1307 1536 1369 1592 Si
1397 1552 1514 1608 ergo
1540 1551 1626 1590 eos
1659 1551 1774 1588 cum
1802 1535 1872 1589 si-

275 1633 342 1687 tis
372 1630 522 1692 rutili.
553 1629 711 1683 uastis
733 1628 864 1682 bona
889 1629 1012 1681 data
1035 1627 1159 1680 dare
1179 1627 1300 1695 ﬁliis
1325 1629 1497 1680 vestris
1517 1641 1534 1687 ;
1557 1635 1744 1696 quanto
1772 1641 1856 1677 ma

271 1738 352 1794 gis
389 1721 546 1774 Pater
569 1732 754 1786 uester,
780 1719 868 1789 qui
891 1719 945 1772 in
971 1719 1108 1773 oculis
1134 1725 1205 1772 est
1223 1757 1239 1784 ,
1273 1717 1412 1771 dabit
1437 1718 1568 1770 bona
1599 1715 1872 1786 petentibus

270 1791 329 1868 λέ
369 1813 590 1884 (Matth.
628 1827 736 1879 vn,
783 1811 912 1882 ll)?
952 1808 1084 1865 Cum
1126 1810 1200 1864 ait
1236 1810 1434 1880 utique,
1480 1807 1640 1863 Pater
1683 1818 1870 1872 vester;

275 1903 422 1960 ﬁlios
465 1903 564 1958 Dei
602 1903 711 1972 jam
758 1917 879 1958 esse
922 1901 1257 1967 monstravit,
1301 1915 1437 1970 quos
1479 1909 1656 1955 tamen
1699 1899 1884 1954 adhuc

271 1996 453 2049 malos
490 2009 617 2050 esse
653 2008 762 2048 non
801 1993 984 2048 tacuit.
1017 1993 1109 2048 ille
1149 1999 1328 2046 tamen
1369 2006 1476 2046 non
1516 1991 1695 2057 solvit,
1737 2003 1873 2060 quo-

276 2085 438 2140 modo
455 2094 513 2140 et
530 2085 616 2139 isti
636 2084 761 2139 boni
777 2085 904 2144 sint.
921 2093 977 2139 et
995 2099 1141 2139 nemo
1155 2083 1226 2137 sit
1241 2083 1420 2145 bonus,
1439 2082 1538 2136 nisi
1553 2097 1684 2136 unus
1705 2079 1876 2134 Deus:

277 2176 421 2233 unde
445 2163 536 2233 est
562 2177 658 2232 ille
685 2176 1006 2242 admonitus,
1035 2176 1126 2246 qui
1156 2175 1576 2246 interrogaverat
1597 2173 1722 2244 quid
1749 2173 1874 2228 boni

274 2270 512 2334 iaceret,
542 2277 602 2323 ut
631 2267 778 2322 illum
819 2275 1083 2337 quaereret
1109 2266 1260 2335 cujus
1284 2267 1454 2334 gratia
1495 2265 1668 2320 bonus
1695 2273 1871 2330 esset,

274 2360 360 2412 cui
390 2359 593 2414 bonum
623 2373 760 2423 esse,
795 2359 894 2412 boc
917 2365 1000 2412 est
1027 2357 1202 2428 ipsum
1231 2371 1390 2421 esse;
1423 2355 1546 2426 quia
1575 2355 1874 2409 incommu-
1898 2385 1905 2392 -

277 2449 514 2504 tabiiiter
541 2449 733 2515 bonus,
765 2458 948 2502 etnon
981 2455 1156 2516 potest
1183 2446 1402 2502 omnino
1427 2447 1596 2501 malus
1625 2447 1800 2500 esse‘.

345 2538 581 2596 CAPUT
617 2537 731 2594 XV.
758 2539 938 2594 -55.
985 2559 1002 2588 ι
1027 2537 1158 2592 item
1193 2537 1394 2602 dicunt,
1425 2556 1444 2590 ι
1481 2537 1668 2608 inquit,
1703 2555 1722 2588 ι
1751 2537 1880 2602 Quis

281 2630 586 2700 gloriabitur
604 2639 802 2682 castum
825 2644 880 2682 se
896 2627 1076 2682 habere
1092 2627 1222 2682 cor?
1247 2644 1268 2680 ι
1299 2627 1372 2683 Et.
1398 2627 1464 2682 ad
1481 2627 1584 2682 hoc
1607 2627 1880 2696 respondit

283 2719 469 2776 multis
517 2719 862 2784 testimoniis,
907 2718 1092 2773 volens
1131 2716 1417 2774 ostendere
1461 2731 1618 2786 posse
1659 2732 1779 2770 esse
1825 2716 1878 2770 in

283 2811 503 2864 homine
531 2819 742 2864 castum
771 2825 868 2864 cor
892 2826 906 2862 :
937 2823 1036 2864 nec
1066 2818 1244 2866 tamen
1286 2807 1416 2864 dicit
1439 2807 1706 2878 quomodo
1735 2806 1879 2860 acci-

283 2904 539 2974 piendum
583 2903 677 2967 sit,
722 2902 864 2972 quod
915 2905 1192 2972 proposuit
1228 2910 1414 2958 contra
1461 2915 1522 2956 se
1565 2900 1702 2966 dici,
1753 2899 1880 2966 Quis

280 2995 586 3066 gloriabitur
615 3005 816 3050 castum
855 3010 912 3049 se
935 2994 1118 3049 habere
1155 3010 1264 3060 cor,
1305 3010 1374 3048 ne
1401 2991 1670 3063 Scriptura
1698 2991 1880 3047 divina

283 3091 336 3143 in
367 3089 473 3145 hoc
509 3087 841 3154 testimonio,
870 3098 926 3142 et
953 3087 1004 3142 in
1043 3087 1128 3143 bis
1161 3102 1257 3156 per
1287 3102 1406 3157 qua:
1445 3085 1742 3154 respondit,
1773 3085 1880 3141 sibi

283 3181 396 3250 ipsa
440 3179 754 3234 adversaria
799 3179 1066 3234 videatur.
1110 3177 1220 3233 Nos
1261 3187 1440 3232 autem
1489 3175 1612 3231 huic
1657 3191 1880 3248 respon-

286 3270 478 3328 dentes
522 3269 773 3334 dicimus,
803 3269 925 3324 ideo
964 3277 1205 3324 secutum
1233 3283 1374 3332 esse,
1421 3266 1548 3332 Quis
1585 3267 1884 3340 gloriabitur

287 3373 484 3418 castum
522 3379 581 3418 sc
619 3359 802 3416 habere
835 3360 966 3416 cor?
1001 3361 1250 3430 quoniam
1293 3360 1590 3430 praecessit,
1627 3358 1758 3414 Cum
1794 3375 1886 3414 rea:

288 3455 455 3516 iustus
503 3452 692 3508 sederit
741 3453 798 3506 in
846 3451 1050 3507 throno.
1111 3451 1451 3518 Quantalibet
1494 3450 1638 3506 enim
1679 3448 1884 3520 justitia

286 3543 356 3604 si't
403 3547 666 3620 praeditus
713 3545 912 3614 homo,
957 3546 1194 3616 cogitare
1241 3544 1424 3610 debet,
1471 3558 1541 3600 ne
1581 3541 1782 3614 aliquid
1827 3543 1880 3596 in

291 3641 416 3705 illo,
453 3639 600 3711 quod
635 3639 752 3707 ipse
785 3652 892 3692 non
936 3637 1114 3704 videt,
1153 3637 1455 3692 inveniatur
1491 3651 1612 3690 esse
1653 3634 1878 3703 culpan-

291 3733 446 3799 dum,
465 3747 590 3786 cum
621 3745 712 3786 rex
745 3731 918 3800 justus
956 3728 1158 3786 sederit
1186 3728 1239 3782 in
1271 3727 1484 3792 throno,
1515 3725 1668 3794 cujus
1697 3723 1884 3794 cogni-

295 3828 494 3879 tionem
521 3822 704 3892 fdgere
726 3820 918 3876 delicta
944 3835 1049 3874 non
1078 3826 1325 3888 possunt,
1351 3831 1452 3872 nec
1478 3816 1564 3870 illa
1591 3815 1660 3870 de
1688 3816 1882 3884 quibus

294 3916 497 3971 dictum
538 3924 644 3981 est,
688 3913 884 3967 Delicta
917 3911 1032 3982 quis
1070 3909 1305 3982 intelligit
1343 3907 1514 3979 (Psal.
1561 3921 1714 3968 xvnt,
1757 3904 1885 3976 l5)?

298 4009 426 4064 Cum
454 4023 586 4078 ergo
624 4022 718 4060 rea:
759 4008 925 4072 iustus
958 4003 1142 4059 sederit
1181 4003 1236 4056 in
1264 4001 1465 4066 tln'ono,
1501 4000 1612 4069 quis
1650 3997 1889 4070 gloriabi-

299 4111 381 4153 tur
411 4108 610 4152 castum
633 4111 689 4150 se
715 4096 898 4150 habere
921 4093 1052 4148 cor?
1077 4101 1166 4146 aut
1187 4092 1300 4164 quis
1325 4089 1622 4162 gloriabitur
1644 4088 1889 4142 mundum

299 4205 354 4242 se
375 4203 488 4242 esse
511 4204 546 4240 α
570 4196 776 4258 peccato
800 4183 982 4254 (Prov.
1014 4197 1112 4250 xx,
1140 4182 1196 4249 8,
1225 4180 1323 4252 9)?
1350 4180 1462 4237 Nisi
1491 4180 1626 4234 forte
1651 4177 1735 4232 isti
1757 4217 1771 4238 ,
1799 4177 1892 4246 qui

302 4280 486 4335 volant
515 4279 572 4334 ia
597 4293 692 4333 sua
709 4275 942 4348 iustitia,
963 4289 1077 4330 non
1105 4274 1160 4330 in
1187 4273 1352 4344 ipsius
1371 4271 1570 4342 judieis
1585 4269 1892 4325 misericor-

303 4373 388 4428 dia
414 4371 662 4443 gloriari.
1108 4411 1117 4418 .

373 4467 464 4521 35.
497 4464 698 4520 Tamen
727 4461 891 4518 etiam
921 4459 1013 4516 illa
1031 4473 1156 4516 vera
1183 4465 1332 4522 sunt,
1373 4469 1496 4526 quae
1519 4451 1900 4524 respondendo

305 4557 566 4628 subjecit,
607 4554 757 4626 quod
806 4573 826 4606 ¢
880 4552 1124 4610 Salvator
1167 4551 1244 4606 ait
1286 4549 1340 4604 in
1388 4547 1696 4618 Evangelia,
1747 4544 1894 4599 Beati

305 4646 682 4714 κωϐιοί-ἀεί,
703 4645 940 4718 quoniam
956 4644 1060 4715 ipsi
1076 4642 1242 4698 Deum
1254 4641 1490 4698 uidebunt
1509 4637 1798 4711 (Μνήμην,
1813 4637 1892 4706 8).

307 4739 379 4798 Et
433 4737 580 4808 quod
635 4735 801 4792 David
835 4733 968 4790 dicit
1001 4750 1033 4784 ηε
1108 4731 1237 4797 Quis
1291 4729 1528 4790 suadet
1575 4728 1630 4784 in
1679 4735 1898 4781 moment

307 4829 567 4886 Baetin”.
589 4837 680 4882 aut
705 4827 822 4898 quis
845 4824 996 4880 stabit
1018 4823 1074 4879 iu
1111 4823 1224 4878 loco
1250 4829 1429 4876 sancto
1445 4820 1558 4891 ejus
1574 4819 1602 4873 2
1647 4817 1898 4872 lanceam

305 4921 542 4978 manibus
589 4929 640 4976 at
686 4919 876 4974 arundo
920 4915 1072 4972 corde
1119 4913 1300 4986 (Psal;
1333 4929 1490 4978 mn,
1512 4913 1569 4980 5,
1597 4910 1674 4983 ι).
1704 4911 1772 4966 Et
1796 4910 1897 4966 ali-

301 5011 364 5070 bi
418 5029 437 5070 ε
491 5011 735 5084 Baucida,
785 5008 1058 5074 Domine,.
1082 5006 1228 5062 bouis
1251 5015 1298 5060 st
1337 5004 1487 5060 rectis
1531 5001 1684 5058 corde
1726 5001 1898 5075 (Psal.

299 5117 492 5167 cum
519 5103 602 5172 4).
634 5100 764 5156 item
814 5091 961 5178 apud
1007 5099 1350 5154 Salomonem
1403 5112 1418 5151 :
1473 5093 1622 5150 Bona
1673 5103 1752 5148 est
1781 5093 1902 5154 σιώ-η

297 5193 526 5260 stantia,
541 5193 628 5246 cui
655 5208 756 5247 non
784 5201 854 5250 est
876 5199 1136 5261 peccatum
1155 5188 1215 5242 in
1239 5186 1554 5242 conscientia
1569 5182 1758 5258 (Ecoli.
1783 5198 1898 5250 snt,

297 5284 428 5357 30).
455 5284 590 5340 Item
615 5283 726 5339 illic
749 5299 768 5338 :
793 5281 984 5338 Auno
1011 5289 1059 5334 te
1081 5297 1114 5334 a
1149 5279 1362 5344 delicto,
1408 5285 1456 5332 et
1497 5275 1658 5345 dirige
1701 5291 1904 5340 manus,

297 5388 356 5436 et
407 5373 476 5432 ab
518 5375 656 5436 omni
682 5373 864 5430 ddioto
885 5371 1078 5426 muuda
1101 5387 1190 5424 cor
1211 5379 1350 5428 tuum
1405 5367 1514 5440 (Id.
1543 5381 1763 5434 xxxvut,
1789 5367 1900 5439 10).

305 5471 448 5526 Item
471 5467 525 5522 in
556 5465 795 5538 Epistula
821 5463 1044 5522 Joannis
1093 5479 1108 5517 :
1153 5461 1216 5518 Si
1265 5477 1354 5520 cor
1401 5469 1630 5516 nostrum
1661 5471 1778 5514 non
1821 5475 1905 5514 re-

301 5560 619 5637 prehendat,
674 5558 920 5630 ﬁduciam
963 5554 1205 5612 habemus
1243 5554 1314 5608 ad
1363 5552 1548 5622 Deum,
1577 5562 1626 5608 et
1651 5567 1896 5624 quacum-

383 5675 402 5708 ι
429 5680 563 5738 ωε..
598 5672 716 5738 quia
735 5666 1376 5738 manummanum.
1397 5679 1494 5738 ηρη
1512 5671 1662 5738 potest
1685 5677 1704 5716 ε
1727 5666 1904 5738 omissa

307 5728 704 5804 μύωιέία,
730 5747 878 5799 quam
921 5731 1105 5784 habent
1147 5728 1265 5781 editi
1286 5728 1452 5782 caeteri
1475 5728 1529 5780 et
1573 5729 1900 5791 manuscripti.

1141 331 1225 384 DF.
1265 325 1738 384 l’illlFECTlUNI‘I
1769 326 2094 384 JUSTlTlrE
2138 327 2410 384 llOMlNlS
2449 328 2671 384 LIBER.

3443 334 3559 389 5ιῦ

1971 459 2065 512 que
2108 442 2430 510 petierimus,
2459 441 2758 512 accipiemus
2801 442 2864 495 ab
2913 457 2971 496 eo
3007 461 3026 496 ι
3069 441 3120 512 (1⁵
3138 441 3298 497 Joan.
3352 455 3420 506 tt.
3461 440 3554 502 Si.

1969 531 2083 604 22).
2135 532 2246 588 Hoc
2272 533 2414 588 enim
2453 533 2626 604 agitur
2663 535 2954 599 voluntate,
3005 532 3296 597 credendo,
3331 547 3564 604 speran-

1971 622 2063 688 do,
2106 623 2397 694 diligendo,
2443 637 2637 694 corpus
2679 621 3005 694 castigando,
3053 621 3427 696 eleemosynas
3457 625 3564 675 'ta-

1971 714 2182 771 ciendo.
2209 715 2425 783 injurias
2456 713 2801 785 ignoscendo,
2831 715 3091 769 instanter
3115 715 3337 781 orando,
3365 723 3420 768 et
3445 729 3558 784 pro-

1976 807 2186 861 liciendi
2207 807 2348 862 vires
2371 807 2658 878 precando,
2681 807 3046 878 veracitcrque
3069 807 3317 876 dicendo,
3351 807 3560 861 Dimitte

1973 898 2134 964 nobis,
2175 900 2300 952 sicut
2327 908 2374 951 et
2401 915 2492 952 nos
2529 898 2863 966 dimittimus;
2901 906 2984 965 ct,
3030 898 3112 953 Ne
3150 900 3341 971 inferas
3377 916 3467 954 nos
3503 903 3574 952 ὑπ’

1973 989 2294 1040 tentationem
2313 1029 2330 1050 ,
2351 989 2438 1042 sed
2458 987 2612 1042 libera
2638 1005 2728 1042 nos
2755 1004 2784 1042 α
2809 989 2944 1042 malo
2969 987 3180 1060 (Matth.
3213 1006 3258 1046 vt
3277 1033 3290 1052 ,
3325 989 3412 1056 η’,
3445 989 3572 1062 l5).'

1978 1077 2088 1131 lloc
2121 1093 2338 1146 prorsus
2372 1081 2565 1148 agitur,
2613 1089 2664 1132 ut
2701 1091 2796 1133 eor
2838 1079 3144 1146 mundctur,
3187 1090 3242 1135 et
3281 1090 3555 1148 peccatum

1975 1182 2135 1223 omne
2169 1167 2408 1234 tollatur;
2438 1178 2493 1223 et
2530 1168 2670 1239 quod
2711 1185 2802 1224 rex
2839 1170 3078 1239 justus‘,
3117 1184 3236 1225 cum
3273 1170 3328 1224 in
3365 1172 3558 1226 tbr0no

1975 1258 2208 1324 sederit,
2258 1259 2524 1315 occultum
2571 1260 2831 1315 invenerit
2878 1261 3161 1330 minusque
3211 1262 3555 1327 mandatum,

1975 1351 2090 1420 ejus
2129 1351 2488 1406 misericordia
2513 1352 2850 1418 remittatur;
2891 1361 2948 1406 ut
2988 1353 3096 1408 Deo
3120 1352 3348 1408 videndo
3384 1361 3570 1408 totum

1974 1455 2164 1496 sanum
2194 1440 2558 1511 mundumque
2581 1441 2855 1496 reddatur.
2887 1441 3150 1497 Judicium
3179 1444 3310 1498 enim
3332 1445 3440 1498 sine
3465 1441 3559 1497 mi-

1975 1533 2264 1597 serieordia,
2299 1531 2391 1586 sed
2419 1533 2497 1586 illi
2520 1533 2604 1602 qui
2641 1549 2741 1588 non
2763 1534 2881 1605 fecit
2911 1535 3556 1607 misericordiam.Saper-

1984 1622 2183 1676 exultat
2224 1633 2392 1678 autent
2441 1624 2790 1678 misericordia
2839 1625 3035 1688 iudicio
3082 1625 3286 1696 (Jacobi
3333 1641 3388 1692 n,
3443 1625 3554 1698 13).

1975 1713 2126 1780 Quod
2159 1715 2206 1769 si
2245 1730 2350 1794 non
2387 1723 2552 1782 esset,
2583 1730 2702 1786 qun
2741 1730 2865 1786 spes
2907 1717 3086 1772 esset?
3121 1717 3564 1794 Quandoquidem

1975 1819 2090 1856 cum
2127 1820 2218 1858 rea:
2243 1790 2419 1876 justus
2444 1805 2627 1860 sederit
2665 1806 2720 1860 in
2749 1806 2953 1874 throno,
2991 1809 3106 1878 quis
3137 1790 3434 1879 gloriabitur
3467 1823 3564 1863 ca-

1975 1907 2109 1950 stum
2142 1913 2197 1952 se
2233 1898 2414 1954 habere
2452 1899 2585 1954 cor?
2621 1909 2707 1953 aut
2745 1900 2857 1970 quis
2892 1899 3191 1972 gloriabitur
3229 1903 3470 1955 mundum
3507 1918 3564 1956 ss

1977 2002 2084 2042 esse
2123 2005 2154 2042 a
2191 1991 2439 2061 peccato?
2478 1992 2627 2047 Tunc
2671 2007 2798 2064 ergo
2841 2008 2935 2062 per
2980 1993 3095 2062 ejus
3141 1993 3558 2048 miscricordiam

1971 2079 2099 2150 justi
2141 2082 2297 2152 plene
2325 2081 2666 2154 perfectaque
2703 2085 2962 2152 mandati,
2995 2085 3270 2156 fulgebunt
3307 2087 3363 2142 in
3396 2102 3569 2160 regnor

1978 2173 2150 2229 Patris
2173 2175 2256 2230 sui
2286 2176 2423 2232 sicut
2448 2177 2528 2232 sol
2556 2177 2769 2248 (Matth.
2799 2191 2918 2242 xm,
2949 2177 3063 2249 45).

2179 2268 2327 2324 'l‘unc
2356 2269 2510 2338 plene
2539 2277 2698 2340 atque
2741 2268 3013 2340 perfecte”
3053 2269 3154 2324 erit
3185 2269 3422 2326 Ecclesm
3454 2287 3560 2324 non

1979 2356 2186 2413 habens
2220 2361 2480 2414 maculam
2511 2368 2602 2413 ant
2629 2373 2810 2430 rugam
2847 2367 2942 2414 aut
2981 2358 3182 2429 aliquid
3223 2359 3524 2430 ltujusmodi
3547 2403 3560 2425 ,

1978 2451 2100 2520 quia
2142 2459 2268 2504 tunc
2304 2451 2463 2505 etiam
2507 2451 2610 2504 erit
2640 2465 2762 2506 vere
2791 2449 3051 2522 gloriosa.
3091 2449 3225 2505 Cum
3271 2451 3412 2504 enim
3455 2461 3574 2505 nou'

1982 2549 2186 2594 tantum
2223 2541 2330 2608 ait,
2361 2550 2417 2594 ut
2445 2540 2694 2596 exhiberet
2722 2541 2816 2594 sibi
2846 2539 3124 2594 Ecclesium
3163 2557 3263 2595 non
3301 2540 3567 2595 habentem

1981 2631 2230 2685 maculam
2257 2643 2342 2686 aut
2368 2643 2568 2702 rugam,
2595 2630 2686 2686 sed
2717 2630 2940 2698 addidit",
2967 2631 3238 2702 gloriosam
3265 2629 3481 2704 (Ephes.
3509 2648 3562 2697 v,

1979 2721 2094 2794 27);
2126 2725 2255 2777 satis
2283 2723 2622 2795 signiﬁcavit,
2652 2722 2864 2792 quando
2891 2723 2995 2794 erit
3015 2722 3133 2778 sine
3159 2723 3368 2778 macula
3394 2734 3449 2779 et
3474 2739 3568 2780 ru-

1981 2831 2044 2884 ga
2075 2825 2167 2870 aut
2193 2815 2372 2884 aliquo
2395 2815 2748 2886 hujusmodi'
2779 2833 2794 2870 :
2824 2824 2950 2872 tunc
2977 2817 3182 2886 utique,
3213 2817 3425 2888 quando
3451 2818 3569 2889 glo-

1983 2906 2146 2960 riosa.
2175 2906 2292 2961 Non
2315 2909 2457 2961 enim
2485 2906 2646 2962 modo
2671 2907 2721 2960 in
2750 2906 2910 2961 tantis
2939 2907 3112 2971 malis,
3141 2907 3194 2962 in
3227 2904 3387 2964 tantis
3411 2921 3568 2966 scan-

1983 2995 2139 3062 dulis,
2188 2998 2239 3050 in
2287 3005 2430 3050 tanta
2475 2996 2828 3066 permixtione
2871 2997 3144 3052 hominum
3189 2999 3574 3084 pessimorum,‘

1986 3086 2038 3140 in
2087 3087 2248 3141 tantis
2291 3087 2598 3156 Opprobriis
2645 3085 2929 3158 impiorum
2957 3077 3267 3144 'dicent'ium
3317 3099 3411 3145 est
3445 3105 3564 3160 eam

1984 3193 2103 3232 esse
2127 3179 2438 3248 gloriosam,
2467 3179 2589 3247 quia
2625 3193 2784 3249 reges
2819 3179 2868 3235 ei
2897 3163 3156 3246 serviunt,
3189 3179 3276 3236 ubi
3310 3189 3396 3236 est
3426 3161 3578 3252 peri?

1985 3270 2222 3325 culosior
2259 3269 2536 3339 majusque
2563 3271 2790 3326 tentatio
2821 3287 2836 3324 :
2863 3271 2957 3326 sed
2989 3272 3314 3341 tuncpotius
3337 3271 3574 3344 gloriosa

1985 3362 2108 3429 erit,
2139 3361 2352 3431 quando
2383 3360 2472 3415 [iet
2505 3361 2646 3432 quod
2678 3361 2820 3418 idem
2846 3362 2922 3418 ait
2947 3362 3241 3434 apostolus,
3259 3361 3396 3419 Cum
3419 3363 3572 3440 Chri—

1985 3463 2094 3508 stus
2120 3454 2414 3524 apparuerit
2435 3453 2538 3518 oita
2559 3462 2746 3520 uestra,
2775 3463 2894 3508 tunc
2917 3463 2964 3509 et
2989 3469 3075 3509 vos
3101 3455 3410 3526 apparebitis
3450 3461 3575 3510 cum

1985 3546 2097 3616 ipso
2121 3547 2173 3599 in
2193 3544 2360 3616 gloria
2387 3543 2604 3618 (Coloss.
2635 3561 2713 3611 tn,
2740 3546 2818 3619 4).
2845 3546 2980 3602 Cum
3005 3532 3148 3602 enim
3175 3546 3432 3604 Dominus
3455 3542 3571 3620 ipse

1986 3635 2274 3690 secundum
2305 3635 2534 3691 formam
2559 3637 2719 3701 servi,
2752 3651 2848 3707 per
2873 3649 3032 3708 quam
3059 3654 3124 3694 se
3147 3629 3414 3694 mediator
3438 3653 3570 3694 con-

1982 3725 2158 3796 junxit
2200 3727 2470 3794 Ecclesiae,
2516 3723 2624 3783 non
2655 3727 2814 3785 fuerit
2840 3728 3166 3800 glorifieatus
3195 3727 3296 3782 nisi
3325 3743 3568 3785 resurre—

1987 3817 2179 3871 ctionis
2207 3817 2375 3886 gloria
2402 3817 2564 3886 (utide
2595 3815 2800 3872 dictum
2834 3813 2937 3877 eat,
2969 3817 3195 3884 Spiritus
3218 3831 3316 3872 non
3347 3827 3455 3872 erat
3476 3817 3575 3871 da-

1991 3915 2072 3960 tus
2091 3947 2108 3974 ,
2141 3910 2260 3978 quia
2283 3906 2438 3962 Jesus
2463 3907 2689 3962 nondum
2714 3911 2881 3982 fuerat
2909 3907 3222 3979 glori/iectus
3252 3904 3436 3982 [leam
3461 3919 3534 3963 vn
3553 3951 3567 3974 .

1993 3996 2130 4070 59]);
2159 3999 2427 4068 quomodo
2446 3998 2674 4054 dicentia
2701 4008 2785 4055 est
2807 4007 2938 4054 ante
2962 3998 3403 4056 m5urrectionctn
3421 4015 3570 4055 suam

1993 4087 2228 4142 Ecclesia
2269 4088 2386 4157 ejus
2421 4103 2541 4144 esse
2565 4087 2835 4158 gloriosa?
2871 4079 3088 4145 Mu’ndat
3128 4103 3254 4161 ergo
3282 4105 3401 4146 eam
3429 4107 3574 4148 nunc

1991 4177 2203 4232 lavacro
2237 4193 2390 4248 aqua:
2427 4179 2479 4232 in
2507 4178 2670 4232 verbo
2701 4176 2915 4250 (Epiros.
2941 4193 2998 4246 v,
3031 4177 3146 4254 26),
3184 4180 3404 4237 abluens
3444 4197 3575 4254 pec-

1991 4277 2109 4324 cata
2140 4267 2428 4338 praeterita,
2453 4275 2509 4322 et
2537 4267 2742 4338 pellens
2765 4268 2835 4324 ab
2867 4283 2929 4324 ea
2957 4257 3374 4328 dominationem
3404 4275 3577 4330 malo-

1991 4373 2110 4416 rum
2133 4359 2458 4430 Angeiorum
2485 4379 2500 4415 :
2527 4359 2721 4416 deinde
2748 4361 3030 4432 perficiam
3048 4364 3168 4434 ejus
3193 4367 3467 4428 sanitates.
3499 4367 3578 4422 fa-

1993 4451 2070 4506 cit
2095 4467 2211 4507 eatn
2248 4465 2535 4508 occurrere
2556 4451 2609 4507 in
2634 4451 2777 4508 illam
2805 4451 3114 4524 gloriosam.
3145 4457 3260 4512 sine
3285 4457 3497 4514 macula
3522 4465 3581 4512 ct.

1995 4556 2144 4612 ruga.
2195 4542 2338 4606 Quos
2381 4543 2526 4598 enim
2571 4543 2974 4613 praedestinavit,
3009 4544 3138 4600 illos
3176 4557 3223 4600 et
3265 4549 3488 4613 vocavit;
3532 4559 3602 4604 et;

1995 4647 2125 4702 quos
2145 4633 2360 4700 uocauit,
2383 4633 2522 4704 ipsos
2543 4643 2594 4689 et
2608 4633 2948 4706 justiﬁcaoit;
2975 4649 3102 4708 quos
3125 4647 3292 4692 autem
3319 4640 3577 4710 iustiﬁca-

1997 4723 2066 4782 ιίι
2084 4761 2102 4789 ,
2127 4721 2246 4778 illos
2270 4731 2319 4778 et
2339 4723 2642 4795 gbtiﬁo‘atit
2665 4723 2847 4798 (Rom.
2876 4723 3000 4793 vrut',‘
3023 4727 3139 4797 30).
3169 4727 3226 4782 in
3255 4729 3360 4784 hoc
3385 4735 3592 4801 mystc-

1999 4816 2082 4871 rio
2105 4815 2306 4870 dictum
2329 4815 2589 4880 arbitror,
2615 4815 2748 4872 Ecce
2773 4817 2922 4890 ejicio
2949 4818 3228 4885 'dtemonia,
3245 4829 3308 4874 πει
3343 4821 3588 4876 sanitates

2001 4907 2209 4978 perﬁcio
2249 4907 2404 4962 hodie
2434 4917 2484 4963 et
2515 4923 2651 4975 cras,
2687 4918 2736 4964 st
2759 4909 2917 4964 'tertia
2956 4909 3040 4964 die
3073 4924 3392 4966 consummor
3427 4909 3580 4980 (Luc.

1999 5013 2114 5064 xm,
2146 4998 2262 5071 52),
2305 4998 2360 5054 id
2403 5007 2508 5066 est,
2549 4997 2820 5080 perficiar.
2863 5001 3002 5056 Dixit
3039 5001 3180 5057 enim
3225 5001 3327 5057 hoc
3359 5017 3422 5057 ex
3461 5018 3588 5073 per-

2003 5107 2132 5147 sona
2175 5091 2417 5162 corporis
2444 5091 2558 5158 sui,
2587 5091 2732 5164 quod
2757 5102 2842 5148 est
2871 5092 3104 5148 Ecclesia
3137 5110 3156 5149 :
3196 5094 3544 5166 dies-ponens
3563 5103 3588 5128 ⁵

2007 5199 2104 5252 pro
2121 5182 2388 5254 distinctis
2409 5183 2776 5254 ordinatisque
2794 5183 3148 5255 temporibus,
3171 5183 3311 5256 Quod
3330 5196 3388 5242 et
3411 5186 3464 5244 in
3490 5203 3590 5244 sua

2007 5276 2400 5340 resurrectione
2426 5273 2742 5348 signiﬁcavit
2777 5275 2832 5330 in
2861 5273 3059 5334 nidum

2019 5465 2026 5475 ’
2072 5478 2089 5544 ξ
2115 5485 2218 5544 tm.
2242 5480 2315 5524 Fr.
2336 5479 2545 5544 _et_.tttss.,
2567 5478 2614 5525 et
2633 5472 2762 5544 quod
2776 5457 3129 5544 judexﬂtstus.

2070 5541 2094 5680 ἓ
2921 5537 3453 5680 “littus.
3461 5604 3598 5658 uasa

2011 5668 2094 5714 aut
2115 5659 2276 5723 aliqua
2295 5659 2586 5721 amusium.
2644 5659 2655 5660 “
3069 5672 3078 5702 '.
3201 5685 3205 5692 ι
3383 5685 3388 5688 -

2015 5721 2258 5835 ιξὲξιὶ,
2297 5719 2512 5822 Emisit:
2543 5717 2632 5774 Dei
2661 5731 2898 5788 :paueas.
2928 5721 3254 5773 amentem
3274 5721 3486 5772 aoodtoe
3507 5727 3590 5768 va-

3621 1154 3662 1190 ί
