3994 6178
379 273 477 330 3M

450 383 541 444 56.
583 380 715 437 Puto
759 389 934 436 autem
975 377 1232 433 interesse
1274 376 1412 430 inter
1453 382 1654 430 rectum
1693 371 1873 433 corde,
1907 379 1960 426 et

379 475 637 531 mundum
663 472 844 528 corde.
876 470 1008 526 Nam
1039 479 1088 522 et
1121 478 1298 523 rectus
1317 466 1478 522 corde
1516 465 1567 520 in
1595 480 1655 518 ea
1695 479 1813 534 qum
1838 471 1961 518 autc

379 575 506 621 sunt
545 563 868 627 extenditur,
908 576 968 616 ea
1014 576 1134 630 qur
1175 567 1319 613 retro
1360 565 1483 611 sunt
1524 555 1862 618 obliviscens,
1905 561 1964 607 ut

381 663 530 712 recto
557 669 740 720 cursu,
770 651 820 707 id
851 661 932 706 est
958 659 1101 705 recta
1129 647 1232 704 (ide
1256 656 1417 718 atque
1451 645 1743 701 intentione
1771 658 1963 714 perve-

381 747 512 809 niat,
542 744 630 799 ubi
653 743 852 798 habitet
882 740 1112 796 mundus
1135 738 1298 794 corde
1329 737 1588 810 (Philipp.
1617 753 1692 801 ut,
1728 737 1818 802 I3,
1848 731 1962 805 Η).

378 835 531 892 Sicut
558 834 646 890 illa
682 832 887 905 singula
916 828 1188 887 reddenda
1216 836 1342 884 sunt
1366 827 1610 899 singulis,
1645 826 1734 881 ubi
1765 825 1962 879 dictum

378 935 484 987 est.
514 924 638 991 Quis
662 923 893 978 ascendet
916 922 971 976 in
1000 929 1218 974 montem
1248 917 1495 973 Domini?
1519 927 1606 970 aut
1629 917 1714 987 qui
1739 914 1884 970 stabit
1912 914 1966 967 in

381 1017 492 1070 loco
521 1026 696 1069 sancto
728 1014 876 1085 ejus?
910 1013 1164 1068 Innocens
1197 1011 1425 1065 manibus
1459 1018 1506 1064 et
1541 1007 1760 1062 mundus
1794 1009 1965 1061 corde.

387 1105 649 1161 lnnoceus
676 1105 920 1158 manibus
945 1105 1216 1170 ascendet,
1252 1112 1307 1158 et
1332 1101 1562 1158 mundus
1584 1099 1748 1155 corde
1769 1099 1927 1154 stabit
1951 1115 1965 1153 :

383 1198 513 1253 illud
546 1199 596 1252 iu
628 1212 793 1266 opere
827 1205 930 1261 est,
974 1196 1102 1250 illud
1142 1196 1192 1251 iu
1231 1195 1336 1250 line
1359 1196 1396 1246 ⁸.
1445 1193 1510 1248 Ει
1544 1193 1650 1247 illic
1689 1191 1856 1260 magis
1890 1190 1969 1244 in-

382 1286 727 1358 telligendum
753 1287 893 1358 quod
923 1287 1121 1342 dictum
1149 1297 1230 1342 est
1253 1329 1268 1354 ,
1301 1285 1443 1342 Bona
1469 1296 1541 1341 est
1562 1285 1863 1349 substantia,
1889 1284 1971 1338 cui

385 1394 490 1433 non
526 1388 597 1433 cst
631 1387 888 1448 peccaturi:
916 1379 968 1430 in
1003 1379 1326 1434 conscientia.
1361 1377 1510 1432 Tunc
1535 1377 1676 1434 enim
1717 1377 1818 1431 erit
1844 1391 1973 1432 vero

383 1471 522 1529 bona
563 1472 884 1535 substantia,
917 1471 968 1524 id
997 1481 1099 1538 est,
1123 1487 1262 1525 verae
1291 1469 1510 1535 divitiae,
1542 1485 1661 1523 cum
1704 1469 1974 1523 transierit

385 1570 495 1617 tota
529 1570 832 1631 pattpertas,
862 1561 913 1618 id
945 1570 1049 1627 est,
1079 1577 1202 1618 cum
1232 1570 1542 1632 consumpta
1564 1563 1586 1596 ι
1615 1561 1771 1617 fuerit
1799 1561 1973 1616 omnis

388 1652 688 1706 inﬁrmitas.
720 1652 873 1708 Nunc
897 1669 1026 1708 vero
1055 1663 1245 1708 avertat
1277 1670 1330 1708 se
1364 1655 1514 1707 homo
1547 1671 1579 1706 a
1611 1652 1814 1715 delicto.
1850 1667 1970 1707 cum

391 1745 718 1816 proliciendo
759 1745 882 1802 inde
922 1746 1186 1814 discedit,
1229 1754 1284 1802 et
1320 1754 1608 1801 renovatur
1632 1745 1652 1778 ⁸
1695 1745 1765 1800 de
1798 1745 1886 1800 die
1921 1745 1972 1799 in

389 1837 562 1903 diem;
591 1847 635 1892 et
664 1837 851 1909 dirigat
878 1855 1058 1893 manus
1083 1839 1134 1892 in
1165 1853 1326 1910 opera
1345 1837 1366 1870 ‘*
1393 1838 1805 1903 misericordire,
1834 1846 1888 1892 et
1913 1837 1975 1890 ab

390 1929 529 1982 omni
563 1927 746 1983 delicto
784 1929 989 1984 mandet
1015 1946 1103 1984 cor
1139 1945 1320 1995 suum;
1359 1931 1694 1993 misereatur,
1740 1938 1798 1984 ut
1835 1929 1974 2000 quod

388 2033 556 2079 restat
570 2022 614 2091 ⁸,
644 2035 742 2094 per
766 2025 972 2080 veniam
1016 2023 1330 2080 dimittatur.
1375 2024 1485 2078 IIoc
1522 2024 1663 2078 enim
1694 2022 1978 2078 salubriter

387 2123 444 2170 et
468 2112 585 2168 sine
609 2129 740 2168 vana
769 2113 1284 2185 inaniquejactantia
1312 2114 1450 2171 bene
1477 2115 1806 2185 intelligitur,
1835 2115 1885 2170 in
1913 2130 1979 2171 eo

388 2204 530 2273 quod
561 2202 695 2260 dixit
734 2215 949 2259 sanctus
985 2205 1240 2265 Joannes.
1287 2206 1347 2262 Si
1385 2223 1473 2262 cor
1501 2215 1730 2261 nostrum
1757 2224 1848 2261 nos
1878 2224 1979 2262 non

390 2295 746 2366 reprehendat,
779 2297 1020 2366 ﬁduciam
1055 2298 1295 2354 habemus
1322 2299 1391 2353 ad
1428 2299 1614 2362 Deum,
1645 2307 1693 2354 et
1721 2315 1979 2370 quaecum-

391 2403 490 2456 que
528 2389 837 2457 petierimus,
881 2389 1184 2459 accipiemus
1229 2391 1294 2445 ab
1329 2406 1406 2444 eo.
1446 2390 1560 2446 Hoc
1603 2391 1746 2446 enim
1772 2391 1982 2446 videtur

393 2476 500 2532 isto
544 2476 662 2532 loco
709 2477 1071 2550 admonuisse,
1113 2494 1182 2534 ne
1219 2493 1315 2534 cor
1345 2467 1591 2536 nostrum
1639 2496 1740 2536 nos
1775 2481 1827 2536 in
1868 2482 1979 2552 ipsa

392 2567 638 2624 oratione
673 2576 728 2623 et
757 2568 1012 2638 petitione
1041 2570 1401 2640 reprehendat
1431 2589 1445 2626 :
1478 2570 1583 2628 hoc
1612 2583 1714 2637 est,
1747 2589 1816 2628 ne
1845 2573 1983 2631 forte

391 2671 515 2711 cum
541 2658 865 2730 coeperimus
889 2658 1092 2728 dicere,
1121 2659 1334 2716 Dimitte
1365 2662 1526 2728 nobis,
1557 2664 1688 2718 sicut
1716 2674 1763 2719 et
1787 2682 1880 2719 nos
1903 2666 1984 2719 di-

391 2747 670 2813 mittimus;
716 2763 1138 2820 compungamur
1177 2767 1281 2807 non
1329 2753 1505 2810 facere
1543 2755 1686 2826 quod
1733 2755 1980 2822 dicimus,

393 2839 672 2897 autetiam
698 2855 804 2896 non
827 2841 1122 2900 audeamus
1145 2842 1326 2900 dicere
1351 2844 1492 2917 quod
1520 2861 1627 2903 non
1655 2846 1898 2916 facimus,
1930 2858 1982 2904 et

392 2926 639 2986 ﬁduciam
668 2931 880 2998 petendi
907 2933 1234 2990 amittamus.

461 3020 691 3082 CAPUT
715 3023 850 3084 XVI.
876 3055 948 3067 —-
965 3028 1056 3084 '57.
1079 3029 1208 3084 item
1231 3031 1333 3087 sibi
1353 3033 1601 3103 opposuit
1622 3034 1983 3088 testimonium

391 3109 786 3182 Scripturarum
802 3156 818 3182 ,
846 3116 988 3188 quod
1010 3118 1089 3174 eis
1115 3119 1222 3175 dici
1247 3121 1416 3190 solet,
1447 3123 1582 3191 Quia
1608 3140 1710 3179 non
1737 3134 1809 3180 est
1834 3126 1984 3180 homo

387 3205 560 3276 jumts
584 3207 637 3262 in
665 3215 801 3267 terra
822 3209 910 3278 qui
947 3211 1100 3282 faciat
1129 3211 1314 3266 bonum
1331 3253 1348 3280 ,
1373 3225 1421 3269 et
1445 3231 1547 3270 non
1577 3226 1742 3287 peccet
1781 3216 1979 3288 (Eccle.

393 3311 491 3364 vn,
536 3297 654 3368 ει).
701 3298 772 3356 Ει
809 3301 963 3372 quasi
1002 3304 1278 3373 respondit
1311 3305 1428 3361 aliis
1471 3307 1819 3374 testimoniis,
1861 3310 1984 3380 quia

399 3407 421 3445 ο
456 3389 713 3448 Dominus
755 3391 824 3448 de
860 3402 1046 3450 sancto
1071 3394 1174 3451 .Iob
1200 3396 1274 3450 ait
1303 3414 1316 3452 :
1351 3395 1616 3470 Numquid
1655 3401 1983 3457 considerasti

390 3495 592 3536 servum
634 3497 804 3541 meum
843 3481 991 3539 Iob?
1044 3483 1168 3540 Non
1219 3485 1351 3541 enim
1403 3496 1477 3542 est
1520 3489 1570 3543 ei
1611 3489 1792 3545 similis
1838 3493 1980 3560 quis-

389 3586 544 3636 quam
587 3571 641 3626 in
685 3573 868 3640 terris,
914 3573 1065 3628 homo
1106 3575 1216 3630 sine
1255 3577 1493 3648 querela,
1545 3593 1689 3635 serus
1729 3579 1826 3635 Dei
1869 3581 1981 3636 cul—

396 3673 506 3730 tor,
533 3662 787 3722 obuium
813 3682 869 3722 se
893 3665 961 3720 ab.
981 3669 1121 3722 omni
1147 3669 1282 3723 malo
1316 3689 1336 3722 ι
1370 3669 1492 3743 (Job
1515 3687 1552 3738 ι,
1583 3671 1663 3744 8).
1694 3671 1847 3730 Unde
1869 3673 1983 3744 jam

392 3753 641 3825 superius
681 3754 1050 3812 disseruimus.
1080 3758 1188 3814 Nec
1216 3769 1393 3816 tamen
1423 3761 1538 3832 ipse
1565 3764 1800 3819 ostendit
1829 3765 1982 3820 nobis

391 3845 665 3916 quomodo.
687 3855 742 3902 et
768 3846 904 3915 .lob,
933 3849 978 3903 si
1016 3848 1130 3904 hare
1157 3851 1322 3906 verba
1350 3852 1420 3907 ita
1450 3853 1792 3924 intelligenda
1822 3866 1976 3922 sunt,

391 3937 512 3992 sine
539 3936 650 3993 ullo
687 3947 911 4008 peccato
945 3938 1105 3995 fuerit
1147 3941 1199 3995 in
1231 3949 1404 4010 terra,
1444 3952 1500 4000 et
1525 3959 1708 4000 verum
1739 3947 1810 4002 sit
1839 3949 1982 4018 quod

391 4031 657 4096 scriptum
675 4043 795 4087 esse
818 4029 972 4096 dixit,
1001 4030 1125 4089 Non
1161 4041 1237 4088 est
1271 4034 1422 4092 homo
1450 4035 1622 4107 justus
1658 4036 1710 4090 in
1737 4046 1870 4092 terra
1897 4040 1986 4108 qui

393 4119 551 4185 iaciat
579 4120 785 4188 bonum,
809 4132 856 4175 et
885 4138 986 4178 non
1015 4132 1202 4192 peccet.

463 4212 692 4275 CAPUT
718 4213 884 4276 XVII.
906 4245 980 4256 —
1001 4216 1090 4272 58.
1120 4217 1282 4274 sltem
1306 4219 1511 4285 dicunt,
1540 4237 1568 4273 ι.
1597 4219 1784 4292 inquit,
1815 4221 1982 4289 «Quia

392 4318 497 4357 non
507 4304 875 4374 justi/imbitur
894 4305 948 4360 in
975 4319 1248 4372 conspectu
1269 4318 1356 4363 tuo
1379 4310 1543 4364 omnis
1566 4311 1734 4366 vivens
1754 4329 1776 4365 ι
1805 4311 1977 4382 (Psab.

392 4407 572 4458 exul,
625 4393 707 4462 2.).
763 4395 830 4451 Et
874 4395 999 4453 huic
1045 4399 1349 4456 testimonio
1389 4402 1540 4470 quasi
1594 4403 1870 4472 respondit
1909 4403 1979 4459 ad

392 4481 526 4538 nihil
552 4483 730 4552 aliud,
758 4485 861 4540 nisi
887 4495 946 4540 ut
971 4485 1260 4556 Scriptum
1287 4498 1491 4546 sanctte
1516 4493 1656 4548 inter
1681 4507 1742 4549 se
1771 4494 1980 4565 Iigitare

389 4574 675 4631 videantur
702 4593 718 4630 :
747 4591 971 4646 quarum
999 4579 1335 4635 concordiam
1380 4595 1479 4636 nos
1513 4581 1772 4640 debemus
1794 4593 1980 4640 osten-

391 4667 545 4724 dere.
595 4667 686 4728 Ait
706 4669 849 4728 cnim
882 4685 898 4724 :
931 4686 952 4722 s
987 4669 1191 4738 Quibus
1229 4671 1658 4742 respondendum
1687 4685 1803 4741 est,
1833 4678 1984 4748 quod

391 4759 462 4813 de
497 4767 692 4814 sancto
727 4759 985 4822 Zacharia
1033 4770 1088 4817 et
1133 4761 1405 4818 Etisabeth
1449 4766 1770 4836 evangelista
1813 4777 1974 4826 testa-

393 4858 484 4904 tur
503 4891 517 4914 ,
557 4850 780 4912 dicens:
808 4850 970 4911 Erant
1004 4863 1171 4908 autem
1199 4852 1478 4913 Zacharias
1502 4866 1553 4912 et
1570 4857 1827 4915 Etisabeth
1850 4879 1982 4917 uxor

391 4947 502 5010 ejus
531 4942 653 5008 iusti
681 4945 829 4999 ambo
864 4945 920 5002 in
946 4957 1216 5016 conspectu
1246 4946 1484 5014 Domini,
1520 4961 1567 5004 et
1605 4951 1886 5008 incedentes
1927 4957 1980 5008 in

392 5035 625 5088 omnibus
656 5035 910 5094 mandatis
938 5044 984 5090 et
1002 5037 1456 5108 jnstiﬁcationibus
1477 5039 1685 5096 Domini
1719 5045 1828 5099 sine
1861 5061 1983 5116 que-

392 5124 501 5179 rela
548 5145 568 5179 ι
603 5125 754 5199 (Luc.
792 5143 843 5195 ι,
883 5126 961 5202 6).
999 5129 1100 5197 Qui
1139 5130 1267 5200 justi
1313 5131 1474 5186 ambo
1515 5133 1698 5204 utique
1745 5135 1984 5206 legerant

450 5240 474 5310 f
501 5240 634 5300 mliti,
660 5238 784 5291 illud
805 5238 857 5292 in
871 5237 980 5306 [ide
1001 5253 1021 5292 :
1043 5239 1175 5293 male
1193 5255 1253 5294 se
1289 5242 1691 5296 dissentientibus
1712 5251 1980 5298 manuscri-

393 5309 608 5413 w’sitditi
633 5371 684 5413 et
705 5366 1015 5429 munscripti
1039 5373 1219 5429 praeter
1239 5381 1389 5418 unum
1405 5381 1437 5420 e
1457 5369 1694 5428 Vaticanis
1715 5370 1979 5430 habebant.

392 5432 733 5474 consummata.

397 5487 571 5573 -..’.3‘?
585 5485 895 5573 93252299;
908 5494 965 5538 λι
987 5497 1108 5550 λη’-ν
1131 5488 1352 5542 “mm
1365 5496 1414 5542 ει
1435 5499 1703 5544 renovetur.
1719 5499 1851 5553 ων..
1880 5492 1980 5546 da-

395 5555 526 5598 cettst
543 5562 561 5604 .'
581 5555 629 5599 et
645 5557 913 5600 renooetta'.

453 5607 475 5684 ξ
497 5608 721 5684 uterique
731 5616 866 5684 ttae,
885 5609 936 5684 in
957 5623 1118 5684 opere.
1141 5612 1339 5684 Quidam
1363 5614 1539 5675 codex,
1554 5614 1607 5666 in
1620 5629 1758 5684 opus.

451 5671 474 5701 ³
500 5677 630 5742 Upus
642 5671 708 5722 ex
1138 5676 1332 5744 mandet
1354 5688 1438 5744 cor
1454 5671 1610 5739 suum,
1631 5671 1746 5729 dum
1767 5693 1852 5744 per
1871 5694 1977 5744 ope-

390 5743 450 5788 ro
464 5730 816 5789 misericordia:
833 5739 1043 5785 meretur
1067 5730 1116 5785 ut
1140 5735 1268 5798 quod
1288 5741 1447 5800 restat,
1469 5746 1564 5788 etc.

1617 261 1671 318 s.
1718 259 2078 353 .tucttsrtut
2121 235 2420 318 Episcort

3557 253 3666 312 319.

2075 371 2211 425 inter
2241 371 2349 440 ipsa
2381 367 2644 431 mandata,
2680 365 3126 437 quemadmodum
3149 382 3242 421 sua
3270 375 3486 438 peccata
3505 383 3670 424 mun-

2069 462 2274 516 darent.
2333 461 2465 516 Nam
2505 459 2808 521 Zacharias,
2839 459 2980 530 quod
3007 458 3076 514 dc
3106 460 3250 514 omni
3291 460 3571 516 sacerdote
3597 476 3662 516 ex

2072 552 2376 608 hominibus
2420 558 2643 622 accepto
2683 551 2735 605 in
2779 551 3016 622 Epistola
3050 551 3116 606 ad
3147 552 3402 608 llebrznos
3444 551 3662 619 dicitur,

2071 643 2230 698 etiam
2260 657 2355 713 pro
2376 642 2486 697 suis
2510 643 2740 712 peccatis
2763 642 2942 713 utique
2961 641 3164 697 hostias
3188 643 3450 699 otTerebat
3478 640 3664 716 (Hebr.

2071 749 2125 795 v.
2155 733 2234 806 '5).
2261 733 2540 802 Quomodo
2567 743 2743 789 autem
2770 733 3170 816 intelligendum
3192 736 3260 789 sit
3286 735 3429 804 quod
3449 735 3665 804 dicitur,

2071 826 2178 880 sine
2195 825 2416 897 querela,
2439 827 2549 895 jam
2578 839 2736 896 supra
2765 825 2914 888 satis,
2947 834 3201 896 quantum
3232 826 3444 896 opinor,
3476 836 3670 882 osten-

2074 917 2252 972 dimus
2295 915 2461 987 (Cap.
2505 917 2601 982 11,
2645 933 2700 970 η.
2741 914 2953 988 25-28).
3005 933 3024 967 ι
3063 915 3132 969 Ει
3161 915 3382 984 beatus,
3419 935 3438 970 ι
3473 918 3667 988 inquit,

2079 1026 2099 1060 s
2141 1009 2422 1079 Apostolus
2449 1007 2544 1075 ait,
2580 1006 2647 1063 Ut
2674 1007 2830 1064 simus
2868 1007 3030 1062 sancti
3071 1017 3118 1061 et
3141 1009 3522 1064 immaculatiin
3541 1027 3670 1066 con-

2073 1110 2247 1170 spectu
2286 1101 2394 1170 ejn’s
2423 1118 2441 1152 ι
2468 1097 2685 1171 (Ep/tes.
2711 1115 2750 1166 ι,
2773 1098 2851 1172 ι).
2885 1099 2994 1156 lIoc
3019 1101 3214 1170 agitur,
3246 1109 3306 1156 ut
3333 1101 3434 1157 hoc
3461 1103 3668 1169 simus;

2074 1195 2118 1248 si
2151 1194 2471 1248 immaculati
2505 1193 2829 1264 intelligendi
2859 1203 3004 1261 sunt,
3031 1194 3122 1264 qui
3155 1195 3374 1249 omnino
3400 1196 3516 1251 sine
3545 1211 3672 1266 pec-

2075 1294 2194 1340 cato
2225 1297 2366 1338 sunt.
2419 1283 2475 1340 Si
2513 1295 2688 1339 autem
2735 1285 3057 1340 immaculati
3090 1293 3253 1353 sunt,
3285 1286 3376 1356 qui
3404 1294 3530 1342 sunt
3553 1288 3674 1344 sine

2075 1377 2334 1442 crimine;
2379 1378 2538 1430 etiam
2571 1378 2622 1430 iu
2652 1379 2748 1432 hac
2777 1378 2880 1432 vita
2915 1375 3076 1433 fuisse
3114 1387 3274 1448 atque
3308 1392 3431 1434 esse
3474 1394 3672 1451 negare

2076 1484 2183 1524 non
2228 1484 2514 1540 possumus
2545 1487 2558 1524 :
2591 1470 2712 1540 quia
2759 1485 2863 1523 non
2892 1469 3012 1524 ideo
3038 1470 3155 1525 sine
3197 1470 3305 1526 ullo
3341 1480 3562 1541 peccato
3589 1482 3671 1527 est

2076 1560 2289 1629 aliquis.
2319 1560 2569 1630 quoniam
2601 1577 2704 1614 non
2737 1560 2896 1615 habet
2928 1561 3191 1616 maculam
3221 1562 3485 1619 criminis.
3517 1563 3672 1621 Unde

2077 1659 2133 1706 et
2161 1651 2443 1721 Apostolus
2473 1667 2592 1705 eum
2625 1651 2895 1706 ministros
2919 1652 3140 1721 eligeret
3167 1652 3496 1708 ordinandos
3518 1695 3534 1721 ,
3563 1669 3669 1709 non

2079 1744 2173 1810 ait,
2200 1746 2254 1800 Si
2281 1744 2398 1815 quis
2425 1745 2541 1798 sine
2571 1753 2818 1814 peccato;
2851 1743 2990 1813 quod
3019 1744 3258 1800 invenire
3279 1745 3297 1776 ¹
3323 1759 3427 1799 non
3453 1755 3667 1817 posset:

2080 1834 2173 1891 sed
2201 1834 2386 1901 ait,,Si
2414 1835 2524 1905 quis
2553 1835 2663 1889 sine
2701 1835 2913 1892 crimine
2951 1833 3078 1906 (Tit.
3109 1851 3147 1902 I,
3180 1836 3234 1905 6)
3267 1853 3282 1901 ;
3317 1836 3458 1907 quod
3488 1838 3672 1908 utique

2079 1937 2282 1998 posset.
2331 1927 2440 1982 Nec
2471 1935 2647 1982 tamen
2688 1928 2789 1982 iste
2818 1926 3073 1992 ostendit,
3101 1928 3550 1999 quemadmodum
3580 1947 3660 1984 se-

2083 2020 2313 2075 cundum
2345 2035 2495 2074 suam
2534 2035 2745 2075 causam
2775 2019 3065 2075 debeamus
3101 2021 3344 2092 accipere
3364 2022 3506 2093 quod
3534 2025 3671 2078 scri-

2083 2121 2231 2181 ptum
2261 2119 2343 2166 est
2373 2128 2386 2164 :
2423 2111 2675 2179 Quoniam
2701 2127 2802 2165 non
2824 2111 3190 2182 justiﬁcabitur
3211 2112 3264 2166 in
3289 2122 3556 2184 conspectu
3585 2125 3674 2169 tuo

2083 2203 2242 2256 omnis
2266 2196 2451 2256 vivens.
2483 2201 2682 2272 Aperta
2702 2203 2898 2273 quippe
2916 2203 3178 2258 sententia
3201 2212 3284 2257 est
3308 2203 3378 2259 de
3397 2207 3671 2275 superiore

2083 2309 2240 2348 versu
2283 2294 2543 2350 illustrius
2577 2293 2844 2350 declarata
2866 2337 2881 2360 ,
2917 2294 3038 2348 Non
3079 2296 3254 2362 intres,
3295 2297 3486 2368 inquit,
3511 2301 3562 2351 in
3579 2300 3674 2370 ju-

2085 2384 2273 2436 dicium
2315 2401 2430 2438 cum
2471 2399 2612 2439 servo
2651 2398 2758 2451 tuo,
2797 2387 3036 2455 quoniam
3075 2402 3177 2439 non
3209 2387 3576 2457 justi/imbitur
3619 2390 3672 2444 in

2085 2485 2355 2545 conspectu
2383 2486 2468 2529 tuo
2497 2476 2662 2530 omnis
2682 2475 2868 2529 vivens.
2923 2475 3188 2532 iudicium
3221 2479 3388 2542 timet.
3417 2480 3538 2549 quia
3570 2481 3674 2534 mi-

2086 2567 2426 2622 sericordiam
2456 2566 2743 2632 desiderat,
2771 2584 2891 2639 qua:
2917 2570 3275 2639 superexaltat
3298 2571 3519 2640 judicio.
3565 2572 3676 2628 lIoc

2087 2668 2168 2714 est
2196 2659 2336 2714 enim
2361 2701 2376 2726 ,
2407 2658 2491 2714 Ne
2525 2660 2682 2713 intres
2710 2661 2764 2714 in
2793 2659 3047 2730 judicium
3090 2677 3202 2714 cum
3233 2678 3374 2715 servo
3411 2671 3518 2728 tuo,
3568 2665 3676 2720 noli

2085 2766 2172 2804 me
2193 2750 2432 2820 judicare
2455 2751 2744 2807 secundum
2775 2762 2855 2817 te,
2902 2753 2989 2822 qui
3017 2769 3076 2808 es
3103 2754 3222 2809 siue
3262 2765 3478 2824 peccato
3511 2773 3525 2809 :
3555 2759 3677 2828 quia

2087 2859 2188 2895 non
2209 2843 2576 2913 justi/imbitur
2595 2843 2647 2897 in
2676 2854 2943 2914 conspectu
2982 2854 3067 2898 tuo
3093 2845 3257 2898 omnis
3282 2846 3488 2909 virens;
3531 2847 3676 2918 quod

2086 2934 2153 2988 de
2179 2933 2276 2987 hac
2298 2937 2398 2987 vita
2427 2934 2626 2988 dictum
2648 2936 2763 2990 sine
2783 2933 2986 2989 difﬁcili
3011 2937 3306 3005 qumstione
3331 2936 3673 3008 intelligitur;

2086 3041 2138 3081 et
2167 3026 2303 3093 quod
2332 3027 2402 3079 ait
2423 3067 2437 3088 ,
2471 3045 2570 3080 non
2587 3028 2954 3098 justiﬁcabitur
2973 3069 2987 3094 ,
3031 3028 3096 3082 ad
3129 3029 3269 3084 illam
3299 3030 3674 3099 perfectionem

2080 3115 2300 3186 iustitia:
2329 3117 2525 3181 retulit.
2552 3134 2670 3188 qua:
2691 3119 2742 3172 in
2775 3118 2873 3172 hac
2902 3119 3006 3173 vita
3042 3135 3145 3173 non
3174 3131 3276 3175 est.

2157 3210 2380 3266 CAPUT
2407 3210 2589 3266 XVIII.
2619 3241 2693 3252 —
2729 3213 2816 3268 39.
2851 3231 2870 3264 ‹
2910 3212 3038 3269 Item
3067 3214 3302 3280 dicunt,»
3336 3216 3524 3287 inquit,
3560 3235 3580 3270 ι
3615 3217 3676 3274 Si

2087 3301 2361 3355 dixerimus
2385 3303 2502 3371 quia
2530 3313 2785 3373 peccatum
2827 3321 2928 3358 non
2957 3305 3226 3373 habemus,
3258 3307 3358 3377 ipsi
3396 3325 3486 3362 nos
3519 3310 3676 3363 seda-

2086 3392 2264 3458 cimus,
2289 3403 2333 3446 ct
2354 3394 2535 3448 veritas
2555 3395 2608 3448 in
2633 3395 2776 3448 nobis
2801 3411 2898 3448 non
2923 3405 2996 3450 est
3033 3396 3104 3470 s(l
3122 3396 3277 3452 Joan.
3303 3415 3338 3466 I,
3365 3399 3443 3471 8).
3469 3401 3534 3455 Et
3555 3400 3678 3457 huic

2085 3483 2485 3540 evidentissimo
2515 3486 2820 3542 testimonio
2859 3491 3010 3558 quasi
3049 3491 3328 3546 contrariis
3359 3493 3676 3550 testimoniis

2087 3575 2412 3643 respondere
2458 3585 2680 3633 conatus
2705 3587 2818 3641 est,
2872 3579 3012 3648 quod
3049 3579 3246 3635 «idem
3275 3592 3492 3639 sanctus
3514 3585 3677 3640 Joan-
3745 3628 3752 3634 .

2086 3681 2182 3721 nes
2209 3666 2261 3720 in
2287 3665 2471 3720 eadem
2501 3667 2737 3738 Epistola
2765 3667 2935 3736 dicat,
2969 3668 3079 3724 Hoc
3101 3681 3268 3726 autem
3295 3671 3438 3740 dico,
3467 3677 3672 3744 fratres,

2085 3767 2141 3811 ut
2170 3774 2273 3812 nou
2307 3758 2538 3828 peccetis.
2571 3758 2749 3814 Omnis
2775 3761 2862 3831 qui
2888 3771 3036 3815 natus
3061 3771 3136 3816 est
3165 3779 3228 3817 ea:
3263 3761 3392 3830 Deo,
3421 3775 3677 3832 peccatum

2085 3864 2186 3902 non
2220 3848 2363 3919 facit,
2394 3849 2514 3918 quia
2551 3867 2718 3905 semen
2749 3851 2908 3922 ipsius
2937 3852 2986 3906 in
3014 3868 3071 3906 eo
3093 3863 3279 3920 manet,
3315 3863 3362 3908 et
3391 3871 3495 3909 non
3515 3865 3678 3927 potest

2087 3956 2294 4009 peccare
2353 3938 2464 4012 (Id.
2530 3956 2630 4008 tu,
2688 3941 2768 4011 9).
2823 3943 2950 3996 Item
2999 3943 3103 3998 illic
3137 3962 3149 3996 :
3187 3945 3288 4012 Qui
3321 3955 3469 4000 natus
3505 3957 3579 4002 est
3615 3965 3680 4003 ex

2086 4029 2216 4095 Deo,
2249 4047 2350 4084 non
2379 4042 2580 4100 peccat,
2618 4033 2736 4101 quia
2760 4034 3016 4102 generatio
3044 4033 3141 4088 Dei
3164 4047 3423 4090 conservat
3461 4054 3602 4104 eum,
3631 4050 3680 4091 ct

2085 4123 2336 4193 malignus
2363 4139 2464 4177 non
2501 4124 2660 4192 tangit
2685 4141 2799 4178 eum
2825 4123 2936 4194 (Id.
2969 4142 3022 4193 ν,
3050 4125 3163 4192 18).
3202 4127 3331 4182 Item
3362 4128 3499 4193 illic,
3525 4147 3544 4181 ι
3592 4130 3677 4184 iu~

2085 4213 2196 4284 quit
2213 4256 2226 4275 ,
2263 4233 2282 4265 ι
2308 4214 2395 4268 ubi
2421 4215 2490 4271 de
2516 4214 2789 4271 Salvatore
2817 4216 2928 4273 ait:
2955 4217 3209 4286 Quoniam
3228 4219 3316 4274 ille
3333 4221 3594 4292 apparuit,
3622 4233 3681 4274 ut

2085 4313 2290 4375 peccata
2307 4305 2521 4360 tolleret.
2539 4304 2716 4360 Omnis
2731 4307 2817 4378 qui
2831 4308 2884 4362 in
2901 4325 2958 4363 eo
2975 4319 3158 4374 manet,
3172 4326 3274 4364 non
3289 4321 3480 4382 peccat.
3500 4310 3681 4366 Omnis

2083 4395 2171 4465 qui
2193 4405 2387 4466 peccat,
2418 4413 2520 4451 non
2538 4397 2664 4451 vidit
2678 4414 2814 4466 eum,
2845 4415 2935 4454 nec
2963 4402 3194 4471 cognouit
3218 4417 3351 4455 eum.
3379 4401 3506 4457 Item
3532 4403 3676 4462 illic:

2085 4485 2408 4552 Charissimi,
2442 4503 2578 4540 nunc
2601 4488 2697 4556 ﬁlii
2729 4486 2824 4542 Dei
2863 4505 3072 4556 sumus,
3113 4501 3160 4544 et
3189 4491 3415 4546 nondum
3439 4496 3681 4563 apparuit

2083 4578 2205 4650 quid
2233 4579 2440 4634 erimus.
2471 4578 2676 4635 Scimus
2703 4581 2943 4650 quoniam
2979 4598 3098 4636 cum
3124 4585 3452 4655 apparuerit,
3490 4584 3682 4641 similes

2084 4657 2374 4737 ei'erimus,
2402 4670 2642 4740 quoniam
2673 4669 2949 4725 videbimus
2981 4687 3096 4726 eum
3119 4673 3272 4727 sicuti
3301 4682 3374 4728 est
3393 4690 3420 4728 ει
3443 4685 3492 4729 et
3514 4677 3683 4734 omnis

2084 4759 2168 4826 qui
2192 4759 2337 4814 habet
2363 4775 2504 4830 spem
2534 4757 2738 4814 hancin
2763 4775 2901 4828 cum,
2932 4763 3216 4832 sanctiﬁcat
3237 4779 3312 4832 se,
3342 4764 3478 4820 sicut
3495 4775 3545 4819 et
3571 4766 3683 4836 ipse

2084 4862 2287 4905 sanctus
2313 4861 2387 4906 est
2425 4850 2538 4924 (Id.
2563 4867 2654 4920 tu,
2686 4853 2742 4920 5;
2773 4853 2828 4919 6,
2859 4854 2915 4921 2,
2947 4855 3022 4924 3).
3051 4873 3070 4908 ι
3102 4855 3171 4910 Ει
3198 4865 3378 4912 tamen
3411 4873 3530 4913 cum
3562 4857 3683 4914 hate

2085 4944 2264 4998 omnia
2303 4943 2604 5001 testimonia
2648 4959 2771 5000 vera
2803 4945 2946 5014 sint,
2973 4961 3160 5002 verum
3189 4957 3273 5004 est
3299 4957 3356 5004 et
3378 4948 3512 5004 illud
3535 4950 3684 5020 quod

2086 5034 2382 5103 proposuit,
2405 5043 2460 5088 et
2487 5049 2592 5089 non
2617 5035 2794 5103 solvit,
2822 5035 2972 5103 Quod
2997 5037 3043 5092 si
3060 5037 3342 5095 dixerinms
3357 5039 3477 5110 quia
3494 5056 3681 5110 pecea-

2086 5132 2192 5178 tum
2210 5139 2312 5177 non
2331 5123 2592 5189 habemus,
2619 5141 2711 5180 nos
2734 5125 2874 5197 ipsos
2894 5127 3203 5194 seducimus,
3234 5138 3281 5183 et
3306 5130 3491 5185 ueritas
3511 5130 3565 5184 in
3585 5147 3683 5184 no-

2085 5214 2161 5271 bis
2187 5230 2286 5269 nan
2305 5224 2399 5269 est.
2425 5217 2502 5270 Ae
2523 5231 2617 5286 per
2639 5216 2761 5284 hoc,
2782 5218 3077 5275 secundum
3102 5218 3156 5275 id
3179 5219 3322 5291 quod
3345 5235 3411 5276 ex
3433 5221 3544 5277 Deo
3567 5224 3678 5278 nati

2083 5319 2300 5369 sumus,
2333 5307 2384 5360 iu
2415 5322 2481 5362 eo
2505 5309 2594 5378 qui
2625 5311 2872 5380 apparuit
2895 5318 2954 5364 ut
2977 5321 3191 5382 peccata
3219 5311 3464 5379 tolleret,
3491 5312 3542 5368 id
3568 5323 3683 5381 est,

2085 5397 2142 5452 in
2169 5397 2380 5453 Christo
2407 5414 2716 5466 manemus,
2759 5409 2945 5457 etnon
2973 5417 3254 5472 peccamus
3278 5419 3294 5470 ;
3324 5402 3426 5458 hoc
3466 5413 3550 5459 est
3573 5418 3679 5458 su-

2088 5497 2193 5544 tem
2210 5530 2225 5556 ,
2253 5489 2393 5559 quod
2428 5490 2586 5546 homo
2613 5492 2634 5523 ³
2662 5492 2882 5548 interior
2923 5503 3208 5550 renovatur
3244 5494 3313 5551 de
3335 5493 3424 5550 die
3448 5493 3502 5550 in
3529 5505 3680 5552 αιειυ

2153 5621 2168 5651 ¹
2197 5627 2324 5668 Unus
2347 5635 2376 5670 e
2402 5621 2637 5672 Vaticanis
2656 5628 2785 5679 Ilss..
2808 5624 3030 5677 inveniri.

2089 5683 2280 5795 Μυκη,
2317 5690 2387 5730 l-Lr.
2415 5692 2463 5730 ιιι
2492 5687 2760 5747 Mss.,qtt0d
2793 5685 2991 5740 interior
3017 5694 3289 5751 renovatur,
3323 5701 3497 5740 omissa
3529 5700 3671 5750 voce.

2153 5756 2240 5794 mo.
